4060 6610
375 481 492 537 885

377 601 704 683 tummodo
729 603 1067 683 exposcimus
1111 618 1344 683 precem.
1385 601 1472 683 _Et
1514 617 1646 683 puer
1671 622 1692 683 ε⁸
1738 603 1978 661 Dotnine.
2013 613 2054 666 Α

375 669 597 742 inquii,
631 669 812 742 utique
839 687 944 726 non
972 681 1053 726 est
1079 669 1128 726 ei
1158 673 1316 742 titius,
1346 679 1402 726 et
1423 669 1649 742 vir—ejus
1673 673 1784 742 jam
1815 689 1979 730 senex

375 737 495 809 est.
533 737 612 809 Et
643 737 900 809 propheta
929 759 942 794 :
977 742 1055 796 Ad
1080 742 1220 796 hunc
1243 741 1384 794 diem
1411 737 1616 796 videbis
1644 737 1694 796 te.
1723 752 1982 808 eonce,.to

369 807 526 882 lilio:
539 806 656 882 ΔΙΙΙεὶ
675 806 938 882 desiderio
959 811 1136 882 plena,
1154 812 1398 864 sensibus
1422 811 1716 866 verecunda
1740 806 1976 882 expavit,

369 878 596 952 gaudio
633 878 978 952 contremuit;
1017 879 1248 935 fructum
1279 895 1406 952 vero
1435 882 1688 952 suscepit.
1735 878 1982 952 Nascitur

369 949 431 1002 ei
458 946 649 1018 utilius,
691 950 842 1018 tarde
865 957 1159 1018 conceptus
1195 959 1279 1003 est
1303 951 1411 1004 cito
1438 946 1753 1003 moriturus.
1783 949 1978 1006 Estivi

367 1017 538 1088 enim
567 1017 702 1072 solis
729 1017 922 1088 ardore
963 1017 1217 1074 decoctus
1246 1034 1408 1088 super
1433 1032 1623 1088 genua
1664 1020 1850 1074 matris
1891 1036 1980 1074 su-

370 1086 614 1155 spirans
658 1086 842 1142 oculos
867 1087 920 1141 in
953 1096 1128 1143 morte
1165 1086 1444 1143 conclusit.
1489 1087 1559 1142 Et
1595 1087 1682 1142 illa
1715 1099 1980 1143 mortuum

371 1170 554 1226 suum
589 1156 730 1209 lecto
759 1157 991 1226 hominis
1021 1157 1117 1212 Dei
1146 1157 1412 1226 patienter
1436 1158 1708 1226 imposuit,
1743 1167 1800 1212 et
1827 1166 1983 1226 rogat

372 1225 655 1279 maritum
686 1225 836 1280 ut'ad
865 1225 1269 1282 hominem’Dei
1297 1228 1458 1282 citius
1486 1225 1784 1293 festinaret,
1817 1235 1872 1282 et
1898 1225 1982 1282 ce-

371 1294 467 1364 lat,
481 1294 894 1364 necessitatem,
927 1312 996 1351 ne
1025 1297 1094 1351 de
1119 1311 1221 1351 una
1267 1311 1364 1364 spe
1407 1295 1610 1350 faceret
1634 1296 1979 1364 desperatum

372 1363 679 1434 dolorem,
710 1363 862 1434 Novi,
894 1365 1084 1434 inquit,
1137 1363 1316 1434 patres
1344 1373 1572 1419 mortem
1604 1363 1836 1434 filiorum
1861 1379 1982 1434 gra-

372 1434 508 1486 vius
538 1432 858 1495 condolere,
889 1443 946 1490 et
969 1432 1240 1489 interdum
1265 1433 1438 1488 dolori
1469 1433 1664 1490 amaris
1693 1434 1846 1489 labiis
1871 1432 1983 1490 Do-

371 1501 1038 1573 minumblasphemare.
1088 1501 1291 1557 Melius"
1326 1503 1554 1567 tacebo,
1613 1512 1670 1557 et
1715 1504 1971 1565 maritum

371 1586 591 1642 meum,
610 1571 662 1624 iu
695 1571 976 1642 peccatum
999 1573 1225 1628 tristitiae
1253 1589 1359 1627 non
1384 1574 1709 1642 provocabo,
1735 1588 1804 1628 ne
1821 1574 1981 1626 aruit-

373 1647 527 1712 tens
542 1639 710 1712 ﬁliuni
730 1641 962 1712 perdere
983 1643 1234 1712 incipiam
1261 1652 1316 1696 et
1343 1639 1617 1712 maritum.
1641 1640 1774 1712 Cum
1813 1641 1980 1697 silen-

375 1709 786 1780 iiO'disposuit,
835 1709 1112 1780 superiora
1151 1712 1485 1776 conscendit,
1533 1711 1657 1766 vale
1705 1711 1814 1766 filio
1859 1727 1978 1766 cum

376 1776 652 1848 lacrymis
676 1778 818 1835 fecit.
850 1776 1014 1835 Filius
1042 1797 1192 1836 meus
1221 1781 1428 1842 tardus,
1455 1787 1510 1834 et
1537 1780 1834 1848 luctuosus,
1859 1790 1984 1836 aute

379 1857 440 1902 te
471 1847 644 1904 didici
671 1848 925 1918 plangere
953 1865 1112 1918 quam
1139 1850 1365 1906 nutrire.
1395 1850 1469 1904 Da
1499 1850 1728 1915 veniam,
1759 1847 1836 1906 sic
1863 1866 1986 1919 per-

381 1932 486 1986 go,
547 1926 609 1972 ut
649 1919 766 1987 cito
806 1919 874 1974 ad
921 1929 974 1974 te
1015 1920 1250 1974 veniam.
1283 1919 1506 1974 Dimitto
1538 1928 1590 1974 te
1618 1921 1811 1987 soluat,
1843 1920 2013 1974 itura'

377 1965 538 2053 gol'a,
565 1986 660 2042 sed
693 2004 798 2044 non
827 1988 942 2044 sola
970 1989 1036 2042 ad
1067 1997 1120 2043 te
1149 2004 1450 2054 reversura,
1469 2004 1567 2043 nec
1597 1997 1650 2043 te
1669 1965 1840 2044 solum
1864 1991 1980 2045 sine
2015 1965 2055 2022 Β

379 2054 634 2112 Domino
662 2067 959 2123 repertura.
992 2059 1113 2114 Cito
1143 2059 1299 2113 venio
1328 2075 1434 2113 non
1469 2058 1692 2113 tardabo
1715 2100 1729 2123 ,
1756 2060 1980 2114 misera-

381 2125 569 2188 bilem
599 2125 850 2198 invidiam
881 2126 1086 2184 factura
1113 2129 1311 2198 hospiti
1338 2143 1480 2198 meo.
1521 2127 1714 2198 thuid
1745 2129 1840 2184 tibi
1895 2129 1978 2184 lo-

380 2197 859 2268 cutusepulturae,
889 2198 1132 2254 nesciens
1159 2197 1286 2266 quid
1315 2197 1780 2268 placeatADomino
1801 2201 1978 2268 meo?

382 2263 671 2320 Modicum
718 2274 818 2338 est
845 2283 1042 2338 corpus
1080 2263 1250 2331 tuum,
1299 2263 1347 2338 si
1375 2283 1496 2338 non
1522 2265 1689 2338 fuerit
1735 2267 1974 2338 eil‘ectus,

381 2343 703 2408 momento“
727 2333 825 2390 tibi
872 2333 1159 2408 sepultura:
1205 2336 1479 2408 parabitur
1520 2337 1690 2408 locus.
1733 2335 1978 2402 Quantus

383 2402 556 2460 labor
590 2405 643 2458 in
679 2405 832 2475 fovea
863 2402 950 2459 ubi
981 2420 1143 2475 parva
1171 2402 1294 2462 sunt
1323 2407 1608 2461 membra?
1639 2405 1752 2475 Ego
1795 2416 1977 2462 tamen

389 2485 513 2546 non
547 2473 832 2546 prm_teribo
873 2473 1138 2543 hospitem
1155 2491 1367 2546 meum,
1401 2490 1469 2546 ne
1497 2475 1629 2530 mihi
1657 2473 1884 2546 imputet
1911 2475 1978 2532 de

397 2543 780 2597 taciturnitate
802 2552 1102 2600 peccatum.
1154 2543 1312 2598 Vadit
1339 2546 1422 2598 via
1453 2545 1693 2600 luctuosa
1723 2543 1842 2600 cum
1874 2547 1976 2599 mi-
2018 2594 2023 2599 .

390 2611 696 2681 sericordia
723 2611 974 2681 reditura.
1005 2612 1172 2667 Velox
1203 2622 1287 2666 est
1313 2629 1523 2680 cursus,
1551 2627 1713 2681 quem
1741 2615 1976 2670 concitat

391 2679 620 2734 luctus:
654 2680 810 2735 velox
857 2681 961 2735 erit
986 2682 1090 2746 via,
1141 2691 1198 2734 ut
1223 2683 1380 2736 velox
1409 2683 1476 2736 sit
1502 2679 1866 2736 etmedicina.
1911 2683 1978 2736 At

391 2750 492 2804 ubi
528 2751 774 2821 pervenit
796 2749 859 2821 ad
889 2759 1145 2813 montem,
1171 2752 1333 2819 coepit
1359 2751 1426 2806 de
1457 2751 1610 2818 longe
1626 2751 1976 2821 lacrymosam
2009 2761 2022 2772 ‘

390 2818 713 2874 monstrare
751 2818 976 2884 faciem,
1028 2828 1082 2872 et
1132 2818 1430 2874 maternum
1478 2820 1666 2874 testari
1711 2818 1976 2875 dolorem.

390 2887 652 3012 Nunquid
678 2903 779 2956 ego
803 2889 965 2958 petivi
1007 2889 1193 2954 lilium,
1241 2888 1512 2944 Domine?
1541 2889 1788 2958 Nunquid
1831 2905 1859 2942 a
1893 2907 1977 2946 me

391 2959 497 3012 tibi
552 2967 668 3012 acta
699 2967 780 3012 cst
811 2961 1113 3012 imnortuua
1141 2959 1454 3012 suggestio?
1483 2958 1597 3012 Tua‘
1619 2959 1716 3012 fuit
1748 2959 1977 3012 nromis-

391 2959 497 3014 tibi
530 2958 668 3012 facta
699 2967 780 3012 cst
811 2961 1113 3028 importuna
1141 2959 1454 3028 suggestio?
1483 2958 1597 3012 Tua‘
1619 2959 1716 3012 fuit
1747 2959 1977 3028 promis-

392 3029 509 3100 sio,
553 3035 640 3100 tua
673 3045 769 3098 per
801 3029 968 3082 Deum
998 3028 1274 3100 perfectio,
1309 3037 1396 3100 tua
1425 3029 1494 3082 sit
1523 3036 1578 3083 et
1609 3030 1835 3100 curatio.
1884 3028 1975 3083 Je-

392 3098 562 3168 iunus
606 3097 780 3152 fuerat
820 3097 1015 3152 uterus
1047 3113 1219 3163 meus,
1259 3097 1478 3168 jejunus
1527 3106 1644 3152 erat
1690 3107 1746 3153 et
1783 3099 1972 3154 luctus.

433 3173 508 3238 {cr
556 3167 797 3222 te'diditi
841 3169 1116 3238 plangere,
1167 3167 1271 3237 per
1305 3167 1360 3223 te
1405 3182 1613 3238 merear
1641 3177 1695 3224 et
1721 3169 1976 3236 gaudere.

391 3236 501 3292 llic
529 3238 791 3306 propheta
839 3236 1176 3308 praecedente
1219 3246 1390 3308 matre
1421 3237 1660 3308 festinat,
1689 3253 1976 3308 secumque

389 3308 655 3386 {niratur‘
694 3307 988 3386 et_tracia_t.
1037 3307 1214 3386 Quare
1224 3307 1519 3386 abscondit
1547 3323 1577 3360 a
1605 3322 1690 3386 me
1722 3307 1977 3386 Domitius
2007 3327 2048 3386 (ς

390 3377 543 3432 Deus
566 3377 588 3428 ?
615 3375 806 3432 Omnia
833 3377 962 3430 mihi
992 3378 1194 3431 revelat
1223 3375 1451 3446 Spiritus
1479 3385 1694 3446 sanctus
1716 3377 1782 3430 de
1804 3378 1970 3432 coelo:

389 3455 452 3501 ct
489 3447 661 3517 tacuit
698 3460 728 3498 a
769 3461 854 3500 me
883 3449 949 3500 de
983 3462 1146 3516 parvo
1187 3444 1398 3517 hospite
1427 3445 1594 3501 meo?
1629 3444 1860 3517 Puerum
1890 3448 1969 3500 di-

390 3516 978 3597 l'igit‘prtecuLsorem,
1005 3518 1119 3597 ἐιυς
1167 3516 1436 3597 mortuum
1485 3516 1678 3596 baculo
1709 3525 1971 3596 tangeret,

389 3584 718 3642 ct'vixissel.
751 3584 818 3638 Et
841 3585 928 3638 illa
957 3602 969 3638 :
1005 3585 1144 3639 Vivit
1167 3584 1420 3640 Dominus
1441 3596 1494 3640 et
1518 3586 1644 3640 vivit
1664 3585 1837 3638 anima
1863 3597 1970 3649 tua,

387 3656 438 3712 si
469 3654 817 3722 dereliquero
849 3665 918 3708 te.
973 3654 1054 3724 Tu
1082 3654 1262 3724 redde
1299 3655 1440 3724 quod
1482 3655 1714 3724 dedisti:
1761 3657 1884 3723 quia
1920 3667 1976 3710 ut

385 3720 678 3786 haberem,
703 3739 806 3794 non
839 3739 934 3794 per
959 3720 1276 3794 discipulum
1307 3720 1619 3794 promisisti.
1644 3723 1700 3777 lu
1734 3720 1974 3780 testimo-

387 3797 544 3850 nium
577 3795 751 3848 habeo
774 3793 969 3848 lectum
993 3801 1162 3852 tuum.
1191 3793 1278 3847 ubi
1310 3793 1460 3862 posui
1483 3801 1749 3846 mortuum
1776 3809 1970 3860 lucum,

385 3865 431 3938 si
449 3863 842 3938 contempseris
863 3862 1104 3917 dolorem
1123 3878 1317 3938 meum.
1337 3862 1468 3917 Veni
1491 3877 1722 3938 mecum,
1743 3872 1834 3916 aut
1853 3880 1941 3938 sus
1955 3896 1973 3906 -

383 3935 497 3990 cita
530 3931 822 4000 mortuum,
867 3941 960 3986 aut
997 3931 1315 3986 commenda
1359 3942 1505 3987 certe
1547 3933 1872 3988 defunctum.
1907 3933 1974 3986 At

385 4006 483 4060 ubi
519 4003 777 4072 propheta
807 4003 874 4072 de
902 4003 1266 4072 superioribus
1295 4002 1360 4056 ad
1382 4001 1658 4072 superiora
1698 4003 1974 4057 descendit

389 4073 462 4129 de
491 4070 676 4142 monte
719 4072 784 4124 ad
825 4070 1064 4135 domum,
1109 4071 1174 4125 de
1203 4087 1384 4142 eremo
1413 4070 1478 4125 ad
1504 4071 1793 4135 silentium,
1828 4072 2000 4142 inger

385 4145 530 4198 muit
555 4143 620 4196 ad
649 4141 955 4206 Dominum,
983 4143 1072 4209 qui
1101 4150 1180 4196 est
1198 4139 1370 4196 Judex
1389 4141 1628 4194 vivorqu
1653 4151 1707 4194 et
1727 4139 1972 4197 mortuo-

383 4229 534 4268 rum.
568 4213 810 4274 Domine,
846 4211 1036 4280 inquit,
1063 4211 1281 4266 intende
1310 4213 1360 4264 in
1391 4226 1495 4274 me,
1523 4218 1576 4264 et
1607 4211 1656 4264 in
1687 4211 1842 4266 istatu
1873 4211 1972 4266 ho-

386 4302 429 4349 s,
457 4284 586 4336 item
617 4296 790 4335 meam
817 4298 828 4333 ε
863 4296 968 4335 non
993 4295 1213 4335 accuser
1238 4280 1680 4349 inmisericordia
1709 4291 1798 4334 tua
1829 4289 1884 4335 ut
1915 4288 1970 4336 tu

381 4347 622 4407 lauderis
652 4352 702 4404 in
743 4351 1006 4405 medicina
1052 4359 1162 4404 tua.
1213 4350 1468 4420 Ascendit
1500 4351 1551 4403 iu
1583 4347 1776 4405 lectum
1803 4365 1971 4420 augu-

382 4431 529 4479 stata
558 4422 815 4490 qualitate
843 4422 1229 4476 membrorum.
1271 4418 1560 4474 lusuﬂlavit
1584 4420 1788 4490 septies
1809 4421 1862 4474 in
1882 4418 1994 4490 'jav

382 4489 624 4558 centeni,
655 4499 710 4544 et
737 4490 968 4544 reddidit
997 4490 1153 4543 matri
1187 4491 1450 4544 viventem
1485 4491 1522 4544 '.
1569 4489 1752 4556 Qualis
1789 4489 1992 4558 index

385 4579 480 4616 mo
506 4556 684 4614 lzetitia
701 4563 724 4614 ?
743 4575 904 4628 quam
929 4561 1144 4614 humilis
1165 4569 1220 4614 et
1242 4561 1384 4615 mitis
1406 4559 1647 4615 decuerit
1670 4556 1968 4615 medicina?

389 4631 495 4698 Qui
531 4630 640 4684 vult
681 4645 871 4684 sanare
897 4629 1256 4698 laborantem,
1297 4638 1534 4684 assumat
1587 4631 1985 4684 humilitatem.-

386 4697 466 4770 De
491 4699 723 4770 superbo
746 4699 921 4770 nullus
941 4707 1023 4753 est
1044 4697 1263 4763 fructus,
1289 4701 1410 4766 quia
1440 4700 1702 4770 superbos
1722 4701 1965 4754 humiliat

385 4767 571 4825 Densi
601 4767 921 4823 llumiliatus
967 4778 1050 4822 est
1099 4769 1388 4837 propheta,
1415 4778 1470 4824 et
1510 4767 1702 4823 infanti
1733 4771 1962 4826 reddidit

384 4841 572 4894 vitam.
602 4839 676 4892 Ita
707 4847 761 4892 et
781 4838 1027 4892 Salvator
1056 4845 1240 4892 noster
1266 4838 1422 4892 Jesus
1447 4838 1708 4904 Christus,
1741 4841 1958 4895 verbum

384 4910 688 4964 breviatum
732 4908 933 4962 faciens
966 4923 1129 4978 super
1157 4915 1352 4962 terram
1385 4907 1688 4963 humiliatus
1717 4919 1828 4976 est,
1880 4910 1959 4963 fa-

385 4988 508 5034 ctus
530 4978 726 5033 vermis
755 4987 810 5033 et
833 4993 938 5032 non
962 4977 1140 5042 homo,
1171 4977 1516 5047 opprobrium
1541 4978 1840 5045 hominum,
1870 4982 1960 5048 qui

383 5057 469 5104 est
528 5049 782 5102 Dominus
831 5047 1186 5116 angelorum;
1246 5049 1557 5110 resurrexit,
1609 5063 1768 5102 ascen
1791 5050 1848 5102 lit
1888 5047 1958 5104 fin

383 5118 572 5182 caelos,
621 5128 676 5172 et
725 5119 898 5172 cumis
944 5118 1156 5185 gavisus
1199 5125 1284 5171 est
1325 5119 1595 5172 exercitus
1621 5119 1954 5188 angelorum.

385 5191 576 5243 Amen.

973 5277 1202 5332 SERMO
1241 5277 1355 5331 XX.

873 5369 950 5423 De
995 5368 1116 5422 Elia
1158 5377 1203 5422 et
1246 5367 1458 5422 Eliswo.

452 5464 606 5518 Patet
650 5461 894 5517 Iordanis
939 5459 1422 5529 priesumenlibus,
1471 5459 1594 5528 quia
1645 5467 1786 5529 patet
1839 5458 1956 5512 fons

381 5537 501 5588 vita:
547 5533 904 5588 credentibus.
953 5531 1156 5584 Bonum
1179 5537 1264 5585 est
1289 5539 1344 5583 et
1370 5529 1685 5584 delectabile
1709 5529 1956 5585 Jordanis

381 5607 588 5658 alveum
619 5603 801 5656 videre
831 5600 1054 5655 divisum
1076 5601 1379 5655 recessione
1401 5599 1680 5664 undarum,
1707 5609 1762 5654 et
1780 5600 1953 5653 socie-

383 5681 493 5729 tate
520 5687 826 5733 cervorum,
865 5670 1080 5739 quando
1109 5683 1296 5738 greges
1327 5677 1604 5739 transeunt
1632 5670 1947 5732 sitientium,

379 5745 519 5810 quod
549 5738 928 5810 desiderabant
967 5739 1110 5794 velut
1137 5753 1333 5810 cervus
1355 5738 1638 5810 adﬂfontes
1665 5754 1944 5807 aquarum.

350 5808 662 5866 ~Familiare
691 5819 772 5864 est
797 5808 1083 5863 Jordanem
1116 5809 1259 5878 virga
1307 5809 1489 5876 dividi,
1541 5817 1612 5864 et-
1639 5810 1838 5870 melote
1863 5824 1947 5865 se-

449 5943 467 5965 ⁰
494 5941 716 6012 Reliqua
742 5939 983 5996 addimus
1009 5953 1082 6027 ea
1102 5951 1204 5993 ms.
1229 5965 1234 5971 ι

1855 488 1978 546 SEI’.
1988 489 2080 542 ΜΟ
2109 485 2222 543 XX.

1996 4687 2044 4745 Ι)
2068 4687 2361 4754 ΟυτνυείΙθ
2391 4687 2660 4767 ἰιιοθηόίό,
2692 4716 2797 4756 non

2749 425 2778 431 ’⁵⁸
2785 427 2828 434 Ὦ
2837 428 2976 440 ~---—

3557 480 3660 538 836

2089 603 2285 672 parari.
2343 602 2530 672 Divisit
2557 617 2687 672 eum
2723 601 2882 656 Jesus
2918 595 3272 672 Naversue
3299 593 3506 672 iuguli?)
3537 611 3656 672 cum

2087 665 2393 726 testamenti
2449 686 2571 725 arca
2619 669 2884 739 fulgeret;
2926 665 3112 740 divisit
3149 683 3272 740 cum
3332 665 3495 740 tilias
3531 665 3656 722 dum

2083 741 2238 811 pellis
2268 740 2488 809 caprina
2517 737 2762 811 terreret.
2811 740 3000 811 Divisit
3037 737 3160 792 eum
3187 737 3342 811 lesus
3385 738 3656 811 l\‘_a_vc_au-

2083 805 2202 878 gelo
2231 805 2408 864 stante
2435 825 2556 864 cum
2601 809 2776 879 gladio
2801 826 2814 865 :
2841 809 3020 864 divisit
3063 823 3187 879 eum
3212 805 3352 862 Elias
3383 806 3490 879 (IV
3525 807 3654 878 Reg.

2081 877 2147 941 tt,
2211 880 2302 944 8),
2339 877 2658 934 occurrente.
2715 881 2814 934 sibi
2863 895 3021 934 curru
3074 877 3232 946 igneo
3291 877 3412 932 cum
3457 877 3652 946 magno

2084 949 2372 1018 triumpho.
2422 949 2689 1003 Trausivit
2730 965 2825 1018 per
2865 963 3077 1014 aquam,
3129 949 3372 1018 pervenit
3408 945 3478 1018 ad
3507 945 3658 1000 llam-

2082 1032 2246 1072 mam.
2277 1017 2382 1072 Sed
2409 1033 2508 1072 nec
2532 1034 2669 1086 aqua
2699 1017 2992 1082 inundavit,
3029 1033 3126 1072 nec
3156 1017 3291 1086 ignis
3317 1017 3546 1080 inussit;
3573 1031 3658 1086 re-

2083 1088 2245 1142 cessit
2274 1087 2434 1148 unda,
2465 1085 2697 1155 portavit
2723 1087 2952 1142 flamma.
3002 1087 3076 1142 Ibi
3106 1085 3401 1156 baptisutus
3427 1099 3544 1156 cum
3581 1085 3657 1137 vi-

2083 1157 2250 1211 ctoria
2276 1175 2288 1208 :
2319 1157 2405 1211 hic
2427 1154 2724 1225 triumphus
2751 1158 2934 1225 igneus
2963 1171 3084 1211 cum
3112 1154 3334 1225 corona.
3363 1154 3428 1209 Ut
3453 1154 3656 1210 diceret

2084 1225 2225 1280 inter
2255 1234 2450 1280 ventos
2479 1235 2534 1280 et
2558 1223 2756 1280 aethera
2776 1223 3084 1282 Vdecantans
3117 1242 3130 1278 :
3185 1223 3538 1292 Trausivimus
3565 1239 3657 1292 per

2081 1295 2252 1364 ignem
2275 1305 2324 1348 et
2351 1311 2556 1364 aquam,
2587 1305 2636 1348 et
2663 1297 2917 1350 induxisti
2941 1313 3034 1350 uos
3063 1296 3117 1349 in
3138 1293 3458 1363 refrigerium
3483 1291 3654 1364 (Paul.

2083 1313 2252 1364 ignem
2275 1313 2324 1348 et
2351 1313 2382 1348 a
2419 1313 2556 1360 uam,
2587 1313 2636 1348 et
2663 1313 2916 1350 mauxisu
2941 1313 3034 1350 uos
3063 1313 3117 1349 m
3138 1313 3458 1363 νεινιςιεηιιιη
3483 1313 3654 1362 trum.

2083 1380 2207 1425 LXV.
2237 1364 2342 1434 12).
2385 1313 2520 1430 auia
2553 1374 2674 1434 post
2701 1377 2894 1434 aquam
2919 1374 2973 1434 et.
3003 1366 3178 1434 ignem
3209 1371 3450 1434 portatus
3480 1369 3562 1434 est
3591 1362 3657 1434 ad

2082 1431 2410 1503 paradisum.
2461 1431 2623 1489 Stetit
2645 1434 2724 1503 ad
2752 1431 2923 1489 'oram
2947 1431 3196 1488 Iordanis
3212 1431 3658 1503 cumidiscipulo

2083 1500 2320 1558 caritatis
2357 1503 2500 1558 Elias
2531 1511 2586 1558 et
2643 1502 2892 1566 Elisrcus,
2935 1504 3190 1571 magister
3224 1509 3280 1555 et
3333 1500 3654 1571 discipulus,

2081 1571 2339 1628 Dominus
2361 1573 2603 1626 Christus
2631 1582 2684 1627 et
2713 1573 2941 1642 populus
2977 1569 3658 1642 adquisitus.iQuiatrans-

2081 1652 2243 1696 eunte
2272 1643 2484 1697 Christo
2514 1657 2611 1712 per
2632 1640 2878 1712 Jorda’nis
2907 1640 3134 1712 alveum,
3175 1641 3338 1709 coepit
3363 1640 3538 1712 omnis
3567 1655 3656 1708 po-
3689 1673 3692 1676 ~

2083 1712 2238 1781 pulus
2257 1709 2676 1781 competentiqu
2703 1711 2930 1767 transire
2950 1711 3140 1766 ﬂuctus
3161 1725 3437 1781 aquarum.
3462 1709 3658 1763 Ascen-

2082 1779 2162 1835 dit
2192 1779 2444 1836 Dominus
2463 1781 2531 1836 de
2555 1779 2808 1847 .lordanc,
2841 1789 2894 1836 et
2917 1796 3162 1848 egressus
3189 1786 3272 1833 est
3299 1779 3506 1848 igneam
3537 1787 3654 1832 ten-

2084 1851 2365 1917 tatiouem,
2397 1849 2703 1906 ﬂammeum
2731 1851 2783 1906 in
2809 1847 3027 1906 deserto
3055 1857 3349 1912 certamen,
3384 1855 3441 1901 ut
3469 1847 3534 1902 de
3554 1863 3650 1901 sua

2083 1921 2332 1975 vincente
2361 1921 2581 1975 victoria
2612 1927 2782 1974 totum
2823 1920 3073 1975 mundum
3123 1926 3418 1973 ammuaret
3459 1919 3652 1971 arden-

2085 1997 2214 2051 tem,
2245 1996 2300 2044 et
2329 1989 2670 2058 refrigeraret
2708 1991 2992 2058 triumphis
3029 1989 3382 2044 tentationum
3414 1986 3648 2041 viridan-

2081 2059 2225 2129 tibus
2250 2067 2585 2114 mstuantem.
2613 2057 2858 2114 Occurrit
2872 2057 2952 2129 illi
2982 2058 3238 2129 quadriga
3263 2058 3440 2129 ignea,
3471 2065 3526 2111 ct
3555 2073 3648 2129 uu-

2081 2127 2272 2192 bifera,
2299 2129 2423 2182 dum
2451 2143 2639 2183 currus
2666 2129 2758 2183 Dei
2779 2125 3108 2183 descendunt
3128 2128 3416 2181 lmtantium
3437 2125 3654 2193 angelo—

2082 2213 2218 2262 rum,
2244 2207 2298 2251 et
2319 2198 2618 2252 ministrant
2637 2199 2884 2253 vincente
2905 2197 3130 2252 Domino
3151 2211 3262 2266 pOsI
3293 2195 3649 2266 triumphum:

2081 2267 2223 2321 sicut
2251 2266 2530 2324 Mattlucus
2557 2267 2883 2334 evangelista
2903 2263 3236 2322 contestatur
3261 2263 3414 2388 sttui).
3442 2263 3512 2329 tv,
3537 2265 3647 2333 Η).

2081 2334 2394 2388 Sequuntur
2418 2337 2700 2388 Dominum
2729 2344 3115 2388 competentes.
3147 2350 3243 2388 uer
3296 2336 3508 2388 ordanis
3537 2349 3647 2388 me-

2081 2334 2394 2406 Sequuntur
2418 2337 2700 2392 Dominum
2729 2344 3115 2406 competentes,
3147 2350 3243 2406 per
3261 2334 3508 2389 laritanis
3537 2349 3651 2389 me-

2077 2404 2610 2474 diuintrauseuntes.
2651 2406 2719 2460 Et
2747 2404 2942 2461 dicitur
2979 2405 3058 2460 eis
3104 2404 3164 2459 in
3201 2405 3314 2474 ripa
3339 2414 3653 2474 occurrente

2079 2469 2312 2543 ﬂamina,
2343 2475 2396 2528 id
2426 2485 2510 2530 est
2536 2476 2688 2547 ignea
2717 2489 2920 2547 pugna,
2964 2485 3022 2529 ut
3051 2469 3299 2547 ﬂorescat
3324 2474 3391 2547 de
3419 2469 3648 2547 flammis

2079 2559 2290 2613 amoena
2316 2560 2538 2599 corona.
2562 2544 2694 2613 Fili,
2718 2543 2932 2613 'inquit,
2981 2544 3229 2598 accedens
3269 2543 3337 2596 ad
3363 2544 3650 2598 servitutem

2075 2611 2196 2686 Dei,
2219 2623 2303 2666 sta
2326 2616 2380 2686 in
2395 2615 2608 2686 justitig
2629 2611 2902 2686 etitimo—re,
2927 2624 2976 2686 et
2996 2630 3234 2686 primum
3258 2613 3652 2686 animam__tiiam

2079 2682 2148 2754 ad
2177 2679 2508 2754 tentetiouem
2537 2682 2806 2754 (EcciliJI,
2834 2679 2905 2754 1).
2946 2679 3050 2754 Sed
3081 2679 3362 2754 redeamus
3394 2683 3459 2737 ad
3484 2679 3652 2736 Ellam

2081 2751 2620 2819 triumphatorem,'et
2662 2751 2902 2806 Elismum
2923 2753 3254 2807 carissimum
3295 2760 3648 2808 sectatorem:

2079 2819 2225 2873 illum
2251 2827 2582 2883 testatorem,
2617 2822 2773 2876 istum
2805 2821 3089 2876 lueredem.
3124 2820 3522 2875 Testamentum
3555 2823 3650 2877 iste

2081 2889 2338 2956 postulat,
2363 2889 2449 2944 ille
2475 2890 2660 2954 dictat,
2693 2891 2932 2945 calamus
2960 2889 3056 2944 fuit
3085 2891 3284 2958 lingua,
3316 2906 3422 2944 non
3443 2903 3614 2945 canna
3637 2910 3648 2944 :

2079 2960 2536 3024 atramentarium,
2591 2976 2697 3014 non
2749 2959 2972 3027 nigredo
3013 2959 3164 3024 fumi,
3211 2959 3304 3014 sed
3333 2959 3532 3014 candor
3559 2960 3649 3014 ba-

2080 3028 2280 3094 ptismi.
2339 3027 2476 3094 Quid
2521 3029 2652 3084 dicit
2706 3030 2961 3096 magister
3007 3037 3233 3084 testator
3278 3029 3650 3086 voluntarius?

2079 3096 2215 3168 Pete
2241 3114 2271 3151 a
2301 3115 2386 3152 me
2413 3097 2611 3168 aliquid
2643 3101 2949 3168 priusquam
2977 3099 3231 3152 absumar
3259 3113 3288 3152 a
3322 3097 3493 3168 teriEt
3523 3099 3610 3152 ille
3635 3117 3647 3152 :

2079 3167 2310 3238 Spiritus
2332 3169 2423 3236 qui
2465 3167 2518 3222 in
2543 3177 2595 3222 te
2625 3167 2728 3229 est,
2761 3169 3024 3238 duplieior
3052 3168 3141 3221 tiat
3173 3168 3224 3221 in
3255 3183 3360 3222 me.
3397 3167 3465 3221 Et
3493 3171 3646 3236 magi-

2079 3245 2192 3308 ster
2218 3255 2230 3289 :
2261 3237 2458 3292 Durum
2483 3246 2567 3292 est
2586 3237 2957 3308 quodipetisti,
2983 3238 3099 3308 sed,
3127 3238 3266 3308 inter
3299 3252 3482 3308 aquas
3509 3239 3650 3308 quod

2082 3306 2280 3378 petitur
2308 3323 2414 3362 non
2445 3306 2672 3376 negatur
2698 3307 2805 3378 (IV
2839 3307 2968 3378 Reg.
2999 3324 3054 3372 ιι,
3087 3307 3165 3378 9).
3213 3307 3350 3374 Quid
3371 3321 3477 3360 non
3507 3306 3649 3363 acci-

2081 3376 2248 3457 piunt,
2265 3391 2403 3462 leum
2427 3376 2714 3462 transeunt
2730 3376 3026 3462 pernfo'utes
3048 3376 3343 3462 aquarum,
3353 3387 3408 3462 ut
3431 3391 3649 3447 regnum

2078 3447 2284 3518 possint
2320 3447 2518 3518 intrare
2553 3446 2858 3518 cmlorum?
2896 3446 3033 3514 Ergo
3078 3446 3219 3518 Eiias
3256 3447 3380 3518 quid
3423 3446 3648 3518 respon-

2075 3515 2156 3586 dit
2179 3531 2342 3571 avaro
2371 3517 2652 3586 discipulo,
2682 3517 2798 3572 sine
2825 3518 2966 3570 avari
2977 3518 3060 3571 tia:
3083 3515 3254 3570 vitio?
3278 3517 3488 3586 Avarus
3510 3515 3648 3573 enim

2077 3585 2131 3638 in
2163 3589 2332 3653 regno
2373 3587 2466 3642 Dei
2496 3585 2604 3641 non
2653 3587 3083 3653 reprehenditur,
3133 3587 3228 3652 sed
3277 3585 3538 3640 laudatur.
3593 3589 3648 3642 Si

2079 3603 2131 3638 In
2163 3603 2332 3653 regno
2373 3603 2466 3642 uel
2496 3603 2604 3641 non
2653 3603 2712 3641 re
2751 3603 3083 3652 renenuttur,
3133 3603 3228 3652 seu
3279 3603 3538 3640 tauoatur.
3593 3603 3648 3642 δι

2079 3670 2182 3719 me,
2217 3655 2406 3724 inquit,
2440 3657 2635 3711 videris
2680 3603 2884 3712 agsumi
2915 3674 2944 3711 a
2977 3666 3048 3720 te,
3093 3655 3322 3726 licttibi.
3364 3654 3466 3726 ille
3494 3657 3648 3726 polli~

2076 3732 2248 3796 cetur,
2295 3723 2396 3796 iste
2422 3733 2680 3780 sectatur.
2731 3726 2982 3793 Magister
3009 3728 3202 3780 undam
3247 3723 3646 3796 Iordanis—per-

2075 3794 2210 3865 cutit
2253 3794 2748 3865 pelle._di_scipulus
2799 3799 2995 3849 vivam.
3022 3795 3262 3865 magistri
3310 3810 3416 3848 nou
3446 3794 3645 3852 deserit

2073 3863 2374 3935 caritatem.
2423 3863 2793 3935 Indumentum
2842 3866 3118 3935 propheta:
3147 3864 3255 3935 Aqui
3303 3873 3549 3932 portatur
3592 3869 3644 3920 in

2075 3929 2194 4004 igne
2216 3947 2322 3985 non
2353 3934 2529 4004 serico
2556 3949 2676 3988 cum
2732 3929 2894 3996 tinea,
2923 3929 3032 3988 .sed
3075 3929 3228 4004 pellis
3265 3929 3474 3987 mortua
3523 3951 3642 3990 cum

2073 4003 2182 4054 vita
2209 4017 2367 4055 nova.
2400 4001 2600 4058 Pellem
2628 4005 2769 4074 enim
2799 4001 3088 4074 perflabat,'
3112 4004 3234 4074 quia
3266 4004 3503 4074 membra
3546 4021 3640 4060 sua

2071 4085 2234 4144 super
2258 4080 2452 4126 terram
2481 4071 2856 4144 mortiﬁcabat.
2887 4073 3044 4128 Pellis
3072 4071 3216 4142 capri
3239 4073 3453 4144 mortui,
3484 4090 3642 4144 quem

2070 4139 2313 4212 Christus
2333 4142 2729 4212 portabat,.qui
2777 4144 2922 4212 venit
2961 4145 3016 4197 in
3055 4139 3440 4198 similitudinem
3470 4139 3642 4199 cumis

2069 4213 2269 4282 peccati
2296 4209 2471 4282 (Rom.
2502 4209 2724 4281 vm,3).
2778 4210 3162 4282 Pertranseunt
3210 4213 3407 4282 petitor
3432 4221 3484 4266 et
3515 4230 3641 4282 pro-

2072 4279 2288 4353 missor,
2306 4279 2530 4353 oblator
2557 4292 2611 4336 et
2647 4279 3015 4353 prtesumptor.
3061 4279 3269 4353 Refusa_
3285 4290 3369 4353 est
3398 4279 3555 4346 unda,
3587 4293 3640 4338 et

2070 4351 2318 4422 apparuit
2345 4350 2500 4406 obvia
2529 4350 2784 4422 quadriga
2816 4350 2935 4406 cum
2965 4351 3198 4406 flamma.
3229 4350 3497 4422 Turbatur
3525 4367 3638 4420 aer,

2069 4420 2215 4492 venti
2255 4420 2566 4492 moventur,
2607 4421 2854 4492 procella:
2891 4423 3202 4492 quiescunt,
3243 4421 3514 4479 daemones
3552 4421 3635 4478 fu-

2069 4489 2239 4564 giunt,
2272 4489 2623 4564 tenebrarum
2645 4489 2925 4564 principes
2956 4493 3352 4564 disperguntur.
3394 4492 3636 4564 Suspen-

2068 4559 2211 4613 ditur
2254 4561 2561 4630 discipulus,
2611 4559 2664 4618 et
2712 4559 2918 4617 levatur
2966 4559 3238 4630 magister.
3293 4560 3338 4615 0
3379 4559 3636 4618 mirabilis

2067 4631 2297 4695 evectio,
2334 4629 2422 4684 ubi
2451 4648 2554 4686 non
2577 4633 2699 4702 equi
2721 4632 2832 4702 Cap
2872 4629 3086 4697 adoces’,
3111 4633 3202 4687 sed
3225 4633 3348 4700 equi
3365 4634 3633 4689 ardentes.
3659 4645 3674 4662 '

2068 4697 2266 4754 Currus
2297 4700 2361 4754 de
2391 4701 2660 4756 incendio.
2692 4716 2797 4756 non
2819 4649 2885 4756 (re
2911 4703 3072 4756 liuuo.
3103 4699 3368 4756 Ouadriaa
3391 4701 3442 4756 iu
3475 4704 3513 4756 ti
3539 4720 3633 4756 va-

2855 4717 2885 4756 e
2911 4703 3072 4772 ligno.
3103 4699 3368 4772 Quadi-iga
3383 4701 3442 4770 ju
3475 4704 3513 4756 ti
3539 4720 3633 4758 va-

2067 4767 2198 4840 loris
2223 4787 2327 4840 nou
2358 4771 2462 4824 erit
2489 4772 2683 4826 vestita
2711 4767 3177 4840 argentea'massa,
3209 4767 3484 4827 sed'au'rea
3515 4789 3633 4828 cor-

2069 4839 2179 4912 ti_n_a
2196 4840 2271 4912 de
2301 4839 2536 4912 flamma,
2571 4841 2754 4912 Rogo,
2780 4839 2972 4912 quales
2999 4843 3120 4911 equi
3155 4849 3308 4912 erant
3329 4841 3354 4893 ?
3381 4843 3632 4898 animalia

2069 4907 2407 4984 videbantur,
2447 4910 2541 4966 sed
2566 4907 2705 4984 ignis
2737 4907 2844 4984 non
2870 4907 3210 4984 palpabatur.
3249 4911 3347 4984 Ille
3394 4927 3636 4984 ammgtus

2067 4980 2314 5049 castitate
2341 4987 2456 5034 erat
2491 4979 2848 5049 qui’sedebat.
2870 4979 3034 5037 ’Ro'tm
3064 4983 3152 5038 ubi
3180 4982 3505 5037 currebant?
3533 4981 3632 5039 Ubi

2069 5047 2259 5116 ungula
2300 5047 2642 5121 quatiebatur
2667 5065 2964 5121 equorum.
3002 5051 3186 5120 Qualis
3213 5053 3476 5121 campus?
3529 5053 3634 5108 Aer

2068 5132 2121 5192 et
2160 5127 2387 5172 ventus:
2422 5118 2510 5174 ubi
2535 5118 2798 5192 volubiles
2826 5129 2956 5176 rotzc
2985 5118 3212 5192 spiritali
3252 5118 3432 5176 rotatu
3464 5121 3632 5192 fulge-

2061 5186 2187 5240 bant
2233 5197 2396 5257 atque
2447 5191 2750 5261 sonabant.-
2783 5193 2891 5246 Acr
2935 5186 3162 5261 iili'crat
3195 5206 3435 5258 campus,
3489 5186 3627 5261 iguis

2061 5270 2328 5330 ascensus,
2357 5259 2526 5330 patria
2551 5260 2846 5330 paradisus.
2863 5259 2966 5315 Sed
2992 5270 3248 5330 quantum
3270 5259 3632 5318 delectatum-

2061 5327 2300 5399 gistrum»
2336 5327 2612 5399 suscipere
2660 5327 3081 5394 ascendentem,
3140 5338 3348 5384 tantum
3394 5331 3628 5386 delectat

2059 5396 2374 5468 discipulum
2404 5396 2626 5453 eernere
2655 5399 2813 5454 flebili
2844 5409 2966 5468 post
3004 5399 3313 5468 magistrum
3343 5409 3627 5468 exspecta-

2061 5467 2208 5540 tione
2228 5467 3186 5540 pen_deutem_.‘Cl_amavit,convenit,
3222 5467 3398 5536 Pater,
3439 5467 3626 5540 Pater,

2061 5537 2283 5610 ogitator
2313 5536 2563 5610 Israel}!
2581 5537 2618 5590 V
2643 5538 2769 5609 Reg.
2805 5555 2860 5604 lt,
2893 5538 3001 5606 i2).
3055 5537 3121 5610 Ε]
3148 5539 3236 5594 ille
3259 5540 3484 5607 jactavit
3510 5536 3626 5610 pel-1

2055 5605 2183 5679 lem,
2235 5617 2290 5660 ut
2321 5605 3031 5679 consolaretur;'amantein.
3077 5605 3325 5678 Suscepit
3375 5605 3626 5679 magnum

2055 5677 2390 5748 ihesaurunr
2413 5675 2757 5740 lucreditatis,
2805 5679 2999 5748 pellem
3028 5675 3304 5734 fortissimi
3331 5675 3623 5737 testatoris.

2053 5745 2108 5817 _In
2152 5747 2239 5817 illa
2292 5745 2427 5814 pelle
2455 5748 2675 5801 sortitus
2704 5756 2786 5802 est
2808 5745 3149 5817 potestatem
3180 5758 3239 5804 ut
3280 5749 3542 5805 divideret
3570 5759 3626 5806 et

2050 5815 2164 5886 ipse
2191 5815 2498 5872 Jordancm.
2519 5859 2524 5862 .
2549 5825 2756 5872 secaret
2804 5815 3128 5886 torrentem,
3169 5819 3441 5891 leprosum
3469 5835 3622 5877 mun-
