4060 6480
1037 379 1241 407 *π’-*ν

304 441 400 500 980

1724 442 1953 500 SERMO
1993 443 2176 500 XXIV.-

3455 439 3558 492 $9)

308 557 572 617 constituit
615 569 737 615 cum
782 555 997 624 virtute,
1047 561 1156 614 vult
1184 558 1632 627 discipulussuos
1665 572 1878 624 semper
1903 562 1955 616 Α
1981 555 2058 609 dit
2085 554 2240 627 Jesus
2270 554 2498 627 lapidem
2527 555 2618 622 qui
2645 554 2876 627 sepulcri
2908 552 3048 627 illius
3076 560 3225 621 septa
3255 550 3560 627 ciaudebat,

306 647 422 686 esse
445 631 758 695 concordes,
787 631 909 699 quia
938 631 1079 685 Dens
1096 639 1178 683 est
1205 626 1420 699 caritas.
1453 626 1589 681 Ecce
1619 643 1733 699 non
1752 641 1876 699 pro-

306 703 462 755 mittit
500 699 746 754 duobus:
780 695 836 755 e—t
881 700 1178 755 contristati
1228 707 1351 752 sunt
1392 698 1578 751 decen.
1606 695 1874 763 discipuli.

304 771 434 836 Quid
469 768 640 833 fieret,
672 778 728 825 et
759 769 804 824 si
830 785 888 824 se
917 769 1104 825 decem
1132 769 1460 839 postpositus
1480 766 1878 839 condolerent?

302 835 336 893 5
369 839 400 892 d
432 849 488 892 ut
515 840 732 908 sapiens
755 848 811 894 et
841 835 1167 902 moderator,
1222 835 1278 892 et
1307 854 1336 890 a
1368 837 1580 908 duobus
1624 835 1878 908 tollitsu-

302 910 559 978 rei-hiatu,
578 905 646 962 'et
670 925 702 962 a
737 908 924 965 decem
956 910 1219 964 subtraxit
1249 907 1610 978 invidiam,ut
1639 905 1880 978 omnium

301 973 506 1032 animas
536 977 832 1033 custodiret
853 980 1064 1034 illicsas.
1107 979 1240 1045 Quia
1265 973 1490 1031 thronos
1514 973 1746 1045 donandi
1773 988 1879 1026 non

303 1047 352 1118 in
382 1052 614 1102 humana
644 1049 834 1113 forma,
867 1050 920 1103 in
949 1065 1054 1118 qua
1078 1043 1240 1118 Pater
1265 1047 1437 1114 major
1477 1053 1578 1108 est,
1610 1044 1704 1099 sed
1737 1043 1787 1096 in
1817 1057 1882 1096 ea

303 1116 468 1171 forma
501 1119 704 1187 donare
736 1128 945 1187 potest,
967 1116 1026 1172 in
1057 1134 1162 1186 qua
1193 1116 1350 1170 Pater
1377 1125 1433 1170 et
1462 1129 1562 1183 ego
1593 1129 1758 1168 unum
1787 1128 1880 1166 su-

301 1201 438 1241 mus.
480 1185 594 1242 lloc
621 1185 818 1243 sentiat
846 1185 1203 1258 Christianus,
1233 1196 1289 1241 et
1318 1188 1422 1241 erit
1449 1197 1704 1240 aeternus.

877 1314 1110 1375 SERMO
1149 1318 1306 1374 XXII.

803 1410 883 1466 De
902 1410 1107 1464 Lazaro
1127 1411 1390 1464 suscitato.

374 1522 608 1578 Lazarus
622 1523 825 1578 amicus
848 1523 1166 1586 Salvatoris,
1198 1520 1438 1587 cumjam
1455 1517 1701 1573 humanis
1727 1516 1888 1570 rebus

303 1605 446 1650 esset
477 1594 909 1662 eXemptusJam
938 1588 1225 1662 sepultura:
1255 1588 1556 1662 mandatus,
1593 1590 1699 1642 imo
1731 1595 1887 1662 terra:

302 1665 565 1726 redditus,
600 1655 740 1719 unde
769 1655 885 1717 erat
927 1655 1251 1731 assumptus,
1284 1661 1461 1731 statim
1494 1667 1744 1731 sermone
1781 1655 1887 1708 Do-

302 1734 432 1787 mini
465 1725 725 1794 cvot-atus
763 1734 828 1786 de
869 1725 1125 1800 sepulcro
1161 1731 1324 1784 exivit
1353 1730 1504 1782 vivus
1526 1769 1541 1792 ,
1588 1725 1887 1800 quifuerat

300 1813 554 1857 mortuus
578 1803 736 1872 paulo
767 1811 891 1856 ante
919 1795 1149 1872 delatus.
1181 1801 1585 1872 Miratur_omne
1612 1796 1801 1864 vulgus
1820 1795 1888 1848 de

303 1881 386 1927 tot
414 1867 690 1941 tantisque
719 1872 1068 1941 magnalihus.
1099 1869 1359 1941 Loquitur
1396 1867 1670 1941 Christus,
1717 1874 1771 1918 et
1798 1879 1888 1917 se-

343 1942 490 1996 uitnr
518 1931 712 1995 virius.
761 1931 957 2010 Stupet
985 1942 1098 2009 ipse
1120 1931 1374 2010 Lazarus
1408 1938 1549 2010 quod
1578 1953 1644 1990 ex
1674 1943 1887 2010 mortuo
1922 1931 1964 1989 Β

326 2003 483 2066 ractus
508 2022 592 2066 est
619 2003 908 2065 redivivus.
934 2003 1050 2063 Jain
1079 2009 1159 2063 bis
1179 2009 1377 2076 gemini
1406 2003 1728 2062 eﬂluxerant
1754 2003 1886 2076 dies,

305 2082 402 2136 sed
445 2082 535 2136 ille
574 2081 665 2149 qui
697 2079 816 2136 luce
846 2087 1114 2141 caruerat,
1147 2072 1286 2132 diem
1317 2093 1422 2131 non
1455 2077 1742 2130 sentiebat.
1774 2072 1891 2149 lam

306 2165 436 2206 eum
467 2143 607 2206 tetri'
637 2151 773 2204 antri
821 2149 1101 2216 caligantis
1143 2149 1384 2201 horroris
1414 2154 1706 2202 nocturnus
1736 2143 1891 2216 turbo

307 2223 652 2293 posseilerai.
689 2218 804 2293 Jam
836 2213 1076 2293 lucifugis
1099 2218 1317 2293 validus
1336 2216 1573 2293 infernus
1601 2228 1786 2269 carcer
1811 2213 1894 2292 in_-

306 2282 571 2346 eluserat.
613 2288 872 2342 iacebant
921 2282 1222 2343 cxhalantis
1251 2287 1425 2340 tabida
1490 2293 1654 2355 atque
1719 2282 1897 2355 gravis

307 2360 501 2413 odoris
531 2359 787 2410 membra.
821 2356 938 2411 Jam
969 2365 1088 2426 post
1133 2366 1322 2425 quarta
1351 2357 1481 2410 solis
1513 2353 1774 2426 curricula
1804 2353 1899 2405 de—

307 2430 522 2489 voluta,
569 2443 762 2495 corpus
805 2436 908 2480 satu
941 2429 1128 2480 mortis
1157 2427 1445 2481 obductum
1475 2425 1737 2495 vermium
1779 2437 1902 2495 car:

307 2499 545 2551 nivorax
585 2490 776 2561 agmen
806 2497 1111 2561 obsederat,
1137 2505 1298 2563 atque
1325 2497 1390 2550 ad
1422 2494 1630 2564 prmdas
1658 2490 1898 2564 destituti

305 2565 596 2621 cadaveris
626 2560 874 2618 funereas
905 2560 1158 2620 bestiolas
1181 2560 1321 2618 terra
1358 2560 1634 2632 gignebat.
1668 2560 1894 2632 Plange-

306 2635 445 2688 bant
475 2649 694 2687 sorores
733 2633 967 2688 luctifico
1009 2650 1262 2699 matrore,
1295 2631 1474 2688 fratris
1503 2632 1699 2684 auxilio
1735 2631 1900 2683 desti-

307 2712 468 2756 tutae.
501 2701 758 2756 Parentes
787 2719 1000 2772 quoque
1029 2713 1085 2758 et
1109 2705 1338 2771 proximi
1370 2702 1543 2756 nubila
1571 2700 1783 2772 tristitia
1809 2714 1902 2772 pa-

307 2775 452 2827 riter
484 2768 866 2828 condolebant.
898 2768 1158 2826 Omnibus
1205 2773 1440 2841 lugubris
1468 2772 1652 2832 vestis,
1703 2768 1901 2841 inculta

307 2844 574 2898 cmsaries
597 2883 611 2906 ,
655 2843 808 2909 nigro
840 2852 980 2897 tecta
1027 2840 1312 2896 velamine.
1344 2842 1448 2896 Ora
1481 2841 1692 2894 fletibus
1723 2840 1903 2892 made-

308 2914 485 2973 facta,
518 2912 698 2965 vitalia
726 2912 969 2966 districta
1001 2912 1338 2981 singultibus,
1365 2925 1698 2981 omnemque
1715 2923 1901 2981 eorum

309 2983 564 3036 habitum
594 2982 815 3048 clangor
857 2977 1168 3036 mmetilic'us
1197 2977 1644 3052 perturb.iver;_it'._
1669 2979 1782 3052 Sed
1817 2977 1902 3031 ubi

309 3069 502 3108 rerum
533 3060 804 3122 gestarum
836 3053 1050 3120 ignarus
1077 3049 1322 3108 Christus
1342 3091 1355 3114 ,
1402 3052 1485 3107 cui
1520 3050 1648 3102 nihil
1680 3049 1902 3122 invium,

311 3122 452 3176 nihil
485 3119 771 3185 remotum,
805 3119 934 3175 nihil
964 3125 1252 3176 obscurum
1283 3131 1402 3177 est:
1435 3135 1592 3189 quem
1626 3133 1801 3188 neque
1827 3119 1906 3171 in-

311 3193 617 3260 tercapedo
648 3191 888 3262 iocorum
914 3233 929 3255 ,
977 3193 1150 3262 neque
1199 3193 1560 3262 longinquitas
1604 3191 1903 3262 regionum,

307 3265 551 3333 abysSus
579 3261 847 3329 refrenat,
889 3260 1163 3331 discipulis
1181 3260 1412 3333 prmscia
1452 3260 1731 3333 divinitate
1761 3275 1908 3333 mor-

307 3278 551 3333 auyssus
579 3278 847 3329 retrenat,
889 3278 1163 3331 tllSClpUIlS
1227 3278 1411 3316 rmscna
1452 3278 1731 3314 mvimtate
1761 3278 1908 3312 mor-

307 3342 470 3388 tuum
530 3332 790 3385 Lazarum
839 3333 1120 3386 nuntiavit.
1167 3278 1481 3386 Eontristati
1512 3341 1566 3386 et
1613 3331 1712 3398 ipsi
1759 3329 1908 3398 dixe-

305 3413 440 3457 runt
463 3401 715 3471 discipuli
743 3420 755 3454 :
778 3400 995 3468 Eamus,
1019 3412 1065 3457 et
1090 3419 1183 3457 nos
1205 3405 1488 3456 moriamur
1510 3417 1623 3454 cum
1638 3397 1702 3453 eo
1730 3397 1905 3467 (Joan.

304 3489 384 3537 Ii,
421 3472 549 3538 16).
571 3472 615 3525 0
645 3473 998 3525 amicitiarum
1028 3473 1390 3527 indisSolubile
1421 3471 1616 3527 fwdus!
1645 3485 1676 3523 o
1704 3471 1912 3524 invicta:

303 3543 567 3601 caritatis
597 3541 852 3598 effectus!
886 3542 1155 3611 Optabant
1187 3541 1298 3595 ficri
1325 3545 1374 3595 iu
1408 3551 1582 3595 morte
1611 3548 1909 3611 consortes.

303 3632 452 3684 quos
495 3613 694 3684 fecerat
715 3610 984 3668 caritas-iu
1016 3613 1115 3664 hae
1139 3614 1243 3664 vita
1275 3612 1586 3665 concordes.
1621 3610 1754 3662 Cum
1785 3623 1913 3676 ergo

306 3683 480 3741 Jesus
517 3683 720 3738 tumulo
749 3684 1076 3748 quiescentis
1103 3683 1400 3743 assisteret,
1449 3690 1610 3749 atque
1653 3695 1774 3733 cum
1797 3693 1912 3749 am-

305 3758 479 3812 biens
523 3754 843 3825 populorum
873 3763 1090 3825 caterva
1116 3753 1372 3825 cii-eumsi
1401 3748 1588 3819 eperet
1615 3791 1630 3815 ,
1672 3757 1727 3801 et
1757 3748 1913 3825 uliiiic

307 3819 742 3890 vociscla‘ngor
768 3824 1200 3878 clementissimis
1238 3821 1458 3875 auribus
1498 3819 1913 3890 intrroretnoh-

307 3897 564 3972 guisset,
607 3885 907 3972 contritotus
930 3890 1216 3972 ipfe_.lesii_s
1239 3891 1501 3972 infremuit
1521 3885 1914 3972 spiritu-(ibim,

307 3968 434 4034 '65),
488 3973 648 4032 atque
679 3958 1121 4034 lacrymas'fudit.
1152 3961 1251 4034 llic
1274 3958 1399 4034 jam
1429 3961 1617 4034 omnis
1635 3958 1917 4034 religiosus

309 4028 578 4104 invigilet
622 4028 848 4104 sensus,
900 4033 1027 4103 quid
1073 4028 1348 4098 doluerit,
1401 4032 1481 4104 vel
1528 4028 1657 4099 quid
1715 4028 1919 4104 fleverit

309 4097 602 4162 Christus.
651 4101 834 4172 Neque
863 4097 1006 4157 enim
1033 4103 1123 4170 qui
1168 4097 1342 4156 wtmn
1367 4102 1498 4172 vila:_
1519 4097 1573 4154 et
1605 4097 1793 4152 mortis
1820 4098 1916 4149 ha-

310 4177 502 4233 bebat
531 4169 853 4246 imperium,
900 4169 1153 4246 plangere
1192 4180 1442 4246 potuerat
1482 4169 1742 4246 Lazarum
1762 4182 1920 4246 inor-.-

313 4254 515 4301 tuum.
563 4235 850 4307 l’iorabat,
895 4235 987 4296 sed
1021 4235 1126 4295 ιῖοη
1157 4235 1341 4310 utique
1372 4241 1638 4310 [Iorabat,
1666 4246 1724 4310 ut
1753 4235 1919 4310 Judaei

312 4314 634 4388 putabant,
656 4314 780 4388 quia
811 4312 1072 4366 Lazarum
1102 4314 1231 4388 satis
1252 4307 1492 4388 amabat.
1525 4308 1631 4388 Sed
1658 4307 1781 4388 ideo
1807 4308 1921 4379 plo-

312 4381 518 4450 rabat,
549 4381 894 4450 quia’iterum
921 4398 1043 4437 eum
1080 4381 1146 4435 ad
1175 4382 1328 4451 hujus
1351 4383 1469 4435 vitae
1495 4381 1733 4435 miserias
1763 4393 1923 4451 revo-

313 4448 518 4514 cabat.
555 4448 717 4516 Mors,
749 4452 939 4508 fratres
966 4448 1564 4522 carissimi,'resumptio
1595 4463 1676 4504 est
1699 4448 1918 4522 doloris,

315 4524 589 4585 remissio
617 4524 972 4592 Captivitatis,
1017 4523 1378 4590 navigantium
1419 4519 1641 4592 portus,
1693 4519 1925 4592 peregri-

317 4596 590 4653 nantium
619 4590 816 4662 patria,
847 4591 963 4646 linis
993 4593 1358 4659 miseriarum,
1403 4590 1666 4646 terminus
1695 4590 1922 4662 delicto:

1984 624 2184 678 revolvi
2220 622 2502 693 praecepit;
2534 639 2641 692 quo
2664 624 2908 677 revoluto
2935 622 3477 693 ctelumisuSpiciens,
3509 627 3562 693 et

1979 693 2090 764 jam
2122 710 2182 748 se
2210 690 2517 748 exauditam
2555 690 2676 748 esse
2707 691 3151 764 prolestansktali
3175 707 3361 764 coram
3385 690 3561 742 homi-

1986 751 2140 834 ilibus
2175 764 2386 819 Patrem
2418 773 2665 834 precatus
2695 751 2776 834 est
2805 777 2938 816 voce
2971 780 2983 813 :
3017 751 3197 834 Pater,
3230 762 3429 834 gratias
3464 776 3563 830 ago

1987 833 2095 897 tibi,
2121 835 2240 903 quia
2274 830 2530 887 exaudiin
2560 851 2658 887 me.
2694 833 2803 902 Ego
2833 840 3002 884 autent
3035 830 3256 903 sciebam
3283 830 3400 899 quia
3431 845 3564 903 seni.

1983 918 2077 973 per
2097 899 2176 955 me
2196 904 2375 965 audis;
2399 904 2490 956 sed
2513 913 2719 973 propter
2741 899 2984 973 populum
3007 903 3091 970 qui
3115 902 3409 973 circumstat
3428 899 3562 973 idia‘i,
3652 911 3659 918 ‘

1984 969 2041 1044 itt
2069 973 2283 1044 credant
2325 974 2446 1044 quia
2483 969 2536 1026 tu
2577 969 2658 1026 me
2689 969 2892 1044 misisti.
2937 971 3018 1044 Et-
3041 987 3156 1044 eum
3189 970 3297 1044 luce
3326 969 3562 1044 didisset,

1986 1043 2061 1113 ait
2086 1059 2102 1094 :
2126 1037 2349 1101 Lazare;
2377 1045 2488 1096 veni
2518 1045 2659 1113 [oras
2685 1042 2964 1113 (109m)“,
2996 1039 3055 1091 Μ
3093 1051 3140 1092 et
3166 1037 3320 1113 δρψ).
3354 1037 3566 1113 Quanta

1986 1110 2086 1165 fuit
2130 1113 2380 1166 clamoris
2404 1107 2591 1174 virtus,
2635 1107 2703 1166 ut
2724 1111 2788 1164 ad
2828 1111 3052 1164 miseros
3081 1107 3384 1177 perveniret
3413 1107 3566 1177 audi-

1989 1183 2118 1234 tus?
2147 1182 2328 1247 Qualis
2358 1182 2453 1235 fuit
2481 1183 2685 1235 timoris
2715 1183 2885 1247 vigor,
2921 1188 2978 1232 ut
3023 1176 3262 1232 murtuos
3289 1176 3569 1230 invaderet

1988 1251 2190 1305 timor?
2231 1251 2422 1305 Statim
2470 1260 2738 1321 prmeepto
2786 1250 2995 1304 Domini
3027 1264 3171 1321 mors
3211 1247 3567 1321 sualn__l_(‘gcm

1987 1334 2148 1389 quam
2175 1322 2405 1375 habebat
2428 1315 2862 1389 irrupit,'suaque
2885 1327 2964 1373 tot
2985 1319 3191 1389 szcculis
3216 1317 3332 1383 jura
3352 1315 3570 1389 Christo

1982 1383 2211 1457 jubente
2249 1391 2509 1446 dissolvit.
2543 1383 2952 1458 Cessere'regize
2981 1389 3101 1443 ωειί
3142 1388 3320 1441 claves
3352 1383 3565 1458 inferni,

1988 1454 2315 1528 obtrusaque
2339 1461 2611 1516 foedissimi
2633 1454 3024 1513 carceris'atria
3054 1458 3332 1528 imperium
3358 1454 3570 1508 Domini

1989 1530 2260 1652 patefecit.
2284 1530 2511 1584 Evanuit
2541 1531 2715 1584 omnis
2744 1529 2987 1583 custodia
3020 1536 3170 1580 eruta
3195 1527 3292 1579 sibi
3317 1539 3566 1593 persona.

2037 1615 2227 1652 azarus
2249 1616 2460 1652 rursum
2504 1602 2744 1652 redditur
2774 1599 2898 1652 luci.
2931 1600 3232 1652 iterumque
3255 1595 3566 1648 eonvivatur

2037 1615 2227 1654 azarus
2249 1616 2460 1654 rursum
2504 1602 2744 1654 redditur
2774 1599 2898 1658 luci,
2931 1600 3232 1664 iterumque
3255 1595 3570 1648 eonvivatur

1988 1669 2042 1792 in
2072 1685 2300 1738 corpore
2325 1669 2539 1724 Christo
2562 1711 2576 1735 ,
2628 1671 2751 1740 quia
2780 1669 2889 1737 jam
2920 1668 3093 1721 fuerat
3121 1667 3456 1736 mancipatus
3486 1666 3569 1715 in-

2009 1755 2162 1792 eruo.

2009 1755 2162 1794 ΘΙἸΙΟ.

2557 1828 2788 1885 SERMO
2818 1827 2998 1882 XXIII.

2478 1919 2556 1974 De
2585 1921 2820 1974 lavandis
2853 1917 3081 1989 pedibus.

2063 2007 2246 2062 Omnis
2269 2025 2423 2062 error
2457 2010 2625 2071 stetit,
2659 2009 2780 2076 quia
2815 2006 2979 2076 pedes
3008 2021 3286 2076 servorum
3318 2004 3573 2057 Dominus

1994 2079 2141 2133 lavit.
2176 2078 2382 2132 Novum
2429 2077 2625 2131 direxit
2675 2075 2725 2130 in
2771 2075 3007 2141 cursum,
3037 2087 3094 2128 ut
3122 2075 3356 2128 firmaret
3387 2081 3574 2127 eorum

1995 2150 2216 2216 vestigia
2249 2149 2388 2202 sicut
2437 2163 2738 2202 cervorum.
2773 2146 2907 2212 Quid
2957 2147 3077 2214 plus
3107 2144 3412 2216 praedicem,
3444 2157 3570 2216 gau-

1997 2212 2166 2282 dium',
2194 2235 2261 2271 an
2311 2218 2626 2271 miraculum
2657 2219 2679 2270 ?
2722 2216 2832 2269 lmo
2873 2212 3120 2282 gaudium
3152 2227 3202 2266 et
3235 2212 3572 2282 miraculum.

1997 2281 2260 2343 Gaudium
2289 2289 2432 2354 quod
2479 2287 2656 2339 oblata
2687 2294 2813 2339 sunt
2843 2281 3021 2339 uestra
3051 2283 3298 2350 vestigia,
3329 2291 3386 2337 et
3415 2281 3578 2354 pedes

1999 2373 2275 2412 servorum
2304 2352 2481 2424 attigit
2508 2356 2773 2410 dominica
2803 2354 3043 2409 dextera.
3079 2354 3184 2407 Sed
3211 2355 3386 2421 potius
3411 2352 3576 2405 mira-

1999 2429 2196 2491 culum,
2230 2437 2288 2480 ut
2314 2427 2399 2480 cui
2428 2426 2696 2480 excubant
2724 2441 2845 2480 cum
2892 2427 3084 2478 timore
3108 2425 3378 2477 exercitus
3409 2436 3577 2488 ange-

2002 2498 2198 2564 lorum,
2221 2497 2428 2550 lavaret
2450 2497 2716 2550 inclinatis
2731 2496 2976 2548 manibus
2988 2495 3208 2561 vestigia
3231 2494 3577 2564 piscatorum.

2000 2562 2230 2635 Expavit
2257 2567 2470 2630 caelum,
2503 2567 2720 2634 expavit
2751 2575 2889 2619 terra
2921 2565 3200 2635 Dominum
3236 2566 3303 2635 ita
3336 2562 3580 2635 humilia:-

2002 2630 2153 2701 ri,'et
2184 2636 2458 2689 hominem
2505 2630 2666 2703 super
2697 2635 2862 2688 Deum
2887 2634 3132 2687 exaltari.
3163 2632 3304 2703 Quid
3334 2630 3577 2703 estquod

2002 2707 2132 2760 dicit
2161 2705 2462 2766 haereticus,
2516 2701 2639 2771 quia
2669 2705 2766 2757 fuit
2821 2705 3035 2757 humilis
3066 2703 3211 2754 Patri
3269 2701 3458 2766 Filius,
3487 2701 3588 2753 hoc

2005 2790 2157 2837 nore,
2181 2790 2287 2827 non
2320 2775 2552 2827 timore?
2581 2774 2806 2840 Quando
2827 2773 2975 2825 vides
2997 2774 3280 2826 servilibus
3307 2780 3586 2825 curvatum

2005 2844 2291 2898 Dominum
2321 2860 2426 2898 non
2459 2839 2669 2905 timore,
2701 2843 2794 2897 sed
2817 2857 3022 2906 amore,
3053 2858 3154 2896 nec
3183 2845 3461 2896 servitute.
3493 2839 3588 2893 sed

2004 2915 2394 2968 dominatione.
2413 2912 2548 2979 Quia
2593 2922 2650 2966 ut
2675 2914 2924 2967 redderet
2952 2912 3121 2966 servis
3177 2912 3587 2979 ingenuitatem,

2005 2985 2255 3038 servilem
2279 2985 2382 3038 illis
2407 2983 2649 3038 exhibuit
2679 2983 2954 3054 pietatem.
3000 2981 3139 3054 Ergo
3160 2983 3264 3036 erit
3290 2981 3588 3054 servisﬁnii-

2008 3070 2128 3118 nor,
2155 3055 2278 3123 quia
2329 3056 2492 3122 pedes
2541 3050 2696 3117 lavit,
2718 3053 2809 3121 qui
2836 3061 2919 3106 est
2939 3053 3176 3106 omnium
3208 3050 3426 3123 major?
3453 3050 3588 3114 Quia

2007 3127 2092 3195 qui
2138 3122 2273 3178 inter
2301 3141 2386 3195 ros
2427 3123 2718 3195 minores},
2749 3124 2813 3195 in
2849 3140 3004 3192 regno
3033 3124 3272 3176 arctorum
3321 3122 3491 3190 major
3513 3128 3590 3172 est

2011 3192 2161 3260 (Luc.
2195 3210 2268 3258 ix,
2297 3193 2408 3264 48).
2458 3192 2635 3248 Servii
2668 3193 2942 3257 Dominus,
2973 3200 3027 3246 et
3057 3201 3355 3264 murmurat
3379 3206 3588 3264 servus.

1937 3290 1982 3354 c
2013 3259 2378 3354 Miseret
2407 3263 2952 3354 ορξῐιὶιιξιᾱ-[ίυίξῖεεξῖῖξ
2995 3263 3434 3354 ειε,ε¹,ί1φέί;,-ε2ξι]
3459 3259 3593 3354 Pisis

2013 3331 2155 3402 quod
2185 3335 2392 3388 docuit.
2443 3331 2565 3387 Non
2596 3335 2752 3392 enim.
2786 3333 2975 3400 inquit,
3011 3331 3429 3402 Fitiushominis
3459 3332 3592 3402 venit

2013 3399 2321 3468 ministrari,
2369 3404 2459 3458 sed
2487 3405 2784 3458 ministrare
2811 3399 3024 3465 (Matth.
3058 3419 3146 3464 xx,
3179 3401 3294 3469 28).
3327 3399 3441 3455 Hoc
3471 3401 3596 3454 fecit

2013 3475 2154 3544 quod
2181 3474 2380 3528 docuit.
2427 3474 2531 3529 Sed
2586 3476 2774 3529 beatus
2802 3472 2988 3527 Petrus
3012 3473 3322 3544 mysterium
3354 3488 3459 3544 non
3496 3485 3592 3524 co-

2014 3542 2229 3613 gnovit;
2277 3545 2452 3598 timuit
2498 3545 2678 3613 potius
2725 3560 2883 3612 quam
2931 3542 3235 3613 recuSavit:
3273 3542 3593 3613 Domine,“

2016 3611 2142 3668 mihi
2196 3616 2338 3668 lavas
2367 3611 2518 3684 pedes
2557 3611 2876 3684 (Joan.ixm,
2906 3615 2960 3682 6)
2985 3617 3008 3667 ’ἔ
3038 3613 3136 3676 Τυ,
3167 3612 3411 3684 Domine,
3444 3611 3597 3677 cujus

2017 3687 2240 3738 thronus
2263 3685 2458 3739 cmlum
2481 3683 2581 3748 est,
2596 3694 2652 3737 et
2671 3694 2809 3737 terra
2826 3684 3113 3737 scabellum
3142 3683 3335 3750 pedum
3359 3691 3593 3744 tuorum,

2016 3754 2125 3807 eris
2141 3754 2382 3808 minister
2406 3755 2602 3823 pedum
2628 3769 2866 3807 meorum
2883 3759 2906 3805 Υ
2925 3752 3267 3823 Parvaneest
3286 3767 3418 3804 crux
3434 3765 3596 3818 quant

2017 3823 2320 3892 suscepisti,
2352 3820 2571 3892 vulnera
2619 3838 2739 3891 qum
2791 3821 3114 3886 sustinuisti,
3157 3820 3225 3874 fel
3273 3829 3344 3892 et
3383 3829 3594 3875 acetum

2018 3895 2162 3962 quod
2184 3891 2365 3946 bibisti
2391 3895 2413 3962 2
2445 3891 2642 3946 Parum
2666 3900 2747 3946 est
2775 3892 2920 3961 quod
2952 3892 3002 3962 in
3029 3892 3278 3960 sepulcro
3298 3891 3593 3962 vivusitno:

2020 3959 2165 4032 riens
2192 3959 2431 4017 latuisti:
2463 3963 2528 4015 ad
2550 4025 2552 4028 ν
2577 3963 2755 4032 pedes,
2788 3959 2958 4025 incus,
2985 3961 3229 4021 Domine,
3257 3959 3543 4032 pervenisti
3575 3959 3598 4010 ἲ

2021 4031 2211 4087 Terret
2233 4049 2318 4086 me
2345 4033 2555 4104 species
2579 4028 2694 4086 tua.
2721 4031 3130 4104 Conturbatme
3155 4046 3344 4104 manus
3374 4039 3481 4104 tua.
3516 4028 3598 4080 ln-

2021 4103 2178 4170 digna
2208 4112 2335 4157 sunt
2364 4097 2584 4169 vestigia
2626 4116 2765 4154 mea.
2799 4099 2863 4153 Et
2893 4101 3187 4154 Dominus:
3236 4100 3386 4170 Sine,
3419 4097 3620 4170 Peirc,"

2021 4168 2157 4243 quod
2187 4173 2325 4243 facio
2352 4168 2536 4236 nescis,
2569 4173 2696 4225 scies
2714 4179 2896 4252 postea
2922 4169 3110 4244 (lbid.,
3136 4170 3212 4294 72.
3243 4169 3406 4250 Quasi
3429 4168 3601 4222 infans

2023 4256 2103 4294 es.
2137 4251 2193 4294 et
2243 4258 2380 4294 unus
2409 4243 2476 4294 de
2525 4240 2758 4294 uarvuhs
2809 4243 2942 4294 istis.
2979 4241 3072 4294 aui
3105 4241 3156 4294 in
3177 4241 3416 4294 'antiliter
3445 4240 3598 4294 ulan-

2023 4240 2103 4301 es,
2137 4240 2196 4296 et
2243 4258 2380 4297 unus
2409 4243 2476 4297 de
2525 4240 2758 4312 parvulis
2809 4240 2942 4306 istis,
2979 4241 3072 4310 ’qui
3105 4240 3416 4295 infantiliter
3445 4240 3598 4312 plan-

2023 4321 2154 4380 gunt
2176 4327 2297 4366 cum
2328 4313 2431 4366 illis
2452 4311 2614 4381 pedes
2645 4311 2904 4381 lavantur,
2939 4312 3239 4366 nescientes
3264 4311 3597 4381 mysterium,

2026 4398 2133 4436 non
2157 4380 2469 4451 recusantes
2492 4381 2827 4450 obsequium.
2856 4380 3003 4451 _'l_‘a|is
3027 4397 3104 4444 es,
3131 4392 3242 4435 tum
3267 4380 3374 4436 eris
3403 4397 3597 4451 parvo-

2023 4453 2126 4522 los.
2145 4454 2270 4510 eris.
2287 4449 2464 4519 Petre,
2479 4449 2818 4522 novissimus.
2846 4449 2964 4505 Nisi
2990 4453 3159 4506 lavero
3186 4451 3276 4507 tibi
3300 4449 3476 4522 pedes,
3500 4469 3601 4506 non

2024 4521 2232 4576 habebis
2265 4531 2457 4580 partem
2487 4539 2698 4576 mecum.
2752 4519 2990 4584 Domine,
3025 4523 3216 4592 inquit,
3269 4519 3371 4578 non
3403 4532 3601 4576 tantum

2024 4595 2198 4662 pedes,
2229 4593 2316 4645 sed
2353 4603 2402 4646 et
2426 4609 2628 4658 manus,
2659 4601 2707 4646 et
2736 4606 2886 4662 caput
2917 4593 3104 4659 (lbid.,
3128 4593 3182 4652 8,
3214 4593 3291 4658 9).
3325 4593 3602 4661 Accipiunt

317 4681 484 4724 rum.
517 4659 646 4717 Nam
679 4671 733 4716 et
756 4659 870 4716 haec
905 4677 1022 4731 qua:
1043 4663 1239 4716 dicitur
1267 4664 1394 4725 vita,
1428 4678 1533 4715 non
1564 4670 1646 4714 est
1676 4660 1804 4724 vita,
1957 4665 2002 4724 D
2025 4659 2117 4718 hic
2145 4679 2333 4718 onmes
2360 4663 2688 4732 exemplum,
2709 4659 3086 4732 quicontraria
3111 4665 3364 4718 sentiunt.
3386 4659 3604 4716 veniant

318 4753 434 4794 nec
475 4734 688 4802 requies
713 4747 741 4785 a
766 4730 974 4797 labore,
1005 4747 1102 4785 nec
1123 4733 1382 4802 securitas
1409 4740 1488 4785 est
1518 4747 1546 4785 a
1573 4732 1765 4802 timore
1791 4747 1803 4782 :
1835 4730 1923 4802 ubi

321 4799 595 4865 fraudes,
650 4802 737 4856 ubi
784 4801 1082 4856 calumniw.
1127 4800 1408 4856 Tolluntnr
1434 4817 1520 4854 res
1549 4801 1768 4862 alienze,
1810 4799 1925 4854 sine

323 4871 1031 4946 respectuimisericordiic.
1061 4871 1216 4946 Dives
1238 4872 1476 4946 erigitur,
1519 4886 1723 4941 pauper
1751 4869 1927 4946 oppri-

322 4939 528 5002 mitur.
561 4942 650 4998 Sic
681 4951 850 4994 tomm
881 4943 937 4995 in
965 4941 1243 5011 iniquitate
1271 4943 1495 5011 geritur,
1523 4939 1580 4993 i.t
1613 4957 1716 4994 non
1740 4939 1811 5011 sit
1841 4954 1928 5006 pc-

325 5018 492 5072 nitus
521 5012 666 5080 quod
690 5011 914 5080 justitiu:
943 5007 1448 5079 rese—rvetuﬂErgo
1490 5011 1720 5080 ploravit
1769 5007 1813 5062 Ιι
1833 5025 1924 5063 sus

328 5085 648 5146 Lazarum,
702 5097 807 5135 non
844 5082 982 5151 quia
1027 5091 1269 5136 mortuus
1317 5089 1453 5146 erat,
1479 5080 1572 5136 sed
1594 5080 1716 5148 quia
1743 5095 1924 5151 resur-

325 5170 476 5226 gere
518 5152 768 5226 habebat.
813 5150 944 5206 Nam
967 5153 1242 5221 quomodo
1270 5161 1777 5226 _posset_mort_uum
1808 5150 1924 5218 plo-

326 5220 414 5282 ra.
435 5241 489 5289 e,
513 5238 674 5291 quem
701 5222 818 5290 ipse
843 5220 1060 5276 venerat
1082 5220 1435 5277 resuscitare?
1462 5221 1567 5275 Sed
1598 5220 1836 5273 dicturus
1867 5233 1925 5291 es

326 5295 478 5351 mihi
527 5289 545 5346 Ξ
579 5291 634 5346 Si
675 5289 874 5345 malum
923 5303 1004 5346 est
1057 5293 1247 5346 iterum
1290 5294 1342 5346 in
1397 5293 1494 5346 hac
1544 5291 1649 5343 vita
1684 5289 1926 5352 reverti,

324 5363 615 5434 quoniam
654 5360 809 5434 {esus
864 5360 1104 5434 Christus
1143 5372 1385 5416 mortuus
1433 5371 1514 5415 est
1580 5370 1636 5415 et
1675 5375 1921 5434 resurre-

327 5431 467 5490 iit?
513 5432 620 5487 Sed
650 5431 894 5485 Christus
939 5431 1016 5487 sic
1057 5434 1373 5498 resurrexit,
1411 5447 1516 5484 non
1547 5431 1774 5499 amplius
1808 5447 1923 5484 mo-

324 5507 578 5564 riturus;
607 5501 838 5556 Lazarus
864 5511 1040 5555 autem
1075 5504 1360 5556 resurrexit
1389 5503 1579 5555 iterum
1613 5500 1919 5554 moriturus.

325 5575 501 5630 Sicut
543 5573 672 5626 dicit
712 5570 987 5641 apostolus
1033 5569 1228 5626 Paulus
1266 5590 1278 5624 :
1312 5571 1544 5625 Christus
1585 5585 1851 5641 resurgens
1890 5587 1920 5622 α

328 5644 566 5700 mortuis
585 5643 701 5712 jam
729 5657 832 5694 non
875 5643 1107 5704 moritur,
1135 5651 1183 5693 et
1233 5658 1369 5696 mors
1397 5642 1443 5694 ei
1477 5643 1590 5711 jam
1621 5657 1720 5693 nou
1751 5641 1919 5693 domi-

328 5714 576 5770 nabitur.
609 5712 758 5776 Quod
789 5713 925 5764 enim
953 5722 1178 5764 mortuus
1211 5723 1283 5782 est
1323 5723 1552 5782 peccato,
1579 5722 1808 5782 mortuus
1846 5723 1921 5782 e_st

328 5784 525 5848 semel,
558 5783 692 5855 quod
717 5791 883 5855 autem
907 5783 1042 5844 civit,
1067 5781 1183 5834 ririt
1207 5779 1514 5855 θεουέοηιἶ
1539 5779 1688 5855 vi,__£i.
1723 5780 1824 5855 l0).
1857 5779 1920 5832 Et

330 5858 474 5912 sieo
498 5850 686 5922 quarta
716 5851 799 5905 dic
833 5850 1086 5910 Lazarum
1115 5851 1402 5922 suscitavit,
1427 5851 1548 5919 quia
1573 5852 1668 5904 sihi
1703 5853 1916 5904 tertium

325 5927 494 5982 diem
520 5920 641 5994 quo
669 5931 962 5992 resurgeret
995 5922 1306 5978 reservavit.
1333 5920 1497 5991 Igitur
1528 5931 1811 5994 pOslqualti
1841 5923 1915 5976 vi-

2031 4733 2097 4787 ad
2119 4733 2402 4800 judicium.
2429 4735 2529 4788 Alii
2577 4750 2684 4787 non
2715 4733 2972 4786 irrideant
2998 4733 3193 4787 Christi
3225 4733 3597 4796 humilitatem,
3644 4739 3649 4746 '

2031 4803 2127 4874 alii
2151 4820 2256 4858 non
2285 4813 2530 4867 repetant
2552 4803 2801 4874 baptismi
2829 4804 3244 4874 simplicitatem.
3263 4803 3396 4868 Quia
3423 4805 3508 4872 qui
3531 4820 3607 4856 so-

2030 4873 2131 4927 mel
2157 4874 2288 4928 lotus
2311 4885 2407 4936 est,
2432 4890 2534 4927 non
2559 4873 2708 4927 habet
2729 4873 3081 4927 necessitatem
3105 4874 3340 4937 lavandi;
3366 4884 3440 4927 est
3467 4874 3604 4927 enim

2030 4945 2249 4997 mundus
2281 4955 2416 4998 totus
2448 4943 2635 5013 (Ibid.,
2669 4942 2968 5012 ill).Quare
2990 4958 3120 5012 ergo
3147 4943 3309 5013 pedes
3339 4945 3601 5008 lavantur,
3671 4947 3674 4950 ’

2029 5014 2073 5068 si
2101 5023 2185 5086 est
2212 5015 2442 5086 mundus
2464 5015 2642 5086 totus?
2666 5013 2780 5068 Non
2807 5023 2890 5086 est
2918 5013 3057 5086 istud
3091 5015 3400 5086 mysterium
3429 5013 3604 5086 bapti-

2030 5085 2236 5147 smatis,
2269 5083 2363 5137 sed
2387 5083 2701 5153 obsequium
2729 5084 2969 5138 caritatis
2998 5103 3012 5138 :
3045 5092 3102 5136 ut
3137 5083 3346 5138 discant
3375 5085 3602 5138 infantes

2026 5154 2170 5224 quod
2204 5153 2506 5208 didicerunt
2529 5162 2583 5208 et
2609 5155 2930 5224 piscatores:
2959 5163 3011 5208 et
3045 5154 3153 5207 sint
3175 5170 3364 5208 onmes
3401 5156 3606 5224 paratis

2027 5222 2251 5294 pedibus
2295 5224 2492 5279 Christi
2538 5222 2828 5294 priecones,
2886 5233 2945 5277 ut
2988 5224 3056 5278 de
3084 5225 3332 5279 omnibus
3357 5222 3568 5278 dicatur
3603 5243 3613 5276 :

2030 5291 2198 5365 Quam
2219 5296 2436 5365 speciosi
2459 5291 2576 5348 sunt
2599 5295 2752 5365 pedes
2767 5294 3224 5365 euangelizandum
3247 5310 3606 5365 pacaturqu-

2027 5363 2359 5436 gelizantium
2389 5364 2521 5436 bona
2578 5361 2754 5436 (Rom.
2787 5380 2841 5436 x_,
2882 5361 2969 5436 l5)
2997 5364 3009 5415 ἰ
3042 5364 3122 5436 De
3156 5361 3345 5436 quibus
3393 5364 3603 5419 limatur

2027 5432 2199 5488 mater
2240 5432 2496 5498 Ecclesia,
2535 5432 2653 5502 qua:
2699 5433 2860 5503 modo
2907 5432 2958 5487 in
2989 5434 3127 5503 pelvi
3156 5432 3446 5503 colligitur,
3482 5442 3601 5488 tan-

2026 5518 2188 5572 quam
2221 5521 2272 5558 m
2303 5505 2512 5574 lignlina
2542 5503 2809 5574 coquitur.
2844 5502 2898 5556 In
2931 5502 3045 5558 toto
3074 5505 3271 5559 mundo
3295 5502 3597 5573 congrega-

2025 5582 2129 5634 tur.
2164 5583 2223 5628 ut
2252 5576 2302 5629 in
2327 5575 2644 5644 pelviaqua.
2670 5573 2746 5644 lbi
2775 5589 3052 5628 servorum
3076 5576 3323 5630 mundata
3354 5577 3599 5643 vestigia,

2025 5653 2082 5696 ut
2107 5645 2160 5698 in
2185 5653 2297 5715 toto
2321 5642 2520 5698 mundo
2537 5642 2783 5712 baptismi
2807 5645 3068 5714 aspiceret
3083 5647 3275 5715 gratia,
3290 5657 3347 5701 et
3359 5642 3596 5701 omnium

2021 5713 2364 5787 sacerdotum
2396 5723 2710 5787 percurrani
2765 5713 2958 5787 munda
2989 5713 3252 5787 praeconia
3278 5754 3292 5779 ,
3324 5717 3448 5787 quia
3497 5733 3595 5770 vos;

2022 5785 2239 5838 tonitrui
2269 5785 2384 5853 ejus
2407 5783 2459 5835 in
2491 5792 2603 5837 rota
2645 5783 2814 5856 (Psal.
2848 5783 3025 5856 Lxxvi,
3060 5785 3146 5856 l9)
3173 5805 3184 5839 :
3217 5783 3357 5856 quia'
3383 5786 3596 5843 Domini

2019 5869 2106 5908 εει.
2138 5864 2307 5918 terra,
2338 5861 2400 5928 et
2437 5861 2547 5928 iota
2578 5855 2851 5927 redempta
2887 5855 3142 5924 Ecclesia,
3177 5855 3247 5913 iui
3273 5873 3380 5928 qua
3407 5872 3594 5913 ouines

2015 5935 2294 5982 cantamus
2323 5923 2564 5980 Alleluia.
2764 5923 2777 5927 ’
3131 5923 3134 5924 ⁷
3245 5961 3248 5965 ,
