3996 6578
304 455 410 515 897

1645 486 1659 493 -
1697 442 1928 504 SERMO
1965 441 2055 502 XX
2065 444 2173 502 XVI

308 570 497 638 ﬁgere,
529 565 845 638 _Apostolum
874 563 1055 638 audite
1076 522 1387 638 ,εὶίὶεειιιριιιζ
1405 561 1506 638 Vgs
1547 571 1720 638 autem
1766 564 1886 617 estis
1919 571 1956 623 Α
1989 557 2392 638 que_videbant,
2421 557 2519 638 sed
2539 557 3409 638 non__agnoscebant._.Tenebanrnr
3427 566 3575 619 enim

309 631 496 708 carpas
519 631 718 708 Cliristi
728 644 777 708 et
795 637 1022 708 membra
1048 631 1103 702 (l
1125 632 1244 708 Cor.
1274 649 1326 699 x,
1355 632 1409 694 2,
1444 632 1516 708 7)_.
1544 631 1602 686 Si
1630 645 1758 698 ergo
1786 647 1885 687 vos

307 702 438 764 estis
466 705 877 777 corpus_Christ_i
915 711 973 758 et
999 704 1257 777 membra,
1291 702 1600 777 mysterium
1648 710 1883 755 vestrum

308 777 363 832 in
413 772 597 832 mensa
654 773 863 830 Domini
919 772 1151 842 positum
1177 782 1280 837 est,
1307 772 1616 842 mysterium
1640 778 1887 842 vestrum

309 846 575 915 accipitis,
608 845 675 899 ad
704 844 757 915 id
802 841 945 915 quod
972 842 1313 915 estis._Anten
1343 841 1889 915 respondegis,_et_re-

309 907 626 984 spondendo
645 907 996 984 subscribitis.
1022 911 1366 984 Audisenim,
1390 907 1813 984 corpus‘Christi,
1834 917 1891 984 et

309 978 834 1056 respondes,_.4men.
873 979 1002 1056 Esto
1042 980 1339 1056 membrum
1386 978 1630 1056 corporis
1654 978 1887 1056 Christi,

311 1048 577 1109 ut-verum
604 1053 675 1107 sit
700 1053 882 1106 Amen.
913 1050 1091 1117 Quare
1116 1065 1246 1120 ergo
1273 1050 1326 1103 in
1352 1050 1523 1119 pane?
1552 1048 1689 1120 Nihil
1717 1048 1802 1102 hic
1822 1049 1890 1103 de

312 1132 501 1178 nostro
544 1121 847 1177 aﬁ'eramus.
888 1120 1065 1190 Ipsum
1112 1118 1426 1190 Apostolum
1476 1118 1763 1174 identidem
1790 1132 1889 1190 au-

310 1194 541 1248 diamus.
579 1190 714 1246 Cum
758 1192 826 1245 de
868 1187 971 1245 isto
1018 1187 1358 1243 sacramento
1406 1189 1734 1250 loqueretur,
1767 1187 1885 1240 ait:

318 1204 541 1248 diamus.
579 1204 714 1246 cum
758 1204 826 1245 de
868 1204 971 1245 isto
1018 1204 1358 1243 sacramento
1406 1204 1457 1243 to
1499 1204 1734 1250 neretur,
1767 1204 1885 1240 ait:

318 1261 464 1319 Unus
491 1262 663 1331 punis,
691 1276 849 1331 unum
869 1276 1055 1331 corpus
1077 1260 1224 1331 multi
1244 1274 1418 1311 sumus
1436 1204 1627 1331 ((11ιίιίἾ
1659 1257 1769 1331 17)..
1798 1255 1888 1309 ln-

312 1326 555 1400 telligite,
578 1340 634 1384 et
664 1330 910 1395 gaudete.
939 1326 1147 1394 Uuitas,
1167 1329 1361 1400 pietas,
1385 1326 1843 1400 veritas,‘_caritas
1874 1343 1885 1378 :

313 1396 451 1453 unus
467 1400 640 1469 panis,
670 1415 830 1452 unum
858 1414 1042 1467 corpus
1068 1396 1219 1469 multi
1234 1413 1427 1469 sumus.
1463 1396 1702 1469 Recolite
1746 1398 1889 1469 enim

311 1470 436 1539 quia
465 1463 616 1538 panis
634 1484 742 1539 non
764 1470 831 1523 de
855 1463 964 1539 uno,
980 1479 1153 1539 grano
1170 1467 1246 1529 tit,
1260 1466 1353 1539 sed
1367 1466 1433 1519 de
1448 1466 1646 1539 multis.
1665 1463 1892 1539 Quando

316 1534 789 1604 exoréizahamini,
816 1538 969 1606 quasi
994 1534 1373 1599 mulebamini;
1398 1534 1615 1606 quando
1635 1534 1892 1606 baptizati

311 1609 465 1673 estis,
514 1608 665 1676 quasi
710 1604 989 1677 conspersi
1032 1606 1193 1666 estis;
1226 1606 1439 1677 quando
1463 1604 1891 1677 Spiritus_sa_n_cti

305 1677 492 1744 ignem
517 1673 815 1746 accepistis,
846 1673 996 1746 quasi
1020 1676 1161 1746 cocti
1189 1673 1338 1746 estis.
1360 1673 1720 1746 _Estote_quod
1745 1673 1894 1726 vide-

301 1742 400 1808 fis,
433 1753 489 1800 et
534 1742 764 1815 accipite
807 1742 951 1815 quod
999 1745 1147 1799 estis.
1201 1742 1317 1799 Hoc
1344 1742 1631 1812 Apostolus
1658 1744 1726 1815 de
1753 1756 1893 1811 pane

301 1763 400 1808 uas,
433 1763 489 1800 et
534 1763 649 1801 acci
692 1763 764 1800 ue
807 1763 951 1815 quon
999 1763 1147 1799 esus.
1202 1763 1317 1799 nuc
1344 1763 1631 1812 Apttswlus
1658 1763 1726 1797 ue
1754 1763 1889 1811 pane

300 1815 468 1870 idixit.
493 1815 570 1869 De
591 1763 757 1871 carice
776 1816 903 1885 quid
925 1814 1340 1885 intelligeremus
1353 1816 1513 1885 etiam
1537 1828 1647 1885 non
1659 1812 1889 1885 dictum,

313 1885 447 1939 satis
474 1884 733 1940 ostendit.
765 1882 913 1940 Sicut
932 1884 1074 1937 enim
1102 1892 1161 1937 ut
1184 1884 1254 1939 sit
1271 1883 1478 1952 species
1500 1882 1720 1937 visibilis
1739 1882 1891 1952 panis

315 1955 483 2009 multa
513 1969 677 2023 grana
705 1956 758 2023 in
789 1967 951 2008 unum
978 1950 1425 2023 consparguntur,
1455 1961 1706 2023 tanquam
1744 1950 1888 2023 illud

317 2023 412 2077 ﬁat
430 2020 572 2094 quod
600 2023 666 2078 de
695 2022 940 2077 ﬁdelibus
967 2025 1043 2076 ait
1070 2020 1345 2094 Sériptpra
1373 2020 1579 2094 sancta,
1628 2020 1757 2094 Erat
1785 2020 1889 2094 illis

314 2089 497 2146 uicinia
512 2109 637 2158 una,
661 2104 711 2146 et
730 2108 913 2161 corpus
952 2107 1107 2161 unum
1134 2089 1204 2144 in'
1232 2090 1340 2145 Deo
1365 2091 1502 2161 (ᾼει.
1521 2105 1606 2161 ιν,
1637 2089 1768 2161 52))
1815 2091 1892 2143 sic

315 2172 373 2215 et
411 2162 478 2216 de
527 2157 672 2225 vino,
714 2157 923 2215 fratres.
955 2160 1195 2216 Recolite
1221 2160 1360 2215 unde
1375 2157 1445 2213 'ﬁt
1482 2159 1682 2213 vinum.
1711 2157 1892 2213 Grana

318 2231 484 2284 multa
516 2232 762 2300 .pendent
792 2230 856 2283 ad
886 2231 1120 2300 botrum,
1146 2230 1263 2300 _sed
1290 2230 1485 2300 liquor
1521 2229 1892 2300 granorumin

317 2294 909 2379 unitate'conl‘unditur.
942 2299 1018 2353 Ita
1064 2308 1121 2354 et
1146 2294 1668 2379 DominusChristus
1694 2294 1887 2379 signiﬁ:

314 2384 447 2422 cans
474 2383 570 2423 nos
591 2370 658 2422 ad
689 2384 747 2422 se
768 2370 1057 2438 pertinere,
1091 2368 1259 2423 voluit
1285 2369 1609 2439 mysterium
1646 2368 1812 2439 pacis,
1841 2375 1897 2439 et

317 2438 539 2493 unitatis
567 2435 838 2493 nostrae—in
869 2454 964 2493 sua
993 2452 1176 2492 mensa
1197 2435 1538 2496 consecrare.
1581 2435 1683 2502 Qui
1704 2437 1897 2505 accipit

319 2508 631 2578 mysterium
663 2509 902 2568 unitatis.
926 2515 982 2560 et
1006 2523 1110 2562 non
1135 2508 1577 2578 tenetvinculum
1603 2508 1766 2575 pacis,
1790 2522 1896 2559 non

319 2576 631 2648 mysterium
669 2577 873 2649 accipit
917 2591 1014 2645 pro
1060 2592 1154 2641 se,
1213 2576 1307 2630 sed
1355 2577 1717 2640 testimonium
1767 2592 1899 2629 con-

320 2656 401 2699 tra
445 2662 524 2701 SP.

829 2733 1060 2788 SERMO
1097 2733 1282 2788 XXXV
1317 2735 1356 2789 ‘.

747 2825 838 2880 ﬂe
860 2826 1088 2880 secundo
1115 2827 1197 2879 die
1223 2825 1466 2879 Pascluc.

378 2917 660 2975 ‘Besterno
703 2919 795 2974 die
844 2919 982 2974 lecta
1025 2926 1194 2973 estex
1218 2917 1508 2986 Evangelio
1540 2915 1900 2986 Resurrectio,

322 2990 460 3044 lecta
491 3000 671 3043 autem
699 2987 1085 3057 ex-Evangelio
1105 2984 1398 3042 secundum
1430 2986 1686 3040 Marcum.
1731 2984 1901 3039 llodie

322 3074 471 3122 vero,
504 3061 641 3114 sicut
661 3059 884 3115 audistis
907 3059 1255 3127 pronuntiare
1286 3058 1562 3120 lectorem,
1585 3058 1905 3127 recitataest

323 3131 482 3184 nobis
511 3145 577 3183 ex
601 3127 890 3198 Evangelio
908 3124 1130 3182 Domini
1159 3127 1521 3198 Resarrectio,
1551 3126 1706 3198 sicut,
1731 3124 1903 3198 Lucas

323 3199 649 3270 evangelista
673 3195 989 3270 conscripsit
1014 3215 1030 3270 ς
1055 3198 1198 3270 quod
1209 3212 1370 3270 stupe
1391 3195 1710 3270 admonendi
1750 3195 1898 3257 estis,

324 3276 381 3322 ct
408 3264 719 3341 memoriter
747 3264 931 3341 tenere
949 3268 1175 3341 debetis.
1209 3264 1326 3341 Non
1364 3264 1657 3341 _\-_os_dehet
1683 3279 1903 3341 movere
1931 3280 1973 3341 (ς

324 3338 467 3406 quod
499 3337 634 3392 alius
661 3338 985 3406 evangelista
1015 3337 1165 3400 dicit,
1193 3338 1237 3392 si
1287 3337 1415 3404 quid
1444 3336 1577 3388 alius
1601 3335 1901 3406 prmtvrmi:

325 3404 457 3461 serit
489 3424 502 3458 :
559 3408 684 3474 quia
730 3417 785 3461 et
808 3404 949 3475 '(al.,
971 3408 1094 3471 etsi)
1148 3408 1237 3461 ille
1256 3407 1347 3475 qui
1371 3404 1731 3475 prteteruiittit
1756 3404 1902 3474 quod

325 3477 460 3529 alius
488 3475 642 3541 dixit,
665 3476 799 3529 dixit
826 3477 1024 3543 aliquid
1053 3477 1196 3545 quod
1220 3477 1307 3529 ille
1333 3477 1765 3544 przetermiserat.
1800 3475 1905 3528 Ali-

314 3559 429 3613 qua
462 3560 588 3598 vero
628 3546 866 3613 singulus
913 3544 1150 3608 dicit,’et
1178 3546 1265 3599 alii
1288 3554 1398 3600 tres
1419 3560 1525 3598 non
1553 3544 1754 3598 dicunt.
1788 3544 1904 3597 Ali-

327 3629 431 3681 qua
458 3614 526 3667 de
552 3613 778 3669 Domino
794 3614 992 3677 dicunt,
1016 3623 1070 3667 et
1098 3616 1188 3668 alii
1210 3629 1318 3668 non
1346 3615 1548 3669 dicunt.
1583 3614 1771 3682 Aliqua
1795 3624 1906 3669 tres

327 3685 529 3745 dicunt,
560 3692 614 3737 et
642 3700 778 3737 unus
798 3698 905 3737 non
932 3683 1078 3738 dicit.
1104 3684 1405 3738 Auctdritas
1446 3692 1623 3737 autem
1652 3692 1801 3737 tanta
1825 3692 1906 3738 est

328 3750 604 3821 Evangelii
649 3753 839 3818 sancti,
895 3758 952 3806 ut
996 3754 1119 3823 quia
1148 3754 1199 3806 in
1227 3754 1305 3807 eis
1333 3752 1658 3823 loquebatur
1676 3751 1906 3822 Spiritus

330 3838 484 3885 unus,
513 3839 697 3878 verum
738 3824 806 3877 sit
848 3821 1174 3891 etiamquod
1203 3821 1581 3891 dixerit'unus.
1616 3821 1730 3876 Hoc
1776 3838 1906 3891 ergo

329 3895 473 3960 quod
497 3893 657 3948 modo
679 3893 920 3956 audistis,
945 3890 1069 3961 quia
1103 3891 1360 3946 Dominus
1378 3890 1532 3947 Jesus
1554 3890 1904 3961 posteaquam

329 3964 618 4017 resurrexit
646 3979 675 4016 a
708 3964 950 4025 mortuis,
984 3963 1186 4017 invenit
1214 3965 1349 4016 duos
1379 3963 1433 4016 in
1489 3961 1572 4015 via
1611 3977 1675 4015 ex
1739 3963 1905 4017 disci-

329 4034 471 4103 pulis
494 4034 603 4089 suis
624 4032 993 4103 colloquentes
1016 4032 1241 4087 invicem
1264 4034 1330 4086 de
1378 4032 1460 4085 his
1506 4046 1626 4100 quae
1663 4034 1904 4102 contige-

330 4100 472 4165 rant.
495 4112 551 4157 et
570 4103 701 4156 dixit
726 4100 849 4169 illis,
880 4100 981 4166 Qui
1009 4111 1128 4156 sunt
1147 4118 1409 4155 sermones
1427 4103 1534 4163 isti,
1586 4116 1712 4170 quos
1738 4100 1907 4170 loqui-

332 4117 472 4165 rant.
495 4117 551 4157 et
570 4117 701 4156 dixit
726 4117 849 4169 ims,
880 4117 981 4166 um
1009 4117 1128 4156 sunt
1147 4118 1409 4155 sermones
1427 4117 1534 4163 isti,
1586 4117 1712 4222 pnas
1738 4117 1907 4170 toqm-

332 4174 459 4225 mini
483 4172 755 4234 vobiscum,
779 4182 829 4225 et
856 4173 978 4225 estis
1009 4173 1179 4225 tristes
1209 4171 1359 4235 (Luc.
1394 4188 1537 4233 xxiv,
1623 4170 1718 4238 7)?
1762 4173 1908 4225 solus

328 4241 463 4310 dixit
490 4241 663 4296 Lucas
690 4242 1036 4310 evangelista.
1073 4241 1312 4296 Breviter
1340 4242 1444 4296 hoc
1472 4241 1646 4307 attigit
1698 4240 1909 4295 Marcus

331 4309 483 4434 SCup.
515 4327 623 4376 xvi,
651 4310 763 4377 12),
786 4309 911 4393 quia
940 4312 1188 4394 apparuit
1215 4311 1497 4393 duobusin
1522 4312 1603 4392 via
1630 4328 1643 4363 :
1673 4311 1909 4390 sed_quid

354 4381 406 4433 th
436 4382 684 4434 dixerunt
712 4380 960 4434 Domino.
994 4382 1221 4434 velatnd
1250 4396 1328 4434 eis
1384 4382 1581 4434 dixerit
1631 4380 1905 4434 Dominus.

354 4381 406 4433 lli
431 4380 684 4435 dixerunt
712 4380 1221 4451 Dominofvelquid
1250 4382 1328 4435 eis
1384 4380 1581 4435 dixerit
1631 4380 1905 4451 Dominus,

369 4451 686 4504 netermisit.
719 4451 857 4517 Quid
885 4465 1014 4519 ergo
1069 4450 1168 4505 ista
1223 4452 1383 4507 lectio
1436 4450 1663 4505 contulit
1710 4450 1911 4505 nobis?

330 4466 686 4573 pit-aeternusit.
719 4466 857 4517 quin
885 4466 1014 4533 ergo
1069 4466 1168 4532 ista
1223 4466 1383 4507 lectio
1436 4466 1663 4532 cunmm
1710 4466 1906 4532 nobis}

385 4533 577 4587 agnum
606 4520 826 4588 aliquid,
859 4537 902 4575 ει
934 4520 1309 4589 nrtelbgamus.
1337 4522 1595 4590 Apparuit
1618 4518 1796 4585 Iesus,
1824 4536 1906 4573 v1—

330 4590 554 4644 debatur
584 4590 770 4649 oculis.
803 4590 894 4645 sed
926 4605 1030 4644 non
1060 4591 1471 4660 agnoscebatur.
1500 4590 1755 4660 Magister
1783 4604 1904 4644 cum

1991 627 2346 704 ogutieoram,
2391 628 2528 681 sicut
2555 627 2870 704 audivimus,
2922 646 2987 683 ne
3028 632 3185 704 illum
3232 642 3579 704 agnoscerent

1989 698 2176 764 (lbid.,
2232 699 2319 765 16)
2346 714 2358 749 :
2410 706 2516 750 non
2547 698 2867 752 tenebantur
2894 714 2965 755 ne
2990 698 3383 766 viderentfsed
3412 710 3568 758 lene-

1988 768 2183 821 bantur
2210 782 2276 821 ne
2296 775 2667 834 agnoscerent.
2700 767 2814 833 Eia,
2840 767 3053 832 fratres,
3087 772 3175 825 ubi
3199 772 3367 825 voluit
3386 772 3570 827 Domi-

1987 854 2089 893 nus
2111 837 2364 906 agnosci?
2421 834 2488 910 l_n
2529 838 2784 910 fructioue
2828 841 2979 910 pqnis
3015 837 3202 907 (Ibid.,
3235 838 3348 910 35).
3380 840 3570 896 Securi

1986 904 2189 978 sumus,
2214 920 2409 978 panem
2435 904 2742 978 frangimus,
2768 904 2838 961 et'
2874 904 3155 963 Dominum
3189 904 3569 978 agnoscimus.

1990 976 2170 1048 Noluit
2196 975 2412 1048 agnosci
2437 975 2539 1028 nisi
2563 976 2655 1041 ibi,
2686 986 2907 1045 propter
2936 993 3035 1033 nos
3061 979 3153 1048 qui
3183 975 3292 1034 non
3321 994 3443 1034 cum
3489 981 3571 1034 vi-

1988 1046 2099 1099 suri
2128 1059 2342 1117 eramus
2362 1045 2416 1117 in
2442 1055 2708 1117 carneLet
2732 1054 2910 1117 tamen
2932 1045 3301 1103 manducaturi
3330 1049 3448 1117 ejus
3462 1064 3576 1103 car-

1989 1130 2135 1186 nem.
2167 1113 2418 1181 Quisquis
2466 1128 2595 1186 ergo
2625 1114 2793 1186 ﬁdelis
2815 1131 2894 1186 es,
2924 1119 3164 1186 quisquis
3190 1134 3295 1173 non
3344 1113 3575 1172 inaniter

1989 1184 2325 1253 Christianus
2343 1183 2571 1245 vocaris,
2586 1184 2827 1253 quisquis
2847 1183 3143 1241 Beelesiam
3164 1202 3269 1241 non
3294 1188 3412 1242 sine
3450 1202 3575 1242 cau-

1990 1269 2050 1307 sa
2106 1251 2421 1321 ingrederis,
2474 1251 2965 1321 quisqms—verbnm
3015 1256 3108 1309 Dei
3137 1272 3258 1310 cum
3282 1257 3473 1311 timore
3515 1263 3574 1310 et

1989 1337 2085 1395 spe
2107 1324 2278 1395 audis,
2307 1322 2634 1395 consoletur
2655 1332 2709 1377 te
2726 1323 2927 1395 tractio
2956 1326 3125 1395 panis.
3181 1326 3431 1380 Absentia
3462 1324 3573 1380 Do-

1992 1391 2121 1447 mini
2167 1408 2274 1446 non
2321 1399 2403 1445 est
2430 1392 2692 1447 absentia.
2723 1391 2931 1448 Habeto
2957 1391 3137 1454 ﬁdem.
3171 1403 3227 1449 et
3256 1404 3433 1449 tecum
3488 1401 3573 1451 est

1990 1477 2148 1531 quem
2180 1477 2286 1515 non
2311 1459 2479 1514 vides.
2504 1460 2582 1515 llli
2614 1462 2826 1529 quando
2847 1479 2967 1517 cum
2994 1464 3075 1518 eis
3096 1464 3354 1519 Dominus
3378 1465 3573 1533 loque-

1992 1530 2168 1594 batur,
2195 1529 2352 1601 ﬁdem
2377 1544 2482 1583 non
2509 1531 2779 1585 habebant
2805 1549 2819 1586 :
2862 1534 2985 1601 quia
3016 1548 3136 1587 cum
3162 1535 3571 1601 resurrexisset,

1993 1615 2102 1672 non
2131 1573 2441 1672 c’redebanl,
2476 1573 2893 1672 neciresurgereI
2912 1616 3072 1672 posse
3098 1573 3412 1672 sperabant:
3440 1573 3573 1658 33F!

1991 1669 2239 1724 diderant
2268 1669 2443 1731 Iidem,
2466 1670 2810 1739 perdiderant
2837 1669 3007 1739 spem.
3040 1669 3395 1727 Anihulabant
3422 1688 3574 1728 mor-

1994 1740 2068 1792 tui
2123 1754 2244 1793 cum
2288 1739 2402 1805 ipsa
2452 1739 2581 1792 vita.
2624 1738 2888 1795 Camillis
2908 1741 3217 1796 ambulabat
3237 1743 3364 1807 vita,
3394 1742 3490 1797 sed
3518 1744 3575 1797 in

1991 1823 2180 1880 eorum
2208 1807 2856 1880 cordibusnondumerat
2884 1811 3012 1867 vita.
3036 1809 3101 1865 Et
3129 1820 3184 1865 tu
3234 1826 3364 1880 ergo
3389 1814 3437 1866 si
3491 1813 3573 1866 vis

1995 1877 2193 1949 habere
2221 1879 2407 1943 vitam,
2446 1876 2527 1932 l'ac
2546 1877 2699 1949 quod
2711 1878 2983 1933 fecerunt:
3008 1889 3065 1933 ut
3080 1876 3370 1949 agnoscant
3382 1882 3570 1946 Deum,

1922 1925 1969 1984 Β
1996 1925 2240 2019 ιιόξρἰῦᾁ
2257 1925 2650 2015 sagapeni:
2660 1925 2886 2019 ἑίἶιῖεῑίἐ
2894 1925 3574 2019 ἒὲὀι“ὸῖ›ῗνὶίἶι”ιῖξ’ίιῖιῖ‹ῖιῖεἱὶἰῖ

1996 2016 2050 2069 in
2081 2016 2425 2084 longinquum
2451 2018 2712 2084 pergenti.
2741 2017 2820 2071 llli
2849 2034 2979 2074 vero
3026 2028 3317 2074 tenuerunt
3345 2016 3487 2083 eum,
3519 2028 3576 2074 et

1992 2094 2278 2153 antequam
2309 2085 2553 2138 venirent
2580 2087 2646 2139 ad
2677 2086 2875 2151 locum,
2908 2089 3307 2143 contendebant
3334 2091 3577 2144 dicentes

1993 2156 2042 2227 ei
2073 2172 2086 2208 :
2121 2154 2219 2227 Hi_c.
2240 2153 2350 2227 jam
2382 2155 2656 2227 nobiscum
2678 2171 2863 2227 imane.
2893 2157 3181 2212 declinavit
3211 2160 3262 2212 in
3292 2173 3575 2227 vesperum

1992 2223 2303 2295 dies._Tene
2331 2224 2614 2295 hospitem,
2646 2226 2689 2278 si
2735 2229 2814 2279 vis
2850 2240 3177 2295 cognoscere
3221 2223 3573 2282 Salval'orem.

1995 2292 2149 2361 Quod
2180 2293 2377 2348 tulerat
2406 2293 2712 2361 inﬁdelitas,
2741 2292 2970 2349 reddidit
2994 2297 3351 2364 hospitalitas.
3395 2297 3579 2351 Domi-

1995 2377 2095 2435 nus
2144 2376 2276 2435 ergo
2328 2365 2667 2435 praesentavit
2709 2366 2941 2435 seipsum
2995 2367 3047 2419 in
3095 2365 3357 2421 lractione
3398 2368 3575 2435 panis.

1997 2431 2333 2504 Fractionem
2363 2432 2576 2499 ignotus
2598 2431 2834 2502 loquitur
2853 2450 2971 2488 cum
2997 2435 3322 2502 hominibus,
3345 2431 3580 2504 in'panis

2000 2501 2649 2574 t‘ract_i_one_coguosc_itur,
2674 2501 2805 2570 quia
2834 2505 2907 2574 ibi
2937 2506 3043 2558 vita
3098 2501 3313 2558 aeterna
3349 2501 3581 2574 percipic

2000 2580 2105 2644 tur.
2122 2568 2364 2644 Hospitio
2389 2572 2681 2639 suscipitur
2701 2568 2792 2644 qui
2821 2571 3037 2627 domum
3066 2584 3218 2644 parat
3239 2575 3290 2629 in
3318 2568 3474 2629 caele.
3494 2568 3581 2629 λιι

1999 2641 2164 2711 enim,
2220 2639 2396 2711 Multae
2447 2649 2573 2711 sunt
2616 2639 2924 2697 mansiones
2965 2639 3103 2711 apud
3155 2642 3366 2698 Patrem
3397 2658 3576 2698 meum

2004 2707 2183 2776 (Joan.
2215 2709 2421 2772 suum.
2447 2708 2652 2777 Hospes
2700 2712 2901 2765 interea
2945 2707 3063 2766 esse
3101 2712 3271 2766 voluit
3324 2714 3582 2767 Dominus
3656 2752 3663 2755 ~

2001 2779 2153 2843 coeti;
2185 2778 2376 2846 hospes
2423 2793 2542 2832 esse
2568 2780 2816 2847 dignatus
2841 2790 2942 2845 est,
2972 2790 3028 2834 ut
3055 2790 3109 2834 tn
3139 2782 3361 2836 haberes
3411 2786 3582 2836 susci-

2003 2848 2222 2919 piendo,
2255 2848 2704 2919 benedictionem.
2763 2849 2932 2919 Nemo
2970 2851 3262 2919 superbiat,
3317 2852 3441 2919 quia
3489 2851 3583 2905 dat

2006 2916 2247 2987 pauperi.
2277 2916 2521 2973 Christus
2550 2932 2752 2987 pauper
2781 2918 2867 2973 hic
2891 2918 2991 2972 fuit
3015 2916 3250 2974 {discite
3279 2916 3368 2975 ubi
3399 2921 3584 2974 Domi—

2008 3002 2132 3040 nmn
2181 2987 2452 3054 quazratis,
2501 2987 2691 3041 discite
2738 2988 2827 3042 ubi
2880 2989 3141 3058 habeatis,
3197 2991 3386 3045 discite
3441 2991 3585 3044 unde

2005 3058 2328 3123 agnoscatis,
2356 3058 2572 3124 quando
2601 3057 2951 3112 manducatis.
3002 3057 3208 3112 Nurunt
3231 3062 3372 3114 enim
3404 3059 3586 3114 ﬁdeles

2007 3126 2203 3194 aliquid
2231 3125 2377 3194 quod
2411 3125 2601 3180 melius
2647 3127 2969 3195 intelligunt.
3029 3127 3285 3183 Dominus
3310 3128 3465 3183 Iesus
3493 3145 3587 3184 co-

2007 3197 2183 3268 gnitus
2204 3204 2305 3268 est,
2332 3205 2387 3250 et
2427 3205 2774 3268 posteaquam
2805 3199 3051 3265 cognitus
3077 3207 3181 3264 est,
3212 3214 3469 3268 nusquam
3493 3214 3586 3268 ap‘

2009 3267 2202 3336 paruit.
2234 3265 2506 3321 Abscessit
2525 3267 2591 3320 ab
2613 3268 2691 3336 eis
2712 3281 2940 3336 corpore
2958 3270 3047 3336 qui
3078 3265 3363 3322 tenebatur
3384 3270 3434 3322 in
3461 3265 3583 3323 ﬁde.

2007 3335 2129 3391 Ideo
2181 3343 2264 3389 rst
2291 3337 2503 3399 absens,
2533 3344 2586 3394 ut
2616 3335 2747 3390 ﬁdes
2791 3335 3101 3392 aediﬁcetur.
3150 3338 3205 3391 Si
3249 3340 3389 3393 enim
3420 3340 3588 3401 vides,

2005 3406 2092 3460 ubi
2117 3413 2201 3460 est
2230 3404 2401 3460 ﬁdes?
2423 3404 2478 3476 Si
2504 3413 2681 3476 autem
2706 3406 2885 3461 credis
2911 3416 2963 3460 et
2983 3407 3127 3476 quod
3152 3423 3257 3461 non
3280 3407 3449 3474 vides,
3466 3424 3588 3463 cum

2006 3475 2203 3530 videris
2244 3475 2522 3543 gaudebis.
2555 3474 2637 3528 Ad
2666 3477 2807 3543 quod
2857 3474 3018 3532 modo
3048 3478 3243 3542 credis,
3291 3477 3590 3533 aediﬁcetur

2006 3544 2154 3606 ﬁdes,
2203 3545 2325 3615 quia
2374 3544 2630 3616 reddetur
2656 3546 2879 3614 species.
2918 3546 3107 3601 Veniet
3145 3548 3289 3616 quod
3319 3563 3423 3602 non
3454 3548 3589 3602 vidi-

2005 3631 2143 3680 mus,
2177 3615 2597 3686 vide_quomodo
2643 3623 2694 3669 te
2723 3616 2981 3671 inveniat.
3032 3615 3179 3671 Nam
3212 3618 3355 3686 quod
3406 3618 3591 3673 dicunt

2005 3686 2269 3755 homines.
2306 3684 2405 3738 Ubi
2426 3684 2547 3738 est?
2569 3686 2785 3755 quando
2805 3687 2941 3739 erit?
2961 3688 3174 3755 quando
3198 3684 3451 3742 venturus
3472 3688 3591 3741 est?

2005 3754 2195 3809 Certus
2244 3761 2385 3818 esto,
2437 3755 2633 3807 veniet.
2684 3753 2819 3809 Etsi
2866 3753 3005 3810 nolis
3052 3759 3250 3812 veniet.
3284 3756 3398 3812 Erit
3444 3758 3588 3813 enim

2007 3838 2230 3897 magnus
2253 3831 2457 3897 tremor
2482 3823 2575 3897 h_i_s_
2591 3823 2681 3891 qui
2713 3840 2825 3897 non
2844 3825 3209 3897 crediderunt,
3240 3836 3294 3881 et
3336 3842 3589 3897 magnum

2005 3894 2256 3961 gaudium
2286 3893 2377 3961 qui
2399 3893 2757 3962 crediderunt.
2787 3892 3106 3948 Gaudebnnt
3134 3895 3335 3962 ﬁdeles,
3363 3892 3559 3952 conten
3577 3926 3592 3938 -

2006 3960 2202 4017 dentur
2229 3960 2488 4017 inﬁdeles.
2534 3961 2743 4017 Fideles
2755 3960 2971 4030 'gratias
2998 3967 3166 4019 acturi
3195 3960 3329 4021 sunt
3342 3966 3589 4030 Domino,

2006 4034 2131 4100 quia
2158 4047 2285 4086 vera
2315 4039 2439 4085 sunt
2465 4045 2584 4100 quae
2637 4033 3016 4087 crediderunt:
3075 4035 3316 4090 inﬁdeles
3362 4036 3601 4091 eonfun-.

2010 4102 2227 4165 dentur,
2248 4101 2374 4173 quia
2403 4100 2532 4155 falsa
2556 4109 2897 4173 putaverunt.
2922 4101 3104 4156 Laudo
3132 4118 3227 4173 eos
3248 4106 3340 4173 qui
3370 4120 3479 4159 non
3506 4107 3590 4158 vi-

2008 4172 2137 4226 dent
2156 4179 2212 4225 et
2232 4172 2475 4234 credunt,
2498 4173 2624 4240 quia
2666 4186 2788 4241 cum
2819 4172 3047 4227 viderint
3069 4172 3392 4241 gaudebunt.
3415 4174 3592 4230 Causa

2009 4241 2196 4314 salutis
2215 4246 2413 4296 nostra:
2435 4241 2670 4314 suscepit
2700 4240 2956 4314 Dominus
2984 4240 3226 4314 carnem,
3256 4244 3308 4298 in
3336 4259 3443 4314 qua
3482 4260 3595 4299 sus.

2009 4311 2152 4380 cepit
2179 4318 2236 4365 et
2265 4319 2511 4381 mortem.
2546 4309 2860 4364 Resnrrexit
2885 4312 2973 4365 die
3003 4313 3179 4375 tertia,
3208 4312 3319 4381 jam
3348 4309 3455 4369 non
3511 4317 3595 4367 ul-

2011 4381 2179 4451 terius
2204 4380 2514 4451 moriturus,
2547 4388 2602 4434 et
2628 4389 2842 4451 recepta
2871 4396 3031 4450 quam
3060 4380 3388 4451 deposuerat
3414 4387 3593 4439 mritis

2012 4449 2309 4526 substantia
2336 4453 2544 4526 primus
2561 4450 2726 4526 nobis
2740 4449 3149 4526 resurrectionis
3178 4452 3596 4526 incorruptibilis

1985 4518 2138 4574 ,l’ecit
2164 4518 2492 4589 exemplum.
2520 4520 2828 4575 Aseendens
2850 4522 2902 4575 in
2923 4521 3112 4576 eodem
3141 4538 3208 4577 co
3277 4537 3373 4578 ore
3396 4518 3468 4577 ad
3499 4523 3596 4577 Pa-

2014 4597 2170 4644 trem.
2202 4589 2354 4644 sedet
2381 4591 2449 4644 ad
2473 4590 2752 4644 dexteram
2803 4591 2918 4644 Dei.
2950 4538 3406 4644 iudiciumrgatris
3446 4608 3596 4644 Cum-

2014 4597 2170 4653 trem,
2202 4589 2354 4644 sedet
2381 4591 2449 4644 ad
2473 4590 2752 4644 dexteram
2803 4591 2918 4658 Dei,
2944 4591 3202 4660 judicium
3233 4589 3406 4646 Patris
3446 4608 3596 4648 com-

324 4660 434 4731 illis
455 4660 760 4731 ambulabat
781 4660 833 4713 in
866 4660 972 4724 via,
994 4666 1059 4731 et
1081 4654 1197 4728 ipse
1224 4669 1341 4714 erat
1366 4661 1472 4714 via.
1497 4659 1567 4731 Et
1585 4654 1819 4714 nondum
1832 4660 1906 4731 illi
1939 4654 1985 4713 Ι)
2013 4661 2291 4731 municans
2320 4660 2540 4727 pietate,
2564 4674 2726 4727 quem
2756 4654 3038 4714 venturum
3069 4661 3135 4713 ad
3178 4662 3439 4729 judicium
3469 4678 3596 4731 spe-

332 4729 671 4783 ambulabant
697 4730 750 4783 in
778 4730 882 4793 via,
914 4729 1008 4783 sed
1048 4730 1252 4783 invenit
1281 4731 1400 4783 illos
1425 4730 1790 4783 exorbitantes
1841 4729 1908 4783 de

328 4798 434 4851 via.
493 4797 718 4865 Quando
765 4800 905 4854 enim
933 4814 1053 4854 cum
1100 4800 1205 4853 illis
1225 4797 1421 4866 fuerat,
1450 4807 1576 4852 ante
1606 4798 1906 4868 passionem

324 4868 506 4920 onmia
538 4869 875 4935 przedixerat,
898 4884 1176 4938 passurum
1198 4883 1257 4938 se
1282 4869 1466 4931 fuisse,
1490 4878 1546 4922 et
1566 4868 1904 4931 moriturum,

328 4946 387 4990 et
416 4938 570 4990 tertia
593 4939 678 4994 die
703 4936 1151 4995 resurrecturum.
1168 4936 1371 4992 .Omnia
1393 4939 1622 5001 dixerat,
1647 4938 1743 4990 sed
1765 4952 1909 4991 mors

327 5006 474 5062 illius
497 5007 708 5062 illorum
733 5009 934 5064 oblivio
956 5010 1072 5063 fuit.
1106 5008 1196 5064 Sic
1217 5008 1513 5077 perturbati
1542 5014 1668 5077 sunt
1694 5007 1910 5076 quando

336 5091 452 5149 eum
474 5077 716 5132 viderunt
747 5079 800 5133 in
831 5080 976 5148 ligno
1007 5080 1346 5149 pendentem,
1381 5088 1439 5132 ut
1466 5076 1913 5131 obliviscerentur

335 5144 633 5211 docentem,
658 5164 762 5203 non
791 5144 1166 5220 exspectarent
1192 5156 1579 5220 resurgentem,
1607 5162 1706 5202 nec
1758 5151 1911 5220 lene-

328 5224 452 5289 t'ent
480 5216 904 5289 promittentem.
926 5218 1059 5289 Nos,
1087 5216 1372 5288 inquiunt;
1403 5218 1737 5289 sperabamus
1775 5216 1907 5289 quia

311 5284 439 5361 ipse
458 5284 584 5340 esset
609 5288 961 5361 redempturus
992 5284 1174 5361 Israel
1191 5284 1347 5361 (Luc.
1370 5284 1524 5361 xxiv,
1548 5287 1661 5361 21).
1676 5285 1730 5361 ΑΟ
1755 5284 1910 5361 disci-

329 5354 463 5431 puli,
493 5354 816 5425 sperabatis'?
843 5358 984 5427 Ergo
1006 5359 1117 5427 jam
1141 5354 1246 5416 non
1268 5362 1497 5431 speratis
1509 5360 1543 5431 ?_
1560 5354 1806 5431 Christus
1829 5357 1908 5410 vi—
1953 5366 1968 5430 ᾗ

333 5426 425 5483 vit.
454 5434 510 5479 et
529 5442 651 5487 spes
678 5437 889 5482 mortua
910 5426 996 5483 est
1014 5426 1067 5483 in
1092 5433 1282 5485 vobis?
1300 5426 1498 5487 Vivens
1513 5429 1756 5485 Christus
1772 5443 1913 5482 mor-

330 5504 421 5548 tua
451 5494 612 5571 corda
642 5494 1021 5566 discipulorum
1052 5501 1291 5557 invenit:
1325 5516 1553 5571 quorum
1586 5509 1714 5555 tunc
1739 5498 1910 5571 oculis

334 5566 599 5644 ἑψρεπυίιρ
618 5571 683 5644 ἐξ
708 5580 814 5644 non
844 5574 1113 5638 apparuit,
1140 5582 1192 5629 et
1224 5566 1401 5644 tamen
1430 5571 1732 5625 videbatur.
1778 5567 1908 5621 Nam

400 5649 502 5709 '10"
547 5634 844 5709 νίδθῖὶίηηνο
873 5634 1144 5705 διίιυιηοιιό
1186 5644 1338 5698 illum
1366 5642 1785 5709 interrogantem
1812 5652 1911 5709 au-

330 5697 567 5788 diebant,
595 5711 650 5758 et
671 5697 1017 5788 interroganti
1049 5697 1486 5788 i-Egpondebant‘!
1506 5697 1668 5788 l_n'via
1700 5708 1909 5788 cuni'it-

333 5771 393 5835 iis
417 5780 664 5841 tauquam
696 5771 1228 5856 comesambu'lgﬁai,
1261 5789 1319 5833 et
1347 5778 1458 5847 ipse
1503 5777 1610 5831 dux
1636 5786 1771 5832 erat.
1803 5776 1914 5832 Uti-

404 5934 421 5953 ι
444 5932 540 6002 Esi
563 5935 831 6005 Augustini
861 5952 1040 6045 serulo
1073 5967 1093 6030 ί
1106 5955 1204 6023 ιο,
1239 5942 1310 5999 de
1330 5937 1614 6006 Tempore.

2011 4744 2193 4783 ramus
2232 4729 2479 4782 vivormn
2528 4743 2592 4782 ac
2638 4734 3000 4792 mortuorum,
3041 4737 3101 4783 ut
3129 4738 3183 4783 et
3215 4745 3314 4783 nos
3344 4732 3411 4785 de
3442 4729 3597 4787 nobis

2010 4799 2291 4870 credamus
2312 4797 2378 4852 de
2399 4798 2514 4867 ipso
2562 4798 2782 4867 pulvere
2810 4801 3052 4853 eamdem
3081 4810 3300 4853 carnem
3328 4800 3594 4870 accipere,

2010 4868 2201 4921 eadem
2246 4882 2388 4931 ossa,
2430 4875 2677 4937 eamdem
2718 4883 2935 4937 semper
2981 4882 3286 4923 mansuram
3330 4868 3598 4924 membro-

2012 4953 2130 4990 rum
2165 4939 2580 5004 reparationem.
2604 4936 2802 4991 Omnes
2844 4936 3031 4992 snmus
3060 4940 3414 4994 resurrecturi
3449 4957 3463 4992 :
3502 4940 3599 4995 sed

2014 5021 2121 5060 non
2145 5020 2336 5079 omnes
2362 5006 2629 5079 lastaturi._
2649 5005 2827 5059 Veniet
2855 5006 2983 5079 dies,
3017 5008 3207 5076 inquit,
3254 5009 3462 5079 quando
3484 5026 3589 5063 om-

2014 5092 2104 5128 nes
2125 5076 2210 5146 qui
2236 5077 2289 5127 in
2315 5077 2657 5146 monumentis
2684 5087 2802 5129 sunt
2823 5078 3035 5131 audient
3058 5093 3229 5131 uocem
3262 5076 3385 5132 Filii
3413 5077 3532 5143 Dei,
3551 5086 3600 5131 et

2016 5143 2289 5214 procedent
2317 5147 2400 5214 qui
2423 5143 2559 5197 bona
2587 5156 2798 5215 egerunt
2824 5147 2879 5197 in
2908 5148 3330 5215 resurrectionem
3352 5148 3487 5212 vitw,
3514 5151 3601 5215 qui

2018 5219 2159 5286 mala
2187 5222 2425 5286 _eger_uut
2465 5215 2520 5267 in
2570 5214 2990 5286 resurrectionem
3008 5216 3196 5285 judicii
3221 5214 3404 5286 (Joan.
3427 5232 3480 5279 v,
3508 5214 3601 5281 28,

2014 5283 2127 5353 29).
2186 5283 2262 5336 Ita
2315 5284 2491 5353 faciet,
2544 5293 2602 5338 ut
2652 5283 2949 5353 confusioni
2973 5283 3237 5339 reddatur
3255 5285 3600 5353 supplicium,

2015 5303 2127 5353 zu).
2186 5303 2262 5336 ua
2315 5303 2491 5345 laeter,
2544 5303 2602 5338 ιιι
2652 5303 3230 5339 conlusloulreuaatur
3255 5303 3318 5340 su
3360 5303 3600 5353 puclmn,

2015 5354 2209 5409 lmtitite
2235 5352 2490 5407 reddatur
2515 5353 2813 5423 praemium.
2848 5352 3004 5406 Ibunt
3032 5355 3109 5407 illi
3128 5357 3183 5407 in
3204 5303 3602 5409 comgustionent

2015 5436 2280 5507 (alternam,
2326 5423 2459 5492 jisti
2512 5422 2627 5477 rem
2673 5426 2727 5477 in
2757 5422 2912 5476 vitam
2955 5434 3199 5478 mternum
3232 5423 3445 5494 (Matth.
3480 5442 3603 5487 xxv,

2510 5581 2742 5639 SERMO
2770 5582 2989 5637 xxxvi
3039 5587 3075 5606 ο·
3444 5650 3445 5655 γ

2231 5677 2311 5731 De
2339 5675 2576 5731 laudibus
2604 5673 2790 5729 Maria:
2808 5691 2873 5728 ea:
2894 5686 3046 5744 partu
3076 5676 3388 5733 Saluatoris.

2090 5770 2347 5826 Nativitas
2392 5769 2605 5823 Domini
2649 5768 2819 5822 nostri
2858 5766 2985 5843 Iesu
3014 5767 3211 5822 Christi
3244 5775 3416 5824 totum
3446 5784 3604 5838 mun.

2077 5935 2487 6006 Subsequens
2513 5930 2694 5990 sermo
2723 5913 3109 6002 nec‘i‘ulgeiitﬁ
3148 5940 3259 6002 est,
3295 5948 3394 5991 nec
3429 5932 3604 6005 Mign.
