4060 6466
1264 328 1281 348 .,
1387 299 1435 332 έν

254 365 363 423 θοι

1683 366 1916 433 δεδίΜο
1956 368 2187 429 xxxm.
2255 329 2258 332 ’

3430 373 3537 434 903

260 485 317 537 in
346 479 579 551 celum,
610 478 682 537 ibi
709 487 793 537 est
814 479 881 536 ad
903 476 1180 538 dexteram
1212 474 1407 547 Patris,
1432 498 1538 539 non
1568 492 1653 537 est
1675 493 1852 538 autem
1888 490 1931 548 Α
1962 484 2060 538 iste
2081 484 2231 536 dives
2252 481 2369 545 fuit,
2394 479 2460 551 de
2480 480 2744 551 mercibus
2762 484 3150 550 resurgentium
3175 492 3527 544 mortuorum.

258 560 535 608 venturus
561 551 756 621 nisiiin
799 552 986 606 ultimo
1023 553 1221 607 Siccqu
1250 551 1317 609 ad
1348 552 1674 621 judicandos
1702 557 1854 609 vivos

259 630 317 677 et
346 631 620 676 mortuos.
654 620 919 675 Venturos
956 630 1134 676 autem
1163 623 1218 676 in
1242 620 1519 687 claritate,
1552 638 1658 677 non
1690 624 1741 676 in
1774 625 1854 676 in-

258 690 549 747 ﬁrmitate.
576 690 804 761 Daturus
824 699 907 745 est
927 705 1169 759 regnum,
1186 708 1304 761 Anon
1334 692 1654 761 quaesiturus
1676 693 1846 761 hospi-

256 761 433 823 tium,
461 761 683 828 quando
709 759 856 813 dabit
878 758 1121 826 regnum.
1155 759 1271 815 Hoc
1296 760 1430 814 dicis
1453 761 1475 813 ?
1518 758 1727 815 Excidit
1757 758 1851 816 tibi

254 829 414 901 quod
442 829 790 901 dicturusest
819 847 833 901 ξ
865 829 990 883 Cum
1018 831 1108 901 uni
1134 829 1451 901 cumprimis
1479 832 1606 884 meis
1633 831 1850 901 fecistis,

250 896 392 953 sisi/ti
424 899 624 970 fecistis
653 896 1016 970 (Matt/1.x“,
1047 896 1161 967 40).
1192 898 1285 953 ille
1311 899 1460 955 dives
1479 896 1642 970 egens
1662 909 1745 954 est
1768 916 1855 953 us-

244 982 372 1035 que
403 967 476 1020 ad
525 967 682 1037 linem
712 968 910 1037 saeculi,
941 976 997 1020 et
1023 977 1145 1035 eget
1182 983 1405 1036 prorsus
1435 984 1541 1022 non
1574 968 1625 1022 in
1654 971 1850 1037 capite,

243 1038 358 1107 sed
377 1038 433 1091 in
453 1036 850 1107 membrissuis.
871 1035 967 1090 Ubi
990 1038 1143 1103 eget?
1165 1035 1219 1090 in
1241 1038 1434 1103 quibus
1454 1038 1623 1091 doluit
1640 1035 1855 1107 quando

242 1106 403 1177 dixit
434 1124 450 1158 :
483 1105 662 1165 Saule.
695 1104 875 1177 Saule,
906 1107 1027 1177 quid
1048 1124 1126 1163 me
1145 1107 1461 1177 persequeris
1484 1109 1620 1176 (Act.
1648 1104 1720 1171 ix,
1752 1106 1853 1173 i)?

241 1173 648 1243 .Ohsequamur
676 1189 804 1241 ergo
826 1173 1039 1230 Christo
1059 1218 1074 1242 ,
1121 1173 1177 1230 et
1214 1173 1503 1231 nobiscum
1522 1186 1605 1229 est
1636 1178 1687 1230 in
1717 1178 1851 1243 suis,

244 1245 554 1299 nobiscum
584 1253 668 1298 est
696 1244 749 1297 in
776 1246 947 1299 nobis.
999 1244 1107 1299 Nec
1137 1245 1330 1299 frustra
1370 1243 1505 1298 dixit
1538 1261 1551 1298 :
1584 1244 1721 1299 Ecce
1760 1263 1852 1299 eoo
1902 1264 1907 1265 ί

302 1245 554 1299 obiscum
584 1253 668 1298 est
696 1244 749 1297 in
776 1246 947 1299 nobis.
999 1244 1107 1300 Nec
1137 1245 1330 1301 frustra
1370 1244 1505 1298 dixit
1538 1261 1551 1298 :
1584 1244 1721 1299 Ecce
1760 1263 1852 1316 ego
1902 1264 1907 1265 ί
1954 1253 2061 1299 stas
2088 1246 2141 1297 in
2172 1244 2297 1297 caelo
2340 1255 2389 1297 et
2423 1245 2475 1296 in
2506 1253 2640 1296 terra
2682 1244 2890 1313 (Matth.
2922 1261 3102 1307 xxvnt,
3136 1245 3244 1313 l8).
3278 1244 3528 1300 Etnamns

302 1315 530 1389 utriscum
572 1330 686 1367 sum
714 1330 870 1389 usque
898 1314 967 1389 qd
989 1316 1480 1389 consummotionem
1509 1316 1703 1389 surculi.
1727 1314 1853 1370 llaec
1907 1375 1925 1389 δ
1954 1314 2020 1389 ab
2041 1329 2107 1389 eo
2137 1314 2301 1389 gratis
2327 1314 2377 1367 in
2411 1321 2791 1389 terra-pacem,
2828 1323 2884 1365 ut
2907 1316 3275 1389 possideamus
3307 1318 3357 1368 in
3389 1318 3528 1371 etclo

256 1315 530 1385 nobiscum
572 1330 686 1367 sum
714 1330 870 1385 usque
898 1314 967 1385 qd
989 1316 1480 1385 consummationem
1509 1316 1703 1385 saeculi.
1727 1314 1853 1370 llaec

241 1383 522 1438 :faciendo
544 1382 882 1454 agnoscimus
899 1382 1167 1438 Christum
1188 1385 1241 1454 in
1270 1384 1427 1439 bonis
1452 1384 1724 1454 operibus,
1745 1400 1850 1454 non

258 1467 545 1519 corpore,
592 1451 685 1507 sed
716 1454 901 1519 corde,
950 1470 1055 1507 non
1084 1453 1254 1508 oculis
1301 1451 1515 1516 carnis,
1559 1454 1652 1506 sed
1682 1453 1853 1508 oculis

238 1522 390 1576 "etidei
418 1540 432 1575 :
465 1519 603 1586 Quia
624 1521 815 1584 vidisti,
836 1521 1122 1591 credidisti,
1145 1523 1221 1576 ait
1244 1522 1452 1576 cuidam
1474 1522 1734 1591 discipulo
1754 1539 1852 1591 suo

216 1634 219 1639 .
257 1593 573 1662 incredula,
602 1592 694 1662 qui
724 1592 933 1647 dixerat
963 1610 976 1644 :
1009 1590 1137 1662 Non,
1160 1593 1333 1653 credo,
1385 1593 1484 1645 nisi
1523 1590 1752 1662 tetigero.
1786 1590 1853 1646 Et

166 1682 169 1683 ν
258 1660 533 1731 Dominus
560 1679 572 1712 :
601 1659 747 1723 Veni,
764 1670 1013 1731 tangeLet
1033 1661 1140 1715 noli
1160 1679 1269 1715 esse
1290 1659 1717 1731 increduluspsed
1731 1663 1855 1730 ﬁde-

236 1732 329 1785 .tis
381 1729 591 1800 (Joan.
621 1747 726 1795 xx,
755 1730 821 1782 27
843 1729 883 1800 ).
935 1730 1231 1800 Tetigitet
1269 1731 1522 1800 clamavit
1555 1750 1566 1782 :
1601 1730 1852 1800 Dominus

238 1817 432 1863 .meus,
459 1810 510 1853 et
543 1798 675 1870 Deus
708 1798 849 1870 meus
895 1798 1071 1870 (Ibid.
1091 1843 1106 1866 ,
1140 1798 1265 1870 εδ).
1296 1798 1360 1853 Ει
1389 1799 1643 1854 Dominus
1675 1818 1687 1851 :
1719 1798 1852 1863 Quia

241 1870 469 1933 ridisti.
503 1869 768 1939 credidisti
798 1868 983 1939 (Ibid,
1015 1869 1128 1928 99).
1177 1868 1295 1939 Ipsa
1325 1878 1407 1924 est
1438 1878 1549 1923 tota
1582 1869 1710 1924 lides
1741 1878 1851 1934 tua,

236 1940 390 2007 .qnia
414 1938 693 1994 credidisti
714 1938 858 2008 quad
880 1940 1062 1993 vides?
1095 1938 1278 1992 Laudo
1301 1955 1395 2009 eos
1422 1939 1512 2009 qui
1541 1954 1646 1992 non
1670 1940 1855 1994 vident

235 2010 576 2063 .et.cre.lunt
606 2027 625 2063 ξ
655 2010 780 2078 quia
810 2023 929 2063 cum
953 2009 1184 2063 viderint
1212 2008 1542 2075 gaudebunt.

781 2092 1020 2173 sentio
1048 2118 1327 2172 xxxvut.

804 2205 946 2261 Item
975 2208 1109 2260 unde
1134 2224 1315 2277 supra.

335 2296 514 2364 Quam
542 2297 825 2367 pulchrum
841 2305 1069 2367 apparet
1092 2297 1271 2368 littus,
1291 2297 1415 2352 dum
1448 2302 1689 2368 repletur
1718 2315 1857 2353 mer-

242 2384 275 2424 t
292 2369 436 2430 ibus,
460 2376 516 2421 et
538 2368 773 2435 trepidat
794 2367 1208 2422 mercatoribus!
1231 2367 1590 2436 Expouuntur
1608 2369 1676 2423 de
1704 2370 1854 2423 11³νί-

255 2439 361 2491 bus
387 2438 614 2492 sarcina:
648 2438 873 2491 vestium
900 2437 1265 2497 diversarum.
1306 2437 1559 2490 tutantur
1587 2440 1851 2492 innumeri

241 2506 601 2561 cantantium
639 2505 692 2559 in
713 2504 1054 2571 iucunditate
1074 2514 1401 2572 nautarum,
1432 2516 1488 2559 et
1527 2508 1677 2560 dives
1704 2508 1854 2563 sinus

256 2574 528 2643 tripudiat
555 2589 858 2627 arenarum.
892 2573 1028 2639 Quid
1054 2581 1140 2627 est
1168 2574 1340 2629 ilhtd?
1388 2581 1443 2628 et
1472 2583 1731 2642 quantum
1758 2576 1854 2629 de-

247 2642 431 2699 lectat
478 2642 758 2697 attendere
798 2644 947 2697 littus
973 2643 1256 2697 dominicae
1302 2643 1747 2704 resurrectionis,
1799 2652 1853 2698 et

256 2722 488 2782 portum
506 2711 731 2782 Domini
771 2712 1098 2782 resurgentis
1127 2711 1325 2782 micare
1355 2711 1621 2782 mercibus
1648 2712 1851 2782 pretio-

254 2779 381 2839 sis?
412 2781 517 2847 Qui
543 2789 671 2835 sunt
697 2780 858 2849 bajuli
881 2780 905 2834 ?
928 2780 1102 2847 angeli
1129 2788 1185 2834 et
1206 2779 1534 2846 archangeli,
1561 2779 1657 2849 qui
1679 2781 1849 2835 sarci-

258 2868 361 2907 nas
392 2850 695 2905 animarum
718 2848 786 2904 de
807 2848 999 2903 inferni
1018 2849 1243 2904 vinculis
1263 2849 1558 2903 soluturum
1583 2848 1853 2904 deducunt

246 2922 469 2977 laetitia:
507 2920 699 2989 palmis
741 2920 809 2974 ad
837 2928 1053 2988 portum
1085 2938 1097 2971 ε
1143 2927 1199 2974 et
1223 2919 1426 2989 gerulis
1454 2919 1754 2989 cervicibus
1783 2920 1851 2977 ad

260 2993 417 3045 littus
448 2986 747 3059 perducunt
775 2986 930 3043 terra:
972 2986 1252 3059 vivorum._
1284 2986 1374 3059 Sic
1400 2988 1629 3043 Domino
1674 3004 1852 3059 resur-

248 3069 428 3131 gente
448 3056 571 3131 ripa
595 3057 850 3131 fulgebat,
874 3057 1092 3125 quando
1109 3056 1450 3131 naufragium
1467 3059 1733 3131 gehennae
1765 3057 1869 3112 lu-'

250 3125 448 3198 gebat.
497 3125 556 3183 lu
585 3125 880 3183 illa’carina
908 3128 1151 3197 corporis
1189 3127 1387 3198 Christi
1426 3127 1498 3181 ab
1542 3125 1725 3182 inferis
1762 3142 1851 3185 re-

259 3197 481 3291 deunt-is
501 3199 849 3279 imponuntur
861 3197 1492 3291 mercespiraticaatuper
1509 3197 1852 3291 usurpatione
1882 3228 1926 3291 ρ

258 3270 532 3335 sublatae,
582 3269 819 3323 omnium
866 3267 1192 3336 gementium
1231 3267 1424 3321 animae
1464 3268 1603 3336 apud
1655 3267 1852 3323 inferos

254 3340 602 3408 captivorum
630 3355 648 3392 :
676 3337 1079 3408 quandogsoluti
1110 3343 1237 3392 sunt
1258 3337 1495 3408 gemitus
1535 3336 1847 3402 inferorum,

249 3405 517 3462 laetantur
546 3405 740 3476 in‘ripa
767 3405 931 3462 Petri.
967 3405 1204 3462 Laetetur
1232 3415 1286 3461 et
1315 3406 1404 3461 illa
1436 3405 1600 3460 Maria
1633 3416 1853 3476 portans

259 3479 329 3533 de
362 3478 649 3548 pigmentis
677 3483 935 3548 aromata
960 3477 1260 3532 necessaria
1293 3494 1306 3529 :
1356 3484 1413 3529 et
1457 3477 1852 3548 reportanside

256 3544 520 3618 sepulcro
565 3544 754 3618 gaudia
800 3544 1033 3618 pretiosa
1067 3554 1123 3600 et
1154 3553 1486 3618 tnortuorum
1512 3544 1632 3618 viva
1662 3546 1729 3600 de
1753 3547 1851 3618 Alit-

250 3613 384 3673 tore
412 3613 996 3681 mercimonia.’Angeli
1024 3622 1177 3669 erant
1201 3613 1387 3682 bajuli,
1416 3622 1471 3667 et
1500 3615 1845 3671 delectabiles

217 3717 230 3728 ο
264 3688 502 3750 latores,
550 3685 641 3754 qui
690 3683 974 3754 Dominum
1004 3683 1072 3738 ad
1104 3684 1403 3754 gehennam
1434 3684 1849 3754 descendentem

249 3752 643 3825 potentissime
690 3752 1061 3825 deducebant,
1106 3764 1171 3825 _et
1200 3752 1529 3825 redeuntem
1580 3753 1852 3825 laetissime

240 3820 662 3895 ,prtccedebant.
717 3821 861 3878 Unus
897 3838 1061 3895 super
1105 3820 1338 3895 lapidem
1373 3824 1745 3895 monumenti,
1795 3831 1853 3876 ut

266 3891 479 3951 inerces
509 3900 835 3963 proponeret
861 3891 1049 3946 mortis
1075 3892 1231 3963 simul
1260 3899 1316 3944 et
1336 3891 1477 3963 Viue,
1503 3906 1636 3959 quas
1660 3906 1850 3963 propo-

251 3974 424 4020 σιω-ει
466 3961 812 4029 mulieribus,
858 3972 914 4015 et
945 3961 1229 4016 ventilaret
1257 3961 1588 4029 pastoribus,
1638 3962 1764 4029 dum
1796 3962 1849 4014 in

253 4048 465 4088 aurora
495 4031 727 4101 paradisi
754 4030 1013 4101 matutina
1045 4030 1210 4101 fulget
1250 4028 1364 4101 ipse
1406 4029 1659 4101 Dominus
1692 4028 1850 4086 Jesus

254 4095 514 4171 Christus
556 4100 733 4171 (Joan.
764 4115 869 4171 xx,
902 4099 1012 4168 12).
1039 4095 1363 4167 Αιίἷὶηεὶξιί,
1398 4115 1530 4153 unus
1560 4099 1625 4153 ad
1666 4111 1847 4169 caput,

254 4174 407 4227 alter
436 4170 509 4241 ad
535 4170 698 4241 pedes
728 4170 880 4241 illius
908 4170 1032 4241 novi
1062 4171 1847 4241 pnesident_monumenti,__ut

268 4256 480 4297 merces
500 4237 868 4296 linteaminum
893 4237 1088 4296 Christi
1113 4256 1217 4294 non
1239 4237 1558 4305 venderent,
1580 4239 1674 4293 sed
1697 4238 1851 4295 offer-

270 4319 411 4366 rent.
461 4310 655 4380 Dicunt
683 4310 982 4380 ementibus
1009 4310 1320 4380 mulieribus
1346 4324 1444 4378 pro
1474 4309 1659 4380 pretio
1677 4307 1851 4380 lacry-

260 4396 481 4435 marum
512 4397 524 4433 :
559 4379 716 4448 Quid,
748 4380 935 4449 inquit,
969 4379 1224 4449 ploratis?
1248 4377 1430 4433 Jesum
1453 4378 1711 4448 qumritis,
1742 4377 1847 4434 non

260 4459 350 4504 est
376 4452 485 4517 hic,
507 4450 741 4504 surrexit
760 4465 788 4502 a
813 4450 1059 4516 mortuis,
1074 4450 1210 4506 sicut
1233 4449 1442 4505 dixerat
1462 4450 1633 4504 vobis.
1651 4449 1850 4504 Ascen-

268 4518 344 4573 dit
375 4519 681 4587 negotiator
703 4518 771 4573 ab
801 4518 982 4574 inieris
1020 4535 1141 4574 cum
1187 4519 1411 4574 sarcinis
1453 4519 1684 4587 pietatis.
1732 4518 1847 4573 Non

1959 553 2067 606 Nisi
2097 552 2304 607 dederit
2329 550 2473 604 vocis
2496 550 2650 625 dulce
2678 566 3010 625 responsum,
3037 570 3193 608 nemo
3220 564 3398 624 potest
3416 557 3533 625 ejus

1957 632 2252 675 retractare
2279 622 2679 691 commercium,
2710 623 2790 674 vel
2817 622 3087 690 possidere
3116 622 3408 691 negotium,
3439 622 3532 681 aut

1956 689 2621 761 compararemysterium
2641 730 2655 754 ,
2688 700 2778 761 aut
2808 689 3051 744 Obtiuere
3076 689 3360 761 gaudium,
3396 689 3532 751 cum

1956 758 2115 831 solvit
2159 758 2525 831 naufragium,
2562 767 2616 831 et
2654 758 2791 831 redit
2834 761 2898 831 ad
2924 768 3154 831 portum.
3189 758 3533 831 Respondeat

1957 830 2211 900 libenter,
2234 831 2280 881 ei
2312 830 2454 881 dicat
2484 827 2659 880 Mari-.e
2692 846 2704 879 :
2736 828 2787 881 Μ
2797 827 2934 882 aria.
2960 828 3220 899 Loquitur
3249 827 3333 900 pie
3363 849 3529 900 nego-

1959 900 2138 951 tiator.
2173 897 2337 950 Nemo
2368 912 2576 950 merces
2613 899 3019 953 resurrectionis
3046 897 3208 966 gratis
3230 897 3407 955 eun-re
3431 897 3530 956 du-

1954 968 2105 1021 bitat.
2158 966 2404 1019 Fortasse
2450 975 2733 1021 tuercator.
2784 967 3032 1022 Dicamus
3060 969 3108 1022 ei
3156 985 3275 1022 cum
3313 970 3476 1024 Maria
3513 990 3526 1026 :

1958 1035 2146 1100 Rabbi,
2188 1036 2332 1103 quod
2362 1036 2760 1104 interpretatur,
2798 1036 3039 1097 Domine,
3072 1038 3160 1090 ubi
3202 1047 3285 1091 est
3324 1056 3531 1093 merces

1957 1108 2078 1161 tua?
2108 1106 2395 1172 Quousque
2423 1106 2786 1175 extenduntur
2812 1108 3023 1171 negotia
3056 1107 3185 1160 tua?
3207 1106 3400 1171 Quanti
3432 1126 3528 1175 pa-

1954 1184 2142 1229 rantur
2170 1174 2339 1246 pretia
2371 1176 2497 1246 tua?
2528 1173 2666 1227 Data
2695 1184 2767 1246 est
2799 1177 2941 1238 mihi,
2975 1178 3165 1246 inquit,
3194 1178 3358 1246 cuntis
3386 1173 3530 1246 pote-

1954 1253 2061 1299 stas
2088 1246 2141 1297 in
2172 1243 2297 1297 caelo
2340 1255 2389 1297 et
2423 1245 2475 1296 in
2506 1253 2640 1296 terra
2682 1243 2890 1313 (Matth.
2922 1243 3102 1307 mm,
3136 1245 3244 1313 l8).
3278 1243 3530 1300 Emamus

1954 1381 2191 1436 iustitiam
2216 1382 2524 1436 salutarem.
2546 1382 2823 1436 Dominum
2848 1381 3114 1437 credimus
3140 1398 3529 1450 resurgentem,

1953 1460 2008 1505 et
2052 1453 2336 1521 uSpicimus
2378 1453 2785 1516 ascendentem,
2818 1461 2871 1505 et
2914 1453 3207 1507 salutamus
3248 1452 3299 1506 in
3325 1455 3528 1520 jucicio

1954 1519 2278 1584 venientem,
2310 1537 2413 1575 non
2443 1529 2499 1590 ut
2528 1536 2733 1573 merces
2766 1530 3051 1590 proponat,
3079 1524 3171 1574 sed
3199 1533 3255 1574 ut
3283 1533 3487 1587 spectet
3512 1542 3528 1587 ;

1955 1607 2060 1644 non
2086 1599 2142 1644 ut
2165 1592 2377 1650 vendat,
2400 1589 2494 1645 sed
2515 1599 2569 1642 ut
2595 1588 2790 1656 exigat.
2811 1588 3062 1645 Paretnus
3085 1592 3157 1643 illi
3184 1593 3529 1647 umrrimonia

1957 1668 2160 1714 nostra.
2202 1659 2371 1724 Quae?
2403 1675 2506 1713 non
2536 1676 2744 1722 aurmn,
2777 1678 2879 1714 non
2910 1670 3209 1728 argentum,
3244 1676 3348 1714 non
3376 1677 3526 1729 gem-

1954 1745 2159 1783 marum
2194 1729 2277 1782 lita
2309 1729 2559 1799 lucentia,
2593 1730 2684 1783 sed
2712 1730 2885 1794 tidem,
2916 1744 3088 1799 spem,
3112 1732 3408 1794 caritatem,
3435 1748 3525 1783 na—

1957 1799 2236 1860 tivitatem,
2252 1798 2574 1866 passionem,
2592 1807 2856 1852 resurrcct
2878 1816 3033 1853 onem
3062 1808 3115 1851 et
3135 1800 3527 1853 ascensionem:

1956 1868 2064 1922 lsta
2087 1876 2211 1922 sunt
2234 1868 2575 1921 tnercimonia
2608 1877 2806 1921 nostra.
2833 1867 3078 1936 Nunquid
3112 1870 3222 1936 ipse
3254 1870 3423 1923 inanis
3444 1880 3527 1923 est

1959 1946 2211 1991 venturus
2241 1937 2291 1989 in
2323 1937 2496 1989 nube?
2545 1936 2684 1990 Ecce
2716 1937 2967 1990 Dominus
2998 1939 3192 1998 veniet,
3239 1948 3291 1990 et
3322 1954 3527 1992 merces

1955 2006 2071 2076 ejus
2100 2022 2218 2061 cum
2249 2023 2352 2070 eo;
2401 2006 2538 2060 sicut
2563 2005 2757 2060 ιΙιυὶιιιι·
2784 2024 2795 2056 :
2830 2006 2992 2059 Dicite
3022 2008 3148 2076 lilia!
3176 2006 3302 2059 Sion
3331 2024 3347 2060 :
3398 2007 3529 2060 Ecce

1956 2074 2199 2131 Salmtor
2227 2084 2342 2128 tuus
2371 2076 2603 2128 adveniet
2621 2117 2643 2145 ,ν
2663 2075 2852 2128 habens
2879 2074 3091 2129 mercem
3121 2093 3286 2140 suam,
3327 2088 3374 2129 et
3404 2094 3529 2145 opus

1956 2146 2067 2215 ejus
2096 2158 2217 2198 an.'e
2247 2148 2429 2215 [aciem
2471 2147 2578 2216 ejus
2603 2144 2736 2215 (Isa.
2770 2161 2898 2216 nit,
2928 2145 3032 2211 lt),
3066 2150 3146 2216 cui
3184 2162 3289 2198 llttll
3320 2155 3402 2199 est
3428 2150 3528 2198 do—

1952 2214 2188 2268 minatus
2213 2214 2471 2279 inl'crnus,
2498 2214 2552 2267 et
2574 2214 2767 2283 cui-pus
2797 2214 2911 2279 ejus
2935 2215 3177 2267 ascendit
3203 2216 3252 2268 in
3281 2216 3530 2279 nubibus,

1955 2293 2011 2337 et
2044 2286 2109 2338 de
2141 2284 2362 2339 mortuis
2398 2294 2451 2336 et
2476 2285 2606 2354 vivis
2643 2300 2773 2336 unus
2802 2292 3015 2337 resonet
3043 2295 3232 2337 cantus
3260 2303 3270 2331 :
3301 2286 3421 2354 quia
3451 2286 3529 2336 hic

1953 2362 2029 2406 est
2061 2355 2168 2405 di’es
2197 2371 2342 2422 quem
2368 2354 2485 2423 fecit
2522 2353 2771 2423 Dominus
2790 2354 3146 2423 ,_e;rsultcntus
3184 2363 3232 2406 et
3271 2353 3531 2423 jucunde-

1955 2439 2068 2493 mur
2091 2425 2144 2475 in
2170 2420 2228 2475 eo
2260 2420 2429 2493 (Psal.
2454 2438 2616 2487 cxvu,
2643 2421 2757 2487 24).
2800 2420 2932 2493 Ecce
2962 2424 3101 2476 enim
3135 2439 3184 2475 m
3209 2420 3328 2474 tlllll
3358 2426 3528 2491 tripu-

1953 2491 2102 2544 diant
2132 2493 2199 2543 ab
2230 2492 2457 2554 inl'erno,
2490 2503 2543 2545 ct
2584 2493 2758 2559 angeli
2808 2491 3054 2545 iactantur
3094 2493 3144 2544 in
3172 2494 3309 2545 cmlo
3343 2510 3354 2543 :
3392 2501 3446 2544 ul
3475 2500 3529 2545 et

1955 2577 2054 2615 nos
2083 2561 2132 2613 in
2164 2562 2266 2614 isto
2301 2562 2501 2630 templo
2522 2570 2869 2628 gaudeamus.
3538 2595 3564 2625 ,

2461 2668 2694 2722 SERMO
2726 2669 2946 2722 XXXIX
2979 2673 3015 2725 '.

2424 2758 2482 2810 In
2513 2768 2693 2827 quarto
2722 2760 2804 2810 die
2832 2759 3061 2812 I’ascluc.

2025 2846 2090 2898 Et
2115 2846 2273 2900 hodie
2299 2845 2642 2899 llesurrectio
2668 2846 2875 2897 Domini
2899 2846 3122 2899 recitata
3152 2854 3235 2900 est
3260 2846 3331 2899 de
3347 2858 3537 2903 sancta

1954 2915 2262 2983 Evangelio.
2298 2915 2517 2968 Lectum
2546 2924 2628 2968 est
2657 2930 2833 2968 autem
2865 2913 3208 2982 Etaagelium
3239 2922 3533 2971 secundum

1951 2984 2235 3040 Joannem.
2261 2983 2571 3054 Audivimus
2597 3000 2716 3052 qua:
2744 2986 2795 3037 in
2826 2985 2941 3037 aliis
2964 2986 3112 3037 libris
3136 2985 3531 3054 Evangelti‘nou

1954 3054 2314 3109 audieramus.
2364 3050 2627 3111 Omnibus
2649 3054 2861 3122 quidem
2892 3056 3192 3108 conuuunis
3228 3050 3310 3108 est
3339 3057 3537 3124 praedia

1954 3125 2096 3179 catio
2125 3123 2395 3188 veritatis,
2427 3132 2482 3176 et
2521 3124 2586 3176 de
2617 3120 2722 3176 uno
2753 3125 2899 3177 l'onte
2924 3140 3112 3188 omnes
3139 3120 3408 3189 biberunt,
3441 3120 3531 3182 sed

1957 3197 2008 3249 in
2034 3193 2411 3264 praedicatione
2431 3192 2704 3264 Evangelii
2730 3192 3046 3264 (sicutsacpe
3073 3194 3380 3248 commbnui
3403 3197 3530 3249 rario

1956 3263 2120 3320 tatem
2152 3267 2407 3332 vestram)
2440 3263 2541 3315 alia
2573 3278 2780 3325 omnes,
2824 3263 2924 3316 alia
2968 3272 3102 3327 tres,
3138 3264 3238 3317 alia
3271 3268 3398 3331 duo,
3431 3266 3532 3321 alia

1955 3333 2148 3402 singuli
2173 3341 2485 3402 posuerunt.
2512 3332 2671 3402 Modo
2695 3348 2823 3399 ergo
2850 3333 2993 3399 quod
3022 3334 3319 3388 audivimus
3341 3351 3531 3389 secun-

1955 3403 2081 3458 dum
2110 3401 2393 3465 Joannem,
2417 3403 2539 3470 quia
2569 3401 2728 3455 Maria
2760 3402 2891 3454 vnlit
2912 3402 3214 3467 Dominum,
3248 3414 3301 3457 et
3326 3406 3459 3457 dixit
3482 3405 3531 3459 ei

1954 3472 2212 3528 Dominus
2240 3491 2250 3524 :
2285 3471 2409 3526 Noli
2434 3488 2517 3541 me
2543 3481 2771 3541 tangere.
2798 3470 3042 3527 Nondum
3067 3475 3199 3526 enim
3229 3476 3437 3528 asreudi
3465 3472 3532 3529 ad

1952 3541 2168 3597 Patrem
2192 3559 2357 3596 meum
2388 3540 2565 3611 (Joau.
2585 3540 2673 3601 xi,
2696 3543 2780 3610 l7)
2809 3560 2821 3594 :
2853 3544 3000 3596 solus
3023 3544 3348 3611 evangelista
3379 3543 3530 3597 Joan-

1954 3627 2049 3667 nes
2072 3621 2473 3681 commemorat.
2504 3610 2636 3665 llinc
2659 3627 2785 3677 ergo
2811 3613 3131 3681 loquendum
3155 3623 3238 3667 est
3260 3612 3530 3667 sanctitati

1953 3690 2163 3735 vestrm.
2182 3680 2320 3735 Visis
2337 3683 2497 3735 etiam
2524 3680 2920 3735 linteaminibus
2940 3681 2991 3735 in
3013 3683 3277 3750 sepulcro,
3295 3686 3531 3738 nondum

1952 3750 2682 3821 resurrexissécrcdiderant,
2698 3753 2789 3803 seJ
2810 3752 3043 3821 ablatum
3060 3767 3176 3805 esse
3199 3768 3396 3821 corpus
3415 3753 3530 3820 ejus

1953 3820 2019 3891 de
2044 3828 2414 3891 Vmonumettto.
2443 3820 2578 3891 Nam
2610 3827 2663 3873 et
2694 3822 2805 3891 ipse
2830 3819 3068 3891 Joannes
3100 3819 3354 3891 (seipsuin
3385 3819 3527 3877 enim

1951 3890 2101 3962 dicit,
2114 3905 2259 3959 quem
2276 3887 2519 3962 diligebat
2533 3888 2681 3962 .lesas
2696 3889 2745 3962 [Ι
2753 3889 2838 3941 bid
2847 3929 2881 3954 .,
2898 3887 3132 3962 2]),cum
3146 3887 3379 3946 audisset
3394 3911 3530 3949 unn-

1954 3959 2207 4014 tianlihus
2228 3959 2538 4013 mulieribus
2564 3968 2619 4013 et
2636 3959 2959 4027 dicentibus,
2978 3960 3233 4014 Tulcrunt
3253 3962 3530 4019 Dominum

1953 4045 2130 4083 meum
2152 4030 2218 4083 de
2246 4038 2616 4091 monumento,
2649 4028 2876 4083 cucurrit
2911 4046 3031 4084 cum
3064 4028 3247 4097 Petro,
3278 4040 3332 4084 et
3362 4041 3530 4086 attea~

1953 4098 2086 4153 dens
2115 4100 2164 4152 in
2196 4107 2596 4152 monumentum
2639 4099 2767 4152 vidit
2791 4099 2903 4152 sola
2950 4099 3278 4166 linteamina,
3316 4111 3371 4155 ct
3413 4098 3541 4162 cres'

1953 4169 2104 4243 didit.
2131 4167 2267 4236 Quid
2295 4169 2557 4243 cre.ti.lit_?
2587 4168 2845 4243 Nonquia
2875 4180 3263 4243 resnrrexerat,
3296 4186 3321 4223 s
3343 4172 3386 4224 -d
3405 4174 3536 4243 quia

1953 4238 2021 4292 de
2051 4247 2399 4291 monumento
2422 4237 2676 4306 perierat.
2705 4238 2816 4291 Hoc
2842 4240 3119 4308 sequentia
3144 4240 3303 4295 verba
3330 4237 3530 4295 testam

1953 4316 2076 4361 tur:
2109 4309 2186 4360 sic
2212 4307 2355 4361 enim
2385 4308 2639 4375 scriptum
2672 4317 2771 4369 est,
2800 4307 2941 4376 quod
2991 4309 3150 4363 modo
3188 4311 3486 4366 audivimus
3517 4332 3528 4369 :

1952 4378 2202 4445 Attendit,
2235 4377 2376 4442 vidit,
2410 4387 2457 4430 et
2477 4378 2710 4431 credidit.
2739 4376 2982 4431 Nondum
3004 4382 3139 4433 enim
3168 4382 3359 4435 sciebat
3384 4380 3500 4439 Srri
3519 4415 3532 4423 -

1951 4456 2150 4519 pturas,
2178 4449 2295 4519 quia
2318 4450 2539 4518 Oportuit
2561 4462 2673 4519 eum
2696 4465 2726 4500 a
2744 4451 2957 4503 mortuis
2982 4467 3246 4519 resurgere
3263 4450 3314 4519 (1
3322 4453 3452 4515 ὁὶάζ,
3510 4493 3524 4516 ,

1953 4468 2150 4517 pturas,
2178 4468 2295 4519 qum
2318 4468 2539 4518 oportuit
2561 4468 2673 4501 eum
2696 4468 2726 4500 (ι
2744 4468 2957 4503 ηιυιίωε
2982 4468 3126 4504 resur
3162 4469 3246 4504 ere
3263 4468 3452 4519 (Ivid.,
3510 4493 3524 4516 ,

1953 4518 2031 4588 9).
2076 4519 2335 4588 Apparuit
2364 4532 2489 4588 ergo
2519 4517 2643 4586 quid
2672 4519 2893 4588 credidit
2922 4538 2932 4569 :
2958 4522 3098 4587 quod
3127 4468 3246 4576 ﬁdei
3278 4539 3380 4575 non
3413 4535 3529 4583 erat

268 4589 570 4664 ereditis_de
594 4588 927 4664 negotiatore
951 4597 1221 4664 surgente,
1237 4588 1424 4664 _videtc
1445 4604 1676 4664 mercem
1700 4588 1751 4641 in
1774 4606 1853 4644 sc-
1881 4594 1927 4653 υ
1952 4587 2056 4643 hoc
2075 4587 2319 4664 credidit,
2337 4587 2596 4664 Credidit,
2614 4588 2705 4664 sed
2730 4587 2917 4664 falsum
2941 4590 3185 4664 credidit.
3204 4592 3462 4664 Apparuit
3482 4595 3529 4650 ei

270 4661 457 4730 pulcro
485 4657 795 4730 fulgentem.
844 4655 1321 4730 Eccelinteamina
1361 4659 1685 4730 sepulturae,
1728 4675 1849 4730 qua:

271 4744 379 4782 non
425 4728 658 4783 delectet
701 4727 815 4782 sine
863 4726 1039 4796 pretio
1068 4728 1361 4796 possidere.
1406 4726 1543 4784 Ecce
1572 4726 1844 4784 sudarium

268 4798 481 4868 capitis.
515 4796 653 4852 Ecce
680 4795 889 4852 sarcina
918 4795 1248 4868 mercatoris.
1280 4797 1357 4850 ite
1376 4836 1391 4861 ,
1421 4797 1662 4868 nuntiate
1690 4797 1849 4852 disci-

271 4865 427 4935 pulis,
463 4877 519 4921 ut
543 4874 787 4936 patescat
814 4866 1021 4921 sarcina
1050 4866 1264 4936 pietatis
1293 4865 1716 4932 negotiatoribus
1738 4869 1848 4922 uni—

271 4934 460 5000 versis,
495 4934 661 4992 linteo
684 4936 1008 4999 resurrexit,
1036 4936 1125 5004 qui
1157 4934 1340 4990 Lazari
1370 4936 1536 4990 linteo
1561 4937 1846 5004 sepultura:

238 5029 250 5051 ο
270 5015 491 5061 catenas
531 5006 765 5074 abrupit,
794 5005 922 5060 fecit
946 5005 1274 5074 sepulturam
1304 5004 1371 5074 de
1402 5005 1565 5059 linteo
1595 5016 1848 5074 peccato-

273 5090 410 5146 rum,
442 5083 500 5129 ut
522 5073 687 5129 vitam
711 5074 957 5146 redderet
982 5073 1310 5143 angelorum.
1336 5073 1528 5146 Factus
1547 5073 1708 5146 estin
1732 5077 1846 5146 ripa

272 5142 456 5214 hortus
495 5158 801 5214 amoenus;
829 5144 953 5214 quia
1004 5142 1352 5199 cessaverunt
1398 5143 1583 5199 tumidi
1635 5142 1843 5200 llucttis.

271 5211 562 5284 Cmperunt
590 5223 742 5284 prata
772 5211 985 5284 ﬂorere,
1010 5223 1066 5270 et
1090 5219 1318 5269 cessavit
1349 5213 1485 5267 unda
1507 5214 1728 5284 latrare.
1762 5215 1846 5268 Si-

275 5282 381 5335 luit
407 5282 664 5352 strepitus
702 5284 754 5339 in
796 5282 1035 5349 inferno,
1080 5292 1138 5339 et
1162 5283 1469 5351 agnoscitur
1494 5283 1739 5338 Christus
1789 5286 1842 5339 in

272 5352 450 5407 horto.
483 5350 546 5408 Et
572 5354 700 5409 dicit
726 5352 889 5408 Maria
921 5372 932 5406 :
967 5353 1213 5416 Domine,
1246 5355 1290 5407 si
1321 5363 1371 5407 tu
1397 5353 1541 5407 illum
1570 5354 1842 5418 sustulisti,

272 5419 353 5494 dic
377 5423 500 5494 milii
519 5422 858 5494 Aubiposuisti
881 5423 1157 5478 Dominum
1185 5439 1350 5478 meum
1370 5421 1555 5494 (Ibid.,
1578 5422 1685 5493 15).
1710 5422 1847 5492 Spo-

274 5489 429 5546 liator
455 5489 652 5546 inferni
671 5494 964 5548 mstimatur
994 5494 1077 5549 l'ur
1097 5495 1337 5561 corporis
1365 5489 1445 5546 sui
1478 5510 1490 5544 :
1522 5489 1577 5545 ut
1618 5489 1729 5562 ipse
1753 5489 1843 5546 in-

276 5562 478 5615 volaret
507 5564 745 5617 membra
771 5578 883 5628 sua,
928 5562 1016 5632 qui
1046 5562 1320 5620 suscitavit
1348 5562 1584 5632 mentbra
1611 5563 1840 5631 sepulta,

274 5638 324 5680 et
350 5632 560 5699 aperuit
587 5633 701 5689 sine
740 5630 961 5688 numero
1002 5642 1366 5695 monumenta.
1397 5630 1502 5689 Sed
1545 5630 1845 5700 negotiator

1994 4667 2143 4712 ostea
2170 4655 2463 4713 Dominus:
2498 4658 2695 4725 iugavit
2726 4658 2934 4719 talsum,
2968 4668 3020 4711 et
3065 4655 3301 4718 inseruit
3322 4677 3528 4718 verum.
3578 4656 3587 4664 ”

2003 4742 2157 4781 amen
2189 4728 2316 4782 illud
2345 4728 2595 4795 quoniam
2640 4728 2847 4781 solebat
2888 4742 3103 4782 movere
3150 4730 3426 4795 lectorem,
3479 4743 3531 4789 et

1954 4798 2252 4871 auditorem
2287 4813 2389 4871 non
2414 4797 2757 4871 incuriosum,
2789 4812 2963 4868 neque
2995 4800 3369 4871 negligentem,
3394 4816 3531 4871 quoa

1953 4869 2113 4921 modo
2164 4869 2233 4921 sit
2272 4867 2490 4937 dictum,
2537 4865 2662 4921 Noli
2709 4884 2789 4921 inc
2828 4865 3057 4937 tangere.
3104 4865 3350 4924 Nondum
3397 4865 3530 4925 éuim
3583 4879 3590 4886 '

1951 4938 2184 5008 aScendi
2214 4939 2281 4990 ad
2334 4935 2545 5008 Patrem
2572 4953 2588 4989 :
2620 4938 2762 5008 hinc
2784 4938 2832 4990 vi
2856 4935 3057 4994 leamus
3094 4941 3242 5008 quid,
3305 4939 3530 4995 Domino

1950 5005 2406 5087 ipso‘ad‘juvante,
2444 5006 2838 5087 d.cenr‘l'nm‘sit.
2877 5009 3055 5087 Monet
3096 5005 3375 5087 enitqltoe
3400 5008 3531 5087 quid

1948 5074 2035 5140 sit,
2071 5074 2197 5148 Noti
2226 5086 2560 5148 mertaugcre.
2594 5074 2839 5130 Nondum
2869 5080 3003 5134 enim
3047 5081 3257 5133 escendi
3306 5081 3375 5132 ad
3418 5074 3531 5133 Pa-

1949 5152 2098 5199 trem.
2132 5146 2357 5211 Quando
2388 5146 2529 5200 euim
2557 5149 2797 5201 ast'cndit
2819 5151 2883 5200 ad
2920 5148 3173 5203 Patrem?
3209 5150 3357 5205 Sicut
3396 5150 3530 5206 indi-

1948 5225 2074 5290 cant
2114 5215 2278 5270 Actus
2311 5218 2675 5290 apostolorum
2710 5217 2858 5288 (Cap.
2910 5235 2947 5281 ι,
2994 5219 3083 5290 5),ς
3120 5222 3530 5290 quadragesimo

1947 5284 2035 5359 die
2062 5294 2181 5359 post
2208 5284 2656 5359 resurrectionem
2678 5284 2848 5352 suam,
2875 5284 3196 5359 quem'die'm
3228 5292 3280 5347 in
3312 5284 3530 5347 nomine

1949 5352 2159 5429 Domini
2189 5352 3136 5429 celebraturisumnsquadragesima
3160 5372 3279 5429 post
3303 5362 3523 5417 Pascha.

1950 5423 2101 5499 Tunc
2131 5428 2272 5481 enim
2303 5426 2547 5499 discipuli
2587 5429 2679 5497 qui
2728 5423 2972 5484 inanibus
3002 5423 3316 5499 tetigerunt,
3359 5432 3532 5487 oculis

1947 5496 2304 5563 deduxerunt.
2335 5496 2483 5552 Tunc
2503 5496 2682 5551 sonut
2713 5514 2812 5551 vox
2838 5502 3075 5565 angelica
3100 5496 3125 5553 ἰ
3158 5501 3267 5559 Viri
3298 5503 3525 5565 Galila’i,

1946 5566 2068 5646 quid
2096 5568 2241 5620 statis
2273 5567 2522 5646 intuentes
2545 5568 2596 5646 in
2628 5567 2846 5646 ctutum?
2887 5566 2985 5646 llic
3023 5568 3174 5625 Iesus
3194 5576 3282 5646 qui
3325 5589 3531 5626 assum-

1947 5645 2062 5713 ptus
2093 5647 2168 5688 est
2191 5654 2220 5689 a
2244 5636 2379 5691 vobis
2409 5639 2460 5690 in
2494 5638 2694 5704 cwlum,
2726 5639 2800 5691 sic
2833 5642 2994 5695 ueniet
3022 5636 3274 5714 quomodo
3313 5660 3429 5699 eum
3460 5646 3531 5715 ti,

264 5808 281 5819 “
346 5812 362 5832 ’
383 5810 483 5867 Est
508 5802 787 5880 Augustini
810 5826 990 5868 sermo
1018 5808 1135 5872 l55,
1167 5810 1234 5865 de
1255 5812 1553 5882 Tempore;
1580 5821 1755 5869 exstat
1784 5821 1963 5868 autem
1993 5816 2243 5875 editionis
2270 5826 2464 5874 nostra:
2494 5827 2624 5877 tom.
2660 5824 2721 5891 Ψ,
2754 5826 2859 5881 col.
2891 5823 3039 5881 1151.
