  <div class='ocr_page' id='page_1' title='image "/cluster/home/n/w/nwhite01/storage/ocr_20150623/65/hvd.32044015469315/459.png"; bbox 0 0 4060 6468; ppageno 0'>
   <div class='ocr_carea' id='block_1_1' title="bbox 597 373 700 428">
    <p class='ocr_par' dir='ltr' id='par_1_1' title="bbox 597 373 700 428">
     <span class='ocr_line' id='line_1_1' title="bbox 597 373 700 428; baseline -0.019 0"><span class='ocrx_word' id='word_1_1' title='bbox 597 373 700 428; x_wconf 69' lang='lat'><strong>903</strong></span> 
     </span>
    </p>
   </div>
   <div class='ocr_carea' id='block_1_2' title="bbox 1626 365 3785 443">
    <p class='ocr_par' dir='ltr' id='par_1_2' title="bbox 1626 365 3785 443">
     <span class='ocr_line' id='line_1_2' title="bbox 1626 365 3785 443; baseline 0.003 -16"><span class='ocrx_word' id='word_1_2' title='bbox 1626 368 1961 427; x_wconf 72' lang='lat' dir='ltr'><strong>APPENDIX</strong></span> <span class='ocrx_word' id='word_1_3' title='bbox 2002 369 2088 426; x_wconf 74' lang='lat' dir='ltr'><strong>AD</strong></span> <span class='ocrx_word' id='word_1_4' title='bbox 2123 371 2181 428; x_wconf 71' lang='grc' dir='ltr'><strong>Β.</strong></span> <span class='ocrx_word' id='word_1_5' title='bbox 2227 365 2586 430; x_wconf 73' lang='lat' dir='ltr'><strong>FULGENTII</strong></span> <span class='ocrx_word' id='word_1_6' title='bbox 2625 370 2866 429; x_wconf 72' lang='lat' dir='ltr'><strong>OPEBA.</strong></span> <span class='ocrx_word' id='word_1_7' title='bbox 3706 381 3785 443; x_wconf 66' lang='lat' dir='ltr'><strong>9m</strong></span> 
     </span>
    </p>
   </div>
   <div class='ocr_carea' id='block_1_3' title="bbox 596 483 3785 554">
    <p class='ocr_par' dir='ltr' id='par_1_3' title="bbox 596 483 3785 554">
     <span class='ocr_line' id='line_1_3' title="bbox 596 483 3785 554; baseline 0 -14"><span class='ocrx_word' id='word_1_8' title='bbox 596 487 745 541; x_wconf 82' lang='lat' dir='ltr'><strong>distis</strong></span> <span class='ocrx_word' id='word_1_9' title='bbox 791 496 991 540; x_wconf 82' lang='lat' dir='ltr'><strong>euntem</strong></span> <span class='ocrx_word' id='word_1_10' title='bbox 1021 486 1074 539; x_wconf 86' lang='lat' dir='ltr'><strong>in</strong></span> <span class='ocrx_word' id='word_1_11' title='bbox 1105 487 1281 539; x_wconf 74' lang='lat' dir='ltr'><strong>caelum</strong></span> <span class='ocrx_word' id='word_1_12' title='bbox 1328 486 1474 554; x_wconf 72' lang='lat' dir='ltr'><strong>(Act.</strong></span> <span class='ocrx_word' id='word_1_13' title='bbox 1509 501 1542 548; x_wconf 83' lang='grc' dir='ltr'><strong>ι,</strong></span> <span class='ocrx_word' id='word_1_14' title='bbox 1578 485 1636 541; x_wconf 81' lang='lat' dir='ltr'><strong>ll</strong></span> <span class='ocrx_word' id='word_1_15' title='bbox 1660 488 1694 546; x_wconf 94' lang='lat'><strong>).</strong></span> <span class='ocrx_word' id='word_1_16' title='bbox 1751 483 1806 539; x_wconf 89' lang='lat' dir='ltr'><strong>Si</strong></span> <span class='ocrx_word' id='word_1_17' title='bbox 1855 499 1985 553; x_wconf 87' lang='lat' dir='ltr'><strong>ergo</strong></span> <span class='ocrx_word' id='word_1_18' title='bbox 2043 493 2170 538; x_wconf 88' lang='lat' dir='ltr'><strong>tunc</strong></span> <span class='ocrx_word' id='word_1_19' title='bbox 2204 492 2244 549; x_wconf 78' lang='grc' dir='ltr'><strong>Α</strong></span> <span class='ocrx_word' id='word_1_20' title='bbox 2279 483 2624 554; x_wconf 67' lang='lat' dir='ltr'><strong>Resurrectio</strong></span> <span class='ocrx_word' id='word_1_21' title='bbox 2653 484 2946 541; x_wconf 85' lang='lat' dir='ltr'><strong>secundum</strong></span> <span class='ocrx_word' id='word_1_22' title='bbox 2971 484 3298 551; x_wconf 71' lang='lat' dir='ltr'><strong>Matthmum.</strong></span> <span class='ocrx_word' id='word_1_23' title='bbox 3331 487 3492 546; x_wconf 87' lang='lat' dir='ltr'><strong>altero</strong></span> <span class='ocrx_word' id='word_1_24' title='bbox 3530 493 3606 549; x_wconf 87' lang='lat' dir='ltr'><strong>die</strong></span> <span class='ocrx_word' id='word_1_25' title='bbox 3633 511 3785 554; x_wconf 79' lang='lat' dir='ltr'><strong>secuti.</strong></span> 
     </span>
    </p>
   </div>
   <div class='ocr_carea' id='block_1_4' title="bbox 596 549 2170 624">
    <p class='ocr_par' dir='ltr' id='par_1_4' title="bbox 596 549 2170 624">
     <span class='ocr_line' id='line_1_4' title="bbox 596 549 2170 624; baseline -0.002 -14"><span class='ocrx_word' id='word_1_26' title='bbox 596 557 834 610; x_wconf 98' lang='lat' dir='ltr'><strong>ascendit</strong></span> <span class='ocrx_word' id='word_1_27' title='bbox 863 559 927 610; x_wconf 90' lang='lat' dir='ltr'><strong>ad</strong></span> <span class='ocrx_word' id='word_1_28' title='bbox 952 555 1186 613; x_wconf 88' lang='lat' dir='ltr'><strong>Patrem.</strong></span> <span class='ocrx_word' id='word_1_29' title='bbox 1217 549 1345 624; x_wconf 89' lang='lat' dir='ltr'><strong>quid</strong></span> <span class='ocrx_word' id='word_1_30' title='bbox 1367 555 1610 619; x_wconf 81' lang='lat' dir='ltr'><strong>dicimus,</strong></span> <span class='ocrx_word' id='word_1_31' title='bbox 1655 555 1845 609; x_wconf 78' lang='lat' dir='ltr'><strong>fratres</strong></span> <span class='ocrx_word' id='word_1_32' title='bbox 1877 549 2020 609; x_wconf 74' lang='lat' dir='ltr'><strong>inci?</strong></span> <span class='ocrx_word' id='word_1_33' title='bbox 2056 555 2170 607; x_wconf 78' lang='lat' dir='ltr'><strong>Ma-</strong></span> 
     </span>
    </p>
   </div>
   <div class='ocr_carea' id='block_1_5' title="bbox 598 627 2171 696">
    <p class='ocr_par' dir='ltr' id='par_1_5' title="bbox 598 627 2171 696">
     <span class='ocr_line' id='line_1_5' title="bbox 598 627 2171 696; baseline -0.001 -17"><span class='ocrx_word' id='word_1_34' title='bbox 598 628 674 680; x_wconf 90' lang='lat' dir='ltr'><strong>ria</strong></span> <span class='ocrx_word' id='word_1_35' title='bbox 696 642 819 681; x_wconf 89' lang='lat' dir='ltr'><strong>eum</strong></span> <span class='ocrx_word' id='word_1_36' title='bbox 853 644 958 680; x_wconf 92' lang='lat' dir='ltr'><strong>non</strong></span> <span class='ocrx_word' id='word_1_37' title='bbox 988 635 1199 696; x_wconf 88' lang='lat' dir='ltr'><strong>poterat</strong></span> <span class='ocrx_word' id='word_1_38' title='bbox 1226 637 1442 692; x_wconf 84' lang='lat' dir='ltr'><strong>tangere</strong></span> <span class='ocrx_word' id='word_1_39' title='bbox 1473 627 1523 678; x_wconf 93' lang='lat' dir='ltr'><strong>in</strong></span> <span class='ocrx_word' id='word_1_40' title='bbox 1549 634 1690 678; x_wconf 89' lang='lat' dir='ltr'><strong>terra</strong></span> <span class='ocrx_word' id='word_1_41' title='bbox 1710 635 1972 696; x_wconf 74' lang='lat' dir='ltr'><strong>stantem,</strong></span> <span class='ocrx_word' id='word_1_42' title='bbox 2000 635 2054 678; x_wconf 90' lang='lat' dir='ltr'><strong>et</strong></span> <span class='ocrx_word' id='word_1_43' title='bbox 2083 640 2171 693; x_wconf 87' lang='lat' dir='ltr'><strong>po-</strong></span> 
     </span>
    </p>
   </div>
   <div class='ocr_carea' id='block_1_6' title="bbox 597 688 2170 764">
    <p class='ocr_par' dir='ltr' id='par_1_6' title="bbox 597 688 2170 764">
     <span class='ocr_line' id='line_1_6' title="bbox 597 688 2170 764; baseline -0.002 -14"><span class='ocrx_word' id='word_1_44' title='bbox 597 706 738 752; x_wconf 83' lang='lat' dir='ltr'><strong>terat</strong></span> <span class='ocrx_word' id='word_1_45' title='bbox 768 688 1002 764; x_wconf 65' lang='lat' dir='ltr'><strong>tangere&#39;</strong></span> <span class='ocrx_word' id='word_1_46' title='bbox 1035 697 1086 749; x_wconf 92' lang='lat' dir='ltr'><strong>in</strong></span> <span class='ocrx_word' id='word_1_47' title='bbox 1116 696 1252 750; x_wconf 60' lang='lat' dir='ltr'><strong>coelo</strong></span> <span class='ocrx_word' id='word_1_48' title='bbox 1283 688 1591 750; x_wconf 82' lang='lat' dir='ltr'><strong>sedentem?</strong></span> <span class='ocrx_word' id='word_1_49' title='bbox 1617 695 1723 750; x_wconf 85' lang='lat' dir='ltr'><strong>Sed</strong></span> <span class='ocrx_word' id='word_1_50' title='bbox 1747 688 1833 750; x_wconf 90' lang='lat' dir='ltr'><strong>hic</strong></span> <span class='ocrx_word' id='word_1_51' title='bbox 1880 688 1988 764; x_wconf 75' lang='lat' dir='ltr'><strong>non</strong></span> <span class='ocrx_word' id='word_1_52' title='bbox 2015 688 2170 763; x_wconf 73' lang='lat' dir='ltr'><strong>pole-</strong></span> 
     </span>
    </p>
   </div>
   <div class='ocr_carea' id='block_1_7' title="bbox 595 762 2173 835">
    <p class='ocr_par' dir='ltr' id='par_1_7' title="bbox 595 762 2173 835">
     <span class='ocr_line' id='line_1_7' title="bbox 595 762 2173 835; baseline -0.003 -15"><span class='ocrx_word' id='word_1_53' title='bbox 595 776 698 829; x_wconf 87' lang='lat' dir='ltr'><strong>rat,</strong></span> <span class='ocrx_word' id='word_1_54' title='bbox 727 762 930 835; x_wconf 44' lang='lat' dir='ltr'><strong>quan—to</strong></span> <span class='ocrx_word' id='word_1_55' title='bbox 953 767 1125 818; x_wconf 91' lang='lat' dir='ltr'><strong>minus</strong></span> <span class='ocrx_word' id='word_1_56' title='bbox 1147 774 1355 834; x_wconf 89' lang='lat' dir='ltr'><strong>poterat</strong></span> <span class='ocrx_word' id='word_1_57' title='bbox 1377 765 1481 817; x_wconf 93' lang='lat' dir='ltr'><strong>ibi?</strong></span> <span class='ocrx_word' id='word_1_58' title='bbox 1500 764 1634 830; x_wconf 84' lang='lat' dir='ltr'><strong>Quid</strong></span> <span class='ocrx_word' id='word_1_59' title='bbox 1665 775 1747 820; x_wconf 90' lang='lat' dir='ltr'><strong>est</strong></span> <span class='ocrx_word' id='word_1_60' title='bbox 1771 781 1920 833; x_wconf 87' lang='lat' dir='ltr'><strong>ergo,</strong></span> <span class='ocrx_word' id='word_1_61' title='bbox 1940 762 2068 817; x_wconf 84' lang='lat' dir='ltr'><strong>Noli</strong></span> <span class='ocrx_word' id='word_1_62' title='bbox 2091 779 2173 835; x_wconf 78' lang='lat' dir='ltr'><strong>nte</strong></span> 
     </span>
    </p>
   </div>
   <div class='ocr_carea' id='block_1_8' title="bbox 595 834 2171 907">
    <p class='ocr_par' dir='ltr' id='par_1_8' title="bbox 595 834 2171 907">
     <span class='ocr_line' id='line_1_8' title="bbox 595 834 2171 907; baseline -0.001 -19"><span class='ocrx_word' id='word_1_63' title='bbox 595 834 825 907; x_wconf 77' lang='lat' dir='ltr'><strong>tangere.</strong></span> <span class='ocrx_word' id='word_1_64' title='bbox 855 835 1103 907; x_wconf 78' lang='lat' dir='ltr'><strong>Nondum</strong></span> <span class='ocrx_word' id='word_1_65' title='bbox 1131 837 1265 888; x_wconf 82' lang='lat' dir='ltr'><strong>enim</strong></span> <span class='ocrx_word' id='word_1_66' title='bbox 1294 835 1601 907; x_wconf 71' lang='lat' dir='ltr'><strong>ascendiad</strong></span> <span class='ocrx_word' id='word_1_67' title='bbox 1628 835 1837 907; x_wconf 56' lang='lat' dir='ltr'><strong>Patrem</strong></span> <span class='ocrx_word' id='word_1_68' title='bbox 1859 834 2171 888; x_wconf 81' lang='lat' dir='ltr'><strong>meum?Sic</strong></span> 
     </span>
    </p>
   </div>
   <div class='ocr_carea' id='block_1_9' title="bbox 594 903 2171 973">
    <p class='ocr_par' dir='ltr' id='par_1_9' title="bbox 594 903 2171 973">
     <span class='ocr_line' id='line_1_9' title="bbox 594 903 2171 973; baseline -0.001 -15"><span class='ocrx_word' id='word_1_69' title='bbox 594 903 738 960; x_wconf 83' lang='lat' dir='ltr'><strong>eniin</strong></span> <span class='ocrx_word' id='word_1_70' title='bbox 767 916 961 961; x_wconf 90' lang='lat' dir='ltr'><strong>sonant</strong></span> <span class='ocrx_word' id='word_1_71' title='bbox 983 905 1162 970; x_wconf 86' lang='lat' dir='ltr'><strong>verba,</strong></span> <span class='ocrx_word' id='word_1_72' title='bbox 1189 914 1442 973; x_wconf 80' lang='lat' dir='ltr'><strong>tanquam</strong></span> <span class='ocrx_word' id='word_1_73' title='bbox 1470 903 1704 958; x_wconf 88' lang='lat' dir='ltr'><strong>diceret:</strong></span> <span class='ocrx_word' id='word_1_74' title='bbox 1724 903 1873 959; x_wconf 88' lang='lat' dir='ltr'><strong>Tunc</strong></span> <span class='ocrx_word' id='word_1_75' title='bbox 1904 920 1988 958; x_wconf 92' lang='lat' dir='ltr'><strong>me</strong></span> <span class='ocrx_word' id='word_1_76' title='bbox 2011 915 2171 972; x_wconf 90' lang='lat' dir='ltr'><strong>tange</strong></span> 
     </span>
    </p>
   </div>
   <div class='ocr_carea' id='block_1_10' title="bbox 594 975 2171 1041">
    <p class='ocr_par' dir='ltr' id='par_1_10' title="bbox 594 975 2171 1041">
     <span class='ocr_line' id='line_1_10' title="bbox 594 975 2171 1041; baseline -0.003 -11"><span class='ocrx_word' id='word_1_77' title='bbox 594 992 715 1030; x_wconf 89' lang='lat' dir='ltr'><strong>cum</strong></span> <span class='ocrx_word' id='word_1_78' title='bbox 745 977 1067 1030; x_wconf 84' lang='lat' dir='ltr'><strong>ascendere:</strong></span> <span class='ocrx_word' id='word_1_79' title='bbox 1102 984 1388 1041; x_wconf 82' lang='lat' dir='ltr'><strong>antequam</strong></span> <span class='ocrx_word' id='word_1_80' title='bbox 1425 976 1734 1041; x_wconf 91' lang='lat' dir='ltr'><strong>ascendam,</strong></span> <span class='ocrx_word' id='word_1_81' title='bbox 1766 975 1874 1028; x_wconf 92' lang='lat' dir='ltr'><strong>noli</strong></span> <span class='ocrx_word' id='word_1_82' title='bbox 1919 989 2005 1028; x_wconf 90' lang='lat' dir='ltr'><strong>me</strong></span> <span class='ocrx_word' id='word_1_83' title='bbox 2047 983 2171 1032; x_wconf 88' lang='lat' dir='ltr'><strong>tan-</strong></span> 
     </span>
    </p>
   </div>
   <div class='ocr_carea' id='block_1_11' title="bbox 593 1043 2171 1112">
    <p class='ocr_par' dir='ltr' id='par_1_11' title="bbox 593 1043 2171 1112">
     <span class='ocr_line' id='line_1_11' title="bbox 593 1043 2171 1112; baseline -0.001 -15"><span class='ocrx_word' id='word_1_84' title='bbox 593 1060 740 1112; x_wconf 88' lang='lat' dir='ltr'><strong>gere.</strong></span> <span class='ocrx_word' id='word_1_85' title='bbox 772 1043 816 1098; x_wconf 92' lang='grc' dir='ltr'><strong>Ο</strong></span> <span class='ocrx_word' id='word_1_86' title='bbox 848 1045 1089 1108; x_wconf 90' lang='lat' dir='ltr'><strong>Domine,</strong></span> <span class='ocrx_word' id='word_1_87' title='bbox 1117 1046 1201 1098; x_wconf 81' lang='lat' dir='ltr'><strong>hic</strong></span> <span class='ocrx_word' id='word_1_88' title='bbox 1222 1059 1300 1104; x_wconf 92' lang='lat' dir='ltr'><strong>es,</strong></span> <span class='ocrx_word' id='word_1_89' title='bbox 1333 1051 1386 1097; x_wconf 93' lang='lat' dir='ltr'><strong>et</strong></span> <span class='ocrx_word' id='word_1_90' title='bbox 1416 1059 1519 1096; x_wconf 92' lang='lat' dir='ltr'><strong>non</strong></span> <span class='ocrx_word' id='word_1_91' title='bbox 1553 1047 1800 1112; x_wconf 89' lang='lat' dir='ltr'><strong>tangam?</strong></span> <span class='ocrx_word' id='word_1_92' title='bbox 1830 1059 1949 1098; x_wconf 93' lang='lat' dir='ltr'><strong>cum</strong></span> <span class='ocrx_word' id='word_1_93' title='bbox 1979 1059 2171 1097; x_wconf 79' lang='lat' dir='ltr'><strong>ascen-</strong></span> 
     </span>
    </p>
   </div>
   <div class='ocr_carea' id='block_1_12' title="bbox 593 1113 2172 1181">
    <p class='ocr_par' dir='ltr' id='par_1_12' title="bbox 593 1113 2172 1181">
     <span class='ocr_line' id='line_1_12' title="bbox 593 1113 2172 1181; baseline 0 -13"><span class='ocrx_word' id='word_1_94' title='bbox 593 1116 738 1171; x_wconf 90' lang='lat' dir='ltr'><strong>deris</strong></span> <span class='ocrx_word' id='word_1_95' title='bbox 768 1115 1013 1181; x_wconf 83' lang='lat' dir='ltr'><strong>tangam?</strong></span> <span class='ocrx_word' id='word_1_96' title='bbox 1044 1113 1244 1168; x_wconf 88' lang='lat' dir='ltr'><strong>Deinde</strong></span> <span class='ocrx_word' id='word_1_97' title='bbox 1272 1114 1313 1167; x_wconf 90' lang='lat' dir='ltr'><strong>si</strong></span> <span class='ocrx_word' id='word_1_98' title='bbox 1337 1121 1624 1181; x_wconf 82' lang='lat' dir='ltr'><strong>antequam</strong></span> <span class='ocrx_word' id='word_1_99' title='bbox 1643 1115 1710 1168; x_wconf 88' lang='lat' dir='ltr'><strong>ad</strong></span> <span class='ocrx_word' id='word_1_100' title='bbox 1738 1113 1952 1168; x_wconf 82' lang='lat' dir='ltr'><strong>Patrem</strong></span> <span class='ocrx_word' id='word_1_101' title='bbox 1979 1129 2172 1168; x_wconf 86' lang='lat' dir='ltr'><strong>ascen-</strong></span> 
     </span>
    </p>
   </div>
   <div class='ocr_carea' id='block_1_13' title="bbox 592 1184 2170 1252">
    <p class='ocr_par' dir='ltr' id='par_1_13' title="bbox 592 1184 2170 1252">
     <span class='ocr_line' id='line_1_13' title="bbox 592 1184 2170 1252; baseline -0.001 -14"><span class='ocrx_word' id='word_1_102' title='bbox 592 1185 762 1248; x_wconf 81' lang='lat' dir='ltr'><strong>deret,</strong></span> <span class='ocrx_word' id='word_1_103' title='bbox 797 1193 995 1238; x_wconf 90' lang='lat' dir='ltr'><strong>taelum</strong></span> <span class='ocrx_word' id='word_1_104' title='bbox 1014 1185 1266 1238; x_wconf 87' lang='lat' dir='ltr'><strong>horrebat</strong></span> <span class='ocrx_word' id='word_1_105' title='bbox 1290 1185 1602 1246; x_wconf 89' lang='lat' dir='ltr'><strong>humanum,</strong></span> <span class='ocrx_word' id='word_1_106' title='bbox 1629 1184 1902 1252; x_wconf 87' lang='lat' dir='ltr'><strong>quomodo</strong></span> <span class='ocrx_word' id='word_1_107' title='bbox 1931 1200 1988 1237; x_wconf 91' lang='lat' dir='ltr'><strong>se</strong></span> <span class='ocrx_word' id='word_1_108' title='bbox 2009 1185 2170 1237; x_wconf 88' lang='lat' dir='ltr'><strong>disci-</strong></span> 
     </span>
    </p>
   </div>
   <div class='ocr_carea' id='block_1_14' title="bbox 593 1254 2171 1320">
    <p class='ocr_par' dir='ltr' id='par_1_14' title="bbox 593 1254 2171 1320">
     <span class='ocr_line' id='line_1_14' title="bbox 593 1254 2171 1320; baseline -0.001 -14"><span class='ocrx_word' id='word_1_109' title='bbox 593 1254 749 1320; x_wconf 86' lang='lat' dir='ltr'><strong>pulis,</strong></span> <span class='ocrx_word' id='word_1_110' title='bbox 784 1270 887 1306; x_wconf 92' lang='lat' dir='ltr'><strong>non</strong></span> <span class='ocrx_word' id='word_1_111' title='bbox 932 1254 1102 1306; x_wconf 67' lang='lat' dir='ltr'><strong>stilum</strong></span> <span class='ocrx_word' id='word_1_112' title='bbox 1137 1254 1442 1318; x_wconf 83' lang='lat' dir='ltr'><strong>videndum,</strong></span> <span class='ocrx_word' id='word_1_113' title='bbox 1491 1254 1584 1307; x_wconf 91' lang='lat' dir='ltr'><strong>sed</strong></span> <span class='ocrx_word' id='word_1_114' title='bbox 1621 1255 1782 1307; x_wconf 89' lang='lat' dir='ltr'><strong>etiam</strong></span> <span class='ocrx_word' id='word_1_115' title='bbox 1829 1262 2171 1308; x_wconf 84' lang='lat' dir='ltr'><strong>contrectan-</strong></span> 
     </span>
    </p>
   </div>
   <div class='ocr_carea' id='block_1_15' title="bbox 592 1321 2174 1391">
    <p class='ocr_par' dir='ltr' id='par_1_15' title="bbox 592 1321 2174 1391">
     <span class='ocr_line' id='line_1_15' title="bbox 592 1321 2174 1391; baseline 0.001 -16"><span class='ocrx_word' id='word_1_116' title='bbox 592 1321 716 1376; x_wconf 85' lang='lat' dir='ltr'><strong>dum</strong></span> <span class='ocrx_word' id='word_1_117' title='bbox 749 1323 992 1391; x_wconf 71' lang='lat' dir='ltr'><strong>pnebuit,</strong></span> <span class='ocrx_word' id='word_1_118' title='bbox 1034 1325 1248 1391; x_wconf 86' lang='lat' dir='ltr'><strong>quando</strong></span> <span class='ocrx_word' id='word_1_119' title='bbox 1293 1324 1426 1376; x_wconf 84' lang='lat' dir='ltr'><strong>dixit</strong></span> <span class='ocrx_word' id='word_1_120' title='bbox 1459 1341 1471 1376; x_wconf 88' lang='lat'><strong>:</strong></span> <span class='ocrx_word' id='word_1_121' title='bbox 1516 1323 1690 1376; x_wconf 81' lang='lat' dir='ltr'><strong>Videte</strong></span> <span class='ocrx_word' id='word_1_122' title='bbox 1719 1341 1899 1377; x_wconf 82' lang='lat' dir='ltr'><strong>manus</strong></span> <span class='ocrx_word' id='word_1_123' title='bbox 1938 1341 2077 1377; x_wconf 82' lang='lat' dir='ltr'><strong>meus</strong></span> <span class='ocrx_word' id='word_1_124' title='bbox 2127 1332 2174 1376; x_wconf 85' lang='lat' dir='ltr'><strong>et</strong></span> 
     </span>
    </p>
   </div>
   <div class='ocr_carea' id='block_1_16' title="bbox 591 1392 2175 1466">
    <p class='ocr_par' dir='ltr' id='par_1_16' title="bbox 591 1392 2175 1466">
     <span class='ocr_line' id='line_1_16' title="bbox 591 1392 2175 1466; baseline 0.003 -22"><span class='ocrx_word' id='word_1_125' title='bbox 591 1393 742 1461; x_wconf 83' lang='lat' dir='ltr'><strong>pedes</strong></span> <span class='ocrx_word' id='word_1_126' title='bbox 772 1410 924 1447; x_wconf 82' lang='lat' dir='ltr'><strong>meos.</strong></span> <span class='ocrx_word' id='word_1_127' title='bbox 960 1392 1098 1466; x_wconf 74' lang='lat' dir='ltr'><strong>Ecce</strong></span> <span class='ocrx_word' id='word_1_128' title='bbox 1132 1394 1343 1466; x_wconf 76' lang='lat' dir='ltr'><strong>lungite,</strong></span> <span class='ocrx_word' id='word_1_129' title='bbox 1374 1404 1423 1445; x_wconf 84' lang='lat' dir='ltr'><strong>et</strong></span> <span class='ocrx_word' id='word_1_130' title='bbox 1474 1394 2028 1466; x_wconf 74' lang='lat' dir='ltr'><strong>ridetequiuspiritus</strong></span> <span class='ocrx_word' id='word_1_131' title='bbox 2054 1410 2175 1466; x_wconf 65' lang='lat' dir='ltr'><strong>far-</strong></span> 
     </span>
    </p>
   </div>
   <div class='ocr_carea' id='block_1_17' title="bbox 590 1462 2170 1532">
    <p class='ocr_par' dir='ltr' id='par_1_17' title="bbox 590 1462 2170 1532">
     <span class='ocr_line' id='line_1_17' title="bbox 590 1462 2170 1532; baseline 0.002 -18"><span class='ocrx_word' id='word_1_132' title='bbox 590 1477 707 1514; x_wconf 84' lang='lat' dir='ltr'><strong>nem</strong></span> <span class='ocrx_word' id='word_1_133' title='bbox 729 1471 915 1532; x_wconf 13' lang='lat' dir='ltr'><strong>etiossa</strong></span> <span class='ocrx_word' id='word_1_134' title='bbox 951 1480 1052 1516; x_wconf 87' lang='lat' dir='ltr'><strong>non</strong></span> <span class='ocrx_word' id='word_1_135' title='bbox 1080 1462 1248 1526; x_wconf 76' lang='lat' dir='ltr'><strong>habet,</strong></span> <span class='ocrx_word' id='word_1_136' title='bbox 1287 1465 1416 1516; x_wconf 84' lang='lat' dir='ltr'><strong>sicut</strong></span> <span class='ocrx_word' id='word_1_137' title='bbox 1463 1479 1542 1516; x_wconf 85' lang='lat' dir='ltr'><strong>me</strong></span> <span class='ocrx_word' id='word_1_138' title='bbox 1571 1462 1750 1517; x_wconf 81' lang='lat' dir='ltr'><strong>uidetis</strong></span> <span class='ocrx_word' id='word_1_139' title='bbox 1793 1465 1978 1516; x_wconf 82' lang='lat' dir='ltr'><strong>habere</strong></span> <span class='ocrx_word' id='word_1_140' title='bbox 2020 1462 2170 1532; x_wconf 87' lang='lat' dir='ltr'><strong>(Luc.</strong></span> 
     </span>
    </p>
   </div>
   <div class='ocr_carea' id='block_1_18' title="bbox 591 1531 2174 1603">
    <p class='ocr_par' dir='ltr' id='par_1_18' title="bbox 591 1531 2174 1603">
     <span class='ocr_line' id='line_1_18' title="bbox 591 1531 2174 1603; baseline 0.003 -19"><span class='ocrx_word' id='word_1_141' title='bbox 591 1547 734 1603; x_wconf 81' lang='lat' dir='ltr'><strong>xxiv,</strong></span> <span class='ocrx_word' id='word_1_142' title='bbox 767 1531 878 1600; x_wconf 75' lang='lat'><strong>59).</strong></span> <span class='ocrx_word' id='word_1_143' title='bbox 925 1532 1232 1603; x_wconf 85' lang='lat' dir='ltr'><strong>lncredulus</strong></span> <span class='ocrx_word' id='word_1_144' title='bbox 1269 1535 1432 1586; x_wconf 90' lang='lat' dir='ltr'><strong>etiam</strong></span> <span class='ocrx_word' id='word_1_145' title='bbox 1481 1534 1569 1588; x_wconf 90' lang='lat' dir='ltr'><strong>ille</strong></span> <span class='ocrx_word' id='word_1_146' title='bbox 1608 1533 1899 1603; x_wconf 86' lang='lat' dir='ltr'><strong>discipulus</strong></span> <span class='ocrx_word' id='word_1_147' title='bbox 1939 1531 2174 1588; x_wconf 79' lang='lat' dir='ltr'><strong>Themas</strong></span> 
     </span>
    </p>
   </div>
   <div class='ocr_carea' id='block_1_19' title="bbox 591 1602 2173 1671">
    <p class='ocr_par' dir='ltr' id='par_1_19' title="bbox 591 1602 2173 1671">
     <span class='ocr_line' id='line_1_19' title="bbox 591 1602 2173 1671; baseline 0.002 -17"><span class='ocrx_word' id='word_1_148' title='bbox 591 1602 765 1668; x_wconf 79' lang='lat' dir='ltr'><strong>tetigit</strong></span> <span class='ocrx_word' id='word_1_149' title='bbox 814 1603 952 1657; x_wconf 85' lang='lat' dir='ltr'><strong>latus</strong></span> <span class='ocrx_word' id='word_1_150' title='bbox 1003 1602 1364 1671; x_wconf 90' lang='lat' dir='ltr'><strong>perforatum,</strong></span> <span class='ocrx_word' id='word_1_151' title='bbox 1411 1612 1464 1656; x_wconf 92' lang='lat' dir='ltr'><strong>et</strong></span> <span class='ocrx_word' id='word_1_152' title='bbox 1513 1602 1868 1668; x_wconf 78' lang='lat' dir='ltr'><strong>exclamavit,</strong></span> <span class='ocrx_word' id='word_1_153' title='bbox 1923 1603 2173 1657; x_wconf 85' lang='lat' dir='ltr'><strong>Dominus</strong></span> 
     </span>
    </p>
   </div>
   <div class='ocr_carea' id='block_1_20' title="bbox 589 1671 2170 1742">
    <p class='ocr_par' dir='ltr' id='par_1_20' title="bbox 589 1671 2170 1742">
     <span class='ocr_line' id='line_1_20' title="bbox 589 1671 2170 1742; baseline 0.002 -19"><span class='ocrx_word' id='word_1_154' title='bbox 589 1687 731 1742; x_wconf 80' lang='lat' dir='ltr'><strong>meus</strong></span> <span class='ocrx_word' id='word_1_155' title='bbox 753 1681 802 1725; x_wconf 86' lang='lat' dir='ltr'><strong>et</strong></span> <span class='ocrx_word' id='word_1_156' title='bbox 831 1671 968 1726; x_wconf 81' lang='lat' dir='ltr'><strong>Deus</strong></span> <span class='ocrx_word' id='word_1_157' title='bbox 1001 1690 1139 1726; x_wconf 84' lang='lat' dir='ltr'><strong>meus</strong></span> <span class='ocrx_word' id='word_1_158' title='bbox 1170 1672 1348 1742; x_wconf 82' lang='lat' dir='ltr'><strong>(Joan.</strong></span> <span class='ocrx_word' id='word_1_159' title='bbox 1377 1672 1605 1742; x_wconf 23' lang='lat' dir='ltr'><strong>xx,728).</strong></span> <span class='ocrx_word' id='word_1_160' title='bbox 1657 1673 1880 1740; x_wconf 90' lang='lat' dir='ltr'><strong>Quando</strong></span> <span class='ocrx_word' id='word_1_161' title='bbox 1905 1676 2170 1742; x_wconf 82' lang='lat' dir='ltr'><strong>tetigerat,</strong></span> 
     </span>
    </p>
   </div>
   <div class='ocr_carea' id='block_1_21' title="bbox 589 1741 2172 1811">
    <p class='ocr_par' dir='ltr' id='par_1_21' title="bbox 589 1741 2172 1811">
     <span class='ocr_line' id='line_1_21' title="bbox 589 1741 2172 1811; baseline 0.002 -16"><span class='ocrx_word' id='word_1_162' title='bbox 589 1741 823 1811; x_wconf 79' lang='lat' dir='ltr'><strong>nondum</strong></span> <span class='ocrx_word' id='word_1_163' title='bbox 855 1741 1346 1796; x_wconf 70' lang='lat' dir='ltr'><strong>asceaderatlesus</strong></span> <span class='ocrx_word' id='word_1_164' title='bbox 1371 1744 1436 1796; x_wconf 91' lang='lat' dir='ltr'><strong>ad</strong></span> <span class='ocrx_word' id='word_1_165' title='bbox 1459 1741 1690 1797; x_wconf 86' lang='lat' dir='ltr'><strong>Patrem.</strong></span> <span class='ocrx_word' id='word_1_166' title='bbox 1719 1746 1797 1798; x_wconf 78' lang='lat' dir='ltr'><strong>An</strong></span> <span class='ocrx_word' id='word_1_167' title='bbox 1823 1745 1958 1798; x_wconf 87' lang='lat' dir='ltr'><strong>forte</strong></span> <span class='ocrx_word' id='word_1_168' title='bbox 1979 1741 2172 1811; x_wconf 78' lang='lat' dir='ltr'><strong>aliquis</strong></span> 
     </span>
    </p>
   </div>
   <div class='ocr_carea' id='block_1_22' title="bbox 590 1810 2146 1880">
    <p class='ocr_par' dir='ltr' id='par_1_22' title="bbox 590 1810 2146 1880">
     <span class='ocr_line' id='line_1_22' title="bbox 590 1810 2146 1880; baseline 0.001 -16"><span class='ocrx_word' id='word_1_169' title='bbox 590 1810 843 1880; x_wconf 84' lang='lat' dir='ltr'><strong>insipiens</strong></span> <span class='ocrx_word' id='word_1_170' title='bbox 882 1812 1097 1873; x_wconf 78' lang='lat' dir='ltr'><strong>dixerit,</strong></span> <span class='ocrx_word' id='word_1_171' title='bbox 1134 1824 1422 1880; x_wconf 87' lang='lat' dir='ltr'><strong>antequam</strong></span> <span class='ocrx_word' id='word_1_172' title='bbox 1459 1814 1526 1866; x_wconf 88' lang='lat' dir='ltr'><strong>ad</strong></span> <span class='ocrx_word' id='word_1_173' title='bbox 1569 1812 1780 1868; x_wconf 87' lang='lat' dir='ltr'><strong>Patrem</strong></span> <span class='ocrx_word' id='word_1_174' title='bbox 1832 1810 2146 1868; x_wconf 87' lang='lat' dir='ltr'><strong>ascenderet</strong></span> 
     </span>
    </p>
   </div>
   <div class='ocr_carea' id='block_1_23' title="bbox 588 1855 2247 1953">
    <p class='ocr_par' dir='ltr' id='par_1_23' title="bbox 588 1855 2247 1953">
     <span class='ocr_line' id='line_1_23' title="bbox 588 1855 2247 1953; baseline 0.002 -20"><span class='ocrx_word' id='word_1_175' title='bbox 588 1855 941 1949; x_wconf 54' lang='lat' dir='ltr'><strong>virirtangere</strong></span> <span class='ocrx_word' id='word_1_176' title='bbox 987 1857 1106 1953; x_wconf 73' lang='lat' dir='ltr'><strong>cuni</strong></span> <span class='ocrx_word' id='word_1_177' title='bbox 1139 1855 1417 1952; x_wconf 42' lang='lat' dir='ltr'><strong>poteliant;</strong></span> <span class='ocrx_word' id='word_1_178' title='bbox 1450 1884 1704 1938; x_wconf 85' lang='lat' dir='ltr'><strong>mulieres</strong></span> <span class='ocrx_word' id='word_1_179' title='bbox 1747 1901 1852 1939; x_wconf 91' lang='lat' dir='ltr'><strong>non</strong></span> <span class='ocrx_word' id='word_1_180' title='bbox 1894 1855 2168 1953; x_wconf 66' lang='lat' dir='ltr'><strong>poterant:</strong></span> <span class='ocrx_word' id='word_1_181' title='bbox 2204 1859 2247 1918; x_wconf 70' lang='grc' dir='ltr'><strong>Β</strong></span> 
     </span>
    </p>
   </div>
   <div class='ocr_carea' id='block_1_24' title="bbox 588 1951 2170 2008">
    <p class='ocr_par' dir='ltr' id='par_1_24' title="bbox 588 1951 2170 2008">
     <span class='ocr_line' id='line_1_24' title="bbox 588 1951 2170 2008; baseline 0.002 -4"><span class='ocrx_word' id='word_1_182' title='bbox 588 1952 686 2004; x_wconf 88' lang='lat' dir='ltr'><strong>nisi</strong></span> <span class='ocrx_word' id='word_1_183' title='bbox 733 1967 852 2006; x_wconf 87' lang='lat' dir='ltr'><strong>cum</strong></span> <span class='ocrx_word' id='word_1_184' title='bbox 884 1952 950 2006; x_wconf 90' lang='lat' dir='ltr'><strong>ad</strong></span> <span class='ocrx_word' id='word_1_185' title='bbox 993 1951 1203 2007; x_wconf 77' lang='lat' dir='ltr'><strong>Patrem</strong></span> <span class='ocrx_word' id='word_1_186' title='bbox 1246 1953 1616 2007; x_wconf 88' lang='lat' dir='ltr'><strong>ascendisset?</strong></span> <span class='ocrx_word' id='word_1_187' title='bbox 1657 1951 1912 2008; x_wconf 76' lang='lat' dir='ltr'><strong>Absurda</strong></span> <span class='ocrx_word' id='word_1_188' title='bbox 1948 1964 2030 2007; x_wconf 92' lang='lat' dir='ltr'><strong>est</strong></span> <span class='ocrx_word' id='word_1_189' title='bbox 2069 1954 2170 2007; x_wconf 87' lang='lat' dir='ltr'><strong>ista</strong></span> 
     </span>
    </p>
   </div>
   <div class='ocr_carea' id='block_1_25' title="bbox 587 2021 2173 2092">
    <p class='ocr_par' dir='ltr' id='par_1_25' title="bbox 587 2021 2173 2092">
     <span class='ocr_line' id='line_1_25' title="bbox 587 2021 2173 2092; baseline 0.003 -19"><span class='ocrx_word' id='word_1_190' title='bbox 587 2021 844 2092; x_wconf 77' lang='lat' dir='ltr'><strong>cogitatio</strong></span> <span class='ocrx_word' id='word_1_191' title='bbox 871 2030 924 2076; x_wconf 92' lang='lat' dir='ltr'><strong>et</strong></span> <span class='ocrx_word' id='word_1_192' title='bbox 952 2038 1205 2092; x_wconf 83' lang='lat' dir='ltr'><strong>perversa</strong></span> <span class='ocrx_word' id='word_1_193' title='bbox 1230 2025 1517 2092; x_wconf 86' lang='lat' dir='ltr'><strong>sententia.</strong></span> <span class='ocrx_word' id='word_1_194' title='bbox 1541 2021 1769 2078; x_wconf 84' lang='lat' dir='ltr'><strong>Prorsus</strong></span> <span class='ocrx_word' id='word_1_195' title='bbox 1797 2025 1940 2092; x_wconf 89' lang='lat' dir='ltr'><strong>quod</strong></span> <span class='ocrx_word' id='word_1_196' title='bbox 1971 2024 2173 2078; x_wconf 83' lang='lat' dir='ltr'><strong>audivit</strong></span> 
     </span>
    </p>
   </div>
   <div class='ocr_carea' id='block_1_26' title="bbox 588 2089 2172 2157">
    <p class='ocr_par' dir='ltr' id='par_1_26' title="bbox 588 2089 2172 2157">
     <span class='ocr_line' id='line_1_26' title="bbox 588 2089 2172 2157; baseline 0.003 -15"><span class='ocrx_word' id='word_1_197' title='bbox 588 2089 773 2152; x_wconf 81' lang='lat' dir='ltr'><strong>Maria,</strong></span> <span class='ocrx_word' id='word_1_198' title='bbox 800 2089 982 2145; x_wconf 84' lang='lat' dir='ltr'><strong>audiat</strong></span> <span class='ocrx_word' id='word_1_199' title='bbox 1011 2091 1268 2147; x_wconf 85' lang='lat' dir='ltr'><strong>Ecclesia.</strong></span> <span class='ocrx_word' id='word_1_200' title='bbox 1300 2091 1499 2146; x_wconf 85' lang='lat' dir='ltr'><strong>Omnes</strong></span> <span class='ocrx_word' id='word_1_201' title='bbox 1543 2093 1644 2147; x_wconf 91' lang='lat' dir='ltr'><strong>hoc</strong></span> <span class='ocrx_word' id='word_1_202' title='bbox 1683 2089 1931 2157; x_wconf 84' lang='lat' dir='ltr'><strong>audiant,</strong></span> <span class='ocrx_word' id='word_1_203' title='bbox 1983 2109 2172 2147; x_wconf 66' lang='lat' dir='ltr'><strong>ou‘nies</strong></span> 
     </span>
    </p>
   </div>
   <div class='ocr_carea' id='block_1_27' title="bbox 587 2160 2172 2232">
    <p class='ocr_par' dir='ltr' id='par_1_27' title="bbox 587 2160 2172 2232">
     <span class='ocr_line' id='line_1_27' title="bbox 587 2160 2172 2232; baseline 0.003 -20"><span class='ocrx_word' id='word_1_204' title='bbox 587 2160 908 2228; x_wconf 82' lang='lat' dir='ltr'><strong>intelligant,</strong></span> <span class='ocrx_word' id='word_1_205' title='bbox 951 2179 1142 2217; x_wconf 89' lang='lat' dir='ltr'><strong>omnes</strong></span> <span class='ocrx_word' id='word_1_206' title='bbox 1190 2163 1407 2216; x_wconf 79' lang='lat' dir='ltr'><strong>faciant.</strong></span> <span class='ocrx_word' id='word_1_207' title='bbox 1436 2162 1572 2228; x_wconf 85' lang='lat' dir='ltr'><strong>Quid</strong></span> <span class='ocrx_word' id='word_1_208' title='bbox 1616 2178 1745 2232; x_wconf 88' lang='lat' dir='ltr'><strong>ergo</strong></span> <span class='ocrx_word' id='word_1_209' title='bbox 1785 2173 1884 2224; x_wconf 88' lang='lat' dir='ltr'><strong>est,</strong></span> <span class='ocrx_word' id='word_1_210' title='bbox 1921 2163 2047 2216; x_wconf 82' lang='lat' dir='ltr'><strong>Noli</strong></span> <span class='ocrx_word' id='word_1_211' title='bbox 2092 2181 2172 2216; x_wconf 87' lang='lat' dir='ltr'><strong>me</strong></span> 
     </span>
    </p>
   </div>
   <div class='ocr_carea' id='block_1_28' title="bbox 588 2232 2173 2305">
    <p class='ocr_par' dir='ltr' id='par_1_28' title="bbox 588 2232 2173 2305">
     <span class='ocr_line' id='line_1_28' title="bbox 588 2232 2173 2305; baseline 0.004 -23"><span class='ocrx_word' id='word_1_212' title='bbox 588 2239 813 2305; x_wconf 53' lang='lat' dir='ltr'><strong>(fugere,</strong></span> <span class='ocrx_word' id='word_1_213' title='bbox 847 2234 1231 2305; x_wconf 70' lang='lat' dir='ltr'><strong>nondumenim</strong></span> <span class='ocrx_word' id='word_1_214' title='bbox 1273 2235 1480 2305; x_wconf 71' lang='lat' dir='ltr'><strong>accendi</strong></span> <span class='ocrx_word' id='word_1_215' title='bbox 1503 2233 1572 2285; x_wconf 84' lang='lat' dir='ltr'><strong>ad</strong></span> <span class='ocrx_word' id='word_1_216' title='bbox 1597 2232 1804 2287; x_wconf 83' lang='lat' dir='ltr'><strong>Patrem</strong></span> <span class='ocrx_word' id='word_1_217' title='bbox 1823 2234 2016 2305; x_wconf 64' lang='lat' dir='ltr'><strong>llbid.,</strong></span> <span class='ocrx_word' id='word_1_218' title='bbox 2048 2234 2173 2305; x_wconf 82' lang='lat' dir='ltr'><strong>l7)?</strong></span> 
     </span>
    </p>
   </div>
   <div class='ocr_carea' id='block_1_29' title="bbox 587 2299 2173 2372">
    <p class='ocr_par' dir='ltr' id='par_1_29' title="bbox 587 2299 2173 2372">
     <span class='ocr_line' id='line_1_29' title="bbox 587 2299 2173 2372; baseline 0.003 -19"><span class='ocrx_word' id='word_1_219' title='bbox 587 2299 744 2372; x_wconf 79' lang='lat' dir='ltr'><strong>Quod</strong></span> <span class='ocrx_word' id='word_1_220' title='bbox 777 2317 860 2355; x_wconf 83' lang='lat' dir='ltr'><strong>me</strong></span> <span class='ocrx_word' id='word_1_221' title='bbox 890 2303 1057 2366; x_wconf 85' lang='lat' dir='ltr'><strong>vides,</strong></span> <span class='ocrx_word' id='word_1_222' title='bbox 1089 2303 1360 2372; x_wconf 78' lang='lat' dir='ltr'><strong>hominem</strong></span> <span class='ocrx_word' id='word_1_223' title='bbox 1385 2303 1557 2355; x_wconf 92' lang='lat' dir='ltr'><strong>solum</strong></span> <span class='ocrx_word' id='word_1_224' title='bbox 1584 2312 1739 2370; x_wconf 89' lang='lat' dir='ltr'><strong>putas</strong></span> <span class='ocrx_word' id='word_1_225' title='bbox 1765 2322 1776 2356; x_wconf 91' lang='lat'>:</span> <span class='ocrx_word' id='word_1_226' title='bbox 1819 2299 1961 2356; x_wconf 86' lang='lat' dir='ltr'><strong>Patri</strong></span> <span class='ocrx_word' id='word_1_227' title='bbox 1991 2299 2173 2372; x_wconf 70' lang='lat' dir='ltr'><strong>aequa-</strong></span> 
     </span>
    </p>
   </div>
   <div class='ocr_carea' id='block_1_30' title="bbox 588 2369 2171 2443">
    <p class='ocr_par' dir='ltr' id='par_1_30' title="bbox 588 2369 2171 2443">
     <span class='ocr_line' id='line_1_30' title="bbox 588 2369 2171 2443; baseline 0.005 -22"><span class='ocrx_word' id='word_1_228' title='bbox 588 2369 690 2443; x_wconf 76' lang='lat' dir='ltr'><strong>lem</strong></span> <span class='ocrx_word' id='word_1_229' title='bbox 721 2386 840 2443; x_wconf 86' lang='lat' dir='ltr'><strong>esse</strong></span> <span class='ocrx_word' id='word_1_230' title='bbox 881 2373 1053 2427; x_wconf 90' lang='lat' dir='ltr'><strong>adhuc</strong></span> <span class='ocrx_word' id='word_1_231' title='bbox 1085 2373 1274 2426; x_wconf 86' lang='lat' dir='ltr'><strong>nescis.</strong></span> <span class='ocrx_word' id='word_1_232' title='bbox 1308 2369 1446 2443; x_wconf 79' lang='lat' dir='ltr'><strong>Noli</strong></span> <span class='ocrx_word' id='word_1_233' title='bbox 1478 2389 1557 2443; x_wconf 74' lang='lat' dir='ltr'><strong>me</strong></span> <span class='ocrx_word' id='word_1_234' title='bbox 1587 2369 1826 2443; x_wconf 71' lang='lat' dir='ltr'><strong>tangere,</strong></span> <span class='ocrx_word' id='word_1_235' title='bbox 1861 2375 2020 2427; x_wconf 89' lang='lat' dir='ltr'><strong>talem</strong></span> <span class='ocrx_word' id='word_1_236' title='bbox 2055 2369 2171 2429; x_wconf 75' lang='lat' dir='ltr'><strong>iioli</strong></span> 
     </span>
    </p>
   </div>
   <div class='ocr_carea' id='block_1_31' title="bbox 586 2439 2171 2511">
    <p class='ocr_par' dir='ltr' id='par_1_31' title="bbox 586 2439 2171 2511">
     <span class='ocr_line' id='line_1_31' title="bbox 586 2439 2171 2511; baseline 0.004 -19"><span class='ocrx_word' id='word_1_237' title='bbox 586 2439 856 2494; x_wconf 83' lang='lat' dir='ltr'><strong>hominem</strong></span> <span class='ocrx_word' id='word_1_238' title='bbox 880 2444 1051 2496; x_wconf 86' lang='lat' dir='ltr'><strong>solum</strong></span> <span class='ocrx_word' id='word_1_239' title='bbox 1083 2443 1324 2502; x_wconf 82' lang='lat' dir='ltr'><strong>credere.</strong></span> <span class='ocrx_word' id='word_1_240' title='bbox 1358 2442 1452 2511; x_wconf 46' lang='lat' dir='ltr'><strong>sed</strong></span> <span class='ocrx_word' id='word_1_241' title='bbox 1487 2439 1714 2496; x_wconf 80' lang='lat' dir='ltr'><strong>Verbum</strong></span> <span class='ocrx_word' id='word_1_242' title='bbox 1759 2443 1965 2511; x_wconf 68' lang='lat' dir='ltr'><strong>mquale</strong></span> <span class='ocrx_word' id='word_1_243' title='bbox 2003 2458 2171 2510; x_wconf 89' lang='lat' dir='ltr'><strong>gene-</strong></span> 
     </span>
    </p>
   </div>
   <div class='ocr_carea' id='block_1_32' title="bbox 586 2509 2171 2582">
    <p class='ocr_par' dir='ltr' id='par_1_32' title="bbox 586 2509 2171 2582">
     <span class='ocr_line' id='line_1_32' title="bbox 586 2509 2171 2582; baseline 0.004 -21"><span class='ocrx_word' id='word_1_244' title='bbox 586 2513 753 2582; x_wconf 86' lang='lat' dir='ltr'><strong>ratori</strong></span> <span class='ocrx_word' id='word_1_245' title='bbox 779 2511 1032 2574; x_wconf 78' lang='lat' dir='ltr'><strong>intellige.</strong></span> <span class='ocrx_word' id='word_1_246' title='bbox 1059 2512 1193 2577; x_wconf 89' lang='lat' dir='ltr'><strong>Quid</strong></span> <span class='ocrx_word' id='word_1_247' title='bbox 1218 2520 1318 2574; x_wconf 90' lang='lat' dir='ltr'><strong>est,</strong></span> <span class='ocrx_word' id='word_1_248' title='bbox 1347 2509 1474 2564; x_wconf 86' lang='lat' dir='ltr'><strong>Noli</strong></span> <span class='ocrx_word' id='word_1_249' title='bbox 1503 2529 1582 2564; x_wconf 86' lang='lat' dir='ltr'><strong>me</strong></span> <span class='ocrx_word' id='word_1_250' title='bbox 1615 2509 1860 2582; x_wconf 76' lang='lat' dir='ltr'><strong>tangere?</strong></span> <span class='ocrx_word' id='word_1_251' title='bbox 1890 2509 2022 2567; x_wconf 13' lang='lat' dir='ltr'><strong>Noli,</strong></span> <span class='ocrx_word' id='word_1_252' title='bbox 2049 2530 2171 2568; x_wconf 87' lang='lat' dir='ltr'><strong>cre-</strong></span> 
     </span>
    </p>
   </div>
   <div class='ocr_carea' id='block_1_33' title="bbox 560 2579 2171 2648">
    <p class='ocr_par' dir='ltr' id='par_1_33' title="bbox 560 2579 2171 2648">
     <span class='ocr_line' id='line_1_33' title="bbox 560 2579 2171 2648; baseline 0.002 -16"><span class='ocrx_word' id='word_1_253' title='bbox 560 2579 714 2648; x_wconf 82' lang='lat' dir='ltr'><strong>‘t_lere</strong></span> <span class='ocrx_word' id='word_1_254' title='bbox 734 2583 857 2648; x_wconf 88' lang='lat' dir='ltr'><strong>quia</strong></span> <span class='ocrx_word' id='word_1_255' title='bbox 886 2583 987 2635; x_wconf 90' lang='lat' dir='ltr'><strong>hoc</strong></span> <span class='ocrx_word' id='word_1_256' title='bbox 1022 2585 1194 2636; x_wconf 92' lang='lat' dir='ltr'><strong>solum</strong></span> <span class='ocrx_word' id='word_1_257' title='bbox 1233 2598 1349 2635; x_wconf 88' lang='lat' dir='ltr'><strong>sum</strong></span> <span class='ocrx_word' id='word_1_258' title='bbox 1379 2581 1524 2648; x_wconf 92' lang='lat' dir='ltr'><strong>quod</strong></span> <span class='ocrx_word' id='word_1_259' title='bbox 1555 2579 1724 2636; x_wconf 60' lang='lat' dir='ltr'><strong>vides:</strong></span> <span class='ocrx_word' id='word_1_260' title='bbox 1765 2583 2061 2638; x_wconf 83' lang='lat' dir='ltr'><strong>Ascendam</strong></span> <span class='ocrx_word' id='word_1_261' title='bbox 2101 2582 2171 2646; x_wconf 83' lang='lat' dir='ltr'><strong>ad</strong></span> 
     </span>
    </p>
   </div>
   <div class='ocr_carea' id='block_1_34' title="bbox 584 2645 2173 2720">
    <p class='ocr_par' dir='ltr' id='par_1_34' title="bbox 584 2645 2173 2720">
     <span class='ocr_line' id='line_1_34' title="bbox 584 2645 2173 2720; baseline 0.004 -20"><span class='ocrx_word' id='word_1_262' title='bbox 584 2645 822 2720; x_wconf 75' lang='lat' dir='ltr'><strong>Patrem,</strong></span> <span class='ocrx_word' id='word_1_263' title='bbox 854 2661 908 2703; x_wconf 90' lang='lat' dir='ltr'><strong>et</strong></span> <span class='ocrx_word' id='word_1_264' title='bbox 931 2661 1056 2705; x_wconf 89' lang='lat' dir='ltr'><strong>tunc</strong></span> <span class='ocrx_word' id='word_1_265' title='bbox 1082 2661 1282 2718; x_wconf 87' lang='lat' dir='ltr'><strong>tange:</strong></span> <span class='ocrx_word' id='word_1_266' title='bbox 1323 2645 1414 2704; x_wconf 86' lang='lat' dir='ltr'><strong>tibi</strong></span> <span class='ocrx_word' id='word_1_267' title='bbox 1458 2652 1714 2717; x_wconf 65' lang='lat' dir='ltr'><strong>ascendo,</strong></span> <span class='ocrx_word' id='word_1_268' title='bbox 1751 2654 1968 2720; x_wconf 87' lang='lat' dir='ltr'><strong>quando</strong></span> <span class='ocrx_word' id='word_1_269' title='bbox 2014 2645 2173 2707; x_wconf 84' lang='lat' dir='ltr'><strong>intel-</strong></span> 
     </span>
    </p>
   </div>
   <div class='ocr_carea' id='block_1_35' title="bbox 586 2718 2168 2790">
    <p class='ocr_par' dir='ltr' id='par_1_35' title="bbox 586 2718 2168 2790">
     <span class='ocr_line' id='line_1_35' title="bbox 586 2718 2168 2790; baseline 0.004 -19"><span class='ocrx_word' id='word_1_270' title='bbox 586 2718 782 2772; x_wconf 85' lang='lat' dir='ltr'><strong>lexeris</strong></span> <span class='ocrx_word' id='word_1_271' title='bbox 809 2722 1087 2788; x_wconf 73' lang='lat' dir='ltr'><strong>aequalem.</strong></span> <span class='ocrx_word' id='word_1_272' title='bbox 1125 2720 1350 2786; x_wconf 88' lang='lat' dir='ltr'><strong>Qu-mdo</strong></span> <span class='ocrx_word' id='word_1_273' title='bbox 1379 2721 1522 2775; x_wconf 90' lang='lat' dir='ltr'><strong>enim</strong></span> <span class='ocrx_word' id='word_1_274' title='bbox 1565 2737 1650 2774; x_wconf 92' lang='lat' dir='ltr'><strong>me</strong></span> <span class='ocrx_word' id='word_1_275' title='bbox 1691 2718 1844 2790; x_wconf 83' lang='lat' dir='ltr'><strong>putas</strong></span> <span class='ocrx_word' id='word_1_276' title='bbox 1885 2725 2168 2786; x_wconf 90' lang='lat' dir='ltr'><strong>minorem,</strong></span> 
     </span>
    </p>
   </div>
   <div class='ocr_carea' id='block_1_36' title="bbox 581 2789 2169 2858">
    <p class='ocr_par' dir='ltr' id='par_1_36' title="bbox 581 2789 2169 2858">
     <span class='ocr_line' id='line_1_36' title="bbox 581 2789 2169 2858; baseline 0.004 -16"><span class='ocrx_word' id='word_1_277' title='bbox 581 2789 816 2842; x_wconf 81' lang='lat' dir='ltr'><strong>nondum</strong></span> <span class='ocrx_word' id='word_1_278' title='bbox 860 2791 953 2844; x_wconf 84' lang='lat' dir='ltr'><strong>tibi</strong></span> <span class='ocrx_word' id='word_1_279' title='bbox 985 2791 1224 2844; x_wconf 84' lang='lat' dir='ltr'><strong>ascendi.</strong></span> <span class='ocrx_word' id='word_1_280' title='bbox 1270 2790 1512 2858; x_wconf 78' lang='lat' dir='ltr'><strong>Tangere</strong></span> <span class='ocrx_word' id='word_1_281' title='bbox 1554 2789 1736 2845; x_wconf 85' lang='lat' dir='ltr'><strong>autem</strong></span> <span class='ocrx_word' id='word_1_282' title='bbox 1781 2794 2004 2848; x_wconf 89' lang='lat' dir='ltr'><strong>credere</strong></span> <span class='ocrx_word' id='word_1_283' title='bbox 2047 2809 2169 2848; x_wconf 88' lang='lat' dir='ltr'><strong>esse</strong></span> 
     </span>
    </p>
   </div>
   <div class='ocr_carea' id='block_1_37' title="bbox 584 2860 2173 2929">
    <p class='ocr_par' dir='ltr' id='par_1_37' title="bbox 584 2860 2173 2929">
     <span class='ocr_line' id='line_1_37' title="bbox 584 2860 2173 2929; baseline 0.003 -18"><span class='ocrx_word' id='word_1_284' title='bbox 584 2866 754 2928; x_wconf 84' lang='lat' dir='ltr'><strong>puto:</strong></span> <span class='ocrx_word' id='word_1_285' title='bbox 786 2861 929 2929; x_wconf 89' lang='lat' dir='ltr'><strong>quod</strong></span> <span class='ocrx_word' id='word_1_286' title='bbox 967 2860 1120 2914; x_wconf 70' lang='lat' dir='ltr'><strong>facile</strong></span> <span class='ocrx_word' id='word_1_287' title='bbox 1165 2877 1447 2929; x_wconf 89' lang='lat' dir='ltr'><strong>possumus</strong></span> <span class='ocrx_word' id='word_1_288' title='bbox 1491 2861 1788 2928; x_wconf 83' lang='lat' dir='ltr'><strong>intelligere</strong></span> <span class='ocrx_word' id='word_1_289' title='bbox 1837 2863 1902 2916; x_wconf 89' lang='lat' dir='ltr'><strong>de</strong></span> <span class='ocrx_word' id='word_1_290' title='bbox 1927 2863 2015 2916; x_wconf 92' lang='lat' dir='ltr'><strong>illa</strong></span> <span class='ocrx_word' id='word_1_291' title='bbox 2053 2880 2173 2917; x_wconf 82' lang='lat' dir='ltr'><strong>mit-</strong></span> 
     </span>
    </p>
   </div>
   <div class='ocr_carea' id='block_1_38' title="bbox 580 2929 2172 3000">
    <p class='ocr_par' dir='ltr' id='par_1_38' title="bbox 580 2929 2172 3000">
     <span class='ocr_line' id='line_1_38' title="bbox 580 2929 2172 3000; baseline 0.004 -20"><span class='ocrx_word' id='word_1_292' title='bbox 580 2929 714 3000; x_wconf 78' lang='lat' dir='ltr'><strong>liere</strong></span> <span class='ocrx_word' id='word_1_293' title='bbox 763 2946 882 3000; x_wconf 76' lang='lat' dir='ltr'><strong>qua:</strong></span> <span class='ocrx_word' id='word_1_294' title='bbox 939 2934 1113 2998; x_wconf 81' lang='lat' dir='ltr'><strong>tetigit</strong></span> <span class='ocrx_word' id='word_1_295' title='bbox 1163 2931 1424 2984; x_wconf 74' lang='lat' dir='ltr'><strong>fimbriam</strong></span> <span class='ocrx_word' id='word_1_296' title='bbox 1477 2931 1781 3000; x_wconf 79' lang='lat' dir='ltr'><strong>vestimenti</strong></span> <span class='ocrx_word' id='word_1_297' title='bbox 1840 2931 2058 2996; x_wconf 88' lang='lat' dir='ltr'><strong>Christi,</strong></span> <span class='ocrx_word' id='word_1_298' title='bbox 2117 2941 2172 2988; x_wconf 88' lang='lat' dir='ltr'><strong>et</strong></span> 
     </span>
    </p>
   </div>
   <div class='ocr_carea' id='block_1_39' title="bbox 580 2999 2170 3069">
    <p class='ocr_par' dir='ltr' id='par_1_39' title="bbox 580 2999 2170 3069">
     <span class='ocr_line' id='line_1_39' title="bbox 580 2999 2170 3069; baseline 0.004 -18"><span class='ocrx_word' id='word_1_299' title='bbox 580 2999 726 3069; x_wconf 76' lang='lat' dir='ltr'><strong>salva</strong></span> <span class='ocrx_word' id='word_1_300' title='bbox 776 2999 913 3054; x_wconf 85' lang='lat' dir='ltr'><strong>facta</strong></span> <span class='ocrx_word' id='word_1_301' title='bbox 964 3010 1066 3054; x_wconf 79' lang='lat' dir='ltr'><strong>est.</strong></span> <span class='ocrx_word' id='word_1_302' title='bbox 1123 3000 1501 3054; x_wconf 79' lang='lat' dir='ltr'><strong>Recordamini</strong></span> <span class='ocrx_word' id='word_1_303' title='bbox 1547 2999 1911 3069; x_wconf 80' lang='lat' dir='ltr'><strong>Erangelinm.</strong></span> <span class='ocrx_word' id='word_1_304' title='bbox 1945 3003 2170 3068; x_wconf 89' lang='lat' dir='ltr'><strong>Quando</strong></span> 
     </span>
    </p>
   </div>
   <div class='ocr_carea' id='block_1_40' title="bbox 581 3068 2172 3144">
    <p class='ocr_par' dir='ltr' id='par_1_40' title="bbox 581 3068 2172 3144">
     <span class='ocr_line' id='line_1_40' title="bbox 581 3068 2172 3144; baseline 0.004 -24"><span class='ocrx_word' id='word_1_305' title='bbox 581 3068 839 3144; x_wconf 85' lang='lat' dir='ltr'><strong>Dominus</strong></span> <span class='ocrx_word' id='word_1_306' title='bbox 858 3069 1012 3124; x_wconf 85' lang='lat' dir='ltr'><strong>Jesus</strong></span> <span class='ocrx_word' id='word_1_307' title='bbox 1037 3069 1285 3144; x_wconf 82' lang='lat' dir='ltr'><strong>Christus</strong></span> <span class='ocrx_word' id='word_1_308' title='bbox 1334 3073 1439 3144; x_wconf 84' lang='lat' dir='ltr'><strong>ibat</strong></span> <span class='ocrx_word' id='word_1_309' title='bbox 1475 3068 1896 3144; x_wconf 31' lang='lat' dir='ltr'><strong>visitare&#39;AliliaIn</strong></span> <span class='ocrx_word' id='word_1_310' title='bbox 1931 3075 2172 3144; x_wconf 71' lang='lat' dir='ltr'><strong>ari-hisy-</strong></span> 
     </span>
    </p>
   </div>
   <div class='ocr_carea' id='block_1_41' title="bbox 582 3141 2171 3209">
    <p class='ocr_par' dir='ltr' id='par_1_41' title="bbox 582 3141 2171 3209">
     <span class='ocr_line' id='line_1_41' title="bbox 582 3141 2171 3209; baseline 0.004 -18"><span class='ocrx_word' id='word_1_311' title='bbox 582 3141 793 3208; x_wconf 87' lang='lat' dir='ltr'><strong>nagogi,</strong></span> <span class='ocrx_word' id='word_1_312' title='bbox 819 3151 873 3194; x_wconf 88' lang='lat' dir='ltr'><strong>et</strong></span> <span class='ocrx_word' id='word_1_313' title='bbox 912 3157 1034 3194; x_wconf 90' lang='lat' dir='ltr'><strong>eum</strong></span> <span class='ocrx_word' id='word_1_314' title='bbox 1088 3142 1260 3208; x_wconf 73' lang='lat' dir='ltr'><strong>tetigit</strong></span> <span class='ocrx_word' id='word_1_315' title='bbox 1302 3141 1493 3194; x_wconf 90' lang='lat' dir='ltr'><strong>mulier</strong></span> <span class='ocrx_word' id='word_1_316' title='bbox 1524 3156 1644 3209; x_wconf 73' lang='lat' dir='ltr'><strong>qua:</strong></span> <span class='ocrx_word' id='word_1_317' title='bbox 1700 3142 1845 3197; x_wconf 82' lang='lat' dir='ltr'><strong>ﬂuxu</strong></span> <span class='ocrx_word' id='word_1_318' title='bbox 1894 3141 2171 3209; x_wconf 81' lang='lat' dir='ltr'><strong>sanguinis</strong></span> 
     </span>
    </p>
   </div>
   <div class='ocr_carea' id='block_1_42' title="bbox 580 3209 2170 3284">
    <p class='ocr_par' dir='ltr' id='par_1_42' title="bbox 580 3209 2170 3284">
     <span class='ocr_line' id='line_1_42' title="bbox 580 3209 2170 3284; baseline 0.003 -22"><span class='ocrx_word' id='word_1_319' title='bbox 580 3209 879 3284; x_wconf 84' lang='lat' dir='ltr'><strong>laborabat,</strong></span> <span class='ocrx_word' id='word_1_320' title='bbox 913 3221 967 3265; x_wconf 92' lang='lat' dir='ltr'><strong>et</strong></span> <span class='ocrx_word' id='word_1_321' title='bbox 995 3229 1116 3284; x_wconf 87' lang='lat' dir='ltr'><strong>cum</strong></span> <span class='ocrx_word' id='word_1_322' title='bbox 1141 3212 1683 3284; x_wconf 80' lang='lat' dir='ltr'><strong>dixi_sset__Dominus,</strong></span> <span class='ocrx_word' id='word_1_323' title='bbox 1714 3211 1839 3275; x_wconf 76' lang='lat' dir='ltr'><strong>Quis</strong></span> <span class='ocrx_word' id='word_1_324' title='bbox 1863 3230 1942 3266; x_wconf 82' lang='lat' dir='ltr'><strong>me</strong></span> <span class='ocrx_word' id='word_1_325' title='bbox 1964 3215 2170 3284; x_wconf 75' lang='lat' dir='ltr'><strong>tetigit?</strong></span> 
     </span>
    </p>
   </div>
   <div class='ocr_carea' id='block_1_43' title="bbox 579 3280 2168 3352">
    <p class='ocr_par' dir='ltr' id='par_1_43' title="bbox 579 3280 2168 3352">
     <span class='ocr_line' id='line_1_43' title="bbox 579 3280 2168 3352; baseline 0.003 -20"><span class='ocrx_word' id='word_1_326' title='bbox 579 3281 977 3352; x_wconf 78' lang='lat' dir='ltr'><strong>responderunt</strong></span> <span class='ocrx_word' id='word_1_327' title='bbox 1019 3282 1312 3352; x_wconf 83' lang='lat' dir='ltr'><strong>discipuli:</strong></span> <span class='ocrx_word' id='word_1_328' title='bbox 1361 3280 1548 3352; x_wconf 72' lang='lat' dir='ltr'><strong>Turba:</strong></span> <span class='ocrx_word' id='word_1_329' title='bbox 1595 3293 1652 3352; x_wconf 80' lang='lat' dir='ltr'><strong>te</strong></span> <span class='ocrx_word' id='word_1_330' title='bbox 1706 3280 2071 3352; x_wconf 69' lang='lat' dir='ltr'><strong>comprimunt,</strong></span> <span class='ocrx_word' id='word_1_331' title='bbox 2119 3291 2168 3336; x_wconf 82' lang='lat' dir='ltr'><strong>et</strong></span> 
     </span>
    </p>
   </div>
   <div class='ocr_carea' id='block_1_44' title="bbox 577 3350 2163 3425">
    <p class='ocr_par' dir='ltr' id='par_1_44' title="bbox 577 3350 2163 3425">
     <span class='ocr_line' id='line_1_44' title="bbox 577 3350 2163 3425; baseline 0.004 -24"><span class='ocrx_word' id='word_1_332' title='bbox 577 3350 726 3425; x_wconf 64' lang='lat' dir='ltr'><strong>dicis,</strong></span> <span class='ocrx_word' id='word_1_333' title='bbox 771 3351 899 3425; x_wconf 71' lang='lat' dir='ltr'><strong>Quis</strong></span> <span class='ocrx_word' id='word_1_334' title='bbox 919 3368 1003 3408; x_wconf 81' lang='lat' dir='ltr'><strong>me</strong></span> <span class='ocrx_word' id='word_1_335' title='bbox 1037 3350 1234 3425; x_wconf 76' lang='lat' dir='ltr'><strong>tetigit?</strong></span> <span class='ocrx_word' id='word_1_336' title='bbox 1270 3351 1402 3425; x_wconf 68' lang='lat' dir='ltr'><strong>liicit</strong></span> <span class='ocrx_word' id='word_1_337' title='bbox 1448 3353 1548 3425; x_wconf 67' lang='lat' dir='ltr'><strong>eis,</strong></span> <span class='ocrx_word' id='word_1_338' title='bbox 1587 3351 1775 3422; x_wconf 82' lang='lat' dir='ltr'><strong>Tetigit</strong></span> <span class='ocrx_word' id='word_1_339' title='bbox 1821 3350 1908 3425; x_wconf 73' lang='lat' dir='ltr'><strong>me</strong></span> <span class='ocrx_word' id='word_1_340' title='bbox 1956 3357 2163 3425; x_wconf 71' lang='lat' dir='ltr'><strong>aliquis.</strong></span> 
     </span>
    </p>
   </div>
   <div class='ocr_carea' id='block_1_45' title="bbox 580 3418 2166 3493">
    <p class='ocr_par' dir='ltr' id='par_1_45' title="bbox 580 3418 2166 3493">
     <span class='ocr_line' id='line_1_45' title="bbox 580 3418 2166 3493; baseline 0.003 -19"><span class='ocrx_word' id='word_1_341' title='bbox 580 3418 693 3493; x_wconf 58' lang='lat' dir='ltr'><strong>Ego</strong></span> <span class='ocrx_word' id='word_1_342' title='bbox 724 3423 830 3474; x_wconf 85' lang='lat' dir='ltr'><strong>scio</strong></span> <span class='ocrx_word' id='word_1_343' title='bbox 855 3421 1089 3493; x_wconf 66' lang='lat' dir='ltr'><strong>virtutem</strong></span> <span class='ocrx_word' id='word_1_344' title='bbox 1113 3418 1174 3474; x_wconf 70' lang='lat' dir='ltr'><strong>(te</strong></span> <span class='ocrx_word' id='word_1_345' title='bbox 1203 3439 1282 3493; x_wconf 82' lang='lat' dir='ltr'><strong>me</strong></span> <span class='ocrx_word' id='word_1_346' title='bbox 1308 3423 1475 3474; x_wconf 73' lang='lat' dir='ltr'><strong>exisse</strong></span> <span class='ocrx_word' id='word_1_347' title='bbox 1497 3421 1647 3491; x_wconf 87' lang='lat' dir='ltr'><strong>(Luc.</strong></span> <span class='ocrx_word' id='word_1_348' title='bbox 1677 3418 1788 3487; x_wconf 79' lang='lat' dir='ltr'><strong>vin,</strong></span> <span class='ocrx_word' id='word_1_349' title='bbox 1824 3423 1936 3492; x_wconf 78' lang='grc'><strong>45).</strong></span> <span class='ocrx_word' id='word_1_350' title='bbox 1968 3418 2166 3493; x_wconf 82' lang='grc' dir='ltr'><strong>Ει’ἰΙΙί,</strong></span> 
     </span>
    </p>
   </div>
   <div class='ocr_carea' id='block_1_46' title="bbox 583 3486 2172 3561">
    <p class='ocr_par' dir='ltr' id='par_1_46' title="bbox 583 3486 2172 3561">
     <span class='ocr_line' id='line_1_46' title="bbox 583 3486 2172 3561; baseline 0.004 -19"><span class='ocrx_word' id='word_1_351' title='bbox 583 3486 787 3561; x_wconf 62' lang='lat' dir='ltr'><strong>Tantae,</strong></span> <span class='ocrx_word' id='word_1_352' title='bbox 805 3492 1085 3561; x_wconf 81' lang='lat' dir='ltr'><strong>inquiunt,</strong></span> <span class='ocrx_word' id='word_1_353' title='bbox 1116 3492 1282 3546; x_wconf 75' lang='lat' dir='ltr'><strong>turba:</strong></span> <span class='ocrx_word' id='word_1_354' title='bbox 1309 3502 1360 3545; x_wconf 92' lang='lat' dir='ltr'><strong>te</strong></span> <span class='ocrx_word' id='word_1_355' title='bbox 1386 3486 1782 3561; x_wconf 72' lang='lat' dir='ltr'><strong>comprimunt,</strong></span> <span class='ocrx_word' id='word_1_356' title='bbox 1801 3504 1854 3547; x_wconf 88' lang='lat' dir='ltr'><strong>et</strong></span> <span class='ocrx_word' id='word_1_357' title='bbox 1875 3486 2034 3547; x_wconf 82' lang='lat' dir='ltr'><strong>unam</strong></span> <span class='ocrx_word' id='word_1_358' title='bbox 2053 3486 2172 3549; x_wconf 56' lang='lat' dir='ltr'><strong>seu;</strong></span> 
     </span>
    </p>
   </div>
   <div class='ocr_carea' id='block_1_47' title="bbox 577 3559 2167 3635">
    <p class='ocr_par' dir='ltr' id='par_1_47' title="bbox 577 3559 2167 3635">
     <span class='ocr_line' id='line_1_47' title="bbox 577 3559 2167 3635; baseline 0.004 -23"><span class='ocrx_word' id='word_1_359' title='bbox 577 3559 731 3614; x_wconf 82' lang='lat' dir='ltr'><strong>sisti&#39;!</strong></span> <span class='ocrx_word' id='word_1_360' title='bbox 787 3560 971 3635; x_wconf 83' lang='lat' dir='ltr'><strong>Tetigit</strong></span> <span class='ocrx_word' id='word_1_361' title='bbox 1018 3579 1101 3635; x_wconf 10' lang='lat' dir='ltr'><strong>me?</strong></span> <span class='ocrx_word' id='word_1_362' title='bbox 1144 3563 1348 3635; x_wconf 73' lang='lat' dir='ltr'><strong>aliquis.</strong></span> <span class='ocrx_word' id='word_1_363' title='bbox 1400 3559 1687 3635; x_wconf 36' lang='lat' dir='ltr'><strong>Quidhest,</strong></span> <span class='ocrx_word' id='word_1_364' title='bbox 1729 3565 1892 3635; x_wconf 68' lang='lat' dir='ltr'><strong>tetigit</strong></span> <span class='ocrx_word' id='word_1_365' title='bbox 1939 3565 2167 3628; x_wconf 43' lang='lat' dir='ltr'><strong>me?,llli</strong></span> 
     </span>
    </p>
   </div>
   <div class='ocr_carea' id='block_1_48' title="bbox 578 3630 2169 3701">
    <p class='ocr_par' dir='ltr' id='par_1_48' title="bbox 578 3630 2169 3701">
     <span class='ocr_line' id='line_1_48' title="bbox 578 3630 2169 3701; baseline 0.004 -19"><span class='ocrx_word' id='word_1_366' title='bbox 578 3639 845 3698; x_wconf 86' lang='lat' dir='ltr'><strong>premunt,</strong></span> <span class='ocrx_word' id='word_1_367' title='bbox 873 3630 972 3685; x_wconf 66' lang='lat' dir='ltr'><strong>ista</strong></span> <span class='ocrx_word' id='word_1_368' title='bbox 1013 3633 1204 3701; x_wconf 80' lang='lat' dir='ltr'><strong>tetigit.</strong></span> <span class='ocrx_word' id='word_1_369' title='bbox 1231 3630 1414 3685; x_wconf 73' lang='lat' dir='ltr'><strong>Jndzci</strong></span> <span class='ocrx_word' id='word_1_370' title='bbox 1466 3630 1730 3700; x_wconf 81' lang='lat' dir='ltr'><strong>affligunt,</strong></span> <span class='ocrx_word' id='word_1_371' title='bbox 1765 3630 2002 3688; x_wconf 76' lang='lat' dir='ltr'><strong>Ecclesia</strong></span> <span class='ocrx_word' id='word_1_372' title='bbox 2049 3650 2169 3689; x_wconf 87' lang='lat' dir='ltr'><strong>cre-</strong></span> 
     </span>
    </p>
   </div>
   <div class='ocr_carea' id='block_1_49' title="bbox 575 3701 2169 3772">
    <p class='ocr_par' dir='ltr' id='par_1_49' title="bbox 575 3701 2169 3772">
     <span class='ocr_line' id='line_1_49' title="bbox 575 3701 2169 3772; baseline 0.004 -20"><span class='ocrx_word' id='word_1_373' title='bbox 575 3701 727 3772; x_wconf 82' lang='lat' dir='ltr'><strong>didit.</strong></span> <span class='ocrx_word' id='word_1_374' title='bbox 761 3701 1064 3756; x_wconf 88' lang='lat' dir='ltr'><strong>Secundum</strong></span> <span class='ocrx_word' id='word_1_375' title='bbox 1089 3703 1230 3756; x_wconf 91' lang='lat' dir='ltr'><strong>hunc</strong></span> <span class='ocrx_word' id='word_1_376' title='bbox 1261 3703 1588 3756; x_wconf 88' lang='lat' dir='ltr'><strong>intellectum</strong></span> <span class='ocrx_word' id='word_1_377' title='bbox 1634 3719 1743 3772; x_wconf 88' lang='lat' dir='ltr'><strong>quo</strong></span> <span class='ocrx_word' id='word_1_378' title='bbox 1792 3705 2022 3760; x_wconf 87' lang='lat' dir='ltr'><strong>vidimus</strong></span> <span class='ocrx_word' id='word_1_379' title='bbox 2052 3722 2169 3759; x_wconf 89' lang='lat' dir='ltr'><strong>mu-</strong></span> 
     </span>
    </p>
   </div>
   <div class='ocr_carea' id='block_1_50' title="bbox 578 3770 2163 3841">
    <p class='ocr_par' dir='ltr' id='par_1_50' title="bbox 578 3770 2163 3841">
     <span class='ocr_line' id='line_1_50' title="bbox 578 3770 2163 3841; baseline 0.003 -18"><span class='ocrx_word' id='word_1_380' title='bbox 578 3770 762 3824; x_wconf 86' lang='lat' dir='ltr'><strong>lierem</strong></span> <span class='ocrx_word' id='word_1_381' title='bbox 818 3782 874 3826; x_wconf 92' lang='lat' dir='ltr'><strong>ut</strong></span> <span class='ocrx_word' id='word_1_382' title='bbox 920 3784 1200 3826; x_wconf 85' lang='lat' dir='ltr'><strong>sanaretur</strong></span> <span class='ocrx_word' id='word_1_383' title='bbox 1249 3773 1506 3841; x_wconf 87' lang='lat' dir='ltr'><strong>tetigisse.</strong></span> <span class='ocrx_word' id='word_1_384' title='bbox 1541 3770 1686 3841; x_wconf 84' lang='lat' dir='ltr'><strong>quod</strong></span> <span class='ocrx_word' id='word_1_385' title='bbox 1729 3781 1811 3828; x_wconf 93' lang='lat' dir='ltr'><strong>est</strong></span> <span class='ocrx_word' id='word_1_386' title='bbox 1849 3775 2163 3838; x_wconf 84' lang='lat' dir='ltr'><strong>credidisse,</strong></span> 
     </span>
    </p>
   </div>
   <div class='ocr_carea' id='block_1_51' title="bbox 575 3842 2170 3906">
    <p class='ocr_par' dir='ltr' id='par_1_51' title="bbox 575 3842 2170 3906">
     <span class='ocr_line' id='line_1_51' title="bbox 575 3842 2170 3906; baseline 0.001 -10"><span class='ocrx_word' id='word_1_387' title='bbox 575 3843 866 3896; x_wconf 88' lang='lat' dir='ltr'><strong>secundum</strong></span> <span class='ocrx_word' id='word_1_388' title='bbox 899 3843 1002 3898; x_wconf 90' lang='lat' dir='ltr'><strong>hoc</strong></span> <span class='ocrx_word' id='word_1_389' title='bbox 1031 3843 1228 3897; x_wconf 90' lang='lat' dir='ltr'><strong>dictum</strong></span> <span class='ocrx_word' id='word_1_390' title='bbox 1261 3853 1345 3898; x_wconf 91' lang='lat' dir='ltr'><strong>est</strong></span> <span class='ocrx_word' id='word_1_391' title='bbox 1391 3844 1455 3896; x_wconf 88' lang='lat' dir='ltr'><strong>ad</strong></span> <span class='ocrx_word' id='word_1_392' title='bbox 1487 3842 1727 3906; x_wconf 85' lang='lat' dir='ltr'><strong>Mariam,</strong></span> <span class='ocrx_word' id='word_1_393' title='bbox 1775 3843 1902 3897; x_wconf 84' lang='lat' dir='ltr'><strong>Noli</strong></span> <span class='ocrx_word' id='word_1_394' title='bbox 1943 3862 2023 3898; x_wconf 87' lang='lat' dir='ltr'><strong>me</strong></span> <span class='ocrx_word' id='word_1_395' title='bbox 2053 3857 2170 3898; x_wconf 86' lang='lat' dir='ltr'><strong>tan-</strong></span> 
     </span>
    </p>
   </div>
   <div class='ocr_carea' id='block_1_52' title="bbox 574 3913 2167 3982">
    <p class='ocr_par' dir='ltr' id='par_1_52' title="bbox 574 3913 2167 3982">
     <span class='ocr_line' id='line_1_52' title="bbox 574 3913 2167 3982; baseline 0.004 -19"><span class='ocrx_word' id='word_1_396' title='bbox 574 3929 710 3982; x_wconf 80' lang='lat' dir='ltr'><strong>gere.</strong></span> <span class='ocrx_word' id='word_1_397' title='bbox 748 3914 1063 3978; x_wconf 70' lang='lat' dir='ltr'><strong>Ascenlam,</strong></span> <span class='ocrx_word' id='word_1_398' title='bbox 1086 3922 1142 3967; x_wconf 92' lang='lat' dir='ltr'><strong>et</strong></span> <span class='ocrx_word' id='word_1_399' title='bbox 1169 3923 1347 3981; x_wconf 88' lang='lat' dir='ltr'><strong>tange.</strong></span> <span class='ocrx_word' id='word_1_400' title='bbox 1391 3913 1541 3968; x_wconf 91' lang='lat' dir='ltr'><strong>Tunc</strong></span> <span class='ocrx_word' id='word_1_401' title='bbox 1575 3914 1718 3968; x_wconf 91' lang='lat' dir='ltr'><strong>enim</strong></span> <span class='ocrx_word' id='word_1_402' title='bbox 1763 3921 1923 3982; x_wconf 84' lang='lat' dir='ltr'><strong>tange</strong></span> <span class='ocrx_word' id='word_1_403' title='bbox 1951 3917 2167 3982; x_wconf 87' lang='lat' dir='ltr'><strong>quando</strong></span> 
     </span>
    </p>
   </div>
   <div class='ocr_carea' id='block_1_53' title="bbox 573 3983 2167 4054">
    <p class='ocr_par' dir='ltr' id='par_1_53' title="bbox 573 3983 2167 4054">
     <span class='ocr_line' id='line_1_53' title="bbox 573 3983 2167 4054; baseline 0.003 -19"><span class='ocrx_word' id='word_1_404' title='bbox 573 3984 934 4054; x_wconf 49' lang='lat' dir='ltr'><strong>cognoveris,</strong></span> <span class='ocrx_word' id='word_1_405' title='bbox 966 3983 1029 4037; x_wconf 84' lang='lat' dir='ltr'><strong><em>In</em></strong></span> <span class='ocrx_word' id='word_1_406' title='bbox 1085 3985 1341 4054; x_wconf 77' lang='lat' dir='ltr'><strong>principio</strong></span> <span class='ocrx_word' id='word_1_407' title='bbox 1387 3993 1498 4036; x_wconf 83' lang='lat' dir='ltr'><strong>erat</strong></span> <span class='ocrx_word' id='word_1_408' title='bbox 1558 3983 1798 4054; x_wconf 74' lang='lat' dir='ltr'><strong>Verbum,</strong></span> <span class='ocrx_word' id='word_1_409' title='bbox 1846 3995 1896 4038; x_wconf 86' lang='lat' dir='ltr'><strong>et</strong></span> <span class='ocrx_word' id='word_1_410' title='bbox 1946 3983 2167 4040; x_wconf 77' lang='lat' dir='ltr'><strong>Verbum</strong></span> 
     </span>
    </p>
   </div>
   <div class='ocr_carea' id='block_1_54' title="bbox 569 4053 2164 4127">
    <p class='ocr_par' dir='ltr' id='par_1_54' title="bbox 569 4053 2164 4127">
     <span class='ocr_line' id='line_1_54' title="bbox 569 4053 2164 4127; baseline 0.003 -23"><span class='ocrx_word' id='word_1_411' title='bbox 569 4061 685 4127; x_wconf 52' lang='lat' dir='ltr'><strong>{rat</strong></span> <span class='ocrx_word' id='word_1_412' title='bbox 723 4053 861 4127; x_wconf 75' lang='lat' dir='ltr'><strong>apud</strong></span> <span class='ocrx_word' id='word_1_413' title='bbox 883 4053 1093 4127; x_wconf 63' lang='lat' dir='ltr'><strong>ﬂeam,</strong></span> <span class='ocrx_word' id='word_1_414' title='bbox 1118 4063 1165 4106; x_wconf 86' lang='lat' dir='ltr'><strong>et</strong></span> <span class='ocrx_word' id='word_1_415' title='bbox 1210 4054 1348 4127; x_wconf 80' lang='lat' dir='ltr'><strong>Deus</strong></span> <span class='ocrx_word' id='word_1_416' title='bbox 1386 4063 1499 4127; x_wconf 72' lang='lat' dir='ltr'><strong>erat</strong></span> <span class='ocrx_word' id='word_1_417' title='bbox 1557 4053 1983 4127; x_wconf 71' lang='lat' dir='ltr'><strong>l’erbunt_l.lottn.</strong></span> <span class='ocrx_word' id='word_1_418' title='bbox 2019 4073 2051 4116; x_wconf 84' lang='grc' dir='ltr'><strong>ι,</strong></span> <span class='ocrx_word' id='word_1_419' title='bbox 2088 4057 2164 4127; x_wconf 83' lang='grc'><strong>1).</strong></span> 
     </span>
    </p>
   </div>
   <div class='ocr_carea' id='block_1_55' title="bbox 573 4120 2166 4193">
    <p class='ocr_par' dir='ltr' id='par_1_55' title="bbox 573 4120 2166 4193">
     <span class='ocr_line' id='line_1_55' title="bbox 573 4120 2166 4193; baseline 0.004 -18"><span class='ocrx_word' id='word_1_420' title='bbox 573 4120 678 4175; x_wconf 86' lang='lat' dir='ltr'><strong>Sed</strong></span> <span class='ocrx_word' id='word_1_421' title='bbox 710 4120 835 4190; x_wconf 88' lang='lat' dir='ltr'><strong>quia</strong></span> <span class='ocrx_word' id='word_1_422' title='bbox 882 4124 1155 4178; x_wconf 87' lang='lat' dir='ltr'><strong>hominem</strong></span> <span class='ocrx_word' id='word_1_423' title='bbox 1193 4125 1365 4179; x_wconf 89' lang='lat' dir='ltr'><strong>solum</strong></span> <span class='ocrx_word' id='word_1_424' title='bbox 1410 4125 1581 4191; x_wconf 88' lang='lat' dir='ltr'><strong>vides,</strong></span> <span class='ocrx_word' id='word_1_425' title='bbox 1615 4126 1739 4193; x_wconf 91' lang='lat' dir='ltr'><strong>quia</strong></span> <span class='ocrx_word' id='word_1_426' title='bbox 1783 4124 2004 4179; x_wconf 78' lang='lat' dir='ltr'><strong>Verbum</strong></span> <span class='ocrx_word' id='word_1_427' title='bbox 2045 4120 2166 4182; x_wconf 78' lang='lat' dir='ltr'><strong>caro</strong></span> 
     </span>
    </p>
   </div>
   <div class='ocr_carea' id='block_1_56' title="bbox 573 4193 2163 4314">
    <p class='ocr_par' dir='ltr' id='par_1_56' title="bbox 573 4193 2163 4314">
     <span class='ocr_line' id='line_1_56' title="bbox 573 4193 2163 4314; baseline 0.005 -69"><span class='ocrx_word' id='word_1_428' title='bbox 573 4193 769 4314; x_wconf 56' lang='lat' dir='ltr'><strong>“totum</strong></span> <span class='ocrx_word' id='word_1_429' title='bbox 808 4204 884 4246; x_wconf 84' lang='lat' dir='ltr'><strong>est</strong></span> <span class='ocrx_word' id='word_1_430' title='bbox 935 4193 1122 4265; x_wconf 85' lang='lat' dir='ltr'><strong>(lbid.,</strong></span> <span class='ocrx_word' id='word_1_431' title='bbox 1167 4195 1276 4262; x_wconf 76' lang='grc' dir='ltr'><strong>Η),</strong></span> <span class='ocrx_word' id='word_1_432' title='bbox 1326 4195 1553 4248; x_wconf 68' lang='lat' dir='ltr'><strong>Verbum</strong></span> <span class='ocrx_word' id='word_1_433' title='bbox 1602 4197 1777 4250; x_wconf 90' lang='lat' dir='ltr'><strong>solum</strong></span> <span class='ocrx_word' id='word_1_434' title='bbox 1837 4212 1942 4249; x_wconf 87' lang='lat' dir='ltr'><strong>non</strong></span> <span class='ocrx_word' id='word_1_435' title='bbox 1996 4198 2163 4253; x_wconf 83' lang='lat' dir='ltr'><strong>vides.</strong></span> 
     </span>
     <span class='ocr_line' id='line_1_57' title="bbox 621 4264 2163 4314; baseline 0 0"><span class='ocrx_word' id='word_1_436' title='bbox 621 4264 708 4314; x_wconf 91' lang='lat' dir='ltr'><strong>olo</strong></span> <span class='ocrx_word' id='word_1_437' title='bbox 749 4267 940 4314; x_wconf 88' lang='lat' dir='ltr'><strong>credas</strong></span> <span class='ocrx_word' id='word_1_438' title='bbox 979 4267 1031 4314; x_wconf 91' lang='lat' dir='ltr'><strong>in</strong></span> <span class='ocrx_word' id='word_1_439' title='bbox 1067 4280 1249 4314; x_wconf 87' lang='lat' dir='ltr'><strong>carne-</strong></span> <span class='ocrx_word' id='word_1_440' title='bbox 1289 4273 1344 4314; x_wconf 85' lang='lat' dir='ltr'><strong>et</strong></span> <span class='ocrx_word' id='word_1_441' title='bbox 1387 4265 1660 4314; x_wconf 77' lang='lat' dir='ltr'><strong>relinquas</strong></span> <span class='ocrx_word' id='word_1_442' title='bbox 1712 4265 1964 4314; x_wconf 83' lang='lat' dir='ltr'><strong>Verbum.</strong></span> <span class='ocrx_word' id='word_1_443' title='bbox 1999 4266 2163 4314; x_wconf 71' lang='lat' dir='ltr'><strong>Tutus</strong></span> 
     </span>
    </p>
   </div>
   <div class='ocr_carea' id='block_1_57' title="bbox 621 4264 2166 4333">
    <p class='ocr_par' dir='ltr' id='par_1_57' title="bbox 621 4264 2166 4333">
     <span class='ocr_line' id='line_1_58' title="bbox 621 4264 2166 4333; baseline 0.004 -19"><span class='ocrx_word' id='word_1_444' title='bbox 621 4264 725 4333; x_wconf 76' lang='lat' dir='ltr'><strong>olo_</strong></span> <span class='ocrx_word' id='word_1_445' title='bbox 749 4267 940 4318; x_wconf 89' lang='lat' dir='ltr'><strong>credas</strong></span> <span class='ocrx_word' id='word_1_446' title='bbox 979 4267 1031 4319; x_wconf 92' lang='lat' dir='ltr'><strong>in</strong></span> <span class='ocrx_word' id='word_1_447' title='bbox 1067 4280 1250 4331; x_wconf 88' lang='lat' dir='ltr'><strong>carne,</strong></span> <span class='ocrx_word' id='word_1_448' title='bbox 1289 4273 1344 4319; x_wconf 92' lang='lat' dir='ltr'><strong>et</strong></span> <span class='ocrx_word' id='word_1_449' title='bbox 1387 4265 1660 4333; x_wconf 86' lang='lat' dir='ltr'><strong>relinquas</strong></span> <span class='ocrx_word' id='word_1_450' title='bbox 1712 4265 1964 4320; x_wconf 88' lang='lat' dir='ltr'><strong>Verbum.</strong></span> <span class='ocrx_word' id='word_1_451' title='bbox 1999 4266 2166 4325; x_wconf 87' lang='lat' dir='ltr'><strong>Totus</strong></span> 
     </span>
    </p>
   </div>
   <div class='ocr_carea' id='block_1_58' title="bbox 575 4331 2164 4405">
    <p class='ocr_par' dir='ltr' id='par_1_58' title="bbox 575 4331 2164 4405">
     <span class='ocr_line' id='line_1_59' title="bbox 575 4331 2164 4405; baseline 0.004 -20"><span class='ocrx_word' id='word_1_452' title='bbox 575 4333 668 4405; x_wconf 84' lang='lat' dir='ltr'><strong>tibi</strong></span> <span class='ocrx_word' id='word_1_453' title='bbox 697 4331 944 4389; x_wconf 85' lang='lat' dir='ltr'><strong>Christus</strong></span> <span class='ocrx_word' id='word_1_454' title='bbox 973 4345 1248 4404; x_wconf 85' lang='lat' dir='ltr'><strong>appareat.</strong></span> <span class='ocrx_word' id='word_1_455' title='bbox 1299 4335 1437 4397; x_wconf 84' lang='lat' dir='ltr'><strong>Noli,</strong></span> <span class='ocrx_word' id='word_1_456' title='bbox 1485 4331 1680 4405; x_wconf 85' lang='lat' dir='ltr'><strong>inquit,</strong></span> <span class='ocrx_word' id='word_1_457' title='bbox 1715 4337 1876 4391; x_wconf 91' lang='lat' dir='ltr'><strong>modo</strong></span> <span class='ocrx_word' id='word_1_458' title='bbox 1923 4346 2164 4405; x_wconf 87' lang='lat' dir='ltr'><strong>tangere,</strong></span> 
     </span>
    </p>
   </div>
   <div class='ocr_carea' id='block_1_59' title="bbox 572 4404 2166 4522">
    <p class='ocr_par' dir='ltr' id='par_1_59' title="bbox 572 4404 2166 4522">
     <span class='ocr_line' id='line_1_60' title="bbox 572 4404 2166 4522; baseline 0.004 -67"><span class='ocrx_word' id='word_1_459' title='bbox 572 4404 699 4522; x_wconf 60' lang='lat' dir='ltr'><strong>quia</strong></span> <span class='ocrx_word' id='word_1_460' title='bbox 746 4405 982 4458; x_wconf 82' lang='lat' dir='ltr'><strong>nomium</strong></span> <span class='ocrx_word' id='word_1_461' title='bbox 1031 4407 1179 4459; x_wconf 86' lang='lat' dir='ltr'><strong>vides</strong></span> <span class='ocrx_word' id='word_1_462' title='bbox 1226 4405 1346 4474; x_wconf 91' lang='lat' dir='ltr'><strong>quis</strong></span> <span class='ocrx_word' id='word_1_463' title='bbox 1387 4421 1527 4460; x_wconf 87' lang='lat' dir='ltr'><strong>sum.</strong></span> <span class='ocrx_word' id='word_1_464' title='bbox 1560 4404 1798 4460; x_wconf 79' lang='lat' dir='ltr'><strong>Ecclesia</strong></span> <span class='ocrx_word' id='word_1_465' title='bbox 1829 4420 1956 4474; x_wconf 86' lang='lat' dir='ltr'><strong>ergo</strong></span> <span class='ocrx_word' id='word_1_466' title='bbox 1989 4404 2166 4475; x_wconf 84' lang='lat' dir='ltr'><strong>(cujus</strong></span> 
     </span>
     <span class='ocr_line' id='line_1_61' title="bbox 611 4474 2160 4522; baseline 0 0"><span class='ocrx_word' id='word_1_467' title='bbox 611 4487 792 4522; x_wconf 66' lang='lat' dir='ltr'><strong>auram</strong></span> <span class='ocrx_word' id='word_1_468' title='bbox 834 4474 995 4522; x_wconf 85' lang='lat' dir='ltr'><strong>Maria</strong></span> <span class='ocrx_word' id='word_1_469' title='bbox 1035 4477 1276 4522; x_wconf 60' lang='lat' dir='ltr'><strong>geminati</strong></span> <span class='ocrx_word' id='word_1_470' title='bbox 1313 4475 1494 4522; x_wconf 85' lang='lat' dir='ltr'><strong>audiat</strong></span> <span class='ocrx_word' id='word_1_471' title='bbox 1532 4476 1675 4522; x_wconf 86' lang='lat' dir='ltr'><strong>numl</strong></span> <span class='ocrx_word' id='word_1_472' title='bbox 1725 4478 1928 4522; x_wconf 77' lang='lat' dir='ltr'><strong>audivit</strong></span> <span class='ocrx_word' id='word_1_473' title='bbox 1977 4477 2160 4522; x_wconf 79' lang='lat' dir='ltr'><strong>Maria-</strong></span> 
     </span>
    </p>
   </div>
   <div class='ocr_carea' id='block_1_60' title="bbox 611 4474 2160 4543">
    <p class='ocr_par' dir='ltr' id='par_1_60' title="bbox 611 4474 2160 4543">
     <span class='ocr_line' id='line_1_62' title="bbox 611 4474 2160 4543; baseline 0.003 -17"><span class='ocrx_word' id='word_1_474' title='bbox 611 4487 792 4543; x_wconf 82' lang='lat' dir='ltr'><strong>guram</strong></span> <span class='ocrx_word' id='word_1_475' title='bbox 834 4474 997 4528; x_wconf 87' lang='lat' dir='ltr'><strong>Maria</strong></span> <span class='ocrx_word' id='word_1_476' title='bbox 1035 4477 1276 4543; x_wconf 80' lang='lat' dir='ltr'><strong>gerebat)</strong></span> <span class='ocrx_word' id='word_1_477' title='bbox 1313 4475 1494 4528; x_wconf 87' lang='lat' dir='ltr'><strong>audiat</strong></span> <span class='ocrx_word' id='word_1_478' title='bbox 1532 4476 1676 4543; x_wconf 88' lang='lat' dir='ltr'><strong>quod</strong></span> <span class='ocrx_word' id='word_1_479' title='bbox 1725 4478 1928 4531; x_wconf 86' lang='lat' dir='ltr'><strong>audivit</strong></span> <span class='ocrx_word' id='word_1_480' title='bbox 1975 4474 2160 4532; x_wconf 87' lang='lat' dir='ltr'><strong>Maria.</strong></span> 
     </span>
    </p>
   </div>
   <div class='ocr_carea' id='block_1_61' title="bbox 573 4541 2164 4612">
    <p class='ocr_par' dir='ltr' id='par_1_61' title="bbox 573 4541 2164 4612">
     <span class='ocr_line' id='line_1_63' title="bbox 573 4541 2164 4612; baseline 0.004 -16"><span class='ocrx_word' id='word_1_481' title='bbox 573 4541 876 4612; x_wconf 83' lang='lat' dir='ltr'><strong>Tangamus</strong></span> <span class='ocrx_word' id='word_1_482' title='bbox 903 4541 1110 4608; x_wconf 81' lang='lat' dir='ltr'><strong>omnes,</strong></span> <span class='ocrx_word' id='word_1_483' title='bbox 1136 4548 1179 4600; x_wconf 90' lang='lat' dir='ltr'><strong>si</strong></span> <span class='ocrx_word' id='word_1_484' title='bbox 1203 4541 1507 4600; x_wconf 75' lang='lat' dir='ltr'><strong>credamus.</strong></span> <span class='ocrx_word' id='word_1_485' title='bbox 1540 4541 1660 4598; x_wconf 71' lang='lat' dir='ltr'><strong>1am</strong></span> <span class='ocrx_word' id='word_1_486' title='bbox 1701 4549 1940 4600; x_wconf 88' lang='lat' dir='ltr'><strong>ascendit</strong></span> <span class='ocrx_word' id='word_1_487' title='bbox 1963 4554 2026 4600; x_wconf 84' lang='lat' dir='ltr'><strong>al</strong></span> <span class='ocrx_word' id='word_1_488' title='bbox 2063 4550 2164 4602; x_wconf 83' lang='lat' dir='ltr'><strong>l&#39;a-</strong></span> 
     </span>
    </p>
   </div>
   <div class='ocr_carea' id='block_1_62' title="bbox 573 4613 2163 4678">
    <p class='ocr_par' dir='ltr' id='par_1_62' title="bbox 573 4613 2163 4678">
     <span class='ocr_line' id='line_1_64' title="bbox 573 4613 2163 4678; baseline 0.004 -12"><span class='ocrx_word' id='word_1_489' title='bbox 573 4623 728 4678; x_wconf 90' lang='lat' dir='ltr'><strong>trem,</strong></span> <span class='ocrx_word' id='word_1_490' title='bbox 754 4616 904 4668; x_wconf 80' lang='lat' dir='ltr'><strong>sedet</strong></span> <span class='ocrx_word' id='word_1_491' title='bbox 933 4617 998 4668; x_wconf 92' lang='lat' dir='ltr'><strong>ad</strong></span> <span class='ocrx_word' id='word_1_492' title='bbox 1027 4617 1304 4670; x_wconf 79' lang='lat' dir='ltr'><strong>dexterazn</strong></span> <span class='ocrx_word' id='word_1_493' title='bbox 1338 4613 1528 4678; x_wconf 83' lang='lat' dir='ltr'><strong>Patris,</strong></span> <span class='ocrx_word' id='word_1_494' title='bbox 1554 4615 1842 4670; x_wconf 90' lang='lat' dir='ltr'><strong>conlitetur</strong></span> <span class='ocrx_word' id='word_1_495' title='bbox 1870 4618 1974 4671; x_wconf 89' lang='lat' dir='ltr'><strong>hoc</strong></span> <span class='ocrx_word' id='word_1_496' title='bbox 2004 4618 2163 4673; x_wconf 90' lang='lat' dir='ltr'><strong>hodie</strong></span> 
     </span>
    </p>
   </div>
   <div class='ocr_carea' id='block_1_63' title="bbox 571 4683 2161 4755">
    <p class='ocr_par' dir='ltr' id='par_1_63' title="bbox 571 4683 2161 4755">
     <span class='ocr_line' id='line_1_65' title="bbox 571 4683 2161 4755; baseline 0.004 -19"><span class='ocrx_word' id='word_1_497' title='bbox 571 4693 682 4755; x_wconf 82' lang='lat' dir='ltr'><strong>tota</strong></span> <span class='ocrx_word' id='word_1_498' title='bbox 713 4683 968 4739; x_wconf 80' lang='lat' dir='ltr'><strong>Ecclesia.</strong></span> <span class='ocrx_word' id='word_1_499' title='bbox 1001 4685 1115 4740; x_wconf 88' lang='lat' dir='ltr'><strong>Hoc</strong></span> <span class='ocrx_word' id='word_1_500' title='bbox 1137 4687 1357 4740; x_wconf 90' lang='lat' dir='ltr'><strong>audiant</strong></span> <span class='ocrx_word' id='word_1_501' title='bbox 1385 4687 1477 4755; x_wconf 92' lang='lat' dir='ltr'><strong>qui</strong></span> <span class='ocrx_word' id='word_1_502' title='bbox 1510 4687 1852 4754; x_wconf 85' lang='lat' dir='ltr'><strong>baptizautur</strong></span> <span class='ocrx_word' id='word_1_503' title='bbox 1879 4706 1890 4741; x_wconf 88' lang='lat'><strong>:</strong></span> <span class='ocrx_word' id='word_1_504' title='bbox 1925 4688 2030 4741; x_wconf 92' lang='lat' dir='ltr'><strong>hoc</strong></span> <span class='ocrx_word' id='word_1_505' title='bbox 2064 4703 2161 4742; x_wconf 92' lang='lat' dir='ltr'><strong>au-</strong></span> 
     </span>
    </p>
   </div>
   <div class='ocr_carea' id='block_1_64' title="bbox 569 4753 2160 4826">
    <p class='ocr_par' dir='ltr' id='par_1_64' title="bbox 569 4753 2160 4826">
     <span class='ocr_line' id='line_1_66' title="bbox 569 4753 2160 4826; baseline 0.001 -18"><span class='ocrx_word' id='word_1_506' title='bbox 569 4753 717 4826; x_wconf 79' lang='lat' dir='ltr'><strong>diant</strong></span> <span class='ocrx_word' id='word_1_507' title='bbox 747 4765 1036 4825; x_wconf 86' lang='lat' dir='ltr'><strong>antequam</strong></span> <span class='ocrx_word' id='word_1_508' title='bbox 1069 4753 1429 4826; x_wconf 44' lang='lat' dir='ltr'><strong>baptizentur&#39;.</strong></span> <span class='ocrx_word' id='word_1_509' title='bbox 1468 4753 1693 4822; x_wconf 75' lang='lat' dir='ltr'><strong>Quando</strong></span> <span class='ocrx_word' id='word_1_510' title='bbox 1731 4773 1861 4826; x_wconf 89' lang='lat' dir='ltr'><strong>ergo</strong></span> <span class='ocrx_word' id='word_1_511' title='bbox 1907 4758 2160 4823; x_wconf 90' lang='lat' dir='ltr'><strong>credunt,</strong></span> 
     </span>
    </p>
   </div>
   <div class='ocr_carea' id='block_1_65' title="bbox 571 4823 2160 4896">
    <p class='ocr_par' dir='ltr' id='par_1_65' title="bbox 571 4823 2160 4896">
     <span class='ocr_line' id='line_1_67' title="bbox 571 4823 2160 4896; baseline 0.003 -20"><span class='ocrx_word' id='word_1_512' title='bbox 571 4823 746 4896; x_wconf 13' lang='lat' dir='ltr'><strong>Maria;</strong></span> <span class='ocrx_word' id='word_1_513' title='bbox 765 4823 934 4896; x_wconf 88' lang='lat' dir='ltr'><strong>tangit</strong></span> <span class='ocrx_word' id='word_1_514' title='bbox 960 4823 1251 4881; x_wconf 77' lang='lat' dir='ltr'><strong>Christum.</strong></span> <span class='ocrx_word' id='word_1_515' title='bbox 1286 4827 1596 4882; x_wconf 88' lang='lat' dir='ltr'><strong>Intellectus</strong></span> <span class='ocrx_word' id='word_1_516' title='bbox 1628 4823 1907 4896; x_wconf 74' lang='lat' dir='ltr'><strong>obscurus,</strong></span> <span class='ocrx_word' id='word_1_517' title='bbox 1946 4831 2040 4882; x_wconf 90' lang='lat' dir='ltr'><strong>sed</strong></span> <span class='ocrx_word' id='word_1_518' title='bbox 2071 4846 2160 4883; x_wconf 89' lang='lat' dir='ltr'><strong>sa-</strong></span> 
     </span>
    </p>
   </div>
   <div class='ocr_carea' id='block_1_66' title="bbox 568 4894 2160 4966">
    <p class='ocr_par' dir='ltr' id='par_1_66' title="bbox 568 4894 2160 4966">
     <span class='ocr_line' id='line_1_68' title="bbox 568 4894 2160 4966; baseline 0.004 -21"><span class='ocrx_word' id='word_1_519' title='bbox 568 4910 688 4966; x_wconf 76' lang='lat' dir='ltr'><strong>nus,</strong></span> <span class='ocrx_word' id='word_1_520' title='bbox 722 4894 822 4966; x_wconf 83' lang='lat' dir='ltr'><strong>fide</strong></span> <span class='ocrx_word' id='word_1_521' title='bbox 854 4898 1085 4965; x_wconf 87' lang='lat' dir='ltr'><strong>pulsanti</strong></span> <span class='ocrx_word' id='word_1_522' title='bbox 1114 4906 1352 4966; x_wconf 90' lang='lat' dir='ltr'><strong>apertus.</strong></span> <span class='ocrx_word' id='word_1_523' title='bbox 1380 4897 1497 4966; x_wconf 90' lang='lat' dir='ltr'><strong>Ipse</strong></span> <span class='ocrx_word' id='word_1_524' title='bbox 1523 4911 1653 4965; x_wconf 88' lang='lat' dir='ltr'><strong>ergo</strong></span> <span class='ocrx_word' id='word_1_525' title='bbox 1675 4894 1934 4953; x_wconf 75' lang='lat' dir='ltr'><strong>Dominus</strong></span> <span class='ocrx_word' id='word_1_526' title='bbox 1974 4909 2160 4954; x_wconf 89' lang='lat' dir='ltr'><strong>noster</strong></span> 
     </span>
    </p>
   </div>
   <div class='ocr_carea' id='block_1_67' title="bbox 566 4961 2158 5035">
    <p class='ocr_par' dir='ltr' id='par_1_67' title="bbox 566 4961 2158 5035">
     <span class='ocr_line' id='line_1_69' title="bbox 566 4961 2158 5035; baseline 0.002 -16"><span class='ocrx_word' id='word_1_527' title='bbox 566 4961 724 5035; x_wconf 57' lang='lat' dir='ltr'><strong>{esus</strong></span> <span class='ocrx_word' id='word_1_528' title='bbox 749 4961 1013 5030; x_wconf 89' lang='lat' dir='ltr'><strong>Christus,</strong></span> <span class='ocrx_word' id='word_1_529' title='bbox 1048 4976 1103 5020; x_wconf 92' lang='lat' dir='ltr'><strong>et</strong></span> <span class='ocrx_word' id='word_1_530' title='bbox 1128 4961 1198 5021; x_wconf 78' lang='lat' dir='ltr'><strong>ibi</strong></span> <span class='ocrx_word' id='word_1_531' title='bbox 1227 4981 1332 5035; x_wconf 90' lang='lat' dir='ltr'><strong>est,</strong></span> <span class='ocrx_word' id='word_1_532' title='bbox 1369 4961 1424 5022; x_wconf 83' lang='grc' dir='ltr'>εἰ</span> <span class='ocrx_word' id='word_1_533' title='bbox 1472 4961 1748 5022; x_wconf 75' lang='lat' dir='ltr'><strong>nobiscum</strong></span> <span class='ocrx_word' id='word_1_534' title='bbox 1796 4978 1898 5033; x_wconf 89' lang='lat' dir='ltr'><strong>est,</strong></span> <span class='ocrx_word' id='word_1_535' title='bbox 1943 4980 1995 5024; x_wconf 92' lang='lat' dir='ltr'><strong>et</strong></span> <span class='ocrx_word' id='word_1_536' title='bbox 2036 4985 2158 5025; x_wconf 90' lang='lat' dir='ltr'><strong>cum</strong></span> 
     </span>
    </p>
   </div>
   <div class='ocr_carea' id='block_1_68' title="bbox 569 5032 2160 5101">
    <p class='ocr_par' dir='ltr' id='par_1_68' title="bbox 569 5032 2160 5101">
     <span class='ocr_line' id='line_1_70' title="bbox 569 5032 2160 5101; baseline 0.004 -15"><span class='ocrx_word' id='word_1_537' title='bbox 569 5032 729 5090; x_wconf 81' lang='lat' dir='ltr'><strong>Patre</strong></span> <span class='ocrx_word' id='word_1_538' title='bbox 760 5045 860 5100; x_wconf 91' lang='lat' dir='ltr'><strong>est,</strong></span> <span class='ocrx_word' id='word_1_539' title='bbox 891 5046 944 5092; x_wconf 90' lang='lat' dir='ltr'><strong>et</strong></span> <span class='ocrx_word' id='word_1_540' title='bbox 974 5039 1026 5091; x_wconf 90' lang='lat' dir='ltr'><strong>in</strong></span> <span class='ocrx_word' id='word_1_541' title='bbox 1059 5039 1214 5093; x_wconf 90' lang='lat' dir='ltr'><strong>nobis</strong></span> <span class='ocrx_word' id='word_1_542' title='bbox 1242 5032 1343 5101; x_wconf 82' lang='lat' dir='ltr'><strong>est,</strong></span> <span class='ocrx_word' id='word_1_543' title='bbox 1386 5048 1440 5093; x_wconf 90' lang='lat' dir='ltr'><strong>et</strong></span> <span class='ocrx_word' id='word_1_544' title='bbox 1466 5039 1534 5092; x_wconf 92' lang='lat' dir='ltr'><strong>ab</strong></span> <span class='ocrx_word' id='word_1_545' title='bbox 1565 5038 1658 5092; x_wconf 90' lang='lat' dir='ltr'><strong>illo</strong></span> <span class='ocrx_word' id='word_1_546' title='bbox 1703 5055 1812 5093; x_wconf 90' lang='lat' dir='ltr'><strong>non</strong></span> <span class='ocrx_word' id='word_1_547' title='bbox 1853 5032 2072 5100; x_wconf 86' lang='lat' dir='ltr'><strong>recedit.</strong></span> <span class='ocrx_word' id='word_1_548' title='bbox 2105 5049 2160 5094; x_wconf 91' lang='lat' dir='ltr'><strong>et</strong></span> 
     </span>
    </p>
   </div>
   <div class='ocr_carea' id='block_1_69' title="bbox 571 5108 2163 5179">
    <p class='ocr_par' dir='ltr' id='par_1_69' title="bbox 571 5108 2163 5179">
     <span class='ocr_line' id='line_1_71' title="bbox 571 5108 2163 5179; baseline 0.005 -21"><span class='ocrx_word' id='word_1_549' title='bbox 571 5121 676 5159; x_wconf 89' lang='lat' dir='ltr'><strong>non</strong></span> <span class='ocrx_word' id='word_1_550' title='bbox 709 5124 807 5179; x_wconf 79' lang='lat' dir='ltr'><strong>nos</strong></span> <span class='ocrx_word' id='word_1_551' title='bbox 835 5109 1053 5172; x_wconf 87' lang='lat' dir='ltr'><strong>deserit,</strong></span> <span class='ocrx_word' id='word_1_552' title='bbox 1087 5117 1142 5163; x_wconf 88' lang='lat' dir='ltr'><strong>et</strong></span> <span class='ocrx_word' id='word_1_553' title='bbox 1167 5125 1325 5164; x_wconf 92' lang='lat' dir='ltr'><strong>orare</strong></span> <span class='ocrx_word' id='word_1_554' title='bbox 1350 5125 1448 5164; x_wconf 91' lang='lat' dir='ltr'><strong>nos</strong></span> <span class='ocrx_word' id='word_1_555' title='bbox 1473 5108 1661 5174; x_wconf 88' lang='lat' dir='ltr'><strong>docet,</strong></span> <span class='ocrx_word' id='word_1_556' title='bbox 1713 5118 1771 5162; x_wconf 91' lang='lat' dir='ltr'><strong>ut</strong></span> <span class='ocrx_word' id='word_1_557' title='bbox 1800 5111 2074 5179; x_wconf 84' lang='lat' dir='ltr'><strong>magister,</strong></span> <span class='ocrx_word' id='word_1_558' title='bbox 2107 5119 2163 5166; x_wconf 92' lang='lat' dir='ltr'><strong>et</strong></span> 
     </span>
    </p>
   </div>
   <div class='ocr_carea' id='block_1_70' title="bbox 568 5176 1446 5247">
    <p class='ocr_par' dir='ltr' id='par_1_70' title="bbox 568 5176 1446 5247">
     <span class='ocr_line' id='line_1_72' title="bbox 568 5176 1446 5247; baseline 0.001 -14"><span class='ocrx_word' id='word_1_559' title='bbox 568 5193 690 5233; x_wconf 66' lang='lat' dir='ltr'><strong>cum</strong></span> <span class='ocrx_word' id='word_1_560' title='bbox 717 5176 874 5234; x_wconf 84' lang='lat' dir='ltr'><strong>Patre</strong></span> <span class='ocrx_word' id='word_1_561' title='bbox 900 5181 1142 5247; x_wconf 74' lang='lat' dir='ltr'><strong>exaudit,</strong></span> <span class='ocrx_word' id='word_1_562' title='bbox 1175 5188 1233 5234; x_wconf 92' lang='lat' dir='ltr'><strong>ut</strong></span> <span class='ocrx_word' id='word_1_563' title='bbox 1263 5179 1446 5236; x_wconf 80' lang='lat' dir='ltr'><strong>Filius.</strong></span> 
     </span>
    </p>
   </div>
   <div class='ocr_carea' id='block_1_71' title="bbox 1157 5317 1556 5376">
    <p class='ocr_par' dir='ltr' id='par_1_71' title="bbox 1157 5317 1556 5376">
     <span class='ocr_line' id='line_1_73' title="bbox 1157 5317 1556 5376; baseline 0.01 -4"><span class='ocrx_word' id='word_1_564' title='bbox 1157 5317 1384 5373; x_wconf 70' lang='lat' dir='ltr'><strong>SERMO</strong></span> <span class='ocrx_word' id='word_1_565' title='bbox 1423 5319 1556 5376; x_wconf 78' lang='lat' dir='ltr'><strong>XL‘.</strong></span> 
     </span>
    </p>
   </div>
   <div class='ocr_carea' id='block_1_72' title="bbox 1041 5409 1692 5482">
    <p class='ocr_par' dir='ltr' id='par_1_72' title="bbox 1041 5409 1692 5482">
     <span class='ocr_line' id='line_1_74' title="bbox 1041 5409 1692 5482; baseline 0.005 -20"><span class='ocrx_word' id='word_1_566' title='bbox 1041 5409 1116 5464; x_wconf 82' lang='lat' dir='ltr'><strong>De</strong></span> <span class='ocrx_word' id='word_1_567' title='bbox 1142 5410 1228 5464; x_wconf 86' lang='lat' dir='ltr'><strong>die</strong></span> <span class='ocrx_word' id='word_1_568' title='bbox 1253 5413 1431 5482; x_wconf 85' lang='lat' dir='ltr'><strong>quinto</strong></span> <span class='ocrx_word' id='word_1_569' title='bbox 1454 5411 1692 5466; x_wconf 72' lang='lat' dir='ltr'><strong>Pascltaz.</strong></span> 
     </span>
    </p>
   </div>
   <div class='ocr_carea' id='block_1_73' title="bbox 643 5516 2160 5578">
    <p class='ocr_par' dir='ltr' id='par_1_73' title="bbox 643 5516 2160 5578">
     <span class='ocr_line' id='line_1_75' title="bbox 643 5516 2160 5578; baseline 0.001 -7"><span class='ocrx_word' id='word_1_570' title='bbox 643 5516 1110 5574; x_wconf 73' lang='lat' dir='ltr'><strong>Resurrectionem</strong></span> <span class='ocrx_word' id='word_1_571' title='bbox 1141 5521 1350 5578; x_wconf 92' lang='lat' dir='ltr'><strong>Domini</strong></span> <span class='ocrx_word' id='word_1_572' title='bbox 1385 5523 1552 5577; x_wconf 88' lang='lat' dir='ltr'><strong>nostri</strong></span> <span class='ocrx_word' id='word_1_573' title='bbox 1581 5521 1708 5578; x_wconf 71' lang='lat' dir='ltr'><strong>Iesu</strong></span> <span class='ocrx_word' id='word_1_574' title='bbox 1738 5521 1937 5576; x_wconf 88' lang='lat' dir='ltr'><strong>Christi</strong></span> <span class='ocrx_word' id='word_1_575' title='bbox 1972 5535 2160 5574; x_wconf 86' lang='lat' dir='ltr'><strong>secun-</strong></span> 
     </span>
    </p>
   </div>
   <div class='ocr_carea' id='block_1_74' title="bbox 569 5588 2160 5661">
    <p class='ocr_par' dir='ltr' id='par_1_74' title="bbox 569 5588 2160 5661">
     <span class='ocr_line' id='line_1_76' title="bbox 569 5588 2160 5661; baseline 0.002 -19"><span class='ocrx_word' id='word_1_576' title='bbox 569 5588 696 5643; x_wconf 86' lang='lat' dir='ltr'><strong>dum</strong></span> <span class='ocrx_word' id='word_1_577' title='bbox 725 5591 1008 5645; x_wconf 85' lang='lat' dir='ltr'><strong>veritatem</strong></span> <span class='ocrx_word' id='word_1_578' title='bbox 1031 5602 1265 5660; x_wconf 87' lang='lat' dir='ltr'><strong>quatuor</strong></span> <span class='ocrx_word' id='word_1_579' title='bbox 1294 5594 1744 5661; x_wconf 87' lang='lat' dir='ltr'><strong>evangelistarum</strong></span> <span class='ocrx_word' id='word_1_580' title='bbox 1775 5594 2030 5646; x_wconf 87' lang='lat' dir='ltr'><strong>hesterno</strong></span> <span class='ocrx_word' id='word_1_581' title='bbox 2072 5590 2160 5645; x_wconf 88' lang='lat' dir='ltr'><strong>die</strong></span> 
     </span>
    </p>
   </div>
   <div class='ocr_carea' id='block_1_75' title="bbox 540 5661 2159 5733">
    <p class='ocr_par' dir='ltr' id='par_1_75' title="bbox 540 5661 2159 5733">
     <span class='ocr_line' id='line_1_77' title="bbox 540 5661 2159 5733; baseline 0.001 -20"><span class='ocrx_word' id='word_1_582' title='bbox 540 5661 810 5729; x_wconf 73' lang='lat' dir='ltr'><strong>_videmus</strong></span> <span class='ocrx_word' id='word_1_583' title='bbox 837 5677 957 5718; x_wconf 89' lang='lat' dir='ltr'><strong>esse</strong></span> <span class='ocrx_word' id='word_1_584' title='bbox 996 5666 1344 5733; x_wconf 79' lang='lat' dir='ltr'><strong>completam.</strong></span> <span class='ocrx_word' id='word_1_585' title='bbox 1377 5661 1557 5718; x_wconf 88' lang='lat' dir='ltr'><strong>Primo</strong></span> <span class='ocrx_word' id='word_1_586' title='bbox 1601 5664 1744 5718; x_wconf 88' lang='lat' dir='ltr'><strong>enim</strong></span> <span class='ocrx_word' id='word_1_587' title='bbox 1775 5663 1863 5718; x_wconf 90' lang='lat' dir='ltr'><strong>die</strong></span> <span class='ocrx_word' id='word_1_588' title='bbox 1898 5662 2036 5716; x_wconf 89' lang='lat' dir='ltr'><strong>lecta</strong></span> <span class='ocrx_word' id='word_1_589' title='bbox 2077 5668 2159 5714; x_wconf 89' lang='lat' dir='ltr'><strong>est</strong></span> 
     </span>
    </p>
   </div>
   <div class='ocr_carea' id='block_1_76' title="bbox 642 5794 2155 5867">
    <p class='ocr_par' dir='ltr' id='par_1_76' title="bbox 642 5794 2155 5867">
     <span class='ocr_line' id='line_1_78' title="bbox 642 5794 2155 5867; baseline 0 -19"><span class='ocrx_word' id='word_1_590' title='bbox 642 5795 980 5867; x_wconf 78' lang='lat' dir='ltr'><strong>°_Augustino</strong></span> <span class='ocrx_word' id='word_1_591' title='bbox 1019 5797 1282 5867; x_wconf 85' lang='lat' dir='ltr'><strong>ascriptus</strong></span> <span class='ocrx_word' id='word_1_592' title='bbox 1317 5796 1369 5848; x_wconf 92' lang='lat' dir='ltr'><strong>in</strong></span> <span class='ocrx_word' id='word_1_593' title='bbox 1418 5811 1516 5849; x_wconf 87' lang='lat' dir='ltr'><strong>ms.</strong></span> <span class='ocrx_word' id='word_1_594' title='bbox 1572 5794 1676 5850; x_wconf 87' lang='lat' dir='ltr'><strong>PP.</strong></span> <span class='ocrx_word' id='word_1_595' title='bbox 1719 5795 2155 5853; x_wconf 82' lang='lat' dir='ltr'><strong>Cistercieusium</strong></span> 
     </span>
    </p>
   </div>
   <div class='ocr_carea' id='block_1_77' title="bbox 569 5862 1508 5952">
    <p class='ocr_par' dir='ltr' id='par_1_77' title="bbox 569 5862 1508 5952">
     <span class='ocr_line' id='line_1_79' title="bbox 569 5862 1508 5952; baseline -0.001 -32"><span class='ocrx_word' id='word_1_596' title='bbox 569 5862 636 5922; x_wconf 79' lang='lat'><strong>8.</strong></span> <span class='ocrx_word' id='word_1_597' title='bbox 659 5864 850 5920; x_wconf 80' lang='lat' dir='ltr'><strong>Crucis</strong></span> <span class='ocrx_word' id='word_1_598' title='bbox 878 5869 928 5921; x_wconf 92' lang='lat' dir='ltr'><strong>in</strong></span> <span class='ocrx_word' id='word_1_599' title='bbox 958 5862 1254 5952; x_wconf 70' lang='lat' dir='ltr'><strong>Jerusalem</strong></span> <span class='ocrx_word' id='word_1_600' title='bbox 1279 5869 1330 5920; x_wconf 90' lang='lat' dir='ltr'><strong>in</strong></span> <span class='ocrx_word' id='word_1_601' title='bbox 1356 5867 1508 5920; x_wconf 87' lang='lat' dir='ltr'><strong>urbe.</strong></span> 
     </span>
    </p>
   </div>
   <div class='ocr_carea' id='block_1_78' title="bbox 2273 553 3785 630">
    <p class='ocr_par' dir='ltr' id='par_1_78' title="bbox 2273 553 3785 630">
     <span class='ocr_line' id='line_1_80' title="bbox 2273 553 3785 630; baseline 0.011 -24"><span class='ocrx_word' id='word_1_602' title='bbox 2273 553 2398 630; x_wconf 81' lang='lat' dir='ltr'><strong>dum</strong></span> <span class='ocrx_word' id='word_1_603' title='bbox 2444 554 2658 620; x_wconf 86' lang='lat' dir='ltr'><strong>Lucam,</strong></span> <span class='ocrx_word' id='word_1_604' title='bbox 2707 557 3192 630; x_wconf 87' lang='lat' dir='ltr'><strong>tertio_secu_ndum</strong></span> <span class='ocrx_word' id='word_1_605' title='bbox 3233 557 3484 630; x_wconf 74' lang='lat' dir='ltr'><strong>Marcum.</strong></span> <span class='ocrx_word' id='word_1_606' title='bbox 3520 561 3712 630; x_wconf 87' lang='lat' dir='ltr'><strong>Quarto,</strong></span> <span class='ocrx_word' id='word_1_607' title='bbox 3747 571 3785 624; x_wconf 90' lang='lat' dir='ltr'><strong>id</strong></span> 
     </span>
    </p>
   </div>
   <div class='ocr_carea' id='block_1_79' title="bbox 2274 625 3784 702">
    <p class='ocr_par' dir='ltr' id='par_1_79' title="bbox 2274 625 3784 702">
     <span class='ocr_line' id='line_1_81' title="bbox 2274 625 3784 702; baseline 0.009 -25"><span class='ocrx_word' id='word_1_608' title='bbox 2274 633 2356 677; x_wconf 88' lang='lat' dir='ltr'><strong>est</strong></span> <span class='ocrx_word' id='word_1_609' title='bbox 2387 625 2659 702; x_wconf 67' lang='lat' dir='ltr'><strong>hesterno,</strong></span> <span class='ocrx_word' id='word_1_610' title='bbox 2695 626 2988 702; x_wconf 76' lang='lat' dir='ltr'><strong>secundum</strong></span> <span class='ocrx_word' id='word_1_611' title='bbox 3015 625 3299 702; x_wconf 75' lang='lat' dir='ltr'><strong>Joannem.</strong></span> <span class='ocrx_word' id='word_1_612' title='bbox 3333 627 3431 684; x_wconf 79' lang='lat' dir='ltr'><strong>Sed</strong></span> <span class='ocrx_word' id='word_1_613' title='bbox 3459 625 3680 702; x_wconf 79' lang='lat' dir='ltr'><strong>quoniam</strong></span> <span class='ocrx_word' id='word_1_614' title='bbox 3703 625 3784 692; x_wconf 80' lang='lat' dir='ltr'><strong>Lu-</strong></span> 
     </span>
    </p>
   </div>
   <div class='ocr_carea' id='block_1_80' title="bbox 2273 693 3785 769">
    <p class='ocr_par' dir='ltr' id='par_1_80' title="bbox 2273 693 3785 769">
     <span class='ocr_line' id='line_1_82' title="bbox 2273 693 3785 769; baseline 0.011 -23"><span class='ocrx_word' id='word_1_615' title='bbox 2273 708 2364 746; x_wconf 85' lang='lat' dir='ltr'><strong>cas</strong></span> <span class='ocrx_word' id='word_1_616' title='bbox 2386 702 2440 746; x_wconf 93' lang='lat' dir='ltr'><strong>et</strong></span> <span class='ocrx_word' id='word_1_617' title='bbox 2463 693 2699 749; x_wconf 82' lang='lat' dir='ltr'><strong>Joannes</strong></span> <span class='ocrx_word' id='word_1_618' title='bbox 2728 696 2795 750; x_wconf 87' lang='lat' dir='ltr'><strong>de</strong></span> <span class='ocrx_word' id='word_1_619' title='bbox 2827 697 2940 769; x_wconf 84' lang='lat' dir='ltr'><strong>ipsa</strong></span> <span class='ocrx_word' id='word_1_620' title='bbox 2969 699 3382 769; x_wconf 78' lang='lat' dir='ltr'><strong>resurrectione,</strong></span> <span class='ocrx_word' id='word_1_621' title='bbox 3424 693 3614 769; x_wconf 61' lang='lat' dir='ltr'><strong>et&#39;qua:</strong></span> <span class='ocrx_word' id='word_1_622' title='bbox 3645 709 3785 762; x_wconf 81' lang='lat' dir='ltr'><strong>conti-</strong></span> 
     </span>
    </p>
   </div>
   <div class='ocr_carea' id='block_1_81' title="bbox 2272 767 3788 845">
    <p class='ocr_par' dir='ltr' id='par_1_81' title="bbox 2272 767 3788 845">
     <span class='ocr_line' id='line_1_83' title="bbox 2272 767 3788 845; baseline 0.011 -29"><span class='ocrx_word' id='word_1_623' title='bbox 2272 772 2465 829; x_wconf 81' lang='lat' dir='ltr'><strong>gerunt</strong></span> <span class='ocrx_word' id='word_1_624' title='bbox 2503 767 3101 845; x_wconf 25' lang='lat' dir='ltr'><strong>post-resurrectionem</strong></span> <span class='ocrx_word' id='word_1_625' title='bbox 3149 767 3665 845; x_wconf 48' lang='lat' dir='ltr'><strong>pluraeeriperunt.</strong></span> <span class='ocrx_word' id='word_1_626' title='bbox 3697 793 3788 845; x_wconf 64' lang='lat' dir='ltr'><strong>qua</strong></span> 
     </span>
    </p>
   </div>
   <div class='ocr_carea' id='block_1_82' title="bbox 2273 836 3791 903">
    <p class='ocr_par' dir='ltr' id='par_1_82' title="bbox 2273 836 3791 903">
     <span class='ocr_line' id='line_1_84' title="bbox 2273 836 3791 903; baseline 0.009 -18"><span class='ocrx_word' id='word_1_627' title='bbox 2273 847 2381 903; x_wconf 79' lang='lat' dir='ltr'><strong>non</strong></span> <span class='ocrx_word' id='word_1_628' title='bbox 2426 842 2650 901; x_wconf 88' lang='lat' dir='ltr'><strong>possunt</strong></span> <span class='ocrx_word' id='word_1_629' title='bbox 2695 848 2799 888; x_wconf 89' lang='lat' dir='ltr'><strong>una</strong></span> <span class='ocrx_word' id='word_1_630' title='bbox 2841 836 3072 903; x_wconf 83' lang='lat' dir='ltr'><strong>lectiune</strong></span> <span class='ocrx_word' id='word_1_631' title='bbox 3121 837 3354 901; x_wconf 86' lang='lat' dir='ltr'><strong>recitari,</strong></span> <span class='ocrx_word' id='word_1_632' title='bbox 3399 836 3506 894; x_wconf 82' lang='lat' dir='ltr'><strong>heri</strong></span> <span class='ocrx_word' id='word_1_633' title='bbox 3543 836 3791 903; x_wconf 66' lang='lat' dir='ltr'><strong>audivimus</strong></span> 
     </span>
    </p>
   </div>
   <div class='ocr_carea' id='block_1_83' title="bbox 2273 899 3791 974">
    <p class='ocr_par' dir='ltr' id='par_1_83' title="bbox 2273 899 3791 974">
     <span class='ocr_line' id='line_1_85' title="bbox 2273 899 3791 974; baseline 0.011 -20"><span class='ocrx_word' id='word_1_634' title='bbox 2273 899 2473 974; x_wconf 83' lang='lat' dir='ltr'><strong>aliquid</strong></span> <span class='ocrx_word' id='word_1_635' title='bbox 2526 899 3155 974; x_wconf 34' lang='lat' dir='ltr'><strong>secunduthoannem,</strong></span> <span class='ocrx_word' id='word_1_636' title='bbox 3212 915 3269 960; x_wconf 87' lang='lat' dir='ltr'><strong>et</strong></span> <span class='ocrx_word' id='word_1_637' title='bbox 3311 899 3464 963; x_wconf 82' lang='lat' dir='ltr'><strong>hodie</strong></span> <span class='ocrx_word' id='word_1_638' title='bbox 3508 911 3661 967; x_wconf 88' lang='lat' dir='ltr'><strong>adhuc</strong></span> <span class='ocrx_word' id='word_1_639' title='bbox 3700 899 3791 971; x_wconf 64' lang='lat' dir='ltr'><strong>alite</strong></span> 
     </span>
    </p>
   </div>
   <div class='ocr_carea' id='block_1_84' title="bbox 2275 971 3792 1050">
    <p class='ocr_par' dir='ltr' id='par_1_84' title="bbox 2275 971 3792 1050">
     <span class='ocr_line' id='line_1_86' title="bbox 2275 971 3792 1050; baseline 0.011 -25"><span class='ocrx_word' id='word_1_640' title='bbox 2275 971 2539 1050; x_wconf 74' lang='lat' dir='ltr'><strong>lectiones</strong></span> <span class='ocrx_word' id='word_1_641' title='bbox 2569 983 2792 1026; x_wconf 84' lang='lat' dir='ltr'><strong>restant.</strong></span> <span class='ocrx_word' id='word_1_642' title='bbox 2830 972 3000 1050; x_wconf 68' lang='lat' dir='ltr'><strong>Hodie</strong></span> <span class='ocrx_word' id='word_1_643' title='bbox 3029 971 3158 1044; x_wconf 86' lang='lat' dir='ltr'><strong>ergo</strong></span> <span class='ocrx_word' id='word_1_644' title='bbox 3182 977 3318 1050; x_wconf 80' lang='lat' dir='ltr'><strong>quid</strong></span> <span class='ocrx_word' id='word_1_645' title='bbox 3347 979 3656 1050; x_wconf 79' lang='lat' dir='ltr'><strong>audivimus?</strong></span> <span class='ocrx_word' id='word_1_646' title='bbox 3687 984 3792 1050; x_wconf 72' lang='lat' dir='ltr'><strong>Qui:</strong></span> 
     </span>
    </p>
   </div>
   <div class='ocr_carea' id='block_1_85' title="bbox 2275 1041 3793 1113">
    <p class='ocr_par' dir='ltr' id='par_1_85' title="bbox 2275 1041 3793 1113">
     <span class='ocr_line' id='line_1_87' title="bbox 2275 1041 3793 1113; baseline 0.01 -19"><span class='ocrx_word' id='word_1_647' title='bbox 2275 1041 2391 1113; x_wconf 80' lang='lat' dir='ltr'><strong>ipso</strong></span> <span class='ocrx_word' id='word_1_648' title='bbox 2414 1042 2500 1095; x_wconf 88' lang='lat' dir='ltr'><strong>die</strong></span> <span class='ocrx_word' id='word_1_649' title='bbox 2527 1058 2633 1112; x_wconf 91' lang='lat' dir='ltr'><strong>quo</strong></span> <span class='ocrx_word' id='word_1_650' title='bbox 2663 1045 2914 1111; x_wconf 77' lang='lat' dir='ltr'><strong>surrexit,</strong></span> <span class='ocrx_word' id='word_1_651' title='bbox 2946 1046 2996 1098; x_wconf 91' lang='lat' dir='ltr'><strong>id</strong></span> <span class='ocrx_word' id='word_1_652' title='bbox 3027 1041 3126 1108; x_wconf 70' lang='lat' dir='ltr'><strong>est,</strong></span> <span class='ocrx_word' id='word_1_653' title='bbox 3159 1041 3426 1101; x_wconf 83' lang='lat' dir='ltr'><strong>dominico</strong></span> <span class='ocrx_word' id='word_1_654' title='bbox 3446 1049 3544 1113; x_wconf 80' lang='lat' dir='ltr'><strong>die,</strong></span> <span class='ocrx_word' id='word_1_655' title='bbox 3572 1066 3678 1106; x_wconf 89' lang='lat' dir='ltr'><strong>cum</strong></span> <span class='ocrx_word' id='word_1_656' title='bbox 3694 1041 3793 1108; x_wconf 65' lang='lat' dir='ltr'><strong>sem</strong></span> 
     </span>
    </p>
   </div>
   <div class='ocr_carea' id='block_1_86' title="bbox 2295 1115 3794 1186">
    <p class='ocr_par' dir='ltr' id='par_1_86' title="bbox 2295 1115 3794 1186">
     <span class='ocr_line' id='line_1_88' title="bbox 2295 1115 3794 1186; baseline 0.011 -24"><span class='ocrx_word' id='word_1_657' title='bbox 2295 1115 2473 1186; x_wconf 85' lang='lat' dir='ltr'><strong>&#39;actum</strong></span> <span class='ocrx_word' id='word_1_658' title='bbox 2505 1122 2670 1176; x_wconf 83' lang='lat' dir='ltr'><strong>esset,</strong></span> <span class='ocrx_word' id='word_1_659' title='bbox 2696 1121 2749 1166; x_wconf 91' lang='lat' dir='ltr'><strong>et</strong></span> <span class='ocrx_word' id='word_1_660' title='bbox 2779 1123 2958 1169; x_wconf 87' lang='lat' dir='ltr'><strong>essent</strong></span> <span class='ocrx_word' id='word_1_661' title='bbox 2981 1115 3226 1185; x_wconf 84' lang='lat' dir='ltr'><strong>discipuli</strong></span> <span class='ocrx_word' id='word_1_662' title='bbox 3251 1118 3306 1186; x_wconf 86' lang='lat' dir='ltr'><strong>in</strong></span> <span class='ocrx_word' id='word_1_663' title='bbox 3334 1133 3438 1172; x_wconf 92' lang='lat' dir='ltr'><strong>uno</strong></span> <span class='ocrx_word' id='word_1_664' title='bbox 3461 1119 3598 1186; x_wconf 87' lang='lat' dir='ltr'><strong>loco,</strong></span> <span class='ocrx_word' id='word_1_665' title='bbox 3621 1132 3668 1174; x_wconf 90' lang='lat' dir='ltr'><strong>et</strong></span> <span class='ocrx_word' id='word_1_666' title='bbox 3686 1127 3794 1178; x_wconf 80' lang='lat' dir='ltr'><strong>ostia</strong></span> 
     </span>
    </p>
   </div>
   <div class='ocr_carea' id='block_1_87' title="bbox 2273 1181 3798 1259">
    <p class='ocr_par' dir='ltr' id='par_1_87' title="bbox 2273 1181 3798 1259">
     <span class='ocr_line' id='line_1_89' title="bbox 2273 1181 3798 1259; baseline 0.009 -27"><span class='ocrx_word' id='word_1_667' title='bbox 2273 1181 2456 1259; x_wconf 67' lang='lat' dir='ltr'><strong>clausa</strong></span> <span class='ocrx_word' id='word_1_668' title='bbox 2504 1191 2684 1259; x_wconf 74' lang='lat' dir='ltr'><strong>essent</strong></span> <span class='ocrx_word' id='word_1_669' title='bbox 2723 1193 2942 1259; x_wconf 77' lang='lat' dir='ltr'><strong>propter</strong></span> <span class='ocrx_word' id='word_1_670' title='bbox 2981 1181 3180 1259; x_wconf 78' lang='lat' dir='ltr'><strong>metum</strong></span> <span class='ocrx_word' id='word_1_671' title='bbox 3236 1181 3798 1259; x_wconf 30' lang='lat' dir='ltr'><strong>Judmorumt&#39;apparuit</strong></span> 
     </span>
    </p>
   </div>
   <div class='ocr_carea' id='block_1_88' title="bbox 2275 1249 3796 1329">
    <p class='ocr_par' dir='ltr' id='par_1_88' title="bbox 2275 1249 3796 1329">
     <span class='ocr_line' id='line_1_90' title="bbox 2275 1249 3796 1329; baseline 0.01 -27"><span class='ocrx_word' id='word_1_672' title='bbox 2275 1249 2533 1329; x_wconf 77' lang='lat' dir='ltr'><strong>Dominus</strong></span> <span class='ocrx_word' id='word_1_673' title='bbox 2562 1251 2611 1304; x_wconf 90' lang='lat' dir='ltr'><strong>in</strong></span> <span class='ocrx_word' id='word_1_674' title='bbox 2655 1249 2836 1329; x_wconf 72' lang='lat' dir='ltr'><strong>medio</strong></span> <span class='ocrx_word' id='word_1_675' title='bbox 2878 1269 3064 1329; x_wconf 79' lang='lat' dir='ltr'><strong>eorum</strong></span> <span class='ocrx_word' id='word_1_676' title='bbox 3103 1253 3281 1324; x_wconf 79' lang='lat' dir='ltr'><strong>(Joan.</strong></span> <span class='ocrx_word' id='word_1_677' title='bbox 3305 1272 3398 1329; x_wconf 73' lang='lat' dir='ltr'><strong>xx,</strong></span> <span class='ocrx_word' id='word_1_678' title='bbox 3437 1249 3673 1329; x_wconf 34' lang='lat' dir='ltr'><strong>l9).&#39;lpso</strong></span> <span class='ocrx_word' id='word_1_679' title='bbox 3697 1276 3796 1329; x_wconf 80' lang='lat' dir='ltr'><strong>ergo</strong></span> 
     </span>
    </p>
   </div>
   <div class='ocr_carea' id='block_1_89' title="bbox 2274 1319 3800 1398">
    <p class='ocr_par' dir='ltr' id='par_1_89' title="bbox 2274 1319 3800 1398">
     <span class='ocr_line' id='line_1_91' title="bbox 2274 1319 3800 1398; baseline 0.009 -27"><span class='ocrx_word' id='word_1_680' title='bbox 2274 1319 2551 1398; x_wconf 77' lang='lat' dir='ltr'><strong>die,_sic_i_it</strong></span> <span class='ocrx_word' id='word_1_681' title='bbox 2576 1323 2904 1388; x_wconf 83' lang='lat' dir='ltr'><strong>evangelista</strong></span> <span class='ocrx_word' id='word_1_682' title='bbox 2925 1319 3160 1398; x_wconf 74' lang='lat' dir='ltr'><strong>Joanpes</strong></span> <span class='ocrx_word' id='word_1_683' title='bbox 3197 1327 3346 1381; x_wconf 86' lang='lat' dir='ltr'><strong>testis</strong></span> <span class='ocrx_word' id='word_1_684' title='bbox 3370 1336 3468 1398; x_wconf 83' lang='lat' dir='ltr'><strong>est,</strong></span> <span class='ocrx_word' id='word_1_685' title='bbox 3497 1319 3572 1382; x_wconf 81' lang='lat' dir='ltr'><strong>bis</strong></span> <span class='ocrx_word' id='word_1_686' title='bbox 3592 1319 3800 1398; x_wconf 65' lang='lat' dir='ltr'><strong>&#39;appariiit</strong></span> 
     </span>
    </p>
   </div>
   <div class='ocr_carea' id='block_1_90' title="bbox 2274 1389 3798 1468">
    <p class='ocr_par' dir='ltr' id='par_1_90' title="bbox 2274 1389 3798 1468">
     <span class='ocr_line' id='line_1_92' title="bbox 2274 1389 3798 1468; baseline 0.01 -29"><span class='ocrx_word' id='word_1_687' title='bbox 2274 1389 2569 1468; x_wconf 75' lang='lat' dir='ltr'><strong>discipulis,</strong></span> <span class='ocrx_word' id='word_1_688' title='bbox 2603 1407 2758 1468; x_wconf 81' lang='lat' dir='ltr'><strong>inane</strong></span> <span class='ocrx_word' id='word_1_689' title='bbox 2788 1401 2843 1468; x_wconf 85' lang='lat' dir='ltr'><strong>et</strong></span> <span class='ocrx_word' id='word_1_690' title='bbox 2867 1409 3010 1468; x_wconf 77' lang='lat' dir='ltr'><strong>sero.</strong></span> <span class='ocrx_word' id='word_1_691' title='bbox 3143 1409 3209 1449; x_wconf 91' lang='lat' dir='ltr'><strong>eo</strong></span> <span class='ocrx_word' id='word_1_692' title='bbox 3237 1397 3382 1468; x_wconf 87' lang='lat' dir='ltr'><strong>quod</strong></span> <span class='ocrx_word' id='word_1_693' title='bbox 3406 1389 3798 1468; x_wconf 72' lang='lat' dir='ltr'><strong>maneapparuit,</strong></span> 
     </span>
    </p>
   </div>
   <div class='ocr_carea' id='block_1_91' title="bbox 2268 1460 3800 1533">
    <p class='ocr_par' dir='ltr' id='par_1_91' title="bbox 2268 1460 3800 1533">
     <span class='ocr_line' id='line_1_93' title="bbox 2268 1460 3800 1533; baseline 0.01 -24"><span class='ocrx_word' id='word_1_694' title='bbox 2268 1460 2381 1533; x_wconf 85' lang='lat' dir='ltr'><strong>jam</strong></span> <span class='ocrx_word' id='word_1_695' title='bbox 2413 1460 2544 1533; x_wconf 83' lang='lat' dir='ltr'><strong>(al._,</strong></span> <span class='ocrx_word' id='word_1_696' title='bbox 2572 1461 2757 1531; x_wconf 86' lang='lat' dir='ltr'><strong>etiam)</strong></span> <span class='ocrx_word' id='word_1_697' title='bbox 2807 1465 2918 1532; x_wconf 88' lang='lat' dir='ltr'><strong>ipsa</strong></span> <span class='ocrx_word' id='word_1_698' title='bbox 2949 1465 3108 1518; x_wconf 89' lang='lat' dir='ltr'><strong>lectio</strong></span> <span class='ocrx_word' id='word_1_699' title='bbox 3137 1460 3364 1520; x_wconf 82' lang='lat' dir='ltr'><strong>recitata</strong></span> <span class='ocrx_word' id='word_1_700' title='bbox 3399 1475 3495 1520; x_wconf 87' lang='lat' dir='ltr'><strong>est.</strong></span> <span class='ocrx_word' id='word_1_701' title='bbox 3539 1460 3675 1533; x_wconf 69' lang='lat' dir='ltr'><strong>Quod</strong></span> <span class='ocrx_word' id='word_1_702' title='bbox 3701 1460 3800 1524; x_wconf 83' lang='lat' dir='ltr'><strong>vero</strong></span> 
     </span>
    </p>
   </div>
   <div class='ocr_carea' id='block_1_92' title="bbox 2273 1529 3805 1604">
    <p class='ocr_par' dir='ltr' id='par_1_92' title="bbox 2273 1529 3805 1604">
     <span class='ocr_line' id='line_1_94' title="bbox 2273 1529 3805 1604; baseline 0.008 -23"><span class='ocrx_word' id='word_1_703' title='bbox 2273 1529 2465 1583; x_wconf 86' lang='lat' dir='ltr'><strong>eodem</strong></span> <span class='ocrx_word' id='word_1_704' title='bbox 2497 1530 2584 1604; x_wconf 76' lang='lat' dir='ltr'><strong>die</strong></span> <span class='ocrx_word' id='word_1_705' title='bbox 2611 1529 2946 1604; x_wconf 64' lang='lat' dir='ltr'><strong>serenti-sus</strong></span> <span class='ocrx_word' id='word_1_706' title='bbox 2973 1537 3300 1604; x_wconf 89' lang='lat' dir='ltr'><strong>apparuerit,</strong></span> <span class='ocrx_word' id='word_1_707' title='bbox 3331 1537 3491 1590; x_wconf 90' lang='lat' dir='ltr'><strong>modo</strong></span> <span class='ocrx_word' id='word_1_708' title='bbox 3519 1529 3627 1591; x_wconf 77' lang='lat' dir='ltr'><strong>cum</strong></span> <span class='ocrx_word' id='word_1_709' title='bbox 3653 1541 3805 1592; x_wconf 77' lang='lat' dir='ltr'><strong>recita-</strong></span> 
     </span>
    </p>
   </div>
   <div class='ocr_carea' id='block_1_93' title="bbox 2274 1599 3804 1672">
    <p class='ocr_par' dir='ltr' id='par_1_93' title="bbox 2274 1599 3804 1672">
     <span class='ocr_line' id='line_1_95' title="bbox 2274 1599 3804 1672; baseline 0.007 -20"><span class='ocrx_word' id='word_1_710' title='bbox 2274 1606 2423 1652; x_wconf 88' lang='lat' dir='ltr'><strong>retur</strong></span> <span class='ocrx_word' id='word_1_711' title='bbox 2450 1599 2769 1672; x_wconf 77' lang='lat' dir='ltr'><strong>audivimus.</strong></span> <span class='ocrx_word' id='word_1_712' title='bbox 2797 1601 2912 1656; x_wconf 87' lang='lat' dir='ltr'><strong>Non</strong></span> <span class='ocrx_word' id='word_1_713' title='bbox 2942 1599 3077 1672; x_wconf 53' lang='lat' dir='ltr'><strong>op&#39;u&#39;s</strong></span> <span class='ocrx_word' id='word_1_714' title='bbox 3097 1614 3214 1658; x_wconf 89' lang='lat' dir='ltr'><strong>erat</strong></span> <span class='ocrx_word' id='word_1_715' title='bbox 3239 1615 3295 1658; x_wconf 90' lang='lat' dir='ltr'><strong>ut</strong></span> <span class='ocrx_word' id='word_1_716' title='bbox 3318 1621 3348 1660; x_wconf 89' lang='lat' dir='ltr'><strong>a</strong></span> <span class='ocrx_word' id='word_1_717' title='bbox 3381 1622 3464 1659; x_wconf 90' lang='lat' dir='ltr'><strong>me</strong></span> <span class='ocrx_word' id='word_1_718' title='bbox 3491 1607 3583 1660; x_wconf 81' lang='lat' dir='ltr'><strong>ista</strong></span> <span class='ocrx_word' id='word_1_719' title='bbox 3609 1623 3804 1662; x_wconf 79' lang='lat' dir='ltr'><strong>comme-</strong></span> 
     </span>
    </p>
   </div>
   <div class='ocr_carea' id='block_1_94' title="bbox 2275 1671 3805 1746">
    <p class='ocr_par' dir='ltr' id='par_1_94' title="bbox 2275 1671 3805 1746">
     <span class='ocr_line' id='line_1_96' title="bbox 2275 1671 3805 1746; baseline 0.007 -26"><span class='ocrx_word' id='word_1_720' title='bbox 2275 1678 2636 1746; x_wconf 75' lang='lat' dir='ltr'><strong>morarentur,</strong></span> <span class='ocrx_word' id='word_1_721' title='bbox 2680 1671 2774 1746; x_wconf 83' lang='lat' dir='ltr'><strong>sed</strong></span> <span class='ocrx_word' id='word_1_722' title='bbox 2814 1681 2876 1746; x_wconf 71' lang='grc' dir='ltr'>ιιι</span> <span class='ocrx_word' id='word_1_723' title='bbox 2905 1689 2933 1726; x_wconf 91' lang='lat' dir='ltr'><strong>a</strong></span> <span class='ocrx_word' id='word_1_724' title='bbox 2968 1671 3118 1746; x_wconf 79' lang='lat' dir='ltr'><strong>vobis</strong></span> <span class='ocrx_word' id='word_1_725' title='bbox 3165 1676 3590 1746; x_wconf 74' lang='lat' dir='ltr'><strong>adven-terentur,</strong></span> <span class='ocrx_word' id='word_1_726' title='bbox 3627 1686 3805 1746; x_wconf 84' lang='lat' dir='ltr'><strong>propter</strong></span> 
     </span>
    </p>
   </div>
   <div class='ocr_carea' id='block_1_95' title="bbox 2273 1739 3805 1815">
    <p class='ocr_par' dir='ltr' id='par_1_95' title="bbox 2273 1739 3805 1815">
     <span class='ocr_line' id='line_1_97' title="bbox 2273 1739 3805 1815; baseline 0.007 -25"><span class='ocrx_word' id='word_1_727' title='bbox 2273 1739 2627 1815; x_wconf 63' lang='lat' dir='ltr'><strong>quorumdam</strong></span> <span class='ocrx_word' id='word_1_728' title='bbox 2652 1741 2734 1794; x_wconf 90' lang='lat' dir='ltr'><strong>vel</strong></span> <span class='ocrx_word' id='word_1_729' title='bbox 2757 1741 3017 1815; x_wconf 87' lang='lat' dir='ltr'><strong>minorem</strong></span> <span class='ocrx_word' id='word_1_730' title='bbox 3039 1743 3464 1812; x_wconf 83' lang='lat' dir='ltr'><strong>intelligentiam,</strong></span> <span class='ocrx_word' id='word_1_731' title='bbox 3488 1747 3569 1801; x_wconf 91' lang='lat' dir='ltr'><strong>vel</strong></span> <span class='ocrx_word' id='word_1_732' title='bbox 3589 1739 3805 1815; x_wconf 72' lang='lat' dir='ltr'><strong>niajoiem</strong></span> 
     </span>
    </p>
   </div>
   <div class='ocr_carea' id='block_1_96' title="bbox 2276 1807 3805 1885">
    <p class='ocr_par' dir='ltr' id='par_1_96' title="bbox 2276 1807 3805 1885">
     <span class='ocr_line' id='line_1_98' title="bbox 2276 1807 3805 1885; baseline 0.005 -24"><span class='ocrx_word' id='word_1_733' title='bbox 2276 1807 2695 1885; x_wconf 77' lang='lat' dir='ltr'><strong>negligentiam:</strong></span> <span class='ocrx_word' id='word_1_734' title='bbox 2739 1820 2796 1864; x_wconf 92' lang='lat' dir='ltr'><strong>ut</strong></span> <span class='ocrx_word' id='word_1_735' title='bbox 2818 1813 3014 1885; x_wconf 68' lang='lat' dir='ltr'><strong>sciatis</strong></span> <span class='ocrx_word' id='word_1_736' title='bbox 3053 1829 3160 1867; x_wconf 88' lang='lat' dir='ltr'><strong>non</strong></span> <span class='ocrx_word' id='word_1_737' title='bbox 3195 1807 3388 1885; x_wconf 75' lang='lat' dir='ltr'><strong>solum</strong></span> <span class='ocrx_word' id='word_1_738' title='bbox 3435 1807 3557 1885; x_wconf 82' lang='lat' dir='ltr'><strong>quid</strong></span> <span class='ocrx_word' id='word_1_739' title='bbox 3601 1807 3805 1881; x_wconf 76' lang='lat' dir='ltr'><strong>audistis,</strong></span> 
     </span>
    </p>
   </div>
   <div class='ocr_carea' id='block_1_97' title="bbox 2275 1878 3807 1954">
    <p class='ocr_par' dir='ltr' id='par_1_97' title="bbox 2275 1878 3807 1954">
     <span class='ocr_line' id='line_1_99' title="bbox 2275 1878 3807 1954; baseline 0.007 -24"><span class='ocrx_word' id='word_1_740' title='bbox 2275 1880 2369 1954; x_wconf 76' lang='lat' dir='ltr'><strong>sed</strong></span> <span class='ocrx_word' id='word_1_741' title='bbox 2401 1878 2561 1954; x_wconf 69' lang='lat' dir='ltr'><strong>etiam</strong></span> <span class='ocrx_word' id='word_1_742' title='bbox 2583 1878 2652 1933; x_wconf 91' lang='lat' dir='ltr'><strong>de</strong></span> <span class='ocrx_word' id='word_1_743' title='bbox 2681 1895 2784 1948; x_wconf 90' lang='lat' dir='ltr'><strong>qua</strong></span> <span class='ocrx_word' id='word_1_744' title='bbox 2813 1881 3088 1954; x_wconf 85' lang='lat' dir='ltr'><strong>Scriptura</strong></span> <span class='ocrx_word' id='word_1_745' title='bbox 3120 1884 3270 1954; x_wconf 91' lang='lat' dir='ltr'><strong>vobis</strong></span> <span class='ocrx_word' id='word_1_746' title='bbox 3294 1878 3487 1948; x_wconf 69' lang='lat' dir='ltr'><strong>legitur</strong></span> <span class='ocrx_word' id='word_1_747' title='bbox 3520 1888 3650 1954; x_wconf 88' lang='lat' dir='ltr'><strong>quod</strong></span> <span class='ocrx_word' id='word_1_748' title='bbox 3688 1878 3807 1940; x_wconf 47' lang='lat' dir='ltr'><strong>audi;</strong></span> 
     </span>
    </p>
   </div>
   <div class='ocr_carea' id='block_1_98' title="bbox 2273 1947 3808 2024">
    <p class='ocr_par' dir='ltr' id='par_1_98' title="bbox 2273 1947 3808 2024">
     <span class='ocr_line' id='line_1_100' title="bbox 2273 1947 3808 2024; baseline 0.006 -24"><span class='ocrx_word' id='word_1_749' title='bbox 2273 1948 2390 2024; x_wconf 79' lang='lat' dir='ltr'><strong>stis.</strong></span> <span class='ocrx_word' id='word_1_750' title='bbox 2422 1947 2711 2024; x_wconf 51' lang='lat' dir='ltr'><strong>Videamus</strong></span> <span class='ocrx_word' id='word_1_751' title='bbox 2737 1965 2866 2019; x_wconf 89' lang='lat' dir='ltr'><strong>ergo</strong></span> <span class='ocrx_word' id='word_1_752' title='bbox 2905 1947 3050 2024; x_wconf 79' lang='lat' dir='ltr'><strong>quod</strong></span> <span class='ocrx_word' id='word_1_753' title='bbox 3085 1953 3239 2024; x_wconf 80' lang='lat' dir='ltr'><strong>nobis</strong></span> <span class='ocrx_word' id='word_1_754' title='bbox 3288 1955 3354 2007; x_wconf 88' lang='lat' dir='ltr'><strong>ad</strong></span> <span class='ocrx_word' id='word_1_755' title='bbox 3397 1947 3699 2024; x_wconf 81' lang='lat' dir='ltr'><strong>loquendum</strong></span> <span class='ocrx_word' id='word_1_756' title='bbox 3730 1958 3808 2009; x_wconf 87' lang='lat' dir='ltr'><strong>ho-</strong></span> 
     </span>
    </p>
   </div>
   <div class='ocr_carea' id='block_1_99' title="bbox 2275 2017 3810 2094">
    <p class='ocr_par' dir='ltr' id='par_1_99' title="bbox 2275 2017 3810 2094">
     <span class='ocr_line' id='line_1_101' title="bbox 2275 2017 3810 2094; baseline 0.005 -24"><span class='ocrx_word' id='word_1_757' title='bbox 2275 2017 2461 2071; x_wconf 89' lang='lat' dir='ltr'><strong>dierna</strong></span> <span class='ocrx_word' id='word_1_758' title='bbox 2495 2018 2725 2073; x_wconf 91' lang='lat' dir='ltr'><strong>lectione</strong></span> <span class='ocrx_word' id='word_1_759' title='bbox 2753 2017 3091 2094; x_wconf 80' lang='lat' dir='ltr'><strong>proponitur.</strong></span> <span class='ocrx_word' id='word_1_760' title='bbox 3118 2022 3234 2090; x_wconf 86' lang='lat' dir='ltr'><strong>Ipsa</strong></span> <span class='ocrx_word' id='word_1_761' title='bbox 3257 2017 3640 2094; x_wconf 62' lang='lat' dir='ltr'><strong>quippe&#39;lectio</strong></span> <span class='ocrx_word' id='word_1_762' title='bbox 3665 2027 3810 2078; x_wconf 89' lang='lat' dir='ltr'><strong>admo-</strong></span> 
     </span>
    </p>
   </div>
   <div class='ocr_carea' id='block_1_100' title="bbox 2274 2092 3810 2162">
    <p class='ocr_par' dir='ltr' id='par_1_100' title="bbox 2274 2092 3810 2162">
     <span class='ocr_line' id='line_1_102' title="bbox 2274 2092 3810 2162; baseline 0.007 -24"><span class='ocrx_word' id='word_1_763' title='bbox 2274 2094 2366 2162; x_wconf 80' lang='lat' dir='ltr'><strong>net</strong></span> <span class='ocrx_word' id='word_1_764' title='bbox 2387 2104 2510 2154; x_wconf 91' lang='lat' dir='ltr'><strong>nos,</strong></span> <span class='ocrx_word' id='word_1_765' title='bbox 2543 2097 2597 2142; x_wconf 89' lang='lat' dir='ltr'><strong>et</strong></span> <span class='ocrx_word' id='word_1_766' title='bbox 2622 2092 3023 2162; x_wconf 82' lang='lat' dir='ltr'><strong>quodammodo</strong></span> <span class='ocrx_word' id='word_1_767' title='bbox 3052 2093 3290 2162; x_wconf 90' lang='lat' dir='ltr'><strong>loquitur</strong></span> <span class='ocrx_word' id='word_1_768' title='bbox 3327 2092 3504 2155; x_wconf 81' lang='lat' dir='ltr'><strong>nobis.</strong></span> <span class='ocrx_word' id='word_1_769' title='bbox 3554 2104 3608 2148; x_wconf 89' lang='lat' dir='ltr'><strong>ut</strong></span> <span class='ocrx_word' id='word_1_770' title='bbox 3647 2094 3810 2162; x_wconf 80' lang='lat' dir='ltr'><strong>aliquid</strong></span> 
     </span>
    </p>
   </div>
   <div class='ocr_carea' id='block_1_101' title="bbox 2273 2156 3811 2234">
    <p class='ocr_par' dir='ltr' id='par_1_101' title="bbox 2273 2156 3811 2234">
     <span class='ocr_line' id='line_1_103' title="bbox 2273 2156 3811 2234; baseline 0.005 -25"><span class='ocrx_word' id='word_1_771' title='bbox 2273 2156 2545 2234; x_wconf 45' lang='lat' dir='ltr'><strong>dicamus,</strong></span> <span class='ocrx_word' id='word_1_772' title='bbox 2565 2156 3016 2234; x_wconf 87' lang='lat' dir='ltr'><strong>quemadmodum</strong></span> <span class='ocrx_word' id='word_1_773' title='bbox 3047 2156 3324 2228; x_wconf 75' lang='lat' dir='ltr'><strong>Dominus,</strong></span> <span class='ocrx_word' id='word_1_774' title='bbox 3365 2168 3456 2234; x_wconf 88' lang='lat' dir='ltr'><strong>qui</strong></span> <span class='ocrx_word' id='word_1_775' title='bbox 3489 2165 3540 2218; x_wconf 92' lang='lat' dir='ltr'><strong>in</strong></span> <span class='ocrx_word' id='word_1_776' title='bbox 3569 2180 3627 2219; x_wconf 86' lang='lat' dir='ltr'><strong>ea</strong></span> <span class='ocrx_word' id='word_1_777' title='bbox 3654 2156 3811 2232; x_wconf 73' lang='lat' dir='ltr'><strong>corpo-</strong></span> 
     </span>
    </p>
   </div>
   <div class='ocr_carea' id='block_1_102' title="bbox 2237 2227 3811 2298">
    <p class='ocr_par' dir='ltr' id='par_1_102' title="bbox 2237 2227 3811 2298">
     <span class='ocr_line' id='line_1_104' title="bbox 2237 2227 3811 2298; baseline 0.004 -18"><span class='ocrx_word' id='word_1_778' title='bbox 2237 2227 2348 2298; x_wconf 10' lang='lat' dir='ltr'><strong>‘riis</strong></span> <span class='ocrx_word' id='word_1_779' title='bbox 2393 2227 2661 2298; x_wconf 80' lang='lat' dir='ltr'><strong>soliditate</strong></span> <span class='ocrx_word' id='word_1_780' title='bbox 2699 2233 3009 2298; x_wconf 89' lang='lat' dir='ltr'><strong>resurrexit,</strong></span> <span class='ocrx_word' id='word_1_781' title='bbox 3055 2242 3114 2285; x_wconf 93' lang='lat' dir='ltr'><strong>ut</strong></span> <span class='ocrx_word' id='word_1_782' title='bbox 3161 2250 3266 2288; x_wconf 92' lang='lat' dir='ltr'><strong>non</strong></span> <span class='ocrx_word' id='word_1_783' title='bbox 3312 2227 3492 2288; x_wconf 73' lang='lat' dir='ltr'><strong>Solum</strong></span> <span class='ocrx_word' id='word_1_784' title='bbox 3534 2227 3811 2288; x_wconf 59' lang='lat' dir='ltr'><strong>videretur:</strong></span> 
     </span>
    </p>
   </div>
   <div class='ocr_carea' id='block_1_103' title="bbox 2273 2295 3812 2373">
    <p class='ocr_par' dir='ltr' id='par_1_103' title="bbox 2273 2295 3812 2373">
     <span class='ocr_line' id='line_1_105' title="bbox 2273 2295 3812 2373; baseline 0.005 -25"><span class='ocrx_word' id='word_1_785' title='bbox 2273 2295 2569 2373; x_wconf 80' lang='lat' dir='ltr'><strong>discipulis,</strong></span> <span class='ocrx_word' id='word_1_786' title='bbox 2599 2299 2695 2373; x_wconf 82' lang='lat' dir='ltr'><strong>sed</strong></span> <span class='ocrx_word' id='word_1_787' title='bbox 2723 2302 2898 2373; x_wconf 72' lang='lat' dir='ltr'><strong>etiam</strong></span> <span class='ocrx_word' id='word_1_788' title='bbox 2916 2295 3246 2373; x_wconf 84' lang='lat' dir='ltr'><strong>tangeretur,</strong></span> <span class='ocrx_word' id='word_1_789' title='bbox 3287 2305 3528 2373; x_wconf 87' lang='lat' dir='ltr'><strong>potuerit</strong></span> <span class='ocrx_word' id='word_1_790' title='bbox 3555 2305 3651 2359; x_wconf 76' lang='lat' dir='ltr'><strong>illis</strong></span> <span class='ocrx_word' id='word_1_791' title='bbox 3676 2319 3812 2372; x_wconf 80' lang='lat' dir='ltr'><strong>appa-</strong></span> 
     </span>
    </p>
   </div>
   <div class='ocr_carea' id='block_1_104' title="bbox 2274 2369 3814 2428">
    <p class='ocr_par' dir='ltr' id='par_1_104' title="bbox 2274 2369 3814 2428">
     <span class='ocr_line' id='line_1_106' title="bbox 2274 2369 3814 2428; baseline 0.005 -9"><span class='ocrx_word' id='word_1_792' title='bbox 2274 2382 2395 2420; x_wconf 91' lang='lat' dir='ltr'><strong>rere</strong></span> <span class='ocrx_word' id='word_1_793' title='bbox 2424 2369 2577 2421; x_wconf 88' lang='lat' dir='ltr'><strong>ostiis</strong></span> <span class='ocrx_word' id='word_1_794' title='bbox 2605 2370 2821 2424; x_wconf 91' lang='lat' dir='ltr'><strong>clausis.</strong></span> <span class='ocrx_word' id='word_1_795' title='bbox 2855 2371 3104 2424; x_wconf 79' lang='lat' dir='ltr'><strong>Nonnulli</strong></span> <span class='ocrx_word' id='word_1_796' title='bbox 3136 2369 3382 2428; x_wconf 43' lang='lat' dir='ltr'><strong>enim-de</strong></span> <span class='ocrx_word' id='word_1_797' title='bbox 3424 2376 3530 2428; x_wconf 81' lang='lat' dir='ltr'><strong>hac</strong></span> <span class='ocrx_word' id='word_1_798' title='bbox 3557 2390 3611 2427; x_wconf 87' lang='lat' dir='ltr'><strong>re</strong></span> <span class='ocrx_word' id='word_1_799' title='bbox 3638 2369 3814 2427; x_wconf 48' lang='lat' dir='ltr'><strong>ila—IDO-</strong></span> 
     </span>
    </p>
   </div>
   <div class='ocr_carea' id='block_1_105' title="bbox 2275 2441 3814 2508">
    <p class='ocr_par' dir='ltr' id='par_1_105' title="bbox 2275 2441 3814 2508">
     <span class='ocr_line' id='line_1_107' title="bbox 2275 2441 3814 2508; baseline 0.005 -21"><span class='ocrx_word' id='word_1_800' title='bbox 2275 2445 2486 2508; x_wconf 89' lang='lat' dir='ltr'><strong>ventur,</strong></span> <span class='ocrx_word' id='word_1_801' title='bbox 2505 2450 2571 2508; x_wconf 88' lang='lat' dir='ltr'><strong>ut</strong></span> <span class='ocrx_word' id='word_1_802' title='bbox 2603 2453 2740 2506; x_wconf 88' lang='lat' dir='ltr'><strong>pene</strong></span> <span class='ocrx_word' id='word_1_803' title='bbox 2768 2441 3155 2508; x_wconf 85' lang='lat' dir='ltr'><strong>periclitentur,</strong></span> <span class='ocrx_word' id='word_1_804' title='bbox 3195 2443 3486 2497; x_wconf 76' lang='lat' dir='ltr'><strong>afferentes</strong></span> <span class='ocrx_word' id='word_1_805' title='bbox 3531 2452 3702 2498; x_wconf 85' lang='lat' dir='ltr'><strong>contra</strong></span> <span class='ocrx_word' id='word_1_806' title='bbox 3737 2444 3814 2496; x_wconf 84' lang='lat' dir='ltr'><strong>mi-</strong></span> 
     </span>
    </p>
   </div>
   <div class='ocr_carea' id='block_1_106' title="bbox 2274 2507 3816 2577">
    <p class='ocr_par' dir='ltr' id='par_1_106' title="bbox 2274 2507 3816 2577">
     <span class='ocr_line' id='line_1_108' title="bbox 2274 2507 3816 2577; baseline 0.005 -19"><span class='ocrx_word' id='word_1_807' title='bbox 2274 2507 2466 2577; x_wconf 10' lang='lat' dir='ltr'><strong>racula,</strong></span> <span class='ocrx_word' id='word_1_808' title='bbox 2483 2507 2658 2560; x_wconf 83' lang='lat' dir='ltr'><strong>divina</strong></span> <span class='ocrx_word' id='word_1_809' title='bbox 2682 2507 2984 2577; x_wconf 77' lang='lat' dir='ltr'><strong>pnejudicia</strong></span> <span class='ocrx_word' id='word_1_810' title='bbox 3016 2512 3490 2566; x_wconf 88' lang='lat' dir='ltr'><strong>ratiocinationum</strong></span> <span class='ocrx_word' id='word_1_811' title='bbox 3511 2529 3727 2566; x_wconf 89' lang='lat' dir='ltr'><strong>suarum.</strong></span> <span class='ocrx_word' id='word_1_812' title='bbox 3747 2513 3816 2565; x_wconf 91' lang='lat' dir='ltr'><strong>Sic</strong></span> 
     </span>
    </p>
   </div>
   <div class='ocr_carea' id='block_1_107' title="bbox 2275 2576 3814 2648">
    <p class='ocr_par' dir='ltr' id='par_1_107' title="bbox 2275 2576 3814 2648">
     <span class='ocr_line' id='line_1_109' title="bbox 2275 2576 3814 2648; baseline 0.003 -20"><span class='ocrx_word' id='word_1_813' title='bbox 2275 2576 2419 2648; x_wconf 76' lang='lat' dir='ltr'><strong>enim</strong></span> <span class='ocrx_word' id='word_1_814' title='bbox 2443 2576 2718 2644; x_wconf 87' lang='lat' dir='ltr'><strong>disputant</strong></span> <span class='ocrx_word' id='word_1_815' title='bbox 2739 2597 2750 2630; x_wconf 86' lang='lat'>:</span> <span class='ocrx_word' id='word_1_816' title='bbox 2778 2581 2832 2632; x_wconf 93' lang='lat' dir='ltr'><strong>Si</strong></span> <span class='ocrx_word' id='word_1_817' title='bbox 2856 2595 3053 2648; x_wconf 89' lang='lat' dir='ltr'><strong>corpus</strong></span> <span class='ocrx_word' id='word_1_818' title='bbox 3081 2590 3216 2643; x_wconf 90' lang='lat' dir='ltr'><strong>erat,</strong></span> <span class='ocrx_word' id='word_1_819' title='bbox 3243 2584 3286 2635; x_wconf 92' lang='lat' dir='ltr'><strong>si</strong></span> <span class='ocrx_word' id='word_1_820' title='bbox 3311 2598 3442 2636; x_wconf 86' lang='lat' dir='ltr'><strong>caro</strong></span> <span class='ocrx_word' id='word_1_821' title='bbox 3467 2591 3520 2636; x_wconf 88' lang='lat' dir='ltr'><strong>et</strong></span> <span class='ocrx_word' id='word_1_822' title='bbox 3542 2598 3654 2635; x_wconf 86' lang='lat' dir='ltr'><strong>ossa</strong></span> <span class='ocrx_word' id='word_1_823' title='bbox 3676 2592 3814 2646; x_wconf 82' lang='lat' dir='ltr'><strong>erant,</strong></span> 
     </span>
    </p>
   </div>
   <div class='ocr_carea' id='block_1_108' title="bbox 2275 2645 3814 2721">
    <p class='ocr_par' dir='ltr' id='par_1_108' title="bbox 2275 2645 3814 2721">
     <span class='ocr_line' id='line_1_110' title="bbox 2275 2645 3814 2721; baseline 0.004 -23"><span class='ocrx_word' id='word_1_824' title='bbox 2275 2645 2319 2698; x_wconf 87' lang='lat' dir='ltr'><strong>si</strong></span> <span class='ocrx_word' id='word_1_825' title='bbox 2344 2645 2449 2698; x_wconf 92' lang='lat' dir='ltr'><strong>hoc</strong></span> <span class='ocrx_word' id='word_1_826' title='bbox 2477 2649 2774 2721; x_wconf 81' lang='lat' dir='ltr'><strong>resurrexit</strong></span> <span class='ocrx_word' id='word_1_827' title='bbox 2799 2650 2865 2702; x_wconf 84' lang='lat' dir='ltr'><strong>de</strong></span> <span class='ocrx_word' id='word_1_828' title='bbox 2890 2645 3140 2721; x_wconf 83' lang='lat' dir='ltr'><strong>sepulcro</strong></span> <span class='ocrx_word' id='word_1_829' title='bbox 3161 2653 3302 2718; x_wconf 91' lang='lat' dir='ltr'><strong>quod</strong></span> <span class='ocrx_word' id='word_1_830' title='bbox 3326 2653 3583 2721; x_wconf 87' lang='lat' dir='ltr'><strong>pependit</strong></span> <span class='ocrx_word' id='word_1_831' title='bbox 3609 2655 3656 2705; x_wconf 82' lang='lat' dir='ltr'><strong>in</strong></span> <span class='ocrx_word' id='word_1_832' title='bbox 3683 2645 3814 2717; x_wconf 85' lang='lat' dir='ltr'><strong>ligno,</strong></span> 
     </span>
    </p>
   </div>
   <div class='ocr_carea' id='block_1_109' title="bbox 2273 2716 3818 2790">
    <p class='ocr_par' dir='ltr' id='par_1_109' title="bbox 2273 2716 3818 2790">
     <span class='ocr_line' id='line_1_111' title="bbox 2273 2716 3818 2790; baseline 0.004 -24"><span class='ocrx_word' id='word_1_833' title='bbox 2273 2716 2546 2790; x_wconf 74' lang='lat' dir='ltr'><strong>quomodo</strong></span> <span class='ocrx_word' id='word_1_834' title='bbox 2567 2730 2662 2783; x_wconf 91' lang='lat' dir='ltr'><strong>per</strong></span> <span class='ocrx_word' id='word_1_835' title='bbox 2677 2718 2856 2790; x_wconf 80' lang='lat' dir='ltr'><strong>clausa</strong></span> <span class='ocrx_word' id='word_1_836' title='bbox 2876 2716 3015 2790; x_wconf 86' lang='lat' dir='ltr'><strong>ostia</strong></span> <span class='ocrx_word' id='word_1_837' title='bbox 3029 2716 3228 2773; x_wconf 78' lang='lat' dir='ltr'><strong>intrare</strong></span> <span class='ocrx_word' id='word_1_838' title='bbox 3243 2716 3421 2790; x_wconf 70' lang='lat' dir='ltr'><strong>potuii</strong></span> <span class='ocrx_word' id='word_1_839' title='bbox 3436 2724 3458 2774; x_wconf 86' lang='lat'><strong>?</strong></span> <span class='ocrx_word' id='word_1_840' title='bbox 3471 2723 3525 2775; x_wconf 93' lang='lat' dir='ltr'><strong>Si</strong></span> <span class='ocrx_word' id='word_1_841' title='bbox 3545 2737 3642 2776; x_wconf 85' lang='lat' dir='ltr'><strong>non</strong></span> <span class='ocrx_word' id='word_1_842' title='bbox 3661 2716 3818 2789; x_wconf 87' lang='lat' dir='ltr'><strong>poiuit,</strong></span> 
     </span>
    </p>
   </div>
   <div class='ocr_carea' id='block_1_110' title="bbox 2273 2785 3818 2859">
    <p class='ocr_par' dir='ltr' id='par_1_110' title="bbox 2273 2785 3818 2859">
     <span class='ocr_line' id='line_1_112' title="bbox 2273 2785 3818 2859; baseline 0.003 -22"><span class='ocrx_word' id='word_1_843' title='bbox 2273 2785 2476 2846; x_wconf 87' lang='lat' dir='ltr'><strong>dicunt,</strong></span> <span class='ocrx_word' id='word_1_844' title='bbox 2497 2785 2628 2859; x_wconf 80' lang='lat' dir='ltr'><strong>_Non</strong></span> <span class='ocrx_word' id='word_1_845' title='bbox 2642 2795 2732 2859; x_wconf 82' lang='lat' dir='ltr'><strong>est</strong></span> <span class='ocrx_word' id='word_1_846' title='bbox 2761 2788 2980 2859; x_wconf 83' lang='lat' dir='ltr'><strong>factum.</strong></span> <span class='ocrx_word' id='word_1_847' title='bbox 2995 2789 3049 2842; x_wconf 88' lang='lat' dir='ltr'><strong>Si</strong></span> <span class='ocrx_word' id='word_1_848' title='bbox 3068 2785 3262 2859; x_wconf 60' lang='lat' dir='ltr'><strong>potuit;</strong></span> <span class='ocrx_word' id='word_1_849' title='bbox 3277 2793 3554 2858; x_wconf 87' lang='lat' dir='ltr'><strong>quomodo</strong></span> <span class='ocrx_word' id='word_1_850' title='bbox 3576 2785 3729 2859; x_wconf 76' lang='lat' dir='ltr'><strong>potuit</strong></span> <span class='ocrx_word' id='word_1_851' title='bbox 3743 2793 3761 2842; x_wconf 79' lang='lat' dir='ltr'><strong>&#39;l</strong></span> <span class='ocrx_word' id='word_1_852' title='bbox 3774 2790 3818 2842; x_wconf 88' lang='lat' dir='ltr'><strong>Si</strong></span> 
     </span>
    </p>
   </div>
   <div class='ocr_carea' id='block_1_111' title="bbox 2272 2855 3818 2924">
    <p class='ocr_par' dir='ltr' id='par_1_111' title="bbox 2272 2855 3818 2924">
     <span class='ocr_line' id='line_1_113' title="bbox 2272 2855 3818 2924; baseline 0.004 -18"><span class='ocrx_word' id='word_1_853' title='bbox 2272 2855 2682 2924; x_wconf 87' lang='lat' dir='ltr'><strong>comprehendis</strong></span> <span class='ocrx_word' id='word_1_854' title='bbox 2704 2858 2825 2910; x_wconf 88' lang='lat' dir='ltr'><strong>mod</strong></span> <span class='ocrx_word' id='word_1_855' title='bbox 2840 2873 2942 2924; x_wconf 92' lang='lat' dir='ltr'><strong>..m,</strong></span> <span class='ocrx_word' id='word_1_856' title='bbox 2963 2855 3082 2912; x_wconf 52' lang='lat' dir='ltr'><strong>non&#39;</strong></span> <span class='ocrx_word' id='word_1_857' title='bbox 3098 2867 3180 2913; x_wconf 89' lang='lat' dir='ltr'><strong>est</strong></span> <span class='ocrx_word' id='word_1_858' title='bbox 3205 2855 3544 2914; x_wconf 76' lang='lat' dir='ltr'><strong>miraculum.</strong></span> <span class='ocrx_word' id='word_1_859' title='bbox 3565 2855 3624 2914; x_wconf 82' lang='lat' dir='ltr'><strong>Et</strong></span> <span class='ocrx_word' id='word_1_860' title='bbox 3643 2862 3684 2915; x_wconf 87' lang='lat' dir='ltr'><strong>si</strong></span> <span class='ocrx_word' id='word_1_861' title='bbox 3699 2861 3818 2914; x_wconf 81' lang='lat' dir='ltr'><strong>mira-</strong></span> 
     </span>
    </p>
   </div>
   <div class='ocr_carea' id='block_1_112' title="bbox 2273 2923 3821 3000">
    <p class='ocr_par' dir='ltr' id='par_1_112' title="bbox 2273 2923 3821 3000">
     <span class='ocr_line' id='line_1_114' title="bbox 2273 2923 3821 3000; baseline 0.004 -25"><span class='ocrx_word' id='word_1_862' title='bbox 2273 2923 2453 3000; x_wconf 88' lang='lat' dir='ltr'><strong>culum</strong></span> <span class='ocrx_word' id='word_1_863' title='bbox 2471 2925 2562 2977; x_wconf 87' lang='lat' dir='ltr'><strong>tibi</strong></span> <span class='ocrx_word' id='word_1_864' title='bbox 2583 2940 2688 2978; x_wconf 92' lang='lat' dir='ltr'><strong>non</strong></span> <span class='ocrx_word' id='word_1_865' title='bbox 2707 2923 2936 3000; x_wconf 68' lang='lat' dir='ltr'><strong>videtur,</strong></span> <span class='ocrx_word' id='word_1_866' title='bbox 2955 2930 3283 2998; x_wconf 88' lang='lat' dir='ltr'><strong>propinquas</strong></span> <span class='ocrx_word' id='word_1_867' title='bbox 3309 2938 3368 2983; x_wconf 91' lang='lat' dir='ltr'><strong>ut</strong></span> <span class='ocrx_word' id='word_1_868' title='bbox 3392 2946 3556 2999; x_wconf 82' lang='lat' dir='ltr'><strong>neges</strong></span> <span class='ocrx_word' id='word_1_869' title='bbox 3578 2933 3691 3000; x_wconf 84' lang='lat' dir='ltr'><strong>quia</strong></span> <span class='ocrx_word' id='word_1_870' title='bbox 3705 2941 3749 2983; x_wconf 89' lang='lat' dir='ltr'><strong>et</strong></span> <span class='ocrx_word' id='word_1_871' title='bbox 3770 2930 3821 2982; x_wconf 83' lang='lat' dir='ltr'><strong>de</strong></span> 
     </span>
    </p>
   </div>
   <div class='ocr_carea' id='block_1_113' title="bbox 2273 2994 3821 3066">
    <p class='ocr_par' dir='ltr' id='par_1_113' title="bbox 2273 2994 3821 3066">
     <span class='ocr_line' id='line_1_115' title="bbox 2273 2994 3821 3066; baseline 0.004 -20"><span class='ocrx_word' id='word_1_872' title='bbox 2273 2994 2524 3066; x_wconf 84' lang='lat' dir='ltr'><strong>sepulcro</strong></span> <span class='ocrx_word' id='word_1_873' title='bbox 2554 2999 2867 3066; x_wconf 78' lang='lat' dir='ltr'><strong>resurrexit.</strong></span> <span class='ocrx_word' id='word_1_874' title='bbox 2905 2994 3133 3066; x_wconf 65' lang='lat' dir='ltr'><strong>liespice</strong></span> <span class='ocrx_word' id='word_1_875' title='bbox 3166 2994 3242 3052; x_wconf 54' lang='lat' dir='ltr'><strong>&#39;ab</strong></span> <span class='ocrx_word' id='word_1_876' title='bbox 3273 3000 3433 3055; x_wconf 88' lang='lat' dir='ltr'><strong>initio</strong></span> <span class='ocrx_word' id='word_1_877' title='bbox 3465 2994 3713 3055; x_wconf 72' lang='lat' dir='ltr'><strong>iniracula</strong></span> <span class='ocrx_word' id='word_1_878' title='bbox 3741 3000 3821 3052; x_wconf 86' lang='lat' dir='ltr'><strong>Do-</strong></span> 
     </span>
    </p>
   </div>
   <div class='ocr_carea' id='block_1_114' title="bbox 2255 3063 3822 3137">
    <p class='ocr_par' dir='ltr' id='par_1_114' title="bbox 2255 3063 3822 3137">
     <span class='ocr_line' id='line_1_116' title="bbox 2255 3063 3822 3137; baseline 0.006 -23"><span class='ocrx_word' id='word_1_879' title='bbox 2255 3063 2403 3115; x_wconf 83' lang='lat' dir='ltr'><strong>mini</strong></span> <span class='ocrx_word' id='word_1_880' title='bbox 2437 3064 2530 3137; x_wconf 85' lang='lat' dir='ltr'><strong>tui,</strong></span> <span class='ocrx_word' id='word_1_881' title='bbox 2553 3073 2608 3116; x_wconf 84' lang='lat' dir='ltr'><strong>et</strong></span> <span class='ocrx_word' id='word_1_882' title='bbox 2636 3065 2798 3137; x_wconf 86' lang='lat' dir='ltr'><strong>redde</strong></span> <span class='ocrx_word' id='word_1_883' title='bbox 2827 3068 2956 3121; x_wconf 91' lang='lat' dir='ltr'><strong>mihi</strong></span> <span class='ocrx_word' id='word_1_884' title='bbox 2981 3063 3046 3120; x_wconf 81' lang='lat' dir='ltr'><strong>de</strong></span> <span class='ocrx_word' id='word_1_885' title='bbox 3073 3069 3293 3137; x_wconf 88' lang='lat' dir='ltr'><strong>singulis</strong></span> <span class='ocrx_word' id='word_1_886' title='bbox 3321 3071 3609 3126; x_wconf 75' lang='lat' dir='ltr'><strong>ratioaein.</strong></span> <span class='ocrx_word' id='word_1_887' title='bbox 3633 3070 3715 3124; x_wconf 75' lang='lat' dir='ltr'><strong>Vir</strong></span> <span class='ocrx_word' id='word_1_888' title='bbox 3737 3083 3822 3124; x_wconf 62' lang='lat' dir='ltr'><strong>u&#39;in</strong></span> 
     </span>
    </p>
   </div>
   <div class='ocr_carea' id='block_1_115' title="bbox 2273 3135 3822 3208">
    <p class='ocr_par' dir='ltr' id='par_1_115' title="bbox 2273 3135 3822 3208">
     <span class='ocr_line' id='line_1_117' title="bbox 2273 3135 3822 3208; baseline 0.004 -23"><span class='ocrx_word' id='word_1_889' title='bbox 2273 3135 2520 3208; x_wconf 84' lang='lat' dir='ltr'><strong>accessit,</strong></span> <span class='ocrx_word' id='word_1_890' title='bbox 2547 3143 2614 3208; x_wconf 89' lang='lat' dir='ltr'><strong>et_</strong></span> <span class='ocrx_word' id='word_1_891' title='bbox 2631 3135 2780 3203; x_wconf 86' lang='lat' dir='ltr'><strong>virgo</strong></span> <span class='ocrx_word' id='word_1_892' title='bbox 2800 3139 3065 3207; x_wconf 88' lang='lat' dir='ltr'><strong>concepit.</strong></span> <span class='ocrx_word' id='word_1_893' title='bbox 3096 3135 3280 3194; x_wconf 80' lang='lat' dir='ltr'><strong>Redde</strong></span> <span class='ocrx_word' id='word_1_894' title='bbox 3303 3142 3570 3194; x_wconf 90' lang='lat' dir='ltr'><strong>rationem</strong></span> <span class='ocrx_word' id='word_1_895' title='bbox 3594 3139 3822 3208; x_wconf 77' lang='lat' dir='ltr'><strong>quomodo</strong></span> 
     </span>
    </p>
   </div>
   <div class='ocr_carea' id='block_1_116' title="bbox 2275 3204 3820 3277">
    <p class='ocr_par' dir='ltr' id='par_1_116' title="bbox 2275 3204 3820 3277">
     <span class='ocr_line' id='line_1_118' title="bbox 2275 3204 3820 3277; baseline 0.003 -23"><span class='ocrx_word' id='word_1_896' title='bbox 2275 3204 2391 3277; x_wconf 74' lang='lat' dir='ltr'><strong>sine</strong></span> <span class='ocrx_word' id='word_1_897' title='bbox 2413 3205 2653 3277; x_wconf 80' lang='lat' dir='ltr'><strong>masculo</strong></span> <span class='ocrx_word' id='word_1_898' title='bbox 2681 3208 2831 3277; x_wconf 85' lang='lat' dir='ltr'><strong>virgo</strong></span> <span class='ocrx_word' id='word_1_899' title='bbox 2868 3204 3214 3277; x_wconf 82' lang='lat' dir='ltr'><strong>conceperit?</strong></span> <span class='ocrx_word' id='word_1_900' title='bbox 3261 3208 3360 3264; x_wconf 87' lang='lat' dir='ltr'><strong>Ubi</strong></span> <span class='ocrx_word' id='word_1_901' title='bbox 3404 3204 3656 3266; x_wconf 77' lang='lat' dir='ltr'><strong>defecerit</strong></span> <span class='ocrx_word' id='word_1_902' title='bbox 3692 3209 3820 3269; x_wconf 88' lang='lat' dir='ltr'><strong>ratio,</strong></span> 
     </span>
    </p>
   </div>
   <div class='ocr_carea' id='block_1_117' title="bbox 2273 3272 3823 3335">
    <p class='ocr_par' dir='ltr' id='par_1_117' title="bbox 2273 3272 3823 3335">
     <span class='ocr_line' id='line_1_119' title="bbox 2273 3272 3823 3335; baseline 0.003 -9"><span class='ocrx_word' id='word_1_903' title='bbox 2273 3272 2345 3326; x_wconf 89' lang='lat' dir='ltr'><strong>ibi</strong></span> <span class='ocrx_word' id='word_1_904' title='bbox 2371 3281 2451 3326; x_wconf 92' lang='lat' dir='ltr'><strong>est</strong></span> <span class='ocrx_word' id='word_1_905' title='bbox 2483 3274 2515 3324; x_wconf 89' lang='lat' dir='ltr'><strong>li</strong></span> <span class='ocrx_word' id='word_1_906' title='bbox 2531 3275 2602 3327; x_wconf 80' lang='lat' dir='ltr'><strong>-1ei</strong></span> <span class='ocrx_word' id='word_1_907' title='bbox 2642 3272 2944 3332; x_wconf 67' lang='lat' dir='ltr'><strong>mdilicatio.</strong></span> <span class='ocrx_word' id='word_1_908' title='bbox 2978 3272 3117 3333; x_wconf 76' lang='lat' dir='ltr'><strong>Ecce</strong></span> <span class='ocrx_word' id='word_1_909' title='bbox 3161 3279 3328 3334; x_wconf 90' lang='lat' dir='ltr'><strong>habes</strong></span> <span class='ocrx_word' id='word_1_910' title='bbox 3353 3297 3522 3335; x_wconf 89' lang='lat' dir='ltr'><strong>unum</strong></span> <span class='ocrx_word' id='word_1_911' title='bbox 3566 3283 3615 3334; x_wconf 91' lang='lat' dir='ltr'><strong>in</strong></span> <span class='ocrx_word' id='word_1_912' title='bbox 3648 3277 3823 3333; x_wconf 86' lang='lat' dir='ltr'><strong>Domini</strong></span> 
     </span>
    </p>
   </div>
   <div class='ocr_carea' id='block_1_118' title="bbox 2271 3344 3822 3421">
    <p class='ocr_par' dir='ltr' id='par_1_118' title="bbox 2271 3344 3822 3421">
     <span class='ocr_line' id='line_1_120' title="bbox 2271 3344 3822 3421; baseline 0.002 -24"><span class='ocrx_word' id='word_1_913' title='bbox 2271 3352 2536 3421; x_wconf 80' lang='lat' dir='ltr'><strong>conceptu</strong></span> <span class='ocrx_word' id='word_1_914' title='bbox 2561 3344 2758 3421; x_wconf 44' lang='lat' dir='ltr'><strong>(alain</strong></span> <span class='ocrx_word' id='word_1_915' title='bbox 2790 3364 2894 3400; x_wconf 90' lang='lat' dir='ltr'><strong>uno</strong></span> <span class='ocrx_word' id='word_1_916' title='bbox 2917 3349 3028 3421; x_wconf 89' lang='lat' dir='ltr'><strong>Deo</strong></span> <span class='ocrx_word' id='word_1_917' title='bbox 3059 3354 3345 3421; x_wconf 85' lang='lat' dir='ltr'><strong>concepto)</strong></span> <span class='ocrx_word' id='word_1_918' title='bbox 3380 3352 3708 3417; x_wconf 87' lang='lat' dir='ltr'><strong>miraculum,</strong></span> <span class='ocrx_word' id='word_1_919' title='bbox 3727 3348 3822 3421; x_wconf 80' lang='lat' dir='ltr'><strong>audi</strong></span> 
     </span>
    </p>
   </div>
   <div class='ocr_carea' id='block_1_119' title="bbox 2271 3414 3822 3492">
    <p class='ocr_par' dir='ltr' id='par_1_119' title="bbox 2271 3414 3822 3492">
     <span class='ocr_line' id='line_1_121' title="bbox 2271 3414 3822 3492; baseline 0.003 -26"><span class='ocrx_word' id='word_1_920' title='bbox 2271 3422 2326 3492; x_wconf 89' lang='lat' dir='ltr'><strong>et</strong></span> <span class='ocrx_word' id='word_1_921' title='bbox 2349 3414 2402 3467; x_wconf 92' lang='lat' dir='ltr'><strong>in</strong></span> <span class='ocrx_word' id='word_1_922' title='bbox 2428 3414 2606 3492; x_wconf 74' lang='lat' dir='ltr'><strong>partu.</strong></span> <span class='ocrx_word' id='word_1_923' title='bbox 2642 3415 2802 3485; x_wconf 84' lang='lat' dir='ltr'><strong>Virgo</strong></span> <span class='ocrx_word' id='word_1_924' title='bbox 2833 3420 3059 3487; x_wconf 88' lang='lat' dir='ltr'><strong>peperit,</strong></span> <span class='ocrx_word' id='word_1_925' title='bbox 3109 3428 3165 3472; x_wconf 92' lang='lat' dir='ltr'><strong>et</strong></span> <span class='ocrx_word' id='word_1_926' title='bbox 3193 3414 3344 3488; x_wconf 84' lang='lat' dir='ltr'><strong>virgo</strong></span> <span class='ocrx_word' id='word_1_927' title='bbox 3397 3414 3702 3492; x_wconf 72' lang='lat' dir='ltr'><strong>permansit.</strong></span> <span class='ocrx_word' id='word_1_928' title='bbox 3729 3418 3822 3492; x_wconf 77' lang='lat' dir='ltr'><strong>lam</strong></span> 
     </span>
    </p>
   </div>
   <div class='ocr_carea' id='block_1_120' title="bbox 2270 3481 3824 3560">
    <p class='ocr_par' dir='ltr' id='par_1_120' title="bbox 2270 3481 3824 3560">
     <span class='ocr_line' id='line_1_122' title="bbox 2270 3481 3824 3560; baseline 0.002 -23"><span class='ocrx_word' id='word_1_929' title='bbox 2270 3491 2398 3539; x_wconf 84' lang='lat' dir='ltr'><strong>tunc</strong></span> <span class='ocrx_word' id='word_1_930' title='bbox 2428 3481 2684 3560; x_wconf 67' lang='lat' dir='ltr'><strong>Dominus</strong></span> <span class='ocrx_word' id='word_1_931' title='bbox 2714 3481 3001 3560; x_wconf 56' lang='lat' dir='ltr'><strong>aiite&#39;qu&#39;am</strong></span> <span class='ocrx_word' id='word_1_932' title='bbox 3035 3481 3336 3560; x_wconf 73' lang='lat' dir='ltr'><strong>resurgeret</strong></span> <span class='ocrx_word' id='word_1_933' title='bbox 3366 3481 3470 3560; x_wconf 55' lang='lat' dir='ltr'><strong>p&#39;er</strong></span> <span class='ocrx_word' id='word_1_934' title='bbox 3516 3481 3684 3545; x_wconf 88' lang='lat' dir='ltr'><strong>clausa</strong></span> <span class='ocrx_word' id='word_1_935' title='bbox 3715 3490 3824 3544; x_wconf 73' lang='lat' dir='ltr'><strong>ostia</strong></span> 
     </span>
    </p>
   </div>
   <div class='ocr_carea' id='block_1_121' title="bbox 2273 3556 3822 3630">
    <p class='ocr_par' dir='ltr' id='par_1_121' title="bbox 2273 3556 3822 3630">
     <span class='ocr_line' id='line_1_123' title="bbox 2273 3556 3822 3630; baseline 0.003 -24"><span class='ocrx_word' id='word_1_936' title='bbox 2273 3565 2428 3630; x_wconf 78' lang='lat' dir='ltr'><strong>patus</strong></span> <span class='ocrx_word' id='word_1_937' title='bbox 2453 3563 2558 3630; x_wconf 84' lang='lat' dir='ltr'><strong>est.</strong></span> <span class='ocrx_word' id='word_1_938' title='bbox 2584 3556 2793 3630; x_wconf 64' lang='lat' dir='ltr'><strong>Qua&#39;ris</strong></span> <span class='ocrx_word' id='word_1_939' title='bbox 2817 3574 2845 3610; x_wconf 91' lang='lat' dir='ltr'><strong>a</strong></span> <span class='ocrx_word' id='word_1_940' title='bbox 2877 3574 2981 3620; x_wconf 89' lang='lat' dir='ltr'><strong>me,</strong></span> <span class='ocrx_word' id='word_1_941' title='bbox 3015 3570 3068 3612; x_wconf 91' lang='lat' dir='ltr'><strong>et</strong></span> <span class='ocrx_word' id='word_1_942' title='bbox 3095 3558 3227 3630; x_wconf 87' lang='lat' dir='ltr'><strong>dicis</strong></span> <span class='ocrx_word' id='word_1_943' title='bbox 3253 3578 3263 3611; x_wconf 92' lang='lat'><strong>:</strong></span> <span class='ocrx_word' id='word_1_944' title='bbox 3289 3559 3344 3630; x_wconf 81' lang='lat' dir='ltr'><strong>Si</strong></span> <span class='ocrx_word' id='word_1_945' title='bbox 3367 3556 3480 3630; x_wconf 69' lang='grc' dir='ltr'><strong>’ρετ</strong></span> <span class='ocrx_word' id='word_1_946' title='bbox 3513 3562 3684 3616; x_wconf 86' lang='lat' dir='ltr'><strong>clausa</strong></span> <span class='ocrx_word' id='word_1_947' title='bbox 3713 3560 3822 3614; x_wconf 77' lang='lat' dir='ltr'><strong>ostia</strong></span> 
     </span>
    </p>
   </div>
   <div class='ocr_carea' id='block_1_122' title="bbox 2272 3623 3819 3701">
    <p class='ocr_par' dir='ltr' id='par_1_122' title="bbox 2272 3623 3819 3701">
     <span class='ocr_line' id='line_1_124' title="bbox 2272 3623 3819 3701; baseline 0.003 -25"><span class='ocrx_word' id='word_1_948' title='bbox 2272 3623 2509 3701; x_wconf 62' lang='lat' dir='ltr'><strong>intravit,</strong></span> <span class='ocrx_word' id='word_1_949' title='bbox 2544 3626 2632 3701; x_wconf 72' lang='lat' dir='ltr'><strong>ubi</strong></span> <span class='ocrx_word' id='word_1_950' title='bbox 2663 3635 2743 3679; x_wconf 85' lang='lat' dir='ltr'><strong>est</strong></span> <span class='ocrx_word' id='word_1_951' title='bbox 2772 3631 3015 3701; x_wconf 87' lang='lat' dir='ltr'><strong>corporis</strong></span> <span class='ocrx_word' id='word_1_952' title='bbox 3044 3629 3267 3701; x_wconf 85' lang='lat' dir='ltr'><strong>modus?</strong></span> <span class='ocrx_word' id='word_1_953' title='bbox 3291 3629 3356 3683; x_wconf 89' lang='lat' dir='ltr'><strong>Et</strong></span> <span class='ocrx_word' id='word_1_954' title='bbox 3380 3623 3496 3695; x_wconf 58' lang='lat' dir='ltr'><strong>&#39;ego</strong></span> <span class='ocrx_word' id='word_1_955' title='bbox 3519 3630 3819 3701; x_wconf 83' lang='lat' dir='ltr'><strong>respondeo:</strong></span> 
     </span>
    </p>
   </div>
   <div class='ocr_carea' id='block_1_123' title="bbox 2270 3694 3824 3770">
    <p class='ocr_par' dir='ltr' id='par_1_123' title="bbox 2270 3694 3824 3770">
     <span class='ocr_line' id='line_1_125' title="bbox 2270 3694 3824 3770; baseline 0.003 -23"><span class='ocrx_word' id='word_1_956' title='bbox 2270 3694 2326 3747; x_wconf 85' lang='lat' dir='ltr'><strong>Si</strong></span> <span class='ocrx_word' id='word_1_957' title='bbox 2353 3709 2514 3770; x_wconf 74' lang='lat' dir='ltr'><strong>super</strong></span> <span class='ocrx_word' id='word_1_958' title='bbox 2543 3694 3010 3770; x_wconf 48' lang='lat' dir='ltr'><strong>gal.,_per)_mare</strong></span> <span class='ocrx_word' id='word_1_959' title='bbox 3036 3700 3352 3766; x_wconf 89' lang='lat' dir='ltr'><strong>ambulavit,</strong></span> <span class='ocrx_word' id='word_1_960' title='bbox 3390 3694 3480 3755; x_wconf 88' lang='lat' dir='ltr'><strong>ubi</strong></span> <span class='ocrx_word' id='word_1_961' title='bbox 3503 3712 3583 3755; x_wconf 88' lang='lat' dir='ltr'><strong>est</strong></span> <span class='ocrx_word' id='word_1_962' title='bbox 3609 3694 3824 3770; x_wconf 65' lang='lat' dir='ltr'><strong>corporis</strong></span> 
     </span>
    </p>
   </div>
   <div class='ocr_carea' id='block_1_124' title="bbox 2307 3766 3820 3840">
    <p class='ocr_par' dir='ltr' id='par_1_124' title="bbox 2307 3766 3820 3840">
     <span class='ocr_line' id='line_1_126' title="bbox 2307 3766 3820 3840; baseline 0.004 -25"><span class='ocrx_word' id='word_1_963' title='bbox 2307 3766 2514 3840; x_wconf 75' lang='lat' dir='ltr'><strong>ondus&#39;?</strong></span> <span class='ocrx_word' id='word_1_964' title='bbox 2540 3766 2645 3820; x_wconf 89' lang='lat' dir='ltr'><strong>Sed</strong></span> <span class='ocrx_word' id='word_1_965' title='bbox 2678 3767 2801 3840; x_wconf 80' lang='lat' dir='ltr'><strong>fecit</strong></span> <span class='ocrx_word' id='word_1_966' title='bbox 2832 3768 2956 3820; x_wconf 92' lang='lat' dir='ltr'><strong>illud</strong></span> <span class='ocrx_word' id='word_1_967' title='bbox 2987 3769 3244 3823; x_wconf 85' lang='lat' dir='ltr'><strong>Dominus</strong></span> <span class='ocrx_word' id='word_1_968' title='bbox 3276 3779 3540 3840; x_wconf 89' lang='lat' dir='ltr'><strong>tanquam</strong></span> <span class='ocrx_word' id='word_1_969' title='bbox 3583 3766 3820 3824; x_wconf 85' lang='lat' dir='ltr'><strong>Dominus.</strong></span> 
     </span>
    </p>
   </div>
   <div class='ocr_carea' id='block_1_125' title="bbox 2301 3834 3824 3911">
    <p class='ocr_par' dir='ltr' id='par_1_125' title="bbox 2301 3834 3824 3911">
     <span class='ocr_line' id='line_1_127' title="bbox 2301 3834 3824 3911; baseline 0.004 -26"><span class='ocrx_word' id='word_1_970' title='bbox 2301 3834 2517 3911; x_wconf 83' lang='lat' dir='ltr'><strong>iunquid</strong></span> <span class='ocrx_word' id='word_1_971' title='bbox 2546 3849 2676 3911; x_wconf 79' lang='lat' dir='ltr'><strong>ergo</strong></span> <span class='ocrx_word' id='word_1_972' title='bbox 2703 3837 2825 3911; x_wconf 76' lang='lat' dir='ltr'><strong>quia</strong></span> <span class='ocrx_word' id='word_1_973' title='bbox 2858 3841 3172 3902; x_wconf 64' lang='lat' dir='ltr'><strong>resurrexit,</strong></span> <span class='ocrx_word' id='word_1_974' title='bbox 3203 3841 3359 3911; x_wconf 79' lang='lat' dir='ltr'><strong>desiit</strong></span> <span class='ocrx_word' id='word_1_975' title='bbox 3382 3834 3528 3911; x_wconf 75' lang='lat' dir='ltr'><strong>(ms.,</strong></span> <span class='ocrx_word' id='word_1_976' title='bbox 3557 3858 3729 3895; x_wconf 88' lang='lat' dir='ltr'><strong>cum...</strong></span> <span class='ocrx_word' id='word_1_977' title='bbox 3751 3840 3824 3892; x_wconf 84' lang='lat' dir='ltr'><strong>de-</strong></span> 
     </span>
    </p>
   </div>
   <div class='ocr_carea' id='block_1_126' title="bbox 2269 3905 3825 3980">
    <p class='ocr_par' dir='ltr' id='par_1_126' title="bbox 2269 3905 3825 3980">
     <span class='ocr_line' id='line_1_128' title="bbox 2269 3905 3825 3980; baseline 0.003 -24"><span class='ocrx_word' id='word_1_978' title='bbox 2269 3905 2426 3980; x_wconf 81' lang='lat' dir='ltr'><strong>s_titit)</strong></span> <span class='ocrx_word' id='word_1_979' title='bbox 2463 3921 2582 3980; x_wconf 72' lang='lat' dir='ltr'><strong>esse</strong></span> <span class='ocrx_word' id='word_1_980' title='bbox 2607 3907 2904 3980; x_wconf 73' lang='lat' dir='ltr'><strong>Dominus,</strong></span> <span class='ocrx_word' id='word_1_981' title='bbox 2952 3911 3043 3976; x_wconf 76' lang='lat' dir='ltr'><strong>qui</strong></span> <span class='ocrx_word' id='word_1_982' title='bbox 3075 3912 3200 3977; x_wconf 70' lang='lat' dir='ltr'><strong>tt.l.,</strong></span> <span class='ocrx_word' id='word_1_983' title='bbox 3233 3905 3585 3980; x_wconf 53' lang='lat' dir='ltr'><strong>Quid&#39;quod,</strong></span> <span class='ocrx_word' id='word_1_984' title='bbox 3633 3921 3747 3967; x_wconf 80' lang='lat' dir='ltr'><strong>etc.)</strong></span> <span class='ocrx_word' id='word_1_985' title='bbox 3783 3922 3825 3961; x_wconf 86' lang='lat' dir='ltr'><strong>et</strong></span> 
     </span>
    </p>
   </div>
   <div class='ocr_carea' id='block_1_127' title="bbox 2271 3974 3824 4046">
    <p class='ocr_par' dir='ltr' id='par_1_127' title="bbox 2271 3974 3824 4046">
     <span class='ocr_line' id='line_1_129' title="bbox 2271 3974 3824 4046; baseline 0.003 -19"><span class='ocrx_word' id='word_1_986' title='bbox 2271 3974 2488 4046; x_wconf 87' lang='lat' dir='ltr'><strong>Petrum</strong></span> <span class='ocrx_word' id='word_1_987' title='bbox 2519 3976 2646 4029; x_wconf 90' lang='lat' dir='ltr'><strong>fecit</strong></span> <span class='ocrx_word' id='word_1_988' title='bbox 2690 3993 2852 4046; x_wconf 84' lang='lat' dir='ltr'><strong>super</strong></span> <span class='ocrx_word' id='word_1_989' title='bbox 2880 3974 3030 4032; x_wconf 82' lang='lat' dir='ltr'><strong>mare</strong></span> <span class='ocrx_word' id='word_1_990' title='bbox 3058 3974 3370 4034; x_wconf 81' lang='lat' dir='ltr'><strong>ambulare?</strong></span> <span class='ocrx_word' id='word_1_991' title='bbox 3401 3974 3556 4046; x_wconf 80' lang='lat' dir='ltr'><strong>Quod</strong></span> <span class='ocrx_word' id='word_1_992' title='bbox 3583 3986 3633 4036; x_wconf 87' lang='lat' dir='ltr'><strong>in</strong></span> <span class='ocrx_word' id='word_1_993' title='bbox 3661 3982 3739 4033; x_wconf 92' lang='lat' dir='ltr'><strong>illo</strong></span> <span class='ocrx_word' id='word_1_994' title='bbox 3762 3980 3824 4032; x_wconf 87' lang='lat' dir='ltr'><strong>di-</strong></span> 
     </span>
    </p>
   </div>
   <div class='ocr_carea' id='block_1_128' title="bbox 2269 4045 3824 4123">
    <p class='ocr_par' dir='ltr' id='par_1_128' title="bbox 2269 4045 3824 4123">
     <span class='ocr_line' id='line_1_130' title="bbox 2269 4045 3824 4123; baseline 0.003 -26"><span class='ocrx_word' id='word_1_995' title='bbox 2269 4045 2465 4123; x_wconf 78' lang='lat' dir='ltr'><strong>vinitas</strong></span> <span class='ocrx_word' id='word_1_996' title='bbox 2494 4048 2690 4123; x_wconf 55' lang='lat' dir='ltr'><strong>potuit,</strong></span> <span class='ocrx_word' id='word_1_997' title='bbox 2739 4045 2789 4100; x_wconf 85' lang='lat' dir='ltr'><strong>in</strong></span> <span class='ocrx_word' id='word_1_998' title='bbox 2827 4047 3110 4123; x_wconf 58' lang='lat' dir='ltr'><strong>isto.lidv:s_</strong></span> <span class='ocrx_word' id='word_1_999' title='bbox 3135 4045 3549 4123; x_wconf 23' lang='lat' dir='ltr'><strong>implevithel</strong></span> <span class='ocrx_word' id='word_1_1000' title='bbox 3597 4051 3824 4123; x_wconf 66' lang='lat' dir='ltr'><strong>Christus,</strong></span> 
     </span>
    </p>
   </div>
   <div class='ocr_carea' id='block_1_129' title="bbox 2268 4114 3824 4190">
    <p class='ocr_par' dir='ltr' id='par_1_129' title="bbox 2268 4114 3824 4190">
     <span class='ocr_line' id='line_1_131' title="bbox 2268 4114 3824 4190; baseline 0.003 -23"><span class='ocrx_word' id='word_1_1001' title='bbox 2268 4116 2393 4185; x_wconf 91' lang='lat' dir='ltr'><strong>quia</strong></span> <span class='ocrx_word' id='word_1_1002' title='bbox 2425 4114 2620 4190; x_wconf 80' lang='lat' dir='ltr'><strong>potuit,</strong></span> <span class='ocrx_word' id='word_1_1003' title='bbox 2646 4114 2855 4182; x_wconf 84' lang='lat' dir='ltr'><strong>Petrus,</strong></span> <span class='ocrx_word' id='word_1_1004' title='bbox 2902 4114 3025 4187; x_wconf 65' lang='lat' dir='ltr'><strong>q&#39;uia</strong></span> <span class='ocrx_word' id='word_1_1005' title='bbox 3053 4114 3300 4174; x_wconf 71' lang='lat' dir='ltr'><strong>Christus</strong></span> <span class='ocrx_word' id='word_1_1006' title='bbox 3347 4122 3580 4190; x_wconf 89' lang='lat' dir='ltr'><strong>adjuvit.</strong></span> <span class='ocrx_word' id='word_1_1007' title='bbox 3621 4120 3674 4176; x_wconf 88' lang='lat' dir='ltr'><strong>Si</strong></span> <span class='ocrx_word' id='word_1_1008' title='bbox 3721 4134 3824 4186; x_wconf 79' lang='lat' dir='ltr'><strong>ergo</strong></span> 
     </span>
    </p>
   </div>
   <div class='ocr_carea' id='block_1_130' title="bbox 2270 4186 3823 4258">
    <p class='ocr_par' dir='ltr' id='par_1_130' title="bbox 2270 4186 3823 4258">
     <span class='ocr_line' id='line_1_132' title="bbox 2270 4186 3823 4258; baseline 0 -18"><span class='ocrx_word' id='word_1_1009' title='bbox 2270 4186 2501 4258; x_wconf 72' lang='lat' dir='ltr'><strong>cmperis</strong></span> <span class='ocrx_word' id='word_1_1010' title='bbox 2543 4186 2662 4258; x_wconf 82' lang='lat' dir='ltr'><strong>(ms.</strong></span> <span class='ocrx_word' id='word_1_1011' title='bbox 2723 4186 2958 4256; x_wconf 82' lang='lat' dir='ltr'><strong>coneris)</strong></span> <span class='ocrx_word' id='word_1_1012' title='bbox 3004 4191 3239 4245; x_wconf 80' lang='lat' dir='ltr'><strong>humano</strong></span> <span class='ocrx_word' id='word_1_1013' title='bbox 3278 4186 3445 4245; x_wconf 79' lang='lat' dir='ltr'><strong>sensu</strong></span> <span class='ocrx_word' id='word_1_1014' title='bbox 3485 4191 3823 4246; x_wconf 83' lang='lat' dir='ltr'><strong>miraculorum</strong></span> 
     </span>
    </p>
   </div>
   <div class='ocr_carea' id='block_1_131' title="bbox 2269 4257 3825 4332">
    <p class='ocr_par' dir='ltr' id='par_1_131' title="bbox 2269 4257 3825 4332">
     <span class='ocr_line' id='line_1_133' title="bbox 2269 4257 3825 4332; baseline 0 -22"><span class='ocrx_word' id='word_1_1015' title='bbox 2269 4257 2854 4332; x_wconf 46' lang='lat' dir='ltr'><strong>discutere&#39;ratiouem,</strong></span> <span class='ocrx_word' id='word_1_1016' title='bbox 2894 4260 3058 4332; x_wconf 75' lang='lat' dir='ltr'><strong>timeo</strong></span> <span class='ocrx_word' id='word_1_1017' title='bbox 3095 4275 3164 4332; x_wconf 70' lang='lat' dir='ltr'><strong>ne</strong></span> <span class='ocrx_word' id='word_1_1018' title='bbox 3206 4263 3402 4332; x_wconf 73' lang='lat' dir='ltr'><strong>perdas</strong></span> <span class='ocrx_word' id='word_1_1019' title='bbox 3454 4262 3632 4316; x_wconf 82' lang='lat' dir='ltr'><strong>fidem.</strong></span> <span class='ocrx_word' id='word_1_1020' title='bbox 3676 4261 3825 4332; x_wconf 74' lang='lat' dir='ltr'><strong>Nescis</strong></span> 
     </span>
    </p>
   </div>
   <div class='ocr_carea' id='block_1_132' title="bbox 2269 4326 3825 4401">
    <p class='ocr_par' dir='ltr' id='par_1_132' title="bbox 2269 4326 3825 4401">
     <span class='ocr_line' id='line_1_134' title="bbox 2269 4326 3825 4401; baseline 0 -22"><span class='ocrx_word' id='word_1_1021' title='bbox 2269 4326 2779 4401; x_wconf 71' lang='lat' dir='ltr'><strong>nihilimpossibile</strong></span> <span class='ocrx_word' id='word_1_1022' title='bbox 2810 4344 2952 4401; x_wconf 76' lang='lat' dir='ltr'><strong>esse</strong></span> <span class='ocrx_word' id='word_1_1023' title='bbox 2999 4326 3162 4384; x_wconf 42' lang='lat' dir='ltr'><strong>Deo?’</strong></span> <span class='ocrx_word' id='word_1_1024' title='bbox 3207 4326 3531 4401; x_wconf 77' lang='lat' dir='ltr'><strong>Quicunque</strong></span> <span class='ocrx_word' id='word_1_1025' title='bbox 3587 4346 3705 4399; x_wconf 81' lang='lat' dir='ltr'><strong>ergo</strong></span> <span class='ocrx_word' id='word_1_1026' title='bbox 3752 4330 3825 4381; x_wconf 87' lang='lat' dir='ltr'><strong>tibi</strong></span> 
     </span>
    </p>
   </div>
   <div class='ocr_carea' id='block_1_133' title="bbox 2267 4397 3825 4467">
    <p class='ocr_par' dir='ltr' id='par_1_133' title="bbox 2267 4397 3825 4467">
     <span class='ocr_line' id='line_1_135' title="bbox 2267 4397 3825 4467; baseline 0.002 -17"><span class='ocrx_word' id='word_1_1027' title='bbox 2267 4397 2488 4463; x_wconf 84' lang='lat' dir='ltr'><strong>dixerit,</strong></span> <span class='ocrx_word' id='word_1_1028' title='bbox 2540 4398 2594 4451; x_wconf 91' lang='lat' dir='ltr'><strong>Si</strong></span> <span class='ocrx_word' id='word_1_1029' title='bbox 2628 4398 2847 4452; x_wconf 89' lang='lat' dir='ltr'><strong>intravit</strong></span> <span class='ocrx_word' id='word_1_1030' title='bbox 2877 4415 2972 4466; x_wconf 89' lang='lat' dir='ltr'><strong>per</strong></span> <span class='ocrx_word' id='word_1_1031' title='bbox 2998 4401 3135 4454; x_wconf 90' lang='lat' dir='ltr'><strong>ostia</strong></span> <span class='ocrx_word' id='word_1_1032' title='bbox 3185 4403 3394 4467; x_wconf 89' lang='lat' dir='ltr'><strong>clausa,</strong></span> <span class='ocrx_word' id='word_1_1033' title='bbox 3431 4397 3539 4456; x_wconf 79' lang='lat' dir='ltr'><strong>non</strong></span> <span class='ocrx_word' id='word_1_1034' title='bbox 3577 4397 3687 4456; x_wconf 48' lang='lat' dir='ltr'><strong>erit</strong></span> <span class='ocrx_word' id='word_1_1035' title='bbox 3727 4415 3825 4454; x_wconf 85' lang='lat' dir='ltr'><strong>cor-</strong></span> 
     </span>
    </p>
   </div>
   <div class='ocr_carea' id='block_1_134' title="bbox 2270 4469 3825 4537">
    <p class='ocr_par' dir='ltr' id='par_1_134' title="bbox 2270 4469 3825 4537">
     <span class='ocr_line' id='line_1_136' title="bbox 2270 4469 3825 4537; baseline 0 -17"><span class='ocrx_word' id='word_1_1036' title='bbox 2270 4483 2390 4537; x_wconf 92' lang='lat' dir='ltr'><strong>pus,</strong></span> <span class='ocrx_word' id='word_1_1037' title='bbox 2444 4469 2710 4536; x_wconf 89' lang='lat' dir='ltr'><strong>responde</strong></span> <span class='ocrx_word' id='word_1_1038' title='bbox 2738 4469 2814 4522; x_wconf 90' lang='lat' dir='ltr'><strong>illi</strong></span> <span class='ocrx_word' id='word_1_1039' title='bbox 2845 4479 2900 4523; x_wconf 91' lang='lat' dir='ltr'><strong>et</strong></span> <span class='ocrx_word' id='word_1_1040' title='bbox 2923 4479 2976 4521; x_wconf 91' lang='lat' dir='ltr'><strong>tu</strong></span> <span class='ocrx_word' id='word_1_1041' title='bbox 3002 4472 3330 4534; x_wconf 86' lang='lat' dir='ltr'><strong>econtrario,</strong></span> <span class='ocrx_word' id='word_1_1042' title='bbox 3366 4474 3480 4526; x_wconf 91' lang='lat' dir='ltr'><strong>imo</strong></span> <span class='ocrx_word' id='word_1_1043' title='bbox 3511 4475 3554 4528; x_wconf 91' lang='lat' dir='ltr'><strong>si</strong></span> <span class='ocrx_word' id='word_1_1044' title='bbox 3575 4482 3730 4526; x_wconf 89' lang='lat' dir='ltr'><strong>tactus</strong></span> <span class='ocrx_word' id='word_1_1045' title='bbox 3744 4478 3825 4534; x_wconf 83' lang='lat' dir='ltr'><strong>est,</strong></span> 
     </span>
    </p>
   </div>
   <div class='ocr_carea' id='block_1_135' title="bbox 2269 4539 3826 4610">
    <p class='ocr_par' dir='ltr' id='par_1_135' title="bbox 2269 4539 3826 4610">
     <span class='ocr_line' id='line_1_137' title="bbox 2269 4539 3826 4610; baseline -0.001 -20"><span class='ocrx_word' id='word_1_1046' title='bbox 2269 4548 2646 4610; x_wconf 76' lang='lat' dir='ltr'><strong>corpuserat;</strong></span> <span class='ocrx_word' id='word_1_1047' title='bbox 2695 4539 2737 4594; x_wconf 91' lang='lat' dir='ltr'><strong>si</strong></span> <span class='ocrx_word' id='word_1_1048' title='bbox 2777 4540 3143 4610; x_wconf 57' lang='lat' dir='ltr'><strong>tngnducavit,</strong></span> <span class='ocrx_word' id='word_1_1049' title='bbox 3202 4557 3402 4610; x_wconf 89' lang='lat' dir='ltr'><strong>corpus</strong></span> <span class='ocrx_word' id='word_1_1050' title='bbox 3451 4553 3596 4606; x_wconf 88' lang='lat' dir='ltr'><strong>erat;</strong></span> <span class='ocrx_word' id='word_1_1051' title='bbox 3645 4552 3695 4595; x_wconf 91' lang='lat' dir='ltr'><strong>et</strong></span> <span class='ocrx_word' id='word_1_1052' title='bbox 3726 4540 3826 4594; x_wconf 77' lang='lat' dir='ltr'><strong>fecit</strong></span> 
     </span>
    </p>
   </div>
   <div class='ocr_carea' id='block_1_136' title="bbox 2269 4607 3828 4674">
    <p class='ocr_par' dir='ltr' id='par_1_136' title="bbox 2269 4607 3828 4674">
     <span class='ocr_line' id='line_1_138' title="bbox 2269 4607 3828 4674; baseline 0 -14"><span class='ocrx_word' id='word_1_1053' title='bbox 2269 4607 2399 4661; x_wconf 90' lang='lat' dir='ltr'><strong>illud</strong></span> <span class='ocrx_word' id='word_1_1054' title='bbox 2429 4608 2707 4674; x_wconf 91' lang='lat' dir='ltr'><strong>miraculo,</strong></span> <span class='ocrx_word' id='word_1_1055' title='bbox 2735 4608 2862 4663; x_wconf 91' lang='lat' dir='ltr'><strong>illud</strong></span> <span class='ocrx_word' id='word_1_1056' title='bbox 2896 4620 3105 4665; x_wconf 88' lang='lat' dir='ltr'><strong>natura.</strong></span> <span class='ocrx_word' id='word_1_1057' title='bbox 3150 4607 3338 4665; x_wconf 80' lang='lat' dir='ltr'><strong>Nonne</strong></span> <span class='ocrx_word' id='word_1_1058' title='bbox 3387 4612 3724 4667; x_wconf 81' lang='lat' dir='ltr'><strong>alniirandus</strong></span> <span class='ocrx_word' id='word_1_1059' title='bbox 3765 4618 3828 4664; x_wconf 85' lang='lat' dir='ltr'><strong>est</strong></span> 
     </span>
    </p>
   </div>
   <div class='ocr_carea' id='block_1_137' title="bbox 2267 4677 3827 4749">
    <p class='ocr_par' dir='ltr' id='par_1_137' title="bbox 2267 4677 3827 4749">
     <span class='ocr_line' id='line_1_139' title="bbox 2267 4677 3827 4749; baseline -0.001 -18"><span class='ocrx_word' id='word_1_1060' title='bbox 2267 4677 2609 4748; x_wconf 89' lang='lat' dir='ltr'><strong>quotidianus</strong></span> <span class='ocrx_word' id='word_1_1061' title='bbox 2626 4694 2812 4733; x_wconf 86' lang='lat' dir='ltr'><strong>cursus</strong></span> <span class='ocrx_word' id='word_1_1062' title='bbox 2828 4681 2906 4733; x_wconf 83' lang='lat'><strong>&quot;?</strong></span> <span class='ocrx_word' id='word_1_1063' title='bbox 2928 4679 3058 4749; x_wconf 74' lang='lat' dir='ltr'><strong>Ipsa:</strong></span> <span class='ocrx_word' id='word_1_1064' title='bbox 3089 4691 3294 4734; x_wconf 69' lang='lat' dir='ltr'><strong>natum-</strong></span> <span class='ocrx_word' id='word_1_1065' title='bbox 3317 4684 3574 4737; x_wconf 91' lang='lat' dir='ltr'><strong>omnibus</strong></span> <span class='ocrx_word' id='word_1_1066' title='bbox 3597 4682 3827 4736; x_wconf 84' lang='lat' dir='ltr'><strong>miraculis</strong></span> 
     </span>
    </p>
   </div>
   <div class='ocr_carea' id='block_1_138' title="bbox 2266 4750 3828 4818">
    <p class='ocr_par' dir='ltr' id='par_1_138' title="bbox 2266 4750 3828 4818">
     <span class='ocr_line' id='line_1_140' title="bbox 2266 4750 3828 4818; baseline 0 -16"><span class='ocrx_word' id='word_1_1067' title='bbox 2266 4750 2443 4818; x_wconf 67' lang='lat' dir='ltr'><strong>plenae</strong></span> <span class='ocrx_word' id='word_1_1068' title='bbox 2463 4759 2606 4811; x_wconf 90' lang='lat' dir='ltr'><strong>sunt,</strong></span> <span class='ocrx_word' id='word_1_1069' title='bbox 2623 4751 2715 4803; x_wconf 85' lang='lat' dir='ltr'><strong>sed</strong></span> <span class='ocrx_word' id='word_1_1070' title='bbox 2731 4750 3044 4805; x_wconf 87' lang='lat' dir='ltr'><strong>assiduitate</strong></span> <span class='ocrx_word' id='word_1_1071' title='bbox 3059 4751 3547 4807; x_wconf 79' lang='lat' dir='ltr'><strong>vilucrunt.Redde</strong></span> <span class='ocrx_word' id='word_1_1072' title='bbox 3561 4754 3682 4806; x_wconf 91' lang='lat' dir='ltr'><strong>mihi</strong></span> <span class='ocrx_word' id='word_1_1073' title='bbox 3701 4753 3828 4804; x_wconf 91' lang='lat' dir='ltr'><strong>ratio-</strong></span> 
     </span>
    </p>
   </div>
   <div class='ocr_carea' id='block_1_139' title="bbox 2267 4819 3828 4888">
    <p class='ocr_par' dir='ltr' id='par_1_139' title="bbox 2267 4819 3828 4888">
     <span class='ocr_line' id='line_1_141' title="bbox 2267 4819 3828 4888; baseline -0.001 -15"><span class='ocrx_word' id='word_1_1074' title='bbox 2267 4835 2420 4880; x_wconf 88' lang='lat' dir='ltr'><strong>nem;</strong></span> <span class='ocrx_word' id='word_1_1075' title='bbox 2455 4819 2655 4888; x_wconf 91' lang='lat' dir='ltr'><strong>aliquid</strong></span> <span class='ocrx_word' id='word_1_1076' title='bbox 2691 4820 2961 4888; x_wconf 84' lang='lat' dir='ltr'><strong>interrogo</strong></span> <span class='ocrx_word' id='word_1_1077' title='bbox 2984 4820 3050 4874; x_wconf 90' lang='lat' dir='ltr'><strong>de</strong></span> <span class='ocrx_word' id='word_1_1078' title='bbox 3071 4823 3346 4876; x_wconf 89' lang='lat' dir='ltr'><strong>consuetis</strong></span> <span class='ocrx_word' id='word_1_1079' title='bbox 3374 4832 3432 4876; x_wconf 91' lang='lat' dir='ltr'><strong>et</strong></span> <span class='ocrx_word' id='word_1_1080' title='bbox 3461 4825 3648 4878; x_wconf 90' lang='lat' dir='ltr'><strong>solitis.</strong></span> <span class='ocrx_word' id='word_1_1081' title='bbox 3680 4820 3828 4876; x_wconf 80' lang='lat' dir='ltr'><strong>Redde</strong></span> 
     </span>
    </p>
   </div>
   <div class='ocr_carea' id='block_1_140' title="bbox 2266 4889 3826 4960">
    <p class='ocr_par' dir='ltr' id='par_1_140' title="bbox 2266 4889 3826 4960">
     <span class='ocr_line' id='line_1_142' title="bbox 2266 4889 3826 4960; baseline -0.001 -18"><span class='ocrx_word' id='word_1_1082' title='bbox 2266 4889 2395 4942; x_wconf 91' lang='lat' dir='ltr'><strong>mihi</strong></span> <span class='ocrx_word' id='word_1_1083' title='bbox 2410 4890 2865 4960; x_wconf 89' lang='lat' dir='ltr'><strong>rationem,quare</strong></span> <span class='ocrx_word' id='word_1_1084' title='bbox 2881 4900 2989 4944; x_wconf 90' lang='lat' dir='ltr'><strong>tam</strong></span> <span class='ocrx_word' id='word_1_1085' title='bbox 3007 4906 3211 4959; x_wconf 77' lang='lat' dir='ltr'><strong>magna:</strong></span> <span class='ocrx_word' id='word_1_1086' title='bbox 3227 4895 3438 4949; x_wconf 90' lang='lat' dir='ltr'><strong>arboris</strong></span> <span class='ocrx_word' id='word_1_1087' title='bbox 3455 4893 3541 4948; x_wconf 86' lang='lat' dir='ltr'><strong>lici</strong></span> <span class='ocrx_word' id='word_1_1088' title='bbox 3558 4909 3728 4948; x_wconf 88' lang='lat' dir='ltr'><strong>semen</strong></span> <span class='ocrx_word' id='word_1_1089' title='bbox 3742 4903 3826 4943; x_wconf 83' lang='lat' dir='ltr'><strong>tam</strong></span> 
     </span>
    </p>
   </div>
   <div class='ocr_carea' id='block_1_141' title="bbox 2265 4961 3826 5032">
    <p class='ocr_par' dir='ltr' id='par_1_141' title="bbox 2265 4961 3826 5032">
     <span class='ocr_line' id='line_1_143' title="bbox 2265 4961 3826 5032; baseline -0.001 -17"><span class='ocrx_word' id='word_1_1090' title='bbox 2265 4961 2538 5032; x_wconf 85' lang='lat' dir='ltr'><strong>modicum</strong></span> <span class='ocrx_word' id='word_1_1091' title='bbox 2563 4969 2662 5025; x_wconf 85' lang='lat' dir='ltr'><strong>est,</strong></span> <span class='ocrx_word' id='word_1_1092' title='bbox 2698 4970 2754 5032; x_wconf 92' lang='lat' dir='ltr'><strong>ut</strong></span> <span class='ocrx_word' id='word_1_1093' title='bbox 2775 4962 2941 5014; x_wconf 85' lang='lat' dir='ltr'><strong>videri</strong></span> <span class='ocrx_word' id='word_1_1094' title='bbox 2964 4965 3136 5032; x_wconf 89' lang='lat' dir='ltr'><strong>possit</strong></span> <span class='ocrx_word' id='word_1_1095' title='bbox 3165 4964 3282 5024; x_wconf 85' lang='lat' dir='ltr'><strong>vix;</strong></span> <span class='ocrx_word' id='word_1_1096' title='bbox 3332 4974 3386 5018; x_wconf 91' lang='lat' dir='ltr'><strong>et</strong></span> <span class='ocrx_word' id='word_1_1097' title='bbox 3418 4965 3637 5018; x_wconf 88' lang='lat' dir='ltr'><strong>humilis</strong></span> <span class='ocrx_word' id='word_1_1098' title='bbox 3663 4975 3826 5016; x_wconf 85' lang='lat' dir='ltr'><strong>cucur-</strong></span> 
     </span>
    </p>
   </div>
   <div class='ocr_carea' id='block_1_142' title="bbox 2265 5031 3826 5104">
    <p class='ocr_par' dir='ltr' id='par_1_142' title="bbox 2265 5031 3826 5104">
     <span class='ocr_line' id='line_1_144' title="bbox 2265 5031 3826 5104; baseline 0.004 -20"><span class='ocrx_word' id='word_1_1099' title='bbox 2265 5031 2378 5085; x_wconf 88' lang='lat' dir='ltr'><strong>bita</strong></span> <span class='ocrx_word' id='word_1_1100' title='bbox 2404 5039 2535 5104; x_wconf 90' lang='lat' dir='ltr'><strong>_tam</strong></span> <span class='ocrx_word' id='word_1_1101' title='bbox 2585 5031 2788 5104; x_wconf 86' lang='lat' dir='ltr'><strong>grande</strong></span> <span class='ocrx_word' id='word_1_1102' title='bbox 2830 5031 3013 5104; x_wconf 74' lang='lat' dir='ltr'><strong>semen</strong></span> <span class='ocrx_word' id='word_1_1103' title='bbox 3062 5035 3240 5104; x_wconf 87' lang='lat' dir='ltr'><strong>parit?</strong></span> <span class='ocrx_word' id='word_1_1104' title='bbox 3278 5034 3335 5088; x_wconf 93' lang='lat' dir='ltr'><strong>ln</strong></span> <span class='ocrx_word' id='word_1_1105' title='bbox 3377 5035 3473 5088; x_wconf 93' lang='lat' dir='ltr'><strong>illo</strong></span> <span class='ocrx_word' id='word_1_1106' title='bbox 3505 5044 3679 5088; x_wconf 89' lang='lat' dir='ltr'><strong>tamen</strong></span> <span class='ocrx_word' id='word_1_1107' title='bbox 3710 5041 3826 5100; x_wconf 70' lang='lat' dir='ltr'><strong>(ms.,</strong></span> 
     </span>
    </p>
   </div>
   <div class='ocr_carea' id='block_1_143' title="bbox 2266 5101 3828 5169">
    <p class='ocr_par' dir='ltr' id='par_1_143' title="bbox 2266 5101 3828 5169">
     <span class='ocr_line' id='line_1_145' title="bbox 2266 5101 3828 5169; baseline -0.001 -15"><span class='ocrx_word' id='word_1_1108' title='bbox 2266 5101 2420 5169; x_wconf 86' lang='lat' dir='ltr'><strong>ergo)</strong></span> <span class='ocrx_word' id='word_1_1109' title='bbox 2451 5115 2619 5169; x_wconf 88' lang='lat' dir='ltr'><strong>grano</strong></span> <span class='ocrx_word' id='word_1_1110' title='bbox 2649 5102 2870 5155; x_wconf 87' lang='lat' dir='ltr'><strong>seminis</strong></span> <span class='ocrx_word' id='word_1_1111' title='bbox 2899 5101 3092 5169; x_wconf 84' lang='lat' dir='ltr'><strong>exiguo</strong></span> <span class='ocrx_word' id='word_1_1112' title='bbox 3125 5105 3210 5156; x_wconf 90' lang='lat' dir='ltr'><strong>vix</strong></span> <span class='ocrx_word' id='word_1_1113' title='bbox 3243 5105 3439 5158; x_wconf 79' lang='lat' dir='ltr'><strong>visibili</strong></span> <span class='ocrx_word' id='word_1_1114' title='bbox 3477 5107 3523 5159; x_wconf 89' lang='lat' dir='ltr'><strong>si</strong></span> <span class='ocrx_word' id='word_1_1115' title='bbox 3554 5105 3828 5158; x_wconf 84' lang='lat' dir='ltr'><strong>consideres</strong></span> 
     </span>
    </p>
   </div>
   <div class='ocr_carea' id='block_1_144' title="bbox 2267 5172 3828 5244">
    <p class='ocr_par' dir='ltr' id='par_1_144' title="bbox 2267 5172 3828 5244">
     <span class='ocr_line' id='line_1_146' title="bbox 2267 5172 3828 5244; baseline -0.001 -20"><span class='ocrx_word' id='word_1_1116' title='bbox 2267 5185 2467 5244; x_wconf 83' lang='lat' dir='ltr'><strong>atumo,</strong></span> <span class='ocrx_word' id='word_1_1117' title='bbox 2497 5187 2602 5224; x_wconf 89' lang='lat' dir='ltr'><strong>non</strong></span> <span class='ocrx_word' id='word_1_1118' title='bbox 2626 5175 2804 5244; x_wconf 82' lang='lat' dir='ltr'><strong>oculo,</strong></span> <span class='ocrx_word' id='word_1_1119' title='bbox 2840 5172 3004 5244; x_wconf 87' lang='lat' dir='ltr'><strong>inilla</strong></span> <span class='ocrx_word' id='word_1_1120' title='bbox 3027 5172 3341 5244; x_wconf 86' lang='lat' dir='ltr'><strong>exiguitate,</strong></span> <span class='ocrx_word' id='word_1_1121' title='bbox 3372 5175 3482 5230; x_wconf 88' lang='lat' dir='ltr'><strong>illis</strong></span> <span class='ocrx_word' id='word_1_1122' title='bbox 3505 5173 3769 5244; x_wconf 82' lang='lat' dir='ltr'><strong>angustiis,</strong></span> <span class='ocrx_word' id='word_1_1123' title='bbox 3787 5176 3828 5222; x_wconf 82' lang='lat' dir='ltr'><strong>et</strong></span> 
     </span>
    </p>
   </div>
   <div class='ocr_carea' id='block_1_145' title="bbox 2268 5243 3828 5308">
    <p class='ocr_par' dir='ltr' id='par_1_145' title="bbox 2268 5243 3828 5308">
     <span class='ocr_line' id='line_1_147' title="bbox 2268 5243 3828 5308; baseline -0.001 -14"><span class='ocrx_word' id='word_1_1124' title='bbox 2268 5243 2414 5295; x_wconf 81' lang='lat' dir='ltr'><strong>radix</strong></span> <span class='ocrx_word' id='word_1_1125' title='bbox 2443 5244 2594 5304; x_wconf 89' lang='lat' dir='ltr'><strong>latet,</strong></span> <span class='ocrx_word' id='word_1_1126' title='bbox 2619 5250 2674 5296; x_wconf 89' lang='lat' dir='ltr'><strong>et</strong></span> <span class='ocrx_word' id='word_1_1127' title='bbox 2700 5243 2865 5295; x_wconf 88' lang='lat' dir='ltr'><strong>robur</strong></span> <span class='ocrx_word' id='word_1_1128' title='bbox 2895 5243 3156 5296; x_wconf 90' lang='lat' dir='ltr'><strong>incertmn</strong></span> <span class='ocrx_word' id='word_1_1129' title='bbox 3187 5253 3290 5308; x_wconf 85' lang='lat' dir='ltr'><strong>est,</strong></span> <span class='ocrx_word' id='word_1_1130' title='bbox 3321 5253 3375 5298; x_wconf 87' lang='grc' dir='ltr'><strong>ει</strong></span> <span class='ocrx_word' id='word_1_1131' title='bbox 3406 5245 3536 5299; x_wconf 86' lang='lat' dir='ltr'><strong>folia</strong></span> <span class='ocrx_word' id='word_1_1132' title='bbox 3569 5243 3733 5297; x_wconf 81' lang='lat' dir='ltr'><strong>futura</strong></span> <span class='ocrx_word' id='word_1_1133' title='bbox 3755 5255 3828 5293; x_wconf 87' lang='lat' dir='ltr'><strong>oc-</strong></span> 
     </span>
    </p>
   </div>
   <div class='ocr_carea' id='block_1_146' title="bbox 2265 5308 3827 5385">
    <p class='ocr_par' dir='ltr' id='par_1_146' title="bbox 2265 5308 3827 5385">
     <span class='ocr_line' id='line_1_148' title="bbox 2265 5308 3827 5385; baseline 0.003 -19"><span class='ocrx_word' id='word_1_1134' title='bbox 2265 5312 2578 5385; x_wconf 7' lang='lat' dir='ltr'><strong>cultapsunt,</strong></span> <span class='ocrx_word' id='word_1_1135' title='bbox 2603 5321 2658 5365; x_wconf 91' lang='lat' dir='ltr'><strong>et</strong></span> <span class='ocrx_word' id='word_1_1136' title='bbox 2685 5311 2886 5366; x_wconf 87' lang='lat' dir='ltr'><strong>fructus</strong></span> <span class='ocrx_word' id='word_1_1137' title='bbox 2914 5313 3005 5381; x_wconf 88' lang='lat' dir='ltr'><strong>qui</strong></span> <span class='ocrx_word' id='word_1_1138' title='bbox 3038 5315 3315 5383; x_wconf 86' lang='lat' dir='ltr'><strong>apparebit</strong></span> <span class='ocrx_word' id='word_1_1139' title='bbox 3344 5320 3495 5385; x_wconf 91' lang='lat' dir='ltr'><strong>(ms.,</strong></span> <span class='ocrx_word' id='word_1_1140' title='bbox 3526 5315 3648 5382; x_wconf 88' lang='lat' dir='ltr'><strong>quia</strong></span> <span class='ocrx_word' id='word_1_1141' title='bbox 3682 5308 3827 5382; x_wconf 64' lang='lat' dir='ltr'><strong>parci)</strong></span> 
     </span>
    </p>
   </div>
   <div class='ocr_carea' id='block_1_147' title="bbox 2267 5382 3830 5457">
    <p class='ocr_par' dir='ltr' id='par_1_147' title="bbox 2267 5382 3830 5457">
     <span class='ocr_line' id='line_1_149' title="bbox 2267 5382 3830 5457; baseline 0.001 -23"><span class='ocrx_word' id='word_1_1142' title='bbox 2267 5383 2542 5457; x_wconf 75' lang='lat' dir='ltr'><strong>in_arbore</strong></span> <span class='ocrx_word' id='word_1_1143' title='bbox 2561 5382 2671 5449; x_wconf 88' lang='lat' dir='ltr'><strong>jam</strong></span> <span class='ocrx_word' id='word_1_1144' title='bbox 2701 5393 2781 5436; x_wconf 86' lang='lat' dir='ltr'><strong>est</strong></span> <span class='ocrx_word' id='word_1_1145' title='bbox 2812 5382 3124 5457; x_wconf 56' lang='lat' dir='ltr'><strong>pricmissus</strong></span> <span class='ocrx_word' id='word_1_1146' title='bbox 3147 5386 3267 5452; x_wconf 83' lang='lat' dir='ltr'><strong>(aL,</strong></span> <span class='ocrx_word' id='word_1_1147' title='bbox 3304 5382 3625 5457; x_wconf 83' lang='lat' dir='ltr'><strong>promissus)</strong></span> <span class='ocrx_word' id='word_1_1148' title='bbox 3669 5385 3733 5457; x_wconf 75' lang='lat' dir='ltr'><strong>in</strong></span> <span class='ocrx_word' id='word_1_1149' title='bbox 3763 5394 3830 5457; x_wconf 67' lang='lat' dir='ltr'><strong>sc-</strong></span> 
     </span>
    </p>
   </div>
   <div class='ocr_carea' id='block_1_148' title="bbox 2273 5451 3830 5526">
    <p class='ocr_par' dir='ltr' id='par_1_148' title="bbox 2273 5451 3830 5526">
     <span class='ocr_line' id='line_1_150' title="bbox 2273 5451 3830 5526; baseline -0.003 -22"><span class='ocrx_word' id='word_1_1150' title='bbox 2273 5453 2432 5526; x_wconf 87' lang='lat' dir='ltr'><strong>mine.</strong></span> <span class='ocrx_word' id='word_1_1151' title='bbox 2466 5451 2582 5505; x_wconf 83' lang='lat' dir='ltr'><strong>Non</strong></span> <span class='ocrx_word' id='word_1_1152' title='bbox 2611 5451 2855 5526; x_wconf 80' lang='lat' dir='ltr'><strong>opusest</strong></span> <span class='ocrx_word' id='word_1_1153' title='bbox 2883 5455 3048 5526; x_wconf 88' lang='lat' dir='ltr'><strong>multa</strong></span> <span class='ocrx_word' id='word_1_1154' title='bbox 3075 5451 3408 5524; x_wconf 80' lang='lat' dir='ltr'><strong>percurrere.</strong></span> <span class='ocrx_word' id='word_1_1155' title='bbox 3438 5455 3514 5510; x_wconf 88' lang='lat' dir='ltr'><strong>De</strong></span> <span class='ocrx_word' id='word_1_1156' title='bbox 3542 5451 3830 5526; x_wconf 77' lang='lat' dir='ltr'><strong>quotidianis</strong></span> 
     </span>
    </p>
   </div>
   <div class='ocr_carea' id='block_1_149' title="bbox 2272 5523 3838 5596">
    <p class='ocr_par' dir='ltr' id='par_1_149' title="bbox 2272 5523 3838 5596">
     <span class='ocr_line' id='line_1_151' title="bbox 2272 5523 3838 5596; baseline -0.003 -21"><span class='ocrx_word' id='word_1_1157' title='bbox 2272 5525 2434 5596; x_wconf 74' lang='lat' dir='ltr'><strong>rebus</strong></span> <span class='ocrx_word' id='word_1_1158' title='bbox 2453 5538 2613 5596; x_wconf 87' lang='lat' dir='ltr'><strong>nemo</strong></span> <span class='ocrx_word' id='word_1_1159' title='bbox 2639 5524 2828 5596; x_wconf 79' lang='lat' dir='ltr'><strong>reddet</strong></span> <span class='ocrx_word' id='word_1_1160' title='bbox 2848 5523 3150 5596; x_wconf 59' lang='lat' dir='ltr'><strong>rationem;</strong></span> <span class='ocrx_word' id='word_1_1161' title='bbox 3191 5533 3247 5577; x_wconf 91' lang='lat' dir='ltr'><strong>et</strong></span> <span class='ocrx_word' id='word_1_1162' title='bbox 3275 5526 3448 5592; x_wconf 78' lang='lat' dir='ltr'><strong>exigis</strong></span> <span class='ocrx_word' id='word_1_1163' title='bbox 3488 5542 3518 5578; x_wconf 87' lang='lat' dir='ltr'><strong>a</strong></span> <span class='ocrx_word' id='word_1_1164' title='bbox 3546 5523 3631 5578; x_wconf 81' lang='lat' dir='ltr'><strong>me</strong></span> <span class='ocrx_word' id='word_1_1165' title='bbox 3666 5523 3725 5576; x_wconf 89' lang='lat' dir='ltr'><strong>de</strong></span> <span class='ocrx_word' id='word_1_1166' title='bbox 3750 5523 3838 5596; x_wconf 57' lang='grc' dir='ltr'><strong>ιιιισς</strong></span> 
     </span>
    </p>
   </div>
   <div class='ocr_carea' id='block_1_150' title="bbox 2271 5585 3838 5664">
    <p class='ocr_par' dir='ltr' id='par_1_150' title="bbox 2271 5585 3838 5664">
     <span class='ocr_line' id='line_1_152' title="bbox 2271 5585 3838 5664; baseline -0.004 -18"><span class='ocrx_word' id='word_1_1167' title='bbox 2271 5593 2466 5646; x_wconf 87' lang='lat' dir='ltr'><strong>raculis</strong></span> <span class='ocrx_word' id='word_1_1168' title='bbox 2515 5593 2808 5647; x_wconf 85' lang='lat' dir='ltr'><strong>rationem?</strong></span> <span class='ocrx_word' id='word_1_1169' title='bbox 2847 5585 3195 5664; x_wconf 67' lang='lat' dir='ltr'><strong>Evangelium</strong></span> <span class='ocrx_word' id='word_1_1170' title='bbox 3243 5585 3550 5663; x_wconf 41' lang='lat' dir='ltr'><strong>ergorlege,</strong></span> <span class='ocrx_word' id='word_1_1171' title='bbox 3601 5601 3653 5648; x_wconf 88' lang='lat' dir='ltr'><strong>et</strong></span> <span class='ocrx_word' id='word_1_1172' title='bbox 3693 5585 3838 5664; x_wconf 56' lang='lat' dir='ltr'><strong>crede;</strong></span> 
     </span>
    </p>
   </div>
   <div class='ocr_carea' id='block_1_151' title="bbox 2268 5662 3839 5736">
    <p class='ocr_par' dir='ltr' id='par_1_151' title="bbox 2268 5662 3839 5736">
     <span class='ocr_line' id='line_1_153' title="bbox 2268 5662 3839 5736; baseline -0.003 -20"><span class='ocrx_word' id='word_1_1173' title='bbox 2268 5664 2407 5717; x_wconf 79' lang='lat' dir='ltr'><strong>facta</strong></span> <span class='ocrx_word' id='word_1_1174' title='bbox 2436 5677 2552 5731; x_wconf 75' lang='lat' dir='ltr'><strong>quzc</strong></span> <span class='ocrx_word' id='word_1_1175' title='bbox 2582 5664 2886 5718; x_wconf 71' lang='lat' dir='ltr'><strong>mira‘sunt.</strong></span> <span class='ocrx_word' id='word_1_1176' title='bbox 2908 5662 3033 5718; x_wconf 85' lang='lat' dir='ltr'><strong>Plus</strong></span> <span class='ocrx_word' id='word_1_1177' title='bbox 3053 5673 3136 5718; x_wconf 88' lang='lat' dir='ltr'><strong>est</strong></span> <span class='ocrx_word' id='word_1_1178' title='bbox 3162 5662 3642 5736; x_wconf 31' lang='lat' dir='ltr'><strong>quod&#39;fecit’Deus,</strong></span> <span class='ocrx_word' id='word_1_1179' title='bbox 3670 5669 3717 5715; x_wconf 86' lang='lat' dir='ltr'><strong>et</strong></span> <span class='ocrx_word' id='word_1_1180' title='bbox 3741 5662 3839 5712; x_wconf 68' lang='lat' dir='ltr'><strong>noni</strong></span> 
     </span>
    </p>
   </div>
   <div class='ocr_carea' id='block_1_152' title="bbox 2341 5790 3825 5862">
    <p class='ocr_par' dir='ltr' id='par_1_152' title="bbox 2341 5790 3825 5862">
     <span class='ocr_line' id='line_1_154' title="bbox 2341 5790 3825 5862; baseline -0.005 -17"><span class='ocrx_word' id='word_1_1181' title='bbox 2341 5795 2380 5812; x_wconf 85' lang='lat'>“</span> <span class='ocrx_word' id='word_1_1182' title='bbox 2405 5791 2527 5860; x_wconf 66' lang='lat' dir='ltr'><strong>Ms,</strong></span> <span class='ocrx_word' id='word_1_1183' title='bbox 2559 5811 2736 5847; x_wconf 87' lang='lat' dir='ltr'><strong>cursus</strong></span> <span class='ocrx_word' id='word_1_1184' title='bbox 2774 5795 2881 5862; x_wconf 81' lang='lat' dir='ltr'><strong>ipse</strong></span> <span class='ocrx_word' id='word_1_1185' title='bbox 2910 5803 3131 5849; x_wconf 77' lang='lat' dir='ltr'><strong>natum.</strong></span> <span class='ocrx_word' id='word_1_1186' title='bbox 3169 5793 3359 5848; x_wconf 79' lang='lat' dir='ltr'><strong>Omnia</strong></span> <span class='ocrx_word' id='word_1_1187' title='bbox 3400 5792 3668 5850; x_wconf 75' lang='lat' dir='ltr'><strong>miraculis</strong></span> <span class='ocrx_word' id='word_1_1188' title='bbox 3694 5790 3825 5860; x_wconf 66' lang='lat' dir='ltr'><strong>plus</strong></span> 
     </span>
    </p>
   </div>
   <div class='ocr_carea' id='block_1_153' title="bbox 2263 5874 2402 5918">
    <p class='ocr_par' dir='ltr' id='par_1_153' title="bbox 2263 5874 2402 5918">
     <span class='ocr_line' id='line_1_155' title="bbox 2263 5874 2402 5918; baseline -0.007 -1"><span class='ocrx_word' id='word_1_1189' title='bbox 2263 5874 2402 5918; x_wconf 74' lang='grc' dir='ltr'><strong>σωιι.</strong></span> 
     </span>
    </p>
   </div>
  </div>
