4060 6468
1430 300 1450 325 Ἰ

249 376 351 441 9'29

1672 366 1901 431 sermo
1941 358 2095 431 XLV.

3416 362 3521 430 'an

251 494 571 564 Magdaleum
593 493 887 565 surrexisse
914 508 945 547 a
975 488 1200 565 mortuis
1226 499 1632 565 monstraretur.
1665 492 1822 565 Quod
1852 502 1903 557 Α
1929 471 2196 565 εἶιιιςρίρίδ
2222 484 2553 565 gradientem
2582 526 2596 561 ~,
2642 497 2733 551 sed
2767 496 2924 564 tange
2956 512 3039 549 me
3068 512 3190 550 eum
3221 495 3520 551 ascendero

251 562 372 621 vero
394 565 605 631 utrique
628 563 800 631 angeli
822 563 886 618 ad
907 572 1069 634 caput
1088 562 1360 631 pedesque
1383 562 1662 629 sedebant,
1688 563 1825 618 unde

248 638 349 705 jam
374 635 628 705 Dominus
650 642 956 705 surrexerat
975 636 1234 705 suscitato
1259 649 1485 705 corpore
1508 634 1658 687 vivus
1676 675 1692 697 ,
1723 634 1826 705 hoc

249 704 428 776 procul
456 704 964 776 dubio‘ligurabant
985 744 1000 767 ,
1052 704 1178 772 quia
1214 706 1282 757 ab
1312 704 1530 776 Oriente
1560 719 1728 773 usque
1759 704 1826 758 ad

247 773 585 833 Occidentem
614 773 810 828 Christi
853 776 1174 829 resurrectio
1206 774 1491 843 praedicata
1517 814 1543 843 ,ν
1572 782 1827 842 tanquam

157 847 171 863 '
249 864 275 901 a
303 846 473 914 capite
488 859 672 914 iusque
694 844 759 897 ad
782 845 945 913 pedes
974 841 1277 914 universum
1309 841 1494 914 orbem
1527 841 1700 914 fuerat
1730 844 1829 896 im-

285 912 466 969 letura.
482 913 672 969 Dicunt
689 912 866 968 autem
880 916 926 968 ei
948 932 960 966 :
980 913 1187 979 Mulier,
1208 913 1331 984 quid
1344 914 1521 983 ploras
1537 912 1657 981 (λεια
1670 933 1711 965 ·ι.
1737 929 1828 980 χιι,

280 986 390 1054 3)?
437 985 510 1038 De
539 984 677 1038 ctelo
715 984 1101 1038 descendentes
1130 985 1354 1038 stolatos
1384 984 1602 1054 angelos
1631 985 1826 1046 cernis,

248 1064 300 1111 et
320 1055 489 1109 adhuc
513 1054 753 1125 femineis
776 1055 1023 1125 lacrymis
1044 1054 1328 1125 occuparis
1339 1053 1592 1125 ?7Statue,
1618 1054 1829 1125 mulier,

248 1135 419 1180 statue
440 1124 621 1179 vacuis
645 1124 864 1179 limitem
892 1122 1123 1179 llctibus.
1154 1122 1270 1177 Jam
1299 1123 1487 1177 deletae
1511 1133 1636 1177 sunt
1661 1124 1832 1194 lacry-

248 1210 345 1250 ma:
371 1196 437 1250 ab
465 1194 634 1249 oculis
663 1195 998 1255 miserorum,
1027 1195 1150 1263 quia
1180 1193 1368 1248 solutis
1395 1194 1684 1260 gemitibus
1716 1193 1832 1247 viu-

247 1267 485 1321 culorum
513 1306 530 1332 ,
579 1265 937 1333 triumphator
981 1264 1221 1318 ascendit
1269 1264 1321 1317 in
1371 1264 1534 1316 altum
1574 1262 1831 1317 Dominus

248 1335 557 1402 angelorum
593 1352 606 1386 :
640 1335 885 1388 Ascendit
912 1335 1054 1388 enim
1086 1336 1140 1387 in
1171 1333 1331 1386 altum
1351 1374 1365 1398 ,
1398 1334 1654 1403 captivum
1684 1334 1830 1387 duxit

234 1393 588 1474 captivitatem
612 1446 627 1472 ,
674 1406 814 1457 dedit
857 1406 992 1457 dona
1033 1403 1324 1457 hominibus
1354 1393 1389 1471 ’(
1410 1393 1601 1473 Ephes.
1636 1419 1705 1465 tv,
1740 1403 1828 1466 8).

250 1476 591 1539 Dicitemihi.
625 1490 657 1528 ο
689 1476 849 1537 beati,
881 1490 1017 1542 quos
1044 1490 1236 1536 cerno,
1264 1482 1319 1528 et
1345 1474 1434 1542 qui
1466 1486 1586 1528 esse
1615 1474 1832 1543 possitis

249 1546 452 1613 ignoro.
481 1544 649 1599 Dicite
673 1545 933 1614 (inquam)
958 1544 1109 1610 mihi,
1140 1544 1508 1614 consolatores
1531 1544 1674 1606 boni,
1699 1559 1835 1613 quo-

248 1615 404 1669 modo
423 1615 637 1684 plorare
658 1630 764 1669 non
790 1613 980 1683 potero
1006 1622 1155 1668 tamto
1177 1613 1303 1668 mihi
1330 1613 1510 1667 ablato
1535 1616 1792 1683 magistro
1815 1646 1830 1680 -,

248 1686 398 1756 cujus
423 1692 704 1754 aspectum
733 1684 913 1756 videre
942 1684 1187 1756 desidero
1205 1726 1219 1748 ,
1253 1692 1309 1737 et
1349 1698 1448 1756 nec
1483 1684 1714 1756 cadaver
1742 1699 1832 1756 se-_

284 1753 451 1809 ultum
484 1753 740 1809 invenio?
785 1754 1043 1820 QuiSnam
1087 1754 1187 1808 iste
1214 1761 1299 1808 est
1338 1753 1708 1817 adversarius,
1740 1753 1832 1822 qui

266 1833 318 1879 ta
349 1825 550 1879 invidet
580 1825 737 1887 mihi,
769 1833 828 1879 ut
850 1824 1038 1890 jacens
1068 1823 1275 1877 Domini
1302 1824 1610 1878 venerabile
1638 1838 1833 1892 corpus

249 1877 399 1949 furto
433 1877 737 1950 όοὲιέιιέεὼὲ
768 1877 1033 1964 auferre!
1074 1893 1188 1947 Non
1237 1893 1432 1948 sullicit
1479 1893 1623 1964 quod
1670 1877 1834 1949 ludas
1870 1877 1913 1937 Β

248 1965 485 2019 vendidit
507 2006 522 2028 ,
559 1964 771 2019 Indicus
796 1964 928 2019 emit
955 2006 969 2031 ,
1011 1963 1214 2017 Pilatus
1242 1963 1552 2028 damnavit,
1601 1965 1753 2020 miles
1783 1964 1837 2019 in

249 2035 391 2104 ligno
415 2035 709 2104 trabalibus
727 2034 1039 2104 perforavit,
1063 2042 1331 2104 mortuum
1352 2035 1580 2103 aspexit,
1603 2042 1657 2088 et
1678 2041 1837 2089 acuto

248 2103 505 2163 mucrone
525 2103 828 2158 transfixit?
859 2103 1100 2174 Parvane
1122 2104 1219 2158 ista
1246 2103 1479 2167 fuerunt,
1501 2120 1620 2172 qua:
1639 2105 1692 2159 in
1716 2119 1836 2159 meo

250 2174 480 2229 Domino
500 2217 515 2241 ,
551 2175 677 2228 dum
709 2175 882 2229 adhuc
910 2175 1214 2244 perviveret
1237 2215 1250 2236 ,
1290 2183 1343 2227 et
1370 2174 1618 2242 spiritum
1646 2174 1840 2228 volun-

248 2246 383 2299 taric
411 2254 597 2316 postea
629 2245 920 2309 emitteret,
952 2260 981 2297 a
1008 2244 1282 2316 sacrilegis
1308 2244 1515 2316 funesta
1546 2245 1837 2316 commissa

245 2324 390 2396 sunt.
414 2314 670 2396 Figitur
692 2315 933 2396 patibulo
981 2314 1163 2396 vivus.
1196 2322 1252 2369 et
1288 2314 1593 2396 rapiturde
1630 2314 1837 2396 tumqu

252 2386 537 2441 mortuus?
594 2383 970 2454 Adiisolatium
1019 2393 1260 2438 nostrum
1306 2383 1593 2454 divesaille
1637 2383 1837 2454 Joseph

246 2455 574 2523 pustulatum
606 2471 637 2508 a
667 2453 838 2509 Pilato
884 2454 1172 2523 sepultura:
1221 2452 1583 2508 mandandum
1642 2452 1833 2523 corpus

245 2523 805 2593 accepit_,adiligentius
828 2524 879 2577 in
901 2523 1004 2577 hac
1027 2523 1214 2577 tumuli
1244 2524 1399 2577 theca
1420 2524 1656 2593 condivit
1686 2523 1826 2592 (an.

247 2589 412 2657 nui,
444 2589 553 2662 55).
598 2589 804 2663 Sepulti
843 2593 1086 2663 corporis
1128 2593 1427 2663 notavimus
1457 2592 1631 2647 locum
1658 2634 1672 2657 ,
1695 2589 1841 2646 'aro-

247 2673 395 2717 mata
427 2662 863 2733 prtcparavimus.
898 2671 952 2716 ut
983 2662 1231 2716 Doctoris
1260 2663 1428 2716 neStri
1479 2663 1563 2733 vel
1592 2664 1841 2716 exanime

245 2730 448 2803 corpus
467 2730 751 2801 tingentes,
771 2733 1019 2792 ardorem
1032 2733 1308 2803 :cstuantis
1328 2731 1489 2803 animi
1517 2730 1836 2803 foveremus.

248 2802 315 2857 Et
347 2800 477 2858 ecce
503 2800 683 2857 subito
712 2818 832 2857 cum
863 2804 1007 2856 omni
1046 2802 1289 2864 cautela,
1322 2801 1546 2869 vigilans
1581 2805 1637 2855 et
1665 2802 1841 2871 inqui-
1880 2800 1884 2805 ⁴

244 2888 393 2937 rens,
422 2873 680 2928 festinans
707 2873 954 2940 advenio,
979 2880 1034 2928 et
1061 2879 1467 2927 monumentum
1498 2886 1655 2925 mane
1683 2887 1839 2941 repe-

246 2945 349 2997 rio.
408 2943 501 2998 llrc
545 2952 671 2998 sunt
712 2958 954 2997 mearum
1003 2956 1125 2997 cum
1169 2941 1525 2996 amaritudine
1552 2942 1836 3006 viscerum,

246 3014 653 3068 decurrentium
673 3013 1025 3082 querimoniae
1047 3013 1423 3082 lacrymarum.
1448 3011 1722 3082 Attendite
1744 3012 1841 3066 do-

248 3083 419 3138 lerent
444 3099 644 3149 meum,
665 3081 981 3152 perpendite
1006 3081 1266 3136 vulnerati
1297 3081 1475 3137 cordis
1496 3081 1762 3146 aculeum,
1788 3091 1853 3145 et_

251 3154 454 3209 donate
482 3151 799 3225 lacrymanti
829 3152 1193 3225 dulcissimum
1244 3151 1713 3225 sermocinationis
1745 3168 1840 3206 no-

246 3235 374 3277 stra:
403 3221 720 3279 remedium.
754 3222 1008 3277 Tractate
1034 3221 1358 3290 diligentius,
1389 3236 1595 3289 qumso,
1615 3228 1840 3277 tractatc

247 3296 404 3363 quasi
444 3295 658 3363 patroni
696 3291 878 3347 fideles
905 3291 1111 3347 serenis
1149 3292 1373 3363 auribus
1396 3290 1693 3363 intimatum
1724 3308 1841 3347 sus-

244 3362 420 3434 ceptae
442 3362 634 3418 vestra:
658 3363 848 3418 salutis
874 3363 1168 3434 negotium,
1191 3370 1247 3415 et
1276 3362 1341 3415 de
1363 3362 1840 3434 inveniendootanti

245 3430 511 3506 thesauri
531 3434 754 3506 pignore
784 3430 1249 3506 sapientissimum»
1265 3430 1498 3506 pra-beta
1532 3451 1544 3483 ι
1564 3433 1835 3506 cnsilium.

250 3504 396 3560 Bene
425 3501 803 3571 petis—Maria,
831 3504 970 3556 bene
997 3502 1210 3571 qumris,
1239 3503 1374 3556 bene
1405 3502 1602 3571 pulsas.
1655 3501 1841 3558 Nullus

250 3576 344 3629 tibi
394 3571 620 3628 abstulit
657 3573 1071 3643 quemquaeris,
1102 3571 1216 3639 ipse
1244 3586 1303 3643 se
1328 3579 1594 3643 potestate
1623 3574 1838 3643 propria

247 3645 554 3700 suscitavit.
587 3644 719 3697 Dum
749 3642 1024 3696 nobiscum
1056 3641 1311 3707 loqueris,
1328 3641 1451 3711 fcito
1479 3642 1583 3694 tuis
1610 3641 1838 3711 conspe-

246 3714 424 3770 ctibus
456 3713 737 3783 apparebit
769 3730 781 3765 :
814 3712 916 3783 erit
939 3712 1084 3765 enim
1116 3720 1291 3763 tecum
1320 3710 1577 3783 Dominus
1603 3710 1836 3780 semper,

246 3795 302 3839 et
330 3780 618 3839 satiaberis
645 3782 933 3837 secundum
963 3796 1082 3849 quae
1106 3780 1414 3848 concupivit
1441 3780 1615 3833 anima
1647 3789 1757 3845 tua,
1785 3790 1843 3836 et

249 3870 371 3909 ossa
407 3865 500 3909 tua
532 3853 747 3924 pinguia
779 3851 1023 3924 liant,_et
1048 3851 1151 3904 erit
1187 3865 1292 3924 eoi:
1313 3859 1461 3924 tuum
1489 3850 1627 3904 sicut
1650 3850 1841 3924 hortus

247 3925 451 3990 ebrius,
482 3918 701 3978 et'sic'ut
728 3923 844 3975 fons
873 3920 1027 3989 cujus
1056 3936 1163 3974 non
1191 3918 1366 3973 delicit
1391 3934 1528 3990 aqua
1568 3937 1580 3972 :
1612 3921 1736 3988 quia
1768 3921 1839 3975 ita

247 3989 534 4052 oculorum
565 4001 777 4047 tuorum
820 3991 964 4045 velut
993 3989 1229 4046 candens
1273 3990 1442 4043 facula
1472 3990 1656 4057 vigilat
1682 3990 1841 4048 lumi-

249 4079 382 4119 nosa
413 4063 649 4136 pupilla.
672 4061 951 4136 Recelunt
972 4061 1147 4136 nuntii
1176 4059 1432 4136 divinitth
1461 4058 1749 4136 destinati,
1786 4068 1842 4116 et

250 4135 395 4190 illico
415 4129 981 4204 'ap'paruitdllominus'
1000 4131 1345 4204 i_mutiorum.o
1374 4129 1561 4204 Cernit
1587 4137 1840 4204 stantem,

248 4214 306 4259 et
345 4197 649 4270 interrogat
682 4200 896 4255 ﬂentem
940 4219 953 4254 :
997 4199 1186 4272 Mulier
1209 4240 1222 4263 ,
1262 4199 1384 4272 quid
1422 4199 1636 4269 ploras?
1680 4197 1841 4272 Quem

248 4275 484 4346 auaris?
522 4271 646 4346 Allla
684 4272 992 4346 existimans
1023 4270 1143 4346 quia
1185 4270 1491 4346 hortulanus
1523 4278 1686 4346 esset,
1706 4270 1840 4346 dicit

247 4338 294 4398 ei
324 4362 340 4398 :
376 4344 627 4406 Domine,
657 4344 700 4396 si
731 4351 784 4394 tu
814 4338 1063 4396 sustulisti
1092 4357 1206 4394 eum
1225 4382 1239 4407 ,
1279 4341 1434 4394 dicito
1470 4341 1595 4394 mihi
1632 4338 1717 4394 ubi
1745 4356 1840 4409 po-

250 4418 399 4469 suisti
431 4430 569 4479 eum,
600 4422 645 4465 et
675 4428 768 4482 ego
796 4428 910 4465 eam
939 4411 1115 4482 tollam
1152 4410 1331 4479 (Joan.
1353 4426 1476 4482 Axx,
1497 4409 1605 4479 15).
1649 4409 1842 4482 cousi-

245 4486 401 4546 dera,
436 4485 685 4542 obsecro,
708 4480 802 4535 ’ch
834 4490 889 4535 tu
921 4481 1149 4549 lugentis
1181 4480 1527 4534 conscientia:
1564 4480 1841 4548 gemitum,

247 4564 303 4608 et
335 4554 448 4608 noli
480 4552 758 4621 despicere
788 4552 891 4604 mei
923 4548 1158 4621 pectoris
1178 4552 1491 4621 cruciatum.
1523 4548 1680 4604 Istius
1703 4550 1843 4604 horti

248 4635 302 4677 te
333 4620 605 4678 cultorem
634 4623 875 4675 adverto.
926 4620 1209 4673 Dominum
1250 4634 1428 4674 meum
1458 4620 1510 4673 in
1541 4621 1643 4675 hoc
1682 4621 1841 4674 horto

246 4694 523 4762 sepultum
554 4691 785 4762 inquiro.
830 4690 981 4744 Horti
1011 4690 1168 4762 hujus
1192 4696 1248 4762 tu
1277 4690 1424 4762 solus
1449 4697 1615 4762 es,oet
1639 4691 1837 4762 cultor,

249 4758 515 4819 et'eustos
548 4780 560 4815 :
595 4758 708 4815 ﬁeri
747 4775 853 4815 non
883 4766 1077 4830 potest,
1108 4758 1292 4830 nisiut
1308 4759 1590 4830 Aipseomihi
1618 4760 1843 4814 demon-

249 4841 392 4887 stres
440 4832 656 4887 ubinam
684 4828 951 4885 inveniam
974 4842 1134 4898 quem
1159 4828 1347 4898 dilexit
1370 4829 1546 4883 anima
1567 4844 1705 4884 mea.
1738 4831 1845 4883 Aut

250 4920 279 4956 a
305 4911 360 4956 te
386 4917 512 4957 eum
538 4901 773 4963 invenio,
800 4908 890 4954 aut
923 4897 1037 4968 ipse
1064 4914 1124 4953 es
1164 4897 1383 4968 forsitan
1411 4912 1574 4967 quem
1604 4900 1838 4967 requiro.

250 4971 499 5026 lutuetur
541 4981 597 5026 te
641 4970 828 5025 oculus
872 4966 1056 5032 meus,
1110 4977 1166 5023 et
1202 4966 1562 5022 inﬂammatur
1596 4966 1844 5037 aspectus

1931 567 1996 621 ad
2022 564 2256 634 Patrem,
2279 575 2336 620 ut
2365 568 2506 622 Patri
2531 569 2721 624 credas
2746 567 3004 636 :equalem
3036 583 3051 619 :
3095 565 3235 620 Vade
3260 575 3430 620 autem
3452 567 3522 620 ad

1932 640 2123 708 fratres
2153 653 2310 701 meos,
2339 648 2388 691 et
2414 637 2499 692 dic
2525 640 2639 692 eis:
2664 638 2898 693 Asceudo
2924 637 2993 690 ad
3028 636 3236 708 Patrem
3260 652 3427 689 meum
3469 645 3521 690 et

1931 705 2145 761 Patrem
2183 718 2401 761 rastrum
2426 749 2440 772 ,
2499 710 2568 762 ad
2601 708 2763 763 Deum
2792 724 2958 761 meum
3009 715 3059 760 et
3098 705 3263 759 Deum
3301 712 3521 760 vestram

1932 777 2201 849 (Ibidem).
2256 776 2414 833 Pater
2455 796 2606 835 meus
2648 788 2730 834 est
2773 779 3011 848 origine,
3046 776 3517 849 non__ad0ptione;

1933 844 2122 902 natura
2141 844 2177 920 ,ξ
2190 864 2295 920 non
2323 850 2512 916 gratia.
2561 850 2680 920 lp:e
2707 849 2850 904 enim
2864 844 3016 920 dixit
3045 844 3437 920 ;_,_Fi_liits_meus
3466 863 3523 899 es

1934 928 2005 991 tu.
2037 935 2129 985 ego
2159 917 2310 971 hodie
2338 921 2491 991 genui
2521 931 2568 974 te
2587 916 2778 991 '(l’sal.
2807 935 2862 979 ll,
2913 918 2987 986 Ἰ).
3053 916 3228 991 llodie
3256 916 3347 969 Dei
3377 931 3521 991 sem-

1932 989 2199 1057 piternum
2229 986 2352 1042 estf
2374 989 2488 1042 Non
2522 986 2683 1045 habet
2722 991 2961 1053 initium,
3006 1002 3111 1042 noa
3143 986 3308 1040 habet
3338 987 3525 1057 termie

1933 1056 2084 1114 num.
2132 1074 2237 1112 non
2266 1070 2463 1123 ortum,
2500 1075 2604 1114 non
2632 1075 2903 1116 occasum.
2949 1058 3058 1113 Nec
3080 1062 3355 1127 spectatur
3384 1056 3527 1126 apud

1937 1129 2100 1182 Deum
2128 1129 2415 1198 aliquando
2442 1133 2735 1195 crastinus,
2768 1130 2855 1184 ubi
2886 1126 3157 1197 nunquam
3188 1126 3288 1181 fuit
3313 1127 3523 1180 hester-

1934 1215 2051 1253 nus.
2081 1199 2283 1254 Taliter
2302 1214 2432 1267 ergo
2456 1199 2615 1256 Pater
2646 1217 2796 1256 meus
2816 1207 2916 1254 est.
2953 1199 3111 1267 l’atc'r
3139 1204 3318 1251 autem
3346 1203 3528 1251 vester

1935 1278 2036 1334 est,
2061 1270 2145 1324 cui
2169 1266 2392 1339 accepto
2415 1271 2519 1325 mei
2546 1280 2769 1325 munere
2791 1266 3082 1339 magisterii
3100 1275 3322 1339 morantes
3344 1267 3528 1339 dicere

1938 1332 2209 1412 meruistis
2234 1357 2246 1392 :
2274 1332 2434 1392 Pater
2453 1350 2627 1412 noster
2644 1343 2729 1412 qui
2753 1357 2807 1395 es
2829 1332 2906 1394 ιη’
2925 1339 3064 1392 caelis
3089 1332 3302 1412 (Matth.
3317 1352 3429 1412 vin,
3445 1334 3524 1405 9).

1939 1408 2079 1464 Deus
2104 1425 2257 1465 meus
2285 1418 2386 1472 est,
2418 1411 2503 1480 cui
2536 1407 2757 1480 propter
2788 1425 2882 1463 vos
2910 1407 3186 1480 assumpto
3218 1407 3439 1480 homine
3469 1415 3529 1461 ut

1935 1495 2110 1535 essem
2144 1480 2408 1534 mediator
2436 1476 2615 1535 Dei'et
2641 1476 2926 1535 hominum
2954 1518 2969 1544 ,
3015 1479 3067 1532 in
3096 1476 3280 1531 cruce
3318 1476 3529 1546 positus

1934 1550 2042 1603 dixi
2081 1568 2093 1603 :
2127 1549 2265 1604 Deus
2295 1567 2437 1604 meus
2461 1593 2475 1616 ,
2520 1549 2658 1605 Deus
2687 1568 2829 1605 meus
2852 1589 2866 1615 ,
2905 1564 3064 1618 quare
3091 1563 3173 1601 me
3209 1547 3528 1618 dereliquisti

1938 1619 2149 1689 (Matth.
2180 1636 2342 1685 xxvu,
2371 1615 2507 1691 46)?
2536 1621 2650 1676 Non
2689 1622 2815 1691 quia
2848 1636 2877 1674 a
2909 1615 3083 1691 Patris
3120 1615 3527 1691 consortioali-

1935 1687 2150 1757 quando
2178 1687 2459 1761 separatus
2487 1707 2606 1746 sum
2633 1734 2648 1757 ,
2681 1687 2771 1745 aut
2796 1690 2956 1761 Pater
2984 1690 3052 1743 ab
3083 1688 3224 1761 unici
3255 1687 3527 1761 individua

1934 1756 2159 1816 caritate
2186 1756 2359 1830 potuit
2388 1762 2496 1816 ullo
2528 1756 2688 1817 modo
2709 1760 3003 1822 discedere,
3026 1759 3239 1830 quiaego
3259 1759 3319 1830 ina
3342 1756 3524 1830 Patre,

1936 1838 1991 1902 et
2016 1826 2252 1886 Pater-in
2281 1849 2363 1885 me
2402 1831 2580 1902 (Joan.
2611 1847 2716 1896 xw,
2751 1831 2876 1901 10);
2918 1829 3012 1887 sed
3042 1826 3101 1883 ut
3128 1826 3191 1881 in
3212 1828 3325 1902 veri
3347 1826 3530 1902 homi-

1941 1900 2027 1956 nis
2069 1917 2231 1956 carne
2270 1917 2369 1971 pro
2410 1896 2717 1970 expiatione
2747 1896 2951 1970 peccati
2980 1905 3209 1971 mortem
3233 1896 3531 1971 subjicien.

1941 1972 2209 2042 supplicii,
2234 1967 2333 2042 hac
2353 1973 2468 2027 vice
2485 1967 2701 2042 possem
2730 1967 2904 2025 dubiis
2936 1970 3022 2042 vel
3049 1967 3294 2042 infirmis,
3319 1976 3373 2021 et
3395 1982 3529 2042 pra;-

1939 2036 2097 2111 oipue
2150 2036 2456 2097 manichaeis
2490 2036 2798 2097 'incredulis
2856 2041 3095 2110 apertius
3147 2036 3524 2093 demonstrari.

1940 2108 2080 2167 Ecce
2108 2113 2340 2181 qualiter
2368 2112 2506 2167 Deus
2534 2127 2685 2167 meus
2710 2120 2812 2166 est.
2845 2108 2987 2166 Deus
3012 2117 3189 2164 autem
3223 2116 3400 2162 vester
3424 2116 3528 2172 est,

1937 2183 2064 2253 quia
2093 2197 2190 2237 vos
2228 2183 2281 2237 in
2323 2182 2496 2252 primo
2543 2182 2761 2237 homine
2784 2196 2927 2253 __mea
2977 2194 3162 2253 secum
3205 2186 3532 2253 cooperante

1941 2247 2221 2320 majestate
2248 2247 2471 2319 creavit,
2499 2262 2554 2307 et
2581 2268 2722 2306 nunc
2741 2251 2910 2306 elfuso
2932 2251 3037 2305 mei
3064 2248 3339 2320 sanguinis
3359 2247 3531 2320 pretio

1941 2320 2007 2375 ad
2026 2316 2354 2391 possidenda
2385 2316 2547 2390 regna
2576 2322 2836 2385 caelestia,
2870 2319 3134 2391 profunda
3164 2316 3532 2373 misericordia

1942 2393 2224 2448 recreavit.

2524 2524 2766 2591 SERMU,
2796 2522 2949 2577 XLV.

2447 2614 2523 2667 De
2561 2616 2713 2669 unico
2753 2614 3024 2683 baptismoi

2017 2726 2255 2780 Psalmus
2282 2727 2438 2781 nobis
2463 2728 2718 2794 cantavit,
2745 2738 2802 2782 et
2829 2744 2966 2798 aqua
2998 2729 3257 2791 resonuit,
3280 2731 3405 2798 quia
3427 2729 3533 2787 Ι)ος

1943 2797 2119 2850 minus
2145 2812 2312 2865 super
2338 2812 2504 2864 aquas
2533 2798 2782 2861 intonuit,
2818 2797 2943 2852 etsi
2974 2799 3177 2853 tonitru
3205 2798 3274 2854 de
3301 2797 3533 2856 nubibus

1941 2875 2259 2943 voceterra
2305 2869 2611 2943 concutitur
2633 2909 2648 2934 ,
2690 2875 2744 2921 et
2781 2884 2882 2922 vox
2921 2867 3132 2923 Domini
3171 2885 3326 2940 super
3371 2887 3534 2943 aqua:

1942 2936 2125 3010 (Psal.
2164 2952 2372 3010 oxxvnt,
2414 2938 2493 3005 ὅ)
2523 2954 2537 3001 ;
2585 2953 2705 3007 quae
2720 2948 2980 3010 creatura
3009 2954 3118 2993 non
3147 2936 3398 2995 monetur
3419 2936 3532 2999 'nisi

1941 3008 2176 3062 bteretici
2201 3046 2215 3069 ,
2254 3008 2344 3076 qui
2383 3023 2640 3075 aquarum
2680 3008 2886 3062 violant
2925 3019 3358 3074 sacramentum,
3404 3011 3533 3066 dum

1941 3085 2193 3144 repetunt
2240 3078 2549 3147 mysterium
2590 3085 2711 3147 post
2754 3077 3017 3148 Spiritum
3056 3082 3348 3134 sanetum?
3392 3081 3532 3148 Quid

1943 3160 2072 3215 ergo
2100 3155 2305 3222 tantum
2332 3156 2435 3222 est,
2460 3148 2584 3216 quia
2612 3164 2709 3202 vos:
2738 3147 2949 3222 Domini
2978 3166 3130 3222 super
3155 3166 3335 3222 aquas,
3358 3147 3533 3220 qualis

1944 3226 2028 3271 est
2046 3226 2101 3271 et
2122 3218 2237 3286 ipse
2256 3219 2346 3285 qui
2369 3232 2462 3271 eas
2481 3219 2824 3287 congregavit
2849 3218 3183 3287 aquas,duzn
3202 3218 3311 3275 illis
3328 3218 3533 3277 nomen

1944 3287 2090 3342 dedit
2114 3296 2169 3341 et
2198 3288 2388 3354 legem,
2418 3287 2544 3341 dum
2577 3289 2737 3343 talem
2772 3288 2957 3343 ederet
2984 3304 3169 3343 vocem
3205 3309 3215 3343 :
3248 3288 3350 3354 Qui
3377 3294 3533 3347 semel

1922 3358 2074 3411 ~lolus
2100 3367 2195 3420 est,
2226 3373 2329 3411 non
2355 3357 2505 3411 habet
2518 3358 2634 3428 jam
2662 3359 3012 3413 necessitatem
3033 3360 3242 3415 lavandi
3264 3373 3378 3416 :est
3395 3364 3534 3416 enim

1942 3428 2163 3481 mundus
2193 3436 2326 3481 totus
2376 3428 2557 3497 (Joan.
2591 3445 2679 3484 ιιιιι
2700 3470 2714 3493 ,
2752 3429 2861 3500 10).
2906 3428 2962 3484 Si
3000 3434 3067 3483 ad
3097 3445 3291 3485 vocem
3320 3431 3532 3487 Domini

1941 3513 2103 3566 super
2129 3512 2296 3566 aquas
2325 3507 2469 3554 totus
2504 3508 2587 3553 est
2625 3514 2916 3554 concussus
2952 3500 3197 3563 mundus,
3238 3501 3305 3556 ad
3347 3516 3532 3557 sacra-

1941 3575 2181 3622 mentum
2221 3569 2395 3621 sancti
2432 3569 2663 3637 Spiritus
2689 3584 2853 3636 super
2880 3584 3079 3638 aquas.
3116 3586 3223 3624 non
3264 3580 3349 3625 est
3388 3580 3533 3627 totus

1942 3638 2104 3691 homo
2134 3638 2364 3710 mundus
2390 3653 2549 3710 quem
2580 3638 2723 3710 lavat
2748 3638 2912 3710 Pater
2939 3647 2993 3691 et
3021 3638 3061 3692 F
3067 3639 3191 3694 ilius
3218 3648 3272 3694 et
3300 3640 3532 3710 Spiritus

1942 3708 2196 3779 sanctus?
2253 3707 2367 3762 Vox
2414 3709 2556 3761 enim
2605 3705 2825 3779 Domini,
2852 3724 2971 3776 qua:
3011 3710 3181 3777 repeti
3210 3723 3318 3779 non
3342 3705 3532 3779 "potest

1943 3776 2111 3847 audiri
2141 3791 2262 3847 cum
2294 3784 2529 3832 tremore
2557 3785 2754 3846 potest.
2796 3778 2932 3843 Quia
2972 3779 3059 3847 qui
3078 3776 3243 3833 semel
3268 3776 3405 3833 lotus
3431 3791 3527 3844 est,

1943 3847 2047 3903 hoc
2073 3846 2207 3900 dixit
2235 3848 2301 3900 ad
2344 3847 2552 3916 pelvem
2578 3884 2593 3911 ,
2632 3863 2753 3901 cum
2795 3846 3069 3916 discipulis
3105 3848 3269 3916 pedes
3297 3849 3532 3915 lavabat,

1943 3926 2001 3971 et
2029 3915 2185 3970 nobis
2220 3914 2460 3986 mysterii
2490 3918 2701 3984 signum
2740 3914 3008 3985 singulare
3039 3914 3303 3973 tradebat.
3358 3914 3532 3974 Pelvis

1945 3995 2090 4041 totus
2117 3994 2200 4040 est
2226 3986 2473 4057 mundus,
2499 3996 2555 4041 et
2582 3994 2817 4041 rotatum
2846 4003 2939 4042 vas
2966 3987 3108 4042 illius
3136 3988 3306 4057 pelvis
3333 3988 3529 4045 circui-

1945 4064 2031 4110 tus
2054 4066 2138 4111 est
2156 4058 2323 4127 orbis,
2350 4056 2438 4127 ubi
2459 4072 2641 4111 sumus
2654 4072 2760 4127 nos
2785 4066 3037 4127 tanquam
3065 4056 3190 4112 vasa
3219 4057 3363 4125 liguli
3392 4058 3532 4115 facta

1944 4127 2190 4199 manibus
2218 4126 2449 4199 Christi,
2480 4127 2603 4199 Quia
2641 4124 2796 4182 lesus
2823 4124 2908 4199 est
2933 4128 3025 4199 qui
3061 4124 3300 4199 baptizat
3328 4129 3380 4183 in
3409 4128 3532 4199 Spia.
3629 4149 3634 4155 ~

1944 4197 2052 4250 ritu
2080 4204 2266 4251 sancto
2295 4205 2352 4250 et
2391 4194 2511 4263 igni
2537 4194 2685 4249 iLuc.
2719 4212 2794 4261 in,
2834 4194 2964 4259 16)(
2988 4194 3373 4253 νειειίάεεοοιιι
3399 4194 3530 4255 δι’ίιι

1944 4266 2212 4321 caminum
2260 4273 2637 4329 revertantur,
2686 4267 2943 4321 continuo
2983 4269 3100 4322 sine
3146 4266 3529 4325 emendatione

1946 4336 2278 4404 franguntur,
2302 4344 2357 4389 et
2382 4336 2498 4390 leve
2518 4344 2601 4390 est
2629 4337 2893 4391 haereticis
2919 4353 3043 4391 vasa
3071 4336 3291 4392 decocta
3321 4339 3530 4396 anima-

1950 4422 2065 4460 rum
2094 4407 2146 4459 in
2175 4406 2443 4475 baptismo
2482 4407 2809 4474 gratiarum,
2849 4416 2907 4460 ut
2941 4407 3008 4461 ad
3046 4409 3339 4464 secundum
3370 4420 3531 4467 revo-

1947 4486 2072 4532 cent
2106 4492 2232 4547 suzc
2259 4478 2577 4531 temeritatis
2617 4477 2926 4543 lavacrum,
2970 4478 3139 4547 pluris
3174 4493 3233 4533 se
3277 4479 3533 4536 facientes

1987 4562 2106 4619 uam
2145 4546 2401 4619 Spiritum
2441 4556 2707 4619 sanctum.
2759 4547 2852 4602 Dic
2890 4546 3058 4611 mihi,
3100 4548 3381 4616 lucretiee,
3411 4551 3533 4619 quis

1874 4584 1920 4643 υ
1946 4563 2121 4671 ﬂuam.
2146 4563 2401 4628 opimum
2441 4563 2707 4602 sanctum.
2759 4563 2852 4602 me
2890 4563 3017 4604 ιιιιιιι
3043 4589 3058 4611 ,
3100 4563 3381 4630 nicrettce,
3411 4563 3533 4619 quis

1985 4625 2082 4670 txtt
2110 4633 2161 4671 ιιι
2192 4616 2385 4688 Gentes:
2426 4635 2438 4669 :
2474 4616 2774 4688 Producant
2809 4634 2957 4688 aqua!
2996 4619 3199 4687 reptilta
3237 4620 3533 4674 animarum

1944 4688 2173 4741 rivorum
2202 4686 2410 4755 (lienes.
2446 4702 2483 4751 ι,
2514 4686 2637 4755 20);
2669 4696 2722 4740 et
2745 4686 3015 4756 producta:
3036 4686 3162 4747 sunt
3186 4703 3376 4745 omnes
3405 4705 3532 4745 aves

1946 4759 2185 4811 viventes
2206 4756 2271 4810 de
2294 4765 2448 4811 utero
2475 4772 2758 4828 aquarum,
2781 4758 2879 4811 nisi
2896 4758 2995 4828 qui
3024 4757 3159 4812 dixit
3189 4775 3202 4810 :
3234 4756 3334 4823 Ite,
3363 4758 3533 4828 bapti-

1946 4838 2059 4897 zvte
2088 4836 2258 4897 gentes
2287 4830 2340 4879 in
2366 4828 2573 4897 nomine
2593 4826 2780 4897 ‘l’atris
2806 4838 2855 4882 et
2884 4826 3009 4882 Filii
3034 4837 3081 4881 et
3111 4828 3340 4897 Spiritus
3366 4826 3533 4889 sancti

1948 4894 2160 4970 (Matth.
2195 4912 2376 4970 xxvnl,
2408 4896 2547 4970 19)?
2592 4894 2706 4951 Una
2754 4914 2857 4951 vox
2901 4906 2985 4970 est
3016 4916 3028 4950 :
3058 4894 3359 4970 Producant
3386 4915 3534 4970 aqum

1946 4967 2153 5049 reptilia
2183 4968 2473 5048 animarum
2507 4968 2845 5049 viraruntiet
2877 4986 2889 5022 :
2923 4967 3021 5049 Ite,
3052 4968 3309 5049 baptiaate
3335 4967 3529 5049 gentes.

252 5058 425 5124 meus.
451 5041 696 5124 Nunquid
719 5051 774 5093 tu
793 5053 854 5122 es
876 5039 1130 5093 Dominus
1150 5046 1205 5093 et
1232 5038 1564 5124 Deus‘meua‘,
1596 5036 1665 5093 ad
1684 5053 1843 5124 quem
1937 5036 2493 5124 tiJco-quoiiiam-ipsa
2524 5052 2627 5124 vos
2654 5045 2736 5091 est
2760 5039 2813 5092 in
2844 5039 3015 5124 aquis,
3043 5036 3258 5124 quando
3288 5036 3532 5121 homines

251 5112 319 5166 de
359 5120 522 5166 nocte
566 5104 756 5166 sitiens
796 5111 933 5165 sicut
969 5123 1160 5164 cervus
1200 5108 1381 5175 vigilat
1408 5104 1626 5177 spiritus
1655 5104 1843 5163 meus?
1936 5104 2131 5178 renati
2147 5104 2213 5159 ad
2243 5104 2439 5178 cadum
2468 5107 2612 5161 velut
2630 5122 2775 5178 Aaves
2812 5104 3075 5164 volantes
3095 5107 3166 5162 de
3191 5107 3347 5176 aquis
3372 5109 3533 5178 spiris

252 5181 299 5234 υ
329 5181 497 5235 Maria
521 5220 535 5246 ,
573 5195 693 5250 quae
730 5180 784 5233 in
813 5195 897 5234 me
926 5180 1138 5249 plenam
1170 5178 1520 5233 intentionem
1542 5179 1672 5250 lidei
1701 5178 1844 5234 dire-

255 5252 384 5307 xisti
403 5287 419 5315 ,
449 5248 708 5306 velociter
738 5250 985 5304 invenisti
1029 5264 1188 5317 quem
1240 5264 1376 5319 puro
1406 5248 1684 5319 proposito
1712 5262 1845 5303 con-

254 5320 472 5391 cupisti.
502 5320 621 5376 Non
650 5328 734 5375 est
761 5319 900 5374 ultra
943 5319 1105 5372 dilata
1124 5356 1138 5385 ,
1156 5318 1685 5391 Aaccepitopetitionis
1712 5333 1842 5391 pro-

254 5388 388 5459 prim
410 5406 521 5445 sua:
541 5406 680 5445 vene
700 5405 1035 5459 responsum,
1058 5398 1114 5443 et
1136 5388 1203 5443 de
1220 5389 1595 5459 appellatione
1614 5388 1847 5443 nominis

253 5458 619 5529 cognitionem
658 5458 947 5529 impetrare
991 5459 1184 5513 meruit
1210 5458 1537 5529 Salvatorisa
1574 5458 1690 5513 Jam
1720 5459 1843 5513 bre-

253 5528 399 5585 viter
424 5528 756 5602 requiramus
801 5544 1013 5602 quare,_
1031 5544 1152 5602 cum
1196 5529 1453 5602 Dominus
1488 5528 1710 5583 Mariam
1740 5544 1838 5583 vo-

254 5609 429 5665 caret,
458 5599 515 5656 et
538 5602 605 5655 ab
634 5601 725 5654 illo
757 5608 944 5653 vocata
991 5599 1267 5667 Dominum
1307 5599 1724 5667 magistrumque
1750 5614 1842 5653 co-

255 5680 560 5737 gnosceret,
594 5670 795 5724 audivit
825 5670 892 5723 ab
921 5685 987 5723 eo
1020 5686 1032 5720 :
1067 5666 1193 5722 Noli
1233 5681 1312 5739 me
1340 5666 1570 5739 tangere,
1607 5666 1839 5739 nondum

255 5736 396 5793 enim
427 5741 637 5795 escendi
666 5741 735 5793 ad
776 5739 981 5793 Patrem
1011 5755 1174 5792 meum
1228 5736 1553 5808 (Ibid.,'l7).
1607 5736 1719 5793 Hoc
1759 5748 1843 5792 est

258 5812 446 5877 utique
482 5812 661 5864 dicere
692 5829 703 5863 :
742 5808 855 5863 Noli
886 5809 1256 5863 tantummodo
1279 5848 1293 5871 ,
1327 5807 1490 5863 Maria
1516 5853 1531 5876 ,
1565 5809 1838 5864 hominem

257 5894 346 5933 mc
372 5891 577 5947 puta-e
599 5919 614 5945 ,
651 5894 808 5949 quem
844 5895 872 5933 a
914 5880 1135 5935 mortuis
1174 5887 1538 5947 resurgentem
1582 5879 1635 5934 in
1682 5879 1839 5934 horto
1876 5948 1881 5951 _

1947 5175 2141 5248 talibus
2176 5174 2565 5248 producuntur.
2620 5175 2852 5246 Spiritus
2894 5178 3077 5248 itaque
3121 5178 3177 5232 in
3217 5174 3418 5248 specie'
3441 5193 3531 5233 co-

1947 5245 2138 5319 lumbae
2165 5246 2412 5314 dignatus
2440 5254 2522 5302 est
2549 5245 2711 5314 super
2736 5261 2904 5319 aquas
2930 5245 3262 5319 descendere
3302 5249 3321 5319 (
3336 5245 3530 5304 Matth.

1944 5326 2021 5379 tu,
2055 5314 2175 5385 16),
2213 5324 2295 5389 Aet:
2323 5331 2486 5389 super
2528 5314 3095 5389 auctoremﬁbaptismi
3136 5318 3284 5373 unita
3310 5314 3533 5389 'pietate

1946 5401 2171 5457 manere
2212 5386 2503 5441 habitantis
2530 5426 2545 5453 ,
2586 5395 2645 5440 ut
2687 5386 2953 5456 intelligas
2999 5402 3220 5457 regnum
3266 5386 3530 5445 ccclorum

1945 5471 2067 5537 esse
2083 5456 2177 5537 qui
2196 5464 2552 5537 renascuntur
2571 5472 2667 5537 per
2682 5472 2877 5537 aquam
2909 5457 3240 5537 et_Spiritum
3263 5468 3530 5537 sanctum.

1947 5525 2022 5596 Da
2043 5525 2169 5580 mihi
2193 5527 2247 5582 in
2271 5527 2442 5583 altero
2469 5525 2588 5581 loco
2619 5526 2670 5580 in
2698 5529 2877 5596 specie
2904 5525 3166 5585 columba:
3193 5528 3535 5585 descendisse

1945 5594 2200 5668 §piritum
2231 5603 2516 5668 sanctum,
2548 5597 2645 5650 nisi
2677 5594 2843 5668 seniel
2885 5599 3099 5667 quando
3128 5599 3428 5668 baptizatus
3451 5606 3537 5655 est

1945 5665 2207 5739 Christus,
2239 5674 2295 5739 et
2320 5665 2487 5739 semel
2515 5667 2731 5739 quando
2760 5665 3017 5724 diluvium
3049 5665 3239 5739 passus
3265 5678 3346 5725 est
3372 5684 3534 5724 mun-

1947 5735 2071 5812 dus.
2101 5736 2173 5789 Da
2204 5736 2334 5812 mihi
2367 5736 2660 5812 secundum
2701 5737 2956 5812 diluvium
2999 5735 3088 5794 aut
3119 5739 3411 5795 secundam
3441 5756 3535 5796 θοι

1946 5807 2201 5861 lumbam.
2236 5804 2410 5859 Unum
2437 5805 2716 5868 diluvium,
2741 5824 2843 5863 una
2873 5811 3141 5873 columba,
3171 5825 3308 5864 unus
3330 5826 3531 5875 ramus,

1948 5892 2110 5931 unum
2139 5875 2403 5946 baptisma
2428 5916 2442 5941 ,
2477 5892 2614 5933 unus
2642 5876 2869 5950 Spiritus
2894 5921 2907 5944 ,
2951 5889 3009 5935 et
3035 5896 3197 5935 unum
3226 5880 3533 5941 chrismatis
