4060 6498
286 420 383 479 917

1684 378 1935 481 sanun
1962 398 2095 485 Lit,

3451 426 3554 480 9l8

285 547 425 603 sent,
451 537 698 610 omnibus
727 537 919 608 linguis
949 539 1313 609 loquerentur.
1350 538 1504 595 Prius
1532 539 1714 610 itaque
1736 539 1859 610 bre-
1891 553 1933 606 Α
1963 540 2079 595 bus.
2109 539 2455 594 Celebramus
2483 537 2683 610 quippe
2715 550 2836 591 eum
2866 536 3006 591 diem
3032 551 3140 606 quo
3178 537 3436 610 Dominus
3463 535 3555 590 Je-

287 611 427 680 viter
450 608 729 680 videamus
757 625 925 678 quare
956 608 1113 674 Deus,
1163 612 1379 679 quando
1420 626 1542 665 eum
1589 608 1856 680 promisit,

285 679 445 746 dixit,
475 677 591 732 Non
621 677 796 748 potest
826 681 938 749 ipse
957 682 1160 743 venire,
1183 677 1291 734 nisi
1313 695 1413 749 ego
1443 677 1644 735 abiero.
1677 678 1861 747 Neque

288 752 430 804 enim
460 749 773 818 separabilis
799 760 881 805 est
922 749 1155 819 Spiritus
1178 760 1417 818 sanctus,
1468 759 1562 804 aut
1593 752 1862 819 impotens

284 826 407 891 erat
432 833 499 874 eo
525 828 787 891 prtesente
812 822 1013 886 venire,
1045 837 1074 875 a
1095 836 1202 890 quo
1224 837 1328 891 non
1360 829 1539 891 potest
1564 819 1858 875 discedere.

286 889 397 960 Sed
425 888 680 960 quoniam
704 889 976 960 discipulis
1004 888 1177 946 adhuc
1203 888 1426 946 intirniis
1452 889 1678 944 formam
1722 890 1863 944 servi

287 958 546 1031 Dominus
564 958 996 1031 demonstrabat,
1043 962 1093 1015 in
1123 978 1226 1031 qua
1254 962 1481 1031 Verbum
1510 975 1636 1031 caro
1665 960 1864 1031 factum

286 1036 460 1096 est,et
488 1029 748 1083 habitavit
777 1031 826 1083 in
850 1033 1003 1086 nobis
1023 1050 1036 1097 ;
1060 1029 1276 1086 carnem
1294 1048 1423 1086 vero
1451 1030 1659 1083 Domini
1701 1030 1864 1083 etiam

286 1098 535 1154 carnales
559 1107 808 1166 poterant
836 1102 1026 1155 intueri
1061 1121 1072 1155 :
1110 1104 1277 1155 forma
1302 1113 1482 1156 autem
1517 1100 1631 1167 Dei,
1664 1100 1719 1153 in
1758 1115 1864 1167 qua

289 1184 400 1239 non
440 1169 683 1239 rapinam
721 1171 1010 1226 arbitratus
1051 1180 1134 1226 est
1179 1187 1300 1227 esse
1340 1188 1399 1225 se
1446 1173 1708 1239 aequalem
1756 1167 1867 1223 Deo

289 1237 513 1311 (Philip.
545 1253 603 1302 ιι,
635 1238 712 1307 6),
757 1256 863 1294 non
894 1251 1071 1310 potest
1102 1242 1201 1299 nisi
1230 1243 1297 1296 ab
1341 1237 1669 1311 spiritalibus
1717 1240 1867 1311 cogig

296 1309 429 1374 tari,
457 1317 765 1382 propterea
818 1309 970 1375 diuit,
1006 1312 1120 1365 Non
1169 1322 1348 1382 potest
1373 1309 1478 1365 ‘ille
1516 1311 1719 1373 venire,
1767 1309 1869 1362 nisi

288 1394 392 1446 ego
420 1379 605 1433 abiero
637 1394 650 1431 :
684 1388 938 1449 tanquam
968 1379 1191 1446 diceret,
1222 1382 1468 1448 Quandiu
1496 1382 1588 1435 cir‘
1610 1397 1640 1434 a
1693 1395 1868 1434 meam

288 1463 508 1503 carnem
526 1459 826 1519 (occupatus
851 1461 933 1504 est
949 1462 1127 1507 vester
1155 1454 1385 1507 carnalis
1407 1451 1650 1514 allectus,
1684 1450 1866 1502 taudiu

291 1533 468 1572 meam
488 1517 988 1593 ‘divini‘tatemﬂnon
1025 1524 1249 1591 suscipit
1287 1522 1544 1593 spiritalis
1569 1529 1747 1574 vester
1775 1521 1875 1593 ob-

293 1597 459 1662 tutus.
487 1588 638 1662 Dono
666 1592 809 1662 enim
845 1590 1079 1661 Spiritus
1105 1588 1275 1647 sancti
1317 1588 1640 1662 promiserat
1668 1604 1763 1645 eos
1790 1589 1872 1641 iti-

292 1658 654 1729 t_roducendos
679 1661 729 1713 in
754 1658 967 1716 omnem
986 1665 1264 1718 veritatem
1281 1703 1295 1727 ,
1309 1658 1448 1717 sicut
1468 1663 1726 1729 scriptum
1747 1667 1831 1713 est
1854 1677 1868 1710 :

291 1725 427 1780 Fide
444 1728 713 1801 Amundans
739 1732 899 1785 corda
926 1750 1101 1787 eorum
1134 1725 1391 1800 (Actrxv,
1413 1732 1492 1801 9).
1520 1725 1666 1801 Beati
1691 1737 1871 1783 autem

291 1799 484 1871 [nando
512 1801 685 1865 corde,
711 1803 953 1871 quoniam
977 1805 1077 1868 ipsi
1104 1803 1261 1856 Deum
1280 1799 1513 1856 ridebunt
1545 1800 1760 1870 (Matth.
1796 1814 1870 1865 vt,

289 1865 368 1934 8).
399 1868 671 1941 Abscessit
701 1865 880 1940 itaque
907 1865 1203 1941 corporalis
1235 1872 1401 1926 forma
1436 1865 1641 1927 Doniini
1691 1887 1721 1924 a
1749 1884 1868 1941 cor-

1969 626 2060 664 sus
2080 610 2343 671 Christus,
2358 607 2758 664 resurrectione
2782 616 2837 661 et
2861 609 3175 661 ascensione
3202 607 3553 676 gloriliea'tus,

1966 680 2110 734 misit
2142 680 2399 745 Spiritum
2426 686 2693 734 sanctum.
2717 676 2877 731 Sicut
2923 677 3065 731 enim
3102 678 3357 745 scriptum
3388 687 3471 732 est
3499 679 3552 731 in

1968 746 2261 819 Evangelio
2289 764 2409 804 cum
2438 748 2644 819 diceret
2668 763 2681 799 :
2715 746 2774 801 Si
2799 749 2913 817 quis
2937 748 3066 809 sitit,
3100 750 3296 810 veniat,
3318 758 3365 801 et
3391 747 3550 813 bibat,

1967 817 2185 889 ﬂumina
2221 820 2285 872 de
2324 828 2499 873 ventre
2521 817 2632 887 ejus
2661 819 2829 889 ﬂuent
2858 833 3005 888 aqua:
3042 819 3194 889 virtu;
3226 818 3552 889 evangelista

1969 886 2274 944 Sermonem
2298 886 2551 959 exponit.
2575 896 2629 941 et
2652 890 2745 950 ait,
2770 886 3092 959 illoc‘uuteni
3115 888 3315 940 dicebat
3341 888 3403 940 de
3427 888 3552 957 Spi-

1969 962 2091 1027 ritu,
2117 976 2264 1031 quent
2292 957 2561 1031 accepturi
2581 966 2728 1021 erant
2758 958 2809 1010 Iri
2849 957 3031 1031 qui
3060 974 3174 1031 eum
3208 960 3414 1031 {uerunt
3443 974 3553 1010 cre-

1970 1027 2148 1083 dituri.
2203 1029 2451 1083 Nondum
2481 1030 2617 1082 enim
2657 1038 2767 1081 erat
2813 1027 2886 1080 eis
2937 1027 3164 1097 Spiritus
3210 1028 3386 1092 dotus,
3438 1030 3559 1097 quia

1972 1101 2198 1172 nonduin
2228 1102 2397 1172 fuerat
2433 1098 2585 1152 Jesus
2630 1098 2950 1172 glori/iactus
2993 1096 3175 1172 (Ionii.
3208 1113 3299 1161 vn,
3344 1096 3554 1164 37,758,

1972 1169 2095 1238 59).
2131 1166 2389 1224 Restabat
2439 1181 2568 1235 ergo
2614 1166 2688 1234 tit,
2721 1166 3015 1223 clarilieato
3043 1166 3187 1232 Jesu,
3220 1182 3342 1238 cum
3374 1182 3555 1238 resur-

1973 1236 2201 1294 rexisset
2223 1256 2251 1292 a
2284 1240 2508 1293 mortuis
2528 1249 2582 1291 et
2608 1238 2937 1293 ascendisset
2962 1238 3015 1291 in
3060 1238 3247 1300 eteius,
3270 1236 3383 1306 jam
3405 1237 3559 1290 dare-

1975 1319 2062 1363 tur
2084 1311 2315 1378 Spiritus
2343 1317 2577 1371 sanctus,
2611 1310 2679 1362 ab
2707 1324 2773 1362 eo
2798 1308 2989 1378 missus
3017 1322 3047 1361 a
3069 1324 3177 1378 quo
3234 1308 3554 1377 promissus,

1976 1370 2197 1435 sicut'et
2228 1380 2426 1434 factum
2457 1370 2950 1445 est.QuadraginIa
2980 1370 3120 1432 enim
3150 1370 3407 1433 Dominus
3437 1385 3559 1446 post

1977 1452 2427 1504 resurrectionem
2455 1448 2643 1503 diebus
2678 1464 2799 1502 cum
2829 1448 3104 1517 discipulis
3133 1448 3245 1503 suis
3268 1462 3559 1503 conversa-

1978 1529 2061 1573 lus
2090 1521 2334 1574 ascendit
2379 1520 2430 1574 in
2473 1519 2686 1581 einlum,
2713 1527 2767 1571 et
2792 1518 2879 1572 die
2906 1519 3370 1588 quinquagesimo.
3395 1532 3558 1586 quem

1978 1590 2136 1643 hodie
2179 1590 2544 1654 celebramus,
2604 1590 2750 1643 misit
2800 1588 3056 1658 Spiritum
3096 1596 3364 1653 sanctum,
3420 1588 3560 1643 sicut

1976 1661 2239 1730 scriptum
2272 1668 2355 1715 est
2384 1661 2519 1729 (Act.
2553 1676 2618 1725 ιι,
2646 1658 2683 1713 ‘2
2711 1669 2757 1713 et
2784 1657 2923 1730 req.)
2945 1698 2960 1725 ,
2990 1657 3126 1730 Quia
3156 1658 3328 1730 factus
3357 1666 3441 1713 est
3468 1674 3559 1712 su-

1978 1726 2105 1783 hito'
2118 1746 2283 1786 sonus
2311 1726 2399 1784 de'
2423 1731 2562 1785 cmlo
2590 1730 2743 1799 quasi
2773 1726 3003 1784 ferretur
3048 1726 3205 1782 ﬂatus
3226 1729 3556 1799 (vehemens,

1978 1809 2033 1854 et
2070 1801 2195 1855 viszL'
2216 1809 2341 1855 sunt
2373 1800 2476 1855 illis
2497 1798 2692 1868 lingua:
2712 1799 2914 1867 divisae,
2944 1799 3084 1854 sicut
3127 1798 3263 1866 ignis
3293 1800 3384 1867 qui
3416 1799 3559 1853 inse-

1979 1870 2057 1924 dit
2084 1885 2246 1939 super
2266 1885 2703 1939 unumquemque
2730 1885 2949 1933 eorum;
2982 1878 3037 1939 et
3069 1878 3349 1938 eruperunt
3370 1870 3561 1938 linguis

292 1927 564 2013 ppralibus
590 1941 758 2013 oculis
782 1927 986 2008 eorum,
1008 1927 1089 1997 ἰιι
1117 1927 1212 2013 per
1239 1944 1495 2013 Spiritum
1526 1950 1774 2013 sanetum
1796 1939 1877 1992 di-
1911 1927 1951 1987 Β
1981 1927 2230 2013 omnibus
2257 1927 2724 2013 loqui,quoinodo
2753 1927 2984 2013 Spiritus
3009 1927 3172 2013 dahaf
3198 1940 3278 1995 eis
3317 1927 3560 2013 pronun-

293 2008 491 2064 vinitas
532 2009 742 2065 Domini
790 2008 1153 2067 insinuaretut'
1194 2008 1444 2069 cordibus
1481 2026 1689 2068 eorum.
1731 2009 1883 2065 Nunc

293 2077 488 2151 deinde
508 2080 796 2151 videamus
846 2099 1013 2151 quare
1059 2095 1185 2140 tunc
1211 2086 1314 2139 hoc
1345 2089 1465 2139 erat
1503 2084 1715 2151 signum
1747 2094 1884 2149 pne-

293 2149 481 2223 sentia:
502 2148 733 2223 Spiritus
755 2148 947 2217 sani-ti,
982 2164 1040 2207 ut
1066 2156 1155 2223 qui
1185 2171 1306 2209 eum
1328 2148 1661 2222 accepissent
1692 2148 1884 2218 linguis

294 2220 547 2293 omnibus
564 2221 939 2293 loquerentur.
978 2220 1159 2293 Neque
1205 2226 1348 2279 enim
1379 2220 1541 2277 etiam
1588 2235 1880 2293 nuncgnon

295 2288 457 2363 datur
484 2288 715 2360 Spiritus
739 2306 978 2359 sanctus,
1009 2288 1275 2349 rt'tamen
1305 2295 1395 2363 qui
1440 2309 1562 2347 eum
1592 2291 1880 2363 accipiunt,

296 2371 408 2433 non
441 2359 729 2433 loquuntur
754 2366 1004 2419 onmibus
1049 2366 1242 2433 linguis
1271 2383 1283 2417 :
1309 2359 1418 2431 quo
1444 2362 1676 2417 evidenti
1711 2359 1885 2415 'mira-

299 2428 423 2501 £qu
447 2428 623 2485 se'islo
647 2442 888 2501 tempore
908 2428 1752 2501 demonstrabat.Intelligendum
1778 2438 1883 2497 est,

299 2497 519 2574 Fratres
540 2497 820 2574 carissimi,
852 2505 992 2559 hunc
1020 2520 1139 2559 esse
1182 2505 1439 2574 Spiritum
1481 2497 1745 2574 sanctum,
1774 2516 1883 2570 quo

300 2569 500 2641 caritas
542 2569 635 2624 Dei
666 2571 1060 2641 dill'unditur_in
1104 2569 1354 2628 cordibus
1394 2574 1611 2627 nostris.
1642 2571 1709 2624 Et
1749 2586 1884 2641 quo-

301 2638 449 2712 niam
478 2641 672 2694 caritas
700 2638 1003 2697 Ecclesiam‘
1036 2644 1129 2699 Dei
1159 2654 1546 2712 cuiigregatura
1576 2641 1748 2696 fuerat
1767 2638 1884 2694 toto

301 2709 436 2780 orbe
466 2716 754 2780 terrarum,
780 2716 923 2780 quod
955 2722 1079 2768 tunc
1109 2709 1433 2769 etiam—unus
1461 2713 1622 2766 homo
1650 2718 1881 2780 poterat,

304 2785 365 2829 ut
405 2778 661 2847 Spiritum
710 2778 825 2854 san}
843 2793 953 2837 tum
1000 2786 1267 2854 accipiens
1296 2784 1489 2851 linguis
1530 2778 1883 2854 omnibusin-

303 2857 766 2923 gueretuanunc
786 2852 987 2923 Spiritu
1016 2850 1203 2910 sancto
1217 2850 1537 2921 eongregata
1569 2853 1680 2920 ipsa
1702 2850 1887 2923 unitas

306 2916 557 2993 Ecclesia:
585 2920 618 2973 li
656 2922 776 2993 guis
816 2916 1065 2977 omnibus
1102 2916 1351 2993 loquitur:
1398 2916 1626 2976 Proinde
1668 2922 1710 2974 si
1740 2921 1885 2989 quis-

304 3002 466 3054 quam
495 2989 688 3044 dixerit
709 2993 865 3047 alicui
894 2989 1452 3063 nostruni,'Aecepisti
1479 2993 1734 3061 Spiritum
1764 3005 1887 3044 san-

304 3066 683 3132 ctum,quarc_
715 3080 818 3117 non
851 3064 1041 3131 linguis
1071 3067 1319 3119 omnibus
1349 3063 1622 3132 loqueris?
1660 3076 1883 3131 respon-

304 3126 435 3203 dere
454 3126 632 3203 debet,
666 3130 881 3203 Loquor
908 3126 1039 3189 sane
1059 3137 1307 3190 omnibus
1333 3126 1524 3202 linguis
1548 3175 1561 3198 ,
1587 3133 1710 3203 quia
1742 3126 1794 3185 in
1819 3146 1886 3186 eo

305 3195 502 3253 Christi
530 3195 777 3273 corpore,
810 3205 911 3259 hoc
939 3214 1040 3272 est,
1073 3205 1123 3258 in
1149 3205 1384 3261 Ecclesia
1411 3195 1557 3268 sum,
1576 3195 1694 3273 quae
1716 3203 1884 3273 loqui-

305 3270 1080 3356 turlpmni-buslinguis._‘Quid
1123 3277 1264 3356 enim
1296 3274 1437 3328 aliud
1474 3270 1632 3356 Deus
1654 3272 1884 3356 tuIIC_Si-
1913 3293 1959 3356 ο

305 3338 579 3415 gnilicavit
622 3343 722 3415 nisi
769 3338 1001 3415 Spiritus
1044 3347 1212 3400 sancti
1261 3345 1541 3415 praesentia
1591 3342 1884 3415 Ecclesium

305 3423 458 3462 suam
489 3411 681 3484 linguis
706 3411 826 3469 om."
839 3416 955 3470 ibus
992 3411 1325 3470 locuturum?
1352 3414 1633 3484 impletum
1661 3424 1744 3467 est
1784 3413 1885 3466 ita-

305 3492 411 3547 que
455 3482 600 3549 quod
650 3485 970 3551 promiserat
998 3485 1274 3549 Dominus,
1308 3482 1475 3539 Neirio
1524 3486 1678 3537 mittit
1714 3486 1887 3537 vinum

305 3563 489 3602 norum
515 3552 570 3605 in
597 3563 734 3608 utres
764 3566 952 3610 veteres
967 3573 986 3619 ;
1015 3557 1105 3608 sed
1126 3559 1297 3609 vinum
1325 3572 1507 3612 norunt
1532 3557 1583 3608 in
1624 3569 1763 3607 utres
1791 3569 1885 3607 no-

305 3635 393 3697 res
423 3622 650 3697 mittunt,
681 3635 731 3678 et
768 3635 983 3697 utraque
1027 3634 1392 3697 conservantur
1417 3624 1627 3697 (Matth.
1663 3640 1736 3697 ix,
1774 3622 1881 3697 l7).

306 3686 496 3744 Merito
526 3686 656 3760 ergo
682 3712 801 3750 cum
847 3686 1159 3749 audirentur
1206 3696 1398 3762 linguis
1423 3686 1673 3748 humilius
1715 3686 1882 3761 loqui,

305 3762 545 3836 nonnulli
573 3765 842 3836 dicebant,
876 3766 949 3819 Ili
975 3775 1144 3819 musto
1163 3765 1302 3836 pleni
1324 3773 1442 3819 sunt
1484 3765 1636 3836 (Act.
1668 3779 1724 3825 ιι,
1751 3762 1819 3815 12
1839 3762 1882 3833 ).

305 3826 419 3882 Jam
451 3835 593 3885 enim
621 3832 743 3890 facti
787 3826 1000 3890 fuerant
1023 3826 1174 3891 utres
1209 3835 1351 3896 novi,
1383 3826 1683 3888 sanctitatis
1711 3826 1882 3903 gratia

305 3904 545 3976 renovati
572 3922 585 3955 :
612 3915 669 3957 ut
689 3908 815 3959 vino
836 3923 996 3971 novo,
1027 3909 1130 3962 hoc
1155 3916 1237 3961 est
1263 3905 1465 3976 Spiritu
1479 3912 1674 3976 sancto
1695 3903 1884 3972 repleti

304 3968 497 4044 linguis
525 3975 772 4030 omnibus
793 3968 1064 4044 loquendo
1084 3968 1372 4036 Γρνινρτθῖιι,
1396 3984 1451 4029 et
1478 3968 1771 4044 Ecclesiani
1789 3974 1889 4027 ca-'

303 4041 555 4116 t_.ioli_cam
601 4058 699 4116 per
735 4041 968 4101 omnium
1001 4047 1237 4116 gentium
1270 4046 1474 4114 linguas
1513 4042 1744 4116 futuram
1772 4043 1887 4097 evi-

301 4111 617 4190 dentissimu
643 4114 748 4190 illo
771 4111 1030 4190 miraculo
1058 4111 1462 4190 praesignarent.
1510 4114 1661 4169 Hune
1702 4113 1884 4190 itaque

302 4179 462 4245 diem,
496 4183 847 4254 dilectissimi,
894 4188 973 4242 sic
1014 4179 1319 4249 celebrate,
1365 4194 1618 4254 tanquam
1664 4179 1884 4238 unitatis

301 4253 545 4319 corporis
572 4253 787 4310 Christi.
812 4256 936 4312 'Non
981 4261 1122 4312 enim
1153 4257 1347 4311 frustra
1376 4254 1680 4321 celebratis,
1710 4254 1755 4307 si
1782 4253 1885 4308 hoc

301 4321 428 4392 estis
448 4324 591 4391 quod
613 4326 896 4383 celebratis
923 4344 935 4380 :
961 4327 1035 4382 illi
1064 4326 1315 4383 Ecclesia:
1343 4326 1693 4388 cohznrentes,
1721 4338 1882 4392 quam

302 4389 557 4447 Dominus
589 4395 815 4465 implens
835 4407 1024 4453 sancto
1046 4398 1268 4468 Spiritu,
1284 4404 1399 4451 toto
1422 4389 1883 4468 mundo_cresceu-

302 4468 410 4513 tem
457 4468 695 4531 agnoscit
743 4484 914 4534 suam,
946 4479 1000 4523 et
1029 4465 1164 4537 agno
1197 4471 1336 4523 citur
1376 4484 1405 4521 a
1446 4481 1561 4522 sua.
1605 4465 1884 4532 Tanquam

300 4546 531 4612 sponsus
554 4542 824 4612 sponsam,
859 4556 971 4612 non
996 4539 1228 4612 perdidit
1256 4540 1547 4612 propria").
1576 4537 1702 4606 ll“ia
1725 4550 1882 4612 "9m"

299 4604 348 4654 ei
371 4606 622 4677 supponit
650 4608 895 4661 alienam.
932 4604 1095 4664 vobis
1121 4604 1271 4664 enini
1291 4609 1341 4662 in
1360 4604 1617 4662 omnibus
1639 4606 1886 4677 gentibus

1984 2011 2137 2066 tiare.
2171 2010 2352 2064 Flatus
2403 2012 2493 2065 ille
2540 2026 2570 2065 a
2599 2011 2803 2065 carnali
2848 2012 2998 2080 palea
3038 2010 3198 2065 corda
3245 2010 3557 2065 mandabat.

1982 2081 2123 2148 Ignis
2148 2081 2237 2136 ille
2265 2080 2443 2135 fenum
2474 2081 2672 2136 veteris
2699 2081 3149 2150 concupiscentia:
3187 2081 3559 2137 consumebat.

1986 2150 2200 2218 Lingua:
2243 2152 2346 2205 illa:
2402 2151 2595 2220 quibus
2639 2150 2998 2220 loquebantur
3050 2166 3081 2205 a
3127 2160 3315 2220 sancto
3361 2150 3561 2220 Spiritu

1984 2221 2187 2290 impleti
2217 2238 2313 2291 per
2340 2219 2577 2275 omnium
2606 2219 2845 2286 gentium
2887 2223 3091 2291 linguas
3122 2219 3349 2291 futuram
3376 2219 3561 2275 Eccle-

1982 2288 2116 2345 sium
2147 2288 2558 2362 priesignabant.
2584 2288 3035 2362 Sicuteiiiin‘post
3053 2290 3310 2362 diluvium
3334 2291 3563 2362 superba

1962 2360 2233 2431 impietas
2262 2360 2537 2431 hominum
2563 2361 2749 2431 turrim
2767 2360 2953 2416 contra
2975 2360 3259 2415 Dominum
3284 2360 3564 2416 fabricavit

1985 2430 2254 2503 eaeelsnm
2288 2430 2449 2503 (Gen.
2482 2447 2562 2495 xi,
2598 2430 2672 2503 7),
2703 2431 2922 2499 quando
2957 2447 3053 2501 per
3090 2432 3297 2499 linguas
3321 2431 3563 2487 diversas

1984 2502 2148 2556 dividi
2174 2503 2370 2557 meruit
2396 2514 2566 2568 genus
2611 2502 2922 2566 humanum,
2975 2510 3033 2555 ut
3077 2516 3409 2570 unaquaque
3436 2514 3564 2568 gens

1984 2572 2220 2641 linguam
2243 2587 2514 2641 prapriam
2536 2572 2868 2640 loqueretur,
2886 2586 2953 2627 ne
2980 2572 3046 2626 ab
3068 2571 3186 2626 aliis
3208 2571 3562 2640 intelligatur:

1983 2641 2061 2696 sic
2089 2643 2306 2697 humilis
2335 2643 2507 2711 pietas
2538 2641 2770 2695 fidelium
2810 2657 2994 2696 carum
3045 2643 3344 2711 linguarum
3390 2642 3566 2697 diver-

1984 2658 2061 2696 sic
2089 2658 2306 2697 numuis
2372 2658 2507 2696 tetas
2538 2658 2770 2695 noenum
2810 2658 2994 2696 earum
3045 2658 3344 2711 unguarum
3390 2658 3564 2697 aiver-

1984 2712 2201 2767 sitatem
2231 2658 2480 2768 Ecclesia:
2501 2712 2730 2767 contulit
2759 2713 2948 2767 unitati
2983 2730 2995 2765 :
3031 2721 3087 2766 ι.ι
3126 2712 3267 2780 quod
3296 2711 3564 2768 discordia

1987 2782 2356 2851 dissipaverat,
2407 2782 2686 2850 colligeret
2731 2782 2947 2850 caritas,
3003 2790 3058 2838 et
3086 2782 3307 2836 humani
3353 2783 3565 2850 generis

1988 2861 2243 2921 tanquam
2273 2854 2430 2907 unius
2455 2853 2701 2922 corporis
2729 2853 2966 2907 membra
2997 2853 3238 2922 dispersa
3287 2853 3353 2921 ad
3404 2869 3566 2907 unum

1987 2923 2426 2992 caputChristum
2442 2924 2814 2994 compaginata
2842 2923 3232 2994 redigerentur,
3248 2931 3304 2977 et
3320 2924 3372 2977 in
3393 2925 3567 2979 sancti

1988 2995 2230 3063 corporis
2260 2995 2519 3063 unitatem
2546 2993 2848 3047 dilectionis
2896 2992 3016 3063 igne
3056 2992 3439 3048 conflarentur.
3484 2994 3569 3055 Ah

1988 3062 2097 3117 hoc
2120 3073 2299 3132 itaque
2326 3063 2469 3118 dono
2497 3062 2726 3133 Spiritus
2754 3062 2932 3118 sancti
2957 3079 3175 3134 prorsus
3217 3063 3374 3118 alieni
3419 3073 3567 3130 sunt.

1988 3135 2078 3203 qui
2101 3134 2328 3188 oderunt
2357 3135 2583 3205 gratiam
2610 3134 2778 3205 pacis,
2808 3135 2897 3204 qui
2944 3134 3259 3205 societatem
3287 3150 3395 3188 non
3438 3136 3567 3189 retia

1991 3212 2119 3258 nent
2149 3205 2387 3259 unitatis.
2421 3203 2570 3259 Licet
2597 3203 2759 3258 etiam
2790 3203 2889 3273 ipsi
2910 3204 3071 3260 hodie
3098 3204 3410 3259 solemniter
3436 3219 3569 3259 cons

1989 3283 2298 3342 gregantur,
2327 3274 2452 3329 licet
2472 3275 2602 3329 istas
2623 3274 2842 3328 audiant
2870 3274 3131 3330 lectiones
3179 3275 3372 3344 quibus
3395 3274 3567 3344 Spiri.

1992 3356 2077 3399 tus
2115 3352 2336 3400 sanctus
2381 3353 2465 3399 est
2521 3345 2821 3414 promissus
2860 3352 2918 3401 et
2945 3346 3160 3413 missus,
3190 3346 3257 3399 ad
3293 3344 3553 3414 judicium

1988 3414 2234 3479 audiunt,
2286 3431 2393 3471 non
2447 3415 2513 3469 ad
2543 3415 2839 3486 prtemium.
2859 3414 3006 3486 Quid
3034 3416 3177 3471 enim
3223 3416 3301 3471 eis
3348 3414 3568 3486 prodest

1989 3485 2268 3557 percipere
2292 3486 2530 3552 auribus,
2572 3485 2717 3557 quod
2743 3485 2994 3557 cordibus
3030 3495 3321 3557 respuunt;
3369 3493 3425 3547 et
3452 3485 3567 3555 ejus

1985 3555 2128 3611 diem
2158 3556 2466 3622 celebrare,
2498 3555 2653 3625 cujus
2670 3555 2857 3613 lumen
2898 3555 3161 3612 oderunt?
3209 3556 3317 3611 Vos
3357 3568 3564 3619 autem,

1988 3626 2198 3697 intres,
2230 3627 2469 3681 membra
2497 3626 2739 3695 corporis
2783 3625 3016 3691 Christi,
3047 3627 3284 3697 germina
3314 3627 3557 3689 unitatis,

1990 3696 2081 3765 lilii
2133 3696 2300 3765 pacis,
2333 3698 2474 3750 hunc
2522 3697 2662 3751 diem
2710 3697 2853 3763 agite
2903 3697 3563 3763 lasti,celebrate.securi.

1990 3763 2103 3820 lloc
2126 3763 2267 3836 enini
2299 3766 2350 3819 in
2377 3766 2529 3820 vobis
2552 3767 2822 3835 impletur,
2846 3767 2988 3835 quod
3017 3767 3121 3821 illis
3144 3766 3567 3836 diebusquando

1986 3836 2134 3890 \‘Bnll.
2160 3834 2389 3905 Spiritus
2411 3834 3091 3905 sanctus’pricsignabatur.
3117 3836 3252 3903 Quia
3273 3834 3412 3892 sicut
3441 3845 3569 3891 tunc

1987 3907 2076 3975 qui
2107 3915 2352 3959 sanctum
2382 3905 2638 3976 Spiritum
2667 3906 3018 3975 percipiebat,
3043 3908 3204 3961 etiam
3234 3923 3371 3962 unus
3400 3906 3565 3962 homo

1988 3977 2181 4044 linguis
2208 3977 2457 4031 omnibus
2487 3978 2805 4047 loquebatur
2832 4016 2848 4041 ,
2891 3977 2968 4032 sic
3005 3985 3061 4031 et
3088 3992 3229 4033 nunc
3256 3993 3351 4046 per
3377 3992 3568 4032 omnes

1985 4055 2175 4113 gentes
2219 4047 2470 4117 omnibus
2499 4046 2693 4116 linguis
2723 4046 2835 4114 ipsa
2860 4048 3036 4102 unitas
3082 4048 3340 4115 loquitur,
3378 4047 3566 4117 inqua

1985 4117 2263 4188 constituti
2293 4116 2549 4188 Spiritum
2577 4124 2820 4188 sanctum
2864 4117 3097 4183 habetis,
3127 4118 3382 4187 quoniam
3412 4116 3570 4171 Chri-

1984 4186 2051 4311 zti
2078 4184 2312 4311 Egcltesia
2336 4184 2589 4257 loquente
2608 4186 2856 4241 omnibus
2880 4184 3252 4256 linguis,nu|lo
3280 4188 3571 4243 schismate

2024 4273 2111 4311 lSSl
2152 4273 2181 4311 e
2212 4273 2273 4311 is.

2024 4257 2273 4312 issidetis.

2589 4390 2821 4447 SERth
2861 4392 2945 4447 Lll

2486 4483 2621 4540 hem
2649 4486 2717 4543 de
2746 4481 3049 4540 Pentecoste

2062 4595 2115 4652 In
2139 4598 2239 4653 hac
2266 4598 2658 4654 solemnissima
2680 4598 3115 4667 congregatione,
3140 4596 3369 4667 Spiritus
3398 4598 3571 4652 sancti

299 4667 627 4740 constitutis,
673 4678 774 4732 hoc
798 4688 879 4732 est
922 4679 1169 4734 Ecclesia:
1209 4679 1425 4738 Christi,
1473 4667 1726 4730 mcmbvris
1764 4692 1885 4730 cor-
1919 4670 1963 4726 D
1989 4670 2057 4724 de
2097 4669 2235 4723 ((1:10
2276 4668 2651 4725 descendentis
2695 4671 3034 4740 celebramus
3090 4667 3420 4740 adventum,
3478 4668 3571 4740 qui

298 4744 450 4810 poris
474 4745 691 4817 Christi,
724 4765 933 4817 sponsa:
962 4751 1155 4804 Cllrlrll
1188 4748 1474 4817 Apostolus
1504 4748 1633 4802 dicit
1666 4765 1678 4799 :
1713 4746 1886 4815 Sit/fe-

300 4823 473 4868 rentes
492 4816 706 4871 inricem
734 4816 787 4872 in
810 4820 1100 4884 dilectione,
1122 4816 1378 4871 studentes
1409 4834 1612 4879 servare
1638 4817 1885 4870 uni‘atem

299 4883 516 4964 spiritus
543 4887 597 4939 in
619 4889 820 4964 uinculo
843 4892 986 4964 pacis
1018 4883 1232 4964 (Ep/tes.
1254 4905 1336 4964 ‘tv,
1364 4887 1413 4952 2,
1434 4888 1510 4964 §)_.
1541 4887 1879 4964 Videthlliai

301 4954 393 5006 ubi
423 4959 675 5027 przccepit
700 4968 758 5012 ut
781 4954 1136 5015 sustineainus
1160 4959 1407 5022 invicem,
1434 4954 1505 5020 ibi
1537 4958 1715 5027 posuit
1753 4954 1887 5012 dile-

302 4974 393 5006 uut
423 4974 675 5080 pI‘EBCCEll
700 4974 758 5012 ut
781 4974 1136 5015 susuneamus
1160 4974 1407 5022 invicem,
1434 4974 1505 5020 ini
1537 4974 1715 5027 posuit
1753 4974 1887 5012 une-

300 5027 556 5103 ctionem,
584 5028 596 5079 i
640 5028 652 5080 i
692 5031 938 5103 spiritum
964 5030 1259 5103 nominavit
1282 5029 1517 5103 unitatis.
1552 5028 1628 5103 ibi
1650 5028 1887 5103 0§lc'_“.lll

299 5095 571 5166 vinculum
602 5095 767 5166 pacis.
802 5098 925 5155 Hinc
955 5111 1038 5155 est
1074 5102 1265 5155 donms
1294 5097 1385 5152 Dei
1432 5100 1499 5153 de
1530 5100 1659 5151 vivis
1690 5096 1885 5166 lapidi-

301 5162 404 5240 bus
431 5162 708 5240 fabricata,
743 5172 794 5224 in
825 5186 927 5239 qua
960 5172 1080 5227 talis
1128 5168 1513 5240 paterfamilias
1545 5162 1758 5222 laetatur
1794 5168 1890 5240 ha-
1930 5228 1933 5229 ν

298 5232 495 5359 putare,
528 5232 905 5307 cujus'oculos
951 5243 1103 5297 ruina
1130 5232 1423 5295 divisionis
1465 5255 1571 5294 non
1615 5239 1773 5293 debet
1804 5237 1888 5293 ol-

322 5318 388 5358 en
428 5320 538 5359 ere.

322 5318 538 5362 enuere.

883 5445 1114 5501 SERMO
1156 5446 1215 5499 l.l
1255 5449 1293 5501 ⁸.

944 5535 1024 5590 De
1044 5536 1241 5592 eodem.

373 5643 496 5718 Dies
520 5645 694 5718 nobis,
719 5646 931 5718 fratres,
964 5657 1148 5717 gratus
1180 5649 1383 5711 illuxit,
1428 5664 1537 5718 quo
1568 5657 1752 5704 sancta
1795 5664 1886 5707 so-

208 5734 211 5737 ·
298 5713 551 5772 ieiunitas
574 5716 808 5793 lidelium
855 5713 1020 5788 fulget
1062 5719 1389 5791 aspectibus,
1427 5713 1598 5776 fervet
1629 5720 1680 5773 in
1710 5721 1889 5777 cordi-

1987 4742 2100 4810 jam
2124 4739 2577 4810 frequentavimus
2605 4739 3020 4810 Mediatoris_ad
3049 4739 3220 4810 eteius
3252 4738 3573 4810 revertentis

1994 4807 2296 4866 ascensum.
2324 4808 2653 4865 Promiserat
2680 4811 2878 4880 quippe
2926 4807 3097 4862 Patris
3135 4807 3574 4880 unigenitus__l’i~

1995 4882 2114 4945 lius,
2144 4880 2270 4935 dum
2302 4880 2573 4936 hominem
2619 4877 2856 4949 gestaret
2885 4880 2944 4949 in
2967 4880 3153 4949 terris,
3178 4877 3574 4949 adlucreiitihus

1993 4952 2095 5005 sibi
2126 4950 2298 5005 beatis
2326 4951 2607 5020 apostolis,
2628 4947 2814 5005 dicens
2847 4968 2858 5003 :
2897 4947 3015 5003 Nisi
3030 4948 3237 5020 ίιὺὶενο,
3266 4948 3570 5020 I’ara_rlrtus

1996 5037 2100 5075 non
2130 5022 2291 5075 veniet
2319 5016 2389 5077 ad
2410 5038 2496 5077 ros
2538 5016 2724 5090 (Jouu.
2755 5038 2859 5082 xw,
2896 5019 2979 5090 ἶ).
3027 5018 3335 5090 Paraclctns
3385 5016 3572 5072 Greece

1997 5091 2237 5161 eloquio,
2260 5088 2570 5153 consolator
2596 5092 2791 5146 dicitur
2822 5092 2872 5145 in
2905 5088 3116 5145 Latino.
3140 5088 3463 5161 Consulatus
3491 5094 3576 5161 est

1996 5159 2362 5231 pusillanimes
2399 5160 2671 5227 Christus,
2708 5163 2952 5216 habitans
2996 5176 3117 5231 cum
3148 5160 3472 5231 hominibus
3504 5159 3576 5231 (in

1996 5229 2212 5288 homine
2262 5233 2421 5297 Deus,
2453 5242 2716 5302 suscepta:
2762 5230 3187 5302 mansuetudinis
3237 5229 3575 5302 magisterio,

1993 5302 2312 5361 benevolum
2324 5298 2652 5358 fortitudinis
2670 5318 2780 5357 sua:
2796 5301 3038 5370 pncbens
3055 5298 3279 5354 infirmis
3292 5298 3572 5370 auxilium.

1992 5373 2400 5433 Consolatorem
2429 5374 2693 5443 promittit
2719 5369 2975 5443 Spiritum
3007 5379 3273 5436 sanctum,
3298 5385 3363 5425 ne
3394 5369 3577 5443 tristes

1992 5443 2235 5519 discipuli
2264 5441 2608 5519 remanerent
2659 5450 2783 5511 post
2833 5441 2948 5519 ejus
2977 5454 3282 5519 ascensum,
3331 5441 3575 5519 quicum

1993 5510 2376 5583 ipsis‘maneat
2420 5516 2473 5568 in
2521 5510 2803 5583 internum.
2832 5510 2877 5563 0
2916 5511 3200 5583 individum
3249 5510 3578 5583 oirerationis

1991 5580 2196 5637 unitas!
2230 5582 2275 5637 Ο
2306 5583 2424 5638 Filii
2453 5590 2508 5638 et
2535 5582 2765 5654 Spiritus
2786 5583 2956 5654 sancti
2981 5593 3101 5636 cum
3132 5580 3292 5636 Patre
3322 5582 3577 5654 onmipo-

1994 5663 2140 5709 tente
2186 5655 2481 5709 consimilis
2523 5650 2594 5708 ρι’
2620 5653 3056 5721 consenipiterna
3103 5651 3373 5721 potestas!
3407 5650 3578 5707 Deum

1993 5723 2208 5779 l‘atrem
2235 5739 2353 5780 esse
2382 5724 2770 5780 consolationis
2793 5720 2988 5778 Paulus
3017 5720 3292 5794 apostolus
3322 5722 3580 5793 pwdical

374 5898 392 5916 ‘
434 5895 519 5953 Est
552 5898 689 5968 apud
715 5896 1065 5970 Augustinum
1095 5914 1272 5956 sermo
1320 5898 1437 5967 187,
1475 5899 1538 5956 de
1562 5901 1846 5977 Tempore.
1894 5933 1959 5949 --
1990 5904 2176 5963 Exstat
2200 5906 2450 5963 editionis
2490 5916 2688 5965 nostra:
2722 5917 2867 5967 ιοωο
2899 5908 3087 5977 V,col.
3126 5906 3276 5964 1245.

2646 6032 2697 6061 Α
