4060 6494
263 436 369 494 925

1702 434 1933 490 SERMU
1970 432 2089 489 LV'.

3434 437 3539 492 926

265 561 474 609 tantum
498 550 675 606 timuit
701 549 954 621 gladium,
1002 556 1063 621 ut
1102 549 1252 603 vivus
1290 548 1510 621 fugisset
1536 526 1600 621 in
1628 550 1843 621 cmlum.
1880 557 1928 613 Α
1954 550 2245 621 dominica,
2275 547 2326 599 in
2351 561 2455 614 qua
2476 562 2589 621 non
2613 547 2971 621 sedethomo,
2996 549 3089 604 sed
3108 550 3248 606 Deus
3275 562 3331 606 et
3351 551 3538 610 homo.

262 619 796 692 Quocunquehpaicto
818 619 1159 692 persequitur
1186 620 1397 692 mulier,
1426 619 1472 674 si
1499 619 1735 692 placeat,
1754 619 1847 692 ju-

301 688 453 758 ulat;
503 688 549 746 si
590 688 901 760 displiceat,
942 688 1096 759 pejus
1137 690 1412 744 excruciat
1453 707 1466 743 :
1500 688 1609 744 sed
1661 690 1853 744 melius

301 707 453 758 ulat;
503 707 549 746 sn
590 707 901 760 uispnceat,
942 707 1096 759 pejus
1137 707 1412 744 excruciat
1453 707 1466 743 :
1514 707 1609 744 seu
1661 707 1850 744 melius

263 707 513 833 gisplicet
532 776 654 815 cum
682 761 928 833 corporis
952 771 1157 833 morte,
1175 775 1260 833 ine
1288 760 1479 833 anima:
1509 760 1680 833 tollat,
1705 761 1850 828 quoi

267 828 445 901 majus
487 839 599 895 est,
648 828 957 885 sanitatem.
988 828 1141 901 Quod
1164 829 1476 901 jamdudum
1498 831 1697 901 dicere
1727 844 1852 901 per-

265 904 545 965 horresco,
576 901 778 971 placuit
806 908 865 955 et
908 900 1153 971 saltatrix
1187 917 1200 952 :
1249 900 1344 971 sed
1386 900 1512 970 quid
1543 901 1736 954 mirum
1782 900 1849 971 si,

267 974 413 1029 inter
439 970 604 1041 dapes
631 971 808 1037 largas
862 978 918 1024 et
955 970 1270 1040 poculorum
1298 970 1608 1040 frequentes
1638 970 1851 1040 procel-

270 1045 370 1109 las,
396 1043 571 1113 puella
587 1042 871 1113 lasciviens
885 1041 1118 1113 mulceat
1136 1056 1346 1113 sensus.
1366 1041 1854 1113 inclinetatl'ectus?

271 1110 466 1168 Vinum
497 1121 552 1167 et
578 1112 819 1173 saltatio,
867 1111 1063 1181 duplex
1095 1112 1399 1166 incendium
1425 1111 1735 1181 voluptatis.
1768 1110 1854 1165 ln—

267 1199 433 1254 super
455 1182 680 1254 offertur
719 1181 957 1254 luxuria,
988 1181 1363 1254 quodcunque
1386 1181 1689 1254 poposcerit
1715 1198 1853 1254 praef

269 1251 437 1309 mium
460 1253 641 1307 statim
663 1267 784 1308 esse
808 1251 1134 1314 donandum,
1157 1252 1367 1306 etiamsi
1394 1251 1671 1306 dimidium
1704 1252 1853 1320 regni

269 1321 468 1378 femina
498 1323 740 1393 petiisset
766 1362 782 1389 ,
831 1320 1120 1377 Salomone
1150 1329 1440 1377 attestante
1479 1323 1736 1390 quianon
1777 1331 1853 1375 est

269 1402 425 1463 caput
450 1392 603 1463 super
625 1403 780 1463 caput
821 1393 1095 1463 serpentis,
1144 1402 1323 1463 etnon
1350 1402 1426 1446 est
1461 1392 1664 1445 malitia
1704 1408 1855 1459 super

270 1460 528 1518 malitiam
571 1460 820 1516 mulieris.
869 1460 935 1515 Et
982 1463 1175 1517 iterum
1221 1479 1239 1517 :
1278 1461 1603 1517 Commorari
1632 1462 1766 1516 leoni
1802 1472 1853 1515 et

271 1534 487 1587 draconi
516 1533 736 1604 placebit
771 1535 828 1586 in
847 1532 1473 1604 eremo,_quam_habitare
1499 1549 1615 1604 cum
1641 1534 1853 1604 muliere

271 1620 491 1673 nequam
516 1600 728 1675 ’(Eccli.
759 1620 882 1675 xx_v,
913 1600 1002 1669 22,
1031 1600 1159 1675 25).
1191 1602 1456 1675 Culmine
1496 1603 1657 1675 igitur
1701 1617 1795 1675 reg
1821 1603 1850 1657 'i

270 1673 607 1755 contempto,
627 1682 788 1755 caput
800 1673 1023 1755 Joannis
1037 1673 1229 1742 petivit
1248 1675 1300 1728 in
1325 1674 1503 1755 disco;
1528 1673 1647 1742 plus
1667 1673 1854 1755 odiens

272 1759 395 1799 eum
418 1744 512 1812 qui
539 1744 817 1798 interdixit
841 1745 1125 1812 incestum,
1155 1759 1316 1814 quam
1361 1744 1588 1814 diligens
1610 1758 1732 1799 eum
1760 1744 1853 1812 qui

270 1816 596 1884 promiserat
617 1829 859 1882 regnum.
876 1813 1202 1869 Esset-ratur
1212 1813 1524 1884 magistrum
1536 1813 1852 1884 discipline,

311 1885 548 1939 razsumit
570 1884 637 1938 de
664 1881 965 1939 mercatore
993 1884 1235 1939 luxuriat.
1266 1881 1311 1938 Ο
1331 1886 1567 1953 nequitia
1595 1881 1806 1939 feminae
1833 1887 1845 1937 !

319 1955 448 2022 legit
476 1961 823 2009 contemnere
847 1955 1128 2018 honorem,
1179 1965 1235 2009 ut
1265 1932 1469 2008 lucruin
1501 1952 1700 2009 faceret
1726 1971 1849 2009 san-
1889 1932 1928 1990 Β

269 2026 512 2093 guinum.
545 2024 684 2080 Vere
703 2025 954 2094 quianon
977 2026 1177 2093 cogitat
1203 2025 1270 2079 de
1300 2025 1545 2093 imperio,
1569 2025 1655 2079 cui
1677 2026 1853 2081 carior

270 2103 358 2150 est
387 2094 620 2165 turpidn.
647 2094 856 2150 Recens
883 2096 1084 2150 exsecti
1112 2095 1305 2165 capitis
1332 2096 1546 2162 sanguis
1574 2095 1773 2149 ﬂuebat
1802 2096 1851 2150 in

269 2166 441 2240 disco,
470 2166 537 2220 ad
564 2166 820 2240 pietatem
853 2180 1152 2240 provocans
1166 2170 1372 2240 bonos,
1408 2173 1670 2240 terrorem
1697 2167 1851 2240 malis

270 2236 562 2299 incutiens,
594 2236 697 2289 hoc
724 2236 896 2289 solum
922 2236 1126 2291 scilicet
1150 2235 1318 2290 defuit
1339 2235 1608 2303 regalibus
1630 2239 1846 2290 mensis.

271 2305 562 2361 Multorum
608 2306 783 2377 credo
815 2306 922 2374 jam
976 2307 1150 2374 capita
1204 2307 1424 2374 piscium
1483 2306 1854 2377 pecudumque

310 2385 679 2436 accesserant,
698 2376 789 2429 sed
806 2385 1062 2444 quantum
1078 2385 1161 2431 est
1175 2377 1240 2429 ad
1261 2377 1462 2444 regiam
1485 2376 1853 2433 voluntatem?

317 2449 456 2501 otuit
482 2447 585 2501 hoc
612 2446 831 2500 forsitan
854 2456 908 2500 et
926 2448 1127 2516 privata
1148 2461 1332 2500 mensa
1362 2447 1695 2516 conspicere.
1712 2447 1851 2501 Nihil

270 2526 475 2581 actum,
518 2517 647 2570 nihil
678 2516 910 2584 denique
939 2526 1282 2586 procuratum
1326 2527 1495 2579 esset,
1527 2519 1571 2571 si
1600 2516 1875 2572 defuisset

271 2589 421 2658 regio
451 2589 676 2658 prandio
706 2597 865 2657 caput
893 2588 1204 2642 humanum.
1257 2586 1324 2640 Et
1375 2586 1479 2658 hoc
1518 2603 1623 2641 non
1656 2589 1852 2657 passim

271 2668 366 2711 aut
397 2656 532 2712 forte
562 2656 809 2726 vulgare,
859 2659 953 2712 sed
982 2658 1049 2712 de
1076 2672 1296 2712 carcere
1324 2656 1391 2711 ad
1417 2656 1667 2712 mensam
1694 2668 1856 2727 caput

269 2743 301 2780 a
331 2728 496 2782 latmn
526 2736 612 2782 est
649 2729 986 2798 prophetale.
1028 2726 1215 2782 Solent
1242 2742 1398 2796 reges
1423 2726 1856 2798 solemnitatibus

270 2800 384 2852 suis
413 2812 632 2867 magnas
650 2796 723 2853 ac
751 2796 994 2855 terrenas
1022 2797 1209 2867 epulas
1234 2814 1495 2867 qurerere,
1527 2796 1722 2853 llerodi
1746 2815 1855 2855 cce-

313 2869 353 2922 it
383 2877 435 2923 et
465 2884 651 2924 carcer
678 2868 898 2925 delicias
929 2870 1057 2924 mini
1092 2877 1253 2941 trare.
1301 2867 1365 2923 Et
1394 2869 1514 2924 ideo
1543 2886 1754 2941 semper
1776 2880 1857 2925 est

320 2954 386 2994 co
425 2948 573 3008 grata
604 2949 919 3008 paupertas,
946 2941 1100 3008 cujus
1129 2940 1280 2995 cibus
1294 2957 1415 2994 .non
1447 2940 1607 2994 habet
1635 2940 1854 3010 sangui-

271 3026 417 3081 nem,
441 3010 534 3081 sed
555 3010 853 3064 olusculum
878 3011 983 3081 vile
1008 3018 1283 3064 mansueta
1310 3031 1338 3062 ιι
1362 3013 1577 3081 supplet
1599 3016 1850 3068 esuriem.

268 3078 405 3152 Nam
439 3079 607 3152 tribus
628 3082 817 3152 pueris
859 3080 1019 3151 (Dan.
1050 3097 1086 3141 ι,
1122 3080 1206 3150 lli)
1257 3078 1445 3146 ribus,
1469 3078 1595 3152 'olrus
1621 3091 1676 3137 et
1704 3083 1853 3152 legu-

268 3150 417 3203 mina
446 3149 565 3203 fuit.
610 3149 1163 3218 Alioquin‘nunquam
1190 3149 1466 3205 'vincerent
1513 3149 1777 3219 ﬂammas,
1808 3155 1853 3208 si

267 3220 473 3293 vellent
515 3235 698 3274 amare
745 3222 980 3275 delicias.
1030 3221 1166 3293 Vere
1195 3222 1318 3291 quia
1351 3224 1523 3277 neseis
1561 3224 1687 3292 qui]
1730 3234 1854 3293 agat

268 3290 538 3360 impietas.
589 3306 708 3344 cum
739 3306 861 3345 eum
889 3307 1048 3361 quem
1081 3290 1225 3346 odis

268 3360 513 3415 damnas.
549 3358 744 3415 Utique
771 3377 891 3415 cum
924 3370 1181 3415 argenteo

268 3358 513 3433 damnas.
549 3358 744 3429 Utique
771 3358 1181 3430 cum'argenteo
1222 3358 1371 3433 disco
1415 3372 1576 3433 caput
1613 3358 1855 3419 exhiberi

270 3429 424 3500 iubes
440 3430 506 3485 ad
522 3446 779 3495 mensam,
801 3429 1023 3496 nonest,
1055 3440 1112 3485 ut
1141 3431 1346 3500 credis,
1379 3429 1638 3489 memoria
1665 3435 1859 3491 crude-

295 3502 461 3569 itatis,
510 3501 604 3556 sed
635 3502 776 3556 illius
811 3502 923 3569 jam
955 3510 1288 3557 monstratur
1316 3508 1478 3558 decus
1508 3506 1747 3560 honoris.
1779 3506 1854 3561 Ita

267 3573 415 3643 enim
441 3572 745 3643 portabitur
766 3580 821 3626 et
862 3573 929 3626 ad
957 3574 1154 3629 cmlam
1175 3609 1190 3633 ,
1223 3579 1282 3624 ut
1310 3574 1433 3627 inde
1464 3575 1557 3628 tibi
1586 3574 1854 3631 infensum

264 3640 498 3765 iudiciiin
529 3644 729 3697 earitet
759 3643 945 3706 Demn,
988 3645 1075 3698 cui
1116 3649 1197 3697 est
1228 3643 1398 3710 gloria
1430 3645 1481 3698 in
1532 3646 1854 3702 szeculorum

266 3727 410 3765 smeu
434 3729 484 3765 a.

266 3727 484 3768 saecula.

865 3849 1093 3905 SERMO
1123 3850 1251 3905 LVI.

596 3938 672 3994 De
705 3938 888 3995 Natali
912 3941 971 3995 S.
1000 3940 1224 3997 Joannis
1250 3940 1519 4011 Baptistw.

344 4052 549 4106 Bonum
604 4051 761 4106 nobis
812 4051 974 4106 hodie
1027 4053 1332 4107 convivium
1392 4055 1745 4121 prmcursoris
1799 4054 1853 4109 in

265 4130 783 4195 mensapncparatu
806 4141 835 4173 n
862 4130 945 4177 est
984 4122 1326 4195 confessoris.
1355 4121 1656 4195 Cyprianus
1677 4126 1853 4180 amico

268 4193 588 4265 hospitium,
614 4193 711 4247 sed
731 4191 967 4265 Joannes
994 4194 1149 4248 nobis
1176 4191 1698 4265 cmicste'prandium
1725 4211 1855 4265 prte-

310 4260 500 4336 aravit.
542 4260 775 4336 Joannes
798 4303 813 4326 ,
857 4264 1114 4336 inquam,
1152 4274 1207 4319 et
1244 4260 1565 4336 Cyprianus.
1597 4264 1691 4321 llle
1719 4260 1856 4336 puer

267 4279 500 4387 garavn.
542 4279 775 4321 Joannes
798 4303 813 4326 ,
857 4279 1108 4333 Inquam,
1152 4279 1207 4319 et
1244 4279 1565 4336 Cyprianus.
1597 4279 1691 4321 tlte
1719 4281 1855 4334 puer

323 4332 534 4405 replicta
561 4332 812 4405 Aliissimi
855 4332 1006 4403 (an.
1035 4351 1070 4397 ι,
1106 4335 1193 4405 76)
1213 4376 1228 4400 ,
1275 4338 1376 4390 iste
1405 4350 1570 4391 senex
1601 4335 1855 4393 sacerdos

267 4413 355 4458 est
382 4403 596 4457 Christi.
632 4402 725 4457 Ille
752 4402 1119 4460 sanetilicatus
1148 4402 1199 4459 in
1241 4415 1458 4471 ventre,
1503 4406 1605 4460 iste
1648 4408 1851 4460 sancti-

270 4474 463 4545 ﬁcatus
485 4474 535 4526 in
558 4488 656 4529 suo
680 4476 958 4545 sanguine.
991 4474 1084 4528 Ille
1114 4492 1311 4545 praeco,
1357 4478 1457 4533 iste
1483 4484 1713 4544 togatus.
1748 4475 1852 4531 Pro

267 4543 535 4598 ambobus
564 4560 701 4599 "illis
730 4544 976 4599 Christus
1005 4555 1087 4599 est
1115 4543 1425 4601 advocatus.
1471 4543 1561 4600 Ille
1598 4548 1854 4603 exsiliens

267 4616 324 4668 in
354 4624 530 4687 utero,
560 4614 661 4668 iste
691 4615 1025 4687 triumphans
1062 4616 1160 4671 sub
1183 4617 1377 4683 gladio.
1412 4617 1503 4672 llle
1533 4634 1847 4687 praecursor,

1956 617 2095 672 Ecce
2115 632 2358 689 carruca,
2379 631 2506 671 ecce
2526 617 2811 683 adventus,
2831 620 3005 688 qualis
3022 628 3100 674 est
3121 636 3296 689 pneco
3313 624 3505 677 missus
3519 633 3545 679 '.'

1956 686 2303 742 Prtccedebat
2347 702 2524 755 praeco
2561 696 2688 742 ante
2729 686 3005 743 carrucam
3036 686 3302 746 venientis
3330 690 3541 750 Domini

1957 757 2278 812 communis.
2302 756 2438 831 Quid
2463 758 2713 831 dicebat?
2731 758 2973 824 Domine,
2992 760 3235 831 prmi:ch
3263 775 3363 828 ego
3388 777 3540 831 gres-

1956 843 2046 904 sus
2067 836 2208 904 tuos,
2226 828 2346 904 quia
2357 837 2419 904 in
2441 829 2716 904 possediin
2737 845 2881 904 renes
2899 828 3039 884 meos
3064 828 3235 904 (Paul.
3261 828 3412 899 cuti,
3428 833 3537 904 15).

1955 896 2170 969 Gratias
2200 895 2313 969 tibi,
2352 895 2577 952 Domine
2610 916 2622 950 :
2658 908 2711 953 tu
2742 899 2858 953 vias
2886 915 3034 955 meas
3059 895 3126 955 de
3155 901 3313 969 longe
3339 895 3541 969 cogno-

1956 968 2097 1031 visti,
2129 976 2184 1020 et
2214 968 2343 1021 mihi
2376 969 2486 1021 vias
2518 976 2636 1021 tuas
2661 970 2931 1036 proximas
2959 968 3295 1025 commisisti.
3327 968 3542 1026 Gratias

1958 1038 2077 1104 tibi,
2121 1038 2372 1101 Domine,
2418 1040 2813 1107 pneposterasti
2840 1041 3205 1095 conditionem
3248 1057 3454 1106 meam,
3486 1050 3543 1096 et

1957 1107 2246 1177 promisisti
2289 1109 2513 1177 gratiam
2560 1117 2723 1162 tuam.
2770 1108 2940 1164 Mater
2969 1119 3058 1164 tua
3091 1112 3187 1164 ivit
3215 1111 3280 1165 ad
3311 1120 3539 1167 matrem

1957 1193 2152 1251 meam,
2176 1186 2346 1246 etego
2369 1180 2613 1251 praecedo
2640 1178 2974 1251 antei'aciem
2999 1190 3163 1235 tuam.
3188 1181 3399 1236 Gratias
3422 1183 3538 1251 tibi,

1962 1248 2184 1302 Domine
2211 1264 2223 1299 :
2254 1258 2309 1302 tu
2338 1248 2618 1325 suscepisti
2651 1264 2734 1304 me
2758 1249 2827 1325 de
2866 1258 3064 1325 ventre
3080 1252 3266 1305 matris
3295 1267 3448 1319 meae,
3482 1248 3541 1325 ut

1957 1332 2302 1386 agnoscerem
2328 1326 2381 1371 te
2406 1318 2458 1371 in
2487 1327 2640 1373 utero
2662 1322 2845 1373 matris
2868 1330 2989 1373 tua).
3018 1320 3289 1375 Maternus
3308 1337 3394 1376 tne
3421 1318 3538 1377 ute-

1956 1404 2048 1441 rus
2065 1389 2455 1459 intra_angustae
2474 1388 2641 1442 volva:
2654 1392 3001 1444 secretarimn
3021 1391 3235 1446 tenebat
3250 1392 3535 1459 inclusum;

1957 1458 2149 1513 misisti
2187 1456 2456 1512 Christum
2497 1466 2677 1523 tuum,
2730 1460 3040 1513 illuminasti
3081 1478 3176 1517 cor
3213 1456 3532 1518 maternum.

1956 1527 2142 1583 Misisti
2166 1528 2309 1582 intus
2329 1527 2598 1583 lucentem
2630 1528 2925 1599 lampadem
2952 1539 3126 1598 tuam,
3150 1541 3205 1585 ut
3236 1545 3334 1599 ego
3365 1546 3536 1599 agno-

1956 1614 2163 1672 scerem
2195 1606 2420 1672 matrem
2453 1607 2616 1672 tuam.
2648 1599 2851 1672 Obona
2884 1600 3150 1672 lampada,
3185 1618 3289 1672 non
3317 1618 3436 1672 qua:
3464 1602 3539 1657 di-

1956 1667 2073 1739 ligit
2097 1670 2370 1733 szeeulum,
2402 1668 2496 1724 sed
2527 1684 2644 1739 qua:
2673 1669 2843 1736 diligit
2870 1667 3084 1726 malum.
3116 1670 3172 1725 Si
3204 1667 3362 1726 vultis
3391 1683 3537 1728 recta

1958 1738 2132 1807 lingua
2164 1754 2369 1811 vocare
2398 1738 2549 1811 diem
2593 1739 2991 1811 lampadarum,
3044 1740 3248 1810 diligite
3277 1741 3535 1811 Spiritum

1955 1820 2209 1882 sanctum
2233 1826 2245 1861 :
2276 1808 2371 1865 sed
2396 1808 2503 1882 hoc
2521 1808 2784 1875 dolemus,
2808 1812 2933 1882 quia
2955 1819 3080 1882 sunt
3103 1808 3252 1865 multi
3278 1808 3368 1882 qui
3393 1812 3537 1868 diem

1955 1888 2152 1935 Vocant
2196 1879 2537 1948 lampadam,
2597 1888 2652 1936 et
2690 1889 2812 1933 sunt
2861 1881 2911 1935 in
2961 1881 3135 1935 medio
3166 1879 3531 1937 tenebrarum.
3606 1920 3611 1925 ι

1957 1949 2196 2033 Diximus
2216 1963 2346 2017 ergo
2366 1964 2603 2031 carruca:
2627 1950 2962 2032 qualitatem,
2984 1949 3212 2033 diximus
3230 1953 3538 2033 pneceden—

1958 2021 2025 2081 tis
2046 2020 2335 2092 legitimam
2359 2020 2669 2092 servitutem
2705 2038 2722 2092 :_
2752 2021 3030 2075 veniamus
3054 2022 3120 2075 ad
3144 2020 3310 2092 ipsius
3337 2023 3539 2079 adven-

1958 2099 2040 2144 tus
2067 2091 2322 2163 dominici
2345 2089 2674 2156 dignitatem.
2700 2090 2836 2163 Ante
2858 2107 3134 2163 carrucam
3165 2089 3522 2163 imperatoris

1955 2163 2045 2239 qui
2071 2161 2381 2239 praecedunt
2407 2161 2993 2239 meta_tores,_palatini,
3028 2161 3382 2239 prometores,
3422 2165 3537 2239 iri-

1957 2231 2103 2294 buni,
2128 2230 2294 2285 duces
2340 2238 2395 2283 et
2422 2232 2667 2296 comites,
2700 2231 2878 2298 signa,
2920 2230 3183 2287 dracones
3230 2242 3285 2286 et
3314 2234 3533 2297 vexilla,

1955 2310 2011 2356 et
2031 2301 2312 2354 llammula:
2335 2300 2437 2353 illa:
2459 2301 2892 2355 coneordissima:
2908 2317 3206 2371 pannorum
3229 2300 3539 2359 diversitate

1955 2372 2268 2439 gaudentes,
2296 2371 2436 2424 tuba:
2462 2379 2733 2436 sonantes,
2758 2372 2918 2425 urbes
2941 2380 3248 2436 trementes,
3277 2374 3535 2428 innocent-

1959 2450 2038 2496 tes
2066 2441 2380 2512 gaudentes,
2433 2440 2512 2494 rei
2565 2441 2833 2495 timentes.
2867 2441 3004 2496 Ante
3056 2458 3333 2497 carrucam
3377 2441 3539 2512 Regis

1958 2512 2126 2566 nostri
2148 2511 2424 2565 videamus
2443 2526 2563 2581 qua:
2602 2512 2910 2581 praecedunt
2942 2530 2954 2565 :
2981 2514 3306 2567 venerabilia
3361 2529 3539 2569 sacra-

1957 2590 2156 2645 menta,
2182 2582 2460 2649 templum,
2489 2580 2685 2635 Saneta
2706 2591 3047 2645 Sanctorum,
3079 2582 3247 2637 altare
3295 2598 3534 2647 aureum,

1960 2652 2409 2729 propitiatorium,
2442 2652 2532 2729 ubi
2558 2660 2650 2729 est
2696 2652 2943 2729 remissio
2986 2665 3374 2729 peccatorum;
3405 2670 3535 2729 urna

1958 2735 2145 2788 aurea,
2169 2720 2221 2773 in
2251 2736 2354 2788 qua
2395 2729 2479 2773 est
2518 2720 2680 2775 sortis
2734 2723 2926 2776 divina:
2976 2720 3264 2790 judicium,
3291 2740 3399 2778 non
3429 2726 3540 2780 ele-

1955 2792 2152 2863 ctionis
2172 2792 3029 2863 humana;constabatarbitrium
3053 2792 3359 2863 :Chernbin
3408 2809 3538 2863 pro-

1959 2861 2190 2929 tegentia
2229 2860 2664 2931 propitiatorium
2695 2862 2791 2917 alis
2812 2863 2941 2925 suis,
2974 2870 3029 2916 et
3058 2861 3340 2930 deligentia
3368 2860 3539 2920 oculis

1955 2934 2095 3000 suis;
2118 2930 2265 3002 virga
2300 2930 2610 2996 ﬂorescens,
2644 2946 2838 2988 manna
2871 2931 2936 2989 ad
2971 2933 3183 3004 pietatis
3213 2934 3539 3004 exemplum,

1957 3006 2082 3077 quia
2110 3001 2296 3077 panem
2325 3004 2439 3077 ereti
2487 3004 2629 3077 dedit
2658 3006 2760 3060 illis
2786 3003 2954 3077 (Psal.
2974 3001 3187 3074 'Lxxvn,
3220 3001 3333 3077 24).
3363 3001 3439 3059 lbi
3487 3014 3541 3077 et

1959 3076 2154 3129 tabulm
2175 3075 2433 3145 doctrina:
2461 3076 2697 3130 cmlestis
2743 3074 2882 3130 datte
2911 3076 3185 3145 discipulis
3229 3075 3416 3141 bonis,
3446 3074 3541 3130 sed

1959 3144 2302 3216 factmiduris.
2336 3144 2413 3199 lbi
2458 3146 2730 3210 sacerdos,
2762 3146 2833 3200 ibi
2863 3162 2975 3212 ara,
3005 3144 3075 3202 ibi
3132 3144 3320 3216 ﬂagrat
3349 3148 3538 3204 ineer

1956 3230 2093 3284 sum.
2126 3215 2199 3269 lbi
2223 3217 2444 3284 angelus
2466 3231 2587 3270 cum
2619 3216 2837 3270 homine
2868 3226 3011 3271 astat
3054 3218 3120 3272 ad
3150 3215 3314 3273 unum
3349 3220 3539 3276 altare.

1279 3293 1358 3346 [us
1401 3282 1636 3349 honorﬁjs
1690 3282 1851 3362 quam
1881 3301 1925 3362 ς
1958 3282 2170 3362 Gratias
2219 3282 2622 3362 tibi,_Domiue_,
2683 3285 2968 3362 paciﬁcare
3018 3290 3225 3362 cmpisti
3282 3292 3541 3362 sanguine

1963 3357 2138 3430 crucis
2164 3358 2429 3430 tuae,sive
2445 3357 2643 3430 qumin
2666 3357 2817 3430 cadis
2845 3366 2989 3423 sunt,
3019 3357 3129 3430 sive
3154 3375 3274 3430 qua:
3294 3357 3535 3430 interra.

1962 3424 2134 3481 Hodie
2156 3428 2379 3495 angelus
2418 3424 2539 3495 cum
2575 3426 2792 3482 homine
2818 3438 2956 3481 astat
2980 3429 3046 3483 ad
3073 3424 3262 3485 altare.
3323 3429 3538 3487 Utinam

1961 3504 2131 3572 staret
2158 3494 2434 3572 nobiscum
2461 3494 2697 3572 Gabriel,
2733 3498 3053 3572 ut_puritate
3080 3509 3303 3572 paterna
3332 3517 3432 3572 per
3449 3517 3540 3559 so-

1960 3568 2209 3639 cietatem
2239 3568 2535 3639 angelicam
2563 3566 2769 3636 fugeret
2798 3566 3029 3639 fraterna
3054 3566 3349 3639 discordia,
3372 3581 3427 3628 et
3453 3588 3541 3628 re-

1962 3637 2286 3711 formaretur
2313 3638 2531 3706 antiqua
2561 3639 2870 3711 concordia.
2904 3638 3193 3694 Videamus
3219 3637 3349 3711 ergo
3371 3657 3545 3711 auges

1962 3707 2070 3760 lum
2098 3708 2421 3771 venientem,
2454 3709 2789 3763 sacerdotem
2835 3724 2957 3762 cum
3001 3720 3235 3765 tremore
3262 3707 3494 3767 stantem
3521 3732 3542 3767 :-

1959 3777 2106 3831 illum
2139 3777 2491 3839 nuntiantem,
2526 3778 2684 3831 istum
2739 3778 3043 3832 audientem
3073 3788 3123 3833 et
3154 3796 3259 3834 non
3316 3782 3542 3837 creden—.

1959 3855 2087 3901 tem.
2114 3844 2277 3901 Stetit
2303 3848 2482 3902 subito
2510 3846 2763 3911 cmlestis,
2788 3856 2843 3902 et
2862 3848 3085 3917 spiritali
3108 3851 3291 3905 volatu
3318 3853 3547 3909 veniens

1958 3917 2176 3992 spiritus
2195 3925 2249 3971 et
2275 3918 2411 3992 ignis
2437 3917 2632 3972 ardens
2664 3919 2828 3992 :_quia
2860 3919 2974 3992 ipse
3003 3919 3130 3990 facit
3155 3922 3371 3992 angelos
3414 3939 3536 3978 suos

1955 3987 2185 4111 φήμη,
2201 3996 2248 4040 et
2269 3989 2529 4043 ministros
2542 4004 2660 4041 suos
2675 3989 2846 4059 ignem
2862 3987 3125 4042 ardentem
3144 3987 3314 4062 (Paul.
3331 4008 3438 4057 cui,
3457 3992 3547 4062 4).,

2006 4059 2136 4111 enit.
2162 4059 2330 4111 stetit.
2361 4058 2630 4111 convenit.
2662 4058 2801 4111 tollit
2823 4064 3102 4111 terrorem.
3136 4070 3228 4111 dat
3274 4064 3547 4111 securitas

2006 4059 2136 4120 enit,
2162 4059 2330 4122 stetit,
2361 4058 2630 4121 convenit,
2662 4058 2801 4111 tellit
2823 4064 3102 4122 terrorem,
3136 4058 3228 4114 dat
3274 4058 3547 4117 securitas

1957 4135 2085 4181 tem.
2120 4126 2205 4182 Ne
2234 4130 2432 4193 timeas,
2462 4129 2653 4196 inquit,
2682 4126 2961 4189 Zacharia,
2992 4129 3267 4185 incensum
3299 4139 3446 4186 tuum
3470 4134 3551 4187 de

1944 4199 2421 4271 aureotburibulo
2451 4199 2597 4271 fumo
2618 4199 2757 4253 dulci
2789 4199 3090 4271 prosiliens,
3115 4217 3275 4271 super
3313 4219 3539 4257 aureum

1956 4268 2008 4322 in
2037 4268 2174 4341 cado
2194 4266 2441 4341 ilagravii
2462 4269 2653 4333 altare,
2684 4278 2738 4322 et
2767 4266 2987 4341 otnneni
3012 4266 3301 4341 lictilic'avit
3328 4272 3549 4341 angeli-,

1955 4353 2074 4393 eam
2107 4336 2391 4405 legionem.
2418 4338 2493 4393 De
2519 4354 2621 4408 qua
2652 4352 2751 4406 ego
2775 4340 2923 4393 curia
2950 4336 3167 4395 Gabriel
3195 4342 3262 4396 ad
3286 4348 3340 4397 te
3360 4336 3538 4398 curia-

1956 4408 2022 4463 lis
2042 4408 2233 4463 adveni
2275 4410 2325 4462 in
2359 4424 2466 4462 uno
2498 4408 2611 4478 jam
2642 4410 3043 4478 incensogcmlo
3093 4413 3361 4478 gaudente
3415 4429 3551 4474 cum_

1956 4479 2174 4553 mundo.
2210 4478 2296 4553 Ne
2313 4476 2517 4553 timeas,
2548 4478 2807 4553 loc/tario
2835 4476 2983 4553 (Luc.
3010 4496 3046 4545 ι,
3076 4476 3186 4550 13),
3220 4485 3376 4538 video
3414 4485 3553 4553 quia

1957 4551 2012 4620 iii
2043 4560 2095 4605 te
2114 4550 2462 4620 sacerdotalis
2488 4552 2650 4607 vestis
2678 4559 2823 4605 metu
2856 4550 3108 4605 inclinata
3148 4562 3406 4620 quassata
3429 4550 3532 4611 est.

1958 4617 2044 4675 Ne
2069 4621 2268 4690 timeas,
2298 4619 2579 4685 Zacharia,
2607 4620 2754 4690 pacis
2783 4622 2876 4675 tibi
2904 4621 3047 4675 venit
3070 4617 3305 4685 nuntius,
3336 4640 3444 4680 non
3473 4624 3553 4679 ti-_

267 4686 373 4765 iste
399 4683 694 4739 confessor.
736 4683 1148 4765 ille‘immensa,
1176 4697 1232 4739 et
1261 4688 1362 4765 iste
1378 4689 1488 4765 sub
1518 4683 1722 4765 thensa.
1755 4683 1851 4746 me
1885 4687 1931 4747 ι)
1959 4691 2143 4745 moris.
2176 4683 2261 4743 Ne
2298 4691 2498 4753 timeas,
2526 4683 2779 4765 exaudita
2808 4701 2884 4744 est
2913 4692 3078 4765 oratio
3132 4683 3549 4765 tua__(Ibidem),

268 4757 324 4809 in
349 4769 530 4808 mensa
552 4767 713 4823 caput
731 4755 1088 4824 perdidit,sed
1111 4772 1214 4809 non
1238 4758 1415 4811 amisit
1435 4776 1448 4821 ;
1468 4760 1569 4812 iste
1592 4760 1641 4811 in
1666 4775 1848 4815 mensa

266 4834 436 4897 caput
466 4841 568 4897 non
600 4826 849 4894 perdidit;
883 4832 975 4879 sed
1007 4826 1227 4880 invenit.
1261 4826 1407 4881 Illius
1432 4829 1574 4882 enim
1606 4837 1767 4897 caput
1798 4831 1847 4884 in

242 4896 481 4966 catino,
511 4894 661 4950 istius
684 4907 846 4964 caput
875 4897 926 4949 in
958 4897 1173 4966 templo.
1226 4896 1397 4951 Ambo
1428 4899 1479 4951 in
1510 4894 1729 4965 mensa,
1755 4901 1849 4953 sed

262 4976 319 5019 ct
338 4965 497 5036 ambo
518 4966 617 5036 sub
641 4981 845 5033 mensa,
867 4967 958 5033 qui
978 4967 1128 5031 vidit,
1151 4968 1342 5036 inquit,
1361 4970 1565 5022 animas
1581 4968 1848 5036 justorum

263 5035 370 5091 sub
390 5050 489 5089 .ara
531 5035 622 5089 Dei
673 5039 855 5106 (Apoc.
891 5052 960 5098 vi,
1002 5036 1078 5106 9).
1113 5035 1223 5091 Sub
1252 5053 1341 5092 ara
1368 5035 1624 5105 Joannes,
1649 5040 1715 5093 de
1743 5056 1850 5106 quo

263 5114 444 5179 mater
488 5106 684 5179 sterilis
722 5107 1116 5179 erubescebat,
1167 5117 1222 5160 et
1268 5124 1427 5179 super
1456 5124 1603 5169 aram
1645 5110 1851 5179 positus

261 5176 531 5241 Christus,
554 5175 620 5247 de
640 5192 749 5245 quo
771 5184 942 5231 mater
968 5167 1119 5244 virgo
1146 5167 1430 5245 gaudebat.
1464 5167 1568 5233 Sed
1595 5167 1849 5247 quoniam

266 5262 377 5300 non
398 5246 615 5315 propria
638 5256 764 5300 sunt
784 5262 1003 5317 munera
1029 5247 1141 5310 Dei,
1169 5250 1553 5317 assumpsimus
1581 5246 1648 5303 ab
1677 5250 1851 5305 amico

265 5317 320 5369 in
347 5317 611 5389 honorem
628 5316 803 5373 amici.
838 5316 1175 5389 Dimittamus
1206 5316 1476 5389 paulisper
1504 5319 1694 5389 palmis
1738 5322 1850 5376 suis

261 5396 320 5440 et
359 5386 644 5456 triumphis
672 5395 984 5460 contentam
1013 5388 1299 5460 glorioSam
1330 5386 1607 5460 utri-usque
1638 5391 1847 5460 passio-

264 5471 423 5519 nem,
474 5466 529 5510 et
574 5456 854 5511 credamus
882 5459 1247 5511 admirabilem
1278 5456 1651 5516 nativitatemI
1677 5458 1848 5517 llodie

263 5541 444 5596 pch
474 5526 707 5581 nascitur
740 5546 751 5580 :
783 5528 875 5582 sed
905 5529 1159 5597 quoniam
1189 5528 1419 5595 dignitas
1447 5531 1717 5586 dissimilis
1747 5547 1848 5587 nec

263 5598 530 5652 adventus
556 5597 796 5666 mqualis,
827 5613 1002 5667 pneco
1026 5599 1168 5652 venit
1195 5599 1245 5652 in
1272 5599 1435 5654 rheda
1464 5602 1641 5664 senili,
1672 5601 1844 5656 Judex

263 5678 449 5721 autem
490 5667 541 5719 in
571 5682 792 5723 carruca
823 5668 969 5722 venit
997 5668 1260 5736 virginali.
1303 5670 1430 5736 Qua:
1473 5686 1695 5727 carruca
1736 5688 1846 5727 non

262 5737 367 5792 soli
390 5745 624 5811 estnata
643 5737 782 5807 viro,
812 5737 1178 5811 sed_Domino.
1214 5739 1468 5795 Dicuntur
1495 5743 1848 5811 imperatores

262 5808 467 5879 terreni
483 5807 622 5861 inter
633 5823 883 5864 carrucas
896 5809 1154 5871 diversas,
1176 5824 1402 5879 quarum
1431 5807 1675 5868 sessione
1698 5820 1851 5868 utun-

265 5886 380 5944 tur,‘
390 5877 588 5953 habere
608 5886 905 5953 carrucam,
925 5880 977 5933 in
999 5895 1102 5950 qua
1134 5877 1309 5937 nullus
1325 5881 1531 5949 sedeat,
1558 5882 1681 5953 quaa‘
1696 5899 1851 5939 voca-

264 5957 355 6005 tur
373 5948 631 6022 angelica.
656 5948 761 6005 lsta
781 5965 1000 6008 carruca
1019 5948 1129 6006 non
1156 5958 1362 6007 tantum
1393 5948 1651 6024 angelica,
1675 5955 1769 6012 sed
1795 5963 1849 6010 et

1957 4769 2013 4813 et
2043 4770 2098 4814 tu
2127 4776 2275 4814 ames
2305 4761 2643 4829 prmsentiam
2692 4776 2887 4814 meam.
2934 4760 3170 4826 Dimitte,
3205 4761 3413 4817 dimitte
3442 4760 3549 4819 an;

1958 4832 2165 4906 tiquum
2215 4831 2484 4906 paulisper
2530 4830 3109 4906 obsequium,r_iovutli
3160 4846 3227 4906 es
3284 4848 3370 4886 me
3414 4837 3537 4890 audi

1957 4900 2305 4970 responsum.
2326 4900 2543 4961 Dimitte
2571 4900 2888 4970 obsequium
2919 4901 3057 4955 istud
3103 4902 3337 4971 antiqua:
3376 4907 3542 4959 servi-

1959 4973 2086 5043 tutis
2110 4973 2163 5024 in
2190 4971 2338 5043 cultu
2366 4971 2519 5043 legis,
2543 4971 2631 5025 ubi
2660 4971 3198 5043 sacerdos_iulroibat
3227 4988 3324 5043 per
3366 4972 3543 5043 singu-

1959 5041 2038 5100 los
2058 5055 2228 5099 annos
2257 5042 2309 5094 in
2338 5036 2598 5111 sanguine
2650 5041 2847 5096 alieno.
2900 5036 3037 5096 Ecce
3065 5036 3246 5111 veniet
3275 5036 3544 5100 Sacerdos

1958 5112 2050 5178 qui
2074 5110 2239 5167 semel
2262 5110 2503 5165 introibit
2532 5112 2584 5165 in
2611 5112 2872 5181 sanguine
2898 5126 3018 5166 suo.
3044 5110 3227 5177 Qualis
3246 5113 3546 5168 sacerdos?

1959 5181 2547 5252 I'ontifexifuturorum,
2578 5182 2803 5249 amplius
2831 5190 2878 5235 et
2916 5182 3193 5252 perj’eqtius
3225 5181 3537 5252 tabernacu-

1953 5254 2060 5305 lum
2084 5249 2357 5306 tcdilicans
2404 5269 2508 5305 non
2552 5249 2926 5322 manufactum'
2958 5249 3117 5322 (Ηεὸ.
3150 5268 3224 5317 tx,
3251 5250 3366 5319 11),
3397 5256 3541 5321 quod

1952 5323 2104 5390 virgo
2125 5323 2328 5389 genuit,
2358 5331 2413 5377 et
2442 5323 2605 5377 homo
2646 5319 2940 5394 ignoravit.
2966 5319 3147 5391 Neque
3188 5338 3279 5393 per
3327 5319 3545 5394 sangui-

1954 5408 2070 5446 nem
2091 5394 2352 5445 hircorum
2367 5402 2416 5446 et
2436 5394 2725 5454 vitulorum,
2752 5391 2805 5451 in
2834 5392 3029 5461 quibus
3053 5407 3159 5445 non
3189 5391 3273 5447 est
3295 5391 3545 5448 remissio

1952 5470 2327 5532 peccatorum;
2358 5462 2449 5515 sed
2479 5478 2568 5532 per
2595 5464 2857 5533 proprium
2906 5461 3215 5533 sanguinem
3265 5464 3427 5517 intrat
3457 5479 3543 5518 se-

1949 5532 2050 5609 mel
2070 5533 2123 5586 in
2152 5542 2354 5609 saucia,
2380 5541 2574 5586 (eterna
2599 5532 2946 5609 redemptione
2977 5532 3181 5609 reperta
3206 5532 3393 5609 (Ibid._,
3428 5532 3541 5605 12).

1948 5603 2039 5658 Sic
2065 5604 2245 5658 veniet
2266 5601 2526 5671 Princeps
2548 5602 2889 5657 sacerdotum
2919 5619 2937 5671 :_
2966 5601 3060 5656 sed
3088 5601 3223 5659 aute’
3265 5612 3321 5658 tu
3371 5604 3424 5658 in
3453 5601 3545 5660 se-

1948 5682 2105 5744 necta
2154 5669 2643 5744 suscipies__lilium.
2693 5669 3014 5743 Quomodo,
3067 5671 3315 5739 Domine,
3347 5673 3553 5744 inquit,

1952 5743 2047 5798 lict
2074 5744 2253 5815 istud?
2276 5741 2529 5815 Conditio
2559 5741 2664 5797 hoc
2684 5741 2917 5815 abnegai
2937 5741 3549 5815 senectutis,_magnum

1949 5828 2052 5884 ego
2082 5813 2251 5877 audio
2284 5812 2532 5866 nuntium
2573 5812 2857 5868 novitatis.
2880 5812 3204 5886 Quomodo?
3237 5812 3355 5886 Ego
3383 5812 3545 5886 iam

1951 5883 2089 5957 tum,
2117 5892 2165 5937 et
2181 5899 2323 5957 uxor
2351 5899 2465 5938 mea
2494 5900 2771 5957 progressa
2813 5884 2982 5957 estin
3009 5883 3186 5938 diebus
3231 5883 3343 5957 suis
3386 5883 3541 5957 (Luc.

1953 5969 1998 6022 ι,
2034 5954 2144 6026 18),
2179 5951 2426 6026 Magnum
2450 5951 2665 6023 erat,'si
2688 5968 2772 6011 me
2795 5953 3037 6013 audisses
3064 5970 3184 6011 cum
3209 5951 3404 6028 gratia,
3427 5971 3536 6012 non
