3996 6514
625 417 728 474 9“2“Ι

1662 413 2003 469 Al’PI-ZNDIX
2045 417 2134 471 AD
2171 418 2227 473 S.
2268 417 2627 475 FULCI‘INTII
2668 420 2919 527 O/I’IillA.

3735 434 3804 491 923

627 542 772 588 esset
792 536 1176 609 ptenasecuta,
1210 530 1304 583 sed
1333 530 1521 609 gloria.
1571 529 1706 609 Quia
1735 530 1871 609 dixit
1897 546 1960 609 o_s
2006 547 2203 598 meum,
2239 542 2284 595 Α
2315 535 2367 589 in
2400 551 2604 609 antorg,
2637 537 2951 609 demonstra
2983 554 3051 593 oe
3077 555 3259 609 grege.
3296 540 3359 595 Et
3415 552 3467 596 tu
3500 547 3604 600 ovis
3645 562 3803 609 erasa

627 612 682 657 et
704 599 810 656 non
837 599 1067 655 credidit
1085 615 1181 654 cer
1203 609 1373 666 tuum,
1399 600 1623 655 tabescit
1650 616 1713 655 os
1735 608 1908 654 tuum.
1933 600 2077 655 Intus
2104 618 2204 657 an-

628 672 779 740 gelus
805 685 926 726 cum
948 669 1168 725 homine
1187 671 1465 725 sacerdote
1493 686 1797 726 sermonem
1844 671 2049 726 cmlesti
2079 673 2204 727 tuba

628 742 888 798 miscebat
930 758 942 793 :
978 756 1085 795 non
1137 741 1441 795 credentem
1498 740 1933 805 condemnabat,
1977 751 2033 795 et
2077 740 2208 798 foris

628 810 1047 881 oransnpopulus
1069 811 1134 865 de
1162 810 1408 865 tarditate
1435 812 1730 867 sacerdotis
1750 812 1971 866 nimium
2002 813 2209 881 cogita-

628 882 741 938 bat.
774 880 1030 950 Egressus
1053 891 1132 936 est
1154 882 1406 935 sacerdos
1436 892 1614 936 mutus
1635 891 1690 936 et
1720 882 2026 936 incredulus
2045 924 2060 949 ,
2080 880 2205 938 me-

628 950 735 1007 lius
752 967 891 1007 nova
924 952 1100 1019 lingua
1132 950 1253 1022 fidei
1279 951 1573 1006 locuturus.
1601 951 1835 1022 Populus
1856 954 2210 1022 exspectabat

630 1037 983 1094 responsum,
1032 1037 1137 1094 non
1186 1021 1492 1094 intelligens
1540 1021 1968 1094 sacramentum.
2015 1022 2210 1094 Stupet

628 1089 829 1161 grande
850 1092 1183 1161 miraculum.
1215 1089 1307 1145 Ille
1327 1091 1507 1159 digitis
1527 1092 1815 1156 annuebat,
1836 1089 2208 1149 tantummolo

627 1158 816 1217 volens
842 1158 1021 1227 digitis
1046 1170 1102 1215 et
1126 1162 1361 1216 molibus
1389 1158 1626 1218 indicare
1649 1162 1792 1230 quod
1821 1176 1930 1215 non
1958 1163 2206 1219 credide-

628 1240 715 1286 rat
734 1232 1000 1303 sensibus.
1031 1230 1241 1287 Nonsic
1265 1233 1355 1287 ille
1384 1230 1638 1303 Princeps
1659 1233 2001 1287 sacerdotum
2026 1234 2208 1288 veniet

627 1303 697 1356 de
749 1301 899 1358 cmlis
967 1304 1169 1356 sanctis
1201 1320 1214 1356 :
1245 1318 1351 1356 non
1400 1301 1587 1357 veniet
1623 1311 1822 1373 mutus,
1878 1303 2003 1373 quia
2070 1303 2209 1359 Deus

626 1381 803 1444 noster
820 1373 1004 1444 veniet,
1028 1382 1079 1426 et
1104 1390 1208 1428 non
1228 1374 1395 1427 silebit
1426 1374 1598 1441 (Psal.
1622 1389 1746 1444 nux
1762 1414 1777 1437 ,
1807 1371 2061 1444 '5)._Ecce
2089 1389 2207 1429 mo-

626 1442 697 1496 do
720 1442 977 1512 templum
1005 1451 1089 1497 est
1118 1452 1288 1498 totum
1308 1444 1581 1498 sicculum.
1610 1442 1797 1497 Omnis
1825 1442 1927 1497 iste
1974 1445 2209 1499 mundus

631 1513 891 1583 templum
918 1520 1020 1575 est,
1051 1516 1103 1567 in
1127 1514 1279 1583 atriis
1305 1514 1487 1567 monii
1515 1523 1769 1583 tanquam
1802 1513 1989 1583 templi
2030 1516 2209 1569 omnis

627 1582 728 1637 ista
746 1582 906 1654 turba
954 1584 1152 1652 ubique
1179 1582 1367 1654 diﬂ'usa
1416 1585 1603 1638 horam
1626 1582 1639 1583 ί
1659 1582 1970 1652 exspectat,
1991 1586 2210 1654 quando

626 1653 881 1708 sacerdos
905 1654 1177 1721 egreditur
1216 1654 1282 1708 de
1309 1653 1506 1709 Sancta
1554 1663 1892 1715 sanctorum,
1926 1664 1986 1707 ut
2015 1653 2211 1710 inferat

626 1739 735 1776 non
760 1734 958 1776 novum
990 1724 1253 1786 nuntium,
1283 1729 1375 1778 sed
1399 1723 2039 1792 metuendumjudicium.
2063 1723 2209 1790 Quo-

626 1794 790 1848 modo
812 1793 1029 1848 veniet?
1053 1792 1298 1849 fenestra:
1318 1795 1577 1849 ctclorum
1622 1797 1953 1863 aperientur,
1978 1795 2029 1847 in
2058 1803 2204 1850 metu

626 1863 730 1935 erit
755 1864 1001 1935 universa
1022 1872 1286 1918 creatura.
1312 1865 1636 1935 Angelorum
1689 1866 1853 1920 etiam
1883 1865 1995 1935 ipsa
2028 1864 2205 1920 ollicia

625 1933 884 2004 incipient
936 1942 1085 1989 metu
1151 1935 1510 1990 concutientis
1566 1934 1864 1989 formidinis
1902 1933 2202 2002 ‘zcstuare,

625 2004 845 2073 quando
890 2004 1111 2073 incipiet
1151 2018 1319 2073 genus
1365 2005 1656 2059 humanum
1690 2014 1981 2059 trementer
2009 2005 2203 2060 audiri.

624 2072 937 2129 Pnecedent
954 2074 1102 2129 illum
1123 2072 1378 2145 obsequia
1401 2076 1665 2135 cmlestia,
1696 2085 1948 2145 tanquam
1978 2076 2207 2131 nubiferi

625 2159 873 2214 carrue.e_
902 2145 1169 2199 venientis
1194 2144 1395 2200 Judicis
1442 2145 1511 2200 de
1562 2146 1689 2201 sede
1736 2144 1832 2200 sua
1863 2146 1999 2214 ignis
2019 2189 2034 2213 ,
2066 2154 2206 2201 tem-

625 2222 827 2284 pestas,
852 2212 1100 2278 ﬂammic,
1128 2230 1356 2270 vermes.
1397 2214 1650 2269 Flamma!
1697 2230 1815 2284 quae
1845 2212 1951 2270 non
2001 2212 2208 2272 exstin-

624 2292 1120 2356 guunturhvermcs
1170 2286 1261 2356 qui
1312 2301 1418 2356 non
1470 2286 1791 2347 moriuntur,
1825 2286 2017 2341 ﬂuvius
2047 2288 2201 2355 ignis,

624 2352 855 2409 thronus
880 2352 1399 2424 ﬂammeusCAngeli
1429 2370 1551 2410 cum
1573 2372 1706 2412 voce
1734 2366 1789 2409 et
1820 2358 1943 2410 Iuba
1991 2352 2205 2425 magna,

624 2434 973 2496 monumenta
994 2427 1257 2495 disrupta,
1285 2442 1392 2481 non
1419 2426 1597 2493 lingua
1624 2426 1868 2496 confusa.
1922 2426 2040 2496 Ip.e
2067 2443 2203 2496 qua-

625 2493 692 2549 lis
720 2495 834 2567 quiu
860 2497 1084 2550 uisitauit
1132 2493 1225 2550 nos
1254 2499 1424 2551 oriens
1468 2512 1534 2550 ea:
1580 2497 1685 2550 alto
1740 2495 1893 2567 (Luc.
1928 2493 1962 2559 ιζ
2007 2493 2118 2567 Ἶὸ),
2151 2506 2207 2552 et

624 2565 1027 2637 nscenditsuper
1048 2567 1204 2621 caelos
1216 2569 1458 2621 cartorum
1478 2567 1548 2619 ad
1570 2569 1815 2622 orientem
1842 2566 2014 2637 (Psal.
2040 2565 2204 2634 mu,

627 2632 749 2706 ξι).
784 2632 976 2706 Veniet
996 2644 1051 2691 et
1078 2638 1227 2691 dabit
1250 2653 1435 2693 vocem
1457 2652 1726 2706 magnam,
1756 2632 1942 2691 vocem
1971 2632 2205 2693 virtutis.

625 2703 902 2777 Pnecedei
924 2705 1071 2760 illum
1101 2706 1385 2777 propheta,
1410 2703 1596 2761 dicens
1624 2724 1637 2760 :
1666 2706 1866 2760 Timent
1895 2710 2063 2762 omnis
2082 2725 2206 2763 caro

623 2790 657 2826 a
686 2776 821 2850 facis
858 2774 1119 2850 Domini;
1143 2774 1261 2850 quia
1317 2778 1539 2850 surrexit
1578 2778 1642 2850 de
1688 2777 2207 2850 habitaculoisancm

628 2860 721 2917 suo
752 2844 939 2915 (Zach.
972 2863 1028 2910 ιι.
1059 2844 1170 2917 15)ζ
1205 2846 1344 2917 Ergo
1371 2848 1544 2902 securi
1584 2848 1637 2902 in
1681 2863 1776 2902 sua
1825 2849 2012 2917 judicii
2055 2863 2205 2917 qua:-

624 2914 802 2985 stione
825 2914 1157 2979 maneamus.
1193 2919 1243 2972 id
1273 2914 1536 2985 agendum
1565 2918 1720 2972 nobis
1749 2914 1851 2982 est,
1887 2926 1947 2973 ut
1999 2914 2206 2973 servia-

624 2999 746 3060 tn_u_s
770 2984 997 3042 Domino
1022 2989 1072 3042 in
1097 2992 1296 3060 pietate
1314 2984 1373 3060 et
1386 2988 1593 3059 jnstitia
1622 3004 1798 3043 coram
1826 2990 1939 3060 ipso
1972 2989 2207 3044 omnibus

626 3054 807 3110 diebus
837 3059 1030 3113 nostris
1061 3054 1211 3130 (Luc.
1239 3075 1276 3125 ι,
1310 3054 1419 3130 75}.

1221 3195 1456 3253 SERMO
1485 3194 1637 3252 LVII.

876 3290 952 3345 De
968 3300 1148 3345 sancto
1183 3289 1358 3357 Petro,
1389 3290 1475 3345 ubi
1510 3290 1635 3344 dicit
1664 3288 1959 3347 Dominus:

1153 3379 1321 3437 Pasce
1356 3397 1486 3438 oves
1513 3397 1682 3437 meas.

697 3474 1228 3551 Salus_tota__gregis
1256 3475 1489 3551 crciestis
1518 3486 1600 3551 est
1647 3493 1774 3532 cura
1829 3479 2079 3551 pastoris,
2116 3481 2209 3551 qui

629 3546 910 3617 descendit
930 3547 1197 3617 inclinatis
1243 3546 1413 3611 ccelis,
1438 3554 1494 3601 ut
1518 3546 1762 3615 jacenles
1792 3546 2026 3616 erigeret
2055 3546 2204 3617 oves,

626 3630 763 3684 quas
788 3616 1056 3690 dispersas
1086 3615 1288 3673 fecerat
1319 3618 1424 3690 lupi
1456 3632 1564 3687 pra:
1587 3620 1661 3690 la“
1682 3615 1934 3689 raptoris.
1986 3615 2209 3690 Colligit

626 3701 775 3757 casa
806 3687 1012 3752 morbo,
1061 3704 1254 3742 curans
1291 3688 1535 3750 vulnera,
1596 3687 1823 3757 alligans
1876 3692 2080 3745 amoris
2124 3687 2207 3747 sui

626 3756 769 3830 dulci
791 3766 1003 3823 catena,
1030 3758 1317 3830 contractis
1343 3758 1554 3830 ossibus
1579 3756 2204 3830 adhibensalligaturam,

625 3826 909 3899 imponens
930 3828 1250 3899 niedicinale
1279 3828 1560 3899 malagma.
1597 3829 1730 3884 Dum
1781 3826 2204 3897 curat'clautlos,

625 3896 810 3969 visitat
862 3896 1122 3960 inlirmos,
1175 3896 1444 3952 illuminat
1488 3915 1681 3960 cmcos.
1749 3908 1902 3954 curat
1950 3896 2205 3969 aegrotos,

625 3968 851 4040 suscitat
869 3980 1129 4023 mortuos.
1157 3968 1322 4023 Amor
1342 3977 1461 4024 erat
1479 3971 1655 4039 gregis
1681 3972 1811 4024 tanti
1839 3986 1966 4024 cura
2008 3968 2204 4040 pasto;

624 4038 719 4110 ris.
752 4036 940 4110 Adhuc
968 4047 1121 4093 curat
1147 4053 1362 4109 gregem
1417 4036 1515 4110 per
1554 4036 1825 4110 propriam
1875 4036 2202 4110 passionem;

625 4106 773 4182 levat
796 4122 889 4162 eas
910 4108 961 4162 in
984 4106 1172 4182 cruce,
1206 4106 1270 4167 ut.
1290 4106 1529 4182 germina
1556 4106 1855 4182 'viul’nerum
1875 4106 2201 4182 'carperent,

625 4187 683 4233 et
713 4178 767 4232 in
795 4179 1026 4246 pastoris
1060 4195 1247 4236 amore
1291 4178 1433 4236 dulci
1481 4181 1840 4235 ruminatione
1885 4178 2202 4246 penderent.

629 4247 983 4304 Commendat
1009 4247 1173 4313 Patri,
1207 4252 1548 4306 commendat
1571 4260 1626 4305 et
1655 4253 1832 4306 Petro.
1866 4247 2012 4306 Patri
2055 4268 2206 4309 com-

624 4319 843 4389 mendat
868 4334 1137 4389 passurus,
1168 4320 1330 4376 Petro
1371 4321 1715 4375 commendat
1742 4322 1808 4376 ad
1837 4324 2076 4378 ccclestia
2106 4340 2197 4380 re-

626 4386 1106 4461 diturnszuando
1128 4391 1269 4444 enitn
1299 4406 1407 4445 suae
1434 4392 1699 4461 passionis
1725 4402 2007 4448 momento
2053 4395 2200 4450 l'atri

624 4458 846 4582 Busillas
874 4474 1003 4514 oves
1025 4461 1201 4530 gregis
1246 4461 1403 4516 electi
1435 4458 1828 4527 'commendat,
1876 4471 1933 4518 et
1979 4463 2198 4520 Petrum

672 4529 773 4582 atri
828 4544 949 4582 cum
998 4532 1209 4582 caneris
1255 4530 1664 4582 commendabat
1719 4532 1898 4582 lloan.
1950 4549 2088 4582 xvii-
2121 4534 2198 4582 6i-

672 4529 949 4606 atrii-cum
982 4532 1209 4606 caeteris
1255 4530 1664 4606 commendabat
1719 4532 1898 4604 (Ioan.
1950 4549 2088 4599 xvn,
2121 4534 2199 4606 6).

626 4597 846 4673 Profuit_
854 4600 1069 4667 gemina
1096 4601 1509 4673 commendatio,
1541 4602 1629 4656 ubi
1651 4597 1767 4673 enat
1789 4619 1890 4657 una
1913 4597 2198 4673 protectio.

2313 622 2413 678 ess
2443 604 2683 678 Prieﬁeio
2715 617 2767 663 te
2797 608 2925 662 ovili
2983 604 3277 678 pasiorem.
3336 612 3547 668 Dimitto
3590 626 3635 670 te
3675 604 3805 677 enim;

2311 676 2448 731 meis
2505 676 2762 747 vicarium
2813 676 3142 734 curatorem.
3181 680 3352 736 Pasce
3380 698 3490 737 oves
3539 702 3673 740 meas.
3716 676 3807 747 Ante

2311 761 2507 818 pascua
2533 746 2760 818 plantat,
2792 756 2850 818 et
2875 748 2953 804 sic
2979 763 3111 804 oves
3165 749 3325 805 Petro
3347 757 3677 811 commendat.
3702 746 3808 816 Plan;

2312 816 2417 869 tavi
2460 816 2657 889 pasnua
2711 817 2762 871 in
2796 816 2941 889 ligno
2989 820 3208 883 viventi,
3240 822 3291 875 in
3340 839 3499 879 cruce
3544 842 3636 879 non
3663 845 3809 885 marce-

2309 888 2498 968 sceuti:
2562 886 3159 968 Pl'autavitIvulncrata
3211 895 3481 968 germina,
3531 900 3711 964 aperuit
3748 920 3810 968 pro

2310 957 2459 1011 fonte
2485 957 2778 1022 hominem,
2829 959 2938 1013 imo
2981 975 3165 1014 verum
3221 963 3420 1016 fontem
3475 957 3682 1021 enicem.
3719 957 3811 1026 Ere:

2311 1027 2478 1104 habes
2502 1042 2748 1097 campum
2772 1038 3069 1099 pratorum.
3094 1032 3399 1099 passionem
3424 1035 3696 1104 vulnerum,
3717 1042 3812 1094 cita-

2312 1097 2527 1177 _tricum,
2553 1106 2736 1177 rutro
2757 1097 3001 1177 meorum
3029 1097 3290 1177 agnorum
3319 1103 3661 1177 sollicitudine
3687 1097 3813 1177 'pusiL

2312 1114 2527 1164 meum,
2558 1114 2736 1221 «ᾖρῑο
2757 1114 3001 1153 meorum
3029 1116 3290 1168 agnorum
3319 1114 3661 1161 sollicitudine
3700 1116 3810 1177 pusiL

2310 1166 2484 1243 uirum
2534 1168 2568 1222 ιι
2641 1182 2707 1222 uc
2733 1183 2827 1224 eas
2855 1170 2921 1243 ad
2954 1187 3185 1243 pascua,
3218 1173 3285 1227 ad
3334 1176 3626 1243 passionem
3672 1194 3810 1235 ιιιηιιι.

2310 1235 2455 1292 Doce
2484 1253 2707 1359 can-{mre
2734 1235 3002 1307 germina,
3032 1242 3259 1297 credere
3288 1235 3509 1299 vulnera
3554 1261 3677 1301 inea.
3717 1248 3814 1307 Dore

2310 1322 2536 1359 caruere
2594 1309 2996 1359 attrantissiinas
3017 1327 3192 1359 rosas-
3219 1314 3497 1359 cicatrix-ps
3543 1316 3591 1359 in
3631 1316 3733 1359 ςιιιιι
3764 1321 3814 1359 ἰ..-

2309 1322 2536 1387 carpere
2557 1309 2996 1387 ﬂagrantissiinas
3017 1327 3192 1376 rosas,
3219 1314 3497 1387 cicatrices
3543 1316 3591 1369 in
3631 1316 3733 1373 Sole
3759 1321 3815 1387 ju-

2309 1378 2471 1455 stitiae
2494 1379 2804 1455 patefactas.
2836 1378 2912 1433 lbi
2944 1396 3075 1455 ures
3123 1398 3258 1437 meae
3310 1385 3518 1439 diversa
3558 1378 3816 1455 professitiic

2310 1446 2626 1527 ﬂorescant;
2657 1450 2845 1527 ut_hac
2889 1451 3121 1527 sollicita
3168 1468 3365 1527 pascua
3402 1470 3431 1507 a
3482 1446 3572 1527 me'
3609 1458 3815 1527 ralempu

2309 1533 2418 1572 non
2444 1518 2675 1592 violetur
2700 1517 2959 1592 Ecclesia.
2985 1517 3343 1592 Commendat
3362 1526 3595 1580 secundo
3620 1536 3669 1581 et
3687 1517 3815 1592 tertio,

2308 1596 2364 1641 et
2386 1589 2675 1664 revertitur
2696 1589 2762 1643 ad
2790 1591 2959 1646 caelos
2985 1591 3184 1664 sedens
3212 1594 3265 1647 in
3288 1597 3509 1664 proprio
3556 1597 3736 1652 throno.
3761 1589 3817 1653 Ιιιὲ

2312 1659 2658 1736 tnrpeilemus
2685 1675 2829 1736 noni,
2857 1676 2957 1716 nec
2986 1661 3182 1736 Petrus
3208 1659 3626 1736 tacet,'lcgatus,
3672 1682 3817 1736 pastor,

2310 1728 2543 1814 vicarius
2568 1730 2659 1814 qui
2690 1728 2835 1814 lle-git
2858 1746 2959 1800 pro
3006 1734 3295 1814 negatihtine
3311 1750 3419 1814 _sua
3443 1728 3632 1800 [deﬁet
3654 1728 3732 1814 prii
3753 1728 3819 1792 lui;

2311 1814 2471 1853 mana
2492 1799 2712 1870 duritia.
2748 1799 2998 1856 Dicamus
3044 1799 3118 1864 ei.
3173 1799 3451 1869 Domine,
3482 1799 3819 1870 commendasti.

2314 1869 2552 1956 nunquid
2574 1871 2787 1940 penitus
2806 1870 3140 1956 discessisti?
3169 1873 3224 1929 Si
3243 1891 3381 1956 tuon
3412 1877 3651 1956 defendas
3697 1891 3821 1956 pusio-

2314 1954 2421 2003 res,
2447 1948 2575 1993 tuta:
2603 1956 2712 1995 non
2732 1950 2920 2015 essent
2946 1960 3045 1998 nec
3065 1960 3215 1999 oves.
3243 1946 3445 2014 'Aspice
3475 1960 3600 2014 ergo
3626 1948 3749 2015 lupos
3765 1949 3819 2002 fu-

2313 2019 2513 2085 rentes,
2545 2019 2805 2085 et-agnos
2852 2012 3157 2085 miserando
3197 2012 3494 2085 gementes.
3542 2012 3704 2084 Quare
3735 2036 3821 2074 ores

2314 2086 2430 2134 tuas
2455 2079 2709 2154 discrevit
2730 2082 2911 2154 pirata!
2928 2083 3165 2139 crudelis
3183 2079 3365 2154 {quas
3398 2094 3457 2140 tu
3483 2079 3725 2141 redemisti
3747 2092 3822 2141 vcl-

2314 2159 2371 2203 ut
2417 2150 2533 2206 ovis
2560 2150 2756 2206 ductus
2780 2152 2846 2206 ad
2869 2154 3179 2208 victimam?
3205 2150 3277 2210 0s
3312 2157 3416 2211 sub
3462 2157 3694 2212 tondente.
3724 2159 3821 2211 velut

2310 2234 2479 2288 agnus
2501 2236 2607 2275 non
2636 2222 3126 2295 aperuisti.r_lingua
3174 2225 3322 2279 siluit
3379 2227 3641 2295 patientis.
3689 2227 3822 2283 Nullus

2310 2298 2510 2360 reatus,
2535 2299 2590 2345 et
2612 2306 2861 2360 magnum
2888 2293 3162 2347 silentium
3192 2314 3204 2347 :
3241 2296 3316 2350 ita
3360 2293 3421 2350 tit
3463 2299 3719 2351 miraretur
3746 2316 3820 2352 ur-

2310 2359 2440 2425 lum,
2466 2371 2609 2416 terra
2632 2359 2894 2431 stuperet,
2928 2361 3173 2430 fugerent
3197 2366 3507 2421 luminaria.
3555 2367 3615 2420 Et
3638 2384 3750 2421 nunc
3771 2382 3820 2420 u-

2310 2447 2403 2507 _ces
2423 2432 2548 2486 dum
2575 2448 2706 2488 oves
2734 2442 2850 2507 tua;
2881 2434 3174 2507 tondentur
3218 2437 3413 2503 gladiis
3462 2447 3517 2492 et
3563 2441 3820 2507 tempestati

2311 2501 2410 2577 bus
2460 2518 2596 2572 quas
2615 2503 3143 2577 quiesisticorporis
3170 2501 3245 2561 lui
3298 2523 3565 2577 purpurea
3614 2501 3821 2576 passione.

2311 2570 2428 2646 Eon
2461 2570 2740 2646 vastentur
2768 2574 2820 2628 in
2868 2570 3071 2640 littore,
3118 2591 3256 2646 quos
3298 2570 3549 2645 genuisti
3592 2570 3651 2631 de
3687 2579 3820 2631 lati-ir.

2312 2639 2407 2698 IIis
2429 2644 2677 2716 precibus
2702 2646 3107 2716 iconveniamus
3135 2639 3528 2702 'fidelissimuin
3578 2648 3820 2716 Redcutplo

2310 2728 2421 2767 rem
2446 2714 2821 2771 emendatione
2849 2731 3109 2786 operum,
3160 2734 3266 2771 non
3312 2719 3430 2773 sola
3482 2720 3722 2787 legatione
3742 2714 3821 2772 ser-

2311 2799 2551 2839 ιιιοιιιιηι.

2881 2917 3117 2973 SERMO
3144 2918 3302 2973 LVIII

2569 3010 2631 3065 In
2654 3012 2819 3065 natali
2848 3011 3199 3081 apostolorum
3228 3010 3375 3067 Petri
3402 3023 3453 3067 et
3482 3012 3645 3067 Pauli.

2384 3121 2526 3177 Petri
2555 3132 2611 3177 et
2635 3122 2784 3177 Pauli
2824 3121 3198 3190 apostolorum
3228 3123 3424 3179 natalis
3470 3125 3649 3189 illuxit,
3688 3127 3821 3181 natali!

2315 3209 2423 3249 non
2452 3195 2543 3264 qui
2568 3194 2627 3264 in
2657 3193 2855 3246 mundo
2884 3192 3202 3263 implicavit,
3251 3193 3346 3264 sed
3376 3196 3470 3264 qui
3500 3195 3566 3250 de
3601 3196 3762 3251 mundo
3783 3200 3819 3248 li-

2316 3262 2541 3319 beravit.
2567 3262 2671 3317 Per
2698 3262 2985 3317 humanam
3026 3263 3225 3333 quippe
3264 3262 3627 3321 infirmitatem
3652 3267 3821 3320 nascitur

2316 3334 2479 3389 homo
2504 3337 2570 3386 a.l
2595 3348 2906 3398 terninnam,
2940 3332 3259 3402 per’Cbristi
3290 3335 3468 3389 vivam
3498 3337 3742 3391 caritatem
3758 3353 3820 3389 ua-

2314 3415 2537 3476 scuntur
2565 3412 2826 3476 martyres
2869 3404 2936 3476 ad
2966 3418 3243 3458 coronam.
3299 3403 3473 3476 llodie
3520 3408 3656 3476 prior
3695 3422 3820 3475 passus

2312 3482 2395 3529 est
2424 3473 2635 3538 Petrus,
2666 3473 2825 3528 hodie
2856 3474 3002 3543 prior
3051 3489 3238 3541 passus
3278 3484 3362 3530 est
3394 3473 3602 3531 Paulus.
3632 3473 3820 3543 rideant

2312 3545 2562 3599 meritum
2590 3545 2913 3613 passionem,
2945 3544 3145 3613 caritas
3173 3547 3411 3600 occurrit
3439 3547 3505 3601 ad
3532 3545 3679 3601 diem.
3703 3544 3752 3600 Et
3767 3548 3820 3600 hic

2313 3614 2430 3688 dies
2456 3616 2531 3688 ob
2548 3612 2736 3688 eorum
2783 3616 3031 3688 meritum
3073 3612 3243 3688 factus
3271 3625 3355 3688 est
3414 3618 3567 3688 nobis
3590 3618 3819 3688 propositus

2311 3686 2376 3739 ad
2402 3685 2709 3740 celebrandi
2739 3684 3171 3751 solemnitatem,
3219 3685 3462 3742 imitandi
3511 3684 3817 3742 sanctitatem:

2311 3764 2369 3809 ut
2392 3764 2645 3826 amantes
2659 3764 2952 3826 martyrum
2980 3755 3200 3823 glorias,
3232 3758 3457 3826 vestigia
3488 3773 3660 3813 eorum
3682 3757 3819 3811 imitati

2312 3827 2598 3895 possimus.
2624 3824 2670 3879 0
2698 3824 2852 3879 beata
2894 3826 3265 3894 aportolorum
3290 3824 3508 3890 merita,
3540 3837 3593 3882 ut
3624 3844 3710 3881 una
3732 3827 3819 3879 duo-

2312 3898 2409 3951 bus
2434 3911 2687 3951 concessa
2713 3896 2781 3949 sit
2806 3897 2997 3963 gratia,
3022 3896 3074 3949 in
3100 3904 3304 3950 tantum
3331 3908 3392 3951 ut
3416 3900 3679 3953 amborum
3698 3896 3819 3950 ridea-

2311 3967 2384 4022 ris
2409 3967 2681 4037 appellare
2707 3966 2954 4037 nomina!
2986 3967 3041 4021 Si
3065 3967 3207 4020 enim
3237 3965 3463 4037 Paulum
3492 3969 3638 4035 dicis,
3664 3966 3817 4021 Petrum

2309 4053 2416 4093 non
2447 4035 2626 4102 taces;
2656 4044 2712 4091 et
2750 4037 2794 4090 si
2828 4035 3041 4090 Petrum
3068 4037 3290 4103 dixeris,
3323 4036 3546 4093 Paulum
3588 4055 3681 4094 non
3717 4038 3816 4091 siles.

2307 4106 2801 4178 Deniqnerutraque
2822 4107 2919 4178 sibi
2947 4121 3045 4175 pro
3074 4108 3486 4178 cognominibus
3513 4110 3819 4163 babenturro-

2307 4176 2516 4233 cabula.
2553 4176 2744 4232 Merito
2772 4176 3023 4231 Salvator
3046 4193 3113 4231 ex
3143 4176 3307 4231 Saulo
3330 4176 3554 4233 Paulum
3597 4179 3738 4234 voluit
3758 4194 3818 4229 uo-

2308 4250 2537 4317 minare,
2578 4257 2635 4311 ut
2663 4247 3229 4319 cognominefecisset
3249 4248 3464 4304 sociare
3488 4267 3502 4302 :
3527 4263 3727 4319 quorum
3758 4263 3816 4298 so-

2307 4321 2560 4375 cietatem
2587 4328 2643 4373 et
2684 4320 2849 4372 vitam
2879 4317 3176 4385 conjunxit,
3211 4319 3367 4373 unius
3395 4320 3505 4374 diei
3546 4317 3707 4385 passio
3727 4332 3819 4372 con-

2310 4390 2555 4445 firmavit.
2612 4387 2856 4457 Diligilur
2896 4402 3027 4457 ergo
3076 4387 3272 4445 Paulus
3300 4404 3330 4442 a
3364 4389 3499 4454 Deo,
3540 4387 3654 4445 dum
3699 4390 3817 4456 legem

2309 4461 2403 4515 Dei
2442 4460 2800 4530 persequitur.
2835 4457 2900 4530 Et
2928 4459 3019 4530 qui
3051 4458 3160 4512 Deo
3203 4458 3419 4530 humilis
3458 4475 3576 4515 esse
3616 4460 3755 4513 noluit
3784 4466 3819 4507 ul

2306 4529 2622 4592 salvaretur,
2644 4530 2809 4585 Deum
2837 4529 3049 4583 humilis
3077 4530 3295 4598 patitur.
3319 4529 3452 4583 Nam
3480 4546 3598 4585 cum
3628 4531 3716 4585 iter
3732 4542 3817 4595 θεοκ-

2307 4610 2391 4657 ret
2417 4602 2772 4671 perniciosus,
2816 4599 3067 4671 Salvator
3110 4600 3164 4653 in
3210 4601 3352 4653 nube
3392 4604 3612 4656 veniens
3644 4599 3818 4671 pondere

625 4674 795 4749 l’aier
813 4669 1031 4749 Petrum
1084 4673 1357 4749 tuetur_d_c
1384 4672 1543 4749 cmlo,
1572 4682 1632 4749 _et_
1683 4669 1927 4729 Christus
1982 4675 2198 4749 Petrum
2230 4690 2278 4749 υ
2304 4669 2951 4749 oppressutnprostravit.
2986 4684 3091 4749 non
3119 4677 3178 4722 ut
3205 4683 3365 4749 quem
3405 4682 3608 4749 amarat
3626 4669 3815 4749 puderet;

623 4740 805 4794 visitat
832 4741 885 4795 in
913 4743 1166 4817 praetorio
1191 4761 1204 4796 :
1231 4743 1331 4797 nisi
1363 4743 1506 4817 enim
1537 4744 1862 4817 visitaretur,
1880 4760 1995 4817 non
2018 4744 2197 4817 Iacry-

622 4819 884 4879 maretur,
913 4819 968 4866 et
996 4813 1214 4869 vulnera
1244 4829 1351 4867 non
1383 4813 1706 4876 delerentur,
1732 4814 1832 4868 nisi
1874 4813 2087 4871 ﬂetibus
2130 4813 2193 4870 ri-

622 4889 897 4952 garentur.
927 4880 1095 4937 Instat
1118 4885 1383 4950 ascensio,
1412 4885 1641 4952 exigitur
1668 4884 1736 4939 de
1782 4885 1941 4940 Petro
1993 4889 2195 4942 amoris

622 4951 1058 5024 nota‘confessio,
1089 4954 1229 5009 sicut
1256 4956 1309 5009 in
1337 4951 1628 5024 Evangelio
1658 4954 1979 5012 audiebatis.
2028 4954 2190 5022 Oves,

621 5022 706 5076 cui
737 5019 938 5095 Pnstori
952 5032 1227 5092 pastorum
1257 5026 1456 5095 pastori
1482 5019 1578 5095 vos
1596 5025 2013 5080 commendabat
2030 5019 2190 5081 Chri4

621 5100 736 5146 stus
789 5091 1047 5168 Dominus
1100 5091 1445 5168 angelo_rum_._
1477 5094 1678 5168 Simon,
1711 5096 1900 5168 inquit,
1945 5096 2186 5168 Joannis,

621 5178 767 5235 amas
786 5179 867 5216 me
894 5162 1071 5235 (Joan.
1104 5162 1218 5229 xxi,
1249 5164 1378 5235 15)?
1408 5165 1473 5219 Et
1496 5167 1604 5223 ille.
1636 5162 1800 5231 Amo;
1824 5165 2058 5221 Domine.
2114 5167 2192 5221 Tu

620 5233 800 5286 suavis
827 5242 882 5286 et
906 5233 1074 5298 initis,
1106 5243 1162 5289 et
1204 5233 1394 5290 non'te
1416 5238 1581 5291 amo?
1610 5236 1666 5289 In
1698 5246 1751 5291 te
1780 5239 1955 5291 omnis
1981 5246 2197 5292 constat

621 5303 745 5356 vitm
763 5310 978 5358 :cternae
1006 5304 1254 5376 dulcedo,
1276 5315 1329 5360 et
1357 5322 1463 5361 non
1490 5317 1540 5361 te
1567 5307 1768 5376 diligo?
1793 5306 1948 5373 Quod
1969 5308 2198 5363 interro—

621 5386 720 5440 gor
746 5380 876 5446 ante,
906 5375 1105 5444 gratias
1131 5375 1225 5429 tibi
1254 5390 1375 5446 ago.
1411 5376 1541 5431 Dum
1573 5375 1718 5433 enim
1758 5393 1883 5431 amo
1930 5386 2000 5443 te,
2045 5394 2198 5434 amor

622 5458 652 5506 a
677 5450 749 5495 te.
775 5441 831 5496 Si
862 5441 967 5499 non
998 5441 1358 5516 praecessisset
1380 5447 1608 5504 dilectus
1630 5457 1771 5513 tuus,
1801 5463 1909 5501 non
1938 5441 2196 5516 sequere-

623 5521 710 5586 tur
736 5528 890 5568 amor
909 5530 1077 5571 meus.
1113 5516 1308 5571 Amant
1360 5525 1429 5582 te,
1460 5516 1705 5582 Domine,
1743 5518 1919 5586 angeli
1969 5519 2195 5585 gloriam

619 5582 987 5662 ιΙςξιιειιιιξιιιιεξεἐ
1013 5596 1196 5662 amant
1235 5596 1286 5643 te
1310 5589 1450 5662 etpli,
1481 5590 1606 5659 quia
1651 5589 1764 5644 caeli
1803 5582 2056 5662 Ettarrtint
2080 5589 2197 5662 glo—

619 5654 755 5706 riam
795 5654 893 5728 Dei
924 5656 1095 5728 (Psnl.
1141 5674 1287 5724 mu,
1321 5659 1397 5728 I),
1423 5654 1567 5714 amat
1613 5670 1666 5715 te
1715 5669 1856 5716 terra
1911 5654 2195 5715 stillicidiis

619 5724 892 5804 sanguinis
915 5724 990 5782 tui
1020 5726 1087 5783 de
1116 5728 1282 5804 latere
1308 5724 1562 5804 stillantis
1590 5729 1760 5804 infusa
1779 5772 1793 5797 ,
1826 5737 2009 5804 amant
2038 5739 2091 5786 te
2114 5732 2193 5786 vi—

618 5792 838 5869 v_illcati,
867 5807 1051 5869 amant
1077 5800 1275 5855 mortui
1305 5801 1561 5855 suscitati.
1590 5800 1726 5869 Quid
1754 5792 1848 5856 tibi
1871 5803 2193 5857 retribuam?

622 5863 833 5941 Curasti
861 5867 1080 5923 vulnera
1107 5885 1247 5936 mea,
1276 5879 1333 5941 e_t
1362 5880 1505 5925 tuam
1535 5863 1639 5927 non
1662 5872 1823 5941 diligo
1846 5871 2192 5927 medicinam?

620 5932 789 5992 Pasce
818 5951 945 6009 ergo
965 5955 1078 5996 om
1105 5932 1247 5995 meas
1270 5939 1450 6013 (Joan.
1476 5957 1585 6010 ut,
1616 5932 2194 6015 l7);71uodproliteris

2302 4738 2396 4798 sed
2435 4738 2658 4797 carnali'
2684 4741 2933 4810 superbia
2972 4739 3238 4811 deiectum
3288 4741 3340 4811 in
3393 4742 3585 4811 spiritu
3626 4738 3816 4796 humilem

2301 4813 2449 4868 velut
2467 4821 2713 4886 renatum
2743 4814 2969 4886 levaret,
2993 4818 3051 4863 ut
3077 4810 3167 4879 qui
3194 4810 3466 4886 ceciderat
3490 4813 3724 4886 inimicus,
3742 4822 3816 4886 sur-

2297 4892 2451 4951 geret
2484 4883 2846 4937 Christianus.
2879 4881 2961 4934 Ad
2987 4878 3148 4951 quem
3181 4895 3287 4934 vox
3317 4880 3386 4935 de
3417 4882 3557 4937 nube
3584 4878 3814 4951 respondit.

2298 4950 2478 5018 Saule,
2510 4953 2689 5016 Saule,
2735 4951 2859 5024 quid
2885 4968 2969 5005 me
3002 4950 3321 5024 persequeris
3364 4952 3502 5017 (Act.
3534 4969 3605 5015 ix,
3632 4950 3712 5024 4)?
3748 4954 3815 5002 hoc

2295 5034 2379 5078 est
2407 5025 2606 5087 dicere,
2639 5022 2901 5092 Superbe,
2932 5022 3176 5092 supeer
3205 5036 3368 5092 nunc,
3398 5024 3682 5091 perniciose
3704 5023 3743 5074 in
3766 5028 3814 5077 te,

2291 5095 2419 5164 quid
2453 5104 2503 5150 le
2525 5090 2861 5165 persequeris
2886 5093 2938 5146 in
2967 5090 3053 5146 me
3067 5092 3091 5145 ?
3106 5090 3533 5165 fabricatorem
3572 5093 3813 5165 COliil‘islas.

2300 5156 2427 5219 dum
2459 5156 2715 5220 fabricam
2745 5165 2797 5218 in
2818 5173 2870 5218 te
2892 5156 3236 5217 enternn‘nas.
3267 5161 3307 5215 F
3310 5172 3549 5218 actorem
3578 5162 3707 5219 [tedis
3727 5162 3813 5213 dum

2301 5235 2611 5304 ﬁgmentum
2657 5234 2881 5305 perdis._
2906 5232 3116 5305 Artilici
3160 5247 3269 5286 non
3311 5233 3507 5288 desunt
3550 5250 3664 5288 vasa
3700 5233 3814 5305 dign»

2301 5302 2418 5361 usui
2442 5302 2768 5365 necessaria.
2794 5303 2887 5359 sed
2911 5304 2962 5358 in
2981 5303 3181 5374 placito
3201 5317 3368 5371 opere
3388 5319 3491 5358 non
3504 5305 3609 5359 vult
3626 5302 3813 5374 magister

2299 5377 2410 5460 pati
2434 5376 2720 5460 jacturum.
2746 5367 3380 5460 Mihiaetiuinisquosin
3416 5375 3605 5460 s:cc_ulo
3633 5367 3813 5460 Indead”

2301 5444 2355 5502 in
2384 5463 2471 5501 me
2502 5447 2770 5517 perfectos
2794 5445 2945 5509 facis,
2969 5515 2977 5517 _
2997 5444 3091 5498 tibi
3135 5444 3347 5513 deperit
3389 5444 3529 5517 quod
3559 5460 3586 5498 a
3610 5458 3685 5499 me
3705 5455 3811 5495 recc-

2299 5517 2400 5573 dis.
2423 5515 2611 5573 Clamo
2640 5532 2782 5572 nunc
2808 5515 3157 5571 contristatns
3187 5522 3471 5584 antequam
3503 5516 3551 5569 in
3585 5524 3726 5584 totum
3749 5524 3810 5578 pe-

2282 5604 2445 5657 ‘reas,
2495 5588 2681 5644 ridebo
2727 5603 2868 5642 nunc
2894 5586 2938 5640 si
2983 5585 3281 5657 obduratus
3319 5583 3425 5657 non
3471 5585 3658 5657 audias.
3688 5583 3807 5657 litis-tl

2300 5652 2574 5716 hominem
2627 5658 2800 5724 Deus,
2859 5665 2916 5713 et
2961 5671 3111 5726 spem
3166 5656 3542 5726 misericordia;
3587 5652 3809 5726 humilibus;

2300 5731 2553 5792 ostendit,
2586 5744 2706 5785 cum
2736 5716 2968 5799 superbo
2992 5716 3479 5799 'facile_mi_s'er_elur1
3508 5725 3571 5779 Et
3594 5716 3810 5799 δειιιιιιςςιίζ

2274 5823 2282 5836 ι
2300 5802 2414 5857 haec
2441 5786 2590 5868 dicit,
2623 5799 2749 5865 Quis
2777 5786 2851 5857 ei.
2884 5798 3105 5869 Domine
3122 5796 3307 5869 (1054.,
3333 5795 3424 5869 5),?
3441 5795 3688 5851 Horrenda
3707 5786 3811 5846 Sauli

2298 5867 2854 5942 superbia,imitanda
2884 5868 3033 5924 Pauli
3074 5867 3246 5942 facilis
3270 5867 3572 5942 credulitas,
3610 5874 3809 5942 culinam!

2298 5934 2464 6000 verbo
2487 5952 2542 6001 et
2558 5934 2865 6014 ignorantis
2892 5950 2946 5996 et
2966 5938 3237 5996 credentis
3264 5952 3449 5997 vocem
3472 5938 3667 5995 emittit.
3687 5934 3808 5987 Nemo

3837 5635 3845 5671 l
