4060 6488
635 367 733 426 9'5!

1625 363 1959 418 AI‘S‘ENDIX
2002 364 2089 418 AD
2128 364 2181 416 ς.
2228 364 2584 419 FULGENTII
2624 361 2872 417 GI’EIIA.
3749 368 3830 425 932

638 492 759 533 cum
782 484 951 532 staret
974 474 1126 543 jtntta
1149 473 1441 542 gloriosum
1465 475 1658 529 lectum
1678 474 1818 528 Xisti
1848 476 2034 544 patris,
2060 477 2215 544 juxta
2244 483 2293 540 Α
2319 484 2423 544 ret,
2479 492 2586 531 non
2618 476 2703 530 leo
2747 475 2799 530 in
2843 474 2991 531 silvis
3032 472 3246 543 rapiens
3289 480 3344 526 et
3392 473 3607 544 rugiens,
3650 492 3738 533 non
3774 483 3828 539 ibi

638 546 924 616 equuleum
956 545 1236 616 pendentis
1262 545 1813 612 pontiiicis,scribitur
1835 553 2215 600 testamentum

640 615 855 697 calamo.
870 616 1163 697 sanguinis.
1203 615 1711 697 Filio-sul-ugebat,het
1740 623 1894 697 pater
1934 616 2218 697 promitte-

638 688 731 744 bat
753 687 966 741 divitias
990 686 1270 755 pretiosas.
1322 685 1463 755 Fili,
1495 685 1684 753 inquit,
1734 685 1842 739 noli
1882 685 2049 740 tristis
2077 700 2214 750 esse,

638 757 882 826 sequeris
904 754 1128 825 me’post
1145 754 1397 826 triduum,
1425 754 1831 809 Testamentum
1853 757 2104 826 martyris
2129 773 2217 809 re-

639 825 905 884 surrectio
926 836 1010 898 est
1037 826 1347 898 Salvatoris.
1366 825 1615 898 Calamus
1641 835 1759 898 erat
1788 825 2066 898 equuleus,
2083 827 2221 898 sicut

640 908 694 951 et
723 913 852 951 crux
883 897 1116 951 calamus
1144 904 1280 949 erat.
1324 896 1581 950 Dominus
1613 896 1991 950 testamentum
2024 896 2219 949 latroni

641 968 927 1029 scribebat,
958 965 1134 1019 Xistus
1155 966 1385 1027 dicebat,
1405 967 1657 1034 Sequeris
1688 982 1772 1020 me
1794 975 1913 1034 post
1944 967 2176 1019 triduum
2202 983 2215 1017 :

640 1046 695 1090 et
715 1038 963 1091 Salvator
990 1036 1201 1089 dicebat
1231 1035 1443 1099 latroni,
1464 1036 1625 1089 Amen
1656 1034 1771 1090 diro
1801 1037 1911 1098 tibi,
1942 1036 2094 1090 hodie
2122 1052 2222 1090 mo-

642 1109 881 1160 cumeris
920 1108 973 1161 in
1002 1106 1244 1174 paradiso
1286 1104 1435 1175 (Luc.
1469 1119 1627 1170 xnu,
1666 1104 1776 1167 45).
1820 1104 2002 1160 Fidele
2051 1114 2218 1159 testa-

642 1187 899 1239 mentum,
927 1192 1027 1230 nec
1056 1184 1282 1230 testator
1304 1177 1577 1238 mentitur,
1604 1191 1699 1229 nec
1724 1176 1895 1229 Inrres
1921 1177 2215 1229 l'raudatur.

643 1246 907 1299 Christum
940 1247 1077 1301 latro
1106 1247 1347 1313 s3quitur
1378 1246 1443 1299 ad
1474 1246 1802 1314 paradisum,
1835 1261 1938 1298 una
1969 1261 2213 1309 carruca,

642 1326 696 1370 ct
724 1318 909 1370 beatus
941 1315 1258 1369 Laurentius
1284 1331 1312 1367 a
1340 1324 1489 1383 patre
1513 1314 1661 1369 Xisto
1691 1317 1936 1384 pervenit
1962 1316 2027 1369 ad
2058 1315 2222 1370 crati-

642 1386 837 1440 culam.
887 1384 1043 1453 Ignea
1074 1402 1294 1439 carruca
1326 1401 1485 1455 quam
1518 1387 1825 1454 pnecedunt
1870 1385 2044 1440 ofﬁcia
2096 1401 2222 1455 pre-

642 1458 797 1519 tiosa,
825 1472 930 1509 non
958 1455 1303 1526 chlatnydati,
1350 1472 1454 1509 non
1488 1458 1682 1526 scutati
1742 1465 1798 1511 et
1851 1455 2094 1519 sericati;
2125 1455 2220 1526 sed

642 1526 765 1581 rauci
818 1526 1115 1584 illuminati,
1144 1525 1429 1594 pauperes
1467 1525 1641 1589 ditati,
1689 1534 1745 1580 et
1791 1527 1972 1581 miseri
2014 1525 2213 1578 satiati.

641 1594 867 1661 Expavit
905 1596 1197 1665 imperator
1227 1596 1438 1664 impius,
1470 1596 1595 1663 quid
1624 1596 1723 1665 sibi
1752 1596 1938 1650 volunt
1968 1596 2090 1649 isti?
2123 1594 2219 1649 Ubi

640 1673 764 1719 sunt
796 1664 1031 1719 thesauri
1061 1682 1196 1734 quos
1241 1674 1293 1719 tu
1320 1666 1647 1734 promisisti?
1675 1664 1809 1720 Ecce
1838 1674 1959 1719 sunt
1986 1666 2221 1720 thesauri

644 1736 768 1800 mei,
801 1736 927 1790 boni
957 1735 1193 1788 laturarii
1241 1736 1365 1798 mei,
1411 1737 1501 1803 qui
1530 1736 1599 1790 ibi
1632 1745 1981 1805 portaverunt
2008 1736 2222 1789 divitias

642 1820 808 1867 meas,
857 1806 945 1859 ubi
978 1822 1081 1859 non
1113 1815 1267 1875 potes
1307 1806 1597 1861 extendere
1626 1822 1812 1861 manus
1843 1815 1978 1860 tuas.
2014 1805 2217 1860 Aurum

2321 542 2440 621 ursa
2471 546 2747 621 insidians,
2800 559 2897 600 nec
2946 544 3147 621 pardus
3176 543 3348 621 inuria
3375 542 3704 621 Assyriorum,
3734 555 3832 621 quia

2318 617 2608 688 delectatio
2634 617 2721 688 ibi
2747 624 2837 688 est
2859 614 3193 688 angelorum.
3239 614 3354 667 Non
3382 622 3502 688 sunt
3517 616 3595 688 ibi
3624 614 3831 688 latrones,

2318 688 2449 760 quia
2475 686 2603 760 nihil
2631 687 2685 739 in
2734 701 2810 760 ea_
2827 684 3155 760 immundum
3200 703 3213 736 :
3261 700 3379 760 non
3414 684 3481 738 ibi
3510 686 3692 752 fauces,
3737 684 3832 760 quia

2320 752 2451 810 nihil
2484 756 2536 809 in
2567 772 2631 811 ea
2660 755 2951 814 occultum.
2975 752 3069 808 sed
3099 755 3215 809 luce
3243 757 3441 823 septies
3469 763 3658 809 tantum
3683 752 3840 823 micam

2322 834 2448 879 tem.
2481 826 2674 879 Totum
2704 826 2756 879 in
2786 826 2875 879 illa
2898 833 2980 879 est
3002 833 3357 878 mansuetum.
3386 824 3495 879 Non
3524 826 3587 879 ibi
3608 829 3834 896 agritudo,

2322 911 2427 949 non
2482 898 2830 968 pestistnon
2883 896 2951 968 ibi
3000 905 3294 968 paupertas
3322 905 3511 968 _atque
3558 900 3835 968 necessitas;

2321 980 2488 1039 quare
2519 967 2639 1039 talis
2670 966 2937 1039 displicuit
2964 966 3209 1039 nivitasi,
3246 966 3333 1018 ubi
3367 981 3482 1039 Anon
3524 966 3838 1039 calumniator,

2321 1051 2429 1088 non
2462 1036 2654 1106 impius
2676 1034 2977 1106 fenerator?
2999 1034 3114 1088 Non
3146 1035 3214 1088 ibi
3238 1036 3469 1104 iurgium
3493 1040 3746 1103 exactoris,
3767 1034 3840 1098 nec

2321 1106 2523 1176 clamor
2539 1105 2838 1176 perstrepit
2865 1105 3123 1174 litigantis
3147 1123 3158 1157 :
3185 1106 3308 1176 quia
3351 1108 3526 1176 parin
3567 1108 3728 1162 virtute
3751 1123 3834 1175 tua,

2325 1173 2563 1249 pomine,
2583 1186 2640 1249 Δει
2661 1173 2980 1249 abundantia
2998 1177 3053 1249 in
3080 1175 3302 1249 tui-tibiis
3332 1173 3430 1229 tuis
3462 1175 3625 1245 (~Psal.
3647 1173 3840 1249 cuni).

2322 1243 2519 1299 Platea:
2545 1245 2662 1314 ejus
2688 1247 2955 1301 canticum
2997 1245 3197 1299 l:etitiae
3245 1244 3450 1307 dicunt,
3471 1243 3477 1245 ⁷
3500 1253 3551 1299 et
3577 1262 3739 1302 omnes
3767 1243 3841 1306 vici

2323 1314 2439 1382 ejus
2472 1316 2682 1371 alleluia
2709 1332 2723 1380 ;
2770 1331 2938 1385 quare
2970 1316 3088 1371 talis
3139 1316 3406 1385 displicuit
3433 1316 3596 1385 patria
3625 1320 3842 1385 pretiosa?

2325 1386 2675 1457 Descendisti,
2711 1387 2975 1440 latronum
3008 1402 3196 1440 manus
3226 1387 3514 1449 iucurristi,
3555 1388 3706 1453 jaces,
3733 1393 3845 1457 erige

2326 1456 2503 1524 te,qui
2520 1456 2733 1510 voluisti
2754 1457 2897 1510 nulla
2913 1457 3237 1511 necessitate
3248 1466 3469 1510 coaetus
3482 1460 3639 1510 exire.
3656 1456 3846 1515 Nemote

2325 1526 2551 1648 im‘pulit,
2580 1527 2700 1593 quis
2730 1534 2781 1580 te
2807 1534 3044 1591 revocat,
3071 1526 3171 1579 nisi
3197 1527 3425 1596 ipsequi
3460 1535 3509 1579 te
3532 1542 3630 1579 non
3659 1528 3841 1598 impulit,

2325 1610 2384 1648 se
2447 1596 2672 1648 recioit?
2697 1595 2955 1648 Ouotieus
2977 1612 3095 1648 cum
3117 1597 3307 1648 gladiis
3331 1597 3543 1648 malitim
3571 1595 3770 1648 latentes
3783 1618 3841 1648 ar-

2324 1595 2419 1650 sed
2447 1596 2672 1665 recipit?
2697 1595 2955 1662 Quotiens
2977 1612 3095 1651 cum
3117 1595 3307 1664 gladiis
3331 1597 3543 1649 malithc
3571 1595 3770 1654 latentes
3783 1618 3847 1654 ar-

2326 1674 2498 1720 malos
2519 1666 2706 1721 videns
2729 1668 2779 1720 in
2804 1665 2955 1721 fauce
2978 1666 3237 1733 latrones,
3254 1669 3513 1720 retorsisti
3532 1667 3716 1720 vultum
3734 1678 3846 1724 tuum

2325 1735 2390 1788 ad
2419 1736 2625 1789 illarum
2642 1737 2863 1807 pulchra
2883 1738 3159 1791 cacumina
3177 1737 3423 1799 turrium,
3442 1737 3506 1789 ad
3531 1738 3751 1792 introitus
3766 1739 3848 1792 dul-

2325 1819 2417 1859 ces
2440 1806 2735 1877 portarum,
2761 1815 2815 1861 et
2836 1806 3149 1877 displicuisti
3176 1808 3293 1873 tibi,
3313 1815 3367 1860 et
3393 1809 3651 1876 impntasti
3685 1809 3787 1872 tibi;
3809 1823 3850 1863 et

640 1886 694 1947 et
720 1865 997 1947 argentum
1046 1865 1149 1929 non
1180 1875 1372 1939 habeo,
1412 1876 1509 1931 sed
1556 1877 1698 1944 quod
1727 1876 1922 1947 habeo,
1974 1878 2078 1930 hoc
2122 1876 2217 1931 tibi
2322 1865 2749 1947 non'subvenisti
2775 1877 2891 1944 tibi,
2920 1865 3019 1947 nisi
3048 1865 3403 1947 descenderet
3437 1865 3613 1947 A'gnus
3639 1877 3739 1935 Dei.
3777 1865 3847 1946 qui

640 1945 728 2011 do.
763 1944 964 1999 Aurum
995 1961 1170 1999 meum
1213 1947 1434 2000 istorum
1464 1959 1654 2000 venter
1682 1945 1935 2012 comedit,
1966 1946 2059 2001 sed
2087 1962 2218 2000 vea-

641 2023 725 2068 ter
765 2015 1049 2085 suscepit:
1091 2030 1278 2069 aurum
1327 2023 1492 2081 tuum,
1540 2016 1679 2069 idola
1727 2017 1987 2083 gentium,
2030 2031 2218 2069 aurum

640 2100 837 2147 meum,
889 2087 1110 2139 satietas
1158 2100 1473 2154 pauperum.
1530 2087 1602 2140 De
1643 2102 1774 2139 auro
1816 2093 1909 2139 tuo
1937 2085 2220 2140 simulacra

643 2171 747 2207 non
779 2154 999 2225 vident:
1027 2155 1093 2209 de
1122 2171 1254 2208 auro
1285 2172 1404 2208 meo
1434 2158 1561 2211 ccci
1610 2156 1813 2225 vident,
1857 2164 1911 2210 et
1954 2170 2221 2225 pauperes

641 2225 891 2290 gaudent.
940 2224 1235 2295 [inponitur
1264 2233 1319 2278 et
1350 2226 1459 2295 ipse
1501 2227 1553 2279 in
1595 2224 1992 2294 refrigeriosum
2025 2228 2219 2279 lectum

642 2242 891 2290 gauueut.
940 2242 1235 2277 tunomtur
1264 2242 1319 2278 et
1350 2242 1459 2295 Ipse
1501 2243 1553 2279 in
1595 2242 1992 2294 remgertosum
2025 2242 2219 2279 Iecuuu

642 2294 978 2360 craticula',c
1020 2242 2222 2365 ilippolytumdimittithmrcdezn.Tradiditci

645 2379 884 2435 gemmas
912 2365 1225 2426 eat-bonum,
1271 2373 1325 2418 et
1353 2366 1539 2420 oculos
1580 2374 1797 2435 apertos
1826 2381 2090 2420 ca‘corum
2119 2384 2131 2416 :
2166 2375 2222 2419 ut

643 2431 709 2487 de
736 2443 1046 2502 contemptu
1080 2442 1468 2504 tormentorum
1511 2449 1565 2490 et
1617 2431 1729 2504 ipse
1758 2436 1856 2490 sibi
1886 2438 2059 2489 ineres
2086 2436 2225 2490 face-

643 2511 724 2574 ret
771 2512 1165 2574 ornamentum.
1216 2503 1259 2557 Ο
1308 2507 1611 2572 margarita:
1640 2503 1977 2574 prunarum,
2029 2507 2223 2573 quibus

645 2570 915 2627 Laurentii
944 2573 1147 2627 viscera
1190 2570 1543 2629 decorentur!
1597 2570 1750 2643 Ignes
1790 2570 2136 2639 anhelabant,
2167 2584 2223 2630 et

642 2643 1182 2716 gemui-emicabant,
1214 2659 1324 2716 facit,
1349 2647 1601 2716 martyris
1644 2645 1883 2699 membra
1924 2644 2216 2714 fulgebant.

645 2711 857 2778 Regula:
879 2714 980 2766 illa!
1001 2714 1272 2768 craticula:
1296 2711 1616 2770 ﬂammantis
1638 2716 1828 2769 calami
1855 2711 2221 2782 erant’linguae

642 2783 890 2855 martyris
920 2792 1299 2855 testamentum
1329 2786 1632 2849 scribentis,
1661 2785 1856 2855 quibus
1879 2785 2138 2855 calamus,
2166 2792 2222 2839 et

544 2884 549 2893 ι
641 2851 804 2921 ίιιιρίῗι
844 2852 1453 2926 iudicantiiminabatur
1495 2851 1767 2926 gehcnua,
1831 2865 1883 2909 et
1932 2854 2219 2926 Hippolyto

641 2923 886 2990 sequenti
942 2924 1278 2978 scribebatur
1331 2942 1550 2979 corona.
1609 2925 1921 2979 Stridebant
1974 2923 2219 2978 scintilla:

642 2992 775 3060 ignis
799 2994 1143 3063 crepantibus
1172 2992 1422 3060 flammis,
1450 3004 1505 3048 et
1531 2997 1818 3063 gemebant
1844 2996 2073 3048 ministri
2096 3012 2220 3063 per-

644 3063 938 3128 tecutoris,
986 3065 1110 3133 quia
1166 3065 1469 3132 gaudebant
1513 3065 1686 3133 angeli
1733 3065 2049 3118 Salvatoris.
2110 3065 2217 3133 Ipsi

646 3147 759 3185 eum
797 3135 1060 3203 persecuti
1108 3143 1234 3189 sunt
1271 3144 1662 3204 resurgentem,
1704 3151 1862 3205 quem
1905 3136 2218 3205 pnncessuri

645 3210 763 3273 sunt
806 3218 1069 3273 pauperes
1116 3219 1144 3256 a
1186 3206 1440 3259 craticula
1485 3206 1809 3259 venientem.
1859 3205 1933 3258 De
1962 3206 2216 3259 craticula

645 3272 977 3357 deduxerunt
1004 3274 1070 3326 ad
1096 3273 1281 3357 urbem
1304 3274 1549 3357 Romam.
1580 3275 1654 3329 De
1674 3275 1920 3357 sepulcro
1948 3276 2221 3357 deducant

646 3342 706 3413 ad
733 3344 960 3411 patriam
999 3346 1405 3413 sempiternam.
1431 3342 1691 3399 Occurret
1736 3342 1810 3398 illi
1838 3344 2083 3399 Christus
2113 3344 2221 3397 Do-

645 3412 816 3465 .‘ninus
846 3414 907 3484 in
946 3428 1091 3477 acre,
1124 3412 1234 3484 qui
1279 3429 1401 3468 eum
1448 3415 1650 3483 adjuvit
1681 3415 1732 3468 in
1766 3415 1886 3484 igne
1913 3432 1924 3467 :
1950 3416 2074 3483 quia
2110 3415 2223 3484 ipse

646 3494 761 3565 etim
795 3482 1176 3565 tribuslpuerif
1195 3485 1250 3565 in
1294 3484 1511 3539 fornace
1539 3482 1805 3565 dignatus
1833 3493 1915 3539 est
1958 3482 2224 3565 apponere

646 3550 806 3631 ξυιξη.
836 3567 909 3631 In,
941 3551 1050 3631 92).
1081 3553 1234 3631 Dabit
1262 3569 1538 3631 carrucam
1565 3550 1739 3618 nubis,
1764 3564 1887 3631 past
1907 3550 2221 3609 craticulam

644 3621 779 3690 ignis
800 3621 1055 3676 ardentis.
1079 3622 1346 3678 Craticula
1374 3624 1603 3678 habebat
1626 3621 1779 3679 rotas
1804 3621 2107 3689 ﬂammeos;
2133 3641 2227 3678 nu-

648 3688 738 3764 bes
765 3692 1307 3764 hahehuntammnas
1355 3704 1533 3763 guttas
1560 3703 1616 3749 et
1645 3694 1858 3763 frigidas
1888 3688 2132 3764 pluvias:
2164 3705 2224 3750 ut

647 3761 777 3833 sicut
802 3763 858 3833 in
905 3763 1101 3818 lectulo
1152 3761 1423 3819 craticulzn
1471 3761 1806 3833 gaudens—in
1841 3761 2050 3819 Domini
2092 3781 2224 3831 pace

646 3831 906 3891 dormivit.
960 3833 1030 3887 ita
1062 3835 1111 3887 in
1142 3834 1353 3887 Domini
1408 3831 1704 3888 Jerusalem
1755 3844 1937 3888 cantet
1966 3844 2020 3887 et
2060 3834 2220 3901 dicat,

647 3901 768 3975 firm:
787 3906 991 3975 requies
1020 3922 1150 3975 mea,
1176 3904 1257 3975 hic
1286 3902 1549 3971 habitabo,
1575 3906 1817 3975 quoniam
1848 3905 2088 3974 prwelegi
2107 3922 2222 3959 eam

644 3970 811 4044 μέσαι.
845 3970 1026 4038 cxxxt,
1060 3973 1165 4044 Μ).
1197 3973 1263 4026 Ει
1290 3975 1463 4041 angeli
1490 3970 1617 4044 quid
1649 3970 1938 4028 cantabant
1968 3970 2223 4028 ad'istum

645 4043 1002 4116 triumphum?
1034 4043 1178 4116 Beati
1207 4046 1291 4116 qui
1313 4045 1549 4116 [cubitant
1569 4045 1620 4097 in
1645 4045 1795 4099 domo
1819 4055 1925 4116 tua,
1950 4046 2002 4098 in
2033 4046 2224 4099 swcula

644 4112 946 4168 mentorum
975 4112 1259 4168 laudabunt
1288 4125 1334 4168 te
1364 4114 1534 4187 (Paul.
1568 4130 1785 4178 Lxxxtn,
1819 4113 1897 4184 5).

1224 4247 1456 4305 SERMO
1497 4248 1628 4304 LXI.

1016 4339 1090 4391 De
1116 4356 1175 4394 ea
1198 4342 1283 4409 qui
1310 4341 1491 4394 incidit
1513 4342 1565 4395 in
1596 4342 1842 4396 latrones.

710 4450 983 4523 Lmtentur
1010 4452 1202 4510 itinera
1232 4454 1432 4519 mundi,
1459 4469 1581 4523 quia
1613 4456 1804 4509 transit
1831 4455 2081 4511 conditor
2100 4459 2221 4513 coeli

635 4520 844 4593 habens
869 4529 993 4593 ante
1021 4537 1080 4577 se
1105 4524 1373 4592 angelicas
1397 4520 1711 4593 potestates,
1741 4533 1799 4579 ut
1824 4540 2036 4581 cessare
2062 4526 2225 4583 faciat

2326 1946 2464 1999 tollit
2489 1957 2706 2015 peccata
2731 1946 2953 2001 mundi?
2983 1946 3136 2013 Veni,
3159 1948 3298 2013 veni,
3325 1946 3550 2001 Domine
3576 1946 3689 2001 Jesu
3716 1948 3849 2002 Naza-

2326 2030 2473 2087 rene.
2504 2016 2776 2071 Descende
2796 2016 2862 2071 ad
2882 2017 3170 2087 jacentem,
3199 2016 3485 2072 censolare
3507 2016 3766 2085 lugentem,
3786 2036 3849 2072 re-

2325 2085 2445 2139 fove
2489 2085 3122 2156 suspirautem,'lnclina
3154 2088 3323 2145 cwlos,
3352 2097 3405 2140 et
3448 2087 3686 2141 descende
3712 2090 3846 2157 (l’sal.

2326 2171 2509 2223 cum,
2539 2156 2616 2224 5).
2646 2156 2930 2226 Imperium
2955 2165 3100 2211 tuum
3132 2159 3183 2211 in
3209 2158 3447 2212 humeris
3468 2159 3585 2221 tuis,
3607 2168 3851 2226 resumatur

2326 2226 2632 2297 vulneratus
2654 2230 2705 2280 in
2730 2225 3042 2297 cervicibus
3070 2229 3193 2290 tuis,
3226 2228 3509 2282 confossus
3532 2225 3698 2296 gladio
3719 2230 3850 2297 respi-

2324 2305 2408 2349 ret
2432 2298 2483 2349 iu
2503 2295 2669 2365 ligno.
2701 2296 2779 2351 Tu
2804 2312 2997 2352 sanare
3018 2298 3349 2367 disposuisti,
3376 2300 3469 2365 qui
3496 2295 3740 2351 vulnerari
3760 2295 3850 2365 per:

2325 2368 2533 2425 misisti.
2565 2376 2618 2421 et
2664 2368 2796 2421 mori
2836 2368 3048 2435 penitus
3076 2369 3315 2431 noluisti,
3348 2377 3411 2421 ut
3439 2370 3710 2421 semivivus
3736 2369 3847 2435 lnge.

2324 2445 2425 2499 ret,
2457 2447 2512 2491 et
2535 2454 2630 2507 per
2659 2437 3025 2507 pmnitentiam
3058 2447 3489 2506 recognosceret,
3518 2447 3569 2507 et
3594 2454 3687 2491 non
3714 2454 3769 2492 eo
3788 2439 3850 2491 die

2332 2498 2575 2561 mortuus
2605 2498 2854 2578 lat-rymis
2880 2509 3156 2578 caruisset.
3185 2498 3329 2578 ‘Non
3372 2498 3486 2572 est,
3527 2498 3749 2578 Doming,
3784 2508 3851 2576 qui

2325 2585 2627 2643 succurrat,
2648 2577 2847 2631 nonest
2875 2578 2966 2646 qui
2994 2577 3185 2632 inferat
3212 2577 3556 2641 medicinam,
3590 2594 3684 2631 non
3705 2577 3849 2646 Estqui

2325 2649 2575 2711 miserum
2595 2648 2749 2702 tollat
2763 2649 2829 2702 de
2848 2649 2950 2711 'via,
2970 2648 3067 2702 nisi
3095 2658 3149 2701 tu
3178 2649 3325 2702 s‘olus
3350 2649 3459 2707 via.
3478 2648 3668 2701 veritas
3693 2656 3738 2701 et
3753 2650 3848 2700 vita.

2325 2710 2539 2770 Transit
2552 2719 2803 2772 sacerdos
2819 2733 2915 2787 per
2930 2710 3075 2773 vices
3091 2733 3235 2779 suas,
3252 2728 3307 2772 et
3323 2719 3524 2772 misero
3538 2734 3636 2772 non
3650 2717 3850 2787 supponit

2322 2787 2561 2858 cervices
2588 2804 2729 2858 suas.
2746 2788 2959 2858 Transit
2981 2788 3213 2854 Levites,
3241 2789 3541 2856 condoluit,
3562 2799 3615 2843 et
3633 2799 3849 2858 pertrans-

2325 2855 2402 2910 iit.
2434 2855 2513 2929 Tu
2534 2856 2791 2929 obediens
2817 2856 2988 2929 factus
3018 2875 3185 2929 usque
3207 2859 3274 2912 ad
3301 2855 3534 2913 mortem
3570 2855 3852 2929 crucis.sus-

2323 2927 2498 2994 peude
2530 2928 2581 2981 in
2613 2928 2757 2997 ligno
2796 2928 3017 2983 vulnera
3041 2927 3407 2983 lamentantis.
3434 2929 3545 2983 Hoc
3565 2929 3680 2984 fecit
3695 2929 3770 2996 qui
3786 2927 3853 2981 dc-

2322 2998 2531 3050 scendit
2554 3006 2612 3051 ut
2632 2998 2835 3052 videret
2856 3000 3086 3065 gemitus
3103 2999 3558 3065 compeditorum,
3597 3001 3746 3059 stetit,
3778 2998 3852 3050 mi-

2322 3076 2498 3121 sertus
2518 3077 2618 3131 est,
2650 3068 2846 3122 levavit
2871 3068 3178 3133 delicatum,
3196 3078 3249 3123 et
3270 3069 3322 3123 in
3347 3070 3465 3123 suis
3485 3069 3705 3123 humeris
3718 3067 3852 3136 posuit

2322 3138 2640 3219 sauciatam.
2667 3137 2814 3219 Fecit
2834 3153 2893 3192 se
2915 3142 3506 3219 intuentutntanquam
3533 3154 3704 3219 pecus,
3722 3137 3852 3192 factus

2324 3207 2471 3278 velut
2500 3221 2666 3278 agnus
2694 3218 2890 3270 mutus,
2924 3207 3179 3278 imposuit
3203 3207 3623 3278 illum’jumento
3642 3224 3745 3272 suo,
3771 3223 3848 3260 non

2324 3277 2525 3344 alieno,
2574 3277 2703 3331 fovit
2728 3277 3018 3333 chrismate
3056 3278 3126 3333 de
3155 3277 3523 3346 nomine’suo,
3569 3286 3623 3333 et
3661 3277 3850 3333 fuditvio

2325 3363 2451 3419 num
2475 3348 2543 3401 de
2569 3349 2826 3417 sanguine
2847 3363 2965 3402 suo.
2996 3347 3063 3403 Et
3089 3350 3253 3419 C(Bpil
3275 3351 3555 3405 ambulare
3577 3349 3686 3418 pius
3710 3349 3852 3419 Sanga-

2323 3417 2528 3492 rit-mus
2555 3416 2685 3472 cum
2705 3419 2940 3488 pondere
2968 3416 3321 3492 alieno,'quia
3354 3424 3471 3490 ipse
3503 3416 3719 3492 poi-tavit
3743 3416 3851 3470 ίηίίτο

2324 3488 2796 3560 niitatesnostras,
2828 3498 2890 3560 et
2910 3489 3128 3560 vulnera
3159 3488 3342 3544 nostra
3376 3488 3600 3546 ruravit
3625 3488 3849 3560 (lsaattn.

2324 3555 2678 3630 .i).APerduxit
2704 3559 2767 3612 ad
2798 3558 3066 3613 stabulum
3089 3559 3353 3628 hospitem
3386 3555 3704 3630 reparatum.
3722 3559 3853 3630 Vocat

2324 3628 2674 3681 stabularium
2722 3630 3064 3698 praepositum
3094 3630 3289 3698 stabuli
3335 3628 3464 3693 sui,
3492 3639 3547 3684 et
3572 3629 3852 3685 counnettdat

2325 3698 2648 3769 depositum,
2701 3697 2860 3769 quem
2910 3701 3178 3769 portabat.
3230 3697 3296 3754 Et
3337 3703 3448 3766 ait,
3504 3701 3689 3769 Accipe
3728 3700 3781 3752 al
3815 3706 3852 3749 te

2323 3768 2516 3838 pignus
2546 3767 2740 3840 Ineunt:
2775 3767 2995 3840 CuStodi
3020 3771 3321 3840 depositum
3356 3788 3556 3826 meum.
3578 3767 3723 3824 Modo
3737 3783 3832 3840 cura

2327 3846 2412 3891 tus
2439 3847 2543 3905 est,
2568 3839 2656 3893 diu
2682 3839 2869 3906 jacuit,
2894 3839 2983 3895 diu
3007 3837 3241 3894 inc—lusus
3268 3849 3352 3894 est
3374 3857 3403 3894 a
3430 3841 3726 3895 latronibus.
3746 3837 3852 3892 Fore

2324 3907 2474 3962 illum
2506 3909 2609 3980 tuis
2638 3909 2950 3980 visceribus,
3001 3926 3158 3980 quem
3206 3924 3307 3979 ego
3336 3912 3477 3966 meis
3505 3912 3570 3965 ad
3599 3919 3651 3964 te
3691 3907 3851 3980 portati

2326 3951 3125 4054 (ξωνἰεῆὺυείᾶἷιη-ριῦξῇνξίάξ,
3143 3951 3850 4054 messui-auditmucoinmenlo,
3897 4045 3909 4054 ο

2325 4047 2392 4118 de
2423 4049 2557 4102 meis
2586 4047 2836 4118 expensis
2865 4049 3025 4104 relice
3056 4050 3258 4105 viscera
3287 4051 3597 4106 esurientis.
3627 4049 3749 4104 Ecce
3780 4048 3850 4100 lia-

2326 4117 2422 4173 bes
2445 4118 2620 4188 (dixit)
2651 4117 2787 4173 duos
2816 4120 3085 4188 penarios,
3131 4137 3238 4175 non
3268 4121 3407 4175 dixit
3436 4136 3647 4183 aureos,
3683 4134 3771 4173 non
3793 4131 3853 4169 ar-

2325 4196 2550 4263 genteos
2575 4206 2589 4243 :
2614 4190 2737 4257 quia
2764 4189 2972 4263 duobus
2996 4189 3352 4263 Testamenlis
3382 4191 3527 4263 nulla
3556 4194 3851 4263 possentult-

2328 4258 2452 4334 taiia
2482 4260 2802 4334 comparari,
2833 4274 2941 4334 non
2963 4261 3076 4334 auri
3090 4276 3275 4334 neque
3298 4262 3531 4334 argenti,
3556 4258 3658 4315 non
3683 4258 3850 4334 electri;

2325 4330 2450 4396 quia
2488 4325 2687 4399 scripta
2713 4325 2836 4383 sunt
2869 4329 3037 4397 digito
3090 4325 3204 4384 Dei'
3233 4341 3281 4385 et
3311 4325 3549 4399 Spiritus
3569 4329 3754 4386 sancti.
3777 4325 3851 4393 Ipsi

2326 4407 2451 4451 sunt
2494 4397 2737 4468 sumptus
2767 4400 2970 4453 itineris
3006 4401 3195 4455 nostri.
3246 4397 3478 4455 Domino
3516 4400 3850 4468 medicamenta

2328 4466 2669 4536 praebentur:
2719 4470 2824 4523 duo
2865 4469 3068 4524 denarii
3118 4471 3551 4525 committuntur.
3603 4470 3666 4523 Et
3705 4466 3854 4536 dicitur

2326 4533 2640 4610 stabulario,
2655 4539 2735 4610 _Si
2763 4541 2885 4609 quid
2913 4543 3374 4610 supererogaveris,
3405 4558 3502 4610 ego
3525 4548 3755 4594 revertens

634 4592 690 4683 in
718 4590 873 4683 fau'ge
902 4591 1160 4683 lationes,
1182 4590 1246 4683 et
1274 4595 1325 4683 in
1351 4590 1763 4683 viausemineces
1793 4595 1933 4683 levet
1963 4596 2218 4680 innoceo:
2251 4607 2293 4664 Ι)
2323 4590 2571 4683 dont_tibi
2619 4590 3025 4683 (ιῖιὲξέξὸὧῗ
3047 4590 3569 4679 ρὶιῖἆῖιὶρέιῗοὲῗῇῃλί
3586 4590 3853 4683 quiaccipit

635 4670 738 4733 tes.
791 4660 1165 4733 Ecceidesunt
1209 4664 1383 4718 luctus
1432 4665 1654 4730 itineris,
1706 4666 1937 4733 gemitus
1975 4668 2217 4723 semivivi

637 4731 877 4806 iacentis.
908 4732 1140 4806 Medicus
1168 4734 1376 4799 transit,
1414 4735 1513 4806 qui
1544 4731 1757 4802 lugebat
1785 4736 1925 4800 silet,
1955 4736 2214 4806 quijace-

673 4811 727 4877 at
756 4802 1018 4877 exsurgit.
1038 4802 1383 4877 Perc‘ussus‘a
1413 4802 1740 4877 latronibus,
1773 4802 2216 4877 domini—cisiinci-

631 4873 711 4943 pit
738 4876 941 4943 portari
965 4874 1280 4929 cervicibus.
1311 4873 1425 4939 Ille,
1453 4875 1540 4930 ille
1570 4873 1652 4930 est
1680 4892 1837 4943 quem
1861 4877 2015 4931 nobis
2042 4876 2216 4933 Evan-

630 4941 826 5010 gelium
854 4941 1261 5013 demonstrabat
1282 4943 1573 5013 iacentem,
1598 4955 1652 4999 et
1674 4941 1930 5001 Dominus
1960 4947 2010 5000 in
2037 4948 2211 5013 caelis,

628 5022 685 5067 et
714 5012 916 5081 angelis
947 5013 1265 5084 ostendebat
1295 5015 1346 5068 in
1391 5015 1501 5069 suis
1548 5016 1783 5070 humeris
1832 5012 2204 5084 respirantem.

640 5080 804 5137 Homo
838 5082 1046 5154 quidam
1082 5080 1230 5145 (Luc.
1267 5100 1319 5146 κ,
1348 5084 1461 5154 30).
1506 5084 1708 5140 Nomen
1743 5102 1848 5140 non
1879 5080 2210 5143 commemo-

628 5162 795 5217 ratur,
822 5152 946 5222 quia
977 5153 1186 5208 deletus
1211 5164 1325 5208 erat
1349 5152 1571 5210 de‘libro
1592 5157 1902 5210 viventium.
1929 5156 2212 5213 Dimiserat

628 5224 891 5278 visionem
940 5224 1108 5293 pacis,
1160 5224 1253 5293 sic;
1279 5224 1422 5279 enim
1487 5224 1781 5281 Jerusalem
1813 5227 1953 5281 unde
1988 5228 2213 5283 descen-

627 5294 787 5365 derat
809 5291 1210 5365 interpretatur.
1240 5291 1524 5365 Dimiserat
1548 5295 1801 5364 templum
1824 5297 1995 5365 pacis,
2023 5299 2206 5352 sedem

627 5364 844 5436 quietis,
891 5364 1460 5436 euriam_angelorum,
1499 5364 1789 5436 Ecclesiam
1821 5364 2207 5436 primogenito-

629 5448 744 5486 rum
774 5433 930 5501 (ﬂeb.
965 5450 1058 5502 xu,
1088 5432 1215 5504 ‘25);
1240 5441 1296 5488 et
1322 5436 1484 5504 cmpit
1511 5432 1844 5491 descendens
1873 5437 1925 5489 in
1961 5432 2207 5491 manibus

628 5511 812 5573 patere
843 5504 1130 5558 latronum.
1162 5502 1207 5557 Ο
1237 5502 1517 5576 homoitu
1551 5505 1638 5573 qui
1662 5506 1827 5576 jaees,
1880 5521 2037 5574 quam
2068 5507 2207 5562 bene

628 5582 906 5653 porrectus
925 5588 1067 5653 eras,
1089 5589 1249 5653 quam
1272 5576 1420 5653 bene.
1435 5574 1573 5653 inter
1594 5574 2001 5653 margaritarum
2026 5586 2208 5653 portas

627 5643 1033 5716 ingrediebaris,
1075 5654 1138 5716 et
1187 5645 1502 5716 laetabarislh
1525 5659 1682 5712 quam
1715 5649 1849 5700 bene
1876 5643 2038 5716 super
2066 5648 2209 5715 ripas
2264 5668 2269 5675 ο

627 5712 766 5785 illius
795 5712 1342 5785 crystalliciiluminis
1370 5714 1761 5785 medicinalium
1795 5712 2058 5783 tegeh'aris
2085 5712 2210 5785 opa-

625 5784 787 5836 citate
814 5782 1102 5853 lignorum!
1153 5783 1246 5838 Illa
1269 5782 1393 5838 folia
1427 5802 1531 5838 non
1564 5784 1833 5849 decidunt,
1854 5782 1956 5839 tua
1989 5782 2208 5853 vestigia

624 5862 792 5927 quare
822 5854 1015 5908 exinde
1042 5854 1358 5909 deciderunt
1378 5858 1402 5907 Τ
1434 5855 1548 5909 Non
1579 5865 1693 5910 erat
1725 5854 1793 5910 ibi
1826 5854 1913 5926 qui
1960 5863 2011 5909 te
2039 5862 2209 5911 terre-

2325 4676 2467 4749 qnod
2497 4680 2718 4747 erogat?
2745 4676 2965 4733 Caritas
2978 4689 3063 4734 est
3092 4681 3191 4734 ista
3230 4676 3351 4747 qua:
3379 4676 3502 4749 plus
3530 4676 3682 4749 quam
3706 4676 3853 4749 putavi-

2327 4744 2767 4821 piturﬂerogatnr,
2800 4751 2923 4817 quia
2954 4767 3055 4805 non
3081 4744 3264 4819 ancrit
3293 4744 3408 4821 qua:
3438 4744 3674 4821 sna-sunt
3693 4744 3739 4818 (Ἰ

2325 4834 2436 4892 gitti,
2462 4816 2666 4888 5),nou
2690 4816 2849 4892 habet
2879 4816 3161 4892 terminqu
3209 4816 3426 4892 caritas.
3463 4819 3528 4874 Et
3564 4816 3849 4892 dicit‘sntbtt-

2325 4887 2488 4941 larius
2515 4903 2745 4956 erogans
2787 4890 2983 4958 aliquid
3025 4906 3186 4959 super
3213 4891 3358 4957 quod
3386 4892 3613 4959 accepit,
3640 4889 3708 4941 De
3731 4887 3848 4952 τετρῖ-

2319 4958 2470 5031 nibus
2495 4958 3229 5031 an(entAptjwceptnmpomini
3251 4964 3414 5015 nostri
3440 4958 3542 5014 non
3564 4959 3718 5031 Italica
3729 4974 3742 5011 .'
3757 4969 3850 5031 ςιξκο

2315 5028 2493 5082 silium
2520 5029 2588 5100 do
2608 5098 2615 5100 ξ
2636 5026 2960 5100 (Ιίίῖονζνιι,
2993 5028 3104 5100 25).
3158 5028 3308 5085 Unle
3354 5032 3667 5085 adveniente
3692 5026 3849 5094 Spiritu

2317 5107 2505 5169 sancto
2531 5098 2739 5152 induxit
2768 5100 2820 5154 iu
2851 5098 3071 5154 omnem
3096 5101 3401 5164 veritatem,
3455 5102 3545 5169 qui
3569 5100 3777 5168 jaeebat,
3809 5101 3849 5142 ιιι

2317 5168 2586 5238 acciperet
2613 5169 2680 5222 de
2711 5170 2958 5238 praesenti
2980 5172 3189 5225 medico
3214 5168 3524 5235 sanitatem,
3557 5168 3848 5238 utannuctllc

2314 5233 2514 5306 Spiritu
2544 5233 2732 5293 sancto
2760 5240 2991 5294 disceret
3014 5241 3335 5305 castitatem,
3367 5249 3421 5295 et
3448 5233 3656 5295 rediens
3681 5237 3737 5290 ad
3780 5233 3847 5287 le-

2312 5309 2545 5363 rusalem
2570 5324 2729 5377 quam
2760 5309 3053 5375 dimiserat,
3081 5327 3190 5366 non
3219 5310 3433 5366 deserat
3459 5312 3735 5367 civitatem.

2897 5437 3125 5497 SERIIO
3153 5444 3302 5499 LXII.

2698 5532 2773 5588 De
2800 5536 2950 5588 unico
2979 5535 3091 5605 ﬁlio
3118 5536 3295 5589 .vidua'
3331 5534 3510 5589 Naim.

2389 5644 2482 5700 Ubi
2506 5646 2739 5701 cmlestis
2764 5648 2867 5700 vita
2893 5646 3142 5715 dignatur
3165 5649 3378 5712 intrare,
3412 5665 3558 5703 mors
3583 5647 3647 5701 ibi
3672 5640 3836 5716 inimica

2316 5731 2424 5769 non
2445 5716 2606 5770 habet.
2647 5710 2991 5785 potestatem.
3022 5717 3141 5771 Vita
3184 5710 3626 5773 nostra'Christus
3658 5724 3755 5785 est:
3779 5710 3837 5759 είδ-

2315 5783 2733 5857 camusomnes,
2772 5785 2869 5840 Ubi
2895 5797 2990 5852 est,
3021 5804 3182 5855 mors,
3205 5790 3406 5843 aculeus
3431 5797 3544 5843 tuus
3574 5785 3623 5857 (ι
3641 5783 3743 5838 Car.
3769 5792 3834 5837 ιε’.

2319 5852 2447 5925 55)?
2489 5854 2730 5913 Christus
2776 5871 2874 5926 per
2919 5852 3349 5914 mortem—suam
3397 5852 3618 5913 saltavit
3650 5860 3832 5909 mortem

3089 6063 3113 6076 κ
