4060 6466
1712 365 1953 433 smne
1994 365 2167 418 LXIII.

3465 374 3568 428 956

299 482 540 550 nostram
562 473 829 550 “licemini.
857 474 1071 550 iterum,
1092 474 1188 531 Ubi
1210 476 1885 550 est,inferne,v_ictoria_tua
1913 487 1961 543 Α
1993 479 2111 533 tidei
2156 478 2259 532 crit
2289 478 2476 548 pignus
2501 521 2515 543 ,
2567 494 2670 532 non
2702 478 2957 550 grhcttnm
2988 479 3205 537 fructus.
3239 484 3363 538 Acri
3407 486 3443 539 it
3475 488 3564 550 illa

300 541 351 615 (l
379 540 501 615 Cor.
524 542 759 615 ιν,γὸὕῇ
772 543 921 613 ,Εοεθ
932 540 1169 601 medicus
1179 540 1360 602 noster
1377 540 1565 615 portas
1583 547 1884 615 ingreditur

297 611 553 689 civitatis,
575 611 733 689 vidua
754 611 926 668 mater
952 624 1126 671 cesset
1153 631 1183 671 a
1203 611 1495 689 lacrymisa
1524 611 1677 689 Unde
1697 626 1751 671 et
1772 632 1881 689 quo

297 683 485 755 venit,_
500 683 593 755 qui
617 693 862 739 mortuus
887 700 985 739 sua
1014 694 1189 742 morte
1219 683 1502 755 subvenit?
1531 686 1577 741 A
1604 683 1872 742 centurio-

301 767 371 809 ne
422 753 488 808 ad
518 753 769 809 miseram
800 762 1049 819 matrem,
1093 772 1122 809 a
1153 772 1309 812 servo
1339 756 1404 811 ad
1435 754 1623 822 filium,
1654 771 1685 809 a
1713 757 1879 811 divite

296 822 364 895 ad
392 823 633 895 unicum.
658 823 732 895 Ibi
754 825 936 878 venire
965 834 1201 892 rogatur,
1233 826 1319 880 hic
1340 826 1452 895 ipse
1480 832 1670 895 sponte
1695 828 1881 881 venire

294 891 569 966 dignatur.
601 893 676 946 Ibi
716 903 831 966 erat
871 895 961 966 qui
993 891 1248 966 mitteret,
1278 906 1334 950 ut
1362 891 1451 966 qui
1485 891 1765 950 laborabat
1794 912 1880 966 pe-

294 964 442 1017 nitus
473 979 580 1017 non
625 963 840 1033 periret.
879 963 975 1019 Hic
1004 965 1115 1019 sola
1165 975 1356 1030 mater,
1382 963 1448 1020 'et
1491 966 1676 1020 unicus
1715 963 1875 1033 titius,

292 1046 417 1087 cum
445 1048 553 1101 quo
576 1032 723 1087 solus
752 1033 1071 1101 migraverat
1101 1035 1339 1099 atfcctus,
1365 1034 1490 1089 dum
1520 1051 1703 1090 secum
1727 1032 1879 1090 mise-

293 1102 479 1156 rabilis
513 1111 686 1174 mater
714 1110 928 1166 tractat,
959 1113 1014 1157 et
1055 1105 1219 1158 volvit
1246 1107 1371 1174 quia
1395 1104 1506 1173 jam
1537 1106 1877 1174 proximabat

293 1177 508 1244 tempus
536 1172 845 1244 sepulturae,
874 1180 933 1244 _et
973 1189 1080 1227 non
1121 1183 1241 1230 erat
1266 1172 1358 1244 qui
1397 1172 1639 1229 eurrcrct
1667 1174 1733 1227 ad
1766 1174 1874 1228 Do-

293 1242 501 1313 minum
530 1241 828 1313 medicinae.
861 1241 1028 1308 Quem
1060 1241 1299 1309 mittam,
1330 1245 1635 1309 clamabat,
1677 1254 1731 1298 et
1757 1246 1877 1313 quis

294 1308 393 1364 ibit
434 1310 813 1365 athominum
857 1313 1071 1383 nicum?
1115 1313 1229 1367 Non
1261 1308 1472 1383 parcns,
1507 1308 1630 1367 non,
1657 1308 1875 1383 propin-

295 1394 456 1447 quus,
485 1396 589 1433 non
619 1396 827 1445 servus,
855 1382 941 1436 vel
967 1383 1102 1437 alius
1133 1382 1289 1436 titius.
1324 1383 1380 1436 Si
1405 1384 1689 1445 dimittam,
1723 1382 1876 1438 accu-

291 1449 436 1503 sabit
464 1465 552 1504 me
577 1460 819 1505 mortuus
840 1466 1011 1506 meus.
1040 1451 1196 1506 Novit
1225 1453 1381 1506 funus
1409 1469 1606 1517 meum,
1658 1454 1876 1507 ubicun-

290 1533 399 1587 que
427 1529 512 1592 est
558 1519 816 1592 Dominus
852 1536 1042 1592 meus,
1087 1525 1358 1592 quomodo
1402 1525 1659 1577 remansit
1701 1534 1874 1577 mater

290 1592 407 1643 sola
438 1589 749 1652 visceribus,
781 1591 895 1644 sola
924 1589 1217 1646 doloribus.
1254 1591 1467 1646 Utinam
1497 1593 1874 1648 clauderentur

293 1667 464 1780 ὕοι-ιω
494 1659 693 1714 ventris
721 1662 843 1724 tnei,
877 1667 935 1714 ut
957 1678 1061 1715 non
1088 1677 1326 1717 crearent
1355 1677 1514 1732 quem
1544 1664 1875 1734 plangorem!

348 1728 513 1780 tinam
546 1737 799 1780 tanquam
847 1732 1148 1780 abortivum
1180 1731 1331 1780 fieret
1360 1734 1494 1780 intra
1526 1734 1629 1780 mei
1662 1739 1870 1780 secreta

348 1728 513 1782 tinam
546 1737 799 1798 tanquam
847 1732 1148 1798 abortivum
1180 1731 1331 1786 lieret
1359 1728 1496 1786 intra
1526 1728 1629 1787 mei
1662 1728 1871 1787 secreta

295 1798 519 1872 ventris,
536 1807 603 1872 _ut
631 1815 736 1854 non
759 1800 966 1872 videret
994 1802 1189 1872 lucem,
1221 1801 1287 1856 de
1313 1819 1416 1871 qua
1444 1804 1569 1856 mihi
1599 1803 1867 1872 duplicem

294 1867 498 1939 doloris
529 1869 729 1939 faceret
755 1870 1080 1924 caecitatem!
1131 1871 1244 1924 Non
1288 1867 1510 1926 maritus
1534 1914 1549 1939 ,
1597 1867 1703 1926 non
1736 1872 1874 1927 filius

291 1937 464 2010 solus,
495 1938 623 1992 mihi
651 1940 907 2010 remansit
938 1939 1195 1994 Dominus
1231 1957 1395 1995 meus.
1430 1937 1560 1996 Novi
1584 1943 1709 2010 quia
1730 1943 1875 1997 videt

292 2006 655 2078 plangentem,
689 2008 785 2063 sed
812 2010 857 2063 si
887 2010 993 2064 cito
1025 2011 1297 2065 advenerit
1336 2027 1457 2065 cum
1486 2006 1704 2078 virtute,
1737 2013 1870 2068 vici-

292 2090 416 2129 nam
442 2077 683 2152 destruet
710 2088 956 2152 mortem.
992 2078 1129 2152 Ecce
1158 2083 1299 2134 enim
1338 2082 1568 2150 sepulcri
1595 2077 1736 2136 fosSa
1773 2098 1870 2152 pa-

292 2154 412 2220 rata
436 2156 544 2220 test,
572 2148 678 2201 vita
703 2165 819 2201 mea
845 2149 932 2202 ubi
960 2152 1080 2202 est?
1111 2150 1268 2220 Istum
1298 2148 1523 2220 putasne
1547 2148 1787 2220 sepelio,
1803 2167 1870 2205 an

294 2214 578 2291 Dominum
603 2233 803 2291 _meum
845 2221 1117 2291 sperabo?
1160 2214 1312 2274 [ηυιί
1343 2221 1457 2275 haec
1505 2214 1623 2275 cuni
1656 2214 1873 2291 plorans

290 2285 488 2359 plorat,
521 2287 851 2359 ctlacryma:
877 2285 999 2359 ‘ejns
1031 2305 1192 2359 super
1217 2304 1381 2357 genas
1408 2292 1540 2359 ejus.
1569 2300 1624 2345 et
1654 2285 1760 2345 non
1790 2298 1874 2346 cst

291 2354 387 2421 qui
418 2354 730 2439 consoletur
763 2374 882 2439 eam
915 2354 1133 2439 (Tmen.
1183 2354 1304 2439 1,32)
1341 2378 1354 2412 :
1387 2354 1513 2439 ecce
1552 2362 1673 2439 vita:
1704 2362 1872 2430 impe-

290 2432 443 2496 rator
471 2427 685 2481 advenit
731 2444 744 2479 :
777 2428 891 2496 ipse
921 2427 1177 2495 intrabat,
1210 2429 1297 2484 illa
1328 2432 1529 2484 exibat.
1572 2427 1872 2485 Occurrunt

287 2494 391 2548 sibi
435 2512 591 2569 iners
645 2494 865 2569 cttvita.
899 2494 1217 2569 Piaeccdunt
1245 2500 1569 2569 spiritalibus
1598 2502 1870 2568 obsequiis

287 2566 466 2639 angeli
478 2567 882 2639 compatientes
902 2567 1178 2639 doloribus
1199 2566 1403 2639 matris.
1429 2569 1638 2623 Clamat
1659 2566 1869 2639 per—cos

290 2632 675 2709 iides_._DiciteA
700 2639 857 2691 matri
901 2636 1049 2709 filia),
1075 2637 1203 2693 Sion
1240 2657 1252 2690 :
1285 2638 1452 2693 Sileat
1483 2632 1679 2709 pupilla
1727 2642 1868 2695 oeuli

289 2704 387 2756 tui.
420 2704 558 2760 Ecce
587 2705 837 2762 Salvator
863 2707 1078 2761 advenit
1108 2709 1309 2762 habens
1356 2704 1656 2763 mercedem
1686 2725 1865 2773 suam,

286 2781 345 2826 ct
369 2789 505 2843 opus
542 2776 659 2849 ejtts
684 2789 807 2849 ante
837 2777 1024 2849 facient
1050 2778 1175 2849 ejus
1206 2778 1344 2849 (Isti.
1384 2796 1507 2844 un,
1546 2779 1654 2849 Il).
1697 2778 1868 2845 Quale

286 2852 372 2913 cst
395 2846 568 2913 opus?
589 2845 774 2912 Qualis
803 2856 884 2900 cst
909 2847 1164 2902 Dominus
1179 2850 1201 2902 ?
1214 2848 1348 2902 (Σιπτί
1363 2849 1548 2911 vident,
1566 2845 1738 2902 claudi
1753 2865 1865 2902 ant-

287 2912 505 2989 bulaitt,
545 2916 733 2989 teprosi
756 2917 1300 2989 munduumrtmortui
1322 2920 1634 2972 suscitantur
1649 2918 1864 2989 (Matth.

287 2997 380 3056 δι,
431 2982 508 3053 5).
544 2982 680 3039 Ecce
719 3001 855 3056 opus
902 2988 1036 3054 ejus.
1080 2987 1263 3056 Qualis
1291 2998 1372 3043 est
1414 2982 1673 3043 adventus
1716 2989 1868 3056 ejus?

285 3050 424 3106 Ecce
465 3050 611 3108 venit
639 3050 771 3109 cum'
812 3050 1012 3110 sanctis
1068 3050 1354 3114 comitibus
1401 3059 1529 3123 suis,
1584 3050 1867 3114 duodecim

284 3124 546 3190 apostolis
572 3127 683 3179 suis
714 3127 1029 3194 imperator,
1051 3143 1155 3181 non
1184 3129 1233 3180 in
1264 3130 1483 3182 carruca
1508 3144 1670 3183 aurea
1701 3137 1759 3183 ut
1789 3130 1867 3183 vi-

258 3205 383 3246 .vos
415 3202 674 3265 terreret,
707 3195 800 3250 sed
832 3198 1024 3265 pedmn
1073 3197 1252 3251 labore
1284 3207 1340 3252 ut
1370 3207 1609 3252 mortuos
1635 3199 1862 3253 suscita-

284 3269 389 3338 ret.
435 3261 907 3338 Approximatqui
941 3267 1099 3334 longe
1132 3285 1243 3338 non
1275 3279 1409 3331 erat,
1446 3269 1592 3322 venit
1619 3269 1684 3322 ad
1730 3283 1859 3338 pur-

285 3337 420 3405 lnam,
445 3333 648 3388 invenit
673 3333 939 3405 duplicem
963 3333 1254 3404 miSeriam,
1304 3340 1517 3393 unicum
1546 3347 1600 3392 et
1626 3333 1857 3393 viduam.

283 3400 669 3459 Commovetur
716 3400 936 3475 propter
965 3407 1179 3477 unicum
1199 3446 1213 3469 ,
1240 3400 1380 3477 'quia
1411 3416 1465 3463 et
1508 3409 1621 3477 ipse
1652 3410 1857 3474 unicus;

283 3483 658 3547 commovetur
685 3484 906 3545 propter
934 3476 1143 3547 viduam
1173 3476 1432 3543 matrem,
1465 3476 1562 3547 qui
1600 3479 1725 3532 facit
1752 3487 1864 3535 ste-

283 3542 538 3618 rilem‘in
567 3542 802 3618 domum
837 3554 1061 3618 matrem
1112 3546 1338 3618 filiorum
1371 3542 1636 3602 lzc'a'ntem
1674 3549 1859 3618 7(I'sal.

283 3619 413 3675 exn,
447 3612 524 3681 9).
575 3614 777 3684 Aspicit
808 3616 1055 3670 miseram
1084 3616 1296 3669 viduam
1329 3619 1520 3672 lrctum
1549 3619 1630 3672 sui
1660 3612 1863 3674 funeris

280 3688 718 3751 prosequentem,
752 3700 914 3757 genas
944 3686 1254 3748 laniantem,
1306 3690 1483 3741 crines
1524 3704 1682 3741 manu
1709 3703 1860 3757 spar-

281 3758 413 3816 gent
433 3769 519 3825 an,
551 3769 670 3821 qua:
700 3759 763 3806 ad
794 3756 966 3809 solum
1017 3757 1180 3808 lilium
1211 3759 1541 3820 attendebat,
1584 3774 1702 3825 qua:
1730 3756 1860 3812 alte-

281 3834 402 3894 ruin
434 3824 497 3875 ad
527 3839 685 3892 qttem
715 3826 1007 3894 respiceret
1037 3842 1140 3878 non
1172 3826 1418 3880 habebat.
1453 3828 1566 3881 Non
1597 3824 1739 3881 videt
1764 3827 1865 3882 Do-

281 3890 505 3955 Ihinum,
546 3890 649 3964 sed
685 3890 940 3963 ipse'ejus
982 3896 1243 3964 conspicit
1275 3899 1494 3953 luctum.
1540 3896 1733 3951 Factus
1777 3906 1862 3953 est

280 3968 555 4037 spectator
584 3963 1095 4037 plangentiumLinti
1116 3963 1316 4020 rdictor
1347 3970 1695 4037 portantium,
1726 3983 1860 4022 con-

281 4030 489 4105 solator
533 4030 905 4105 lacrymarum.
962 4034 1077 4089 Non
1109 4044 1234 4090 ante
1263 4030 1552 4105 alloquitur
1595 4046 1817 4092 matrem
1842 4078 1857 4102 ,

283 4114 395 4176 non
423 4102 484 4176 ei
503 4103 748 4176 primitus
776 4106 1163 4159 consolationis
1187 4106 1345 4160 verba
1388 4102 1677 4176 profundit,
1719 4109 1859 4161 scie-

277 4167 542 4244 bat_enirn
570 4186 690 4226 eam
737 4174 987 4243 lacrymis
1025 4189 1145 4229 esse
1189 4167 1491 4230 confusam.
1526 4167 1742 4244 Bajulos
1772 4176 1858 4231 fu-

276 4239 428 4294 neris
469 4252 679 4304 monet,
724 4251 782 4296 ut
814 4239 975 4298 stent.
1022 4244 1303 4315 Deponite,
1338 4248 1543 4315 inquit,
1590 4239 1857 4301 sarcinam

273 4317 538 4377 vestram,
568 4320 807 4381 spectate
841 4323 897 4367 et
926 4329 1021 4368 vos
1059 4310 1377 4369 medicinam
1409 4310 1600 4371 initam.
1648 4316 1762 4370 Non
1793 4317 1859 4371 ad

272 4393 379 4454 vos
406 4390 704 4435 revertetur
729 4382 938 4451 pondus
969 4384 1209 4438 ulterius.
1242 4384 1465 4454 Jejunns
1507 4387 1745 4440 manebit
1773 4387 1857 4440 in-

273 4447 465 4503 fernus
486 4491 503 4521 ,
549 4460 605 4505 et
630 4447 844 4521 vacuus
872 4455 1233 4521 reportabitur
1262 4447 1448 4511 lectus.
1483 4456 1587 4510 Sed
1635 4456 1856 4511 nimium

273 4520 547 4588 portando
578 4520 879 4576 laborastis.
923 4520 1141 4579 Dulcior
1167 4532 1250 4578 cst
1279 4524 1481 4579 fructus
1507 4527 1672 4581 vestri
1701 4526 1854 4580 labo-

1990 550 2133 604 velut
2166 565 2393 613 novum,
2441 565 2598 617 quem
2632 549 2933 619 perdiderat
2977 549 3253 619 juvenem,
3286 558 3562 612 meliori-ni

1986 628 2194 689 partum
2218 624 2453 672 sentiens
2484 620 2533 672 in
2560 621 2721 673 verbo
2746 618 2973 689 Domini,
2997 637 3157 689 quam
3187 618 3245 677 in
3269 625 3421 679 vulva
3453 644 3563 681 ma-

1985 688 2081 743 tris
2104 689 2590 765 suscepit.Gratias
2616 702 2717 756 ago
2746 690 2858 765 tibi,
2891 688 3136 765 Donnin'e,
3159 695 3349 749 melius
3379 698 3563 765 recepi

1982 775 2011 813 a
2043 768 2113 821 te,
2156 774 2318 836 quam
2346 760 2502 836 genui
2548 774 2614 813 ex
2645 775 2747 836 me.
2780 758 2972 813 Nescio
2997 765 3280 836 quomodo
3310 758 3560 836 concepi,

2020 828 2251 905 uomodo
2279 830 2436 896 genui
2456 830 2752 905 _non_novi,
2783 828 3229 905 quemadmodum
3262 844 3315 887 ct
3357 828 3557 905 recepi;

2029 915 2057 953 u
2100 899 2204 952 scis
2242 898 2687 972 quemadmodum
2718 915 2913 972 corpus
2966 899 3081 968 ejus
3110 913 3447 972 compactum
3478 898 3561 962 est

1981 969 2032 1021 iu
2065 978 2218 1022 utero
2246 968 2362 1022 solo
2394 969 2557 1040 verbo
2590 978 2700 1040 too.
2729 968 2841 1040 Non
2871 983 2970 1037 ego
3000 968 3248 1040 Spiritum
3276 975 3417 1039 dedi,
3448 992 3556 1030 non

1976 1053 2077 1105 ego
2100 1052 2217 1091 ossa
2249 1039 2575 1106 comparavi.
2609 1037 2687 1091 Tu
2717 1038 2929 1101 dedisti,
2965 1037 3334 1107 tu'abstulisti,
3361 1037 3413 1098 tu
3439 1046 3561 1099 red-

1976 1108 2175 1184 didisti.
2197 1108 2357 1161 Haesit
2379 1108 2548 1176 pietas
2577 1108 2642 1163 ad
2669 1108 2947 1178 pietatem,
2974 1110 3110 1165 filius
3131 1128 3303 1167 novus
3324 1117 3558 1184 complc-

1976 1179 2140 1232 ctitur
2162 1186 2406 1232 matrem.
3116 1200 3119 1205 ·

2558 1234 2572 1267 \

2509 1308 2770 1365 SERMO
2808 1311 3016 1368 LXIII.

2566 1400 2646 1456 De
2669 1402 2977 1473 paralytico.

2044 1513 2183 1590 Ecce
2213 1512 2351 1590 fons,
2377 1514 2567 1569 fratres
2589 1514 2865 1590 carissimi,
2892 1516 3159 1590 proximat
3179 1523 3244 1572 ad
3272 1521 3553 1590 piscinam,

1972 1585 2182 1639 miseris
2206 1584 2317 1653 jam
2348 1591 2601 1661 properat
2632 1584 2915 1661 medicina.
2949 1585 3084 1661 Ecce
3132 1588 3248 1661 fons
3273 1584 3352 1661 'ad
3396 1584 3555 1661 pisci;

1974 1670 2117 1717 nam,
2151 1664 2207 1708 ut
2234 1653 2492 1726 suscipiat
2531 1668 2725 1726 aquam
2756 1655 2822 1726 de
2854 1653 2999 1710 fonte
3028 1658 3247 1726 piscina.
3289 1653 3408 1715 Non
3438 1662 3556 1718 fons

1972 1726 2230 1798 suscipiat
2253 1725 2336 1798 _de
2366 1723 2597 1798 piscina,
2617 1724 2740 1791 quia
2770 1725 2971 1798 piscina
3005 1723 3093 1780 uni
3120 1728 3317 1783 homini
3353 1735 3556 1798 prtehe-

1975 1794 2073 1868 bat_
2097 1794 2380 1868 medelam,
2411 1794 2531 1847 fons
2573 1802 2750 1868 autem
2783 1795 2986 1862 rigabat
3018 1805 3181 1850 totam
3230 1794 3425 1852 terram
3448 1844 3462 1868 ,
3500 1812 3555 1858 et

1978 1864 2300 1937 toti‘mundo
2324 1864 2590 1937 languenti
2608 1864 2741 1937 sine
2760 1874 2981 1934 excepta
3016 1882 3242 1934 persona
3265 1864 3553 1937 gratuitam

1975 1934 2203 2003 praebuit
2232 1934 2569 1989 medicinam.
2608 1931 2815 1987 Piscina
2845 1931 3192 2000 construitur,
3226 1931 3344 1994 fons
3372 1950 3552 1998 autem

1974 2019 2134 2078 manu
2165 2004 2397 2078 humana
2428 2018 2533 2078 non
2585 2003 2892 2078 fabricatur.
2943 2004 3057 2058 Non
3080 2009 3284 2078 accipit
3329 2010 3447 2065 fons
3484 2013 3553 2067 de

1974 2075 2176 2142 piscina
2206 2074 2575 2149 primordium,
2616 2087 2714 2126 nec
2755 2072 2999 2128 Christus
3043 2076 3110 2149 ab
3140 2072 3355 2133 ho'minc
3383 2094 3551 2149 gene-

1974 2153 2158 2209 ratur,
2207 2143 2304 2199 sed
2359 2145 2471 2213 ipse
2518 2152 2799 2211 regenerat
2839 2158 3006 2211 genus
3049 2146 3357 2202 humanum.
3386 2143 3552 2208 'Fons

1972 2228 2165 2285 aquam
2186 2217 2305 2285 nan
2336 2213 2529 2283 accipit
2557 2227 2650 2285 per
2675 2213 2939 2281 canalem,
2968 2216 3092 2283 quia
3122 2216 3234 2285 ipse
3259 2233 3451 2285 aquam
3478 2222 3552 2275 di-

1972 2282 2096 2355 rigit
2133 2284 2199 2336 ad
2238 2282 2474 2338 meatum
2507 2300 2519 2334 :
2551 2282 2675 2355 quia
2715 2297 2829 2355 non
2877 2292 2959 2338 est
2990 2282 3155 2338 natus'
3172 2302 3267 2355 per
3293 2282 3465 2343 virum
3495 2299 3552 2345 ct

1973 2354 2409 2427 muliercmgtsed
2449 2368 2547 2427 per
2572 2351 2843 2427 Spiritum
2876 2361 3119 2427 sanctum
3172 2351 3233 2410 'et
3289 2359 3548 2427 virginem

1972 2431 2217 2477 matrem.
2252 2421 2458 2477 Piscina
2504 2422 2687 2476 habuit
2733 2424 3062 2489 marginem,
3098 2426 3214 2479 fans
3246 2444 3352 2482 non
3374 2421 3550 2484 'habet

1973 2492 2153 2548 ﬁnem.
2205 2492 2413 2547 Piscina
2459 2492 2755 2561 porticibus
2799 2493 3163 2559 claudebatur,
3212 2496 3331 2551 fans
3370 2508 3547 2555 autem

1972 2564 2219 2639 v_it:e‘nec
2234 2564 2378 2639 cmlo
2406 2562 2763 2639 concluditur,
2795 2578 2894 2639 nec
2910 2572 3064 2639 terra
3100 2567 3322 2639 celatur,
3355 2570 3443 2639 qui
3466 2579 3549 2623 at-

1971 2633 2123 2704 tingit
2152 2650 2184 2685 a
2217 2633 2321 2704 ﬁne
2342 2648 2498 2703 usque
2526 2632 2594 2683 ad
2615 2632 2772 2704 ﬁnem
2798 2634 3016 2702 fortiter,
3042 2645 3089 2687 et
3120 2636 3346 2704 disponit
3373 2632 3548 2694 omnia

1970 2699 2388 2778 smrriter'tsop.
2415 2699 2562 2765 'vm,
2606 2699 2679 2778 i)_.
2710 2699 3053 2778 _Ut‘:_egrot_us
3094 2699 3245 2778 tntilli
3292 2712 3548 2778 temporis

1970 2773 2197 2841 accipiat
2215 2773 2522 2837 sanitatem,
2550 2772 2800 2825 veniebat
2826 2771 2960 2835 fons,
2988 2773 3239 2841 implebat
3263 2771 3544 2841 piscinam.

1973 2839 2119 2895 Unus-
2152 2841 2522 2895 tlmtutmuodo
2552 2841 2848 2907 accipiebat
2878 2839 3215 2897 medicinam.
3256 2839 3403 2901 Unde
3430 2848 3547 2904 fuas

1970 2920 2232 2989 manaret,
2257 2920 2660 2989 nemo‘noverat
2684 2910 2905 2989 fontem.
2932 2911 3046 2989 Non
3076 2916 3404 2989 Septentrie,
3437 2934 3543 2973 non

1970 2980 2237 3047 Meridies,
2289 2998 2395 3035 non
2421 2980 2615 3035 Oriens
2642 3022 2656 3045 ,
2706 2996 2810 3033 non
2838 2979 3118 3049 Occidens,
3152 2979 3278 3037 fons
3305 2979 3546 3043 occultus

1969 3067 2108 3105 unus
2148 3052 2309 3105 homo
2340 3051 2499 3104 liebat
2539 3066 2701 3104 sanus
2725 3089 2738 3111 ,
2782 3051 2907 3120 quia
2937 3060 3086 3106 notus
3110 3054 3165 3106 in
3193 3054 3379 3110 Judwa
3404 3057 3544 3113 Deus

1970 3121 2138 3195 (_I’sat.
2169 3121 2433 3195 Lxxv,_2).
2463 3123 2529 3174 At
2553 3121 2642 3195 ubi
2665 3121 2994 3195 vidit_omni_s
3022 3126 3403 3195 carotsalutare
3424 3128 3541 3195 Dei,

1970 3189 2154 3265 didicit
2198 3191 2430 3265 mundus
2452 3191 2600 3265 “quia
2651 3206 2754 3265 non
2788 3189 2907 3243 fons
2936 3192 3002 3265 de
3033 3193 3234 3265 piscina
3268 3189 3538 3265 manabat,

1968 3263 2060 3333 sed
2092 3263 2293 3333 piscina
2335 3262 2402 3317 de
2447 3262 2589 3315 fonte
2631 3261 2831 3329 repleta
2882 3261 3119 3328 refulsit,
3167 3266 3381 3333 quando
3425 3261 3545 3325 fons

1958 3331 2110 3400 juxta
2134 3332 2426 3406 piscinam
2467 3347 2572 3384 non
2614 3339 2853 3406 rogatus
2883 3335 3159 3406 astitit,»et
3185 3331 3312 3390 _sine
3342 3338 3543 3406 piscina

1964 3404 2189 3457 curavit.
2210 3402 2409 3468 Quales
2429 3410 2583 3455 erant
2612 3401 2686 3454 itli
2717 3402 2981 3469 porticus!
3004 3403 3240 3458 Delectat
3267 3401 3545 3464 columnas

1964 3473 2257 3534 attendere,
2283 3473 2378 3549 sed
2405 3472 2524 3542 plus
2550 3479 2792 3549 m_ovetur
2813 3472 3349 3549 pietas__ad_:cgrotos
3376 3481 3544 3549 respi-

1964 3558 2106 3603 cere,
2137 3557 2256 3612 quae
2296 3541 2557 3597 columna:
2580 3542 2773 3612 futura:
2802 3550 2952 3612 erant
2984 3541 3252 3606 Ecclesim,
3282 3563 3402 3603 cum
3449 3541 3544 3605 ac-

1964 3610 2522 3684 ciperentAsanfitatcm.
2552 3611 2826 3684 Columnae
2850 3610 3263 3684 Porphyreticar,
3298 3617 3543 3676 homines

1963 3679 2390 3754 bibituriCbristi
2413 3679 2970 3754 cruorem.Cotnnm:e
2994 3679 3433 3754 Lacedmmouiie,
3457 3690 3537 3744 in-

1964 3753 2079 3823 sani
2109 3751 2366 3823 liberandi
2413 3766 2442 3823 a
2483 3751 2761 3823 daamone,
2806 3766 2916 3819 quo
2957 3763 3220 3823 pncsente
3265 3751 3541 3817 ultranon

1965 3822 2150 3875 habuit
2197 3821 2248 3875 in
2296 3821 2604 3877 hominibus
2658 3821 3000 3890 potestatem.
3050 3823 3324 3880 Columnae
3373 3826 3541 3886 Parim

1964 3893 2227 3964 tulgentes
2269 3900 2323 3947 tn
2368 3892 2581 3964 ordine,
2628 3892 2824 3960 leprosi
2852 3899 2921 3964 et_
2947 3894 3223 3964 paralytiei
3264 3901 3538 3957 transituri

1962 3977 2059 4032 per
2087 3961 2288 4016 fontem
2317 3979 2329 4017 :
2374 3970 2431 4015 ut
2459 3961 2789 4032 dimitterent
2816 3961 3155 4032 varietatem,
3201 3973 3258 4025 et
3285 3966 3350 4021 de
3389 3968 3537 4032 fonte

1962 4030 2268 4104 acciperent
2302 4032 2603 4104 unitatem.
2646 4030 2920 4104 columna;
2956 4030 3217 4104 Carystia:
3240 4075 3255 4098 ,
3297 4030 3541 4095 homines

1961 4104 2062 4157 sub
2082 4101 2245 4171 'pmna
2300 4101 2574 4155 Iaborandi
2623 4102 2722 4155 sub
2773 4101 2942 4168 gratia
2970 4141 2982 4162 ,
3042 4101 3099 4156 ut
3137 4103 3292 4171 juxta
3339 4122 3540 4165 nomen

1960 4173 2330 4227 columnarum
2365 4172 2530 4239 gratis
2558 4171 2708 4224 lieret
2736 4171 2938 4224 sanitas
2964 4181 3307 4239 aegrotorum.
3352 4176 3427 4231 lbi
3457 4194 3540 4234 ar-

1965 4253 2049 4297 tus
2079 4243 2334 4307 contorti,
2367 4242 2613 4295 homines
2640 4241 2834 4295 claudi.
2860 4242 3024 4294 Artus
3051 4242 3118 4295 ab
3148 4244 3350 4299 artifice
3373 4264 3535 4302 cura-

1961 4312 2138 4375 batur,
2167 4320 2220 4366 et
2247 4310 2571 4382 paralyticos
2599 4312 2715 4364 sine
2741 4310 2947 4382 artiﬁce
2976 4313 3340 4380 torquebatur.
3377 4316 3539 4378 Venit

1961 4383 2303 4447 architectus,
2330 4388 2387 4435 et
2404 4381 2649 4436 erectum
2674 4388 2757 4436 est
2779 4381 3032 4450 templum
3056 4383 3345 4440 stabilitate
3366 4403 3534 4443 mem-

1962 4453 2201 4506 brorum.
2252 4452 2518 4506 Conveait
2546 4451 2873 4506 architectus
2916 4451 3182 4519 jacentem
3212 4464 3535 4514 structuram

1961 4538 2112 4576 suam
2155 4521 2308 4606 juxta
2358 4522 2635 4606 piscinam,
2681 4536 2799 4606 qua}
2828 4535 3024 4606 aquam
3054 4524 3378 4606 suscipiebat
3418 4531 3539 4606 exi-

271 4588 398 4671 gis:
426 4597 482 4642 ut
509 4604 670 4671 quem
700 4594 1303 4671 mortuumportabatis,
1336 4596 1513 4671 vivum
1543 4596 1610 4649 ad
1632 4597 1856 4671 patriam
1888 4592 1934 4652 D
1961 4606 2137 4671 gnam.
2158 4588 2334 4671 Stetit
2360 4588 2479 4671 fons
2511 4591 2578 4671 de
2607 4588 3047 4671 nulloimpletus,
3080 4594 3174 4647 sed
3199 4588 3321 4663 ipse
3352 4600 3535 4671 omnia

271 4657 575 4733 deducatis.
604 4659 882 4716 Festinant
908 4657 1204 4733 ilti'fuucris
1224 4665 1511 4733 portitores
1536 4685 1548 4723 ς
1583 4657 1649 4720 ιη’
1668 4666 1856 4721 tierent

271 4727 523 4803 miraculi
552 4739 759 4803 spectat
781 4748 903 4787 tres.
942 4727 1535 4803 Obediunt'impcranti,
1568 4736 1854 4790 consulunt

270 4812 379 4853 suo
403 4796 595 4853 labori:
626 4797 947 4866 Posueruut,
967 4812 1262 4865 steterunt,
1281 4796 1335 4856 ct
1353 4796 1541 4859 omnes
1570 4804 1638 4859 ad
1676 4805 1860 4859 Domi-

271 4883 407 4942 num
435 4870 620 4923 oculos
664 4886 789 4924 suos
815 4871 1225 4941 suspenderunt.
1271 4872 1493 4927 Factum
1540 4883 1626 4930 est
1652 4876 1852 4942 grande

272 4936 578 5014 theatgutn,
613 4936 925 5014 angelorum
967 4950 1021 4995 et
1069 4942 1347 5000 hominum
1377 4943 1531 4999 dulce
1572 4936 1854 5014 spe'rtacu-

269 5009 413 5083 lum._
430 5006 589 5063 Siluit
611 5006 860 5083 strepitus
892 5012 1262 5083 lacrymarum,
1288 5015 1542 5070 remansit
1564 5006 1684 5069 cum
1710 5029 1854 5068 mor-

268 5088 369 5131 tuo
401 5076 574 5132 luctus
620 5079 674 5152 in
716 5076 892 5134 medio
922 5076 1257 5150 populorum.
1312 5085 1532 5141 Accedit
1576 5085 1665 5152 qui
1716 5099 1853 5138 nun-

262 5161 437 5215 quam
482 5148 684 5203 recedit
714 5148 1023 5218 pt'oxiinaiis
1054 5152 1213 5206 lecto.
1250 5148 1682 5208 Descendens'de
1712 5155 1852 5209 CIBiO

266 5218 864 5294 clamatadmortunm,
886 5220 1117 5294 Juvenis,
1138 5221 1228 5276 tibi
1242 5222 1378 5294 dico,
1397 5239 1550 5292 surge
1576 5222 1726 5294 (Luc.
1759 5239 1847 5288 vn,

267 5285 386 5363 14).
439 5284 564 5363 _'l‘ibi
585 5327 599 5350 ,
646 5289 888 5363 inquam,
921 5292 1021 5345 sub
1050 5298 1223 5363 morte
1264 5284 1623 5360 jacenti,"non
1652 5284 1852 5363 popqu

263 5357 510 5432 suovita
550 5362 779 5432 superba
820 5362 1083 5429 pereunti.
1122 5357 1361 5428 Iuvenis,
1401 5357 1633 5432 inquam,
1654 5357 1848 5431 surge.

266 5423 427 5499 Nulla
455 5427 523 5480 sit
547 5423 788 5493 tarditas,
813 5423 916 5484 non
943 5438 1199 5499 quantum
1229 5432 1320 5486 tibi
1344 5423 1561 5499 jacenti.
1608 5423 1700 5488 sed
1733 5423 1845 5486 nia-

266 5495 342 5567 tri
373 5496 663 5565 plangenti.
711 5499 849 5554 Ecce
891 5495 1035 5554 venit
1063 5501 1194 5555 hora
1216 5542 1231 5566 ,
1279 5495 1505 5557 et'nunc
1534 5515 1633 5567 est,
1666 5511 1725 5558 ut
1753 5519 1846 5557 au-

264 5565 423 5618 diant
455 5583 642 5623 vocem
672 5568 792 5623 Filii
827 5571 1065 5624 llominis
1094 5573 1185 5639 qui
1220 5565 1282 5626 in
1307 5565 1666 5628 monumentis
1691 5582 1842 5638 sunt,

263 5641 335 5713 e_t
364 5639 660 5704 procedant
684 5639 751 5693 ad
782 5641 963 5713 vitam.
998 5640 1193 5710 Accipe
1238 5641 1493 5706 auditum,
1528 5645 1705 5713 recipe
1734 5644 1846 5712 Spi-

262 5704 463 5783 ritum,
483 5724 678 5783 rumpe
701 5710 897 5783 nodum
929 5704 1235 5779 sepultura},
1288 5723 1339 5765 et
1370 5704 1847 5783 lugentem-aspice

259 5777 617 5847 genitricem;
639 5778 877 5845 Vocavit,
926 5777 1223 5846 suscitavit,
1255 5777 1450 5847 erexit,
1480 5786 1640 5838 matri
1670 5777 1847 5838 reddi-

261 5843 349 5903 dit
377 5846 578 5915 dicem,
606 5849 816 5919 Accipe,
850 5843 1043 5915 mater,
1063 5843 1226 5907 tilium
1253 5843 1442 5907 tuum.‘
1460 5853 1697 5911 Mortuus
1725 5863 1846 5910 tuus

1958 4661 2192 4734 replens,
2242 4662 2365 4731 quia
2414 4661 2478 4715 de
2520 4661 2836 4734 plenitudine
2862 4661 2985 4734 rjus
3015 4679 3191 4734 omnes
3219 4661 3537 4734 accepimus,

1958 4730 2181 4803 gratiam
2220 4730 2314 4803 pro
2346 4734 2517 4803 gratia
2549 4730 2726 4803 (loau.
2761 4746 2803 4791 t,
2828 4730 3096 4803 ΔΜῆηᾉιι
3134 4730 3394 4801 piscinam
3428 4730 3535 4794 non

1957 4800 2195 4870 respicit,
2222 4800 2317 4856 sed
2346 4801 2413 4853 ab
2440 4800 2643 4870 aegroto
2677 4814 2795 4868 quae
2827 4800 2940 4870 ivit,
2982 4800 3086 4865 Vis,
3136 4800 3334 4870 inquit,
3380 4821 3540 4864 sanus

1955 4873 2072 4943 fieri
2095 4869 2272 4939 (Joan.
2309 4887 2370 4932 v,
2402 4871 2470 4943 Δ6)
2496 4869 2519 4923 ?
2571 4869 2882 4943 Respondit,
2916 4869 3159 4934 Domine,
3184 4869 3322 4943 idesi
3349 4878 3538 4935 .erium

1958 4941 2135 4996 meum
2187 4941 2457 5010 temporis
2485 4942 2762 5010 prolixitas
2792 4949 3120 5012 _attcstatur.
3171 4942 3267 4996 Diu
3298 4956 3536 5012 aagrotus

1959 5028 2063 5069 una
2082 5012 2217 5083 hora
2248 5012 2368 5083 volo
2398 5026 2517 5066 esse
2542 5012 2747 5083 sanus?
2790 5010 3039 5083 Domine,
3070 5013 3196 5065 olim
3227 5010 3409 5082 cupio,
3448 5016 3535 5083 ja—

1961 5081 2114 5155 ceadi
2149 5081 2326 5155 taedio,
2351 5082 2508 5142 latus.
2532 5081 2793 5155 perlatus,
2827 5090 2880 5155 et
2901 5095 3012 5155 non
3030 5082 3200 5155 habeo
3223 5081 3535 5155 laturarios,

1960 5166 2058 5224 nec
2090 5150 2354 5224 homines,
2403 5166 2502 5207 nec
2528 5149 2672 5224 ipsos
2689 5151 2937 5224 angelos:
2971 5149 3085 5224 Non
3117 5153 3289 5224 habeo
3321 5149 3537 5221 bajulos

1958 5221 2024 5292 ad
2073 5222 2350 5288 piscinam,
2396 5229 2452 5278 et
2498 5220 2638 5292 male
2688 5220 2896 5292 bajulor
2926 5221 2976 5273 in
3019 5221 3159 5278 lecta
3210 5222 3310 5276 sub
3350 5220 3535 5292 ptena.

1959 5290 2113 5354 Novi,
2145 5291 2393 5359 Domine,
2423 5291 2638 5357 quando
2661 5290 2863 5359 piscina
2894 5300 3174 5345 moveatur
3200 5311 3213 5345 :
3256 5307 3315 5347 se
3338 5290 3537 5353 [doleo

1958 5361 2173 5430 quando
2202 5362 2338 5415 alter
2363 5362 2632 5432 praevenit
2646 5360 3112 5432 medicamentum,
3145 5370 3203 5416 et
3220 5376 3321 5428 ego
3343 5364 3540 5423 debitis

1959 5429 2294 5500 revertoriad
2323 5429 2539 5485 lectum.
2595 5429 2754 5500 Erige
2785 5439 2959 5499 caput,
3011 5440 3066 5484 et
3117 5433 3344 5489 necdum
3376 5436 3534 5492 video

1949 5509 2135 5571 caput.
2188 5499 2484 5555 Tremescit
2536 5501 2587 5554 in
2618 5499 2820 5570 piscina
2866 5500 3144 5569 splendido
3192 5502 3289 5558 sub
3335 5504 3538 5562 lumine

1949 5585 2100 5639 aque
2134 5571 2359 5625 ridentis
2383 5578 2553 5630 actus,
2592 5579 2647 5623 et
2678 5585 2828 5624 meus
2858 5571 3133 5625 luctuosus
3160 5576 3535 5631 contremiscit

1948 5656 2177 5712 sensus:
2228 5642 2386 5695 video
2432 5639 2706 5712 quomodo
2748 5642 2883 5712 alter
2917 5642 3183 5712 ascendit
3230 5643 3299 5697 de
3330 5645 3538 5712 piscina

1950 5710 2241 5777 refulgens,
2270 5719 2323 5765 et
2349 5724 2450 5779 ego
2477 5711 2746 5765 descendo
2771 5712 2821 5764 in
2852 5709 3118 5766 infernum
3147 5714 3196 5767 vi
3211 5709 3361 5767 vcns.
3393 5714 3451 5770 Si
3484 5726 3539 5771 tu

1947 5798 2007 5837 es
2035 5783 2125 5852 qui
2156 5782 2289 5834 vivis
2333 5789 2389 5834 et
2424 5781 2681 5852 Avivilicas
2714 5791 2981 5852 mortuos,
3035 5798 3141 5836 nam
3175 5785 3394 5849 moriar,
3446 5787 3540 5839 sed

1946 5850 2142 5921 vivam,
2175 5861 2230 5908 et
2261 5850 2490 5907 narrabo
2518 5866 2681 5921 opera
2734 5860 2822 5905 tua
2868 5851 3039 5922 (Psal.
3081 5868 3245 5921 cxvii,
3278 5854 3387 5928 t7).
3422 5856 3540 5912 Non
