4060 6458
557 385 658 445 967

1752 347 1756 352 ’
1835 390 1892 447 s.
1933 390 2188 449 ιιειιιοιι
2228 392 2564 453 assensu

3740 390 3845 462 ιω

556 515 658 573 pro
683 497 905 557 Claudio
948 500 1057 559 fudi
1109 502 1406 575 simplicem
1436 519 1672 576 precem,
1718 520 1884 577 quem
1908 522 2006 564 vos
2035 522 2144 564 non
2175 513 2226 573 Α
2251 512 2386 565 vivat
2411 511 2628 584 (Eucti.
2656 527 2844 580 xum,
2868 515 2946 585 ἓ).
2986 512 3103 572 Hoc
3132 531 3232 572 nos
3257 516 3475 588 expedit
3500 518 3675 590 sequi,
3708 519 3845 578 hane

557 589 929 661 presbyterum
957 592 1211 659 scribitis,
1247 603 1307 677 ut
1333 595 1386 650 in
1416 610 1502 652 me
1529 595 1952 665 indignationem
1981 599 2147 654 vestri

557 682 794 753 pectoris
823 683 1145 752 proderetis.
1172 684 1327 740 Illum
1353 701 1461 741 non
1492 687 1702 757 abnego
1754 688 1994 757 graviter
2015 687 2153 746 deli-

556 774 779 855 quisse:
810 774 906 829 sed
929 790 1023 830 vos
1051 776 1227 831 aetatis
1255 791 1409 838 meae,
1437 777 1537 833 etsi
1561 794 1670 834 non
1691 780 1920 845 meritis,
1949 779 2151 837 decue-

556 874 644 920 rat
671 863 950 921 detulisse.
1000 864 1154 933 Quod
1194 867 1762 936 propitia~diviuitate
1807 871 1878 925 sit
1918 870 2143 937 dictum,

557 955 943 1027 quinquaginta
972 964 1030 1011 et
1076 956 1248 1010 tribus
1289 957 1444 1012 annis
1488 958 1784 1028 episcopali
1813 958 1928 1013 sedi
1959 958 2149 1027 praesi-

557 1040 688 1109 deo,
714 1054 771 1100 et
812 1061 900 1101 me
949 1046 1241 1116 appellavit
1271 1056 1381 1101 tam
1424 1049 1729 1117 procaciter
1753 1065 1934 1105 nemo.
1965 1048 2150 1106 Dicitis

557 1134 749 1190 melius
772 1151 868 1192 vos
889 1137 1054 1191 luisse
1078 1152 1187 1190 non
1218 1145 1376 1192 natos
1406 1136 1506 1207 (a).
1553 1137 1668 1194 Hoc
1697 1139 1827 1195 mihi
1856 1138 2029 1195 fuerat
2051 1156 2151 1211 op-

558 1233 871 1295 portunum,
901 1240 971 1280 ne
999 1227 1268 1282 audissem
1320 1230 1740 1295 transgressoris
1770 1229 2146 1299 opprobrium.

556 1312 668 1384 Ego
715 1315 998 1371 Claudium
1058 1318 1435 1389 presbyterum
1493 1318 1636 1383 feci,
1703 1335 1812 1374 non
1867 1327 2151 1391 corruptus

560 1408 801 1475 prmmio,
846 1406 943 1462 sed
986 1409 1467 1469 prtecellentissimi
1513 1410 1657 1478 regis
1687 1410 2020 1475 testimonio,
2056 1411 2151 1480 qui

557 1505 677 1554 erat
703 1513 812 1553 non
832 1499 1006 1554 solum
1028 1500 1348 1569 praedicator
1368 1499 1490 1555 ﬁdei
1519 1501 1820 1565 catholicze,
1841 1500 1938 1557 sed
1959 1500 2149 1557 defen-

559 1603 669 1650 sor.
684 1588 930 1645 Scribitis
951 1591 1275 1647 canonicum
1306 1609 1413 1647 non
1432 1592 1596 1648 fuisse
1619 1592 1765 1662 quod
1783 1593 1964 1662 jussit.
1984 1593 2147 1649 Sum-

559 1693 648 1734 mo
668 1677 948 1746 fungimini
973 1681 1607 1752 sacerdotio.Regionum
1632 1684 1844 1752 prtesul,
1858 1692 2042 1739 custos
2062 1699 2153 1755 pa-

560 1771 694 1838 triae,
725 1774 962 1841 gentium
988 1774 1349 1844 triumphator
1370 1775 1620 1843 injunxit.
1639 1775 1812 1831 Tanto
1834 1776 1887 1830 in
1912 1790 1999 1830 me
2024 1790 2149 1845 pro-

560 1862 778 1934 rupistis
802 1862 923 1918 felle
948 1865 1228 1931 commoti,
1261 1874 1320 1919 ut
1347 1880 1448 1920 nec
1476 1866 1820 1936 episcopatus
1858 1866 2023 1922 vestri
2052 1866 2149 1921 de-
2189 1883 2231 1941 Β

561 1954 790 2021 tuleritis
817 1955 1046 2011 auctori.
1078 1955 1282 2024 Rogavi
1313 1966 1371 2011 ut
1390 1956 1644 2012 Claudius
1670 1956 1936 2029 sacrilegii
1959 1971 2150 2028 perpe-

561 2045 1082 2115 tratorpmnitentia:
1105 2055 1430 2102 servaretur.
1467 2046 1716 2116 Legimus
1737 2063 1971 2119 namque
2002 2048 2148 2121 (Jan.

562 2148 638 2201 tu,
668 2133 845 2204 540),
875 2136 1100 2206 legimus
1134 2136 1278 2206 quod
1310 2137 1577 2192 excidium
1604 2139 1813 2194 caelesti
1859 2139 2152 2195 denuntia.

565 2225 713 2281 tione
742 2226 1054 2295 prtedictum
1086 2235 1376 2282 evaserunt
1421 2242 1516 2299 per
1544 2231 1915 2299 paenitentiam
1942 2230 2152 2286 Ninivi—

565 2327 634 2375 ιω
664 2332 683 2370 :
723 2316 869 2386 quod
917 2315 1153 2372 Joannes
1180 2333 1480 2387 prmcursor
1508 2320 1720 2376 Domini
1766 2321 1822 2376 iu
1863 2321 2155 2391 Evangelia

565 2406 876 2480 praedicavit
905 2406 1119 2478 (Matth.
1152 2423 1226 2473 ιιι,
1255 2407 1337 2477 2),
1368 2417 1447 2474 ιιι,
1481 2424 1650 2478 regno
1689 2415 2157 2491 appropinquante

566 2498 850 2562 calorum,
882 2514 1003 2553 eam
1033 2499 1218 2569 populi
1242 2511 1469 2569 agerent
1495 2518 1564 2557 ne
1586 2504 1841 2573 perirent.
1863 2503 1921 2560 ln
1942 2505 2157 2576 Apoca-

569 2589 725 2662 lypsi,
746 2588 897 2660 (Cap.
924 2588 1020 2654 ",5
1046 2599 1094 2644 et
1119 2588 1272 2663 δρψ),
1298 2594 1503 2660 angelis
1532 2595 1883 2651 ecclesiarum
1905 2597 2159 2653 scribitur

567 2694 635 2735 ex
663 2688 932 2751 przccepto
965 2680 1173 2735 Domini
1203 2682 1509 2751 salvatoris,
1542 2692 1601 2738 ut
1627 2700 1748 2754 qua:
1795 2685 1955 2755 digne
1983 2688 2159 2743 minus

567 2781 812 2843 egerant,
839 2774 1167 2843 poenitentiae
1187 2775 1560 2833 satisfactione
1585 2779 1939 2849 corrigerent.
1956 2780 2028 2836 De
2053 2783 2159 2837 ira-

568 2861 739 2919 cunda
777 2863 1012 2918 dictione
1058 2866 1363 2922 sanctitath
1394 2877 1584 2922 vestrre
1615 2870 1854 2940 intelligo
1888 2872 1963 2943 (ὁ)
2014 2874 2159 2943 quod

570 2954 777 3026 lapsum
799 2972 907 3011 non
932 2957 1293 3011 misereamini
1317 2967 1439 3028 post
1460 2958 1690 3015 ruinam.
1712 2959 1817 3016 Sed
1839 2964 2008 3033 magis
2021 2965 2160 3022 velle

569 3061 668 3101 vos
698 3046 851 3121 video
898 3061 966 3101 ne
993 3056 1342 3103 convertatur
1364 3056 1420 3103 et
1449 3050 1612 3113 vivat,
1645 3065 1767 3105 cum
1798 3051 2059 3108 Dominus
2079 3052 2159 3108 di-

571 3139 746 3193 xerit:
779 3135 919 3192 Nolo
962 3149 1175 3193 mortem
1229 3140 1515 3202 morientis,
1549 3143 1641 3196 sed
1677 3151 1734 3196 ut
1762 3155 2086 3200 convertatur
2110 3156 2159 3200 et

645 3369 670 3430 τι
711 3357 897 3430 Exstat
926 3357 978 3413 in
1008 3356 1220 3430 laudata
1264 3355 1462 3430 Co_ncil.
1513 3356 1724 3430 collect.
1761 3367 1893 3415 tom.
1925 3357 1993 3425 γ,
2023 3374 2147 3430 pag.

570 3428 692 3484 749.
720 3428 994 3500 Eaindem__
1022 3429 1215 3500 recitat
1259 3428 1532 3500 refertque
1554 3428 1801 3485 Ceintius
1830 3430 1953 3487 loco
1981 3428 2151 3488 citato

569 3500 636 3554 ad
666 3514 862 3553 annum
893 3495 1015 3561 495,
1049 3497 1076 3568 §
1100 3496 1153 3551 4.

640 3629 840 3705 (αγείο
864 3639 1026 3705 recte
1053 3627 1327 3705 Cpintjusr
1372 3630 1860 3705 Deestimprovide
1890 3635 2152 3705 particula

569 3700 813 3827 neggiiva
863 3701 916 3755 in
944 3701 1152 3755 Concil.
1183 3700 1405 3756 Collect.
1425 3740 1440 3764 ,
1473 3704 1561 3757 ubi
1590 3700 1652 3758 et'
1689 3720 1817 3758 mox
1847 3700 2016 3769 male,
2050 3703 2154 3758 Er-

570 3791 634 3827 ao
731 3813 743 3825 .

603 3791 634 3828 ο
663 3791 743 3827 ω.

569 3791 901 3915 ςοδίῖᾏριιιι
931 3839 1200 3915 Coinlium
1223 3857 1330 3896 non
1360 3841 1519 3904 bene,
1538 3843 1824 3915 interrogo.

642 3912 714 3984 (ε)
742 3912 1145 3984 Coutumelipse
1162 3981 1170 3984 _
1186 3921 1406 3984 propter
1432 3914 1700 3968 seniorem
1724 3912 1936 3971 aetatem
1965 3914 2151 3972 Remi-

566 3979 712 4053 giu'm
741 3991 1001 4054 vocarunt
1025 3979 1299 4054 Jubilc’um’
1332 3980 1409 4036 illi
1462 3984 1727 4052 episcopi,
1765 3986 1909 4054 quod
1939 3987 2150 4042 scilicet

564 4052 951 4134 quinquaginta
973 4062 1030 4106 et
1056 4052 1294 4132 amplius.
1312 4067 1486 4106 annos
1514 4054 1566 4134 in
1596 4052 1912 4124 episcopatu
1944 4065 2153 4114 transe-

565 4120 750 4192 gisset.
785 4120 1123 4197 Eodemque
1148 4120 1370 4197 nomine
1412 4120 1649 4197 propter:
1676 4120 2009 4197 senectutem
2056 4143 2154 4197 per

566 4191 936 4260 eontemptum
956 4191 1198 4260 amultis
1225 4191 1442 4245 solitum
1470 4194 1651 4247 vocari
1693 4194 1908 4250 beatum
1944 4191 2154 4253 antisti-

569 4271 678 4318 tem
709 4259 971 4332 testantur
991 4259 1312 4332 Hiuemarus
1330 4262 1393 4332 in
1427 4260 1531 4315 Vit.
1560 4261 1785 4332 Iiemig.,
1809 4273 1866 4319 et
1893 4264 2154 4323 Flodoar-

567 4332 668 4388 dus
697 4330 838 4386 Hist.
872 4330 1016 4384 Eccl.
1052 4330 1294 4385 Remens.
1328 4330 1421 4385 lib.
1446 4346 1485 4395 ι,
1515 4347 1636 4401 cap.
1666 4330 1752 4397 l7,
1777 4336 1876 4390 sub
1897 4337 2014 4391 init.

568 4483 687 4525 rum
729 4481 947 4539 quoque
974 4465 1176 4523 fructus
1200 4466 1570 4539 diminuuntur
1597 4474 1649 4539 et
1682 4469 1896 4524 servitia
1926 4469 2156 4539 populo-

569 4555 691 4596 rum
720 4536 1141 4610 praepediuntur,
1165 4538 1313 4590 multi
1360 4549 1417 4592 et
1444 4539 1579 4592 varii
1617 4538 1834 4610 dolores
1874 4536 2148 4610 prosperi-

2184 3244 2231 3320 C

2254 601 2467 657 Domini
2496 603 2828 658 voluntatem
2875 619 2984 659 non
3010 606 3455 675 prtetermittere,
3484 607 3582 663 sed
3611 617 3800 665 tenere
3826 627 3841 662 :

2251 692 2377 762 quia
2407 707 2508 748 nos
2530 694 2711 762 posuit
2750 708 2859 749 non
2883 694 2951 750 ad
2973 695 3324 758 iracundiam,
3355 697 3451 753 sed
3473 698 3540 752 ad
3561 697 3842 756 hominum

2250 799 2457 850 curam,
2486 793 2543 840 et
2568 785 2774 841 servire
2803 785 2988 856 pietati
3017 787 3197 858 potius
3222 803 3384 858 quam
3413 787 3604 844 furori.
3638 788 3844 845 Ponitis

2252 877 2307 933 in
2336 877 2564 947 epistola
2587 885 2768 934 vestra
2816 878 2961 947 quod
3005 878 3193 934 Celsus
3214 878 3433 949 quidam
3477 880 3573 949 qui
3618 880 3844 937 Claudio

2250 966 2497 1035 credidit,
2546 983 2657 1039 quo
2686 967 2975 1037 abductus,
3013 978 3070 1024 et
3097 978 3275 1025 utrum
3299 971 3468 1038 vivat,
3497 981 3566 1026 an
3595 972 3668 1027 sit
3696 988 3842 1027 mor-

2251 1067 2378 1116 tuus
2400 1061 2661 1130 ignoratis
2681 1075 2844 1131 atque
2864 1060 3024 1130 hujus
3045 1061 3418 1131 inquisitorem
3448 1078 3535 1117 me
3556 1077 3681 1118 esse
3711 1079 3845 1132 pra:-

2252 1152 2461 1224 cipitis;
2513 1160 2570 1208 et
2598 1152 2817 1209 nescitis
2853 1153 2901 1208 si
2928 1152 2983 1208 in
3010 1152 3228 1216 seculo,
3258 1163 3353 1207 aut
3380 1153 3426 1208 si
3472 1154 3615 1223 apud
3643 1151 3845 1210 inferos
3902 1144 3905 1147 ’
3979 1182 3983 1195 ι

2249 1242 2323 1299 sit
2349 1241 2705 1312 quaerendus:
2736 1251 2794 1299 et
2833 1258 2922 1300 res
2948 1259 3075 1300 suas
3099 1259 3132 1300 a
3156 1259 3245 1301 me
3271 1244 3433 1300 vultis
3461 1246 3678 1301 restitui
3709 1259 3843 1314 quas

2251 1332 2491 1388 sublatas
2539 1332 2704 1389 fuisse
2746 1348 2854 1388 non
2884 1334 3029 1391 novi.
3059 1332 3411 1404 lmpossibilia
3439 1336 3757 1405 pmcipitis,
3789 1343 3845 1391 ut

2251 1422 2416 1494 impia
2443 1422 2732 1494 peragatis.
2780 1422 3059 1480 Annorum
3086 1439 3315 1481 numero
3342 1440 3431 1481 me
3457 1439 3583 1480 esse
3609 1425 3843 1481 scribitis

2249 1513 2520 1572 Jubileum
2547 1515 2642 1587 (ε),
2699 1516 2983 1573 irridentes
3009 1516 3378 1589 potius,quam
3407 1532 3507 1588 pro
3550 1516 3844 1573 dilectione

2251 1607 2568 1678 gaudentes,
2597 1609 2684 1665 cui
2707 1608 2922 1664 vinculo
2946 1608 3188 1664 caritatis
3210 1609 3420 1681 irrupto
3442 1608 3787 1665 insinceriter
3810 1621 3839 1664 ε

2252 1698 2406 1754 vobis
2427 1713 2528 1755 nec
2557 1699 2818 1769 parcitur,
2848 1713 2950 1755 nec
2969 1698 3231 1754 defertur.

2812 1807 3147 1866 EPISTOLA
3183 1809 3271 1866 IV.

2419 1910 2445 1939 ι
2477 1917 2544 1956 ao
2572 1917 2854 1957 ηιεοκειι
2888 1917 3175 1958 ertscoruu
3205 1917 3556 1961 TUNGBENSl-Ill
3585 1903 3687 1976 (l).

2254 1993 2435 2077 Argei!
2462 1992 2608 2077 illum
2637 1994 2844 2077 quodin
2864 1991 3249 2077 Masomagensi
3366 1992 3597 2080 Ecclesia
3618 1997 3842 2067 ,ἱκτῆάὶ-

2326 2075 2547 2117 σιιοηειιι
2565 2062 2665 2117 sibi
2688 2064 2936 2117 adversus
2966 2061 3234 2117 Remenm
3312 2064 3514 2117 celem:
3547 2085 3664 2117 mra
3692 2085 3842 2117 usur-

2326 2061 2547 2146 ctionem
2565 2061 2665 2118 sibi
2688 2064 2936 2118 adversus
2966 2061 3234 2119 Reménsis
3265 2061 3514 2143 Ecclesia:
3535 2061 3664 2137 jnr'a
3692 2085 3842 2122 usur-

2325 2143 2483 2203 parti.

2325 2242 2557 2298 Domino
2577 2257 2704 2299 vere
2731 2251 2918 2299 sancto
2938 2252 2995 2301 et
3014 2243 3067 2299 in
3087 2244 3304 2300 Christo
3330 2243 3643 2301 beatissimo
3671 2245 3841 2315 fratri,

2257 2332 2474 2390 Falconi
2497 2333 2756 2405 episcopo
2777 2333 3053 2405 Remigius
3073 2335 3381 2407 episcopus.

2328 2424 2599 2493 Quantum
2653 2427 2938 2497 comperi,
2987 2427 3149 2483 rebus
3191 2428 3355 2496 gestis
3398 2427 3656 2498 probavi,
3697 2430 3844 2499 prius

2257 2532 2401 2573 cura:
2428 2515 2750 2603 beaiitudini
2781 2525 2886 2572 tum
2915 2514 3031 2584 fuit,
3079 2525 3138 2571 ut
3163 2517 3294 2572 mihi
3323 2516 3546 2574 inferres
3567 2519 3844 2587 injuriam,

2257 2620 2417 2677 quam
2437 2607 2815 2664 salutationem
2837 2607 3095 2663 deferres.
3117 2606 3161 2662 Ο
3181 2607 3507 2665 conveniens
3521 2609 3843 2679 principium

2258 2697 2406 2770 quod
2435 2697 2652 2763 dedisti,
2685 2706 2743 2752 ut
2794 2696 3017 2753 lmderes
3064 2698 3351 2768 cpiscopus
3387 2706 3514 2755 ante
3540 2716 3650 2767 me,
3678 2716 3843 2773 quam

2259 2789 2571 2861 episcopum
2619 2795 2674 2843 te
2697 2788 2935 2844 viderem
2969 2788 2983 2840 ι
3039 2786 3273 2844 Nimium
3319 2790 3429 2845 cito
3458 2792 3651 2861 pennis
3691 2800 3842 2848 tene;

2259 2882 2392 2938 rulis
2418 2881 2667 2947 evolasti,
2693 2880 2913 2937 levitate
2939 2882 3124 2949 animi,
3157 2897 3265 2938 non
3309 2882 3637 2939 maturitatis
3663 2885 3843 2940 consi-

2259 2971 2353 3028 lio.
2383 2969 2443 3026 ln
2471 2971 2589 3041 ipso
2611 2969 2876 3042 siquidem
2896 2970 3241 3041 episcopatus
3267 2972 3494 3028 exordio
3515 2972 3608 3041 jus
3637 2974 3844 3043 ingredi

2260 3071 2438 3118 lentas
2466 3063 2721 3127 alienum,
2751 3061 2843 3133 qui
2871 3062 3047 3119 adhuc
3073 3071 3224 3117 tuum
3252 3065 3552 3121 verecunde
3576 3066 3844 3125 debueras

2260 3159 2505 3215 introire.
2535 3157 2637 3212 Fas
2670 3169 2800 3225 ergo
2823 3156 2922 3212 fuit
2951 3165 3008 3212 ut
3054 3156 3252 3214 illicitis
3281 3158 3714 3218 ordinationibus
3741 3163 3845 3219 tuis

2251 3366 2393 3417 rum,
2414 3358 2469 3407 et
2484 3349 2800 3421 sibimetipsi
2828 3363 2951 3420 spes
2980 3348 3169 3405 futura:
3192 3350 3556 3408 beatitudinis.
3585 3352 3841 3410 Attamen

2250 3423 2553 3494 sciat_rex,
2589 3423 2734 3490 quod
2776 3421 3023 3494 sicutiin
3075 3423 3291 3494 throno;
3318 3422 3594 3494 hominum
3633 3426 3844 3494 primus

2249 3491 2574 3546 constitutus
2601 3497 2715 3551 est,
2745 3491 2824 3545 sic
2851 3499 2907 3543 et
2936 3490 2988 3544 in
3019 3491 3221 3559 pennis,
3251 3492 3295 3546 si
3321 3490 3583 3559 justitiam
3613 3490 3725 3549 non
3758 3495 3842 3549 fe-

2250 3561 2404 3626 cerit,
2423 3562 2709 3630 primatum
2740 3559 3018 3635 habiturus
3039 3568 3141 3635 est.
3167 3558 3364 3614 Omnes
3386 3577 3646 3635 namque,
3672 3580 3844 3635 quos~

2248 3629 2463 3703 cunque
2492 3631 2939 3703 peccatoressub
2964 3629 3106 3703 sein
3146 3633 3396 3703 prmsenti
3428 3629 3647 3695 habuit,
3679 3629 3841 3703 supra

2251 3714 2311 3768 se
2339 3697 2507 3754 modo
2532 3697 2855 3768 implacabili
2894 3699 2959 3753 in
2991 3698 3079 3768 illa
3107 3697 3264 3766 poma
3311 3700 3491 3755 futuro
3534 3697 3774 3758 habebit.
3813 3724 3834 3754 ι

2253 3766 2451 3892 (Ogera
2478 3766 2774 3851 Ηὶηιίηιαινὶ2
2800 3767 2930 3824 édit.
2962 3768 3029 3850 de
3054 3767 3334 3850 Siriuond,
3368 3778 3500 3825 tom.
3528 3769 3575 3834 Ι,
3604 3786 3726 3841 pag.
3758 3773 3843 3829 5.ι

2363 3847 2547 3892 ervata
2570 3846 2893 3892 auctoritate
2916 3851 3192 3892 retttmnns
3221 3838 3288 3892 ad
3315 3852 3410 3892 cor
3439 3849 3690 3892 nostrum
3715 3844 3841 3892 sine

2363 3847 2547 3894 ervata
2570 3839 2893 3908 auctoritate
2916 3838 3192 3908 regiminis
3221 3838 3288 3893 ad
3315 3852 3410 3894 cor
3439 3838 3701 3897 nostrum
3715 3844 3841 3899 sine

2251 3910 2556 3965 cessatione
2580 3907 2883 3982 redeamus,
2907 3916 2962 3962 et
2988 3907 3416 3982 consideremus
3451 3911 3668 3982 assidue
3694 3914 3841 3982 quod

2251 3994 2436 4036 sumus
2454 3979 2735 4049 aequaliter
2760 3978 3120 4049 eumictcteris
3140 3978 3491 4042 condili,‘n0n
3518 3980 3671 4049 quod
3704 3978 3841 4036 terno

2253 4046 2752 4120 poraliter'caeteris
2779 4047 3004 4120 prmlati.
3029 4046 3273 4120 Potesias
3288 4050 3428 4120 enim
3450 4046 3659 4118 quanto
3682 4061 3840 4106 exte-

2252 4115 2365 4174 rius
2389 4120 2612 4180 eminet,
2646 4115 2998 4189 tantopremi
3053 4115 3278 4189 interius
3316 4115 3496 4189 debet,
3524 4135 3595 4174 ne
3631 4123 3843 4189 cogita-

2253 4190 2456 4260 tionem
2488 4192 2684 4260 vincat,
2704 4202 2772 4242 ne
2801 4188 2855 4241 in
2875 4187 3234 4243 delectatione
3260 4187 3341 4242 sui
3372 4189 3613 4244 animum
3640 4187 3839 4260 rapiat,

2253 4274 2323 4314 ne
2364 4259 2475 4328 jam
2523 4257 2623 4313 'sub
2668 4273 2728 4313 se
2756 4272 2909 4328 mens
2956 4271 3077 4312 eam
3100 4269 3285 4328 regere
3315 4272 3420 4328 non
3450 4267 3642 4327 posst,
3665 4257 3753 4315 cui
3782 4276 3845 4316 se

2255 4327 2475 4385 libidine
2512 4327 2823 4383 dominandi
2856 4328 3131 4400 supponit.
3171 4327 3315 4400 Bene
3354 4327 3522 4400 David
3556 4330 3709 4397 regni
3737 4346 3841 4400 po-

2255 4400 2479 4454 tentiam
2508 4412 2698 4468 regere
2729 4396 2973 4456 noverat.
2997 4397 3090 4466 qui
3131 4397 3424 4468 elationem
3453 4396 3698 4466 ejusdem
3736 4396 3841 4468 po-

2257 4415 2479 4454 tentiam
2508 4415 2698 4468 regere
2729 4415 2973 4456 noverat.
2997 4415 3090 4466 qui
3135 4415 3424 4452 etauonem
3453 4415 3698 4466 ejusuern
3815 4429 3841 4440 -

2257 4471 2439 4523 tentia:
2488 4468 2838 4538 semetipsum
2886 4466 3180 4537 premendo
3204 4467 3454 4538 vincebat
3480 4469 3705 4523 dicens:
3729 4415 3845 4524 Boo-

2256 4541 2412 4621 inine,
2439 4555 2541 4621 non
2563 4536 2933 4621 estneataitatutn
2951 4553 3039 4590 cor
3064 4536 3411 4621 incumil’sai.
3432 4539 3599 4621 sxy)
3614 4541 3845 4621 ;quique

570 4605 745 4680 tatem
767 4610 916 4675 regni
945 4605 1205 4680 inliciunt,
1235 4621 1483 4680 carorum
1521 4617 1578 4680 et
1625 4605 1916 4664 liberorum
1947 4605 2150 4665 mortes
2182 4621 2229 4680 ι)
2257 4609 2308 4662 in
2337 4610 2455 4676 ejus
2481 4608 2795 4680 humilitatis
2822 4605 3417 4680 augmenio‘subjunxit
3448 4625 3461 4659 :
3494 4605 3681 4680 Neque
3712 4605 3841 4662 elati

571 4679 843 4736 tristitiam
895 4677 1220 4749 conferunt,
1255 4678 1507 4749 hostium
1556 4679 1800 4734 incursus
1846 4680 2151 4749 provincias

570 4750 1075 4819 undiqucuvastaut,
1130 4746 1316 4801 bestia:
1367 4759 1731 4802 armentorum
1785 4746 1863 4804 et'
1893 4765 2149 4819 pecorum

569 4816 760 4888 greges
799 4816 1119 4878 dilacerant,
1153 4825 1501 4886 tempestates
1530 4820 1668 4872 veris
1712 4828 1769 4872 et
1804 4816 2000 4875 hiemis
2039 4828 2152 4873 tur-

572 4892 808 4949 bantur,
866 4892 1127 4941 terrarum
1173 4888 1849 4954 quoquefecuuditatem,
1891 4897 1948 4944 et
1988 4890 2152 4943 maris

573 4958 867 5013 ministeria
914 4956 1219 5026 prohibent,
1250 4967 1306 5011 et
1348 4956 1639 5024 aliquando
1679 4957 1956 5013 fuiminum
2014 4959 2152 5013 ictus

571 5037 788 5097 segetes
822 5035 877 5081 et
904 5025 1155 5082 arborum
1186 5025 1345 5081 flores
1371 5027 1738 5095 tri-pampinus
1764 5038 2017 5083 exiturum.
2042 5028 2146 5082 Su-

574 5096 673 5180 per
700 5100 1045 5180 omniaveni
1065 5096 1205 5180 regis
1245 5097 1504 5180 iniustitia
1532 5113 1642 5180 pou
1672 5099 1843 5151 solum
1876 5100 2154 5180 praesentis

574 5165 785 5238 imperii
808 5165 996 5222 faciem
1019 5165 1206 5240 fuscat,
1230 5167 1507 5240 sedetiam
1530 5166 1815 5240 liliossuus
1834 5165 1888 5223 et
1910 5177 2153 5240 nepotes,

573 5235 665 5307 [ιε’
698 5245 821 5307 post
862 5252 922 5291 se
963 5235 1111 5307 regni
1170 5236 1532 5307 luereditatem
1588 5235 1827 5302 teneant,
1876 5235 2151 5307 obscurat.

575 5305 804 5377 Propter
830 5306 1097 5377 piaculum
1119 5306 1261 5360 enim
1284 5305 1590 5377 Salomonis
1617 5322 1840 5377 regnum
1865 5306 2056 5362 domus
2078 5307 2157 5362 ls-
2180 5308 2181 5311 “

574 5376 697 5434 ιιιθῐ
741 5377 1000 5447 Dominus
1039 5376 1106 5430 de
1139 5389 1305 5447 manu
1344 5376 1571 5447 filiorum
1627 5376 1744 5444 ejus
1795 5378 2073 5447 dispersit,
2099 5385 2156 5431 et

574 5455 795 5518 propter
826 5445 1091 5518 justitiam
1138 5444 1306 5518 David
1356 5447 1499 5518 regis
1548 5446 1822 5518 lucernam
1852 5444 1920 5501 de
1946 5446 2152 5501 semine

575 5511 694 5587 ejus
737 5511 953 5587 semper
983 5516 1035 5567 in
1061 5511 1360 5587 Jerusalem
1400 5511 1679 5587 relinquit.
1725 5514 1863 5571 Ecce
1890 5524 2152 5584 quantum

574 5584 779 5656 justitia
812 5586 955 5653 regis
981 5584 1179 5639 smculo
1201 5586 1362 5650 valet,
1394 5584 1725 5641 intuentibus
1746 5589 2028 5656 perspicue
2059 5602 2154 5655 pa-

576 5666 673 5712 tet.
701 5656 812 5711 Pax
841 5656 983 5710 enim
1031 5656 1351 5724 populorum
1404 5671 1504 5716 εει,
1530 5664 1768 5713 tutamen
1820 5657 2022 5723 patriae,
2054 5657 2156 5710 im-

578 5727 809 5794 munitas
831 5725 1022 5794 plebis,
1039 5725 1424 5779 munimentum
1444 5727 1638 5794 gentis,
1667 5741 1794 5780 cura
1817 5726 2154 5793 languorum,

580 5792 845 5863 gaudium
859 5795 1157 5857 hominum,
1189 5792 1471 5863 temperies
1500 5796 1660 5858 acris,
1684 5792 1946 5863 serenitas
1971 5795 2153 5857 maris,

586 5860 743 5915 terra:
764 5860 1061 5918 fecunditas
1103 5860 1352 5916 solatium
1382 5878 1670 5932 pauperum
1717 5862 1999 5918 lucrcditas
2022 5864 2155 5917 lilio-

2254 4674 2381 4732 sunt
2410 4678 2565 4757 ocuii
2592 4679 2714 4757 mei,
2755 4674 2918 4747 atque
2971 4674 3176 4757 addidit
3206 4692 3219 4728 :
3253 4674 3435 4757 dieque
3466 4674 3760 4757 gittblilat'i.
3790 4681 3843 4757 in

2253 4750 2477 4819 magnis.
2505 4746 2574 4800 Et
2601 4748 2793 4819 adhuc
2830 4746 3178 4819 semetipsum
3223 4746 3569 4819 subtilissima
3610 4748 3839 4816 inquisi-

2255 4813 2401 4887 tione
2426 4817 2718 4872 discutiens
2746 4817 2823 4871 ait
2850 4832 2863 4868 :
2898 4813 3078 4887 eque
3116 4817 3172 4867 in
3198 4814 3519 4880 mirabilibus
3553 4813 3709 4887 super
3739 4834 3836 4871 ην.

2253 4886 2559 4956 Omnesque
2607 4886 2768 4942 etiam
2815 4886 3169 4956 cogitationes
3198 4900 3326 4956 suas
3371 4903 3403 4940 a
3449 4886 3624 4941 fundo
3661 4888 3841 4945 cordis

2255 4952 2601 5023 exhauriens,
2624 4952 2901 5026 subjungit‘
2922 4954 3106 5026 dicens
3137 4971 3151 5007 :
3185 4952 3248 5010 Si
3286 4972 3390 5009 non
3431 4955 3697 5010 humiliter
3722 4974 3842 5011 un-

2256 5027 2476 5089 tiebam,
2509 5027 2601 5081 sed
2644 5025 2868 5081 exaltari
2913 5025 3142 5079 animam
3203 5040 3438 5080 meam...
3487 5026 3841 5081 subtilissima

2260 5111 2492 5166 namque
2520 5112 2607 5152 ars
2634 5097 2848 5152 vivendi
2894 5103 2998 5161 est,
3023 5094 3236 5151 culmen
3268 5105 3472 5162 tenere,
3501 5096 3732 5165 gloriam
3757 5111 3844 5150 re-

2257 5166 2670 5237 primere;iesse
2696 5166 2913 5237 quidem
2960 5166 3013 5237 in
3063 5166 3326 5237 potentia,
3356 5166 3449 5220 sed
3475 5174 3757 5236 potentem
3786 5181 3844 5221 se

2257 5234 2376 5291 esse
2405 5235 2651 5300 nescire;
2683 5234 2749 5290 ad
2778 5234 3050 5305 largienda
3095 5234 3235 5289 bona
3264 5234 3542 5304 potentem
3577 5250 3641 5292 se
3669 5250 3834 5303 agno-

2257 5319 2429 5377 scere,
2453 5305 2548 5361 sed
2581 5306 2648 5361 ad
2671 5305 2962 5377 repetenda
2989 5305 3172 5377 _noxia
3200 5319 3363 5377 omne
3388 5305 3545 5377 Aquod
3589 5313 3844 5377 potenter

2256 5376 2400 5445 valet
2448 5374 2745 5444 iguorare.’
2776 5375 2940 5430 Recte
2987 5374 3168 5444 itaque
3212 5374 3281 5445 de
3329 5375 3525 5432 talibus
3576 5374 3777 5445 dicitur
3818 5391 3836 5445 _:

2256 5443 2398 5499 Deus
2414 5456 2644 5518 potentes
2674 5462 2777 5500 non
2796 5445 3003 5518 fabjicig,
3035 5443 3365 5518 cnntetipse
3400 5446 3470 5500 sit
3504 5443 3838 5518 potentia.

2258 5512 2461 5588 ωτι).
2500 5516 2666 5588 Deum
2715 5512 2915 5588 quippe
2968 5514 3167 5588 imitari
3211 5512 3516 5588 desiderat,
3544 5519 3639 5586 qui
3691 5512 3838 5569 fasti-

2257 5584 2429 5655 gium'
2453 5584 2944 5655 potentitcjalienis
2984 5585 3235 5655 intentus
3262 5584 3615 5650 utilitatibus,
3645 5595 3702 5641 et
3733 5598 3838 5639 non

2258 5654 2641 5732 suis_laudibus
2661 5655 2833 5732 elatus
2853 5654 3191 5732 administrat
3205 5669 3224 5732 ε
3235 5655 3337 5732 qui
3362 5657 3613 5732 praclaius
3633 5665 3841 5710 caeteris

2258 5725 2516 5796 prodesse
2544 5725 2751 5796 appetit
2774 5739 2891 5796 non
2911 5738 3141 5796 praeesse
3166 5721 3337 5796 (Ibid.
3362 5721 3487 5796 pag:
3522 5726 3600 5794 7).

2333 5793 2410 5865 (ι)
2441 5792 2689 5865 Iongres,
2721 5793 2855 5850 dont
2883 5792 2932 5848 Ie
2958 5792 3105 5865 siege
3148 5792 3628 5865 etaitdéja‘liixé'a
3657 5792 3837 5862 Lie'ge.

2334 5862 2410 5933 (Ξ)
2442 5862 2683 5932 Matium,
2712 5866 2880 5935 petite
2910 5863 3033 5920 ville
3060 5863 3130 5919 du
3156 5862 3371 5919 diocese
3392 5863 3460 5919 de.
3492 5863 3691 5921 lieims.
