4060 6466
216 409 312 469 969

1629 409 2008 472 OPUSCULA.
2999 431 3041 454 κ

3349 418 3457 475 970

216 543 243 581 τι
273 537 322 583 te
349 502 634 585 credideris
660 528 1018 597 occupandam
1072 528 1171 585 loci
1213 527 1629 599 Mosomageusis
1667 529 1768 585 Ec-
1801 534 1848 592 Α
1872 530 2187 601 penSatione
2213 531 2452 588 meruisti
2476 530 2878 602 praesidendam,
2903 530 3134 600 deservi,
3159 539 3217 587 ct
3243 547 3341 602 pro
3367 546 3456 587 sa-

214 620 614 691 clesiam,quam
637 622 1031 692 metropolitani
1060 621 1205 675 urbis
1229 619 1518 675 Remorum
1547 622 1646 676 sub
1667 637 1773 693 ope

166 736 183 759 ι
213 711 401 768 Christi
427 729 525 768 sua
552 728 764 785 semper
786 714 1124 770 ordinatione
1143 723 1401 769 rexerunt
1423 716 1446 768 ?
1471 714 1657 770 Adhuc
1687 731 1776 769 ar-

212 798 378 857 bitror
399 813 486 858 tua
519 806 709 872 nescis,
741 814 798 861 et
821 806 931 875 jam
976 806 1148 860 aliena
1169 805 1434 875 pervadis.
1467 804 1524 860 In
1547 821 1651 875 qua
1678 806 1777 874 igi-

212 902 296 947 tur
340 910 458 949 cum
490 895 679 951 levitas
705 897 913 963 feceris,
943 899 1285 969 presbyteros
1312 899 1663 963 consecraris,
1691 913 1779 951 ar-

208 982 550 1041 chidiaconos
577 986 894 1053 institueris,
923 987 1291 1056 primicerium
1321 989 1518 1044 schola:
1544 988 1779 1044 clarissi-

208 1082 324 1139 mae,
351 1076 661 1149 militiaeque
682 1079 976 1143 lectorum;
1008 1096 1115 1135 non
1145 1083 1346 1151 quero'r
1372 1082 1514 1148 quod
1542 1096 1629 1136 me
1650 1096 1781 1136 con-

204 1164 320 1218 silio
368 1166 511 1221 inter
548 1168 647 1224 ista
697 1184 802 1224 non
826 1170 1041 1233 videris,
1068 1173 1270 1226 utinam
1323 1181 1376 1227 te
1420 1170 1687 1227 vidisses!
1721 1172 1778 1226 Si

205 1257 341 1311 enim
364 1273 604 1315 canones
625 1269 712 1316 tua
734 1264 988 1318 sanctitas
1010 1264 1308 1334 ignorabat,
1326 1264 1455 1320 satis
1477 1279 1782 1335 prmpropc-

202 1362 316 1402 rum
347 1346 465 1417 fuit,
508 1359 566 1404 ut
619 1353 1067 1422 transgrede'reris
1115 1363 1402 1423 antequam
1428 1354 1682 1411 disceres.
1711 1353 1781 1408 At

204 1452 329 1493 vero
383 1441 734 1497 ecclesiarum
781 1452 980 1500 statuta
1009 1446 1058 1501 si
1106 1460 1356 1512 noveras,
1389 1452 1539 1501 tanto
1565 1446 1779 1514 gravius

202 1535 459 1600 tantoque
512 1532 864 1602 periculosius
934 1534 1241 1604 insipientia
1289 1542 1381 1589 tua
1429 1534 1508 1607 (α)
1574 1536 1782 1604 prisco-

199 1633 315 1672 rum
356 1621 869 1694 magniﬁcorumque
914 1625 1223 1695 pontiﬁcum
1269 1623 1486 1680 decreta
1532 1625 1776 1680 calcavit.

195 1708 339 1768 Cave
360 1714 453 1784 qui
499 1714 675 1770 aliena
704 1717 998 1785 praesumis,
1042 1731 1111 1772 ne
1151 1716 1296 1786 quod
1324 1717 1523 1772 habere
1560 1717 1776 1786 videris,

196 1801 433 1856 amittas.
465 1800 598 1857 Cum
631 1803 784 1859 facta:
823 1805 1180 1863 ordinationis
1221 1806 1341 1876 jura
1367 1824 1475 1863 non
1508 1815 1778 1877 constent,

1874 620 1986 676 lute
2006 623 2182 691 gregis
2209 622 2459 678 dominici
2480 623 2742 679 sollicitus
2766 633 2956 694 pastor
2977 624 3210 693 invigila.
3238 621 3455 680 Utinam

1875 713 2234 768 mediocritati
2259 729 2393 769 mea:
2422 714 2524 770 ista
2563 724 2946 785 suppeterent,
2997 729 3117 784 qua:
3157 715 3209 769 in
3239 717 3459 772 nomine

1876 802 2089 857 Domini
2116 804 2312 860 habere
2338 820 2436 860 vos
2458 805 2649 875 cupio!
2682 805 2787 860 Sed
2815 806 2937 875 quia
2968 806 3162 860 desunt
3188 820 3341 870 meae,
3372 807 3459 861 vel

1877 891 2079 947 credita
2108 891 2237 947 mihi
2264 902 2390 948 sunt
2418 894 2673 963 obsequia
2717 893 3048 960 Salvatoris,
3090 893 3286 947 salvari
3316 906 3460 947 tuer-

1878 986 2097 1039 ceuario
2126 1000 2233 1039 non
2263 986 2498 1054 requiro.
2529 984 2763 1039 Joannes
2792 985 2844 1038 in
2882 984 3173 1055 Apocalysi
3205 982 3358 1054 (Cap.
3400 997 3457 1047 ιι,

1878 1072 1956 1141 ιιι)
1983 1081 2188 1143 septem
2213 1074 2413 1144 quippe
2447 1074 2650 1142 angelis
2672 1075 2782 1128 suis
2810 1073 3235 1143 comprehendit,
3256 1083 3315 1129 et
3343 1073 3463 1128 uni-

1879 1166 2073 1234 cuique
2122 1166 2307 1220 scribit
2353 1165 2624 1222 Ecclesize.
2680 1166 2841 1221 Facta
2898 1166 3058 1235 igitur
3104 1166 3294 1220 merita
3341 1179 3462 1233 qua:

1879 1256 2179 1326 prtepositis
2215 1275 2229 1308 :
2261 1271 2381 1325 quae
2424 1257 2645 1327 probata
2674 1256 3009 1324 corrigenda,
3042 1256 3288 1324 castigat.
3325 1254 3461 1310 Cum

1880 1362 2011 1417 ergo
2061 1349 2160 1403 sub
2209 1348 2472 1404 vocabulo
2518 1349 2693 1417 angeli
2736 1349 2976 1403 tradatur
3020 1348 3250 1402 actionis
3290 1346 3462 1403 forma

1878 1436 2195 1509 pontiﬁcim,
2240 1438 2401 1493 doleo
2428 1453 2590 1508 super
2630 1447 2733 1492 tum
2756 1438 3190 1508 praesumptionis
3215 1438 3461 1502 audacia,

1881 1538 1941 1584 ut
1962 1528 2084 1598 jura
2113 1538 2386 1600 permutes
2414 1538 2598 1585 vetera
2623 1544 2813 1594 novus,
2842 1538 2998 1584 cauta
3020 1529 3359 1592 temerarius,
3382 1528 3464 1582 di-

1880 1621 2004 1676 vina
2060 1629 2328 1685 terrenus.
2405 1620 2638 1675 Audiant
2684 1634 2822 1685 nos,
2896 1620 3117 1674 audiant
3173 1633 3311 1687 quos
3351 1619 3464 1674 ele-

1881 1711 2024 1782 geris
2059 1711 2390 1767 sacerdotes.
2424 1710 2765 1790 .Sacerdotes
2808 1709 2881 1764 tui
2937 1709 3040 1779 ipsi
3080 1723 3181 1763 nos
3218 1707 3457 1764 audiant.

1881 1798 2155 1856 Creatoris
2195 1801 2409 1856 conlido
2462 1800 2782 1861 sententiam
2833 1814 2943 1854 nou
2988 1814 3088 1868 pro
3132 1805 3224 1863 te,
3274 1796 3370 1852 sed
3407 1796 3462 1852 in

194 1905 304 1960 quo
331 1892 672 1962 potissimum
704 1896 931 1951 consilio
973 1895 1321 1952 sacerdotalis
1343 1896 1504 1954 ol‘licii
1534 1898 1777 1954 tirocinia
1808 1900 1854 1960 Β
1882 1902 1967 1958 te,
2026 1908 2057 1946 a
2094 1891 2457 1962 judicantibus
2523 1892 2917 1963 proferendam.
2974 1891 3110 1959 Quis
3160 1892 3306 1946 enim
3364 1905 3463 1961 pro

190 1981 544 2052 defensabis,
593 1984 640 2039 si
685 1986 984 2041 temerariae
1030 1987 1446 2056 trangressionis
1492 1987 1782 2043 admissum

193 2075 493 2143 pertinacia
523 2076 608 2131 vel
638 2076 954 2147 impotentia
995 2077 1311 2135 miscueris?
1351 2077 1568 2148 Majoris
1594 2079 1784 2134 discri-

190 2165 360 2219 minis
407 2166 512 2220 erit
559 2166 833 2237 antiquam
880 2169 1214 2223 sanctionem
1272 2168 1434 2225 fuisse
1481 2150 1733 2224 violatam
1762 2209 1778 2234 ,

186 2274 354 2328 quam
428 2259 544 2315 laus
615 2261 686 2315 sit
724 2248 862 2317 ‘loco
914 2270 1058 2316 stare
1099 2270 1288 2317 contra
1347 2277 1583 2317 canones
1644 2277 1783 2331 quos

184 2349 412 2404 creasti.
446 2348 552 2406 Sed
581 2350 709 2419 quid
732 2349 799 2417 de
826 2365 1013 2405 eorum
1041 2351 1232 2420 loquar
1259 2350 1554 2415 ordinibus,
1585 2366 1723 2421 quos
1749 2367 1781 2406 a

186 2436 530 2493 beatitudine
553 2449 643 2495 tua
665 2440 816 2495 licuit
842 2442 1183 2510 promoveri?
1211 2441 1336 2497 Plus
1354 2442 1483 2497 illud
1511 2453 1614 2511 est,
1638 2443 1781 2514 quod

188 2528 235 2582 si
261 2528 422 2595 juxta
448 2530 713 2597 majorum
738 2539 940 2586 statuta
970 2534 1419 2603 severitatemque
1447 2536 1779 2598 discutimus,

182 2632 302 2673 non
352 2618 533 2673 minus
560 2635 721 2689 quam
762 2630 937 2676 status
966 2622 1205 2682 illorum.
1250 2635 1429 2679 vester
1456 2626 1637 2680 veniet
1664 2627 1782 2696 epi-

185 2716 454 2777 SOOpalIJS
493 2710 545 2764 in
584 2710 824 2765 dubium.
859 2711 1117 2768 Dominus
1158 2714 1210 2766 in
1240 2712 1528 2784 Evangelia
1560 2716 1689 2772 dicit
1715 2719 1782 2773 ad

188 2799 419 2855 Petrum
464 2818 479 2854 :
526 2800 708 2856 Simon
758 2800 1010 2866 Joannis,
1055 2803 1231 2877 diligis
1275 2806 1396 2859 me?
1429 2814 1485 2861 et
1528 2807 1714 2863 Petrus
1764 2826 1780 2861 :

184 2891 394 2956 Etiam,
433 2891 672 2959 Domine,
706 2906 757 2947 tu
785 2895 884 2949 scis
913 2897 1032 2967 quia
1071 2914 1187 2951 amo
1218 2905 1267 2952 te
1294 2896 1473 2965 (Joan.
1515 2916 1632 2964 xxr,
1668 2900 1778 2968 l5).

182 2983 287 3038 Cui
319 2984 407 3039 bis
437 2992 623 3054 terque
652 3001 681 3039 a
708 2986 937 3041 Domino
964 2988 1061 3043 sub
1088 2989 1189 3044 hac
1215 2991 1562 3060 responsione
1591 2994 1780 3061 pacci-

184 3076 335 3145 pitur
368 3093 380 3127 :
420 3074 586 3131 Pasce
630 3094 746 3132 oues
778 3096 936 3134 meas.
971 3079 1082 3149 Ego
1108 3082 1231 3150 quia
1273 3098 1403 3139 oves
1428 3084 1625 3138 Christi
1654 3100 1781 3155 pas-

181 3174 335 3230 ‘cere,
360 3167 712 3225 omnimodis
741 3170 1041 3240 imperitus,
1070 3172 1335 3229 alimonize
1360 3174 1595 3230 cmlestis
1624 3176 1783 3233 uber-

1882 1999 2073 2040 sensus
2099 1983 2182 2039 sui
2225 1985 2498 2055 probitate
2526 1999 2631 2040 non
2662 1984 2933 2055 improbet
2976 1998 3099 2038 eum
3145 1994 3335 2038 contra
3364 1980 3464 2038 Ec-

1883 2075 2060 2133 clesiae
2096 2076 2336 2145 regulam
2380 2077 2691 2147 prorupisse
2713 2119 2727 2141 ,
2777 2076 2870 2145 qui
2905 2075 3165 2131 debuerat
3204 2074 3463 2131 Ecclesia:

1882 2164 2123 2236 regulam
2150 2168 2456 2223 custodire?
2472 2167 2710 2231 Mandas,
2731 2176 2790 2222 ut
2816 2167 2997 2232 audio,
3022 2166 3340 2242 colonorum
3366 2165 3463 2221 tibi

1882 2258 2080 2313 tributa
2125 2259 2370 2330 portari,
2419 2267 2476 2314 et
2521 2258 2766 2329 prmcipis
2806 2266 2867 2313 ut
2907 2258 3110 2312 reditus
3154 2255 3465 2312 deferantur

1883 2363 2152 2416 agrorum.
2200 2352 2366 2407 Datur
2422 2352 2643 2420 intelligi
2705 2351 2849 2420 quod
2886 2348 3132 2406 ecclesia:
3169 2363 3311 2414 rem,
3355 2363 3463 2405 non

1882 2442 2164 2498 ecclesiam
2211 2442 2544 2513 concupisti,
2591 2442 2809 2512 quando
2860 2440 3120 2496 sollicitus
3164 2438 3465 2509 exquisitor

1882 2531 2146 2600 exposcis,
2177 2547 2294 2602 qum
2342 2546 2442 2601 ego
2471 2532 2538 2586 ad
2564 2547 2722 2602 quem
2748 2530 2870 2601 jure
2912 2531 3232 2596 veniebant,
3280 2530 3463 2586 remisi

1881 2620 2059 2690 potius
2086 2635 2247 2690 quam
2284 2623 2522 2690 quaesivi.
2567 2621 2704 2676 Nolo
2733 2631 2787 2676 te
2811 2621 3018 2686 lateat,
3067 2620 3255 2677 levitas
3301 2629 3464 2691 atque

1882 2710 2248 2780 presbyteros,
2292 2721 2480 2766 contra
2510 2711 2751 2767 ordinem
2781 2727 2917 2782 quos
2943 2710 3146 2774 fecisti,
3184 2712 3251 2766 ab
3275 2712 3464 2767 ordine

1875 2799 1989 2870 jam
2009 2809 2268 2856 remotos.
2310 2800 2576 2872 Perpendi
2602 2803 2744 2857 enim
2772 2802 2916 2872 quod
2937 2817 2968 2856 a
2996 2818 3083 2857 me
3105 2818 3212 2857 non
3236 2802 3464 2858 decebat

1883 2891 2118 2957 admitti,
2145 2907 2283 2961 quos
2323 2907 2355 2947 a
2384 2903 2436 2949 te
2462 2908 2571 2948 non
2601 2893 2826 2949 licuerat
2861 2894 3120 2948 ordinari.
3150 2893 3266 2948 Heu
3292 2908 3465 2963 quan—

1882 2992 1993 3037 tum
2023 2997 2111 3037 me
2135 2999 2165 3037 a
2195 2983 2369 3039 cultus
2397 2984 2473 3038 tui
2495 2985 2776 3055 proposito
2818 2984 3061 3055 repulisti
3081 3023 3099 3048 ,
3141 2984 3267 3039 dum
3295 2985 3465 3040 mavis

1880 3090 2163 3145 perperam
2210 3089 2372 3144 agere
2402 3117 2418 3143 ,
2460 3091 2619 3146 quam
2666 3074 2867 3131 ftedera
2920 3074 3154 3130 fraterna
3202 3074 3459 3131 servare!
3543 3145 3554 3156 .

1881 3163 2202 3236 Optaveram
2234 3180 2465 3236 namque
2502 3174 2561 3220 ut
2601 3166 2831 3221 clericus
2872 3165 3288 3236 permansisses,
3335 3164 3464 3236 quia
3501 3186 3504 3189 λ

185 3265 296 3312 tate
325 3273 441 3312 non
482 3274 732 3329 possum;
757 3262 848 3330 qui
874 3276 939 3315 ex
971 3263 1139 3317 sacris
1167 3264 1563 3320 eruditionibus
1590 3266 1774 3321 erudi-
1803 3260 1850 3324 C
1880 3262 2056 3318 factus
2090 3261 2269 3317 fueras
2295 3262 2347 3317 Vi
2374 3262 2647 3318 sacerdos.
2677 3259 2784 3316 Sed
2809 3260 2856 3316 Si
2882 3268 3116 3316 meme"!
3147 3267 3292 3313 ῑυοιιὶ
3331 3274 3463 3314 cum

183 3353 290 3411 tus,
324 3364 427 3403 eas
469 3340 589 3417 quae
625 3351 755 3405 mihi
785 3351 1000 3407 Christo
1024 3353 1247 3421 jubente
1276 3355 1485 3411 tradita
1513 3367 1675 3424 sunt,
1719 3366 1779 3413 ut

180 3450 383 3508 pascas
415 3438 684 3494 admoneo
711 3479 726 3504 ,
774 3450 833 3494 ut
875 3441 1094 3498 invadas
1120 3444 1355 3500 inhiheo.
1416 3445 1528 3515 Age
1565 3461 1780 3518 semper

178 3539 237 3583 ut
270 3537 328 3582 te
375 3526 534 3594 digna
579 3529 923 3584 comitentur.
973 3529 1223 3587 Ecclesia:
1251 3550 1409 3603 quam
1450 3535 1627 3590 divina
1665 3537 1776 3593 dis-

252 3723 335 3794 (a)
368 3721 645 3791 Remigius
666 3741 771 3779 non
791 3726 931 3779 inani
960 3728 1282 3784 auctoritate
1308 3728 1597 3784 nitebatur.
1623 3729 1768 3786 Inter

172 3807 432 3849 canones
472 3795 614 3865 enim
668 3798 1055 3863 apostolorum,
1089 3799 1180 3865 qui
1226 3814 1448 3853 numero
1471 3800 1769 3856 tricesimus

168 3871 374 3942 sextus
393 3870 510 3942 cita
519 3861 670 3929 juxta
697 3861 935 3919 veterem
966 3861 1260 3942 editionem
1286 3869 1522 3942 Dionysii
1548 3869 1763 3942 Exigui,

169 3929 722 4011 statuitgpiscopum
746 3952 847 4011 non
873 3936 1064 4011 quaere
1084 3946 1233 3990 extra
1261 3929 1507 4011 terminos
1533 3929 1769 4011 proprios

170 4000 542 4079 ordinationes
587 4000 755 4071 facere
774 4007 829 4079 in
852 4005 1139 4059 civitatibus
1162 4015 1209 4059 et
1234 4008 1364 4062 villis
1389 4026 1502 4079 qua:
1522 4000 1598 4063 illi
1628 4000 1769 4066 nullo

166 4067 309 4150 iure
325 4067 735 4138 subjectw'sunt.
848 4092 960 4150 uero
981 4078 1236 4150 contactus
1266 4067 1421 4149 fuerit
1446 4080 1541 4150 hoc
1563 4082 1765 4150 fecisse,

168 4148 377 4211 pra’ter
406 4156 578 4217 eorum
603 4146 969 4217 conscientiam
1004 4148 1086 4217 qui
1117 4146 1347 4217 civitates
1376 4160 1426 4201 et
1454 4146 1603 4203 villas
1632 4151 1768 4204 deti-

169 4218 428 4290 nentyﬂet
456 4211 566 4290 ipse
608 4214 912 4290 deponatur,
950 4228 998 4269 et
1015 4211 1110 4290 qui
1161 4216 1224 4269 ab
1253 4219 1343 4272 illo
1370 4230 1489 4272 sunt
1515 4219 1763 4275 ordinati.

165 4276 823 4360 pissidit‘tm'_i|lud_'intcr
846 4276 1100 4360 praesules
1118 4291 1413 4360 sanctitate
1450 4290 1766 4359 conspicuos

166 4350 322 4431 haud
356 4350 448 4432 diu
479 4350 717 4432 duravit;
761 4366 816 4409 et
846 4350 1084 4432 ecclesia
1114 4357 1527 4432 Mesomagensis
1574 4350 1626 4416 ιύ
1670 4375 1768 4432 pa-

167 4420 348 4477 rmcia
388 4417 635 4479 Remeusi
664 4428 972 4494 permansit,
996 4427 1182 4483 Corxr.
1213 4428 1334 4485 loco
1352 4417 1547 4486 citato.

244 4555 332 4626 (l)
370 4553 597 4611 Mouzon
623 4530 1008 4631 faisantpartie
1063 4560 1134 4617 du
1182 4563 1399 4620 diocese
1447 4565 1514 4621 de
1557 4564 1760 4632 Reims,

163 4703 3183 4734 Mm

1882 3356 1982 3411 ista
2014 3371 2119 3411 non
2146 3354 2336 3424 tangit,
2381 3363 2696 3423 ego-tamen
2722 3367 2821 3423 pro
2849 3352 3158 3408 sinceritate
3181 3347 3461 3421 proﬁteor,

1881 3445 2024 3516 quod
2053 3447 2289 3509 animum
2333 3460 2442 3500 non
2472 3444 2648 3499 minus
2675 3443 2826 3531 angit
2870 3459 2900 3497 ιι
2932 3452 2986 3498 te
3026 3439 3463 3498 inexcusabiliter

1880 3545 2139 3599 erratum,
2169 3526 2330 3605 quam
2359 3550 2446 3589 me
2470 3532 2632 3589 fuisse
2657 3526 3043 3612 contemptum.

1876 3734 2144 3802 Foulques
2168 3747 2232 3787 ne
2261 3733 2478 3802 pouvait
2526 3748 2557 3803 y
2582 3730 2909 3803 fairegaucun
2934 3739 3055 3803 acte
3086 3746 3296 3803 comme
3325 3731 3456 3787 eve-

1879 3820 2005 3874 que,
2027 3799 2149 3874 satis
2178 3803 2228 3857 le
2256 3799 2665 3874 consenteincnt
2703 3801 2771 3855 de
2795 3803 2935 3874 saint
2956 3800 3132 3874 Remi.
3158 3799 3460 3874 Y_oyez_sur

1879 3869 1941 3929 ce
1971 3875 2120 3946 point
2142 3873 2218 3927 les
2240 3872 2473 3927 conciles
2512 3873 2578 3925 de
2605 3869 3071 3940 Coustantiuople,
3103 3871 3170 3925 de
3195 3869 3297 3924 l'an
3328 3869 3452 3933 581,

1879 3959 1998 3997 can.
2051 3944 2116 3997 2:
2175 3942 2244 3996 de
2293 3941 2576 3997 Cartliatte.
2608 3941 2676 3996 de
2730 3942 2831 3996 l'an
2878 3941 3001 3997 597.
3051 3957 3171 3997 can.
3230 3940 3339 3997 20:
3390 3940 3452 3995 de

1986 3984 1998 3996 .
2051 3957 2116 4007 2;
2175 3957 2244 3996 oe
2293 3957 2576 4007 uartnage,
2608 3957 2676 3996 ue
2730 3957 2831 3996 l'an
2879 3957 3001 4007 om,
3051 3957 3171 3998 can.
3230 3957 3339 4000 zu;
3390 3957 3459 3995 ue

1879 3959 1998 3997 can.
2051 3955 2116 4009 2;
2175 3955 2244 3996 oe
2293 3955 2576 4010 uartnage,
2608 3955 2676 3996 ue
2730 3955 2831 3996 l'an
2879 3955 3001 4007 .391,
3051 3957 3171 3998 can.
3230 3955 3339 4000 zu;
3390 3955 3454 3995 ue

1880 4013 2069 4078 Rome,
2101 4028 2223 4068 vers
2250 4011 2354 4065 l‘an
2376 4011 2498 4078 400,
2520 4027 2640 4066 can.
2668 4010 2733 4065 l5
2758 4031 2771 4073 ;
2796 4010 3083 4080 d'Orangc,
3113 4011 3180 4080 de
3202 4011 3306 4065 l'an
3328 4009 3454 4078 Ml,

1878 4100 1998 4137 can.
2033 4083 2124 4148 lO;
2167 4080 2450 4147 d‘lrlande,
2476 4096 2598 4135 vers
2644 4081 2749 4135 l'an
2790 4080 2914 4146 450,
2941 4078 3073 4136 can.
3104 4078 3200 4145 50;
3232 4082 3301 4137 de
3328 4080 3456 4135 Cal-

1876 4154 2117 4220 cédoiue,
2158 4152 2226 4207 tle
2273 4150 2398 4216 451,
2428 4167 2551 4207 can.
2583 4149 2792 4220 9.0;hde
2837 4151 3028 4217 Tours,
3067 4151 3135 4207 de
3177 4152 3279 4206 l'an
3327 4150 3455 4220 461,

1873 4222 2057 4294 eam?
2081 4218 2111 4286 ς’
2132 4220 2432 4294 d'Epaone,
2455 4223 2535 4294 de_
2548 4222 2655 4294 l‘an
2678 4218 2801 4282 517,
2826 4237 2949 4294 can.
2978 4221 3151 4294 5;_d_e_
3174 4220 3361 4294 Lyon,
3384 4218 3454 4294 de

1875 4293 1974 4347 l‘an
2001 4290 2125 4360 517,
2157 4290 2276 4345 can.
2309 4291 2371 4357 4;
2404 4293 2471 4347 de
2498 4290 2793 4354 Clermout,
2825 4294 2891 4347 de
2919 4291 3021 4347 l'an
3051 4290 3177 4360 535,
3207 4290 3308 4347 can
3342 4291 3410 4345 10
3435 4309 3451 4358 ;

1872 4360 2165 4429 d'Urléans,
2196 4362 2264 4416 de
2316 4363 2417 4417 l'an
2451 4361 2572 4425 538,
2604 4376 2724 4420 can.
2759 4361 2858 4429 15;
2902 4362 3204 4429 d'llerford,
3227 4363 3294 4419 de
3337 4362 3443 4419 l'an

1872 4432 1995 4486 675.
2029 4449 2148 4486 can.
2173 4432 2249 4486 2..
2277 4443 2386 4486 etc.

1872 4432 1995 4498 675,
2029 4449 2148 4490 can.
2173 4432 2249 4498 2.,
2277 4443 2386 4488 etc.

3430 4522 3462 4587 ‘r

3187 4717 3424 4733 -ιι-ι-ρ
3472 4724 3477 4731 .

1134 4872 1698 5003 SANCTI
1835 4879 2456 4985 BEMIGII

1317 5059 2204 5196 TESTAMENTUM
2258 5066 2318 5141 ".

150 5260 214 5333 in
253 5274 488 5332 nomine
528 5273 700 5333 Patris
715 5286 781 5352 et
818 5277 939 5352 Filii
978 5289 1036 5352 et
1076 5256 1306 5352 Spiritus
1349 5286 1542 5340 sancti.

715 5346 941 5403 Domino
965 5351 1003 5421 1-
1032 5346 1222 5408 Amen.

234 5457 366 5524 Ego
398 5455 670 5523 Remigius
717 5458 1003 5529 episcopus
1043 5461 1274 5519 civitatis
1306 5463 1632 5530 Remorum,
1676 5482 1759 5522 sa-

1573 5285 1756 5341 Gloria
1787 5291 1838 5353 ι)
1862 5288 2136 5358 prtetorio,
2166 5300 2330 5359 atque
2361 5291 2413 5346 id
2441 5290 2809 5349 codicillorum
2840 5294 2958 5351 vice
2988 5294 3167 5353 valere
3192 5300 3445 5372 pnecepi,

1871 5379 1918 5434 si
1955 5380 2007 5455 ei
2040 5378 2177 5448 juris
2226 5381 2427 5450 aliquid
2468 5384 2737 5439 videbitur
2772 5384 3029 5442 defuisse.
3085 5388 3450 5456 Quandocun-

1868 5485 1975 5541 que
2003 5481 2105 5549 ego
2134 5471 2410 5542 Remigius
2454 5474 2741 5546 episcopus
2778 5476 2846 5533 de
2875 5479 2979 5534 hac
3007 5479 3125 5536 luce
3161 5483 3448 5550 transiero,

150 5548 403 5609 cerdotii
434 5564 656 5618 compos
677 5590 692 5615 ,
739 5545 1139 5608 Testamentum
1169 5570 1348 5611 meum
1392 5557 1607 5613 condidi
1632 5558 1755 5629 jure
1837 5569 1923 5615 -tu
1953 5545 2277 5637 milii'hzeres
2297 5574 2437 5631 esto,
2459 5545 2651 5621 sancta
2664 5575 2721 5622 et
2748 5570 3068 5626 venerabilis
3085 5570 3325 5630 Ecclesia
3354 5545 3452 5633 ca;

236 5736 262 5764 ο
316 5722 435 5778 Hoc
469 5721 871 5802 Testamentum
897 5727 1057 5802 variis
1086 5738 1297 5802 auctum
1329 5730 1763 5802 interpolationi-

151 5798 271 5850 bus
313 5801 499 5869 esstat
545 5792 687 5869 apud
741 5793 1097 5869 Flodoardum
1148 5799 1304 5855 llist.-
1342 5792 1643 5861 Βθιιιῖξτιῖιι.
1700 5819 1760 5869 ι,

155 5881 290 5933 cap.
328 5863 421 5927 l8;
449 5863 682 5934 illudque
718 5866 908 5920 recitat
941 5867 1241 5926 Brissonius
1268 5871 1336 5926 de
1364 5871 1628 5928 Formul'is
1670 5863 1777 5930 lib}

472 5958 744 6015 l‘nnot.
790 5957 981 6017 LXV.

1870 5752 1960 5816 vn,
2004 5753 2103 5816 nec
2140 5755 2248 5816 non
2276 5738 2486 5816 Mineus
2512 5740 2647 5812 Opp.
2680 5744 2909 5816 Diplom.
2961 5755 3015 5800 et
3044 5746 3178 5803 Hist.
3215 5758 3346 5803 tom.
3391 5752 3449 5816 l,

1871 5809 2124 5891 sub_init.
2175 5809 2572 5891 Atugcn'uinum'
2598 5809 2784 5891 hujus
2803 5815 3131 5891 Testamenti
3174 5809 3455 5891 exemplar

1874 5878 2088 5933 tandem
2130 5879 2328 5949 prodiit
2355 5880 2437 5936 ιο.
2486 5881 2600 5939 Jac.
2630 5878 2880 5942 Cbiﬂletii
2910 5888 3091 5943 studio
3120 5889 3172 5944 in
3202 5878 3454 5961 disquisi-

2936 5978 3008 6038 31
