  <div class='ocr_page' id='page_1' title='image "/cluster/home/n/w/nwhite01/storage/ocr_20150623/65/hvd.32044015469315/494.png"; bbox 0 0 3996 6604; ppageno 0'>
   <div class='ocr_carea' id='block_1_1' title="bbox 253 401 532 502">
    <p class='ocr_par' dir='ltr' id='par_1_1' title="bbox 253 401 532 502">
     <span class='ocr_line' id='line_1_1' title="bbox 253 401 532 502; baseline -0.007 0"><span class='ocrx_word' id='word_1_1' title='bbox 253 401 432 502; x_wconf 40' lang='grc' dir='ltr'><strong>θῑῐᾮ</strong></span> <span class='ocrx_word' id='word_1_2' title='bbox 517 437 532 453; x_wconf 86' lang='grc'>⁶</span> 
     </span>
    </p>
   </div>
   <div class='ocr_carea' id='block_1_2' title="bbox 1703 440 2077 498">
    <p class='ocr_par' dir='ltr' id='par_1_2' title="bbox 1703 440 2077 498">
     <span class='ocr_line' id='line_1_2' title="bbox 1703 440 2077 498; baseline -0.008 -1"><span class='ocrx_word' id='word_1_3' title='bbox 1703 440 1964 498; x_wconf 82' lang='lat' dir='ltr'><strong>OPUSCU</strong></span> <span class='ocrx_word' id='word_1_4' title='bbox 1976 440 2077 495; x_wconf 67' lang='lat' dir='ltr'><strong>LA.</strong></span> 
     </span>
    </p>
   </div>
   <div class='ocr_carea' id='block_1_3' title="bbox 3397 438 3501 493">
    <p class='ocr_par' dir='ltr' id='par_1_3' title="bbox 3397 438 3501 493">
     <span class='ocr_line' id='line_1_3' title="bbox 3397 438 3501 493; baseline -0.019 0"><span class='ocrx_word' id='word_1_5' title='bbox 3397 438 3501 493; x_wconf 74' lang='grc'><strong>974</strong></span> 
     </span>
    </p>
   </div>
   <div class='ocr_carea' id='block_1_4' title="bbox 250 551 3507 630">
    <p class='ocr_par' dir='ltr' id='par_1_4' title="bbox 250 551 3507 630">
     <span class='ocr_line' id='line_1_4' title="bbox 250 551 3507 630; baseline -0.002 -15"><span class='ocrx_word' id='word_1_6' title='bbox 250 561 379 615; x_wconf 88' lang='lat' dir='ltr'><strong>dnni</strong></span> <span class='ocrx_word' id='word_1_7' title='bbox 408 561 558 630; x_wconf 85' lang='lat' dir='ltr'><strong>juxta</strong></span> <span class='ocrx_word' id='word_1_8' title='bbox 588 575 685 614; x_wconf 87' lang='lat' dir='ltr'><strong>vos</strong></span> <span class='ocrx_word' id='word_1_9' title='bbox 712 559 902 623; x_wconf 86' lang='lat' dir='ltr'><strong>habeo,</strong></span> <span class='ocrx_word' id='word_1_10' title='bbox 931 557 995 613; x_wconf 92' lang='lat' dir='ltr'><strong>ad</strong></span> <span class='ocrx_word' id='word_1_11' title='bbox 1038 557 1297 613; x_wconf 89' lang='lat' dir='ltr'><strong>imitatem</strong></span> <span class='ocrx_word' id='word_1_12' title='bbox 1328 556 1585 611; x_wconf 90' lang='lat' dir='ltr'><strong>montium</strong></span> <span class='ocrx_word' id='word_1_13' title='bbox 1617 557 1815 626; x_wconf 89' lang='lat' dir='ltr'><strong>posito,</strong></span> <span class='ocrx_word' id='word_1_14' title='bbox 1845 563 1899 620; x_wconf 62' lang='grc' dir='ltr'>Α</span> <span class='ocrx_word' id='word_1_15' title='bbox 1924 569 2107 609; x_wconf 86' lang='lat' dir='ltr'><strong>sevam</strong></span> <span class='ocrx_word' id='word_1_16' title='bbox 2134 560 2188 608; x_wconf 91' lang='lat' dir='ltr'><strong>et</strong></span> <span class='ocrx_word' id='word_1_17' title='bbox 2231 552 2658 608; x_wconf 81' lang='lat' dir='ltr'><strong>Baudorosevam</strong></span> <span class='ocrx_word' id='word_1_18' title='bbox 2690 552 2884 610; x_wconf 91' lang='lat' dir='ltr'><strong>Leonis</strong></span> <span class='ocrx_word' id='word_1_19' title='bbox 2924 560 3159 622; x_wconf 89' lang='lat' dir='ltr'><strong>neptem.</strong></span> <span class='ocrx_word' id='word_1_20' title='bbox 3204 561 3258 607; x_wconf 85' lang='lat' dir='ltr'><strong>et</strong></span> <span class='ocrx_word' id='word_1_21' title='bbox 3297 551 3507 608; x_wconf 84' lang='lat' dir='ltr'><strong>Marco-</strong></span> 
     </span>
    </p>
   </div>
   <div class='ocr_carea' id='block_1_5' title="bbox 251 649 1824 722">
    <p class='ocr_par' dir='ltr' id='par_1_5' title="bbox 251 649 1824 722">
     <span class='ocr_line' id='line_1_5' title="bbox 251 649 1824 722; baseline -0.003 -15"><span class='ocrx_word' id='word_1_22' title='bbox 251 660 309 707; x_wconf 90' lang='lat' dir='ltr'><strong>et</strong></span> <span class='ocrx_word' id='word_1_23' title='bbox 336 668 454 722; x_wconf 69' lang='lat' dir='ltr'><strong>quzc</strong></span> <span class='ocrx_word' id='word_1_24' title='bbox 472 650 624 708; x_wconf 85' lang='lat' dir='ltr'><strong>Jovia</strong></span> <span class='ocrx_word' id='word_1_25' title='bbox 651 662 775 707; x_wconf 88' lang='lat' dir='ltr'><strong>sunt</strong></span> <span class='ocrx_word' id='word_1_26' title='bbox 802 651 1046 722; x_wconf 89' lang='lat' dir='ltr'><strong>pratella,</strong></span> <span class='ocrx_word' id='word_1_27' title='bbox 1078 665 1196 721; x_wconf 65' lang='lat' dir='ltr'><strong>quae</strong></span> <span class='ocrx_word' id='word_1_28' title='bbox 1225 649 1392 715; x_wconf 91' lang='lat' dir='ltr'><strong>tenui,</strong></span> <span class='ocrx_word' id='word_1_29' title='bbox 1421 649 1484 703; x_wconf 91' lang='lat' dir='ltr'><strong>ad</strong></span> <span class='ocrx_word' id='word_1_30' title='bbox 1518 658 1571 704; x_wconf 92' lang='lat' dir='ltr'><strong>te</strong></span> <span class='ocrx_word' id='word_1_31' title='bbox 1599 664 1824 704; x_wconf 90' lang='lat' dir='ltr'><strong>revoca-</strong></span> 
     </span>
    </p>
   </div>
   <div class='ocr_carea' id='block_1_6' title="bbox 251 738 1826 814">
    <p class='ocr_par' dir='ltr' id='par_1_6' title="bbox 251 738 1826 814">
     <span class='ocr_line' id='line_1_6' title="bbox 251 738 1826 814; baseline -0.006 -14"><span class='ocrx_word' id='word_1_32' title='bbox 251 744 354 800; x_wconf 87' lang='lat' dir='ltr'><strong>bis.</strong></span> <span class='ocrx_word' id='word_1_33' title='bbox 388 743 504 799; x_wconf 87' lang='lat' dir='ltr'><strong>Tibi</strong></span> <span class='ocrx_word' id='word_1_34' title='bbox 534 755 730 807; x_wconf 90' lang='lat' dir='ltr'><strong>autcm,</strong></span> <span class='ocrx_word' id='word_1_35' title='bbox 765 758 933 814; x_wconf 86' lang='lat' dir='ltr'><strong>nepos</strong></span> <span class='ocrx_word' id='word_1_36' title='bbox 959 756 1111 797; x_wconf 90' lang='lat' dir='ltr'><strong>meus</strong></span> <span class='ocrx_word' id='word_1_37' title='bbox 1138 741 1382 809; x_wconf 81' lang='lat' dir='ltr'><strong>Agricola</strong></span> <span class='ocrx_word' id='word_1_38' title='bbox 1410 739 1708 811; x_wconf 80' lang='lat' dir='ltr'><strong>presbyter,</strong></span> <span class='ocrx_word' id='word_1_39' title='bbox 1737 738 1826 808; x_wconf 91' lang='lat' dir='ltr'><strong>qui</strong></span> 
     </span>
    </p>
   </div>
   <div class='ocr_carea' id='block_1_7' title="bbox 252 830 1828 905">
    <p class='ocr_par' dir='ltr' id='par_1_7' title="bbox 252 830 1828 905">
     <span class='ocr_line' id='line_1_7' title="bbox 252 830 1828 905; baseline -0.006 -13"><span class='ocrx_word' id='word_1_40' title='bbox 252 838 394 896; x_wconf 81' lang='lat' dir='ltr'><strong>intra</strong></span> <span class='ocrx_word' id='word_1_41' title='bbox 435 836 757 892; x_wconf 85' lang='lat' dir='ltr'><strong>domesticos</strong></span> <span class='ocrx_word' id='word_1_42' title='bbox 801 850 949 890; x_wconf 94' lang='lat' dir='ltr'><strong>meos</strong></span> <span class='ocrx_word' id='word_1_43' title='bbox 992 835 1226 905; x_wconf 81' lang='lat' dir='ltr'><strong>parietes</strong></span> <span class='ocrx_word' id='word_1_44' title='bbox 1275 832 1498 900; x_wconf 81' lang='lat' dir='ltr'><strong>exegisti</strong></span> <span class='ocrx_word' id='word_1_45' title='bbox 1546 830 1828 901; x_wconf 83' lang='lat' dir='ltr'><strong>pueritiam</strong></span> 
     </span>
    </p>
   </div>
   <div class='ocr_carea' id='block_1_8' title="bbox 255 923 1826 996">
    <p class='ocr_par' dir='ltr' id='par_1_8' title="bbox 255 923 1826 996">
     <span class='ocr_line' id='line_1_8' title="bbox 255 923 1826 996; baseline -0.005 -14"><span class='ocrx_word' id='word_1_46' title='bbox 255 937 423 993; x_wconf 87' lang='lat' dir='ltr'><strong>tuam,</strong></span> <span class='ocrx_word' id='word_1_47' title='bbox 451 927 600 982; x_wconf 83' lang='lat' dir='ltr'><strong>trado</strong></span> <span class='ocrx_word' id='word_1_48' title='bbox 624 938 784 996; x_wconf 89' lang='lat' dir='ltr'><strong>atque</strong></span> <span class='ocrx_word' id='word_1_49' title='bbox 808 925 1106 980; x_wconf 85' lang='lat' dir='ltr'><strong>transcribo</strong></span> <span class='ocrx_word' id='word_1_50' title='bbox 1142 923 1554 979; x_wconf 81' lang='lat' dir='ltr'><strong>Merumvastem</strong></span> <span class='ocrx_word' id='word_1_51' title='bbox 1590 936 1826 985; x_wconf 90' lang='lat' dir='ltr'><strong>servum,</strong></span> 
     </span>
    </p>
   </div>
   <div class='ocr_carea' id='block_1_9' title="bbox 252 1009 1832 1079">
    <p class='ocr_par' dir='ltr' id='par_1_9' title="bbox 252 1009 1832 1079">
     <span class='ocr_line' id='line_1_9' title="bbox 252 1009 1832 1079; baseline -0.007 -5"><span class='ocrx_word' id='word_1_52' title='bbox 252 1028 311 1074; x_wconf 87' lang='lat' dir='ltr'><strong>et</strong></span> <span class='ocrx_word' id='word_1_53' title='bbox 332 1033 555 1073; x_wconf 78' lang='lat' dir='ltr'><strong>uxorem</strong></span> <span class='ocrx_word' id='word_1_54' title='bbox 577 1032 729 1072; x_wconf 89' lang='lat' dir='ltr'><strong>suam</strong></span> <span class='ocrx_word' id='word_1_55' title='bbox 753 1015 1107 1079; x_wconf 78' lang='lat' dir='ltr'><strong>Menatenam,</strong></span> <span class='ocrx_word' id='word_1_56' title='bbox 1132 1022 1189 1067; x_wconf 90' lang='lat' dir='ltr'><strong>et</strong></span> <span class='ocrx_word' id='word_1_57' title='bbox 1215 1028 1400 1068; x_wconf 91' lang='lat' dir='ltr'><strong>eorum</strong></span> <span class='ocrx_word' id='word_1_58' title='bbox 1424 1009 1588 1066; x_wconf 91' lang='lat' dir='ltr'><strong>ﬁlium</strong></span> <span class='ocrx_word' id='word_1_59' title='bbox 1617 1011 1832 1065; x_wconf 91' lang='lat' dir='ltr'><strong>nomine</strong></span> 
     </span>
    </p>
   </div>
   <div class='ocr_carea' id='block_1_10' title="bbox 255 1104 1833 1178">
    <p class='ocr_par' dir='ltr' id='par_1_10' title="bbox 255 1104 1833 1178">
     <span class='ocr_line' id='line_1_10' title="bbox 255 1104 1833 1178; baseline -0.005 -13"><span class='ocrx_word' id='word_1_60' title='bbox 255 1109 638 1165; x_wconf 78' lang='lat' dir='ltr'><strong>Marcovicum.</strong></span> <span class='ocrx_word' id='word_1_61' title='bbox 691 1107 820 1178; x_wconf 84' lang='lat' dir='ltr'><strong>Ejus</strong></span> <span class='ocrx_word' id='word_1_62' title='bbox 862 1106 1080 1162; x_wconf 77' lang='lat' dir='ltr'><strong>fratrem</strong></span> <span class='ocrx_word' id='word_1_63' title='bbox 1129 1105 1460 1160; x_wconf 83' lang='lat' dir='ltr'><strong>Medovicum</strong></span> <span class='ocrx_word' id='word_1_64' title='bbox 1510 1104 1672 1173; x_wconf 87' lang='lat' dir='ltr'><strong>jubeo</strong></span> <span class='ocrx_word' id='word_1_65' title='bbox 1711 1117 1833 1157; x_wconf 84' lang='lat' dir='ltr'><strong>esse</strong></span> 
     </span>
    </p>
   </div>
   <div class='ocr_carea' id='block_1_11' title="bbox 255 1193 1835 1261">
    <p class='ocr_par' dir='ltr' id='par_1_11' title="bbox 255 1193 1835 1261">
     <span class='ocr_line' id='line_1_11' title="bbox 255 1193 1835 1261; baseline -0.004 -8"><span class='ocrx_word' id='word_1_66' title='bbox 255 1198 503 1253; x_wconf 90' lang='lat' dir='ltr'><strong>liberum.</strong></span> <span class='ocrx_word' id='word_1_67' title='bbox 532 1197 836 1252; x_wconf 79' lang='lat' dir='ltr'><strong>Amantium</strong></span> <span class='ocrx_word' id='word_1_68' title='bbox 862 1204 916 1251; x_wconf 88' lang='lat' dir='ltr'><strong>et</strong></span> <span class='ocrx_word' id='word_1_69' title='bbox 945 1211 1168 1252; x_wconf 79' lang='lat' dir='ltr'><strong>uxorem</strong></span> <span class='ocrx_word' id='word_1_70' title='bbox 1202 1211 1352 1249; x_wconf 89' lang='lat' dir='ltr'><strong>suam</strong></span> <span class='ocrx_word' id='word_1_71' title='bbox 1402 1195 1595 1261; x_wconf 89' lang='lat' dir='ltr'><strong>Daero,</strong></span> <span class='ocrx_word' id='word_1_72' title='bbox 1626 1193 1835 1247; x_wconf 87' lang='lat' dir='ltr'><strong>tibimet</strong></span> 
     </span>
    </p>
   </div>
   <div class='ocr_carea' id='block_1_12' title="bbox 254 1285 1836 1360">
    <p class='ocr_par' dir='ltr' id='par_1_12' title="bbox 254 1285 1836 1360">
     <span class='ocr_line' id='line_1_12' title="bbox 254 1285 1836 1360; baseline -0.004 -15"><span class='ocrx_word' id='word_1_73' title='bbox 254 1290 607 1360; x_wconf 89' lang='lat' dir='ltr'><strong>derelinquo:</strong></span> <span class='ocrx_word' id='word_1_74' title='bbox 639 1305 825 1344; x_wconf 90' lang='lat' dir='ltr'><strong>eorum</strong></span> <span class='ocrx_word' id='word_1_75' title='bbox 858 1287 1018 1344; x_wconf 90' lang='lat' dir='ltr'><strong>ﬁliam</strong></span> <span class='ocrx_word' id='word_1_76' title='bbox 1048 1304 1166 1343; x_wconf 92' lang='lat' dir='ltr'><strong>esse</strong></span> <span class='ocrx_word' id='word_1_77' title='bbox 1203 1287 1453 1358; x_wconf 74' lang='lat' dir='ltr'><strong>prmcipio</strong></span> <span class='ocrx_word' id='word_1_78' title='bbox 1481 1287 1701 1342; x_wconf 86' lang='lat' dir='ltr'><strong>liberam</strong></span> <span class='ocrx_word' id='word_1_79' title='bbox 1734 1285 1836 1340; x_wconf 90' lang='lat' dir='ltr'><strong>Da-</strong></span> 
     </span>
    </p>
   </div>
   <div class='ocr_carea' id='block_1_13' title="bbox 252 1374 1831 1448">
    <p class='ocr_par' dir='ltr' id='par_1_13' title="bbox 252 1374 1831 1448">
     <span class='ocr_line' id='line_1_13' title="bbox 252 1374 1831 1448; baseline -0.008 -8"><span class='ocrx_word' id='word_1_80' title='bbox 252 1383 558 1440; x_wconf 83' lang='lat' dir='ltr'><strong>sovindam.</strong></span> <span class='ocrx_word' id='word_1_81' title='bbox 600 1381 868 1435; x_wconf 84' lang='lat' dir='ltr'><strong>Alaricum</strong></span> <span class='ocrx_word' id='word_1_82' title='bbox 906 1394 1122 1435; x_wconf 88' lang='lat' dir='ltr'><strong>servum</strong></span> <span class='ocrx_word' id='word_1_83' title='bbox 1174 1387 1277 1432; x_wconf 70' lang='lat' dir='ltr'><strong>tum</strong></span> <span class='ocrx_word' id='word_1_84' title='bbox 1316 1377 1514 1448; x_wconf 91' lang='lat' dir='ltr'><strong>deputo</strong></span> <span class='ocrx_word' id='word_1_85' title='bbox 1558 1374 1831 1445; x_wconf 83' lang='lat' dir='ltr'><strong>portioni:</strong></span> 
     </span>
    </p>
   </div>
   <div class='ocr_carea' id='block_1_14' title="bbox 254 1462 1838 1545">
    <p class='ocr_par' dir='ltr' id='par_1_14' title="bbox 254 1462 1838 1545">
     <span class='ocr_line' id='line_1_14' title="bbox 254 1462 1838 1545; baseline -0.008 -14"><span class='ocrx_word' id='word_1_86' title='bbox 254 1475 409 1545; x_wconf 87' lang='lat' dir='ltr'><strong>cujus</strong></span> <span class='ocrx_word' id='word_1_87' title='bbox 439 1488 661 1529; x_wconf 84' lang='lat' dir='ltr'><strong>uxorem</strong></span> <span class='ocrx_word' id='word_1_88' title='bbox 690 1462 848 1541; x_wconf 81' lang='lat' dir='ltr'><strong>quam</strong></span> <span class='ocrx_word' id='word_1_89' title='bbox 877 1469 1080 1525; x_wconf 86' lang='lat' dir='ltr'><strong>redemi</strong></span> <span class='ocrx_word' id='word_1_90' title='bbox 1109 1478 1164 1524; x_wconf 92' lang='lat' dir='ltr'><strong>et</strong></span> <span class='ocrx_word' id='word_1_91' title='bbox 1192 1467 1496 1533; x_wconf 88' lang='lat' dir='ltr'><strong>manumisi,</strong></span> <span class='ocrx_word' id='word_1_92' title='bbox 1519 1464 1838 1521; x_wconf 88' lang='lat' dir='ltr'><strong>commendo</strong></span> 
     </span>
    </p>
   </div>
   <div class='ocr_carea' id='block_1_15' title="bbox 257 1557 1837 1634">
    <p class='ocr_par' dir='ltr' id='par_1_15' title="bbox 257 1557 1837 1634">
     <span class='ocr_line' id='line_1_15' title="bbox 257 1557 1837 1634; baseline -0.007 -15"><span class='ocrx_word' id='word_1_93' title='bbox 257 1565 544 1634; x_wconf 86' lang='lat' dir='ltr'><strong>ingenuam</strong></span> <span class='ocrx_word' id='word_1_94' title='bbox 593 1561 1010 1619; x_wconf 82' lang='lat' dir='ltr'><strong>defendendam.</strong></span> <span class='ocrx_word' id='word_1_95' title='bbox 1061 1557 1444 1613; x_wconf 89' lang='lat' dir='ltr'><strong>Bebrimodum</strong></span> <span class='ocrx_word' id='word_1_96' title='bbox 1492 1566 1550 1611; x_wconf 88' lang='lat' dir='ltr'><strong>ct</strong></span> <span class='ocrx_word' id='word_1_97' title='bbox 1614 1570 1837 1610; x_wconf 78' lang='lat' dir='ltr'><strong>uxorem</strong></span> 
     </span>
    </p>
   </div>
   <div class='ocr_carea' id='block_1_16' title="bbox 257 1645 1841 1711">
    <p class='ocr_par' dir='ltr' id='par_1_16' title="bbox 257 1645 1841 1711">
     <span class='ocr_line' id='line_1_16' title="bbox 257 1645 1841 1711; baseline -0.008 0"><span class='ocrx_word' id='word_1_98' title='bbox 257 1670 410 1711; x_wconf 91' lang='lat' dir='ltr'><strong>suam</strong></span> <span class='ocrx_word' id='word_1_99' title='bbox 436 1653 641 1709; x_wconf 84' lang='lat' dir='ltr'><strong>Moram</strong></span> <span class='ocrx_word' id='word_1_100' title='bbox 679 1662 771 1708; x_wconf 85' lang='lat' dir='ltr'><strong>tuo</strong></span> <span class='ocrx_word' id='word_1_101' title='bbox 798 1650 1037 1707; x_wconf 91' lang='lat' dir='ltr'><strong>dominio</strong></span> <span class='ocrx_word' id='word_1_102' title='bbox 1085 1649 1397 1704; x_wconf 89' lang='lat' dir='ltr'><strong>vindicabis.</strong></span> <span class='ocrx_word' id='word_1_103' title='bbox 1452 1646 1649 1702; x_wconf 88' lang='lat' dir='ltr'><strong>Eorum</strong></span> <span class='ocrx_word' id='word_1_104' title='bbox 1703 1645 1841 1699; x_wconf 80' lang='lat' dir='ltr'><strong>filius</strong></span> 
     </span>
    </p>
   </div>
   <div class='ocr_carea' id='block_1_17' title="bbox 259 1734 1840 1812">
    <p class='ocr_par' dir='ltr' id='par_1_17' title="bbox 259 1734 1840 1812">
     <span class='ocr_line' id='line_1_17' title="bbox 259 1734 1840 1812; baseline -0.008 -12"><span class='ocrx_word' id='word_1_105' title='bbox 259 1744 636 1801; x_wconf 78' lang='lat' dir='ltr'><strong>Monacharius</strong></span> <span class='ocrx_word' id='word_1_106' title='bbox 664 1741 1019 1812; x_wconf 89' lang='lat' dir='ltr'><strong>gratulabitur</strong></span> <span class='ocrx_word' id='word_1_107' title='bbox 1064 1739 1327 1794; x_wconf 77' lang='lat' dir='ltr'><strong>beneficio</strong></span> <span class='ocrx_word' id='word_1_108' title='bbox 1377 1736 1659 1791; x_wconf 81' lang='lat' dir='ltr'><strong>libertatis.</strong></span> <span class='ocrx_word' id='word_1_109' title='bbox 1711 1734 1840 1788; x_wconf 83' lang='lat' dir='ltr'><strong>Mcl-</strong></span> 
     </span>
    </p>
   </div>
   <div class='ocr_carea' id='block_1_18' title="bbox 260 1825 1839 1892">
    <p class='ocr_par' dir='ltr' id='par_1_18' title="bbox 260 1825 1839 1892">
     <span class='ocr_line' id='line_1_18' title="bbox 260 1825 1839 1892; baseline -0.007 -3"><span class='ocrx_word' id='word_1_110' title='bbox 260 1835 520 1892; x_wconf 90' lang='lat' dir='ltr'><strong>lanricum</strong></span> <span class='ocrx_word' id='word_1_111' title='bbox 548 1841 603 1888; x_wconf 90' lang='lat' dir='ltr'><strong>et</strong></span> <span class='ocrx_word' id='word_1_112' title='bbox 631 1847 853 1887; x_wconf 83' lang='lat' dir='ltr'><strong>uxorem</strong></span> <span class='ocrx_word' id='word_1_113' title='bbox 882 1845 1031 1885; x_wconf 88' lang='lat' dir='ltr'><strong>suam</strong></span> <span class='ocrx_word' id='word_1_114' title='bbox 1055 1828 1343 1884; x_wconf 89' lang='lat' dir='ltr'><strong>Placidiam</strong></span> <span class='ocrx_word' id='word_1_115' title='bbox 1371 1827 1438 1881; x_wconf 92' lang='lat' dir='ltr'><strong>ad</strong></span> <span class='ocrx_word' id='word_1_116' title='bbox 1473 1834 1622 1880; x_wconf 91' lang='lat' dir='ltr'><strong>tuum</strong></span> <span class='ocrx_word' id='word_1_117' title='bbox 1663 1825 1839 1880; x_wconf 90' lang='lat' dir='ltr'><strong>domi-</strong></span> 
     </span>
    </p>
   </div>
   <div class='ocr_carea' id='block_1_19' title="bbox 1928 641 3502 707">
    <p class='ocr_par' dir='ltr' id='par_1_19' title="bbox 1928 641 3502 707">
     <span class='ocr_line' id='line_1_19' title="bbox 1928 641 3502 707; baseline -0.001 -8"><span class='ocrx_word' id='word_1_118' title='bbox 1928 642 2111 699; x_wconf 90' lang='lat' dir='ltr'><strong>leifum</strong></span> <span class='ocrx_word' id='word_1_119' title='bbox 2140 642 2305 699; x_wconf 87' lang='lat' dir='ltr'><strong>lilium</strong></span> <span class='ocrx_word' id='word_1_120' title='bbox 2336 643 2600 699; x_wconf 90' lang='lat' dir='ltr'><strong>Tottionis</strong></span> <span class='ocrx_word' id='word_1_121' title='bbox 2632 659 2645 696; x_wconf 89' lang='lat'><strong>:</strong></span> <span class='ocrx_word' id='word_1_122' title='bbox 2680 641 2781 698; x_wconf 90' lang='lat' dir='ltr'><strong>bos</strong></span> <span class='ocrx_word' id='word_1_123' title='bbox 2822 651 2993 707; x_wconf 85' lang='lat' dir='ltr'><strong>tutos,</strong></span> <span class='ocrx_word' id='word_1_124' title='bbox 3029 642 3099 697; x_wconf 84' lang='lat' dir='ltr'><strong>fili</strong></span> <span class='ocrx_word' id='word_1_125' title='bbox 3148 642 3328 698; x_wconf 79' lang='lat' dir='ltr'><strong>fratris</strong></span> <span class='ocrx_word' id='word_1_126' title='bbox 3374 644 3502 706; x_wconf 89' lang='lat' dir='ltr'><strong>mei,</strong></span> 
     </span>
    </p>
   </div>
   <div class='ocr_carea' id='block_1_20' title="bbox 1930 733 3509 815">
    <p class='ocr_par' dir='ltr' id='par_1_20' title="bbox 1930 733 3509 815">
     <span class='ocr_line' id='line_1_20' title="bbox 1930 733 3509 815; baseline 0 -26"><span class='ocrx_word' id='word_1_127' title='bbox 1930 734 2078 806; x_wconf 89' lang='lat' dir='ltr'><strong>Lupe</strong></span> <span class='ocrx_word' id='word_1_128' title='bbox 2106 736 2374 804; x_wconf 88' lang='lat' dir='ltr'><strong>episcope,</strong></span> <span class='ocrx_word' id='word_1_129' title='bbox 2396 734 2716 815; x_wconf 71' lang='lat' dir='ltr'><strong>sacerdotali</strong></span> <span class='ocrx_word' id='word_1_130' title='bbox 2746 735 3069 789; x_wconf 82' lang='lat' dir='ltr'><strong>auctoritate</strong></span> <span class='ocrx_word' id='word_1_131' title='bbox 3093 733 3294 790; x_wconf 90' lang='lat' dir='ltr'><strong>liberos</strong></span> <span class='ocrx_word' id='word_1_132' title='bbox 3320 735 3509 791; x_wconf 85' lang='lat' dir='ltr'><strong>defen-</strong></span> 
     </span>
    </p>
   </div>
   <div class='ocr_carea' id='block_1_21' title="bbox 1929 824 3511 884">
    <p class='ocr_par' dir='ltr' id='par_1_21' title="bbox 1929 824 3511 884">
     <span class='ocr_line' id='line_1_21' title="bbox 1929 824 3511 884; baseline 0.001 -4"><span class='ocrx_word' id='word_1_133' title='bbox 1929 826 2094 884; x_wconf 87' lang='lat' dir='ltr'><strong>sabis.</strong></span> <span class='ocrx_word' id='word_1_134' title='bbox 2127 824 2245 880; x_wconf 88' lang='lat' dir='ltr'><strong>Tibi</strong></span> <span class='ocrx_word' id='word_1_135' title='bbox 2271 833 2449 880; x_wconf 90' lang='lat' dir='ltr'><strong>autem</strong></span> <span class='ocrx_word' id='word_1_136' title='bbox 2472 824 2669 879; x_wconf 76' lang='lat' dir='ltr'><strong>hznredi</strong></span> <span class='ocrx_word' id='word_1_137' title='bbox 2697 840 2830 880; x_wconf 72' lang='lat' dir='ltr'><strong>mete</strong></span> <span class='ocrx_word' id='word_1_138' title='bbox 2855 826 3096 882; x_wconf 72' lang='lat' dir='ltr'><strong>ecclesia:</strong></span> <span class='ocrx_word' id='word_1_139' title='bbox 3118 825 3430 881; x_wconf 85' lang='lat' dir='ltr'><strong>Flavianum</strong></span> <span class='ocrx_word' id='word_1_140' title='bbox 3455 836 3511 881; x_wconf 90' lang='lat' dir='ltr'><strong>et</strong></span> 
     </span>
    </p>
   </div>
   <div class='ocr_carea' id='block_1_22' title="bbox 1932 916 3510 987">
    <p class='ocr_par' dir='ltr' id='par_1_22' title="bbox 1932 916 3510 987">
     <span class='ocr_line' id='line_1_22' title="bbox 1932 916 3510 987; baseline 0.003 -17"><span class='ocrx_word' id='word_1_141' title='bbox 1932 932 2152 972; x_wconf 81' lang='lat' dir='ltr'><strong>uxorem</strong></span> <span class='ocrx_word' id='word_1_142' title='bbox 2198 932 2350 971; x_wconf 88' lang='lat' dir='ltr'><strong>suam</strong></span> <span class='ocrx_word' id='word_1_143' title='bbox 2397 916 2763 987; x_wconf 82' lang='lat' dir='ltr'><strong>Sparagildem</strong></span> <span class='ocrx_word' id='word_1_144' title='bbox 2793 918 2937 973; x_wconf 86' lang='lat' dir='ltr'><strong>dono</strong></span> <span class='ocrx_word' id='word_1_145' title='bbox 2977 936 2989 971; x_wconf 92' lang='lat'><strong>:</strong></span> <span class='ocrx_word' id='word_1_146' title='bbox 3059 934 3248 973; x_wconf 89' lang='lat' dir='ltr'><strong>eorum</strong></span> <span class='ocrx_word' id='word_1_147' title='bbox 3290 919 3510 975; x_wconf 83' lang='lat' dir='ltr'><strong>filiolam</strong></span> 
     </span>
    </p>
   </div>
   <div class='ocr_carea' id='block_1_23' title="bbox 1932 1007 3515 1077">
    <p class='ocr_par' dir='ltr' id='par_1_23' title="bbox 1932 1007 3515 1077">
     <span class='ocr_line' id='line_1_23' title="bbox 1932 1007 3515 1077; baseline 0.004 -17"><span class='ocrx_word' id='word_1_148' title='bbox 1932 1008 2212 1077; x_wconf 85' lang='lat' dir='ltr'><strong>parvulam</strong></span> <span class='ocrx_word' id='word_1_149' title='bbox 2242 1007 2648 1063; x_wconf 86' lang='lat' dir='ltr'><strong>Flavarasevam</strong></span> <span class='ocrx_word' id='word_1_150' title='bbox 2674 1008 2896 1063; x_wconf 87' lang='lat' dir='ltr'><strong>liberam</strong></span> <span class='ocrx_word' id='word_1_151' title='bbox 2922 1025 3046 1067; x_wconf 87' lang='lat' dir='ltr'><strong>esse</strong></span> <span class='ocrx_word' id='word_1_152' title='bbox 3089 1010 3361 1064; x_wconf 81' lang='lat' dir='ltr'><strong>constitui.</strong></span> <span class='ocrx_word' id='word_1_153' title='bbox 3411 1010 3515 1066; x_wconf 50' lang='lat' dir='ltr'><strong>Fea</strong></span> 
     </span>
    </p>
   </div>
   <div class='ocr_carea' id='block_1_24' title="bbox 1934 1094 3513 1170">
    <p class='ocr_par' dir='ltr' id='par_1_24' title="bbox 1934 1094 3513 1170">
     <span class='ocr_line' id='line_1_24' title="bbox 1934 1094 3513 1170; baseline 0.003 -21"><span class='ocrx_word' id='word_1_154' title='bbox 1934 1094 2169 1151; x_wconf 90' lang='lat' dir='ltr'><strong>damiam</strong></span> <span class='ocrx_word' id='word_1_155' title='bbox 2193 1113 2417 1153; x_wconf 81' lang='lat' dir='ltr'><strong>uxorem</strong></span> <span class='ocrx_word' id='word_1_156' title='bbox 2454 1097 2685 1163; x_wconf 82' lang='lat' dir='ltr'><strong>Melanii,</strong></span> <span class='ocrx_word' id='word_1_157' title='bbox 2726 1107 2781 1152; x_wconf 89' lang='lat' dir='ltr'><strong>et</strong></span> <span class='ocrx_word' id='word_1_158' title='bbox 2822 1113 3009 1153; x_wconf 91' lang='lat' dir='ltr'><strong>eorum</strong></span> <span class='ocrx_word' id='word_1_159' title='bbox 3059 1101 3357 1170; x_wconf 83' lang='lat' dir='ltr'><strong>parvulam,</strong></span> <span class='ocrx_word' id='word_1_160' title='bbox 3408 1100 3513 1154; x_wconf 83' lang='lat' dir='ltr'><strong>Re-</strong></span> 
     </span>
    </p>
   </div>
   <div class='ocr_carea' id='block_1_25' title="bbox 1936 1189 3514 1261">
    <p class='ocr_par' dir='ltr' id='par_1_25' title="bbox 1936 1189 3514 1261">
     <span class='ocr_line' id='line_1_25' title="bbox 1936 1189 3514 1261; baseline 0.003 -19"><span class='ocrx_word' id='word_1_161' title='bbox 1936 1203 2149 1244; x_wconf 90' lang='lat' dir='ltr'><strong>menses</strong></span> <span class='ocrx_word' id='word_1_162' title='bbox 2176 1189 2473 1261; x_wconf 78' lang='lat' dir='ltr'><strong>presbyteri</strong></span> <span class='ocrx_word' id='word_1_163' title='bbox 2497 1197 2553 1242; x_wconf 91' lang='lat' dir='ltr'><strong>et</strong></span> <span class='ocrx_word' id='word_1_164' title='bbox 2578 1189 2793 1244; x_wconf 90' lang='lat' dir='ltr'><strong>diaconi</strong></span> <span class='ocrx_word' id='word_1_165' title='bbox 2834 1189 3202 1260; x_wconf 88' lang='lat' dir='ltr'><strong>possidebunt.</strong></span> <span class='ocrx_word' id='word_1_166' title='bbox 3250 1189 3514 1261; x_wconf 87' lang='lat' dir='ltr'><strong>Cispicio-</strong></span> 
     </span>
    </p>
   </div>
   <div class='ocr_carea' id='block_1_26' title="bbox 1936 1280 3512 1352">
    <p class='ocr_par' dir='ltr' id='par_1_26' title="bbox 1936 1280 3512 1352">
     <span class='ocr_line' id='line_1_26' title="bbox 1936 1280 3512 1352; baseline 0.002 -18"><span class='ocrx_word' id='word_1_167' title='bbox 1936 1280 2048 1335; x_wconf 90' lang='lat' dir='ltr'><strong>lum</strong></span> <span class='ocrx_word' id='word_1_168' title='bbox 2075 1280 2326 1336; x_wconf 90' lang='lat' dir='ltr'><strong>colonum</strong></span> <span class='ocrx_word' id='word_1_169' title='bbox 2357 1281 2583 1335; x_wconf 91' lang='lat' dir='ltr'><strong>liberum</strong></span> <span class='ocrx_word' id='word_1_170' title='bbox 2611 1294 2729 1335; x_wconf 89' lang='lat' dir='ltr'><strong>esse</strong></span> <span class='ocrx_word' id='word_1_171' title='bbox 2756 1280 3032 1351; x_wconf 68' lang='lat' dir='ltr'><strong>praecipio,</strong></span> <span class='ocrx_word' id='word_1_172' title='bbox 3057 1291 3113 1336; x_wconf 91' lang='lat' dir='ltr'><strong>et</strong></span> <span class='ocrx_word' id='word_1_173' title='bbox 3140 1281 3212 1335; x_wconf 84' lang='lat' dir='ltr'><strong>ad</strong></span> <span class='ocrx_word' id='word_1_174' title='bbox 3258 1292 3512 1352; x_wconf 87' lang='lat' dir='ltr'><strong>nepotem</strong></span> 
     </span>
    </p>
   </div>
   <div class='ocr_carea' id='block_1_27' title="bbox 1900 1369 3516 1444">
    <p class='ocr_par' dir='ltr' id='par_1_27' title="bbox 1900 1369 3516 1444">
     <span class='ocr_line' id='line_1_27' title="bbox 1900 1369 3516 1444; baseline 0.004 -21"><span class='ocrx_word' id='word_1_175' title='bbox 1900 1416 1908 1423; x_wconf 94' lang='lat'><strong>.</strong></span> <span class='ocrx_word' id='word_1_176' title='bbox 1938 1386 2116 1427; x_wconf 92' lang='lat' dir='ltr'><strong>meum</strong></span> <span class='ocrx_word' id='word_1_177' title='bbox 2145 1369 2357 1426; x_wconf 86' lang='lat' dir='ltr'><strong>Aetium</strong></span> <span class='ocrx_word' id='word_1_178' title='bbox 2381 1370 2496 1440; x_wconf 86' lang='lat' dir='ltr'><strong>ejus</strong></span> <span class='ocrx_word' id='word_1_179' title='bbox 2518 1370 2772 1426; x_wconf 88' lang='lat' dir='ltr'><strong>familiam</strong></span> <span class='ocrx_word' id='word_1_180' title='bbox 2795 1372 3085 1442; x_wconf 89' lang='lat' dir='ltr'><strong>pertinere,</strong></span> <span class='ocrx_word' id='word_1_181' title='bbox 3114 1373 3179 1427; x_wconf 90' lang='lat' dir='ltr'><strong>ad</strong></span> <span class='ocrx_word' id='word_1_182' title='bbox 3210 1382 3516 1444; x_wconf 88' lang='lat' dir='ltr'><strong>utrumque,</strong></span> 
     </span>
    </p>
   </div>
   <div class='ocr_carea' id='block_1_28' title="bbox 1939 1462 3519 1534">
    <p class='ocr_par' dir='ltr' id='par_1_28' title="bbox 1939 1462 3519 1534">
     <span class='ocr_line' id='line_1_28' title="bbox 1939 1462 3519 1534; baseline 0.003 -18"><span class='ocrx_word' id='word_1_183' title='bbox 1939 1462 1992 1517; x_wconf 91' lang='lat' dir='ltr'><strong>id</strong></span> <span class='ocrx_word' id='word_1_184' title='bbox 2015 1471 2117 1528; x_wconf 91' lang='lat' dir='ltr'><strong>est,</strong></span> <span class='ocrx_word' id='word_1_185' title='bbox 2147 1462 2213 1517; x_wconf 91' lang='lat' dir='ltr'><strong>ad</strong></span> <span class='ocrx_word' id='word_1_186' title='bbox 2244 1462 2456 1517; x_wconf 88' lang='lat' dir='ltr'><strong>Aetium</strong></span> <span class='ocrx_word' id='word_1_187' title='bbox 2487 1473 2542 1518; x_wconf 91' lang='lat' dir='ltr'><strong>et</strong></span> <span class='ocrx_word' id='word_1_188' title='bbox 2570 1464 2976 1532; x_wconf 88' lang='lat' dir='ltr'><strong>Agatbimerum</strong></span> <span class='ocrx_word' id='word_1_189' title='bbox 3006 1466 3289 1534; x_wconf 85' lang='lat' dir='ltr'><strong>pervenire</strong></span> <span class='ocrx_word' id='word_1_190' title='bbox 3310 1467 3519 1521; x_wconf 86' lang='lat' dir='ltr'><strong>coloni—</strong></span> 
     </span>
    </p>
   </div>
   <div class='ocr_carea' id='block_1_29' title="bbox 1940 1555 3519 1627">
    <p class='ocr_par' dir='ltr' id='par_1_29' title="bbox 1940 1555 3519 1627">
     <span class='ocr_line' id='line_1_29' title="bbox 1940 1555 3519 1627; baseline 0.001 -16"><span class='ocrx_word' id='word_1_191' title='bbox 1940 1572 2058 1611; x_wconf 86' lang='lat' dir='ltr'><strong>cam</strong></span> <span class='ocrx_word' id='word_1_192' title='bbox 2094 1557 2419 1612; x_wconf 89' lang='lat' dir='ltr'><strong>Passiacum.</strong></span> <span class='ocrx_word' id='word_1_193' title='bbox 2470 1555 2759 1627; x_wconf 86' lang='lat' dir='ltr'><strong>Pronepoti</strong></span> <span class='ocrx_word' id='word_1_194' title='bbox 2805 1572 2938 1612; x_wconf 78' lang='lat' dir='ltr'><strong>mea:</strong></span> <span class='ocrx_word' id='word_1_195' title='bbox 2987 1556 3322 1612; x_wconf 73' lang='lat' dir='ltr'><strong>Prmlexlatac</strong></span> <span class='ocrx_word' id='word_1_196' title='bbox 3374 1557 3519 1613; x_wconf 85' lang='lat' dir='ltr'><strong>dono</strong></span> 
     </span>
    </p>
   </div>
   <div class='ocr_carea' id='block_1_30' title="bbox 1942 1645 3520 1716">
    <p class='ocr_par' dir='ltr' id='par_1_30' title="bbox 1942 1645 3520 1716">
     <span class='ocr_line' id='line_1_30' title="bbox 1942 1645 3520 1716; baseline 0.001 -16"><span class='ocrx_word' id='word_1_197' title='bbox 1942 1646 2367 1703; x_wconf 83' lang='lat' dir='ltr'><strong>Modorosevam.</strong></span> <span class='ocrx_word' id='word_1_198' title='bbox 2418 1645 2725 1713; x_wconf 84' lang='lat' dir='ltr'><strong>Profuturo,</strong></span> <span class='ocrx_word' id='word_1_199' title='bbox 2797 1648 3224 1703; x_wconf 88' lang='lat' dir='ltr'><strong>Leudocharinm</strong></span> <span class='ocrx_word' id='word_1_200' title='bbox 3290 1663 3520 1716; x_wconf 88' lang='lat' dir='ltr'><strong>puermn</strong></span> 
     </span>
    </p>
   </div>
   <div class='ocr_carea' id='block_1_31' title="bbox 1944 1733 3516 1809">
    <p class='ocr_par' dir='ltr' id='par_1_31' title="bbox 1944 1733 3516 1809">
     <span class='ocr_line' id='line_1_31' title="bbox 1944 1733 3516 1809; baseline -0.001 -17"><span class='ocrx_word' id='word_1_201' title='bbox 1944 1738 2116 1794; x_wconf 82' lang='lat' dir='ltr'><strong>trado.</strong></span> <span class='ocrx_word' id='word_1_202' title='bbox 2148 1733 2442 1794; x_wconf 77' lang='lat' dir='ltr'><strong>Profuturm</strong></span> <span class='ocrx_word' id='word_1_203' title='bbox 2486 1739 2601 1793; x_wconf 89' lang='lat' dir='ltr'><strong>dari</strong></span> <span class='ocrx_word' id='word_1_204' title='bbox 2644 1739 2809 1809; x_wconf 90' lang='lat' dir='ltr'><strong>jubeo</strong></span> <span class='ocrx_word' id='word_1_205' title='bbox 2854 1738 3241 1794; x_wconf 84' lang='lat' dir='ltr'><strong>Leudoveram.</strong></span> <span class='ocrx_word' id='word_1_206' title='bbox 3300 1738 3516 1806; x_wconf 83' lang='lat' dir='ltr'><strong>Lugdu-</strong></span> 
     </span>
    </p>
   </div>
   <div class='ocr_carea' id='block_1_32' title="bbox 1947 1826 3521 1903">
    <p class='ocr_par' dir='ltr' id='par_1_32' title="bbox 1947 1826 3521 1903">
     <span class='ocr_line' id='line_1_32' title="bbox 1947 1826 3521 1903; baseline 0.003 -20"><span class='ocrx_word' id='word_1_207' title='bbox 1947 1830 2201 1885; x_wconf 88' lang='lat' dir='ltr'><strong>nensibus</strong></span> <span class='ocrx_word' id='word_1_208' title='bbox 2221 1826 2657 1898; x_wconf 80' lang='lat' dir='ltr'><strong>subdiaconibus,</strong></span> <span class='ocrx_word' id='word_1_209' title='bbox 2683 1831 2991 1896; x_wconf 88' lang='lat' dir='ltr'><strong>lectoribus,</strong></span> <span class='ocrx_word' id='word_1_210' title='bbox 3019 1832 3255 1887; x_wconf 83' lang='lat' dir='ltr'><strong>ostiariis</strong></span> <span class='ocrx_word' id='word_1_211' title='bbox 3278 1841 3333 1888; x_wconf 89' lang='lat' dir='ltr'><strong>et</strong></span> <span class='ocrx_word' id='word_1_212' title='bbox 3349 1832 3521 1903; x_wconf 90' lang='lat' dir='ltr'><strong>junio-</strong></span> 
     </span>
    </p>
   </div>
   <div class='ocr_carea' id='block_1_33' title="bbox 259 1919 3521 1994">
    <p class='ocr_par' dir='ltr' id='par_1_33' title="bbox 259 1919 3521 1994">
     <span class='ocr_line' id='line_1_33' title="bbox 259 1919 3521 1994; baseline -0.001 -11"><span class='ocrx_word' id='word_1_213' title='bbox 259 1930 409 1984; x_wconf 90' lang='lat' dir='ltr'><strong>nium</strong></span> <span class='ocrx_word' id='word_1_214' title='bbox 439 1927 720 1983; x_wconf 89' lang='lat' dir='ltr'><strong>revocabis</strong></span> <span class='ocrx_word' id='word_1_215' title='bbox 747 1942 760 1978; x_wconf 88' lang='lat'><strong>:</strong></span> <span class='ocrx_word' id='word_1_216' title='bbox 792 1924 1094 1980; x_wconf 75' lang='lat' dir='ltr'><strong>Medaridus</strong></span> <span class='ocrx_word' id='word_1_217' title='bbox 1124 1937 1310 1977; x_wconf 89' lang='lat' dir='ltr'><strong>eorum</strong></span> <span class='ocrx_word' id='word_1_218' title='bbox 1332 1921 1470 1975; x_wconf 78' lang='lat' dir='ltr'><strong>filius</strong></span> <span class='ocrx_word' id='word_1_219' title='bbox 1496 1920 1565 1974; x_wconf 88' lang='lat' dir='ltr'><strong>sit</strong></span> <span class='ocrx_word' id='word_1_220' title='bbox 1594 1919 1838 1973; x_wconf 88' lang='lat' dir='ltr'><strong>libertus.</strong></span> <span class='ocrx_word' id='word_1_221' title='bbox 1876 1936 1919 1994; x_wconf 76' lang='grc' dir='ltr'><strong>Β</strong></span> <span class='ocrx_word' id='word_1_222' title='bbox 1945 1920 2091 1975; x_wconf 90' lang='lat' dir='ltr'><strong>ribus</strong></span> <span class='ocrx_word' id='word_1_223' title='bbox 2118 1928 2352 1989; x_wconf 88' lang='lat' dir='ltr'><strong>quatuor</strong></span> <span class='ocrx_word' id='word_1_224' title='bbox 2368 1920 2570 1977; x_wconf 92' lang='lat' dir='ltr'><strong>solidos</strong></span> <span class='ocrx_word' id='word_1_225' title='bbox 2598 1920 2932 1992; x_wconf 87' lang='lat' dir='ltr'><strong>derelinquo.</strong></span> <span class='ocrx_word' id='word_1_226' title='bbox 2962 1921 3294 1992; x_wconf 87' lang='lat' dir='ltr'><strong>Pauperibus</strong></span> <span class='ocrx_word' id='word_1_227' title='bbox 3322 1923 3373 1978; x_wconf 91' lang='lat' dir='ltr'><strong>in</strong></span> <span class='ocrx_word' id='word_1_228' title='bbox 3405 1939 3521 1979; x_wconf 89' lang='lat' dir='ltr'><strong>ma-</strong></span> 
     </span>
    </p>
   </div>
   <div class='ocr_carea' id='block_1_34' title="bbox 260 2009 1841 2085">
    <p class='ocr_par' dir='ltr' id='par_1_34' title="bbox 260 2009 1841 2085">
     <span class='ocr_line' id='line_1_34' title="bbox 260 2009 1841 2085; baseline -0.006 -14"><span class='ocrx_word' id='word_1_229' title='bbox 260 2017 487 2072; x_wconf 79' lang='lat' dir='ltr'><strong>Vineam</strong></span> <span class='ocrx_word' id='word_1_230' title='bbox 514 2030 673 2085; x_wconf 90' lang='lat' dir='ltr'><strong>quam</strong></span> <span class='ocrx_word' id='word_1_231' title='bbox 704 2014 1009 2069; x_wconf 84' lang='lat' dir='ltr'><strong>Mellaricus</strong></span> <span class='ocrx_word' id='word_1_232' title='bbox 1045 2011 1288 2081; x_wconf 84' lang='lat' dir='ltr'><strong>Lugduni</strong></span> <span class='ocrx_word' id='word_1_233' title='bbox 1336 2010 1480 2074; x_wconf 90' lang='lat' dir='ltr'><strong>facit,</strong></span> <span class='ocrx_word' id='word_1_234' title='bbox 1532 2010 1629 2064; x_wconf 87' lang='lat' dir='ltr'><strong>tibi</strong></span> <span class='ocrx_word' id='word_1_235' title='bbox 1677 2009 1841 2074; x_wconf 89' lang='lat' dir='ltr'><strong>dono,</strong></span> 
     </span>
    </p>
   </div>
   <div class='ocr_carea' id='block_1_35' title="bbox 261 2096 1843 2180">
    <p class='ocr_par' dir='ltr' id='par_1_35' title="bbox 261 2096 1843 2180">
     <span class='ocr_line' id='line_1_35' title="bbox 261 2096 1843 2180; baseline -0.006 -20"><span class='ocrx_word' id='word_1_236' title='bbox 261 2105 666 2161; x_wconf 88' lang='lat' dir='ltr'><strong>Brittobandem</strong></span> <span class='ocrx_word' id='word_1_237' title='bbox 696 2119 908 2159; x_wconf 89' lang='lat' dir='ltr'><strong>servum</strong></span> <span class='ocrx_word' id='word_1_238' title='bbox 931 2116 1131 2165; x_wconf 91' lang='lat' dir='ltr'><strong>meum,</strong></span> <span class='ocrx_word' id='word_1_239' title='bbox 1164 2114 1265 2155; x_wconf 90' lang='lat' dir='ltr'><strong>nec</strong></span> <span class='ocrx_word' id='word_1_240' title='bbox 1294 2115 1402 2154; x_wconf 91' lang='lat' dir='ltr'><strong>non</strong></span> <span class='ocrx_word' id='word_1_241' title='bbox 1429 2099 1592 2153; x_wconf 90' lang='lat' dir='ltr'><strong>etiam</strong></span> <span class='ocrx_word' id='word_1_242' title='bbox 1628 2096 1843 2180; x_wconf 59' lang='lat' dir='ltr'><strong>GiberL</strong></span> 
     </span>
    </p>
   </div>
   <div class='ocr_carea' id='block_1_36' title="bbox 261 2191 1845 2264">
    <p class='ocr_par' dir='ltr' id='par_1_36' title="bbox 261 2191 1845 2264">
     <span class='ocr_line' id='line_1_36' title="bbox 261 2191 1845 2264; baseline -0.005 -12"><span class='ocrx_word' id='word_1_243' title='bbox 261 2214 407 2252; x_wconf 86' lang='lat' dir='ltr'><strong>cum.</strong></span> <span class='ocrx_word' id='word_1_244' title='bbox 443 2198 663 2251; x_wconf 75' lang='lat' dir='ltr'><strong>Vineam</strong></span> <span class='ocrx_word' id='word_1_245' title='bbox 695 2210 857 2264; x_wconf 87' lang='lat' dir='ltr'><strong>quam</strong></span> <span class='ocrx_word' id='word_1_246' title='bbox 887 2192 1240 2263; x_wconf 83' lang='lat' dir='ltr'><strong>Bebrimodus</strong></span> <span class='ocrx_word' id='word_1_247' title='bbox 1283 2191 1428 2254; x_wconf 89' lang='lat' dir='ltr'><strong>facit,</strong></span> <span class='ocrx_word' id='word_1_248' title='bbox 1478 2191 1572 2245; x_wconf 89' lang='lat' dir='ltr'><strong>tibi</strong></span> <span class='ocrx_word' id='word_1_249' title='bbox 1622 2200 1845 2245; x_wconf 89' lang='lat' dir='ltr'><strong>eatenus</strong></span> 
     </span>
    </p>
   </div>
   <div class='ocr_carea' id='block_1_37' title="bbox 261 2280 1846 2357">
    <p class='ocr_par' dir='ltr' id='par_1_37' title="bbox 261 2280 1846 2357">
     <span class='ocr_line' id='line_1_37' title="bbox 261 2280 1846 2357; baseline -0.006 -14"><span class='ocrx_word' id='word_1_250' title='bbox 261 2288 600 2357; x_wconf 76' lang='lat' dir='ltr'><strong>derelinquo,</strong></span> <span class='ocrx_word' id='word_1_251' title='bbox 634 2295 692 2340; x_wconf 91' lang='lat' dir='ltr'><strong>ut</strong></span> <span class='ocrx_word' id='word_1_252' title='bbox 735 2284 926 2339; x_wconf 89' lang='lat' dir='ltr'><strong>diebus</strong></span> <span class='ocrx_word' id='word_1_253' title='bbox 966 2284 1115 2340; x_wconf 66' lang='lat' dir='ltr'><strong>festis</strong></span> <span class='ocrx_word' id='word_1_254' title='bbox 1163 2293 1217 2337; x_wconf 88' lang='lat' dir='ltr'><strong>et</strong></span> <span class='ocrx_word' id='word_1_255' title='bbox 1262 2282 1511 2337; x_wconf 84' lang='lat' dir='ltr'><strong>omnibus</strong></span> <span class='ocrx_word' id='word_1_256' title='bbox 1564 2280 1846 2335; x_wconf 88' lang='lat' dir='ltr'><strong>dominicis</strong></span> 
     </span>
    </p>
   </div>
   <div class='ocr_carea' id='block_1_38' title="bbox 261 2373 1846 2440">
    <p class='ocr_par' dir='ltr' id='par_1_38' title="bbox 261 2373 1846 2440">
     <span class='ocr_line' id='line_1_38' title="bbox 261 2373 1846 2440; baseline -0.008 -5"><span class='ocrx_word' id='word_1_257' title='bbox 261 2379 430 2435; x_wconf 85' lang='lat' dir='ltr'><strong>sacris</strong></span> <span class='ocrx_word' id='word_1_258' title='bbox 455 2377 712 2431; x_wconf 88' lang='lat' dir='ltr'><strong>altaribus</strong></span> <span class='ocrx_word' id='word_1_259' title='bbox 741 2391 862 2430; x_wconf 88' lang='lat' dir='ltr'><strong>mea</strong></span> <span class='ocrx_word' id='word_1_260' title='bbox 889 2374 1145 2429; x_wconf 77' lang='lat' dir='ltr'><strong>offeratur</strong></span> <span class='ocrx_word' id='word_1_261' title='bbox 1191 2373 1417 2439; x_wconf 89' lang='lat' dir='ltr'><strong>oblatio,</strong></span> <span class='ocrx_word' id='word_1_262' title='bbox 1457 2380 1617 2440; x_wconf 89' lang='lat' dir='ltr'><strong>atque</strong></span> <span class='ocrx_word' id='word_1_263' title='bbox 1669 2385 1846 2424; x_wconf 90' lang='lat' dir='ltr'><strong>annua</strong></span> 
     </span>
    </p>
   </div>
   <div class='ocr_carea' id='block_1_39' title="bbox 262 2461 1847 2536">
    <p class='ocr_par' dir='ltr' id='par_1_39' title="bbox 262 2461 1847 2536">
     <span class='ocr_line' id='line_1_39' title="bbox 262 2461 1847 2536; baseline -0.009 -9"><span class='ocrx_word' id='word_1_264' title='bbox 262 2470 508 2527; x_wconf 82' lang='lat' dir='ltr'><strong>convivia</strong></span> <span class='ocrx_word' id='word_1_265' title='bbox 539 2467 896 2522; x_wconf 82' lang='lat' dir='ltr'><strong>Remensibus</strong></span> <span class='ocrx_word' id='word_1_266' title='bbox 923 2464 1251 2536; x_wconf 83' lang='lat' dir='ltr'><strong>presbyteris</strong></span> <span class='ocrx_word' id='word_1_267' title='bbox 1278 2472 1334 2517; x_wconf 90' lang='lat' dir='ltr'><strong>et</strong></span> <span class='ocrx_word' id='word_1_268' title='bbox 1374 2461 1685 2516; x_wconf 89' lang='lat' dir='ltr'><strong>diaconibus</strong></span> <span class='ocrx_word' id='word_1_269' title='bbox 1711 2475 1847 2530; x_wconf 76' lang='lat' dir='ltr'><strong>pne—</strong></span> 
     </span>
    </p>
   </div>
   <div class='ocr_carea' id='block_1_40' title="bbox 263 2550 1845 2627">
    <p class='ocr_par' dir='ltr' id='par_1_40' title="bbox 263 2550 1845 2627">
     <span class='ocr_line' id='line_1_40' title="bbox 263 2550 1845 2627; baseline -0.009 -10"><span class='ocrx_word' id='word_1_270' title='bbox 263 2562 518 2623; x_wconf 86' lang='lat' dir='ltr'><strong>beantur;</strong></span> <span class='ocrx_word' id='word_1_271' title='bbox 551 2560 847 2627; x_wconf 77' lang='lat' dir='ltr'><strong>delcgoque</strong></span> <span class='ocrx_word' id='word_1_272' title='bbox 882 2556 1064 2625; x_wconf 87' lang='lat' dir='ltr'><strong>nepoti</strong></span> <span class='ocrx_word' id='word_1_273' title='bbox 1094 2569 1215 2608; x_wconf 92' lang='lat' dir='ltr'><strong>meo</strong></span> <span class='ocrx_word' id='word_1_274' title='bbox 1246 2553 1570 2607; x_wconf 73' lang='lat' dir='ltr'><strong>Prmtextato</strong></span> <span class='ocrx_word' id='word_1_275' title='bbox 1599 2550 1845 2605; x_wconf 83' lang='lat' dir='ltr'><strong>Modera-</strong></span> 
     </span>
    </p>
   </div>
   <div class='ocr_carea' id='block_1_41' title="bbox 265 2645 1847 2718">
    <p class='ocr_par' dir='ltr' id='par_1_41' title="bbox 265 2645 1847 2718">
     <span class='ocr_line' id='line_1_41' title="bbox 265 2645 1847 2718; baseline -0.008 -10"><span class='ocrx_word' id='word_1_276' title='bbox 265 2664 400 2718; x_wconf 88' lang='lat' dir='ltr'><strong>tum,</strong></span> <span class='ocrx_word' id='word_1_277' title='bbox 433 2651 765 2713; x_wconf 88' lang='lat' dir='ltr'><strong>Tottionem,</strong></span> <span class='ocrx_word' id='word_1_278' title='bbox 794 2648 1175 2707; x_wconf 86' lang='lat' dir='ltr'><strong>Marcovicum,</strong></span> <span class='ocrx_word' id='word_1_279' title='bbox 1205 2645 1576 2700; x_wconf 86' lang='lat' dir='ltr'><strong>Innocentium</strong></span> <span class='ocrx_word' id='word_1_280' title='bbox 1631 2659 1847 2698; x_wconf 81' lang='lat' dir='ltr'><strong>servum</strong></span> 
     </span>
    </p>
   </div>
   <div class='ocr_carea' id='block_1_42' title="bbox 268 2733 1849 2813">
    <p class='ocr_par' dir='ltr' id='par_1_42' title="bbox 268 2733 1849 2813">
     <span class='ocr_line' id='line_1_42' title="bbox 268 2733 1849 2813; baseline -0.007 -15"><span class='ocrx_word' id='word_1_281' title='bbox 268 2758 430 2813; x_wconf 88' lang='lat' dir='ltr'><strong>quem</strong></span> <span class='ocrx_word' id='word_1_282' title='bbox 459 2741 641 2809; x_wconf 86' lang='lat' dir='ltr'><strong>accepi</strong></span> <span class='ocrx_word' id='word_1_283' title='bbox 669 2756 699 2792; x_wconf 90' lang='lat' dir='ltr'><strong>a</strong></span> <span class='ocrx_word' id='word_1_284' title='bbox 730 2738 1014 2793; x_wconf 88' lang='lat' dir='ltr'><strong>Profuturo</strong></span> <span class='ocrx_word' id='word_1_285' title='bbox 1049 2736 1339 2805; x_wconf 82' lang='lat' dir='ltr'><strong>originario</strong></span> <span class='ocrx_word' id='word_1_286' title='bbox 1370 2750 1511 2797; x_wconf 92' lang='lat' dir='ltr'><strong>meo,</strong></span> <span class='ocrx_word' id='word_1_287' title='bbox 1545 2733 1849 2789; x_wconf 80' lang='lat' dir='ltr'><strong>cochlearia</strong></span> 
     </span>
    </p>
   </div>
   <div class='ocr_carea' id='block_1_43' title="bbox 266 2822 1849 2901">
    <p class='ocr_par' dir='ltr' id='par_1_43' title="bbox 266 2822 1849 2901">
     <span class='ocr_line' id='line_1_43' title="bbox 266 2822 1849 2901; baseline -0.006 -17"><span class='ocrx_word' id='word_1_288' title='bbox 266 2841 501 2901; x_wconf 87' lang='lat' dir='ltr'><strong>quatuor</strong></span> <span class='ocrx_word' id='word_1_289' title='bbox 521 2828 587 2882; x_wconf 89' lang='lat' dir='ltr'><strong>de</strong></span> <span class='ocrx_word' id='word_1_290' title='bbox 618 2825 930 2895; x_wconf 84' lang='lat' dir='ltr'><strong>majoribus,</strong></span> <span class='ocrx_word' id='word_1_291' title='bbox 974 2823 1333 2886; x_wconf 81' lang='lat' dir='ltr'><strong>acetabulum,</strong></span> <span class='ocrx_word' id='word_1_292' title='bbox 1384 2822 1652 2876; x_wconf 88' lang='lat' dir='ltr'><strong>lacernam</strong></span> <span class='ocrx_word' id='word_1_293' title='bbox 1687 2836 1849 2891; x_wconf 88' lang='lat' dir='ltr'><strong>quam</strong></span> 
     </span>
    </p>
   </div>
   <div class='ocr_carea' id='block_1_44' title="bbox 270 2910 1852 2979">
    <p class='ocr_par' dir='ltr' id='par_1_44' title="bbox 270 2910 1852 2979">
     <span class='ocr_line' id='line_1_44' title="bbox 270 2910 1852 2979; baseline -0.007 -4"><span class='ocrx_word' id='word_1_294' title='bbox 270 2921 403 2975; x_wconf 81' lang='lat' dir='ltr'><strong>mihi</strong></span> <span class='ocrx_word' id='word_1_295' title='bbox 436 2917 703 2971; x_wconf 89' lang='lat' dir='ltr'><strong>Tribunus</strong></span> <span class='ocrx_word' id='word_1_296' title='bbox 733 2914 1017 2968; x_wconf 86' lang='lat' dir='ltr'><strong>Friaredus</strong></span> <span class='ocrx_word' id='word_1_297' title='bbox 1038 2913 1203 2976; x_wconf 73' lang='lat' dir='ltr'><strong>dedit,</strong></span> <span class='ocrx_word' id='word_1_298' title='bbox 1243 2920 1298 2966; x_wconf 90' lang='lat' dir='ltr'><strong>et</strong></span> <span class='ocrx_word' id='word_1_299' title='bbox 1344 2919 1654 2979; x_wconf 78' lang='lat' dir='ltr'><strong>argenteam</strong></span> <span class='ocrx_word' id='word_1_300' title='bbox 1699 2910 1852 2965; x_wconf 84' lang='lat' dir='ltr'><strong>tabu-</strong></span> 
     </span>
    </p>
   </div>
   <div class='ocr_carea' id='block_1_45' title="bbox 271 3000 1852 3076">
    <p class='ocr_par' dir='ltr' id='par_1_45' title="bbox 271 3000 1852 3076">
     <span class='ocr_line' id='line_1_45' title="bbox 271 3000 1852 3076; baseline -0.008 -10"><span class='ocrx_word' id='word_1_301' title='bbox 271 3013 381 3066; x_wconf 85' lang='lat' dir='ltr'><strong>lam</strong></span> <span class='ocrx_word' id='word_1_302' title='bbox 404 3010 701 3076; x_wconf 77' lang='lat' dir='ltr'><strong>figuratam.</strong></span> <span class='ocrx_word' id='word_1_303' title='bbox 734 3004 924 3059; x_wconf 86' lang='lat' dir='ltr'><strong>Filiolo</strong></span> <span class='ocrx_word' id='word_1_304' title='bbox 951 3003 1091 3058; x_wconf 90' lang='lat' dir='ltr'><strong>illius</strong></span> <span class='ocrx_word' id='word_1_305' title='bbox 1122 3000 1352 3057; x_wconf 87' lang='lat' dir='ltr'><strong>Paronio</strong></span> <span class='ocrx_word' id='word_1_306' title='bbox 1401 3001 1757 3065; x_wconf 89' lang='lat' dir='ltr'><strong>acetabulum,</strong></span> <span class='ocrx_word' id='word_1_307' title='bbox 1797 3009 1852 3055; x_wconf 94' lang='lat' dir='ltr'><strong>et</strong></span> 
     </span>
    </p>
   </div>
   <div class='ocr_carea' id='block_1_46' title="bbox 273 3093 1848 3163">
    <p class='ocr_par' dir='ltr' id='par_1_46' title="bbox 273 3093 1848 3163">
     <span class='ocr_line' id='line_1_46' title="bbox 273 3093 1848 3163; baseline -0.006 -7"><span class='ocrx_word' id='word_1_308' title='bbox 273 3103 375 3156; x_wconf 88' lang='lat' dir='ltr'><strong>tria</strong></span> <span class='ocrx_word' id='word_1_309' title='bbox 405 3098 727 3161; x_wconf 86' lang='lat' dir='ltr'><strong>cochlearia,</strong></span> <span class='ocrx_word' id='word_1_310' title='bbox 746 3104 800 3151; x_wconf 89' lang='lat' dir='ltr'><strong>et</strong></span> <span class='ocrx_word' id='word_1_311' title='bbox 827 3096 1060 3150; x_wconf 87' lang='lat' dir='ltr'><strong>casulam</strong></span> <span class='ocrx_word' id='word_1_312' title='bbox 1080 3093 1231 3163; x_wconf 85' lang='lat' dir='ltr'><strong>cujus</strong></span> <span class='ocrx_word' id='word_1_313' title='bbox 1258 3093 1492 3147; x_wconf 87' lang='lat' dir='ltr'><strong>ﬁmbrias</strong></span> <span class='ocrx_word' id='word_1_314' title='bbox 1504 3094 1848 3148; x_wconf 88' lang='lat' dir='ltr'><strong>conunulavi.</strong></span> 
     </span>
    </p>
   </div>
   <div class='ocr_carea' id='block_1_47' title="bbox 272 3184 1850 3259">
    <p class='ocr_par' dir='ltr' id='par_1_47' title="bbox 272 3184 1850 3259">
     <span class='ocr_line' id='line_1_47' title="bbox 272 3184 1850 3259; baseline -0.005 -14"><span class='ocrx_word' id='word_1_315' title='bbox 272 3190 527 3259; x_wconf 68' lang='lat' dir='ltr'><strong>Remigize</strong></span> <span class='ocrx_word' id='word_1_316' title='bbox 553 3187 853 3243; x_wconf 84' lang='lat' dir='ltr'><strong>cochlearia</strong></span> <span class='ocrx_word' id='word_1_317' title='bbox 887 3187 1007 3249; x_wconf 90' lang='lat' dir='ltr'><strong>tria,</strong></span> <span class='ocrx_word' id='word_1_318' title='bbox 1033 3200 1150 3254; x_wconf 78' lang='lat' dir='ltr'><strong>qum</strong></span> <span class='ocrx_word' id='word_1_319' title='bbox 1172 3187 1293 3240; x_wconf 88' lang='lat' dir='ltr'><strong>meo</strong></span> <span class='ocrx_word' id='word_1_320' title='bbox 1322 3194 1444 3238; x_wconf 88' lang='lat' dir='ltr'><strong>sunt</strong></span> <span class='ocrx_word' id='word_1_321' title='bbox 1474 3184 1689 3238; x_wconf 90' lang='lat' dir='ltr'><strong>nomine</strong></span> <span class='ocrx_word' id='word_1_322' title='bbox 1724 3185 1850 3238; x_wconf 89' lang='lat' dir='ltr'><strong>titu-</strong></span> 
     </span>
    </p>
   </div>
   <div class='ocr_carea' id='block_1_48' title="bbox 1946 2011 3518 2082">
    <p class='ocr_par' dir='ltr' id='par_1_48' title="bbox 1946 2011 3518 2082">
     <span class='ocr_line' id='line_1_48' title="bbox 1946 2011 3518 2082; baseline 0.001 -16"><span class='ocrx_word' id='word_1_323' title='bbox 1946 2012 2137 2066; x_wconf 91' lang='lat' dir='ltr'><strong>tricula</strong></span> <span class='ocrx_word' id='word_1_324' title='bbox 2166 2012 2357 2081; x_wconf 91' lang='lat' dir='ltr'><strong>positis</strong></span> <span class='ocrx_word' id='word_1_325' title='bbox 2383 2011 2588 2066; x_wconf 88' lang='lat' dir='ltr'><strong>solidus</strong></span> <span class='ocrx_word' id='word_1_326' title='bbox 2607 2011 2820 2066; x_wconf 87' lang='lat' dir='ltr'><strong>dabitur</strong></span> <span class='ocrx_word' id='word_1_327' title='bbox 2841 2012 2906 2067; x_wconf 89' lang='lat' dir='ltr'><strong>ad</strong></span> <span class='ocrx_word' id='word_1_328' title='bbox 2925 2027 3111 2069; x_wconf 90' lang='lat' dir='ltr'><strong>eorum</strong></span> <span class='ocrx_word' id='word_1_329' title='bbox 3130 2013 3480 2070; x_wconf 74' lang='lat' dir='ltr'><strong>refe0tionem</strong></span> <span class='ocrx_word' id='word_1_330' title='bbox 3503 2034 3518 2082; x_wconf 89' lang='lat'><strong>;</strong></span> 
     </span>
    </p>
   </div>
   <div class='ocr_carea' id='block_1_49' title="bbox 1942 2100 3522 2174">
    <p class='ocr_par' dir='ltr' id='par_1_49' title="bbox 1942 2100 3522 2174">
     <span class='ocr_line' id='line_1_49' title="bbox 1942 2100 3522 2174; baseline 0.001 -19"><span class='ocrx_word' id='word_1_331' title='bbox 1942 2100 2240 2171; x_wconf 88' lang='lat' dir='ltr'><strong>delegoque</strong></span> <span class='ocrx_word' id='word_1_332' title='bbox 2262 2108 2385 2156; x_wconf 88' lang='lat' dir='ltr'><strong>octo</strong></span> <span class='ocrx_word' id='word_1_333' title='bbox 2401 2101 2601 2156; x_wconf 88' lang='lat' dir='ltr'><strong>solidos</strong></span> <span class='ocrx_word' id='word_1_334' title='bbox 2622 2102 2862 2156; x_wconf 67' lang='lat' dir='ltr'><strong>ecclesia:</strong></span> <span class='ocrx_word' id='word_1_335' title='bbox 2888 2102 3235 2158; x_wconf 88' lang='lat' dir='ltr'><strong>Suessionum</strong></span> <span class='ocrx_word' id='word_1_336' title='bbox 3262 2116 3360 2174; x_wconf 90' lang='lat' dir='ltr'><strong>pro</strong></span> <span class='ocrx_word' id='word_1_337' title='bbox 3381 2119 3522 2159; x_wconf 85' lang='lat' dir='ltr'><strong>com-</strong></span> 
     </span>
    </p>
   </div>
   <div class='ocr_carea' id='block_1_50' title="bbox 1945 2190 3523 2257">
    <p class='ocr_par' dir='ltr' id='par_1_50' title="bbox 1945 2190 3523 2257">
     <span class='ocr_line' id='line_1_50' title="bbox 1945 2190 3523 2257; baseline 0.003 -12"><span class='ocrx_word' id='word_1_338' title='bbox 1945 2191 2337 2247; x_wconf 90' lang='lat' dir='ltr'><strong>memoratione</strong></span> <span class='ocrx_word' id='word_1_339' title='bbox 2378 2192 2608 2247; x_wconf 90' lang='lat' dir='ltr'><strong>nominis</strong></span> <span class='ocrx_word' id='word_1_340' title='bbox 2654 2193 2795 2257; x_wconf 88' lang='lat' dir='ltr'><strong>mei;</strong></span> <span class='ocrx_word' id='word_1_341' title='bbox 2839 2190 3220 2249; x_wconf 86' lang='lat' dir='ltr'><strong>Catalaunensi</strong></span> <span class='ocrx_word' id='word_1_342' title='bbox 3283 2195 3523 2251; x_wconf 74' lang='lat' dir='ltr'><strong>ecclesia:</strong></span> 
     </span>
    </p>
   </div>
   <div class='ocr_carea' id='block_1_51' title="bbox 1944 2272 3524 2357">
    <p class='ocr_par' dir='ltr' id='par_1_51' title="bbox 1944 2272 3524 2357">
     <span class='ocr_line' id='line_1_51' title="bbox 1944 2272 3524 2357; baseline 0.004 -19"><span class='ocrx_word' id='word_1_343' title='bbox 1944 2283 2146 2339; x_wconf 90' lang='lat' dir='ltr'><strong>solidos</strong></span> <span class='ocrx_word' id='word_1_344' title='bbox 2174 2299 2288 2350; x_wconf 82' lang='lat' dir='ltr'><strong>sex,</strong></span> <span class='ocrx_word' id='word_1_345' title='bbox 2318 2283 2708 2353; x_wconf 82' lang='lat' dir='ltr'><strong>Mosomagensi</strong></span> <span class='ocrx_word' id='word_1_346' title='bbox 2736 2284 2938 2341; x_wconf 86' lang='lat' dir='ltr'><strong>solidos</strong></span> <span class='ocrx_word' id='word_1_347' title='bbox 2969 2272 3524 2357; x_wconf 48' lang='lat' dir='ltr'><strong>quinqueﬁlongcnsi</strong></span> 
     </span>
    </p>
   </div>
   <div class='ocr_carea' id='block_1_52' title="bbox 1946 2371 3525 2444">
    <p class='ocr_par' dir='ltr' id='par_1_52' title="bbox 1946 2371 3525 2444">
     <span class='ocr_line' id='line_1_52' title="bbox 1946 2371 3525 2444; baseline 0.005 -20"><span class='ocrx_word' id='word_1_348' title='bbox 1946 2384 2131 2438; x_wconf 80' lang='lat' dir='ltr'><strong>agrum</strong></span> <span class='ocrx_word' id='word_1_349' title='bbox 2163 2373 2304 2441; x_wconf 91' lang='lat' dir='ltr'><strong>apud</strong></span> <span class='ocrx_word' id='word_1_350' title='bbox 2333 2371 2600 2427; x_wconf 89' lang='lat' dir='ltr'><strong>oflicinam</strong></span> <span class='ocrx_word' id='word_1_351' title='bbox 2650 2374 2988 2440; x_wconf 88' lang='lat' dir='ltr'><strong>molinarum,</strong></span> <span class='ocrx_word' id='word_1_352' title='bbox 3019 2390 3139 2444; x_wconf 77' lang='lat' dir='ltr'><strong>qua:</strong></span> <span class='ocrx_word' id='word_1_353' title='bbox 3170 2376 3243 2430; x_wconf 87' lang='lat' dir='ltr'><strong>ibi</strong></span> <span class='ocrx_word' id='word_1_354' title='bbox 3268 2384 3352 2431; x_wconf 86' lang='lat' dir='ltr'><strong>est</strong></span> <span class='ocrx_word' id='word_1_355' title='bbox 3396 2392 3525 2432; x_wconf 89' lang='lat' dir='ltr'><strong>cou-</strong></span> 
     </span>
    </p>
   </div>
   <div class='ocr_carea' id='block_1_53' title="bbox 1946 2460 3524 2537">
    <p class='ocr_par' dir='ltr' id='par_1_53' title="bbox 1946 2460 3524 2537">
     <span class='ocr_line' id='line_1_53' title="bbox 1946 2460 3524 2537; baseline 0.006 -21"><span class='ocrx_word' id='word_1_356' title='bbox 1946 2460 2795 2532; x_wconf 69' lang='lat' dir='ltr'><strong>stituta;Catarigeusiecclesia:</strong></span> <span class='ocrx_word' id='word_1_357' title='bbox 2843 2466 3043 2522; x_wconf 91' lang='lat' dir='ltr'><strong>solidos</strong></span> <span class='ocrx_word' id='word_1_358' title='bbox 3092 2477 3342 2537; x_wconf 87' lang='lat' dir='ltr'><strong>quatuor,</strong></span> <span class='ocrx_word' id='word_1_359' title='bbox 3394 2471 3524 2525; x_wconf 88' lang='lat' dir='ltr'><strong>toti-</strong></span> 
     </span>
    </p>
   </div>
   <div class='ocr_carea' id='block_1_54' title="bbox 1948 2551 3528 2625">
    <p class='ocr_par' dir='ltr' id='par_1_54' title="bbox 1948 2551 3528 2625">
     <span class='ocr_line' id='line_1_54' title="bbox 1948 2551 3528 2625; baseline 0.009 -20"><span class='ocrx_word' id='word_1_360' title='bbox 1948 2551 2177 2622; x_wconf 87' lang='lat' dir='ltr'><strong>demque</strong></span> <span class='ocrx_word' id='word_1_361' title='bbox 2206 2552 2453 2609; x_wconf 88' lang='lat' dir='ltr'><strong>Portensi</strong></span> <span class='ocrx_word' id='word_1_362' title='bbox 2484 2572 2583 2625; x_wconf 92' lang='lat' dir='ltr'><strong>pro</strong></span> <span class='ocrx_word' id='word_1_363' title='bbox 2609 2560 3126 2616; x_wconf 88' lang='lat' dir='ltr'><strong>commemoratione</strong></span> <span class='ocrx_word' id='word_1_364' title='bbox 3147 2562 3253 2617; x_wconf 91' lang='lat' dir='ltr'><strong>mei</strong></span> <span class='ocrx_word' id='word_1_365' title='bbox 3296 2564 3528 2621; x_wconf 85' lang='lat' dir='ltr'><strong>nominis</strong></span> 
     </span>
    </p>
   </div>
   <div class='ocr_carea' id='block_1_55' title="bbox 1950 2639 3606 2709">
    <p class='ocr_par' dir='ltr' id='par_1_55' title="bbox 1950 2639 3606 2709">
     <span class='ocr_line' id='line_1_55' title="bbox 1950 2639 3606 2709; baseline 0.01 -16"><span class='ocrx_word' id='word_1_366' title='bbox 1950 2639 2267 2696; x_wconf 84' lang='lat' dir='ltr'><strong>inferentur.</strong></span> <span class='ocrx_word' id='word_1_367' title='bbox 2294 2641 2413 2698; x_wconf 90' lang='lat' dir='ltr'><strong>Ursi</strong></span> <span class='ocrx_word' id='word_1_368' title='bbox 2441 2644 2804 2700; x_wconf 86' lang='lat' dir='ltr'><strong>archidiaconi</strong></span> <span class='ocrx_word' id='word_1_369' title='bbox 2835 2646 3183 2704; x_wconf 86' lang='lat' dir='ltr'><strong>familiaribus</strong></span> <span class='ocrx_word' id='word_1_370' title='bbox 3213 2667 3343 2705; x_wconf 91' lang='lat' dir='ltr'><strong>usus</strong></span> <span class='ocrx_word' id='word_1_371' title='bbox 3367 2652 3529 2709; x_wconf 80' lang='lat' dir='ltr'><strong>obse-</strong></span> <span class='ocrx_word' id='word_1_372' title='bbox 3602 2658 3606 2670; x_wconf 72' lang='lat'><strong>‘</strong></span> 
     </span>
    </p>
   </div>
   <div class='ocr_carea' id='block_1_56' title="bbox 1948 2728 3528 2806">
    <p class='ocr_par' dir='ltr' id='par_1_56' title="bbox 1948 2728 3528 2806">
     <span class='ocr_line' id='line_1_56' title="bbox 1948 2728 3528 2806; baseline 0.009 -23"><span class='ocrx_word' id='word_1_373' title='bbox 1948 2729 2111 2799; x_wconf 91' lang='lat' dir='ltr'><strong>quiis,</strong></span> <span class='ocrx_word' id='word_1_374' title='bbox 2154 2728 2296 2787; x_wconf 93' lang='lat' dir='ltr'><strong>dono</strong></span> <span class='ocrx_word' id='word_1_375' title='bbox 2333 2732 2385 2786; x_wconf 90' lang='lat' dir='ltr'><strong>ei</strong></span> <span class='ocrx_word' id='word_1_376' title='bbox 2432 2732 2579 2787; x_wconf 92' lang='lat' dir='ltr'><strong>domi</strong></span> <span class='ocrx_word' id='word_1_377' title='bbox 2630 2735 2829 2790; x_wconf 80' lang='lat' dir='ltr'><strong>textilis</strong></span> <span class='ocrx_word' id='word_1_378' title='bbox 2872 2738 3108 2791; x_wconf 84' lang='lat' dir='ltr'><strong>casulam</strong></span> <span class='ocrx_word' id='word_1_379' title='bbox 3156 2740 3425 2806; x_wconf 89' lang='lat' dir='ltr'><strong>subtilem,</strong></span> <span class='ocrx_word' id='word_1_380' title='bbox 3475 2753 3528 2799; x_wconf 89' lang='lat' dir='ltr'><strong>et</strong></span> 
     </span>
    </p>
   </div>
   <div class='ocr_carea' id='block_1_57' title="bbox 1951 2816 3571 2899">
    <p class='ocr_par' dir='ltr' id='par_1_57' title="bbox 1951 2816 3571 2899">
     <span class='ocr_line' id='line_1_57' title="bbox 1951 2816 3571 2899; baseline 0.01 -27"><span class='ocrx_word' id='word_1_381' title='bbox 1951 2819 2110 2873; x_wconf 89' lang='lat' dir='ltr'><strong>aliam</strong></span> <span class='ocrx_word' id='word_1_382' title='bbox 2139 2816 2469 2889; x_wconf 74' lang='lat' dir='ltr'><strong>pleniorem;</strong></span> <span class='ocrx_word' id='word_1_383' title='bbox 2501 2823 2608 2877; x_wconf 91' lang='lat' dir='ltr'><strong>duo</strong></span> <span class='ocrx_word' id='word_1_384' title='bbox 2635 2838 2759 2892; x_wconf 89' lang='lat' dir='ltr'><strong>saga</strong></span> <span class='ocrx_word' id='word_1_385' title='bbox 2783 2825 3028 2892; x_wconf 88' lang='lat' dir='ltr'><strong>delicata,</strong></span> <span class='ocrx_word' id='word_1_386' title='bbox 3055 2836 3234 2898; x_wconf 86' lang='lat' dir='ltr'><strong>tapete</strong></span> <span class='ocrx_word' id='word_1_387' title='bbox 3262 2831 3406 2899; x_wconf 87' lang='lat' dir='ltr'><strong>quod</strong></span> <span class='ocrx_word' id='word_1_388' title='bbox 3430 2832 3528 2887; x_wconf 89' lang='lat' dir='ltr'><strong>ba-</strong></span> <span class='ocrx_word' id='word_1_389' title='bbox 3563 2864 3571 2880; x_wconf 71' lang='grc' dir='ltr'><strong>ο</strong></span> 
     </span>
    </p>
   </div>
   <div class='ocr_carea' id='block_1_58' title="bbox 1950 2909 3528 2989">
    <p class='ocr_par' dir='ltr' id='par_1_58' title="bbox 1950 2909 3528 2989">
     <span class='ocr_line' id='line_1_58' title="bbox 1950 2909 3528 2989; baseline 0.011 -25"><span class='ocrx_word' id='word_1_390' title='bbox 1950 2909 2055 2965; x_wconf 90' lang='lat' dir='ltr'><strong>beo</strong></span> <span class='ocrx_word' id='word_1_391' title='bbox 2081 2910 2133 2965; x_wconf 91' lang='lat' dir='ltr'><strong>in</strong></span> <span class='ocrx_word' id='word_1_392' title='bbox 2159 2912 2321 2980; x_wconf 91' lang='lat' dir='ltr'><strong>lecto,</strong></span> <span class='ocrx_word' id='word_1_393' title='bbox 2351 2922 2406 2967; x_wconf 89' lang='lat' dir='ltr'><strong>et</strong></span> <span class='ocrx_word' id='word_1_394' title='bbox 2435 2915 2668 2971; x_wconf 86' lang='lat' dir='ltr'><strong>tunicam</strong></span> <span class='ocrx_word' id='word_1_395' title='bbox 2689 2931 2849 2984; x_wconf 89' lang='lat' dir='ltr'><strong>quam</strong></span> <span class='ocrx_word' id='word_1_396' title='bbox 2878 2927 3119 2989; x_wconf 91' lang='lat' dir='ltr'><strong>tempore</strong></span> <span class='ocrx_word' id='word_1_397' title='bbox 3149 2923 3403 2979; x_wconf 89' lang='lat' dir='ltr'><strong>transitus</strong></span> <span class='ocrx_word' id='word_1_398' title='bbox 3423 2926 3528 2983; x_wconf 83' lang='lat' dir='ltr'><strong>tuei</strong></span> 
     </span>
    </p>
   </div>
   <div class='ocr_carea' id='block_1_59' title="bbox 1953 3002 3526 3086">
    <p class='ocr_par' dir='ltr' id='par_1_59' title="bbox 1953 3002 3526 3086">
     <span class='ocr_line' id='line_1_59' title="bbox 1953 3002 3526 3086; baseline 0.009 -29"><span class='ocrx_word' id='word_1_399' title='bbox 1953 3002 2224 3071; x_wconf 87' lang='lat' dir='ltr'><strong>reliquero</strong></span> <span class='ocrx_word' id='word_1_400' title='bbox 2258 3004 2554 3060; x_wconf 88' lang='lat' dir='ltr'><strong>meliorem.</strong></span> <span class='ocrx_word' id='word_1_401' title='bbox 2601 3004 2853 3063; x_wconf 70' lang='lat' dir='ltr'><strong>Hmredes</strong></span> <span class='ocrx_word' id='word_1_402' title='bbox 2886 3009 3013 3076; x_wconf 91' lang='lat' dir='ltr'><strong>mei,</strong></span> <span class='ocrx_word' id='word_1_403' title='bbox 3061 3010 3209 3082; x_wconf 89' lang='lat' dir='ltr'><strong>Lupe</strong></span> <span class='ocrx_word' id='word_1_404' title='bbox 3253 3015 3526 3086; x_wconf 89' lang='lat' dir='ltr'><strong>episcope,</strong></span> 
     </span>
    </p>
   </div>
   <div class='ocr_carea' id='block_1_60' title="bbox 1953 3093 3529 3176">
    <p class='ocr_par' dir='ltr' id='par_1_60' title="bbox 1953 3093 3529 3176">
     <span class='ocr_line' id='line_1_60' title="bbox 1953 3093 3529 3176; baseline 0.009 -28"><span class='ocrx_word' id='word_1_405' title='bbox 1953 3100 2008 3148; x_wconf 91' lang='lat' dir='ltr'><strong>et</strong></span> <span class='ocrx_word' id='word_1_406' title='bbox 2037 3093 2284 3163; x_wconf 82' lang='lat' dir='ltr'><strong>Agricola</strong></span> <span class='ocrx_word' id='word_1_407' title='bbox 2309 3098 2607 3168; x_wconf 85' lang='lat' dir='ltr'><strong>presbyter,</strong></span> <span class='ocrx_word' id='word_1_408' title='bbox 2638 3113 2830 3166; x_wconf 86' lang='lat' dir='ltr'><strong>porcos</strong></span> <span class='ocrx_word' id='word_1_409' title='bbox 2869 3115 3019 3156; x_wconf 90' lang='lat' dir='ltr'><strong>meos</strong></span> <span class='ocrx_word' id='word_1_410' title='bbox 3056 3101 3196 3157; x_wconf 89' lang='lat' dir='ltr'><strong>inter</strong></span> <span class='ocrx_word' id='word_1_411' title='bbox 3223 3120 3319 3160; x_wconf 88' lang='lat' dir='ltr'><strong>vos</strong></span> <span class='ocrx_word' id='word_1_412' title='bbox 3350 3120 3529 3176; x_wconf 72' lang='lat' dir='ltr'><strong>mqua-</strong></span> 
     </span>
    </p>
   </div>
   <div class='ocr_carea' id='block_1_61' title="bbox 1954 3183 3529 3267">
    <p class='ocr_par' dir='ltr' id='par_1_61' title="bbox 1954 3183 3529 3267">
     <span class='ocr_line' id='line_1_61' title="bbox 1954 3183 3529 3267; baseline 0.01 -30"><span class='ocrx_word' id='word_1_413' title='bbox 1954 3183 2077 3239; x_wconf 92' lang='lat' dir='ltr'><strong>liter</strong></span> <span class='ocrx_word' id='word_1_414' title='bbox 2096 3184 2361 3240; x_wconf 83' lang='lat' dir='ltr'><strong>dividetis.</strong></span> <span class='ocrx_word' id='word_1_415' title='bbox 2395 3185 2679 3243; x_wconf 72' lang='lat' dir='ltr'><strong>Friaredus</strong></span> <span class='ocrx_word' id='word_1_416' title='bbox 2702 3203 2864 3257; x_wconf 86' lang='lat' dir='ltr'><strong>quem</strong></span> <span class='ocrx_word' id='word_1_417' title='bbox 2892 3206 2962 3245; x_wconf 90' lang='lat' dir='ltr'><strong>ne</strong></span> <span class='ocrx_word' id='word_1_418' title='bbox 2989 3193 3343 3262; x_wconf 87' lang='lat' dir='ltr'><strong>occideretur,</strong></span> <span class='ocrx_word' id='word_1_419' title='bbox 3391 3211 3529 3267; x_wconf 89' lang='lat' dir='ltr'><strong>qua-</strong></span> 
     </span>
    </p>
   </div>
   <div class='ocr_carea' id='block_1_62' title="bbox 271 3273 3526 3355">
    <p class='ocr_par' dir='ltr' id='par_1_62' title="bbox 271 3273 3526 3355">
     <span class='ocr_line' id='line_1_62' title="bbox 271 3273 3526 3355; baseline 0.002 -20"><span class='ocrx_word' id='word_1_420' title='bbox 271 3282 378 3335; x_wconf 87' lang='lat' dir='ltr'><strong>lata</strong></span> <span class='ocrx_word' id='word_1_421' title='bbox 405 3296 419 3333; x_wconf 91' lang='lat'><strong>:</strong></span> <span class='ocrx_word' id='word_1_422' title='bbox 442 3278 676 3335; x_wconf 89' lang='lat' dir='ltr'><strong>mantele</strong></span> <span class='ocrx_word' id='word_1_423' title='bbox 704 3279 871 3349; x_wconf 89' lang='lat' dir='ltr'><strong>ipsius</strong></span> <span class='ocrx_word' id='word_1_424' title='bbox 909 3279 1056 3349; x_wconf 91' lang='lat' dir='ltr'><strong>quod</strong></span> <span class='ocrx_word' id='word_1_425' title='bbox 1082 3280 1258 3337; x_wconf 85' lang='lat' dir='ltr'><strong>habeo</strong></span> <span class='ocrx_word' id='word_1_426' title='bbox 1288 3278 1490 3344; x_wconf 89' lang='lat' dir='ltr'><strong>feriale,</strong></span> <span class='ocrx_word' id='word_1_427' title='bbox 1516 3278 1844 3333; x_wconf 87' lang='lat' dir='ltr'><strong>transcribo:</strong></span> <span class='ocrx_word' id='word_1_428' title='bbox 1878 3293 1921 3355; x_wconf 72' lang='grc' dir='ltr'>ρ</span> <span class='ocrx_word' id='word_1_429' title='bbox 1956 3273 2251 3343; x_wconf 87' lang='lat' dir='ltr'><strong>tuordecim</strong></span> <span class='ocrx_word' id='word_1_430' title='bbox 2272 3276 2454 3332; x_wconf 88' lang='lat' dir='ltr'><strong>solidis</strong></span> <span class='ocrx_word' id='word_1_431' title='bbox 2475 3279 2801 3346; x_wconf 86' lang='lat' dir='ltr'><strong>comparavi,</strong></span> <span class='ocrx_word' id='word_1_432' title='bbox 2828 3280 2961 3336; x_wconf 89' lang='lat' dir='ltr'><strong>duos</strong></span> <span class='ocrx_word' id='word_1_433' title='bbox 2984 3296 3274 3341; x_wconf 80' lang='lat' dir='ltr'><strong>concessas</strong></span> <span class='ocrx_word' id='word_1_434' title='bbox 3299 3285 3526 3342; x_wconf 84' lang='lat' dir='ltr'><strong>habeat:</strong></span> 
     </span>
    </p>
   </div>
   <div class='ocr_carea' id='block_1_63' title="bbox 268 3368 1849 3441">
    <p class='ocr_par' dir='ltr' id='par_1_63' title="bbox 268 3368 1849 3441">
     <span class='ocr_line' id='line_1_63' title="bbox 268 3368 1849 3441; baseline -0.001 -16"><span class='ocrx_word' id='word_1_435' title='bbox 268 3370 665 3426; x_wconf 85' lang='lat' dir='ltr'><strong>bicbinaculum</strong></span> <span class='ocrx_word' id='word_1_436' title='bbox 693 3386 908 3441; x_wconf 88' lang='lat' dir='ltr'><strong>quoque</strong></span> <span class='ocrx_word' id='word_1_437' title='bbox 928 3372 1071 3427; x_wconf 91' lang='lat' dir='ltr'><strong>dono</strong></span> <span class='ocrx_word' id='word_1_438' title='bbox 1128 3371 1221 3435; x_wconf 87' lang='lat' dir='ltr'><strong>illi,</strong></span> <span class='ocrx_word' id='word_1_439' title='bbox 1249 3370 1316 3426; x_wconf 91' lang='lat' dir='ltr'><strong>de</strong></span> <span class='ocrx_word' id='word_1_440' title='bbox 1357 3385 1465 3440; x_wconf 90' lang='lat' dir='ltr'><strong>quo</strong></span> <span class='ocrx_word' id='word_1_441' title='bbox 1513 3368 1849 3425; x_wconf 83' lang='lat' dir='ltr'><strong>Gundobado</strong></span> 
     </span>
    </p>
   </div>
   <div class='ocr_carea' id='block_1_64' title="bbox 266 3460 1848 3529">
    <p class='ocr_par' dir='ltr' id='par_1_64' title="bbox 266 3460 1848 3529">
     <span class='ocr_line' id='line_1_64' title="bbox 266 3460 1848 3529; baseline 0 -13"><span class='ocrx_word' id='word_1_442' title='bbox 266 3461 396 3516; x_wconf 80' lang='lat' dir='ltr'><strong>dixi.</strong></span> <span class='ocrx_word' id='word_1_443' title='bbox 430 3460 736 3529; x_wconf 85' lang='lat' dir='ltr'><strong>Delegoque</strong></span> <span class='ocrx_word' id='word_1_444' title='bbox 774 3462 1068 3516; x_wconf 73' lang='lat' dir='ltr'><strong>benedictm</strong></span> <span class='ocrx_word' id='word_1_445' title='bbox 1114 3462 1234 3516; x_wconf 65' lang='lat' dir='ltr'><strong>ﬁlia:</strong></span> <span class='ocrx_word' id='word_1_446' title='bbox 1279 3478 1413 3516; x_wconf 73' lang='lat' dir='ltr'><strong>mea:</strong></span> <span class='ocrx_word' id='word_1_447' title='bbox 1458 3461 1686 3516; x_wconf 68' lang='lat' dir='ltr'><strong>llelaria:</strong></span> <span class='ocrx_word' id='word_1_448' title='bbox 1731 3461 1848 3516; x_wconf 87' lang='lat' dir='ltr'><strong>dia-</strong></span> 
     </span>
    </p>
   </div>
   <div class='ocr_carea' id='block_1_65' title="bbox 267 3553 1847 3622">
    <p class='ocr_par' dir='ltr' id='par_1_65' title="bbox 267 3553 1847 3622">
     <span class='ocr_line' id='line_1_65' title="bbox 267 3553 1847 3622; baseline 0 -15"><span class='ocrx_word' id='word_1_449' title='bbox 267 3569 416 3609; x_wconf 77' lang='lat' dir='ltr'><strong>conm</strong></span> <span class='ocrx_word' id='word_1_450' title='bbox 440 3553 686 3608; x_wconf 86' lang='lat' dir='ltr'><strong>ancillam</strong></span> <span class='ocrx_word' id='word_1_451' title='bbox 718 3555 935 3608; x_wconf 90' lang='lat' dir='ltr'><strong>nomine</strong></span> <span class='ocrx_word' id='word_1_452' title='bbox 964 3554 1180 3622; x_wconf 83' lang='lat' dir='ltr'><strong>Noram,</strong></span> <span class='ocrx_word' id='word_1_453' title='bbox 1221 3568 1275 3608; x_wconf 89' lang='lat' dir='ltr'><strong>et</strong></span> <span class='ocrx_word' id='word_1_454' title='bbox 1303 3554 1487 3607; x_wconf 83' lang='lat' dir='ltr'><strong>vitium</strong></span> <span class='ocrx_word' id='word_1_455' title='bbox 1532 3555 1847 3622; x_wconf 86' lang='lat' dir='ltr'><strong>pedaturam</strong></span> 
     </span>
    </p>
   </div>
   <div class='ocr_carea' id='block_1_66' title="bbox 265 3634 1845 3718">
    <p class='ocr_par' dir='ltr' id='par_1_66' title="bbox 265 3634 1845 3718">
     <span class='ocr_line' id='line_1_66' title="bbox 265 3634 1845 3718; baseline -0.002 -15"><span class='ocrx_word' id='word_1_456' title='bbox 265 3663 386 3718; x_wconf 73' lang='lat' dir='ltr'><strong>qua:</strong></span> <span class='ocrx_word' id='word_1_457' title='bbox 415 3665 522 3703; x_wconf 74' lang='lat' dir='ltr'><strong>sum</strong></span> <span class='ocrx_word' id='word_1_458' title='bbox 543 3648 785 3715; x_wconf 67' lang='lat' dir='ltr'><strong>jungitur</strong></span> <span class='ocrx_word' id='word_1_459' title='bbox 812 3648 985 3701; x_wconf 69' lang='lat' dir='ltr'><strong>vinea:</strong></span> <span class='ocrx_word' id='word_1_460' title='bbox 1002 3660 1164 3715; x_wconf 90' lang='lat' dir='ltr'><strong>quam</strong></span> <span class='ocrx_word' id='word_1_461' title='bbox 1191 3634 1432 3700; x_wconf 73' lang='lat' dir='ltr'><strong>cattusio</strong></span> <span class='ocrx_word' id='word_1_462' title='bbox 1469 3645 1615 3713; x_wconf 89' lang='lat' dir='ltr'><strong>facit,</strong></span> <span class='ocrx_word' id='word_1_463' title='bbox 1662 3646 1806 3701; x_wconf 91' lang='lat' dir='ltr'><strong>dono</strong></span> <span class='ocrx_word' id='word_1_464' title='bbox 1830 3662 1845 3711; x_wconf 90' lang='lat'><strong>;</strong></span> 
     </span>
    </p>
   </div>
   <div class='ocr_carea' id='block_1_67' title="bbox 266 3736 1848 3809">
    <p class='ocr_par' dir='ltr' id='par_1_67' title="bbox 266 3736 1848 3809">
     <span class='ocr_line' id='line_1_67' title="bbox 266 3736 1848 3809; baseline -0.003 -15"><span class='ocrx_word' id='word_1_465' title='bbox 266 3750 323 3795; x_wconf 89' lang='lat' dir='ltr'><strong>et</strong></span> <span class='ocrx_word' id='word_1_466' title='bbox 352 3749 557 3809; x_wconf 87' lang='lat' dir='ltr'><strong>partem</strong></span> <span class='ocrx_word' id='word_1_467' title='bbox 588 3754 762 3794; x_wconf 85' lang='lat' dir='ltr'><strong>meam</strong></span> <span class='ocrx_word' id='word_1_468' title='bbox 787 3738 854 3793; x_wconf 90' lang='lat' dir='ltr'><strong>de</strong></span> <span class='ocrx_word' id='word_1_469' title='bbox 882 3738 995 3806; x_wconf 48' lang='lat' dir='ltr'><strong>Tal,</strong></span> <span class='ocrx_word' id='word_1_470' title='bbox 1020 3738 1232 3793; x_wconf 90' lang='lat' dir='ltr'><strong>usciaco</strong></span> <span class='ocrx_word' id='word_1_471' title='bbox 1278 3738 1577 3792; x_wconf 84' lang='lat' dir='ltr'><strong>transcribo</strong></span> <span class='ocrx_word' id='word_1_472' title='bbox 1608 3736 1706 3807; x_wconf 83' lang='lat' dir='ltr'><strong>pro</strong></span> <span class='ocrx_word' id='word_1_473' title='bbox 1751 3738 1848 3791; x_wconf 85' lang='lat' dir='ltr'><strong>ob-</strong></span> 
     </span>
    </p>
   </div>
   <div class='ocr_carea' id='block_1_68' title="bbox 268 3828 1847 3899">
    <p class='ocr_par' dir='ltr' id='par_1_68' title="bbox 268 3828 1847 3899">
     <span class='ocr_line' id='line_1_68' title="bbox 268 3828 1847 3899; baseline -0.002 -14"><span class='ocrx_word' id='word_1_474' title='bbox 268 3831 468 3898; x_wconf 85' lang='lat' dir='ltr'><strong>sequiis</strong></span> <span class='ocrx_word' id='word_1_475' title='bbox 495 3846 614 3898; x_wconf 68' lang='lat' dir='ltr'><strong>quae</strong></span> <span class='ocrx_word' id='word_1_476' title='bbox 642 3830 767 3883; x_wconf 90' lang='lat' dir='ltr'><strong>mihi</strong></span> <span class='ocrx_word' id='word_1_477' title='bbox 796 3829 1161 3885; x_wconf 88' lang='lat' dir='ltr'><strong>indesinenter</strong></span> <span class='ocrx_word' id='word_1_478' title='bbox 1187 3830 1464 3899; x_wconf 88' lang='lat' dir='ltr'><strong>impendit.</strong></span> <span class='ocrx_word' id='word_1_479' title='bbox 1484 3828 1641 3884; x_wconf 85' lang='lat' dir='ltr'><strong>Aetio</strong></span> <span class='ocrx_word' id='word_1_480' title='bbox 1664 3829 1847 3898; x_wconf 88' lang='lat' dir='ltr'><strong>nepoti</strong></span> 
     </span>
    </p>
   </div>
   <div class='ocr_carea' id='block_1_69' title="bbox 266 3918 1849 3989">
    <p class='ocr_par' dir='ltr' id='par_1_69' title="bbox 266 3918 1849 3989">
     <span class='ocr_line' id='line_1_69' title="bbox 266 3918 1849 3989; baseline -0.001 -16"><span class='ocrx_word' id='word_1_481' title='bbox 266 3935 390 3974; x_wconf 85' lang='lat' dir='ltr'><strong>meo</strong></span> <span class='ocrx_word' id='word_1_482' title='bbox 411 3928 616 3989; x_wconf 87' lang='lat' dir='ltr'><strong>partem</strong></span> <span class='ocrx_word' id='word_1_483' title='bbox 646 3919 712 3974; x_wconf 92' lang='lat' dir='ltr'><strong>de</strong></span> <span class='ocrx_word' id='word_1_484' title='bbox 739 3918 1063 3975; x_wconf 89' lang='lat' dir='ltr'><strong>Cessurnico</strong></span> <span class='ocrx_word' id='word_1_485' title='bbox 1091 3934 1210 3988; x_wconf 64' lang='lat' dir='ltr'><strong>qua:</strong></span> <span class='ocrx_word' id='word_1_486' title='bbox 1247 3920 1373 3973; x_wconf 89' lang='lat' dir='ltr'><strong>mihi</strong></span> <span class='ocrx_word' id='word_1_487' title='bbox 1395 3927 1543 3975; x_wconf 86' lang='lat' dir='ltr'><strong>sorte</strong></span> <span class='ocrx_word' id='word_1_488' title='bbox 1573 3919 1849 3975; x_wconf 81' lang='lat' dir='ltr'><strong>divisionis</strong></span> 
     </span>
    </p>
   </div>
   <div class='ocr_carea' id='block_1_70' title="bbox 265 4010 1844 4081">
    <p class='ocr_par' dir='ltr' id='par_1_70' title="bbox 265 4010 1844 4081">
     <span class='ocr_line' id='line_1_70' title="bbox 265 4010 1844 4081; baseline 0.001 -16"><span class='ocrx_word' id='word_1_489' title='bbox 265 4012 508 4080; x_wconf 82' lang='lat' dir='ltr'><strong>obvenit,</strong></span> <span class='ocrx_word' id='word_1_490' title='bbox 538 4028 658 4067; x_wconf 90' lang='lat' dir='ltr'><strong>cum</strong></span> <span class='ocrx_word' id='word_1_491' title='bbox 684 4013 829 4066; x_wconf 90' lang='lat' dir='ltr'><strong>omni</strong></span> <span class='ocrx_word' id='word_1_492' title='bbox 850 4012 975 4081; x_wconf 84' lang='lat' dir='ltr'><strong>jure</strong></span> <span class='ocrx_word' id='word_1_493' title='bbox 1012 4011 1156 4080; x_wconf 84' lang='lat' dir='ltr'><strong>quod</strong></span> <span class='ocrx_word' id='word_1_494' title='bbox 1203 4011 1348 4066; x_wconf 88' lang='lat' dir='ltr'><strong>tenui</strong></span> <span class='ocrx_word' id='word_1_495' title='bbox 1377 4019 1540 4079; x_wconf 90' lang='lat' dir='ltr'><strong>atque</strong></span> <span class='ocrx_word' id='word_1_496' title='bbox 1586 4010 1797 4081; x_wconf 87' lang='lat' dir='ltr'><strong>possedi</strong></span> <span class='ocrx_word' id='word_1_497' title='bbox 1828 4029 1844 4078; x_wconf 86' lang='lat'><strong>;</strong></span> 
     </span>
    </p>
   </div>
   <div class='ocr_carea' id='block_1_71' title="bbox 266 4103 1848 4175">
    <p class='ocr_par' dir='ltr' id='par_1_71' title="bbox 266 4103 1848 4175">
     <span class='ocr_line' id='line_1_71' title="bbox 266 4103 1848 4175; baseline 0 -18"><span class='ocrx_word' id='word_1_498' title='bbox 266 4103 605 4159; x_wconf 83' lang='lat' dir='ltr'><strong>Ambrosium</strong></span> <span class='ocrx_word' id='word_1_499' title='bbox 635 4120 850 4174; x_wconf 92' lang='lat' dir='ltr'><strong>quoque</strong></span> <span class='ocrx_word' id='word_1_500' title='bbox 879 4120 1100 4175; x_wconf 90' lang='lat' dir='ltr'><strong>puerum</strong></span> <span class='ocrx_word' id='word_1_501' title='bbox 1129 4104 1193 4158; x_wconf 92' lang='lat' dir='ltr'><strong>ad</strong></span> <span class='ocrx_word' id='word_1_502' title='bbox 1217 4103 1306 4172; x_wconf 83' lang='lat' dir='ltr'><strong>jus</strong></span> <span class='ocrx_word' id='word_1_503' title='bbox 1339 4104 1478 4158; x_wconf 91' lang='lat' dir='ltr'><strong>illius</strong></span> <span class='ocrx_word' id='word_1_504' title='bbox 1524 4103 1848 4158; x_wconf 89' lang='lat' dir='ltr'><strong>dominium-</strong></span> 
     </span>
    </p>
   </div>
   <div class='ocr_carea' id='block_1_72' title="bbox 263 4194 1845 4265">
    <p class='ocr_par' dir='ltr' id='par_1_72' title="bbox 263 4194 1845 4265">
     <span class='ocr_line' id='line_1_72' title="bbox 263 4194 1845 4265; baseline 0.001 -16"><span class='ocrx_word' id='word_1_505' title='bbox 263 4211 370 4265; x_wconf 90' lang='lat' dir='ltr'><strong>que</strong></span> <span class='ocrx_word' id='word_1_506' title='bbox 396 4197 720 4252; x_wconf 89' lang='lat' dir='ltr'><strong>transmitto.</strong></span> <span class='ocrx_word' id='word_1_507' title='bbox 748 4196 971 4251; x_wconf 82' lang='lat' dir='ltr'><strong>Vitalem</strong></span> <span class='ocrx_word' id='word_1_508' title='bbox 999 4197 1246 4253; x_wconf 87' lang='lat' dir='ltr'><strong>colonum</strong></span> <span class='ocrx_word' id='word_1_509' title='bbox 1272 4195 1495 4250; x_wconf 90' lang='lat' dir='ltr'><strong>liberum</strong></span> <span class='ocrx_word' id='word_1_510' title='bbox 1519 4210 1636 4250; x_wconf 86' lang='lat' dir='ltr'><strong>esse</strong></span> <span class='ocrx_word' id='word_1_511' title='bbox 1658 4194 1845 4264; x_wconf 90' lang='lat' dir='ltr'><strong>jubeo,</strong></span> 
     </span>
    </p>
   </div>
   <div class='ocr_carea' id='block_1_73' title="bbox 262 4284 1843 4358">
    <p class='ocr_par' dir='ltr' id='par_1_73' title="bbox 262 4284 1843 4358">
     <span class='ocr_line' id='line_1_73' title="bbox 262 4284 1843 4358; baseline 0 -18"><span class='ocrx_word' id='word_1_512' title='bbox 262 4293 321 4340; x_wconf 91' lang='lat' dir='ltr'><strong>et</strong></span> <span class='ocrx_word' id='word_1_513' title='bbox 347 4284 596 4341; x_wconf 88' lang='lat' dir='ltr'><strong>familiam</strong></span> <span class='ocrx_word' id='word_1_514' title='bbox 625 4302 775 4342; x_wconf 88' lang='lat' dir='ltr'><strong>suam</strong></span> <span class='ocrx_word' id='word_1_515' title='bbox 819 4287 886 4341; x_wconf 90' lang='lat' dir='ltr'><strong>ad</strong></span> <span class='ocrx_word' id='word_1_516' title='bbox 916 4296 1167 4358; x_wconf 90' lang='lat' dir='ltr'><strong>nepotem</strong></span> <span class='ocrx_word' id='word_1_517' title='bbox 1212 4302 1388 4341; x_wconf 89' lang='lat' dir='ltr'><strong>meum</strong></span> <span class='ocrx_word' id='word_1_518' title='bbox 1440 4285 1843 4355; x_wconf 86' lang='lat' dir='ltr'><strong>Agatbimerum</strong></span> 
     </span>
    </p>
   </div>
   <div class='ocr_carea' id='block_1_74' title="bbox 263 4374 1843 4448">
    <p class='ocr_par' dir='ltr' id='par_1_74' title="bbox 263 4374 1843 4448">
     <span class='ocr_line' id='line_1_74' title="bbox 263 4374 1843 4448; baseline 0.001 -18"><span class='ocrx_word' id='word_1_519' title='bbox 263 4377 551 4446; x_wconf 68' lang='lat' dir='ltr'><strong>pertinuere,</strong></span> <span class='ocrx_word' id='word_1_520' title='bbox 581 4379 669 4432; x_wconf 90' lang='lat' dir='ltr'><strong>cui</strong></span> <span class='ocrx_word' id='word_1_521' title='bbox 696 4379 908 4433; x_wconf 90' lang='lat' dir='ltr'><strong>vineam</strong></span> <span class='ocrx_word' id='word_1_522' title='bbox 936 4378 1081 4434; x_wconf 91' lang='lat' dir='ltr'><strong>dono</strong></span> <span class='ocrx_word' id='word_1_523' title='bbox 1108 4394 1268 4448; x_wconf 89' lang='lat' dir='ltr'><strong>quam</strong></span> <span class='ocrx_word' id='word_1_524' title='bbox 1306 4379 1460 4447; x_wconf 89' lang='lat' dir='ltr'><strong>posui</strong></span> <span class='ocrx_word' id='word_1_525' title='bbox 1492 4374 1843 4442; x_wconf 84' lang='lat' dir='ltr'><strong>Vindonissae,</strong></span> 
     </span>
    </p>
   </div>
   <div class='ocr_carea' id='block_1_75' title="bbox 260 4468 1844 4539">
    <p class='ocr_par' dir='ltr' id='par_1_75' title="bbox 260 4468 1844 4539">
     <span class='ocr_line' id='line_1_75' title="bbox 260 4468 1844 4539; baseline -0.001 -17"><span class='ocrx_word' id='word_1_526' title='bbox 260 4476 317 4522; x_wconf 82' lang='lat' dir='ltr'><strong>et</strong></span> <span class='ocrx_word' id='word_1_527' title='bbox 344 4482 465 4521; x_wconf 90' lang='lat' dir='ltr'><strong>meo</strong></span> <span class='ocrx_word' id='word_1_528' title='bbox 488 4468 673 4522; x_wconf 91' lang='lat' dir='ltr'><strong>labore</strong></span> <span class='ocrx_word' id='word_1_529' title='bbox 701 4470 953 4523; x_wconf 85' lang='lat' dir='ltr'><strong>constitui</strong></span> <span class='ocrx_word' id='word_1_530' title='bbox 987 4489 998 4522; x_wconf 90' lang='lat'><strong>:</strong></span> <span class='ocrx_word' id='word_1_531' title='bbox 1033 4471 1132 4524; x_wconf 90' lang='lat' dir='ltr'><strong>sub</strong></span> <span class='ocrx_word' id='word_1_532' title='bbox 1161 4484 1221 4524; x_wconf 91' lang='lat' dir='ltr'><strong>ea</strong></span> <span class='ocrx_word' id='word_1_533' title='bbox 1246 4469 1555 4524; x_wconf 87' lang='lat' dir='ltr'><strong>conditione</strong></span> <span class='ocrx_word' id='word_1_534' title='bbox 1602 4476 1656 4522; x_wconf 93' lang='lat' dir='ltr'><strong>ut</strong></span> <span class='ocrx_word' id='word_1_535' title='bbox 1689 4483 1717 4521; x_wconf 89' lang='lat' dir='ltr'><strong>a</strong></span> <span class='ocrx_word' id='word_1_536' title='bbox 1748 4484 1844 4539; x_wconf 87' lang='lat' dir='ltr'><strong>pa-</strong></span> 
     </span>
    </p>
   </div>
   <div class='ocr_carea' id='block_1_76' title="bbox 262 4558 1843 4631">
    <p class='ocr_par' dir='ltr' id='par_1_76' title="bbox 262 4558 1843 4631">
     <span class='ocr_line' id='line_1_76' title="bbox 262 4558 1843 4631; baseline 0.002 -19"><span class='ocrx_word' id='word_1_537' title='bbox 262 4558 434 4613; x_wconf 89' lang='lat' dir='ltr'><strong>tribus</strong></span> <span class='ocrx_word' id='word_1_538' title='bbox 473 4558 584 4614; x_wconf 90' lang='lat' dir='ltr'><strong>suis</strong></span> <span class='ocrx_word' id='word_1_539' title='bbox 622 4560 873 4613; x_wconf 90' lang='lat' dir='ltr'><strong>omnibus</strong></span> <span class='ocrx_word' id='word_1_540' title='bbox 901 4560 1089 4615; x_wconf 83' lang='lat' dir='ltr'><strong>diebus</strong></span> <span class='ocrx_word' id='word_1_541' title='bbox 1116 4560 1268 4616; x_wconf 79' lang='lat' dir='ltr'><strong>festis</strong></span> <span class='ocrx_word' id='word_1_542' title='bbox 1304 4576 1367 4617; x_wconf 90' lang='lat' dir='ltr'><strong>ac</strong></span> <span class='ocrx_word' id='word_1_543' title='bbox 1415 4561 1700 4616; x_wconf 83' lang='lat' dir='ltr'><strong>dominicis</strong></span> <span class='ocrx_word' id='word_1_544' title='bbox 1743 4576 1843 4631; x_wconf 88' lang='lat' dir='ltr'><strong>pro</strong></span> 
     </span>
    </p>
   </div>
   <div class='ocr_carea' id='block_1_77' title="bbox 1950 3363 3530 3447">
    <p class='ocr_par' dir='ltr' id='par_1_77' title="bbox 1950 3363 3530 3447">
     <span class='ocr_line' id='line_1_77' title="bbox 1950 3363 3530 3447; baseline 0.009 -28"><span class='ocrx_word' id='word_1_545' title='bbox 1950 3363 2236 3421; x_wconf 84' lang='lat' dir='ltr'><strong>duodecim</strong></span> <span class='ocrx_word' id='word_1_546' title='bbox 2265 3366 2357 3422; x_wconf 86' lang='lat' dir='ltr'><strong>det</strong></span> <span class='ocrx_word' id='word_1_547' title='bbox 2386 3367 2453 3421; x_wconf 89' lang='lat' dir='ltr'><strong>ad</strong></span> <span class='ocrx_word' id='word_1_548' title='bbox 2492 3368 2724 3425; x_wconf 76' lang='lat' dir='ltr'><strong>basilicm</strong></span> <span class='ocrx_word' id='word_1_549' title='bbox 2751 3369 3071 3427; x_wconf 92' lang='lat' dir='ltr'><strong>domnorum</strong></span> <span class='ocrx_word' id='word_1_550' title='bbox 3118 3384 3415 3447; x_wconf 83' lang='lat' dir='ltr'><strong>martyrum</strong></span> <span class='ocrx_word' id='word_1_551' title='bbox 3440 3377 3530 3432; x_wconf 81' lang='grc' dir='ltr'><strong>τὶ-</strong></span> 
     </span>
    </p>
   </div>
   <div class='ocr_carea' id='block_1_78' title="bbox 1952 3458 3529 3530">
    <p class='ocr_par' dir='ltr' id='par_1_78' title="bbox 1952 3458 3529 3530">
     <span class='ocr_line' id='line_1_78' title="bbox 1952 3458 3529 3530; baseline 0.012 -19"><span class='ocrx_word' id='word_1_552' title='bbox 1952 3458 2152 3513; x_wconf 88' lang='lat' dir='ltr'><strong>mothei</strong></span> <span class='ocrx_word' id='word_1_553' title='bbox 2173 3467 2231 3513; x_wconf 91' lang='lat' dir='ltr'><strong>et</strong></span> <span class='ocrx_word' id='word_1_554' title='bbox 2270 3460 2593 3530; x_wconf 86' lang='lat' dir='ltr'><strong>Apollinaris</strong></span> <span class='ocrx_word' id='word_1_555' title='bbox 2621 3477 2891 3518; x_wconf 89' lang='lat' dir='ltr'><strong>cameram</strong></span> <span class='ocrx_word' id='word_1_556' title='bbox 2932 3464 3250 3523; x_wconf 58' lang='lat' dir='ltr'><strong>faciendam.</strong></span> <span class='ocrx_word' id='word_1_557' title='bbox 3300 3468 3424 3526; x_wconf 73' lang='lat' dir='ltr'><strong>Hmc</strong></span> <span class='ocrx_word' id='word_1_558' title='bbox 3459 3481 3529 3530; x_wconf 74' lang='lat' dir='ltr'><strong>ita</strong></span> 
     </span>
    </p>
   </div>
   <div class='ocr_carea' id='block_1_79' title="bbox 1950 3547 3529 3625">
    <p class='ocr_par' dir='ltr' id='par_1_79' title="bbox 1950 3547 3529 3625">
     <span class='ocr_line' id='line_1_79' title="bbox 1950 3547 3529 3625; baseline 0.013 -23"><span class='ocrx_word' id='word_1_559' title='bbox 1950 3547 2049 3615; x_wconf 92' lang='lat' dir='ltr'><strong>do,</strong></span> <span class='ocrx_word' id='word_1_560' title='bbox 2096 3550 2168 3604; x_wconf 92' lang='lat' dir='ltr'><strong>ita</strong></span> <span class='ocrx_word' id='word_1_561' title='bbox 2200 3550 2342 3619; x_wconf 86' lang='lat' dir='ltr'><strong>lego,</strong></span> <span class='ocrx_word' id='word_1_562' title='bbox 2387 3553 2459 3607; x_wconf 89' lang='lat' dir='ltr'><strong>ita</strong></span> <span class='ocrx_word' id='word_1_563' title='bbox 2501 3562 2687 3609; x_wconf 88' lang='lat' dir='ltr'><strong>testor.</strong></span> <span class='ocrx_word' id='word_1_564' title='bbox 2729 3554 2933 3610; x_wconf 59' lang='grc' dir='ltr'><strong>(ἔπιθι-ι</strong></span> <span class='ocrx_word' id='word_1_565' title='bbox 2970 3573 3179 3625; x_wconf 88' lang='lat' dir='ltr'><strong>omnes,</strong></span> <span class='ocrx_word' id='word_1_566' title='bbox 3225 3563 3529 3622; x_wconf 69' lang='lat' dir='ltr'><strong>exbmredes</strong></span> 
     </span>
    </p>
   </div>
   <div class='ocr_carea' id='block_1_80' title="bbox 1950 3642 3529 3713">
    <p class='ocr_par' dir='ltr' id='par_1_80' title="bbox 1950 3642 3529 3713">
     <span class='ocr_line' id='line_1_80' title="bbox 1950 3642 3529 3713; baseline 0.012 -19"><span class='ocrx_word' id='word_1_567' title='bbox 1950 3648 2147 3709; x_wconf 90' lang='lat' dir='ltr'><strong>estote,</strong></span> <span class='ocrx_word' id='word_1_568' title='bbox 2181 3651 2415 3698; x_wconf 89' lang='lat' dir='ltr'><strong>suntote.</strong></span> <span class='ocrx_word' id='word_1_569' title='bbox 2449 3642 2585 3700; x_wconf 86' lang='lat' dir='ltr'><strong>Huic</strong></span> <span class='ocrx_word' id='word_1_570' title='bbox 2622 3655 2804 3701; x_wconf 90' lang='lat' dir='ltr'><strong>autem</strong></span> <span class='ocrx_word' id='word_1_571' title='bbox 2836 3657 3157 3705; x_wconf 86' lang='lat' dir='ltr'><strong>testamento</strong></span> <span class='ocrx_word' id='word_1_572' title='bbox 3209 3669 3329 3709; x_wconf 89' lang='lat' dir='ltr'><strong>meo</strong></span> <span class='ocrx_word' id='word_1_573' title='bbox 3374 3657 3529 3713; x_wconf 87' lang='lat' dir='ltr'><strong>dolus</strong></span> 
     </span>
    </p>
   </div>
   <div class='ocr_carea' id='block_1_81' title="bbox 1950 3730 3529 3812">
    <p class='ocr_par' dir='ltr' id='par_1_81' title="bbox 1950 3730 3529 3812">
     <span class='ocr_line' id='line_1_81' title="bbox 1950 3730 3529 3812; baseline 0.014 -29"><span class='ocrx_word' id='word_1_574' title='bbox 1950 3730 2122 3785; x_wconf 81' lang='lat' dir='ltr'><strong>malus</strong></span> <span class='ocrx_word' id='word_1_575' title='bbox 2143 3732 2317 3801; x_wconf 87' lang='lat' dir='ltr'><strong>abest,</strong></span> <span class='ocrx_word' id='word_1_576' title='bbox 2341 3734 2640 3805; x_wconf 62' lang='lat' dir='ltr'><strong>aberitque,</strong></span> <span class='ocrx_word' id='word_1_577' title='bbox 2668 3738 2726 3792; x_wconf 86' lang='lat' dir='ltr'><strong>In</strong></span> <span class='ocrx_word' id='word_1_578' title='bbox 2749 3755 2878 3808; x_wconf 86' lang='lat' dir='ltr'><strong>quo,</strong></span> <span class='ocrx_word' id='word_1_579' title='bbox 2909 3742 2954 3797; x_wconf 92' lang='lat' dir='ltr'><strong>si</strong></span> <span class='ocrx_word' id='word_1_580' title='bbox 2981 3757 3084 3812; x_wconf 91' lang='lat' dir='ltr'><strong>qua</strong></span> <span class='ocrx_word' id='word_1_581' title='bbox 3106 3744 3264 3800; x_wconf 87' lang='lat' dir='ltr'><strong>litura</strong></span> <span class='ocrx_word' id='word_1_582' title='bbox 3292 3748 3377 3802; x_wconf 86' lang='lat' dir='ltr'><strong>vel</strong></span> <span class='ocrx_word' id='word_1_583' title='bbox 3396 3749 3529 3804; x_wconf 90' lang='lat' dir='ltr'><strong>cba-</strong></span> 
     </span>
    </p>
   </div>
   <div class='ocr_carea' id='block_1_82' title="bbox 1949 3824 3529 3907">
    <p class='ocr_par' dir='ltr' id='par_1_82' title="bbox 1949 3824 3529 3907">
     <span class='ocr_line' id='line_1_82' title="bbox 1949 3824 3529 3907; baseline 0.015 -32"><span class='ocrx_word' id='word_1_584' title='bbox 1949 3830 2202 3878; x_wconf 81' lang='lat' dir='ltr'><strong>raxatura</strong></span> <span class='ocrx_word' id='word_1_585' title='bbox 2230 3824 2392 3880; x_wconf 91' lang='lat' dir='ltr'><strong>fuerit</strong></span> <span class='ocrx_word' id='word_1_586' title='bbox 2419 3827 2653 3895; x_wconf 87' lang='lat' dir='ltr'><strong>inventa,</strong></span> <span class='ocrx_word' id='word_1_587' title='bbox 2684 3830 2823 3885; x_wconf 86' lang='lat' dir='ltr'><strong>facta</strong></span> <span class='ocrx_word' id='word_1_588' title='bbox 2852 3842 2933 3887; x_wconf 79' lang='lat' dir='ltr'><strong>est</strong></span> <span class='ocrx_word' id='word_1_589' title='bbox 2965 3850 3052 3889; x_wconf 92' lang='lat' dir='ltr'><strong>me</strong></span> <span class='ocrx_word' id='word_1_590' title='bbox 3090 3848 3374 3907; x_wconf 75' lang='lat' dir='ltr'><strong>prmscute,</strong></span> <span class='ocrx_word' id='word_1_591' title='bbox 3404 3841 3529 3898; x_wconf 88' lang='lat' dir='ltr'><strong>dum</strong></span> 
     </span>
    </p>
   </div>
   <div class='ocr_carea' id='block_1_83' title="bbox 1949 3916 3631 3991">
    <p class='ocr_par' dir='ltr' id='par_1_83' title="bbox 1949 3916 3631 3991">
     <span class='ocr_line' id='line_1_83' title="bbox 1949 3916 3631 3991; baseline 0.015 -23"><span class='ocrx_word' id='word_1_592' title='bbox 1949 3928 1979 3967; x_wconf 89' lang='lat' dir='ltr'><strong>a</strong></span> <span class='ocrx_word' id='word_1_593' title='bbox 2008 3930 2095 3970; x_wconf 86' lang='lat' dir='ltr'><strong>me</strong></span> <span class='ocrx_word' id='word_1_594' title='bbox 2137 3916 2393 3987; x_wconf 90' lang='lat' dir='ltr'><strong>relegitur</strong></span> <span class='ocrx_word' id='word_1_595' title='bbox 2418 3929 2472 3975; x_wconf 92' lang='lat' dir='ltr'><strong>et</strong></span> <span class='ocrx_word' id='word_1_596' title='bbox 2500 3923 2838 3979; x_wconf 89' lang='lat' dir='ltr'><strong>emendatur.</strong></span> <span class='ocrx_word' id='word_1_597' title='bbox 2885 3925 3076 3982; x_wconf 84' lang='lat' dir='ltr'><strong>Actum</strong></span> <span class='ocrx_word' id='word_1_598' title='bbox 3111 3928 3295 3988; x_wconf 78' lang='lat' dir='ltr'><strong>Remis</strong></span> <span class='ocrx_word' id='word_1_599' title='bbox 3338 3934 3425 3990; x_wconf 88' lang='lat' dir='ltr'><strong>die</strong></span> <span class='ocrx_word' id='word_1_600' title='bbox 3474 3944 3529 3991; x_wconf 91' lang='lat' dir='ltr'><strong>et</strong></span> <span class='ocrx_word' id='word_1_601' title='bbox 3618 3966 3631 3979; x_wconf 78' lang='grc' dir='ltr'><strong><em>ο</em></strong></span> 
     </span>
    </p>
   </div>
   <div class='ocr_carea' id='block_1_84' title="bbox 1948 4007 3528 4084">
    <p class='ocr_par' dir='ltr' id='par_1_84' title="bbox 1948 4007 3528 4084">
     <span class='ocr_line' id='line_1_84' title="bbox 1948 4007 3528 4084; baseline 0.015 -24"><span class='ocrx_word' id='word_1_602' title='bbox 1948 4007 2170 4062; x_wconf 87' lang='lat' dir='ltr'><strong>ccnsule</strong></span> <span class='ocrx_word' id='word_1_603' title='bbox 2226 4025 2386 4081; x_wconf 85' lang='lat' dir='ltr'><strong>supra</strong></span> <span class='ocrx_word' id='word_1_604' title='bbox 2440 4014 2673 4083; x_wconf 84' lang='lat' dir='ltr'><strong>scripto,</strong></span> <span class='ocrx_word' id='word_1_605' title='bbox 2734 4017 3188 4078; x_wconf 87' lang='lat' dir='ltr'><strong>intercedentibus</strong></span> <span class='ocrx_word' id='word_1_606' title='bbox 3235 4034 3291 4078; x_wconf 90' lang='lat' dir='ltr'><strong>et</strong></span> <span class='ocrx_word' id='word_1_607' title='bbox 3338 4029 3528 4084; x_wconf 81' lang='lat' dir='ltr'><strong>mediis</strong></span> 
     </span>
    </p>
   </div>
   <div class='ocr_carea' id='block_1_85' title="bbox 1945 4095 2320 4163">
    <p class='ocr_par' dir='ltr' id='par_1_85' title="bbox 1945 4095 2320 4163">
     <span class='ocr_line' id='line_1_85' title="bbox 1945 4095 2320 4163; baseline 0.011 -14"><span class='ocrx_word' id='word_1_608' title='bbox 1945 4095 2320 4163; x_wconf 75' lang='lat' dir='ltr'><strong>signatoribus.</strong></span> 
     </span>
    </p>
   </div>
   <div class='ocr_carea' id='block_1_86' title="bbox 2015 4188 3525 4282">
    <p class='ocr_par' dir='ltr' id='par_1_86' title="bbox 2015 4188 3525 4282">
     <span class='ocr_line' id='line_1_86' title="bbox 2015 4188 3525 4282; baseline 0.016 -40"><span class='ocrx_word' id='word_1_609' title='bbox 2015 4189 2055 4261; x_wconf 74' lang='grc' dir='ltr'><strong>-ι-</strong></span> <span class='ocrx_word' id='word_1_610' title='bbox 2082 4188 2356 4260; x_wconf 77' lang='lat' dir='ltr'><strong>Remigius</strong></span> <span class='ocrx_word' id='word_1_611' title='bbox 2383 4194 2667 4266; x_wconf 88' lang='lat' dir='ltr'><strong>episcopus</strong></span> <span class='ocrx_word' id='word_1_612' title='bbox 2700 4207 3081 4257; x_wconf 75' lang='lat' dir='ltr'><strong>testamentum</strong></span> <span class='ocrx_word' id='word_1_613' title='bbox 3129 4222 3306 4262; x_wconf 90' lang='lat' dir='ltr'><strong>meum</strong></span> <span class='ocrx_word' id='word_1_614' title='bbox 3338 4210 3525 4282; x_wconf 82' lang='lat' dir='ltr'><strong>relegi,</strong></span> 
     </span>
    </p>
   </div>
   <div class='ocr_carea' id='block_1_87' title="bbox 1946 4280 3527 4362">
    <p class='ocr_par' dir='ltr' id='par_1_87' title="bbox 1946 4280 3527 4362">
     <span class='ocr_line' id='line_1_87' title="bbox 1946 4280 3527 4362; baseline 0.017 -27"><span class='ocrx_word' id='word_1_615' title='bbox 1946 4280 2174 4351; x_wconf 72' lang='lat' dir='ltr'><strong>signari,</strong></span> <span class='ocrx_word' id='word_1_616' title='bbox 2202 4286 2513 4357; x_wconf 90' lang='lat' dir='ltr'><strong>subscripsi,</strong></span> <span class='ocrx_word' id='word_1_617' title='bbox 2543 4298 2596 4343; x_wconf 93' lang='lat' dir='ltr'><strong>et</strong></span> <span class='ocrx_word' id='word_1_618' title='bbox 2632 4290 2687 4345; x_wconf 84' lang='lat' dir='ltr'><strong>in</strong></span> <span class='ocrx_word' id='word_1_619' title='bbox 2727 4294 2945 4350; x_wconf 87' lang='lat' dir='ltr'><strong>nomine</strong></span> <span class='ocrx_word' id='word_1_620' title='bbox 2981 4295 3157 4354; x_wconf 80' lang='lat' dir='ltr'><strong>Patris</strong></span> <span class='ocrx_word' id='word_1_621' title='bbox 3204 4311 3259 4356; x_wconf 91' lang='lat' dir='ltr'><strong>et</strong></span> <span class='ocrx_word' id='word_1_622' title='bbox 3304 4301 3422 4360; x_wconf 83' lang='lat' dir='ltr'><strong>Filii</strong></span> <span class='ocrx_word' id='word_1_623' title='bbox 3471 4280 3527 4362; x_wconf 81' lang='lat' dir='ltr'><strong>et</strong></span> 
     </span>
    </p>
   </div>
   <div class='ocr_carea' id='block_1_88' title="bbox 1945 4371 3283 4463">
    <p class='ocr_par' dir='ltr' id='par_1_88' title="bbox 1945 4371 3283 4463">
     <span class='ocr_line' id='line_1_88' title="bbox 1945 4371 3283 4463; baseline 0.019 -38"><span class='ocrx_word' id='word_1_624' title='bbox 1945 4371 2180 4442; x_wconf 87' lang='lat' dir='ltr'><strong>Spiritus</strong></span> <span class='ocrx_word' id='word_1_625' title='bbox 2207 4379 2400 4445; x_wconf 90' lang='lat' dir='ltr'><strong>sancti,</strong></span> <span class='ocrx_word' id='word_1_626' title='bbox 2427 4378 2658 4437; x_wconf 91' lang='lat' dir='ltr'><strong>Domino</strong></span> <span class='ocrx_word' id='word_1_627' title='bbox 2686 4384 2973 4454; x_wconf 89' lang='lat' dir='ltr'><strong>adjuvante</strong></span> <span class='ocrx_word' id='word_1_628' title='bbox 2998 4393 3283 4463; x_wconf 88' lang='lat' dir='ltr'><strong>complevi.</strong></span> 
     </span>
    </p>
   </div>
   <div class='ocr_carea' id='block_1_89' title="bbox 2019 4465 3177 4553">
    <p class='ocr_par' dir='ltr' id='par_1_89' title="bbox 2019 4465 3177 4553">
     <span class='ocr_line' id='line_1_89' title="bbox 2019 4465 3177 4553; baseline 0.016 -34"><span class='ocrx_word' id='word_1_629' title='bbox 2019 4465 2079 4537; x_wconf 71' lang='grc' dir='ltr'><strong>Υ.</strong></span> <span class='ocrx_word' id='word_1_630' title='bbox 2120 4468 2182 4523; x_wconf 85' lang='lat' dir='ltr'><strong>C.</strong></span> <span class='ocrx_word' id='word_1_631' title='bbox 2223 4466 2491 4540; x_wconf 90' lang='lat' dir='ltr'><strong>Pappolus</strong></span> <span class='ocrx_word' id='word_1_632' title='bbox 2517 4472 2754 4540; x_wconf 89' lang='lat' dir='ltr'><strong>intetfui,</strong></span> <span class='ocrx_word' id='word_1_633' title='bbox 2786 4486 2842 4533; x_wconf 87' lang='lat' dir='ltr'><strong>et</strong></span> <span class='ocrx_word' id='word_1_634' title='bbox 2870 4479 3177 4553; x_wconf 89' lang='lat' dir='ltr'><strong>subscripsi.</strong></span> 
     </span>
    </p>
   </div>
   <div class='ocr_carea' id='block_1_90' title="bbox 2015 4559 3108 4642">
    <p class='ocr_par' dir='ltr' id='par_1_90' title="bbox 2015 4559 3108 4642">
     <span class='ocr_line' id='line_1_90' title="bbox 2015 4559 3108 4642; baseline 0.014 -28"><span class='ocrx_word' id='word_1_635' title='bbox 2015 4559 2078 4615; x_wconf 82' lang='lat' dir='ltr'><strong>V.</strong></span> <span class='ocrx_word' id='word_1_636' title='bbox 2118 4561 2179 4616; x_wconf 91' lang='lat' dir='ltr'><strong>C.</strong></span> <span class='ocrx_word' id='word_1_637' title='bbox 2222 4562 2530 4621; x_wconf 81' lang='lat' dir='ltr'><strong>Rusticolus</strong></span> <span class='ocrx_word' id='word_1_638' title='bbox 2552 4567 2788 4636; x_wconf 90' lang='lat' dir='ltr'><strong>interfui,</strong></span> <span class='ocrx_word' id='word_1_639' title='bbox 2815 4580 2870 4625; x_wconf 90' lang='lat' dir='ltr'><strong>et</strong></span> <span class='ocrx_word' id='word_1_640' title='bbox 2889 4574 3108 4642; x_wconf 80' lang='lat' dir='ltr'><strong>signavi.</strong></span> 
     </span>
    </p>
   </div>
   <div class='ocr_carea' id='block_1_91' title="bbox 259 4648 3067 4733">
    <p class='ocr_par' dir='ltr' id='par_1_91' title="bbox 259 4648 3067 4733">
     <span class='ocr_line' id='line_1_91' title="bbox 259 4648 3067 4733; baseline 0.006 -29"><span class='ocrx_word' id='word_1_641' title='bbox 259 4648 770 4704; x_wconf 88' lang='lat' dir='ltr'><strong>commemoratione</strong></span> <span class='ocrx_word' id='word_1_642' title='bbox 797 4663 915 4703; x_wconf 88' lang='lat' dir='ltr'><strong>mea</strong></span> <span class='ocrx_word' id='word_1_643' title='bbox 941 4651 1107 4705; x_wconf 87' lang='lat' dir='ltr'><strong>sacris</strong></span> <span class='ocrx_word' id='word_1_644' title='bbox 1126 4651 1381 4706; x_wconf 88' lang='lat' dir='ltr'><strong>altaribus</strong></span> <span class='ocrx_word' id='word_1_645' title='bbox 1410 4651 1668 4705; x_wconf 75' lang='lat' dir='ltr'><strong>offeratur</strong></span> <span class='ocrx_word' id='word_1_646' title='bbox 1692 4652 1843 4707; x_wconf 83' lang='lat' dir='ltr'><strong>obla-</strong></span> <span class='ocrx_word' id='word_1_647' title='bbox 1871 4667 1925 4726; x_wconf 82' lang='lat' dir='ltr'><strong>D</strong></span> <span class='ocrx_word' id='word_1_648' title='bbox 2021 4653 2084 4707; x_wconf 83' lang='lat' dir='ltr'><strong>V.</strong></span> <span class='ocrx_word' id='word_1_649' title='bbox 2121 4653 2182 4709; x_wconf 88' lang='lat' dir='ltr'><strong>C.</strong></span> <span class='ocrx_word' id='word_1_650' title='bbox 2226 4653 2483 4713; x_wconf 87' lang='lat' dir='ltr'><strong>Eulodius</strong></span> <span class='ocrx_word' id='word_1_651' title='bbox 2504 4660 2739 4724; x_wconf 87' lang='lat' dir='ltr'><strong>interfui,</strong></span> <span class='ocrx_word' id='word_1_652' title='bbox 2769 4672 2824 4717; x_wconf 88' lang='lat' dir='ltr'><strong>et</strong></span> <span class='ocrx_word' id='word_1_653' title='bbox 2844 4664 3067 4733; x_wconf 85' lang='lat' dir='ltr'><strong>signavi.</strong></span> 
     </span>
    </p>
   </div>
   <div class='ocr_carea' id='block_1_92' title="bbox 259 4738 1842 4823">
    <p class='ocr_par' dir='ltr' id='par_1_92' title="bbox 259 4738 1842 4823">
     <span class='ocr_line' id='line_1_92' title="bbox 259 4738 1842 4823; baseline 0.001 -29"><span class='ocrx_word' id='word_1_654' title='bbox 259 4739 356 4805; x_wconf 89' lang='lat' dir='ltr'><strong>tio,</strong></span> <span class='ocrx_word' id='word_1_655' title='bbox 387 4748 444 4794; x_wconf 92' lang='lat' dir='ltr'><strong>et</strong></span> <span class='ocrx_word' id='word_1_656' title='bbox 469 4738 915 4823; x_wconf 82' lang='lat' dir='ltr'><strong>Lugdunensibus</strong></span> <span class='ocrx_word' id='word_1_657' title='bbox 950 4740 1278 4812; x_wconf 88' lang='lat' dir='ltr'><strong>presbyteris</strong></span> <span class='ocrx_word' id='word_1_658' title='bbox 1324 4749 1487 4809; x_wconf 88' lang='lat' dir='ltr'><strong>atque</strong></span> <span class='ocrx_word' id='word_1_659' title='bbox 1527 4741 1842 4796; x_wconf 90' lang='lat' dir='ltr'><strong>diaconibus</strong></span> 
     </span>
    </p>
   </div>
   <div class='ocr_carea' id='block_1_93' title="bbox 206 4829 1836 4900">
    <p class='ocr_par' dir='ltr' id='par_1_93' title="bbox 206 4829 1836 4900">
     <span class='ocr_line' id='line_1_93' title="bbox 206 4829 1836 4900; baseline 0.001 -19"><span class='ocrx_word' id='word_1_660' title='bbox 206 4876 207 4881; x_wconf 46' lang='grc' dir='ltr'><strong>η</strong></span> <span class='ocrx_word' id='word_1_661' title='bbox 259 4846 434 4887; x_wconf 88' lang='lat' dir='ltr'><strong>annua</strong></span> <span class='ocrx_word' id='word_1_662' title='bbox 483 4831 748 4896; x_wconf 87' lang='lat' dir='ltr'><strong>convivia,</strong></span> <span class='ocrx_word' id='word_1_663' title='bbox 797 4829 1128 4885; x_wconf 89' lang='lat' dir='ltr'><strong>concedente</strong></span> <span class='ocrx_word' id='word_1_664' title='bbox 1172 4829 1419 4894; x_wconf 90' lang='lat' dir='ltr'><strong>Domino,</strong></span> <span class='ocrx_word' id='word_1_665' title='bbox 1475 4829 1836 4900; x_wconf 75' lang='lat' dir='ltr'><strong>prmbeantur.</strong></span> 
     </span>
    </p>
   </div>
   <div class='ocr_carea' id='block_1_94' title="bbox 257 4921 1835 4993">
    <p class='ocr_par' dir='ltr' id='par_1_94' title="bbox 257 4921 1835 4993">
     <span class='ocr_line' id='line_1_94' title="bbox 257 4921 1835 4993; baseline -0.001 -15"><span class='ocrx_word' id='word_1_666' title='bbox 257 4924 408 4979; x_wconf 91' lang='lat' dir='ltr'><strong>Dono</strong></span> <span class='ocrx_word' id='word_1_667' title='bbox 452 4924 694 4980; x_wconf 74' lang='lat' dir='ltr'><strong>ecclesia:</strong></span> <span class='ocrx_word' id='word_1_668' title='bbox 737 4921 1075 4993; x_wconf 87' lang='lat' dir='ltr'><strong>Lugdunensi</strong></span> <span class='ocrx_word' id='word_1_669' title='bbox 1115 4922 1315 4979; x_wconf 89' lang='lat' dir='ltr'><strong>solidos</strong></span> <span class='ocrx_word' id='word_1_670' title='bbox 1359 4923 1544 4978; x_wconf 91' lang='lat' dir='ltr'><strong>decem</strong></span> <span class='ocrx_word' id='word_1_671' title='bbox 1593 4932 1649 4978; x_wconf 90' lang='lat' dir='ltr'><strong>et</strong></span> <span class='ocrx_word' id='word_1_672' title='bbox 1689 4932 1835 4986; x_wconf 90' lang='lat' dir='ltr'><strong>octo,</strong></span> 
     </span>
    </p>
   </div>
   <div class='ocr_carea' id='block_1_95' title="bbox 255 5013 1836 5087">
    <p class='ocr_par' dir='ltr' id='par_1_95' title="bbox 255 5013 1836 5087">
     <span class='ocr_line' id='line_1_95' title="bbox 255 5013 1836 5087; baseline 0.001 -20"><span class='ocrx_word' id='word_1_673' title='bbox 255 5029 391 5082; x_wconf 91' lang='lat' dir='ltr'><strong>quos</strong></span> <span class='ocrx_word' id='word_1_674' title='bbox 420 5015 719 5087; x_wconf 80' lang='lat' dir='ltr'><strong>presbyteri</strong></span> <span class='ocrx_word' id='word_1_675' title='bbox 742 5022 797 5069; x_wconf 93' lang='lat' dir='ltr'><strong>et</strong></span> <span class='ocrx_word' id='word_1_676' title='bbox 818 5013 1028 5070; x_wconf 91' lang='lat' dir='ltr'><strong>diaconi</strong></span> <span class='ocrx_word' id='word_1_677' title='bbox 1060 5014 1202 5067; x_wconf 91' lang='lat' dir='ltr'><strong>inter</strong></span> <span class='ocrx_word' id='word_1_678' title='bbox 1235 5029 1296 5068; x_wconf 91' lang='lat' dir='ltr'><strong>se</strong></span> <span class='ocrx_word' id='word_1_679' title='bbox 1335 5014 1527 5084; x_wconf 66' lang='lat' dir='ltr'><strong>aequali</strong></span> <span class='ocrx_word' id='word_1_680' title='bbox 1571 5014 1836 5068; x_wconf 90' lang='lat' dir='ltr'><strong>divisione</strong></span> 
     </span>
    </p>
   </div>
   <div class='ocr_carea' id='block_1_96' title="bbox 256 5101 1837 5173">
    <p class='ocr_par' dir='ltr' id='par_1_96' title="bbox 256 5101 1837 5173">
     <span class='ocr_line' id='line_1_96' title="bbox 256 5101 1837 5173; baseline 0.003 -18"><span class='ocrx_word' id='word_1_681' title='bbox 256 5102 595 5157; x_wconf 86' lang='lat' dir='ltr'><strong>distribuant.</strong></span> <span class='ocrx_word' id='word_1_682' title='bbox 622 5102 834 5158; x_wconf 89' lang='lat' dir='ltr'><strong>Partem</strong></span> <span class='ocrx_word' id='word_1_683' title='bbox 864 5120 1038 5160; x_wconf 92' lang='lat' dir='ltr'><strong>meam</strong></span> <span class='ocrx_word' id='word_1_684' title='bbox 1064 5103 1133 5158; x_wconf 91' lang='lat' dir='ltr'><strong>de</strong></span> <span class='ocrx_word' id='word_1_685' title='bbox 1161 5101 1316 5159; x_wconf 89' lang='lat' dir='ltr'><strong>Secia</strong></span> <span class='ocrx_word' id='word_1_686' title='bbox 1342 5119 1410 5159; x_wconf 79' lang='lat' dir='ltr'><strong>ex</strong></span> <span class='ocrx_word' id='word_1_687' title='bbox 1436 5104 1642 5173; x_wconf 85' lang='lat' dir='ltr'><strong>integro</strong></span> <span class='ocrx_word' id='word_1_688' title='bbox 1670 5104 1737 5159; x_wconf 89' lang='lat' dir='ltr'><strong>ad</strong></span> <span class='ocrx_word' id='word_1_689' title='bbox 1776 5119 1837 5160; x_wconf 86' lang='lat' dir='ltr'><strong>se</strong></span> 
     </span>
    </p>
   </div>
   <div class='ocr_carea' id='block_1_97' title="bbox 255 5194 1836 5265">
    <p class='ocr_par' dir='ltr' id='par_1_97' title="bbox 255 5194 1836 5265">
     <span class='ocr_line' id='line_1_97' title="bbox 255 5194 1836 5265; baseline 0.003 -19"><span class='ocrx_word' id='word_1_690' title='bbox 255 5202 472 5248; x_wconf 84' lang='lat' dir='ltr'><strong>revocet</strong></span> <span class='ocrx_word' id='word_1_691' title='bbox 498 5194 726 5249; x_wconf 86' lang='lat' dir='ltr'><strong>ecclesia</strong></span> <span class='ocrx_word' id='word_1_692' title='bbox 756 5195 1144 5265; x_wconf 87' lang='lat' dir='ltr'><strong>Lugdunensis.</strong></span> <span class='ocrx_word' id='word_1_693' title='bbox 1188 5194 1521 5253; x_wconf 88' lang='lat' dir='ltr'><strong>Commendo</strong></span> <span class='ocrx_word' id='word_1_694' title='bbox 1560 5198 1836 5253; x_wconf 87' lang='lat' dir='ltr'><strong>sanctitati</strong></span> 
     </span>
    </p>
   </div>
   <div class='ocr_carea' id='block_1_98' title="bbox 257 5280 1834 5360">
    <p class='ocr_par' dir='ltr' id='par_1_98' title="bbox 257 5280 1834 5360">
     <span class='ocr_line' id='line_1_98' title="bbox 257 5280 1834 5360; baseline 0.009 -27"><span class='ocrx_word' id='word_1_695' title='bbox 257 5289 379 5344; x_wconf 81' lang='lat' dir='ltr'><strong>tuae,</strong></span> <span class='ocrx_word' id='word_1_696' title='bbox 424 5280 495 5336; x_wconf 91' lang='lat' dir='ltr'><strong>ﬁli</strong></span> <span class='ocrx_word' id='word_1_697' title='bbox 538 5282 718 5338; x_wconf 89' lang='lat' dir='ltr'><strong>fratris</strong></span> <span class='ocrx_word' id='word_1_698' title='bbox 754 5288 879 5352; x_wconf 91' lang='lat' dir='ltr'><strong>mei,</strong></span> <span class='ocrx_word' id='word_1_699' title='bbox 933 5286 1080 5358; x_wconf 89' lang='lat' dir='ltr'><strong>Lupe</strong></span> <span class='ocrx_word' id='word_1_700' title='bbox 1123 5288 1392 5359; x_wconf 87' lang='lat' dir='ltr'><strong>episc0pe,</strong></span> <span class='ocrx_word' id='word_1_701' title='bbox 1434 5305 1571 5360; x_wconf 91' lang='lat' dir='ltr'><strong>quos</strong></span> <span class='ocrx_word' id='word_1_702' title='bbox 1612 5291 1834 5347; x_wconf 89' lang='lat' dir='ltr'><strong>libertos</strong></span> 
     </span>
    </p>
   </div>
   <div class='ocr_carea' id='block_1_99' title="bbox 255 5376 1829 5454">
    <p class='ocr_par' dir='ltr' id='par_1_99' title="bbox 255 5376 1829 5454">
     <span class='ocr_line' id='line_1_99' title="bbox 255 5376 1829 5454; baseline 0.008 -28"><span class='ocrx_word' id='word_1_703' title='bbox 255 5382 371 5426; x_wconf 81' lang='lat' dir='ltr'><strong>esse</strong></span> <span class='ocrx_word' id='word_1_704' title='bbox 399 5376 667 5446; x_wconf 77' lang='lat' dir='ltr'><strong>prmcipio,</strong></span> <span class='ocrx_word' id='word_1_705' title='bbox 688 5376 1095 5435; x_wconf 88' lang='lat' dir='ltr'><strong>Carthusionem</strong></span> <span class='ocrx_word' id='word_1_706' title='bbox 1118 5390 1173 5436; x_wconf 89' lang='lat' dir='ltr'><strong>et</strong></span> <span class='ocrx_word' id='word_1_707' title='bbox 1194 5382 1527 5437; x_wconf 83' lang='lat' dir='ltr'><strong>Auliatevam</strong></span> <span class='ocrx_word' id='word_1_708' title='bbox 1548 5384 1829 5454; x_wconf 88' lang='lat' dir='ltr'><strong>conjugem</strong></span> 
     </span>
    </p>
   </div>
   <div class='ocr_carea' id='block_1_100' title="bbox 253 5464 1831 5540">
    <p class='ocr_par' dir='ltr' id='par_1_100' title="bbox 253 5464 1831 5540">
     <span class='ocr_line' id='line_1_100' title="bbox 253 5464 1831 5540; baseline 0.009 -23"><span class='ocrx_word' id='word_1_709' title='bbox 253 5478 437 5531; x_wconf 90' lang='lat' dir='ltr'><strong>suam;</strong></span> <span class='ocrx_word' id='word_1_710' title='bbox 468 5464 822 5533; x_wconf 87' lang='lat' dir='ltr'><strong>Nonnionem,</strong></span> <span class='ocrx_word' id='word_1_711' title='bbox 854 5471 946 5539; x_wconf 90' lang='lat' dir='ltr'><strong>qui</strong></span> <span class='ocrx_word' id='word_1_712' title='bbox 976 5487 1151 5527; x_wconf 89' lang='lat' dir='ltr'><strong>meam</strong></span> <span class='ocrx_word' id='word_1_713' title='bbox 1184 5476 1391 5529; x_wconf 90' lang='lat' dir='ltr'><strong>vineam</strong></span> <span class='ocrx_word' id='word_1_714' title='bbox 1426 5472 1585 5540; x_wconf 87' lang='lat' dir='ltr'><strong>facit;</strong></span> <span class='ocrx_word' id='word_1_715' title='bbox 1615 5473 1831 5531; x_wconf 88' lang='lat' dir='ltr'><strong>Sunuo—</strong></span> 
     </span>
    </p>
   </div>
   <div class='ocr_carea' id='block_1_101' title="bbox 252 5555 1823 5633">
    <p class='ocr_par' dir='ltr' id='par_1_101' title="bbox 252 5555 1823 5633">
     <span class='ocr_line' id='line_1_101' title="bbox 252 5555 1823 5633; baseline 0.01 -26"><span class='ocrx_word' id='word_1_716' title='bbox 252 5555 475 5623; x_wconf 87' lang='lat' dir='ltr'><strong>veifam,</strong></span> <span class='ocrx_word' id='word_1_717' title='bbox 518 5573 677 5627; x_wconf 90' lang='lat' dir='ltr'><strong>quam</strong></span> <span class='ocrx_word' id='word_1_718' title='bbox 725 5561 990 5628; x_wconf 85' lang='lat' dir='ltr'><strong>captivam</strong></span> <span class='ocrx_word' id='word_1_719' title='bbox 1034 5564 1268 5629; x_wconf 89' lang='lat' dir='ltr'><strong>redemi,</strong></span> <span class='ocrx_word' id='word_1_720' title='bbox 1311 5565 1466 5619; x_wconf 90' lang='lat' dir='ltr'><strong>bonis</strong></span> <span class='ocrx_word' id='word_1_721' title='bbox 1510 5568 1823 5633; x_wconf 87' lang='lat' dir='ltr'><strong>parentibus</strong></span> 
     </span>
    </p>
   </div>
   <div class='ocr_carea' id='block_1_102' title="bbox 253 5645 1823 5719">
    <p class='ocr_par' dir='ltr' id='par_1_102' title="bbox 253 5645 1823 5719">
     <span class='ocr_line' id='line_1_102' title="bbox 253 5645 1823 5719; baseline 0.008 -19"><span class='ocrx_word' id='word_1_722' title='bbox 253 5653 450 5711; x_wconf 87' lang='lat' dir='ltr'><strong>natam,</strong></span> <span class='ocrx_word' id='word_1_723' title='bbox 483 5653 537 5700; x_wconf 93' lang='lat' dir='ltr'><strong>et</strong></span> <span class='ocrx_word' id='word_1_724' title='bbox 565 5645 680 5715; x_wconf 89' lang='lat' dir='ltr'><strong>ejus</strong></span> <span class='ocrx_word' id='word_1_725' title='bbox 729 5649 894 5703; x_wconf 89' lang='lat' dir='ltr'><strong>tilium</strong></span> <span class='ocrx_word' id='word_1_726' title='bbox 940 5648 1343 5719; x_wconf 84' lang='lat' dir='ltr'><strong>Leuberedum;</strong></span> <span class='ocrx_word' id='word_1_727' title='bbox 1388 5652 1721 5713; x_wconf 82' lang='lat' dir='ltr'><strong>Mellaridum</strong></span> <span class='ocrx_word' id='word_1_728' title='bbox 1769 5667 1823 5713; x_wconf 90' lang='lat' dir='ltr'><strong>et</strong></span> 
     </span>
    </p>
   </div>
   <div class='ocr_carea' id='block_1_103' title="bbox 250 5734 1823 5828">
    <p class='ocr_par' dir='ltr' id='par_1_103' title="bbox 250 5734 1823 5828">
     <span class='ocr_line' id='line_1_103' title="bbox 250 5734 1823 5828; baseline 0.011 -39"><span class='ocrx_word' id='word_1_729' title='bbox 250 5734 615 5804; x_wconf 70' lang='lat' dir='ltr'><strong>Mellatevam;</strong></span> <span class='ocrx_word' id='word_1_730' title='bbox 644 5739 927 5820; x_wconf 76' lang='lat' dir='ltr'><strong>Vasantam</strong></span> <span class='ocrx_word' id='word_1_731' title='bbox 961 5759 1222 5828; x_wconf 77' lang='lat' dir='ltr'><strong>coquum,</strong></span> <span class='ocrx_word' id='word_1_732' title='bbox 1252 5746 1555 5810; x_wconf 79' lang='lat' dir='ltr'><strong>Cesariam,</strong></span> <span class='ocrx_word' id='word_1_733' title='bbox 1587 5747 1823 5820; x_wconf 84' lang='lat' dir='ltr'><strong>Dagara-</strong></span> 
     </span>
    </p>
   </div>
   <div class='ocr_carea' id='block_1_104' title="bbox 318 5891 2301 6002">
    <p class='ocr_par' dir='ltr' id='par_1_104' title="bbox 318 5891 2301 6002">
     <span class='ocr_line' id='line_1_104' title="bbox 318 5891 2301 6002; baseline 0.017 -72"><span class='ocrx_word' id='word_1_734' title='bbox 318 5902 340 5928; x_wconf 74' lang='lat' dir='ltr'><strong>a</strong></span> <span class='ocrx_word' id='word_1_735' title='bbox 369 5891 478 5947; x_wconf 83' lang='lat' dir='ltr'><strong>Hos</strong></span> <span class='ocrx_word' id='word_1_736' title='bbox 502 5907 686 5950; x_wconf 86' lang='lat' dir='ltr'><strong>versus</strong></span> <span class='ocrx_word' id='word_1_737' title='bbox 716 5894 1262 6002; x_wconf 64' lang='lat' dir='ltr'><strong>recitatFIOdoardus</strong></span> <span class='ocrx_word' id='word_1_738' title='bbox 1290 5900 1340 5952; x_wconf 90' lang='lat' dir='ltr'><strong>in</strong></span> <span class='ocrx_word' id='word_1_739' title='bbox 1385 5894 1511 5953; x_wconf 87' lang='lat' dir='ltr'><strong>Hist.</strong></span> <span class='ocrx_word' id='word_1_740' title='bbox 1565 5898 1822 5960; x_wconf 81' lang='lat' dir='ltr'><strong>Remens.</strong></span> <span class='ocrx_word' id='word_1_741' title='bbox 1861 5903 1952 5962; x_wconf 90' lang='lat' dir='ltr'><strong>lib.</strong></span> <span class='ocrx_word' id='word_1_742' title='bbox 1989 5922 2023 5974; x_wconf 85' lang='grc' dir='ltr'><strong>ι,</strong></span> <span class='ocrx_word' id='word_1_743' title='bbox 2056 5922 2174 5980; x_wconf 87' lang='lat' dir='ltr'><strong>cap.</strong></span> <span class='ocrx_word' id='word_1_744' title='bbox 2218 5909 2301 5965; x_wconf 77' lang='lat' dir='ltr'><strong>to.</strong></span> 
     </span>
    </p>
   </div>
   <div class='ocr_carea' id='block_1_105' title="bbox 2013 4742 3102 4824">
    <p class='ocr_par' dir='ltr' id='par_1_105' title="bbox 2013 4742 3102 4824">
     <span class='ocr_line' id='line_1_105' title="bbox 2013 4742 3102 4824; baseline 0.015 -29"><span class='ocrx_word' id='word_1_745' title='bbox 2013 4742 2077 4796; x_wconf 83' lang='lat' dir='ltr'><strong>V.</strong></span> <span class='ocrx_word' id='word_1_746' title='bbox 2114 4742 2177 4797; x_wconf 89' lang='lat' dir='ltr'><strong>C.</strong></span> <span class='ocrx_word' id='word_1_747' title='bbox 2215 4742 2503 4816; x_wconf 88' lang='lat' dir='ltr'><strong>Eutropius</strong></span> <span class='ocrx_word' id='word_1_748' title='bbox 2529 4749 2763 4817; x_wconf 90' lang='lat' dir='ltr'><strong>interfui,</strong></span> <span class='ocrx_word' id='word_1_749' title='bbox 2796 4762 2852 4808; x_wconf 91' lang='lat' dir='ltr'><strong>et</strong></span> <span class='ocrx_word' id='word_1_750' title='bbox 2877 4756 3102 4824; x_wconf 87' lang='lat' dir='ltr'><strong>signavi.</strong></span> 
     </span>
    </p>
   </div>
   <div class='ocr_carea' id='block_1_106' title="bbox 2013 4834 3075 4915">
    <p class='ocr_par' dir='ltr' id='par_1_106' title="bbox 2013 4834 3075 4915">
     <span class='ocr_line' id='line_1_106' title="bbox 2013 4834 3075 4915; baseline 0.014 -27"><span class='ocrx_word' id='word_1_751' title='bbox 2013 4835 2077 4888; x_wconf 73' lang='grc' dir='ltr'><strong>γ.</strong></span> <span class='ocrx_word' id='word_1_752' title='bbox 2119 4834 2181 4890; x_wconf 86' lang='lat' dir='ltr'><strong>C.</strong></span> <span class='ocrx_word' id='word_1_753' title='bbox 2222 4835 2482 4893; x_wconf 86' lang='lat' dir='ltr'><strong>Eusebius</strong></span> <span class='ocrx_word' id='word_1_754' title='bbox 2509 4839 2747 4911; x_wconf 88' lang='lat' dir='ltr'><strong>interfui,</strong></span> <span class='ocrx_word' id='word_1_755' title='bbox 2776 4853 2830 4899; x_wconf 92' lang='lat' dir='ltr'><strong>et</strong></span> <span class='ocrx_word' id='word_1_756' title='bbox 2853 4847 3075 4915; x_wconf 73' lang='lat' dir='ltr'><strong>signari.</strong></span> 
     </span>
    </p>
   </div>
   <div class='ocr_carea' id='block_1_107' title="bbox 2013 4927 3052 5009">
    <p class='ocr_par' dir='ltr' id='par_1_107' title="bbox 2013 4927 3052 5009">
     <span class='ocr_line' id='line_1_107' title="bbox 2013 4927 3052 5009; baseline 0.016 -29"><span class='ocrx_word' id='word_1_757' title='bbox 2013 4928 2072 4982; x_wconf 88' lang='lat' dir='ltr'><strong>V.</strong></span> <span class='ocrx_word' id='word_1_758' title='bbox 2116 4927 2179 4982; x_wconf 86' lang='lat' dir='ltr'><strong>C.</strong></span> <span class='ocrx_word' id='word_1_759' title='bbox 2223 4929 2448 4987; x_wconf 83' lang='lat' dir='ltr'><strong>Daweus</strong></span> <span class='ocrx_word' id='word_1_760' title='bbox 2474 4933 2705 5000; x_wconf 89' lang='lat' dir='ltr'><strong>interfui,</strong></span> <span class='ocrx_word' id='word_1_761' title='bbox 2743 4946 2798 4992; x_wconf 85' lang='lat' dir='ltr'><strong>et</strong></span> <span class='ocrx_word' id='word_1_762' title='bbox 2824 4939 3052 5009; x_wconf 75' lang='lat' dir='ltr'><strong>signaVi.</strong></span> 
     </span>
    </p>
   </div>
   <div class='ocr_carea' id='block_1_108' title="bbox 2010 5018 3525 5104">
    <p class='ocr_par' dir='ltr' id='par_1_108' title="bbox 2010 5018 3525 5104">
     <span class='ocr_line' id='line_1_108' title="bbox 2010 5018 3525 5104; baseline 0.017 -31"><span class='ocrx_word' id='word_1_763' title='bbox 2010 5018 2139 5075; x_wconf 85' lang='lat' dir='ltr'><strong>Post</strong></span> <span class='ocrx_word' id='word_1_764' title='bbox 2158 5023 2435 5079; x_wconf 90' lang='lat' dir='ltr'><strong>conditum</strong></span> <span class='ocrx_word' id='word_1_765' title='bbox 2460 5033 2860 5097; x_wconf 90' lang='lat' dir='ltr'><strong>testamentum,</strong></span> <span class='ocrx_word' id='word_1_766' title='bbox 2886 5033 2995 5089; x_wconf 91' lang='lat' dir='ltr'><strong>imo</strong></span> <span class='ocrx_word' id='word_1_767' title='bbox 3015 5035 3303 5104; x_wconf 84' lang='lat' dir='ltr'><strong>signatum,</strong></span> <span class='ocrx_word' id='word_1_768' title='bbox 3334 5055 3525 5097; x_wconf 88' lang='lat' dir='ltr'><strong>occur-</strong></span> 
     </span>
    </p>
   </div>
   <div class='ocr_carea' id='block_1_109' title="bbox 1937 5111 3521 5203">
    <p class='ocr_par' dir='ltr' id='par_1_109' title="bbox 1937 5111 3521 5203">
     <span class='ocr_line' id='line_1_109' title="bbox 1937 5111 3521 5203; baseline 0.014 -38"><span class='ocrx_word' id='word_1_769' title='bbox 1937 5111 2010 5165; x_wconf 91' lang='lat' dir='ltr'><strong>rit</strong></span> <span class='ocrx_word' id='word_1_770' title='bbox 2036 5112 2283 5169; x_wconf 87' lang='lat' dir='ltr'><strong>sensibus</strong></span> <span class='ocrx_word' id='word_1_771' title='bbox 2311 5116 2464 5183; x_wconf 91' lang='lat' dir='ltr'><strong>meis,</strong></span> <span class='ocrx_word' id='word_1_772' title='bbox 2498 5127 2556 5172; x_wconf 92' lang='lat' dir='ltr'><strong>ut</strong></span> <span class='ocrx_word' id='word_1_773' title='bbox 2582 5117 2819 5177; x_wconf 84' lang='lat' dir='ltr'><strong>basilicae</strong></span> <span class='ocrx_word' id='word_1_774' title='bbox 2850 5122 3177 5200; x_wconf 78' lang='lat' dir='ltr'><strong>damnorum</strong></span> <span class='ocrx_word' id='word_1_775' title='bbox 3229 5140 3521 5203; x_wconf 88' lang='lat' dir='ltr'><strong>tnartyrum</strong></span> 
     </span>
    </p>
   </div>
   <div class='ocr_carea' id='block_1_110' title="bbox 1940 5202 3524 5288">
    <p class='ocr_par' dir='ltr' id='par_1_110' title="bbox 1940 5202 3524 5288">
     <span class='ocr_line' id='line_1_110' title="bbox 1940 5202 3524 5288; baseline 0.016 -32"><span class='ocrx_word' id='word_1_776' title='bbox 1940 5202 2207 5260; x_wconf 88' lang='lat' dir='ltr'><strong>Timothei</strong></span> <span class='ocrx_word' id='word_1_777' title='bbox 2248 5214 2305 5261; x_wconf 92' lang='lat' dir='ltr'><strong>et</strong></span> <span class='ocrx_word' id='word_1_778' title='bbox 2334 5206 2679 5278; x_wconf 38' lang='lat' dir='ltr'><strong>Apollinaris.</strong></span> <span class='ocrx_word' id='word_1_779' title='bbox 2704 5213 3010 5272; x_wconf 88' lang='lat' dir='ltr'><strong>missorium</strong></span> <span class='ocrx_word' id='word_1_780' title='bbox 3056 5202 3383 5288; x_wconf 13' lang='lat' dir='ltr'><strong>argenteum,</strong></span> <span class='ocrx_word' id='word_1_781' title='bbox 3427 5239 3524 5282; x_wconf 78' lang='lat' dir='ltr'><strong>sex</strong></span> 
     </span>
    </p>
   </div>
   <div class='ocr_carea' id='block_1_111' title="bbox 1937 5294 3522 5375">
    <p class='ocr_par' dir='ltr' id='par_1_111' title="bbox 1937 5294 3522 5375">
     <span class='ocr_line' id='line_1_111' title="bbox 1937 5294 3522 5375; baseline 0.018 -27"><span class='ocrx_word' id='word_1_782' title='bbox 1937 5294 2194 5351; x_wconf 85' lang='lat' dir='ltr'><strong>librarum</strong></span> <span class='ocrx_word' id='word_1_783' title='bbox 2222 5298 2296 5353; x_wconf 89' lang='lat' dir='ltr'><strong>ibi</strong></span> <span class='ocrx_word' id='word_1_784' title='bbox 2320 5300 2595 5371; x_wconf 91' lang='lat' dir='ltr'><strong>deputem,</strong></span> <span class='ocrx_word' id='word_1_785' title='bbox 2623 5313 2681 5358; x_wconf 91' lang='lat' dir='ltr'><strong>ut</strong></span> <span class='ocrx_word' id='word_1_786' title='bbox 2709 5322 2777 5361; x_wconf 82' lang='lat' dir='ltr'><strong>ex</strong></span> <span class='ocrx_word' id='word_1_787' title='bbox 2800 5322 2866 5364; x_wconf 90' lang='lat' dir='ltr'><strong>eo</strong></span> <span class='ocrx_word' id='word_1_788' title='bbox 2896 5310 3050 5367; x_wconf 90' lang='lat' dir='ltr'><strong>sedes</strong></span> <span class='ocrx_word' id='word_1_789' title='bbox 3070 5311 3247 5369; x_wconf 89' lang='lat' dir='ltr'><strong>futura</strong></span> <span class='ocrx_word' id='word_1_790' title='bbox 3276 5331 3522 5375; x_wconf 91' lang='lat' dir='ltr'><strong>meorum</strong></span> 
     </span>
    </p>
   </div>
   <div class='ocr_carea' id='block_1_112' title="bbox 1935 5386 3525 5460">
    <p class='ocr_par' dir='ltr' id='par_1_112' title="bbox 1935 5386 3525 5460">
     <span class='ocr_line' id='line_1_112' title="bbox 1935 5386 3525 5460; baseline 0.01 -20"><span class='ocrx_word' id='word_1_791' title='bbox 1935 5386 2135 5441; x_wconf 91' lang='lat' dir='ltr'><strong>ossium</strong></span> <span class='ocrx_word' id='word_1_792' title='bbox 2162 5400 2536 5460; x_wconf 91' lang='lat' dir='ltr'><strong>componatur.</strong></span> <span class='ocrx_word' id='word_1_793' title='bbox 3524 5394 3525 5397; x_wconf 46' lang='grc'><em>“</em></span> 
     </span>
    </p>
   </div>
   <div class='ocr_carea' id='block_1_113' title="bbox 2113 5479 3338 5563">
    <p class='ocr_par' dir='ltr' id='par_1_113' title="bbox 2113 5479 3338 5563">
     <span class='ocr_line' id='line_1_113' title="bbox 2113 5479 3338 5563; baseline 0.016 -31"><span class='ocrx_word' id='word_1_794' title='bbox 2113 5488 2141 5517; x_wconf 70' lang='grc' dir='ltr'>ι</span> <span class='ocrx_word' id='word_1_795' title='bbox 2169 5479 2437 5537; x_wconf 82' lang='lat' dir='ltr'><strong>VERSUS</strong></span> <span class='ocrx_word' id='word_1_796' title='bbox 2475 5483 2538 5537; x_wconf 88' lang='lat' dir='ltr'><strong>A.</strong></span> <span class='ocrx_word' id='word_1_797' title='bbox 2582 5485 2642 5539; x_wconf 89' lang='grc' dir='ltr'><strong>Β.</strong></span> <span class='ocrx_word' id='word_1_798' title='bbox 2683 5486 2966 5546; x_wconf 84' lang='lat' dir='ltr'><strong>REMIGIO</strong></span> <span class='ocrx_word' id='word_1_799' title='bbox 3002 5492 3338 5563; x_wconf 78' lang='lat' dir='ltr'><strong>DEDICATI,</strong></span> 
     </span>
    </p>
   </div>
   <div class='ocr_carea' id='block_1_114' title="bbox 1928 5569 3517 5655">
    <p class='ocr_par' dir='ltr' id='par_1_114' title="bbox 1928 5569 3517 5655">
     <span class='ocr_line' id='line_1_114' title="bbox 1928 5569 3517 5655; baseline 0.013 -31"><span class='ocrx_word' id='word_1_800' title='bbox 1928 5569 2157 5644; x_wconf 79' lang='lat' dir='ltr'><strong>Ejusque</strong></span> <span class='ocrx_word' id='word_1_801' title='bbox 2177 5573 2326 5643; x_wconf 76' lang='lat' dir='ltr'><strong>jussu</strong></span> <span class='ocrx_word' id='word_1_802' title='bbox 2346 5576 2399 5628; x_wconf 81' lang='lat' dir='ltr'><strong>in</strong></span> <span class='ocrx_word' id='word_1_803' title='bbox 2420 5592 2539 5630; x_wconf 79' lang='lat' dir='ltr'><strong>vase</strong></span> <span class='ocrx_word' id='word_1_804' title='bbox 2551 5592 2791 5649; x_wconf 78' lang='lat' dir='ltr'><strong>argenteo</strong></span> <span class='ocrx_word' id='word_1_805' title='bbox 2819 5583 3062 5655; x_wconf 78' lang='lat' dir='ltr'><strong>insculpti</strong></span> <span class='ocrx_word' id='word_1_806' title='bbox 3092 5587 3163 5640; x_wconf 82' lang='lat' dir='ltr'><strong>ad</strong></span> <span class='ocrx_word' id='word_1_807' title='bbox 3184 5603 3328 5642; x_wconf 72' lang='lat' dir='ltr'><strong>usum</strong></span> <span class='ocrx_word' id='word_1_808' title='bbox 3362 5605 3517 5646; x_wconf 78' lang='lat' dir='ltr'><strong>rene-</strong></span> 
     </span>
    </p>
   </div>
   <div class='ocr_carea' id='block_1_115' title="bbox 2258 5664 3190 5738">
    <p class='ocr_par' dir='ltr' id='par_1_115' title="bbox 2258 5664 3190 5738">
     <span class='ocr_line' id='line_1_115' title="bbox 2258 5664 3190 5738; baseline 0.018 -23"><span class='ocrx_word' id='word_1_809' title='bbox 2258 5664 2439 5738; x_wconf 78' lang='lat' dir='ltr'><strong>rabilis</strong></span> <span class='ocrx_word' id='word_1_810' title='bbox 2475 5671 2789 5725; x_wconf 77' lang='lat' dir='ltr'><strong>sacramenti</strong></span> <span class='ocrx_word' id='word_1_811' title='bbox 2824 5671 3190 5732; x_wconf 69' lang='lat' dir='ltr'><strong>Eucharistiaz.</strong></span> 
     </span>
    </p>
   </div>
   <div class='ocr_carea' id='block_1_116' title="bbox 1888 5751 3328 5840">
    <p class='ocr_par' dir='ltr' id='par_1_116' title="bbox 1888 5751 3328 5840">
     <span class='ocr_line' id='line_1_116' title="bbox 1888 5751 3328 5840; baseline 0.015 -36"><span class='ocrx_word' id='word_1_812' title='bbox 1888 5758 1902 5777; x_wconf 78' lang='lat'><strong><em>‘</em></strong></span> <span class='ocrx_word' id='word_1_813' title='bbox 1930 5751 2153 5808; x_wconf 83' lang='lat' dir='ltr'><strong>Hauriat</strong></span> <span class='ocrx_word' id='word_1_814' title='bbox 2179 5755 2302 5811; x_wconf 92' lang='lat' dir='ltr'><strong>hinc</strong></span> <span class='ocrx_word' id='word_1_815' title='bbox 2329 5757 2558 5828; x_wconf 88' lang='lat' dir='ltr'><strong>populus</strong></span> <span class='ocrx_word' id='word_1_816' title='bbox 2581 5761 2747 5817; x_wconf 88' lang='lat' dir='ltr'><strong>vitam</strong></span> <span class='ocrx_word' id='word_1_817' title='bbox 2770 5763 2843 5831; x_wconf 45' lang='lat' dir='ltr'><strong>,dc</strong></span> <span class='ocrx_word' id='word_1_818' title='bbox 2867 5769 3127 5836; x_wconf 79' lang='lat' dir='ltr'><strong>sangu&#39;ne</strong></span> <span class='ocrx_word' id='word_1_819' title='bbox 3154 5783 3328 5840; x_wconf 87' lang='lat' dir='ltr'><strong>sacro,</strong></span> 
     </span>
    </p>
   </div>
   <div class='ocr_carea' id='block_1_117' title="bbox 2661 5964 2681 5989">
    <p class='ocr_par' dir='ltr' id='par_1_117' title="bbox 2661 5964 2681 5989">
     <span class='ocr_line' id='line_1_117' title="bbox 2661 5964 2681 5989; baseline 0 0"><span class='ocrx_word' id='word_1_820' title='bbox 2661 5964 2681 5989; x_wconf 76' lang='grc' dir='ltr'><em>Ι</em></span> 
     </span>
    </p>
   </div>
  </div>
