1971 3068
165 97 196 125 11
623 97 843 125 SEVERIANUS
861 97 1077 126 GABALORUM
1097 97 1298 126 EPISCOPUS.
1762 98 1797 127 i9.

166 156 289 191 Genesin,
304 165 375 193 quas
385 161 472 186 mstas
489 165 518 185 se
538 157 640 185 habere
658 162 776 185 testatus
798 161 840 185 est
856 158 934 185 Alex.
953 157 1134 185 Brassicanus
1154 157 1230 192 praei.
1254 158 1281 184 in
1301 156 1467 184 Salvianum.
1486 171 1520 175 —
1537 154 1606 183 Ibid.
1624 156 1652 183 in
1675 155 1738 184 cod.
1759 156 1794 190 Ξ,

167 211 211 231 nr.
229 204 274 236 14,
292 204 361 239 plut.
381 204 425 237 5'7,
443 208 601 239 excerptum
619 212 650 231 ex
675 203 824 232 Severiano
845 205 919 231 circa
934 204 1029 231 mundi
1046 204 1212 231 creationem
1230 207 1257 229 et
1277 203 1328 229 alia
1345 201 1498 237 theologica
1514 211 1520 228 :
1537 206 1670 236 praeterea
1685 202 1718 230 de
1738 210 1795 229 χχιι

167 250 265 277 litteris
281 249 456 278 Ilcbmorum
474 251 562 286 Moysi
586 250 695 277 traditis
717 258 731 277 a
748 250 802 278 Deo
820 250 848 278 in
864 254 958 277 monte
977 249 1061 283 Sina;
1077 249 1110 276 de
1125 257 1164 276 xu
1182 249 1287 283 magnis
1304 249 1459 281 montibus;
1486 247 1519 274 de
1549 247 1690 275 mensibus
1723 249 1795 283 apud

164 294 285 329 Jud:eos,
301 296 464 324 Macedones
485 301 512 324 et
527 296 691 332 Egyptios;
711 297 743 324 de
764 305 834 330 asse,
863 296 969 324 scilicet
983 296 1018 323 de
1032 295 1151 323 nummis
1167 302 1199 322 ac
1213 295 1247 321 de
1265 295 1375 330 triginta
1392 293 1524 324 denariis,
1548 293 1648 327 quibus
1669 294 1796 320 venditus

164 346 205 368 est
218 341 298 370 .lesus
311 342 446 371 Christus.
465 343 525 370 Vid.
538 343 653 370 Bandin.
666 344 683 370 l.
696 350 721 370 c.
738 347 804 371 tom.
821 343 854 375 II,
868 351 932 379 pag.
950 343 1012 370 455.
1026 356 1061 362 —-
1077 342 1137 369 Sec.
1153 341 1327 368 Montl‘aueon
1343 340 1414 368 Bibl.
1433 339 1553 366 bibliotlt.
1580 344 1655 366 msst.
1678 340 1703 366 in
1729 340 1795 366 bibl.

166 387 296 416 Vaticana
309 390 382 424 (pag.
400 390 450 416 135
465 393 492 417 et
507 397 532 424 p.
550 389 622 424 159).
637 389 663 416 in
678 393 782 424 septem
803 389 884 416 codd.
906 404 941 408 —
963 389 991 415 In
1010 388 1075 416 bibl.
1095 388 1238 417 Casinensi
1269 389 1342 423 (pag.
1362 388 1425 422 222,
1442 395 1472 415 ac
1495 396 1555 423 pag.
1579 387 1644 419 225,
1661 395 1703 414 nr.
1721 386 1795 421 505),

167 433 297 461 homilias.
311 449 345 454 —-
359 434 504 462 Mediolani
530 435 556 462 in
582 435 648 462 bibl.
668 435 848 462 Ambrosiam
867 434 939 470 (pag.
967 435 1042 471 523),
1070 442 1220 462 sermones.
1237 434 1327 461 HAnL.

199 479 332 508 llomilias
347 480 381 508 88
395 479 536 508 Severiani
578 481 603 508 in
634 481 788 508 homiliario
804 481 923 516 quodam
951 489 1003 509 ms.
1032 481 1098 509 bibl.
1125 481 1315 509 Ambrosiam:
1341 484 1449 508 exstare
1473 483 1589 507 testatur
1618 479 1797 506 Mabillonius

163 531 230 553 tom.
252 526 262 552 I
282 526 368 554 Musei
392 527 492 559 Italici,
515 535 577 563 pag.
603 528 647 560 15,
665 528 733 555 alias
757 527 840 555 etiam
866 528 893 554 in
922 527 1017 555 codice
1037 528 1102 555 bibl.
1119 527 1288 560 Casinensis,
1318 528 1351 555 de
1375 535 1430 562 quo
1452 527 1522 554 idem
1539 535 1600 562 pag.
1626 526 1691 553 124.
1716 527 1796 561 Apud

167 572 366 600 UEcumenium
384 573 412 600 in
433 573 444 600 ι
474 573 509 600 ad
530 573 654 600 Corinth.
673 581 710 606 vt,
729 581 790 609 pag.
810 573 863 600 416
895 573 945 601 edit

1016 582 1132 602 :roncns.
1151 575 1251 602 citatur
1272 575 1286 601 ὁ
1304 574 1333 600 ὲν
1352 573 1438 608 ἁγίοις
1459 573 1621 608 Σευηριανὸς
1640 572 1731 607 τεύχει
1746 572 1794 604 νζ’,

162 617 233 653 λόγῳ
249 621 284 652 γ’,
302 619 442 654 κεφαλαίῳ
463 620 504 645 ιϐ’.
523 618 595 646 Idem
611 619 639 646 in
653 627 712 654 cap.
730 627 779 652 vn,
804 628 831 655 p.
845 620 909 653 425,
931 621 940 646 έ

575 627 595 646 ιι
611 619 639 646 in
653 627 712 654 cap.
730 627 779 652 vn,
804 628 831 655 p.
845 620 909 653 425,
931 621 944 646 ὁ
958 621 1123 657 Σευηριανὸς
1138 620 1242 653 ἔστιξεν
1258 620 1353 652 οὕτως.

198 665 251 697 Εἰς
274 665 327 691 τὸν
343 665 412 700 ὅφιν
433 665 486 692 τὸν
510 666 657 700 χαλκοῦν,
683 665 715 692 1η
742 672 885 701 serpentem
903 676 974 694 (Z‘ﬂelt

1042 668 1152 695 homilia
1179 668 1297 702 incipit:
1319 669 1348 694 ὐ
1372 667 1418 693 τοῦ
1443 666 1509 693 Θεοῦ
1523 666 1611 699 λόγος,
1635 666 1753 701 ἀδελφοί,
1769 669 1796 693 et

164 709 258 738 Graiae
279 710 351 738 edita
373 711 443 738 inter
464 712 580 738 tributas
596 711 792 746 Chrysostomo
814 717 882 741 tom.
913 713 959 740 VII
988 713 1070 740 Savil.
1107 722 1166 748 pag.
1202 714 1265 740 448.
1295 713 1389 740 Oratio
1415 712 1534 740 secunda
1555 719 1570 738 e
1597 711 1701 743 decem,
1725 719 1796 746 quas

163 756 352 792 Chrysostomi
367 756 477 783 nomine
493 757 520 784 in
535 757 623 784 lucem
637 757 750 784 dederat
765 759 841 787 card.
859 759 987 787 Sirletus.
1006 759 1059 786 Sed
1075 759 1223 786 Severiano
1237 763 1364 786 asserunt
1380 759 1460 786 Joan.
1477 758 1674 789 Damascenus,
1696 757 1795 784 Adria-

163 811 216 831 nus
232 810 301 838 papa
317 810 378 830 cum
396 803 500 838 synodo
520 803 680 835 Parisiensi,
701 808 730 831 ut
748 810 870 834 notatum
894 807 1040 834 Sirmondo
1056 806 1090 833 ad
1108 805 1260 833 Ennodium
1279 805 1442 832 Ticinensem
1462 812 1525 839 pag.
1545 803 1590 830 88.
1609 802 1685 839 [νῆά.
1701 811 1794 838 supra,

164 849 217 876 vol.
234 848 303 880 VIII,
320 856 380 883 pag.
399 847 473 883 506.]

198 896 251 927 Εἰς
264 895 316 927 τὰς
335 895 501 929 σφραγῖδας
517 894 576 920 τῶν
585 895 723 928 βιϐλίων,
744 895 782 922 De
795 895 892 930 sigillis
905 895 976 922 libro.

1016 904 1043 928 η,
1061 895 1171 922 homilia
1182 903 1242 930 quae
1255 895 1351 929 incipit
1366 904 1371 921 :
1390 895 1469 929 Μέγα
1495 895 1544 929 τῆς
1565 895 1653 930 ψυχῆς
1679 894 1794 928 ἐφόδιον,

163 946 191 968 et
208 942 308 976 legitur
322 945 388 969 tom.
406 942 439 969 Vl
455 941 544 969 Duczei
563 950 625 977 pag.
641 943 701 975 1'58,
718 951 779 970 cum
797 943 923 970 versione
934 943 1012 971 Joan.
1034 943 1092 971 .lac.
1110 943 1235 974 Beureri,
1255 949 1280 970 et
1303 943 1395 970 Graece
1416 948 1481 970 tom.
1497 942 1518 969 ν
1548 943 1630 969 Savii.
1653 951 1713 978 pag.
1731 942 1795 969 089.

166 987 314 1016 Severiano
333 990 486 1016 vindicatur
507 989 674 1018 Theodoreti
700 994 726 1018 et
752 990 864 1017 Adriani
882 999 958 1026 papae
982 992 1161 1019 auctoritate.
1176 991 1259 1018 FABR.
1276 992 1322 1019 Gr.
1340 999 1401 1018 cum
1427 990 1485 1018 Lat.
1505 992 1630 1018 versione
1653 990 1734 1018 Bern.
1760 990 1794 1017 de

164 1034 354 1068 Montlaucon,
370 1037 399 1063 in
413 1036 495 1071 hujus
508 1036 574 1064 edit.
591 1035 660 1071 Opp.
681 1036 826 1071 Chrysost.
843 1041 911 1063 tom.
934 1037 992 1070 XII,
1008 1046 1034 1073 p.
1051 1038 1114 1065 402.

201 1081 297 1108 Sermo
315 1081 354 1108 De
371 1089 444 1115 pace,
462 1082 489 1108 in
507 1082 621 1109 ecclesia
639 1081 944 1115 Constantinopolitana
966 1083 1075 1110 habitus
1091 1084 1122 1110 Α.
1143 1083 1205 1114 401,
1222 1091 1282 1110 cum
1306 1091 1320 1108 a
1336 1082 1413 1109 Joan.
1438 1082 1635 1116 Chrysostomo
1649 1086 1797 1116 susceptus

169 1132 223 1160 est,
244 1132 348 1155 tantum
364 1127 460 1155 Latine
473 1133 563 1155 exstat
579 1133 644 1155 tom.
662 1128 707 1155 VII
736 1128 821 1156 Savil.
838 1136 899 1164 pag.
923 1129 984 1156 948.
998 1129 1093 1165 Incipit
1109 1140 1115 1157 :
1136 1130 1168 1157 In
1182 1130 1293 1157 adventu
1311 1130 1450 1156 Dominiet
1466 1129 1613 1155 Saluatoris
1630 1131 1724 1155 nostri.

199 1175 251 1207 Εἰς
267 1175 325 1208 τὴν
341 1174 580 1208 ἐνανθρὼπησιν,
602 1174 634 1201 1η
655 1175 866 1202 incarnationem
888 1175 976 1202 Christ

1016 1176 1139 1209 homilia,
1164 1185 1225 1212 qua:
1250 1177 1367 1211 incipit:
1392 1175 1544 1211 Ἐμνήεοην
1558 1175 1605 1201 τοῦ
1629 1174 1707 1206 Θεοῦ,
1723 1175 1794 1202 edita

163 1220 258 1248 Grmce
273 1225 340 1248 tom.
358 1221 414 1253 VII,
430 1229 491 1257 pag.
508 1222 570 1254 507,
588 1223 695 1250 videtur
709 1222 886 1250 Severianum
903 1224 1043 1251 auctorem
1060 1224 1161 1252 habere
1176 1230 1201 1252 et
1216 1225 1266 1252 sub
1288 1225 1348 1260 ejus
1369 1225 1479 1251 nomine
1494 1224 1591 1250 Latine
1615 1224 1760 1250 exhibetur
1780 1231 1795 1250 a

163 1267 329 1295 Conibelisio
359 1268 386 1295 in
407 1268 477 1295 Bibl.
510 1269 717 1296 cancionatoria.
737 1269 883 1296 Severiano
908 1270 988 1297 etiam
1010 1270 1134 1298 tribuunt
1155 1271 1207 1298 viri
1220 1271 1292 1298 docti
1318 1270 1455 1297 homiliam
1475 1270 1512 1296 De
1527 1270 1664 1296 natit-itate
1684 1268 1795 1301 Christi,

163 1324 225 1350 qua:
237 1316 358 1343 occurrit
374 1315 467 1344 Graece
483 1320 549 1342 tom.
569 1316 588 1343 V
604 1317 669 1344 edit.
687 1317 786 1348 Savil.,
804 1324 864 1352 pag.
885 1317 937 1344 846

1016 1319 1109 1353 incipit
1128 1328 1133 1345 :
1152 1319 1308 1354 Μυστήριον
1323 1318 1396 1350 ξένον
1409 1318 1456 1344 καὶ
1475 1317 1636 1352 παράδοξον.
1653 1317 1682 1344 In
1697 1321 1794 1344 neutra

164 1362 263 1390 harum
277 1363 415 1398 leguntur,
433 1372 492 1398 qua:
511 1373 543 1392 ex
559 1363 698 1392 Severinni
720 1363 831 1390 homilia
849 1365 876 1391 in
901 1364 1080 1392 Nativitatem
1103 1365 1180 1392 aliert
1199 1363 1381 1392 Theodoritus
1393 1366 1500 1401 dialogo
1521 1367 1653 1394 secundo.

199 1408 238 1435 De
252 1417 328 1436 crtum
344 1409 482 1438 llomiliam
502 1415 529 1437 et
545 1411 573 1437 in
591 1410 657 1437 illud
675 1420 681 1437 :
702 1410 741 1437 Tu
756 1419 794 1444 es,
812 1411 856 1446 qui
875 1415 998 1438 venturus
1013 1420 1051 1443 cs,
1070 1411 1189 1446 vulgavit
1213 1410 1306 1438 Graece
1333 1410 1451 1439 Savilius
1469 1412 1539 1439 inter
1562 1413 1643 1439 dubia
1669 1412 1797 1447 Chryso-

164 1455 246 1481 stnmi
264 1458 331 1482 tom.
348 1455 381 1487 V,
405 1463 464 1491 pag.
487 1457 549 1484 898.
566 1455 662 1491 Incipit
679 1466 685 1483 :
705 1456 804 1488 Καλῶς
819 1458 884 1492 ἡμῖν
907 1466 940 1483 και

1018 1458 1072 1487 ὡς.
1088 1456 1154 1483 Eam
1170 1465 1222 1485 nis.
1238 1457 1422 1484 Mazariniano
1440 1466 1506 1485 usus
1529 1458 1599 1485 idem
1617 1458 1796 1484 Combclisius

163 1505 197 1525 ex
216 1498 376 1528 Damasceni
393 1502 555 1529 auctoritate
580 1502 728 1530 Severiano
743 1503 889 1530 vindicavit
901 1507 928 1531 et
948 1503 1043 1530 Latine
1059 1512 1074 1530 a
1090 1511 1120 1530 se
1141 1511 1247 1530 versam
1262 1503 1346 1530 edidit
1370 1507 1436 1530 tom.
1461 1503 1469 1530 l
1492 1503 1562 1530 Bibl.
1581 1503 1795 1535 contionatoria’,

163 1552 226 1580 pag.
243 1546 288 1578 56,
304 1547 349 1582 qui
368 1552 485 1583 utraque
501 1549 582 1576 etiam
607 1550 698 1584 lingua
715 1551 845 1586 vulgavit,
863 1550 952 1578 Paris.
969 1551 1049 1583 1656,
1067 1551 1095 1585 4,
1108 1559 1169 1578 cum
1192 1551 1252 1578 aliis
1277 1551 1440 1586 quibusdam
1454 1550 1642 1586 Chrysostonii
1659 1551 1705 1585 (α).
1722 1550 1794 1577 Idem

170 1595 288 1620 testatus
313 1598 365 1624 est,
380 1593 519 1621 homiliam
544 1596 571 1621 in
593 1596 785 1623 dedicationem
803 1599 900 1629 crucis,
917 1606 949 1624 ex
971 1606 1024 1633 qua
1048 1598 1229 1632 fragmenth
1249 1598 1374 1631 produxit
1399 1598 1554 1629 Gretserus,
1580 1597 1713 1631 integram
1737 1604 1796 1622 ex—

165 1638 271 1666 stitisse
291 1639 318 1666 in
339 1639 404 1666 bibl.
433 1639 610 1669 Scorialensi.
627 1642 759 1675 Quartum
777 1642 918 1670 Severiani
934 1644 943 1670 )

1035 1645 1074 1675 εἰς
1093 1643 1138 1669 τὸν
1163 1644 1278 1678 σταυρόν
1298 1645 1365 1671 citat
1391 1644 1578 1670 Damascenus
1602 1643 1618 1668 5
1640 1641 1678 1668 De
1695 1642 1791 1676 imagg.

164 1689 231 1711 tom.
253 1686 274 1718 Ι,
292 1694 352 1721 pag.
368 1687 430 1718 585,
447 1691 473 1714 et
489 1689 528 1719 εἰς
539 1689 572 1715 τὰ
587 1690 711 1723 ἐγκαίνια
731 1689 776 1716 τοῦ
796 1691 913 1725 σταυροῦ
936 1699 942 1725 ι

1016 1691 1072 1722 527,
1089 1691 1150 1722 515,
1174 1690 1236 1717 565.
1253 1690 1336 1717 Faun.
1361 1690 1391 1716 In
1419 1690 1535 1716 enca’nin
1564 1688 1660 1714 crucis.
1685 1687 1794 1721 Fragln.

165 1731 194 1758 in
209 1731 271 1758 cod.
288 1732 442 1760 Vindobon.
464 1734 623 1766 CCXLVIII,
642 1744 683 1762 nr.
706 1737 738 1763 10
754 1746 760 1763 :
778 1735 904 1763 Lanibec.
928 1737 972 1769 IV,
999 1746 1059 1772 pag.
1076 1737 1139 1764 291.
1155 1752 1185 1756 -ο
1204 1736 1292 1763 Paris.
1319 1737 1344 1763 in
1372 1736 1433 1763 cod.
1457 1733 1565 1766 DCCLI,
1588 1736 1615 1765 9,
1634 1734 1699 1760 bibl.
1715 1732 1793 1768 pubi.

166 1777 236 1805 Ibid.
254 1778 281 1805 in
298 1778 360 1806 cod.
375 1779 542 1813 CMLXXIX,
555 1789 597 1808 nr.
614 1781 654 1813 15,
673 1781 814 1810 Severiani
829 1783 940 1810 homilia
956 1784 983 1809 in
1000 1791 1096 1809 meum
1117 1792 1131 1808 α
1143 1783 1290 1809 nativitate.
1306 1798 1341 1802 —
1354 1781 1419 1808 Ibid.
1435 1782 1462 1808 in
1478 1781 1539 1808 cod.
1558 1779 1661 1812 MCVII,
1679 1780 1705 1811 4,
1727 1779 1795 1806 etin

165 1824 227 1851 cod.
247 1824 362 1860 August.
381 1826 485 1853 Vindel.
508 1828 589 1861 (teste
604 1826 709 1855 Reiscr.
736 1828 763 1854 in
786 1827 845 1855 Ind.
865 1837 928 1855 mss.
947 1829 1058 1863 August.
1085 1837 1145 1864 pag.
1162 1828 1205 1860 12,
1230 1836 1273 1854 nr.
1303 1829 1347 1862 32)
1367 1828 1397 1854 it.
1420 1828 1446 1854 in
1465 1827 1526 1853 cod.
1546 1826 1701 1860 Mosquensi
1718 1825 1752 1856 Χ,
1767 1826 1795 1852 in

166 1871 184 1897 4
199 1870 266 1904 (για.
284 1871 400 1898 Matthaai
427 1871 512 1898 Notit.
532 1881 595 1899 mss.
620 1872 772 1908 Mosquens.
798 1882 824 1908 p.
846 1874 908 1904 507,
926 1883 969 1902 nr.
995 1875 1039 1906 45,
1055 1874 1098 1901 ed.
1118 1875 1145 1901 in
1161 1874 1205 1910 8);
1227 1874 1337 1901 llomilia
1358 1875 1384 1900 in
1402 1873 1599 1907 illudApostoli
1618 1880 1625 1898 :
1643 1871 1675 1898 In
1695 1880 1724 1898 eo
1740 1872 1796 1897 Im—

168 1916 235 1942 bitat
247 1917 332 1943 omnis
348 1917 483 1951 plenitudo
498 1918 657 1945 divinitatis.
676 1934 711 1938 —-
732 1919 905 1947 Collectanea
928 1929 961 1948 ex
983 1929 1015 1948 eo
1038 1921 1164 1955 aliisque,
1189 1921 1215 1946 in
1237 1920 1298 1947 cod.
1324 1919 1439 1955 August.
1466 1918 1547 1946 Vind.
1575 1927 1636 1953 pag.
1663 1918 1706 1944 59.
1734 1917 1792 1944 Vid.

166 1959 272 1988 Reiser.
290 1962 308 1989 l.
324 1970 360 1995 c.,
377 1971 437 1997 pag.
453 1963 497 1990 39.
516 1963 600 1990 HARL.

203 2007 264 2042 [Εις
283 2009 318 2036 τὰ
338 2009 490 2044 θεοφάνια,
513 2010 539 2037 in
555 2010 616 2037 cod.
643 2010 799 2046 Mosqucnsi
826 2010 923 2046 synod.
948 2009 1086 2039 CCLXXI.
1103 2014 1129 2037 et
1146 2010 1219 2037 edita
1245 2013 1287 2037 est
1310 2010 1366 2036 haec
1390 2009 1502 2036 homilia
1527 2017 1541 2036 a
1565 2010 1601 2036 cl.
1622 2009 1739 2036 lllatthazi
1768 2010 1794 2036 in

167 2052 335 2081 Lectionibus
353 2055 532 2090 Masquensib.
556 2057 610 2084 vol.
636 2057 667 2089 II,
693 2057 766 2092 Lips.
784 2057 861 2088 1779,
881 2058 906 2088 8,
925 2065 941 2091 p

1017 2056 1089 2090 sqq.]
1107 2071 1143 2075 ——
1159 2056 1266 2092 [Incipit
1282 2066 1288 2084 :
1314 2056 1474 2090 ’Λνοιγὲσοω
1498 2057 1618 2091 σήμερον
1636 2057 1690 2082 πᾶν
1710 2056 1795 2092 στόμα

168 2101 237 2136 πρὸς
257 2101 406 2136 θεολογίαν.
439 2103 562 2137 liepetita
577 2107 619 2131 est
646 2104 672 2130 in
694 2104 818 2139 Append.
845 2104 878 2130 ad
896 2103 944 2129 Gal

1015 2103 1031 2129 ii
1050 2103 1122 2129 Bibl.
1141 2102 1199 2129 PP.
1217 2109 1283 2130 tom.
1306 2102 1376 2134 XIV,
1397 2111 1425 2137 p.
1445 2103 1495 2129 145
1511 2110 1601 2138 scqq.,
1622 2103 1657 2130 ibi
1676 2103 1793 2138 primum

170 2148 262 2175 addita
279 2147 339 2174 Lat.
359 2148 493 2175 versione.
511 2149 552 2175 Cf.
569 2149 691 2184 Prolegg.
712 2150 744 2176 ad
761 2151 844 2184 App.,
871 2157 896 2184 p.
915 2149 931 2175 8
943 2170 950 2180 ,
978 2148 1059 2176 Beck.
1084 2148 1113 2174 In
1134 2147 1195 2174 eod.
1214 2147 1371 2182 Mosquens.
1388 2147 1536 2179 CCXLV”,
1558 2147 1639 2181 φύσις
1653 2148 1700 2174 καὶ
1718 2148 1796 2176 οὐσία

169 2195 229 2222 κη’
248 2194 323 2222 οὐδὲν
340 2195 474 2230 διαφέρει.
497 2195 558 2223 Vid.
572 2196 690 2224 Matthaei
707 2200 764 2223 not.
781 2196 830 2222 cit.
850 2204 876 2230 p.
894 2195 944 2222 195

292 2194 323 2222 ὲν
340 2195 474 2230 διαφέρει.
497 2195 558 2223 Vid.
572 2196 690 2224 Matthaei
707 2200 764 2223 not.
781 2196 830 2222 cit.
850 2204 876 2230 p.
894 2195 955 2223 195.
973 2194 1070 2230 ΗΑιιι..]

207 2239 243 2267 Ex
262 2239 323 2274 styli
347 2240 525 2268 similitudine
540 2242 666 2270 homilias
683 2243 763 2277 longe
789 2242 881 2276 plures
907 2241 1066 2273 Severiano,
1085 2241 1132 2268 sed
1161 2248 1214 2267 non
1236 2240 1303 2268 satis
1330 2244 1388 2266 tnta
1411 2240 1570 2274 conjectura
1596 2240 1720 2267 tribuunt
1744 2240 1795 2266 viri

170 2287 254 2318 docti,
269 2289 298 2312 ut
318 2286 410 2313 videre
422 2287 486 2314 licet
503 2289 573 2323 apud
590 2289 674 2315 Eliam
690 2289 725 2316 du
745 2289 793 2315 Pin
811 2293 876 2315 tom.
890 2287 924 2314 III
941 2287 1011 2314 Bibl.
1022 2288 1127 2320 εει-[ετ.⁷
1142 2291 1167 2314 et
1183 2287 1385 2314 Tillemontium
1400 2292 1463 2314 tom.
1481 2287 1515 2312 XI
1537 2286 1649 2313 Memor.
1666 2295 1726 2321 pag.
1741 2287 1796 2314 587

170 2342 247 2369 seqq.
265 2327 338 2361 Illam
357 2342 422 2362 vero
437 2335 475 2362 De
489 2342 572 2364 morte
589 2337 765 2364 innocentium
782 2337 933 2366 homiliam.
950 2344 1010 2371 qua
1031 2336 1145 2370 incipit:
1165 2334 1242 2362 Zelus
1264 2343 1314 2370 quo
1329 2335 1428 2365 tendat,
1441 2343 1492 2369 quo
1519 2335 1642 2368 prosiliat
1670 2335 1746 2366 livor,
1769 2340 1797 2361 et

170 2383 243 2410 inter
256 2389 396 2410 sermones
410 2382 481 2410 Petri
497 2385 658 2420 Chrysologi
676 2384 776 2420 legitur
795 2383 871 2416 CLII,
889 2389 973 2420 atque
992 2385 1064 2411 inter
1077 2384 1190 2410 Patrum
1211 2382 1338 2409 homilias
1353 2382 1387 2409 ab
1403 2382 1520 2408 Alcuino
1535 2382 1675 2413 collectas,
1699 2381 1796 2407 neuti—

171 2433 253 2462 quam
271 2425 409 2454 Severiani
428 2436 498 2462 esse,
516 2431 564 2457 sed
591 2429 679 2457 Latini
706 2430 849 2464 scriptoris
873 2429 920 2464 (b).
937 2438 970 2457 ex
993 2430 1053 2465 ipso
1077 2430 1121 2457 ﬁlo
1146 2428 1280 2456 orationis
1306 2429 1395 2463 arguit
1423 2427 1615 2459 Combelisius,
1635 2427 1682 2461 qui
1703 2430 1795 2453 tamen

206 2518 246 2555 (α)
268 2520 413 2555 Inscriptio
429 2520 490 2547 libri
506 2522 547 2555 est
561 2527 567 2545 :
581 2518 761 2555 Chrysostnmi
782 2518 846 2544 liber
861 2526 956 2555 aureus
1011 2521 1085 2555 tatur
1102 2517 1241 2555 Severiani
1265 2517 1559 2555 episcopi‘Caralitani
1571 2517 1608 2555 De
1623 2519 1772 2555 innocentia
1787 2528 1796 2547 :

173 2553 365 2582 de‘etlucandis
381 2555 479 2582 liberis.
508 2553 633 2588 Ejusdem
652 2558 783 2580 tractatus
805 2554 850 2580 alii
873 2554 956 2587 quin-
1012 2553 1058 2580 sed
1075 2558 1138 2579 tom.
1156 2553 1175 2582 l.
1191 2557 1261 2587 part.
1277 2562 1295 2584 ι,
1311 2562 1335 2588 ι)⁴
1354 2553 1412 2583 illi.
1435 2561 1476 2579 nr.
1490 2553 1570 2585 2215,
1592 2553 1625 2579 de
1645 2555 1706 2580 cod.
1724 2554 1796 2581 Bod-

173 2597 235 2624 quc.
263 2590 412 2621 Severiani.
437 2587 632 2622 Gabal.episc.
659 2589 726 2615 liber
752 2589 778 2615 in
795 2588 955 2624 Squimini,
1012 2589 1055 2616 lci.
1086 2587 1119 2620 γ,
1147 2587 1286 2615 Severiani
1320 2589 1368 2624 De
1385 2588 1582 2624 innocentibus.
1608 2592 1634 2615 et
1665 2593 1730 2624 toni.
1763 2590 1794 2620 Il,

172 2623 337 2656 Basilii,etc.
351 2626 442 2653 Graece
456 2633 489 2651 ex
504 2624 617 2651 vetustis
633 2623 798 2650 codtl.card.
817 2623 956 2654 lilazarini,
1012 2627 1082 2657 part.
1099 2631 1118 2654 I,
1136 2631 1196 2657 pag.
1216 2623 1257 2655 11,
1283 2632 1324 2650 ιιι.
1345 2623 1407 2652 550,
1428 2623 1462 2649 de
1484 2624 1545 2650 md.
1567 2624 1666 2649 ecclcs.
1693 2623 1794 2650 Ilunel-

173 2667 236 2686 cum
261 2661 482 2695 interpretatione
494 2659 559 2695 Lat.
578 2658 673 2686 Franc.
695 2659 848 2695 Cotnbelis.
868 2658 957 2695 Paris.
1013 2658 1125 2695 mensis.
1141 2658 1384 2695 chgrianiscrmo
1401 2658 1426 2684 in
1444 2659 1514 2695 testo
1535 2658 1691 2695 ﬁniit-italis
1706 2659 1743 2684 De
1758 2660 1796 2684 in-

175 2695 241 2722 Ant.
258 2692 373 2722 Bertier.
391 2695 470 2725 1656,
488 2694 640 2720 8.1lomilia
657 2695 750 2721 eadem
766 2693 824 2720 Lat.
843 2693 870 2720 in
886 2693 957 2719 Bibl.
1013 2693 1174 2719 nocentibus.
1191 2692 1271 2720 TeSIC
1288 2693 1435 2720 Monllauc.
1452 2694 1478 2719 in
1495 2693 1565 2720 Bibl.
1587 2693 1705 2720 bibliot/i.
1730 2702 1794 2722 mss.

176 2729 233 2756 PP.
254 2739 326 2757 max.
346 2735 410 2757 tom.
427 2729 460 2761 V,
477 2737 501 2764 p.
521 2729 598 2755 1229.
617 2728 703 2756 Hann.
814 2763 822 2764 ί
1013 2728 1047 2764 II.
1074 2736 1100 2762 p.
1126 2728 1205 2759 1255,
1235 2729 1262 2754 in
1286 2729 1346 2755 cod.
1375 2732 1492 2764 monast.
1523 2728 1554 2764 Β.
1575 2728 1609 2754 Μ.
1637 2729 1670 2755 de
1698 2728 1794 2754 Bcu‘o.

211 2765 247 2798 (li)
257 2766 343 2800 Atque
360 2766 386 2792 in
401 2763 531 2792 Comites.
541 2764 727 2800 Ariigliiw,etc.,
738 2763 956 2800 tom.rl,_part.n,
1012 2763 1153 2800 _S_everiani
1180 2767 1206 2792 et
1230 2764 1346 2792 aliorum
1367 2764 1395 2791 in
1422 2763 1491 2792 festo
1521 2763 1570 2791 SS.
1597 2764 1794 2792 Innocentium.

176 2805 204 2834 ε.
234 2800 278 2834 68,
300 2797 348 2828 'nr.
364 2801 434 2828 2044
460 2800 493 2828 de
521 2797 686 2828 cod.'0xon.
701 2799 813 2834 Collegii
833 2797 898 2826 Jesu
919 2798 954 2825 ci-
1011 2797 1096 2825 llam"
