1971 3068
189 117 226 146 15
953 114 975 141 Ν

1037 115 1102 142 TIA.
1785 114 1820 141 14

187 175 332 203 homiliam
357 175 395 203 De
418 175 472 204 SS.
498 175 640 210 Trinitate,
657 183 718 210 quas
738 175 850 210 incipit:
866 176 897 201 Οἱ
915 176 987 202 κατὰ
1009 177 1058 211 τῆς
1082 176 1163 210 ἁγίας
1180 180 1207 203 et
1222 176 1294 203 inter
1316 177 1474 212 suppositas
1500 177 1698 213 Chrysostomo
1727 183 1817 206 exstat

187 225 259 249 tom.
285 222 295 248 Ι
319 223 384 250 edit.
408 231 494 255 novae,
518 231 545 258 p.
565 224 617 250 852
638 222 733 258 (Savil.
751 227 816 249 tom.
833 222 878 254 Vl,
904 231 930 257 p.
947 223 1010 255 955,
1026 228 1052 251 et
1069 223 1161 250 Duczci
1176 223 1221 256 VI,
1238 232 1299 259 pag.
1317 224 1396 260 160);
1413 232 1519 252 necnon
1545 225 1611 252 alias
1630 226 1721 260 plures
1743 231 1818 254 toruo

189 273 270 295 sexto
288 268 377 296 Duczei
398 270 502 301 obvias,
521 269 671 296 Severiano
686 268 789 303 potius,
805 277 885 303 quam
902 269 1002 296 Joanni
1022 269 1268 305 Ilierosolymitano
1284 270 1443 297 tribuendas
1459 271 1609 298 contendit.

227 313 412 350 [Deﬁnitiones
434 315 585 346 Severiani,
599 314 720 341 Florent.
742 315 769 341 in
789 315 850 342 cod.
866 314 995 342 Laurent.
1019 315 1065 347 XI,
1082 316 1108 348 6,
1132 316 1199 351 plut.
1218 315 1260 342 74.
1278 315 1330 343 Sed
1353 318 1462 343 cuinam
1484 316 1632 344 Severiano
1655 318 1708 344 sint
1728 319 1817 346 ascri-

190 359 298 392 bendte,
318 360 433 388 Bandin.
455 361 481 387 in
497 359 558 387 Cat.
576 359 654 386 codd.
674 359 720 386 Gr.
735 359 820 386 Laur.
837 358 880 392 III,
901 367 962 394 pag.
979 359 1022 392 99,
1036 360 1087 387 sibi
1105 364 1271 395 compertum
1288 368 1342 387 non
1358 368 1428 394 esse,
1451 361 1559 388 fatetur.
1579 361 1677 397 IIARL.]

231 408 372 435 Severiani
401 407 439 443 (ιι)
464 408 536 434 κατὰ
568 407 623 434 τῶν
655 407 799 442 αἱρετικῶν
818 407 884 434 citat
904 407 976 434 Damt

1037 416 1088 435 nus
1110 408 1138 434 in
1157 408 1302 434 Purallelis
1318 409 1401 435 sacris
1425 413 1489 435 tom.
1504 408 1535 441 11,
1553 417 1579 444 p.
1594 409 1647 436 385
1659 417 1735 444 seqq.
1754 409 1816 436 789.

195 453 299 480 Contra
314 453 447 480 Novatum
461 453 588 481 Gclasius
616 453 662 480 lib.
679 453 716 480 De
729 453 831 480 duabus
847 452 947 480 Christi
967 454 1080 481 naturis.
1096 453 1129 480 At
1146 454 1301 481 Gennadius
1317 462 1340 480 c.
1362 454 1392 481 21
1412 454 1448 481 De
1464 455 1554 489 script.
1570 455 1671 491 eccles.,
1685 455 1756 491 Legi,
1774 456 1817 482 in-

193 499 263 533 quit.
281 499 339 532 ejus
361 499 559 533 expositionem
577 498 610 525 In
623 499 762 533 epistolam
778 499 812 525 ad
835 499 957 531 Galatas,
973 504 1000 527 et
1015 499 1053 526 De
1074 500 1202 534 baptismo
1223 505 1248 526 et
1264 499 1418 534 Epiphanirv
1439 500 1604 527 solemnitate
1619 501 1738 528 libellum
1754 510 1818 536 gra-

195 544 336 570 tissimum.
353 543 459 571 Citatur
472 545 554 571 etiam
574 544 738 571 Severianus
759 545 829 579 apud
852 545 1048 572 ()Ecumenium
1067 545 1094 572 in
1120 553 1180 580 cap.
1196 545 1205 571 I
1227 545 1312 580 Epist.
1330 546 1362 572 ad
1380 545 1501 573 Galatas.
1529 546 1560 572 Et
1578 547 1604 573 in
1622 546 1757 574 Anastasii
1775 547 1818 573 Si-

194 590 275 617 naitaa
292 590 399 625 Ilodego
414 597 475 625 cap.
492 590 534 623 16⁷
553 598 614 625 pag.
633 590 696 622 502,
711 590 822 618 affertur
839 591 915 618 locus
937 590 1077 618 Severiani
1100 592 1125 618 in
1141 592 1247 619 Coloss.
1266 600 1294 625 ιι,
1311 593 1327 619 2
1344 592 1390 628 (b).
1409 593 1467 619 Alia
1484 600 1515 619 ex
1529 592 1637 620 Catenis
1657 594 1683 620 in
1703 592 1809 620 Veteris

195 637 360 665 Testamenti
382 637 466 664 libros
481 636 631 671 fragmenta
645 636 718 664 illius
733 636 825 664 Graece
846 641 874 664 et
896 636 993 664 Latine
1021 638 1095 664 dedit
1117 637 1296 666 Combelisius
1324 639 1434 666 Auctar.
1462 639 1558 665 nouiss.
1589 647 1650 674 pag.
1676 639 1813 672 291-297;

195 689 356 721 poteratque
372 684 451 719 longe
467 683 544 718 plura
560 683 657 710 afferre
674 683 728 711 nisi
751 683 813 717 jure
837 684 978 711 metuisset
1000 684 1130 719 pleraque
1144 693 1203 719 qua:
1219 686 1244 712 in
1268 686 1376 713 Catenis
1385 686 1436 713 sub
1460 686 1557 721 Σεὸηρ.
1578 686 1692 721 Ἀντιοχ.
1709 687 1818 713 nomine

193 735 313 764 exstant,
330 734 359 757 ut
378 731 406 757 in
422 729 467 757 illa
484 729 518 756 ad
534 728 643 761 Jobum,
661 728 753 756 Severi
768 730 860 764 potius
874 737 935 757 esse
948 737 1030 764 quam
1048 730 1200 758 Severiani.

897 798 1032 825 Sereriani
1053 800 1112 827 alii.

231 854 394 883 Severianus
409 855 435 881 in
453 853 544 881 Africa
557 853 703 889 episcopus
715 858 742 881 et
763 853 905 882 confessor
916 854 968 881 sub
981 853 1139 883 Genserico.
1159 856 1227 884 Vide
1248 857 1374 892 Prosperi
1397 859 1545 887 Chronicon
1567 869 1593 895 p.
1617 861 1678 892 746,
1695 861 1773 888 Aetio
1797 859 1818 888 11

194 905 223 928 et
239 899 387 936 Sigisvutto
407 908 480 927 coss.
502 900 546 934 (A.
563 900 593 927 C.
611 900 688 935 437.)
705 915 741 920 -—
759 900 837 926 Alius
861 900 1025 928 Severianus
1040 901 1067 927 in
1083 901 1175 928 Africa
1198 903 1351 938 episcopus,
1375 905 1422 939 qui
1448 905 1572 932 interfuit
1588 907 1703 933 concilio
1722 905 1818 932 Sardi-

194 948 269 974 censi
296 947 327 974 A.
347 943 411 974 517.
433 961 469 966 -
490 945 603 973 Necnon
628 945 849 973 Ceramnsscnsis
873 946 966 973 itidem
989 947 1147 979 Africanus,
1172 949 1218 983 qui
1239 949 1363 977 interluit
1387 951 1526 978 collationi
1542 951 1670 987 Carthag.
1689 960 1734 979 an.
1753 951 1817 979 Ml.

195 993 276 1020 Fam.
301 992 461 1028 Martyrium
481 992 632 1024 Severiani,
648 992 836 1026 conscriptqu
853 999 868 1018 a
886 992 1020 1028 Symeoue
1036 993 1228 1028 Metaphraste.
1257 997 1285 1022 in
1306 996 1367 1023 cod.
1394 995 1453 1023 XVI
1491 997 1608 1024 Vindol).
1625 1006 1667 1024 nr.
1688 997 1730 1023 12.
1751 996 1815 1023 l’id.

193 1038 320 1067 Lambec.
338 1038 407 1070 VIII,
423 1047 483 1074 pag.
505 1038 568 1070 506,
584 1046 661 1072 seqq.
676 1041 703 1064 et
716 1038 783 1064 Acta
809 1043 926 1065 sanctor.
944 1039 978 1065 ad
1002 1039 1029 1066 d.
1052 1039 1068 1066 9
1085 1039 1159 1075 Sept.
1187 1047 1252 1068 tom.
1270 1041 1313 1073 Ill,
1335 1050 1361 1077 p.
1387 1043 1439 1070 555
1461 1047 1488 1070 et
1509 1043 1574 1071 560.
1589 1059 1623 1064 -—-
1644 1044 1675 1070 Et
1701 1045 1735 1071 de
1752 1043 1815 1072 cod.

193 1083 310 1111 Vindob.
329 1083 400 1116 XIX,
415 1091 457 1110 nr.
475 1082 501 1115 6,
522 1082 580 1109 νῆά.
599 1082 694 1109 Lamb.
712 1083 778 1110 ibid.
798 1090 858 1117 pag.
879 1083 941 1116 567,
960 1083 1050 1118 ibique
1068 1091 1124 1112 not.
1142 1086 1243 1113 Kollar.
1265 1101 1296 1106 -
1312 1087 1338 1114 In
1363 1088 1428 1114 bibl.
1446 1088 1547 1115 Bodlei.
1571 1097 1613 1116 nr.
1629 1090 1691 1121 285,
1707 1098 1730 1118 s.
1749 1092 1814 1120 cod.

193 1129 262 1161 CVI,
280 1129 323 1161 10,
342 1128 498 1156 Cromwell.
513 1142 547 1147 -—
564 1126 684 1154 Florent.
707 1127 733 1153 in
755 1128 816 1154 cod.
840 1127 969 1156 Laurent.
989 1129 1049 1162 XX,
1068 1131 1095 1162 8,
1123 1132 1191 1165 plut.
1217 1131 1260 1162 11,
1282 1132 1308 1158 d.
1334 1133 1350 1159 9
1376 1132 1449 1167 Scpl.
1473 1132 1611 1160 diversum
1631 1134 1665 1161 ab
1690 1135 1762 1161 edito
1788 1136 1815 1162 in

193 1179 253 1205 Act.
282 1175 332 1203 SS.
352 1175 385 1201 ad
400 1175 502 1202 dictum
515 1174 597 1201 diem.
615 1173 674 1200 l’id.
687 1173 802 1200 Bandin.
819 1173 880 1201 Cat.
892 1176 968 1202 cadtl.
986 1176 1032 1204 Gr.
1049 1177 1131 1205 Laur.
1148 1179 1169 1209 l,
1185 1186 1245 1213 pag.
1263 1178 1323 1206 5H.
1339 1194 1374 1198 —
1389 1180 1417 1205 In
1431 1179 1492 1206 cod.
1507 1178 1701 1207 Mazariniano.
1712 1180 1815 1207 —\'ita

194 1224 338 1253 Mediolani
355 1223 381 1250 in
399 1222 459 1250 cod.
473 1222 674 1253 Ambrosiano;
690 1236 724 1240 —
745 1222 772 1248 in
789 1221 850 1249 cod.
874 1221 1024 1257 Slortiano,
1041 1225 1074 1252 de
1087 1225 1187 1260 quibus
1204 1226 1259 1253 vid.
1279 1225 1466 1253 Montlaucen.
1484 1226 1555 1253 Bibl.
1578 1226 1698 1254 biblioth.
1718 1236 1815 1254 manu-

193 1273 363 1306 scriptarum,
380 1277 441 1304 pag.
461 1268 525 1300 501,
545 1267 596 1294 702
613 1273 638 1294 et
653 1267 731 1294 1515.
750 1266 850 1304 Hum]

230 1318 404 1348 Severianus,
422 1314 522 1341 Airicte
534 1315 691 1349 proconsul,
708 1315 788 1349 cuius
804 1316 919 1344 virtutes
931 1317 1052 1351 impense
1069 1315 1161 1341 laudat
1173 1314 1303 1349 Apuleius
1320 1314 1346 1340 in
1363 1313 1491 1342 Floridis.

231 1364 404 1394 Severianus,
422 1361 630 1397 Aphrodisiadis
645 1362 671 1387 in
688 1361 767 1388 Caria
783 1364 939 1398 episcopus,
954 1364 1001 1398 qui
1017 1362 1140 1390 interfuit
1154 1362 1269 1388 concilio
1284 1361 1586 1395 Constantinopolitano
1603 1370 1647 1388 an.

231 1410 405 1440 Severianus,
423 1407 587 1434 Arethusius
616 1407 643 1433 in
663 1406 740 1442 Syria
757 1407 915 1443 episcopus,
930 1409 978 1444 qui
1001 1407 1164 1441 subscripsit
1188 1407 1310 1440 epistolae
1329 1407 1419 1433 missae
1434 1406 1468 1433 ad
1490 1407 1637 1434 concilium
1657 1407 1816 1436 Constanti-

194 1455 379 1490 nopolitanum
395 1454 446 1481 sub
461 1453 537 1480 Mena
557 1461 601 1479 an.
615 1452 677 1479 556.

232 1491 394 1528 Severianus
410 1499 581 1530 Damascius,
598 1497 749 1525 eruditione
768 1502 795 1525 et
810 1497 904 1524 critica
922 1497 1002 1524 laude
1023 1496 1147 1531 insignis,
1164 1496 1244 1530 cujus
1264 1504 1279 1523 e
1296 1495 1439 1523 Damascio
1454 1497 1578 1524 meminit
1596 1497 1695 1528 Suidas
1720 1501 1746 1527 in
1761 1503 1814 1528 N6-

194 1555 254 1581 μος,
272 1550 297 1572 et
313 1544 486 1580 Σεὸηριανός.
503 1542 615 1569 Photius
637 1541 698 1568 cod.
717 1550 827 1574 cchn;
864 1542 947 1573 Zeno,
965 1542 1128 1576 imperator.
1147 1549 1267 1568 summas
1288 1542 1337 1575 ipsi
1360 1541 1497 1576 pollicitus
1523 1547 1565 1570 est
1595 1543 1751 1579 dignitates,
1779 1550 1814 1581 si,

194 1592 365 1619 ethnicorum
389 1589 583 1624 superstitione
604 1589 710 1619 relicta,
726 1589 901 1616 Christianus
923 1588 981 1615 ﬁeri
999 1588 1080 1614 vellet
1096 1597 1102 1614 :
1121 1588 1193 1622 quod
1212 1588 1256 1614 ille
1274 1588 1372 1615 renuit.

227 1637 420 1672 [Severianus.
435 1635 521 1670 episc.
533 1633 720 1667 Caralitanus,
736 1635 779 1661 cui
797 1635 822 1661 in
838 1635 898 1661 cod.
918 1634 1006 1661 Oxon.
1024 1634 1064 1669 (ut
1078 1635 1158 1669 paulo
1173 1637 1235 1660 ante
1252 1634 1452 1669 adnotavimus)
1476 1642 1565 1662 sermo
1580 1635 1616 1662 De
1631 1637 1813 1669 innocentibus

193 1683 361 1712 attribuitur.
379 1680 477 1717 Iliun]

232 1730 394 1757 Severianus
412 1727 573 1755 Galialensis
589 1726 616 1753 in
637 1726 722 1753 Gallia
738 1725 895 1760 episcopus,
912 1732 991 1758 quem
1009 1723 1084 1750 aiunt
1099 1723 1184 1750 fuisse
1200 1727 1262 1750 ante
1279 1724 1396 1751 medium
1413 1725 1505 1752 saeculi
1523 1735 1563 1758 tn,
1585 1731 1612 1755 et
1635 1729 1766 1758 celebrari
1788 1733 1816 1759 ίη

194 1779 357 1815 quibusdam
376 1776 574 1811 Martyrologiis
587 1775 624 1802 25
648 1774 760 1802 Januar.
780 1773 810 1800 Ei
827 1778 892 1800 sunt
917 1773 963 1807 qui
984 1773 1107 1799 tribuant
1131 1779 1284 1799 sermonem
1299 1771 1335 1798 De
1356 1773 1516 1814 paralytico,
1531 1775 1576 1809 qui
1593 1780 1633 1802 est
1655 1777 1727 1804 inter
1745 1778 1815 1806 Petri

195 1823 355 1859 Chrysologi
372 1830 511 1849 sermones
531 1821 784 1856 quinquagesimus.
803 1820 900 1854 Incipit
916 1829 922 1846 :
947 1818 1084 1846 Christum
1100 1819 1127 1845 in
1142 1819 1265 1845 Immanis
1283 1819 1397 1846 artibus.
1414 1820 1491 1847 Alius
1508 1820 1672 1850 Severianus
1687 1824 1714 1851 in
1729 1825 1815 1854 Gallia

195 1873 341 1907 episcopus
358 1870 519 1905 subscripsit
534 1869 651 1896 concilio
668 1869 806 1902 Begiensi,
825 1876 868 1894 an.
885 1867 950 1894 459.

232 1920 360 1956 [Jacobus
375 1918 540 1945 Severianus
559 1917 592 1944 de
606 1915 760 1950 disciplinis
773 1915 866 1946 variis,
880 1915 972 1941 Roma:
988 1914 1015 1941 in
1031 1914 1092 1941 cod.
1104 1913 1263 1940 monasterii
1277 1913 1529 1948 (Iryptte-Ferratze,
1548 1920 1617 1945 teste
1630 1918 1816 1950 Montl'aucon.

196 1969 224 1996 in
240 1967 310 1995 Bibl.
330 1966 477 1993 bibliotltec.
495 1965 741 1999 manuscriptarunt
761 1964 780 1996 I,
797 1971 860 1998 pag.
876 1963 938 1990 200.
954 1962 1053 1997 11Αιυ..]

231 2016 320 2043 Julius
349 2014 523 2045 Severianus,
538 2014 640 2044 rhetor,
656 2012 690 2039 de
712 2019 765 2046 quo
787 2011 842 2038 dixi
863 2011 889 2037 in
906 2010 976 2037 Bibl.
994 2010 1091 2036 Latina
1113 2008 1181 2036 med.
1198 2013 1222 2035 et
1235 2009 1282 2042 inf.
1302 2014 1345 2036 tet.
1360 2008 1445 2037 Fann.
1463 2009 1492 2037 In
1521 2011 1564 2038 ed.
1586 2011 1670 2040 Mansi
1690 2017 1754 2042 tom.
1772 2015 1817 2047 IV,

197 2071 223 2097 p.
236 2062 297 2089 203.
318 2061 387 2088 Add.
403 2060 468 2087 Julii
494 2059 632 2087 Severiani
653 2059 810 2094 Syntomata
827 2059 965 2085 rhetorices
978 2079 986 2090 ,
1010 2065 1057 2092 per
1076 2057 1177 2084 Lucam
1214 2056 1387 2089 Frnterium,
1405 2058 1541 2092 Antwerp.
1559 2059 1637 2092 1589,
1661 2061 1688 2091 8,
1712 2063 1738 2088 in
1764 2068 1819 2089 cat.

197 2107 314 2134 biblioth.
340 2106 493 2137 Leidensis,
510 2114 571 2140 pag.
584 2105 696 2132 270.-
717 2105 781 2131 Julii
810 2104 903 2131 Sever.
930 2104 996 2130 De'l
1020 2102 1167 2137 disciplinis
1191 2103 1254 2129 IiIIel
1291 2111 1341 2129 ms.
1368 2104 1395 2129 in
1421 2104 1437 2130 4
1462 2104 1584 2131 l'erizon.
1610 2105 1730 2133 Leidens.
1757 2107 1816 2135 Vid.

197 2153 278 2180 catal.
293 2152 360 2179 bibl.
375 2152 421 2179 cit.
445 2159 471 2185 p.
492 2151 555 2183 494,
572 2158 614 2177 nr.
633 2151 675 2181 11,
691 2155 719 2176 et
734 2149 820 2177 Oxon.
848 2150 876 2176 in
892 2149 953 2177 cod.
970 2149 1001 2176 C.
1023 2148 1129 2183 collegii
1148 2147 1277 2182 Corporis
1302 2148 1415 2181 Christi,
1432 2150 1488 2176 sive
1517 2158 1560 2177 nr.
1580 2151 1662 2184 1567,
1687 2159 1739 2179 cat.
1755 2163 1817 2182 mss.

197 2199 309 2234 Anglice,
325 2203 378 2226 etc.
397 2199 419 2230 l,
439 2198 466 2230 2,
483 2205 542 2232 pag.
560 2197 604 2224 51.
623 2196 721 2232 11Αιιι..]

1033 2263 1094 2291 51⁵5.
1110 2262 1292 2290 Coniutantur
1308 2270 1322 2289 a
1339 2262 1506 2290 Nalhanaelc
1520 2268 1548 2291 et
1570 2264 1692 2292 Gabricle
1713 2265 1818 2294 Taura-

233 2266 271 2302 (a)
292 2265 440 2296 Severiani,
465 2272 480 2291 a
503 2264 604 2291 Severo
629 2264 766 2302 monacho
788 2264 932 2302 nominati,
951 2263 979 2290 in

283 2302 330 2327 icis
342 2308 404 2327 saec.
415 2308 441 2326 vt
457 2303 644 2326 numerantur.
660 2299 814 2326 Secundum
832 2299 976 2325 Montl'auc.

1037 2299 1090 2327 lha.
1107 2298 1172 2324 ihid.
1190 2305 1217 2332 p.
1234 2298 1297 2329 224,
1315 2298 1378 2325 457.
1398 2298 1483 2324 Haut.

196 2299 330 2328 haereticis
342 2308 404 2327 saec.
415 2308 441 2326 vr
457 2303 644 2326 numerantur.
660 2299 814 2326 Secundum
832 2299 978 2325 Montl‘aue.

197 2336 266 2363 Bibl.
284 2335 402 2370 bib’liotlt.
429 2339 538 2361 msstar.
561 2343 621 2370 pag.
641 2335 711 2370 7645.
734 2334 763 2360 ln
790 2334 855 2370 bibl.
875 2333 976 2361 Bodlei.

197 2375 324 2405 excerpta
338 2378 370 2397 ex
387 2368 618 2405 Philoponiﬂlibro
636 2369 671 2396 De
685 2370 806 2404 dogmate
825 2368 980 2405 Severiano-

198 2415 267 2437 rum.
281 2404 310 2432 et
331 2405 395 2431 ibid.
417 2412 477 2439 pag.
492 2404 555 2436 647,
574 2405 677 2431 Leontii
698 2405 821 2432 monachi
846 2404 977 2438 opuscula

198 2443 271 2468 varia
282 2446 373 2467 contra
382 2439 537 2473 Acephalos.
550 2440 712 2467 Severianus.
725 2443 790 2469 etc.,
801 2447 831 2465 ac
843 2447 904 2473 pag.
914 2439 976 2465 777.

198 2477 227 2503 In
237 2476 297 2502 cod.
313 2476 388 2502 card.
404 2474 539 2509 Radulphi
553 2475 687 2501 Anastasii
705 2474 817 2501 Sinait:e
831 2474 978 2509 Syntagma

198 2511 399 2545 inscriptionum
420 2509 516 2545 ὀδηχᾴς
529 2529 536 2539 ,
560 2514 587 2536 et
603 2515 699 2535 contra
723 2509 886 2545 Severianos
899 2511 978 2535 alios-

198 2555 250 2581 que
267 2543 419 2572 Iiaerelicos.
431 2543 627 2581 fViudobon.
647 2546 672 2581 in
687 2545 747 2581 cod.
765 2543 979 2581 LXXVIILAbu-

198 2579 269 2608 cara:
286 2581 437 2607 conl'utatio
452 2579 563 2606 hazresis
581 2580 790 2613 Arephalorum,
815 2579 978 2605 Severiano-

198 2624 269 2648 rum,
285 2616 311 2643 id
326 2619 368 2642 est
394 2613 587 2642 Jacobitarum.
609 2613 667 2641 Vid.
684 2614 785 2641 liollar.
800 2614 833 2641 ad
849 2613 979 2641 Lambec.

197 2649 256 2677 Vll.
273 2658 300 2677 υ.
318 2650 381 2676 292.
394 2664 428 2669 —-
439 2649 477 2676 De
490 2655 561 2676 secta
574 2649 720 2676 Jaeobitar.
740 2647 798 2675 Vid.
815 2649 977 2676 Assemann.

249 2671 256 2681 ,
273 2658 300 2681 D.
318 2657 381 2676 252.
394 2664 428 2669 --
439 2657 477 2676 ue
490 2657 561 2676 secta
574 2657 720 2676 JaCODIlM‘.
742 2657 798 2675 για.
815 2657 977 2676 assemann.

203 2658 256 2681 vn,
273 2658 300 2684 p.
318 2658 381 2676 232.
394 2664 428 2669 —-
439 2658 477 2676 ue
490 2658 561 2676 secta
574 2658 720 2676 Jacomtar.
742 2658 798 2675 ua.
815 2658 977 2676 assernann.

198 2685 231 2711 B.
249 2684 282 2712 0.
301 2689 368 2711 tom.
389 2685 409 2714 Ι,
425 2693 453 2718 p-
470 2684 537 2715 424ς
556 2684 587 2715 ll.
609 2692 635 2719 p.
651 2684 695 2715 6'1,
717 2689 743 2710 et
766 2687 831 2710 tom.
850 2684 894 2719 111,
916 2691 977 2719 pag.

198 2720 250 2747 505
265 2728 337 2754 sqq.,
348 2719 412 2754 ⁸555.
423 2717 484 2749 579,
498 2719 548 2754 585
560 2717 620 2753 εηιιῖ
636 2724 702 2749 etc.,
713 2726 745 2745 ac
759 2723 824 2754 tom.
838 2717 872 2745 IV
886 2718 979 2745 multis

199 2753 362 2782 locisﬁltem
385 2753 539 2780 Schroeckh
572 2753 675 2780 christl.
695 2753 895 2788 Kirchengesclt.
912 2758 977 2779 tom.

201 2789 294 2821 XVIII,
315 2787 491 2824 p.765|_seq.
513 2803 548 2808 -—
569 2789 605 2816 De
628 2788 786 2824 Severianis
806 2787 870 2824 add.
883 2789 981 2824 iAsse—

202 2833 292 2852 manu.
315 2821 392 2851 Bibl.
414 2821 514 2851 Orient.
530 2828 595 2851 tom.
618 2822 663 2858 III,
681 2831 744 2860 pag.
761 2823 824 2857 579,
841 2823 903 2855 ⁵581,
918 2823 981 2855 457,

1067 2332 1105 2367 (b)
1124 2333 1192 2359 Add.
1216 2334 1373 2368 pauloiante
1394 2333 1427 2360 de
1445 2334 1490 2359 illa
1514 2333 1628 2368 aliisque
1643 2334 1752 2363 ineditis
1769 2337 1819 2363 ho-

1033 2369 1117 2404 miliis
1130 2368 1278 2404 radtrotata.
1298 2367 1326 2394 In
1340 2368 1498 2404 'I'heodorili
1514 2367 1628 2403 dialogis
1653 2371 1748 2404 fragm.
1769 2372 1818 2399 Se-

1032 2403 1146 2429 veriani.
1175 2402 1235 2429 Vid.
1264 2410 1357 2437 supra,
1382 2404 1435 2429 vol.
1456 2402 1525 2434 VIII,
1553 2402 1664 2438 p.729].
1687 2402 1722 2425 _—
1751 2405 1820 2432 Fra-

1031 2442 1140 2472 gmenta
1154 2438 1181 2464 in
1196 2439 1338 2471 permultis
1360 2442 1462 2465 restant
1481 2439 1583 2465 catenis
1608 2438 1718 2466 Patrum
1743 2442 1819 2468 aliis-

1031 2480 1083 2506 que
1107 2472 1389 2508 collectionibuszsic
1416 2473 1443 2499 in
1469 2473 1529 2499 cod.
1556 2473 1624 2500 CXII
1652 2475 1818 2508 Cromwdli,

1031 2515 1062 2545 si
1074 2507 1473 2545 nr._29l_._cat.nmss.Angliam
1491 2512 1545 2534 etc.
1563 2509 1590 2534 in
1607 2509 1687 2545 codd.
1704 2507 1818 2545 August.

1031 2541 1144 2578 Vindel.
1172 2542 1229 2568 Vid.
1259 2541 1366 2578 Breiserii
1385 2541 1471 2569 India.
1498 2552 1560 2569 mss.
1585 2551 1610 2578 p.
1636 2544 1652 2570 9
1672 2549 1699 2571 et
1719 2541 1762 2574 59".
1790 2547 1818 2574 In

1031 2577 1327 2615 (EQIId:_C0_I‘SAIIn:~VtI(AlL
1343 2577 1489 2615 Mpnlfaue.
1511 2577 1591 2615 BiblI
1606 2579 1687 2605 Coisl.
1702 2588 1761 2615 pag.
1774 2582 1819 2614 41,

1032 2612 1077 2650 £2,
1098 2612 1143 2644 67,
1157 2612 1210 2650 _76,
1233 2612 1276 2650 82,
1363 2612 1407 2650 8-4,
1429 2612 1575 2650 2(ξᾷ,215-1,
1601 2620 1628 2640 et
1651 2611 1762 2650 sapius.
1785 2611 1821 2637 -ξ

1032 2646 1128 2673 Venet.
1156 2647 1183 2673 in
1208 2647 1269 2673 cod.
1301 2647 1431 2673 Mareian.
1460 2646 1517 2674 Vid.
1546 2649 1633 2675 Catel.
1662 2646 1739 2677 co'dtl.
1771 2651 1818 2678 Gr.

1034 2681 1121 2708 Marc.
1138 2689 1200 2716 pag.
1220 2683 1263 2712 17,
1283 2682 1324 2709 bis
1343 2688 1369 2709 et
1385 2682 1429 2712 :12,
1453 2686 1480 2708 et
1499 2683 1548 2710 cel.
1567 2684 1669 2711 Morelli
1697 2687 1724 2712 in
1748 2686 1818 2713 Bibl.

1034 2722 1112 2743 msta.
1131 2717 1177 2743 Gr.
1195 2722 1219 2743 et
1237 2716 1297 2743 Lat.
1325 2717 1345 2746 Ι.
1371 2724 1396 2750 p.
1418 2718 1452 2744 50
1471 2721 1497 2744 et
1522 2718 1566 2744 52.
1589 2734 1623 2738 —
1648 2719 1766 2747 Florent.
1792 2722 1820 2748 iu

1033 2752 1112 2778 codd.
1131 2751 1257 2778 Laurent.
1286 2751 1343 2778 Viti.
1359 2751 1472 2779 Bandin.
1488 2752 1547 2780 Cat.
1565 2754 1818 2786 codtl.Gr.Laur.l.

1057 2787 1132 2817 .102,
1142 2787 1274 2820 251.5ϋ5,
1287 2787 1349 2818 545,
1364 2795 1405 2813 nr.
1424 2787 1485 2813 I.—
1499 2789 1527 2814 In
1542 2790 1602 2815 cod.
1616 2790 1743 2816 Mazariu.
1761 2791 1819 2817 Vid.

1052 2821 1188 2852 Iuntf..-
1201 2822 1271 2849 Bibl.
1292 2821 1409 2849 bibliotlt.
1423 2829 1486 2849 mss.
1500 2837 1536 2843 —
1555 2831 1617 2859 pag.
1637 2825 1716 2852 1509.
1733 2825 1820 2853 Hann.
