1971 3068
139 164 175 193 19
655 167 839 196 SEVERIANI
860 169 1045 198 GABALORU
1051 169 1075 197 Μ
1095 168 1245 197 EPISCOPI
1736 168 1771 197 20

177 222 205 249 V.
230 222 328 250 Volens
344 228 432 252 autem
448 224 582 260 Propheta
597 227 679 254 etiam
698 227 816 256 fructum
832 233 925 256 osten-

1012 230 1050 256 E'.
1071 229 1234 264 Βουλόμενος
1249 229 1276 256 δὲ
1289 229 1302 255 6
1315 228 1460 264 Προφήτης
1474 228 1519 255 καὶ
1534 228 1580 255 τόν
1594 228 1699 264 καρπον
1710 229 1772 256 ὲπι-

139 269 204 297 (ῘιΤΘ
221 269 351 298 adventus
365 271 446 306 hujus
468 273 587 307 pastoris
603 284 609 300 :
625 273 732 308 Excita,
745 275 822 307 dixit,
836 280 928 310 poten-

140 319 225 341 tatnm
241 319 326 349 tuum,
343 321 367 342 et
381 317 438 343 veni
462 318 496 343 ad
518 318 675 346 saluandam
690 329 738 346 nos
748 321 769 348 ³.
786 321 928 356 Apparitio

138 361 211 386 enim
227 360 389 392 Salvatoris,
407 361 468 388 fons
484 363 567 389 totius
583 367 625 390 est
643 364 778 391 beneﬁcii.
795 365 928 400 Apparuit

140 405 231 440 itaque
247 406 412 442 Redemptor
428 408 504 435 orbis
520 409 651 441 universi,
665 410 757 436 omnia
774 412 928 446 suscipiens

141 451 170 478 in
196 459 234 483 se,
250 457 360 486 propter
385 458 580 488 congruentem
607 455 657 482 sibi
684 457 843 484 bonitatem.
861 457 927 484 Cum

141 498 213 524 enim
231 498 342 526 vidisset
360 501 450 526 omnia
468 508 528 535 quae
552 502 579 528 in
604 502 762 530 hominibus
778 508 842 530 sunt
866 511 928 531 cor—

142 545 242 577 ruisse,
253 550 280 572 ct
295 546 478 573 sacerdotium
494 547 566 581 quod
580 548 692 576 dederat
705 548 810 581 lsraeli,
823 555 850 577 et
865 558 929 585 pro-

141 591 273 625 phetiam,
291 595 318 619 et
334 600 429 620 omnes
443 595 637 629 praerogativas
654 604 660 621 :
681 595 738 630 ipse
752 602 865 623 renovat
883 605 930 632 per

142 644 172 664 se
186 638 274 671 ipsum
289 638 360 665 dona
375 646 434 665 sua.
452 639 595 672 Quomodo
610 641 690 668 vero?
705 641 787 669 Audi.

179 727 222 755 Vl.
244 728 344 757 Factus
355 735 397 757 est
410 731 552 766 propheta,
566 736 709 768 postquam
727 734 878 762 adulterata
890 741 932 763 est

142 774 285 808 prophetia
310 777 344 801 ab
367 775 588 810 indignis,juxta
611 778 683 812 quod
710 779 842 814 scriptum
867 785 929 808 est:

144 819 304 854 Prop/ictam
320 821 390 848 vobis
406 823 544 848 suscitabit
563 823 692 851 Dominus
708 825 779 852 Deus
794 831 884 853 noster
900 835 933 853 et

144 867 276 901 fratribus
290 868 393 900 vestris,
407 869 474 894 sicut
495 870 561 896 me“.
578 869 698 898 EfTectus
718 876 758 898 est
782 873 931 907 apostolus,

979 275 1064 308 δεῖξαι
1080 275 1128 310 τῆς
1143 274 1190 301 τοῦ
1205 273 1333 309 ποιμένος
1349 275 1508 310 ἐπιδημίας·
1527 274 1704 309 Ἐξέγειρον,
1721 283 1774 310 φης

981 322 1034 353 σίν,
1053 320 1111 354 τὴν
1129 320 1312 347 δυναστείαν
1326 328 1394 353 σου,
1410 320 1461 347 καὶ
1477 320 1547 348 ἐλθὲ
1568 322 1612 353 εὶς
1628 320 1659 347 τὸ
1675 319 1773 347 σῶσαι

982 366 1069 401 ἡμᾶς.
1085 367 1117 392 Ἦ
1138 365 1191 402 γὰρ
1211 365 1257 392 τοῦ
1275 366 1399 401 Σωτῆρος
1415 367 1561 401 ἐπιφάνεια
1586 367 1661 402 πηγὴ
1682 366 1773 402 πάσης

982 413 1151 448 εὐεργεσίας.
1162 413 1298 448 Ἐπεφάνη
1316 413 1405 439 τοίνυν
1427 414 1440 440 6
1464 413 1603 448 λυτρωτὴς
1620 413 1710 447 πάσης
1725 413 1774 447 τῆς

982 460 1153 495 οἰκουμένης,
1169 460 1257 486 πάντα
1272 459 1414 486 ἀναλαϐὼν
1429 460 1468 491 είς
1481 459 1575 486 ἑαυτὸν
1591 459 1635 485 διὰ
1657 459 1706 494 τὴν
1725 458 1774 485 αὺ-

982 506 1021 541 τῴ
1033 507 1190 542 πρέπουσαν
1201 506 1365 541 ἁγαϐότητα.
1378 505 1484 540 Ἐπειδὴ
1495 505 1549 541 γὰρ
1561 504 1629 532 εἶδεν
1642 506 1729 532 πάντα
1738 504 1773 531 τὰ

983 553 1012 578 ἐν
1027 551 1179 587 ἀνθρώποις
1195 551 1367 581 διαπεσόντα,
1381 551 1428 577 καὶ
1442 551 1490 586 τὴν
1509 551 1667 586 ἱερωσύνην,
1681 551 1713 585 ἣν
1729 549 1774 576 δέ-

982 597 1068 623 δωκεν
1083 598 1111 623 ὲν
1125 597 1164 632 τῷ
1178 597 1296 632 Ἰσραὴλ,
1313 597 1358 623 καὶ
1371 597 1418 632 τὴν
1436 597 1612 632 προφητείαν,
1629 597 1675 623 καὶ
1687 597 1775 623 πάντα

985 642 1018 668 τὰ
1036 642 1172 678 ἐξαίρετα,
1190 642 1271 673 αὐτὸς
1287 642 1455 674 ἀνακαινίζει
1469 642 1502 669 δι’
1516 642 1612 669 ἑαυτοῦ
1628 642 1663 669 τὰ
1677 641 1774 670 ἑαυτοῦ

983 687 1057 723 δῶρα
1068 696 1075 703 '
1092 689 1140 723 lg}.
1157 688 1216 726 πῶς
1229 696 1236 726 ξ
1254 688 1363 715 Ἀκουε.

1021 735 1065 766 ς’.
1093 733 1215 766 Ἐγένετο
1226 734 1379 768 προφήτης,
1393 733 1486 769 ἐπειδὴ
1500 734 1627 770 ὲνοϐεύϐη
1640 736 1656 770 ἠ
1670 743 1779 770 προφη-

985 780 1045 806 τεία
1065 779 1140 814 παρὰ
1157 780 1210 806 τῶν
1226 780 1350 813 ἀναξίων,
1365 780 1456 812 καθὼς
1475 780 1642 816 γέγραπταιδ
1659 780 1777 815 Προφή-

985 834 1042 858 την
1055 825 1126 859 ὑμῖν
1137 825 1305 858 ἀναστήσει
1317 827 1423 859 Κύριος
1444 828 1460 852 ὁ
1479 826 1551 859 Θεὸς
1566 826 1650 861 ἡμῶν
1663 826 1697 852 ἐκ
1717 825 1776 852 τῶν

986 870 1126 905 ἀδελφῶν
1144 870 1237 905 ὑμῶν,
1253 872 1292 904 ὡς
1304 871 1364 906 ἐμέ.
1380 872 1486 898 Γίνεται
1502 871 1649 903 ἀπόστολος
1664 871 1733 898 κατὰ
1745 872 1777 898 τὸ

144 913 295 940 secundum
313 915 385 948 quod
402 915 506 941 dictum
520 920 561 943 est
578 916 767 945 :(Ionsiderate
782 920 931 954 pontiﬁcem

992 917 1127 953 ιῐρημένον
1139 925 1145 931 ·
1162 917 1375 951 Κατανοήσατε
1398 918 1451 944 τὸν
1470 917 1607 952 ἀρχιερέα
1629 918 1678 944 καὶ
1700 917 1776 944 ἀπό-

143 963 168 985 et
181 959 329 991 apostolum
341 961 485 987 vocationis
502 967 600 988 nostra:
615 961 746 990 Iesum”.
763 964 883 993 Eﬂ'ectus
894 972 936 994 est

143 1004 226 1031 etiam
245 1005 374 1033 sacerdos
388 1006 459 1033 sicut
474 1009 512 1034 ait
524 1006 751 1044 Hymnographus
766 1020 772 1037 :
789 1011 827 1038 Tu
845 1021 872 1040 es
890 1022 935 1040 sa-

145 1055 236 1082 cerdos
249 1056 275 1082 in
290 1057 416 1083 mentum
430 1058 572 1085 secundant
589 1058 707 1086 ordinem
716 1057 892 1086 Melchisedec
902 1060 934 1088 ".

145 1102 263 1130 Etlectus
285 1108 326 1130 est
348 1112 456 1139 quoque
473 1106 617 1135 diaconus.
633 1111 662 1133 ut
682 1107 771 1141 inquit
788 1115 936 1142 generosus

146 1148 247 1176 Paulus
260 1159 266 1176 :
282 1149 345 1176 Dico
355 1151 424 1176 enim
436 1150 568 1178 Christum
584 1152 725 1179 diaconum
742 1153 841 1187 factum
854 1153 938 1188 fuisse

146 1195 355 1222 circumcisiunis
369 1204 415 1230 pro
431 1198 539 1224 veritate
561 1199 618 1232 Dei,
636 1199 669 1225 ad
692 1200 860 1233 corripiendus
874 1209 937 1234 pro-

147 1240 284 1267 missianes
296 1247 403 1275 patrum
413 1243 445 1269 η.
461 1242 513 1270 Per
525 1251 633 1271 omnem
654 1244 736 1279 igitur
751 1246 851 1272 transit
867 1247 937 1273 ordi-

147 1293 220 1312 nem.
250 1285 369 1313 Equ-ctus
391 1291 432 1314 est
459 1289 559 1322 pariter
582 1289 662 1315 etiam
686 1289 781 1316 lector.
798 1290 935 1323 Accipiens

146 1331 216 1357 enim
231 1331 330 1358 Isaiam
356 1332 498 1366 legebat”,
521 1334 592 1360 sicut
612 1333 733 1360 declarat
747 1333 935 1368 Evangelium,

147 1385 202 1412 quo
222 1378 301 1404 etiam
319 1379 456 1412 propheta:
476 1380 650 1407 conlirmarct
665 1388 757 1410 voces,
775 1385 802 1407 et
818 1380 936 1407 honora-

147 1428 189 1449 τιτι
207 1423 308 1458 gradus
320 1424 532 1452 ecclesiasticos.
549 1424 609 1452 Fuit
621 1428 648 1451 et
663 1433 720 1454 rex.
736 1425 789 1452 Rex
802 1426 934 1459 regum“;

148 1474 178 1496 ut.
203 1470 292 1504 inquit
314 1469 462 1497 Nathanael
480 1479 486 1497 :
504 1470 544 1497 Tu
560 1479 586 1498 es
606 1470 694 1498 Filius
711 1471 776 1503 Dei;
794 1476 822 1498 tu
839 1480 865 1498 es
890 1480 936 1498 rex

148 1515 236 1542 Israel
248 1517 279 1543 ιδ.

986 965 1099 990 στολον
1124 963 1178 997 τῆς
1203 963 1340 996 κλήσεως
1360 963 1444 997 ἡμῶν
1462 964 1588 997 Ἰησοῦν.
1603 964 1708 990 Γίνεται
1730 963 1778 989 καὶ

988 1009 1087 1044 ἱερεὺς,
1101 1009 1173 1035 καθά
1186 1017 1266 1044 φησιν
1282 1010 1296 1035 6
1309 1010 1497 1046 ’Υμνογράςρος
1508 1018 1514 1024 ·
1529 1010 1570 1036 Σὺ
1587 1008 1614 1036 εἷ
1627 1009 1720 1043 ἱερεὺς
1735 1011 1779 1042 εἰς

986 1056 1040 1082 τὸν
1062 1055 1155 1082 αἶώνα
1180 1056 1255 1082 κατὰ
1274 1055 1332 1090 τὴν
1350 1056 1436 1089 τάξιν
1455 1056 1653 1090 Μελχισεδέκ.
1671 1056 1777 1082 Γίνεται

987 1102 1034 1128 καί
1057 1102 1189 1134 διάκονος,
1203 1102 1241 1133 ὣς
1266 1111 1348 1138 φησιν
1375 1103 1388 1128 6
1410 1103 1531 1136 γενναῖος
1556 1101 1678 1133 Παῦλος·
1695 1101 1777 1136 Λέγω

987 1148 1042 1183 γὰρ
1055 1149 1182 1182 Χριστὸν
1196 1148 1337 1176 διάκονον
1346 1149 1522 1184 γεγενῆσθαι
1531 1147 1691 1183 περιτομῆς
1701 1148 1777 1181 ὑπὲρ

987 1194 1128 1226 ἀληθείας
1143 1193 1227 1224 Θεοῦ,
1245 1195 1288 1226 εἰς
1303 1193 1335 1220 τὸ
1348 1192 1504 1226 πληρῶσαι
1526 1193 1578 1226 τὰς
1598 1192 1779 1227 ἐπαγγελίας

987 1239 1046 1266 τῶν
1065 1239 1209 1274 πατέρων.
1226 1240 1274 1266 Διὰ
1289 1240 1378 1274 πάσης
1392 1237 1438 1266 οὖν
1449 1239 1535 1265 ὁδεύει
1547 1238 1660 1270 τάξεως.
1674 1238 1780 1264 Γίνεται

988 1285 1068 1312 πάλιν
1097 1286 1142 1312 καὶ
1172 1286 1357 1321 ἀναγνώστης.
1379 1285 1483 1312 Λαϐὼν
1507 1285 1563 1320 γὰρ
1588 1285 1642 1311 τὸν
1659 1284 1782 1311 Ἡσαΐαν

987 1333 1200 1366 ἀνεγίνωσκεν,
1225 1333 1263 1364 ὼς
1290 1333 1409 1358 δείκνυσι
1435 1332 1464 1358 τὸ
1481 1331 1656 1365 Εύαγγέλιον,
1670 1331 1714 1356 ἴνα
1733 1329 1781 1357 καὶ

987 1378 1034 1404 τοῦ
1047 1380 1185 1414 προφήτου
1200 1379 1248 1410 τὰς
1260 1379 1352 1413 φωνὰς
1368 1377 1514 1413 βεϐαιιίισῃ,
1529 1378 1576 1404 καὶ
1598 1378 1646 1412 τῆς
1667 1377 1782 1413 Ἐκκλη-

989 1423 1050 1455 ciu;
1071 1425 1133 1455 τοὺς
1158 1424 1279 1458 βαθμοὺς
1295 1425 1411 1459 τιμήσῃ.
1443 1423 1567 1457 Ἐγένετο
1581 1425 1628 1449 καὶ
1645 1422 1782 1458 βασιλεὺς,

995 1470 1025 1496 '0
1042 1470 1193 1502 Βασιλεὺς
1212 1469 1272 1496 τῶν
1284 1470 1529 1502 ,βασιλευόντων-
1545 1469 1582 1501 ὦς
1597 1478 1679 1504 φησιν
1696 1470 1710 1495 6
1722 1469 1780 1495 Να-

988 1515 1107 1550 θαναήλ”
1123 1515 1165 1542 Σὺ
1182 1514 1236 1542 εἷο
1258 1515 1324 1548 Υἱὸς
1339 1515 1392 1542 τοῦ
1413 1515 1500 1542 Θεοῦ·
1515 1515 1555 1541 σὺ
1566 1512 1619 1541 εἷό
1631 1513 1782 1546 ,βασιλεὺς

988 1561 1041 1588 τοῦ
1063 1560 1195 1594 Ἰσραήλ.

185 1603 240 1630 ἭΙ.
256 1603 308 1631 Sed
318 1605 388 1632 dicet
400 1604 516 1633 fortasse
527 1605 662 1640 quispiam
675 1607 914 1634 circumstantium
927 1616 934 1633 ε

1024 1605 1060 1630 Z’.
1088 1604 1157 1631 Ἀλλ’
1170 1605 1228 1640 ἐρεῖ
1249 1613 1290 1636 τις
1309 1604 1373 1636 ἴσως
1396 1604 1448 1630 τῶν
1465 1603 1656 1640 περιεστώτων
1668 1613 1674 1619 ’
1687 1604 1719 1630 Τί
1735 1601 1781 1630 οὖν

150 1649 220 1681 Quid
239 1650 322 1684 igitur
340 1650 372 1677 ad
391 1658 433 1678 tlte
449 1651 583 1678 hominem
601 1652 770 1683 saecularem,
784 1652 807 1679 si
821 1652 938 1687 prophe-

151 1696 215 1722 tiam
242 1700 270 1723 et
294 1697 473 1730 apostolatum
498 1701 525 1723 et
548 1697 735 1731 pontiﬁcatum
751 1698 876 1725 Christus
897 1699 938 1725 in-

150 1740 229 1767 duit?
243 1742 309 1776 quid
324 1741 356 1768 ad
371 1750 414 1770 me
427 1743 453 1769 in
469 1743 593 1769 sreculari
610 1746 680 1769 statu
705 1743 843 1778 positum?
858 1743 940 1770 Maxi-

150 1795 195 1814 me
213 1796 278 1815 vero
293 1793 404 1823 propter
420 1797 516 1816 omnes
540 1790 665 1817 homines
683 1789 770 1817 factus
793 1794 835 1817 est
857 1790 939 1817 homo

152 1833 369 1861 humanissimus
384 1835 439 1861 ille.
467 1835 504 1861 Ac
524 1835 548 1861 si
567 1835 609 1862 vis
623 1834 714 1862 videre
726 1835 802 1861 illum
817 1834 939 1861 laicalem

153 1884 254 1906 statum
272 1881 415 1908 obeuntem
433 1885 542 1915 propter
556 1886 592 1911 te,
610 1886 705 1916 reputa
722 1887 808 1908 tecum
834 1885 860 1908 et
879 1889 942 1908 con-

153 1927 244 1954 sidera
256 1934 317 1961 qua:
327 1927 383 1960 jam
399 1927 512 1954 dicenda
529 1931 602 1955 sunt.
619 1927 684 1954 Sine
696 1927 881 1954 controversia
894 1927 941 1962 qui

153 1972 273 2006 baptizat
286 1980 374 1999 nonne
392 1973 417 1999 in
432 1973 528 2000 ordine
553 1978 596 2001 est
620 1973 797 2005 sacerdotali;
814 1973 859 2007 qui
878 1981 942 2000 vero

154 2018 320 2053 baptizatur,
333 2027 422 2046 nonne
440 2019 466 2046 in
490 2020 579 2046 laicali
596 2019 681 2055 gradu
700 2020 866 2047 constitutus
880 2019 943 2047 est?

154 2064 271 2091 Attende
288 2065 370 2099 igitur
389 2064 523 2092 Joannem
540 2066 567 2092 in
583 2065 669 2100 gradu
686 2065 838 2093 sacerdotis
856 2065 944 2100 bapti-

155 2114 273 2142 zanle‘u,
288 2114 314 2137 et
336 2109 476 2137 Christum
502 2110 529 2136 in
552 2110 642 2137 laicali
666 2115 737 2137 statu
764 2110 943 2144 baptizatum.

155 2155 242 2182 llodie
256 2164 383 2190 namque,
404 2157 513 2188 fratres,
536 2156 616 2183 hodie
631 2157 864 2191 dispensationem
880 2157 945 2183 sub-

154 2202 204 2229 ivit
219 2209 351 2235 aquarum
366 2211 371 2228 :
386 2210 439 2229 non
452 2210 485 2229 ex
501 2202 578 2236 aquis
594 2201 793 2234 sanetiticalus,
806 2201 853 2228 sed
866 2202 945 2236 aquis

989 1649 1057 1684 πρὸς
1076 1649 1126 1684 ἐμὲ
1149 1649 1194 1676 τὸν
1210 1649 1312 1682 nam,
1328 1651 1353 1675 εί
1376 1650 1543 1685 προφητείαν
1567 1650 1613 1675 καὶ
1630 1649 1782 1684 ἀποστολὴν

990 1694 1037 1720 καί
1049 1694 1254 1729 ἀρχιερωσύνην
1269 1694 1427 1726 ivstitia-.0;
1442 1694 1468 1720 τί
1481 1694 1550 1729 πρὸς
1563 1694 1613 1728 ἐμὲ
1626 1694 1671 1720 τὸν
1683 1695 1711 1720 ἐν
1724 1694 1783 1720 λαῖ-

990 1740 1024 1773 κῇ
1038 1739 1113 1771 τάξει
1125 1739 1345 1774 κατηλεγμένον;
1362 1738 1487 1765 Μάλιστα
1505 1739 1553 1774 μὲν
1563 1738 1607 1764 διὰ
1620 1739 1723 1770 πάντας
1735 1739 1781 1765 ἀν-

991 1786 1116 1822 Θρώπους
1142 1786 1253 1820 γέγονεν
1278 1786 1420 1822 ἄνθρωπος
1444 1787 1458 1812 6
1483 1785 1684 1820 φιλάνθρωπος.
1702 1784 1734 1811 Εἰ
1756 1785 1784 1811 δὲ

993 1832 1082 1867 βούλει
1095 1832 1175 1858 αὐτὸν
1189 1832 1236 1858 καὶ
1250 1831 1345 1858 λαϊκοῦ
1359 1831 1436 1863 τάξιν
1458 1831 1643 1866 ὑπερχόμενον
1665 1831 1727 1857 ἰδεῖν
1741 1831 1786 1857 διὰ

993 1879 1033 1911 σὲ,
1049 1879 1193 1914 ἀνάκρινον
1204 1878 1278 1913 παρὰ
1295 1879 1323 1904 σὲ
1340 1879 1377 1913 (5)
1390 1878 1463 1912 αὐτῷ
1478 1879 1524 1904 καὶ
1540 1878 1676 1912 σκόπησον
1687 1877 1720 1903 τὰ
1737 1879 1780 1913 ρη-

993 1924 1388 1959 οησόμενα.¹υμολογουμένως
1412 1925 1425 1950 6
1447 1923 1584 1958 βαπτίζων
1596 1925 1645 1950 οὐκ
1662 1925 1691 1950 ἐν
1709 1923 1786 1959 χώρᾳ

993 1971 1067 1997 ἐστὶν
1094 1970 1142 1996 τοῦ
1159 1970 1265 2006 ἱερέως,
1290 1971 1303 1996 6
1328 1970 1356 1996 δὲ
1380 1969 1587 2004 βαπτιζόμενος,
1602 1969 1651 1995 οὐκ
1667 1969 1696 1994 ἐν
1710 1968 1785 2000 τάξει

993 2017 1041 2043 τοῦ
1056 2016 1149 2043 λαῐκοῧ
1175 2016 1342 2052 καθέστηκεν
1355 2025 1361 2048 ;
1380 2016 1450 2053 ’Ὦρα
1463 2013 1509 2042 οὖν
1527 2016 1652 2050 Ἰωάννην
1667 2016 1695 2041 ὲν
1710 2014 1786 2047 τάξει

996 2064 1090 2099 ἱερέως
1105 2063 1279 2098 βαπτίζοντα,
1294 2063 1339 2089 καὶ
1350 2063 1395 2089 τὸν
1410 2063 1526 2098 Χριστὸν
1541 2063 1568 2088 ὲν
1583 2062 1787 2097 λαῖκῷίτάγμα-

995 2119 1021 2136 τι
1047 2110 1255 2144 βαπτιζόμενον.
1286 2110 1409 2146 Σήμερον
1436 2109 1500 2144 γὰρ,
1525 2109 1644 2148 ἀδελνέοὶ,
1667 2109 1786 2143 σήμερον

996 2157 1045 2191 τὴν
1059 2156 1102 2182 διὰ
1115 2156 1169 2183 τῶν
1185 2156 1288 2182 ὑδάτων
1303 2155 1422 2190 ὑπῆλθεν
1438 2155 1603 2190 οἰκονομίαν.
1618 2155 1674 2180 Οὐκ
1688 2155 1719 2180 ὲκ
1734 2153 1787 2179 τῶν

998 2201 1100 2228 ὑδάτων
1117 2201 1307 2236 ἀγιαζὸμενος,
1323 2201 1390 2228 ἀλλὰ
1409 2203 1463 2232 τοῖς
1481 2201 1574 2227 ὕδασιν
1595 2199 1642 2226 τὴν
1654 2197 1788 2234 ἁγιασμὺν

156 2247 400 2275 sanctificationcm
420 2248 526 2275 indens.
538 2247 658 2274 Joannes
673 2247 758 2274 vicem
777 2248 887 2283 gerebat
900 2255 938 2275 sa-

998 2249 1192 2284 παρεχόμενος.
1201 2247 1324 2283 Ἰωάννης
1346 2247 1465 2282 ἐπλήρου
1489 2246 1518 2272 τὸ
1538 2245 1629 2280 σχῆμα
1648 2245 1677 2271 τὸ
1689 2246 1709 2270 ίε
1715 2253 1788 2279 ρατι-

157 2294 290 2326 ceruotis;
310 2294 413 2320 accedit
426 2293 591 2328 Redemptor
609 2293 683 2320 orbis
700 2293 733 2320 ad
751 2293 945 2328 baptizantem,

157 2339 181 2366 is
201 2339 247 2374 qui
265 2339 384 2366 illustrat
408 2339 435 2365 in
451 2338 568 2374 Spiritu,
591 2347 639 2366 rex
665 2340 723 2374 ipse
741 2339 774 2366 ad
794 2347 947 2374 praecurso-

157 2393 226 2417 rem,
240 2386 310 2413 Deus
324 2386 382 2420 ipse
395 2385 429 2412 ad
442 2385 611 2420 prophetam.
628 2384 758 2419 Joannes,
772 2385 882 2418 fratres,
892 2393 947 2412 non

158 2431 302 2464 ignorabat
317 2432 476 2466 dignitatem
493 2435 603 2466 propter
620 2431 852 2466 dispensationem
867 2440 873 2464 ;
893 2439 947 2458 non

161 2478 255 2504 fefellit
269 2486 330 2505 eum
345 2478 453 2506 habitus
468 2478 609 2512 corporis;
629 2486 682 2505 non
700 2478 807 2514 decepit
821 2486 882 2505 eum
898 2486 948 2513 ap-

161 2531 259 2558 parens
276 2525 428 2559 earo;quin
442 2525 532 2559 potius
543 2525 689 2552 illustravit
700 2533 761 2552 eutn
777 2526 883 2552 occulta
894 2526 949 2552 vir-

159 2577 213 2602 tus.
226 2580 306 2607 quam
319 2574 507 2608 ignorantibus
520 2580 628 2607 quoque
640 2573 815 2607 praedicabat.
827 2572 948 2599 Lucerna

160 2618 261 2652 quippe
277 2624 371 2646 sancta
383 2625 442 2646 erat
457 2620 498 2646 vir
512 2620 557 2646 ille
574 2618 751 2646 admirandus
769 2628 775 2645 :
792 2619 903 2646 lucerna
916 2618 949 2645 de

161 2670 213 2696 qua
229 2673 234 2690 :
246 2662 345 2690 Paravi
361 2664 494 2690 lucernam
506 2663 610 2691 Christo
623 2672 678 2690 meo
687 2664 774 2698 “,per
784 2663 948 2698 Prophetam

162 2710 320 2744 praedictum
339 2710 435 2737 fuerat.
450 2709 572 2737 Lucerna
595 2718 660 2737 vero
671 2709 790 2737 Joannes
802 2710 948 2745 praenomi-

199 2823 210 2839 ⁸
229 2822 300 2849 Psal.
313 2832 404 2854 Lxxtx,
419 2824 446 2850 εὶ.
486 2825 495 2839 ⁸
516 2823 592 2849 Deut.
609 2831 688 2854 xvul.
705 2824 746 2850 lii.

165 2857 209 2886 Π.
251 2859 270 2873 "'
294 2859 299 2885 Ι
319 2859 497 2891 Titn.vt,15.

200 2905 238 2940 (ὅ)
261 2905 339 2932 Forte
354 2905 404 2939 σοί,
425 2913 456 2933 ex
470 2913 563 2933 errore
580 2911 685 2941 typogr.

787 2823 810 2839 “
827 2822 909 2851 Hebr.
925 2831 966 2855 ιιι,
982 2824 1010 2852 1.

539 2859 560 2874 ¹³
580 2858 659 2885 Joan.
676 2867 693 2889 ι,
708 2859 752 2886 49.
782 2859 803 2875 ¹⁶
815 2858 888 2886 Psal.
904 2867 998 2893 eam,
1013 2860 1055 2886 Π.

996 2295 1053 2326 κὺν,
1075 2294 1254 2330 προσέρχεται
1267 2294 1280 2319 6
1296 2292 1443 2328 Λυτρωτὴς
1454 2292 1503 2326 τῆς
1514 2291 1674 2326 οἰκουμένης
1689 2290 1727 2325 τῷ
1739 2290 1788 2325 βα-

997 2340 1128 2372 πτίζοντι,
1146 2341 1159 2366 6
1176 2340 1299 2374 φωτίζων
1310 2340 1338 2366 ὲν
1350 2339 1499 2374 Πνεύματι,
1511 2339 1524 2364 6
1536 2338 1660 2373 βασιλεὺς
1672 2337 1710 2372 τῷ
1723 2345 1789 2372 προ-

996 2387 1098 2422 δρὸμῳ,
1115 2386 1215 2420 ὁΙΘεδς
1237 2386 1275 2421 τῷ
1297 2385 1579 2421 προφήτῃ.Ίωάννης,
1603 2384 1721 2422 όιδελςοὶΙ
1740 2384 1791 2410 οὐκ

997 2433 1130 2468 ἠγνόησεν
1141 2432 1190 2468 τὴν
1205 2432 1283 2466 ἀξίαν
1298 2433 1342 2458 διὰ
1356 2432 1404 2467 τὴν
1419 2431 1575 2466 οἰκονομίαν
1587 2439 1593 2445 ·
1610 2430 1659 2456 οὐκ
1676 2429 1791 2463 ἔσφαλεν

999 2478 1079 2505 αὑτὸν
1103 2478 1132 2504 το
1154 2478 1247 2514 σχῆμα
1268 2478 1314 2505 τοῦ
1331 2479 1453 2512 σώματος
1466 2485 1472 2493 ’
1489 2478 1538 2503 οὐκ
1555 2477 1696 2512 ἠπάτησεν
1710 2475 1791 2502 αὑτὸν

998 2525 1015 2558 ἡ
1031 2524 1180 2559 φαινομένη
1208 2524 1287 2560 σὰρξ,
1303 2524 1370 2551 ἀλλὰ
1394 2524 1581 2559 περιέλαμπεν
1595 2522 1675 2549 αὑτὸν
1691 2523 1707 2556 ἡ
1725 2530 1792 2557 κρυ-

1000 2570 1122 2605 πτομένη
1143 2569 1266 2604 δύναμις,
1288 2571 1321 2605 ἣν
1339 2570 1385 2596 καὶ
1401 2571 1457 2601 τοῖς
1470 2568 1611 2603 ἀγνοοῦσιν
1632 2568 1790 2603 ἐκήρυττεν.

1000 2617 1102 2651 Λύχνος
1117 2617 1170 2652 γὰρ
1184 2615 1217 2652 ἦν
1235 2616 1310 2650 ἅγιος
1327 2618 1341 2643 6
1357 2616 1507 2651 θαυμάσιος
1519 2624 1525 2629 ’
1541 2615 1646 2650 λύχνος,
1666 2614 1730 2648 περὶ
1744 2609 1773 2639 οὗ
1790 2636 1792 2638 .

1007 2663 1170 2698 ’Πτοίμασα
1186 2664 1302 2698 λύχνον
1317 2663 1357 2696 τῷ
1371 2662 1486 2697 Χριστῷ
1504 2670 1574 2696 μου,
1591 2660 1634 2687 διὰ
1654 2659 1701 2686 τοῦ
1725 2659 1793 2693 Προ-

1003 2712 1088 2746 φήτου
1104 2710 1275 2746 προείρηται.
1293 2709 1396 2745 Λύχνος
1411 2708 1439 2735 δὲ
1461 2709 1475 2734 6
1494 2707 1620 2742 Ἰωάννης
1643 2704 1792 2741 προανηγό-

1049 2825 1070 2840 ¹¹
1090 2826 1164 2853 Psal.
1184 2827 1282 2859 emt.
1324 2825 1344 2841 ¹¹
1367 2824 1440 2853 Rom.
1475 2831 1520 2857 xv,
1549 2821 1577 2849 8.
1616 2821 1639 2837 "
1670 2819 1792 2852 Luc.tv,
