1971 3068
185 174 219 202 ‘2!

188 242 296 268 ρευταῑ,
311 242 360 259 ουκ
379 242 472 266 επειοη
488 242 526 264 τῳ
542 242 600 265 στῳ
614 242 703 265 λὶυγ(μ,
718 242 756 265 τῳ
770 242 838 264 φωτι
909 242 974 265 ιιΛη-

187 279 275 311 θείας,
301 277 380 313 χρεία
405 274 439 312 ἦν
459 276 509 310 τῆς
531 277 583 302 ἀπὸ
608 276 655 301 τοῦ
679 276 774 311 λύχνου
803 277 975 312 προσθήκης·

191 325 270 358 ἥλιος
294 324 348 358 γὰρ
362 320 395 357 ἦν
408 321 578 355 δικαιοσύνης
588 329 594 335 “
613 320 670 347 ἀλλ’
686 321 779 356 ἐπειδὴ
792 321 837 347 τὸν
854 323 882 347 ἐν
898 321 978 356 σαρκὶ

188 368 376 404 κρυπτόμενον
389 367 494 402 Κύριον
506 366 662 402 ἐγνώριζεν,
675 366 712 397 ὡς
729 367 758 393 ὲν
769 367 856 396 νυκτὶ,
867 368 900 401 τῇ
916 367 980 392 ἰου-

188 415 269 450 δαῖκῇ
286 412 459 442 καταστάσει,
472 412 517 437 τὸν
528 411 624 447 λύχνον
634 411 836 447 ἀπαστράπτων
847 411 894 438 τοῦ
908 411 978 438 θείου

189 461 288 494 Λόγου,
305 459 435 486 Καλεῐται
449 455 495 484 ὧν
511 457 606 492 λύχνος
621 458 743 489 εἰκότως.

229 507 270 532 H'.
288 506 341 531 Καὶ
352 505 433 531 ὁοᾶτε
447 504 477 530 τὺ
490 503 654 543 θαυμαστὸν,
667 503 785 539 ὰδελξοί.
798 503 860 529 Ὅτε
875 503 978 538 παρῆλ-

191 552 238 578 θεν
254 551 300 576 ἐπὶ
315 550 363 586 τὴν
380 549 510 584 ἑνσαρκον
521 548 677 583 οἰκονομίαν
692 549 706 574 ὁ
722 548 787 583 προς
799 548 873 583 ἡμᾶς
886 548 979 582 ἐπιδη-

192 598 282 631 μήσας
301 596 448 631 Δεσπότης,
467 594 608 630 ἅνθρωπος
621 594 665 620 διὰ
679 593 883 629 φιλανθρωπίαν
900 594 978 627 γενό-

191 652 283 679 μενος,
299 643 345 669 καὶ
359 641 394 677 ἦν
404 640 588 680 ξέιρνῆθαρμα
601 662 607 673 ,
628 641 668 667 ὅτι
686 640 752 671 Θεὸς
768 641 796 666 ὲν
812 640 976 676 ἀνθρώποις,

190 692 219 716 ὲν
230 690 333 720 δούλοις
347 679 524 722 ὁΐᾸεσῙτότης,
540 688 608 723 μετὰ
623 688 676 713 τῶν
697 687 857 722 ποιημάτων
872 688 886 713 ὁ
899 695 978 721 ποιη-

189 735 250 768 τὴς,
265 735 279 759 ὁ
291 733 410 767 ἁγιάζων
424 733 492 768 μετὰ
504 732 558 758 τῶν
574 732 761 767 ἁγιαζομένων
771 741 777 747 ·
787 732 848 758 τότε
867 734 880 758 ὁ
889 732 978 758 Ἰωάν-

191 788 240 814 νης
251 779 381 814 κηρύττει
395 779 444 813 τὴν
454 778 542 810 ἀξίαν,
554 778 600 803 καὶ
610 775 808 813 ᾖχίςῑεῐννξένον
819 775 987 814 θαῦμα·νῇν-

184 825 263 860 ilia/Z1
274 826 318 851 τὸν
338 825 431 860 λύχνον
444 824 586 858 δεχόμενον
594 824 638 850 τὸν
650 824 724 858 ἥλιον
740 823 790 858 τῆς
806 823 978 858 δικαιοσύνης

198 871 312 907 Ἰησοῦν.
327 871 377 897 Τὸν
388 870 441 904 γὰρ
458 869 584 896 ἁπάντων
607 870 753 904 Λυτρωτὴν
778 869 879 904 Κύριον
896 870 909 895 ὁ
927 869 973 896 λυ-

189 918 317 953 τρώσεως
337 917 463 952 δεόμενος
485 916 626 951 ἄνθρωπος
647 915 811 948 ἐϐάπτιζεν,
837 915 867 941 ού
889 915 974 950 τόλμῃ

192 964 366 999 προσαχθεὶς,
387 963 453 990 ἀλλὰ
467 962 659 997 προστάγματι
674 962 826 993 δουλωθείς.
852 962 918 988 Τότε
944 962 977 998 δὴ

191 1011 255 1046 τότε
267 1010 431 1045 συνέδραμον
440 1009 486 1035 δύο
495 1009 661 1044 προφητικαὶ
674 1008 760 1042 φωναί
770 1017 774 1022 ·
786 1007 870 1041 Φωνὴ
880 1007 977 1040 ,ϐινῶν-

193 1063 245 1088 τος
254 1056 295 1084 ,ἐν
308 1055 344 1088 τῇ
354 1055 451 1089 ἐρήμῳ
462 1063 467 1068 ·
483 1055 538 1086 καὶ,
555 1053 639 1088 Φωνὴ
650 1054 760 1087 Κυρίου
779 1053 826 1079 ἐπὶ
839 1053 976 1080 τῶι-ὑδά-

190 1110 261 1128 των.
283 1101 311 1127 'O
330 1100 415 1135 κήρυξ
429 1100 476 1134 τῆς
492 1099 620 1134 ἀληθείας
637 1099 713 1129 ἐϐόα,
728 1099 774 1124 καὶ
796 1099 822 1124 Ὁ
835 1098 906 1131 Θεὸς
922 1098 977 1132 τῆς

190 1146 285 1179 δόξης
308 1147 440 1179 ἐϐρόντα.
465 1145 520 1170 Καὶ
541 1142 574 1179 ἦν
591 1145 650 1170 ἐκεῖ
665 1146 682 1180 ἡ
700 1143 873 1179 προσκυνητὴ
893 1144 977 1179 Τριὰς

190 1191 242 1226 τὴν
262 1191 346 1225 αὑτῆς
367 1190 445 1222 δόξαν
467 1189 669 1225 ἀστράπτουσα.
693 1189 787 1224 Πατὴρ
807 1189 907 1215 ἄνωθεν
931 1189 977 1215 τὸν

193 1237 258 1263 Υὶὸν
270 1236 424 1271 κηρύττων,
440 1236 504 1267 Υἱὸς
527 1234 648 1262 κάτωθεν
659 1235 707 1270 τὴν
726 1235 880 1270 οἰκονομίαν
907 1235 977 1271 πλη-

195 1284 260 1319 ρῶν,
274 1284 304 1309 τὸ
316 1283 426 1318 Πνεῦμα
438 1282 468 1308 τὸ
480 1282 556 1316 ἆγιον
565 1281 762 1317 ὲπισφραγίζον
774 1282 822 1317 τὴν
839 1282 976 1318 θεοπρεπῆ

192 1328 400 1364 μυσταγωγίαν.
411 1329 465 1354 Καὶ
476 1328 551 1363 φωνὴ
565 1328 684 1363 τοσαύτη
696 1328 800 1362 γίνεται
811 1327 978 1364 μαρτυροῦν-

190 1382 238 1405 τος
255 1373 356 1400 ἄνωθεν
374 1372 419 1398 τοῦ
438 1371 543 1407 Πατρὺς
569 1371 607 1406 τῷ
634 1371 731 1398 ἑαυτοῦ
758 1372 914 1404 Μονογενεῖ,
940 1370 978 1401 ὡς

191 1419 337 1454 σχισθῆναι
365 1419 466 1445 ἄνωθεν
491 1419 554 1449 τοὺς
590 1417 729 1453 οὐρανούς.
759 1418 978 1450 Ἀναϐαίνοντος

191 1466 258 1500 γὰρ,
274 1466 348 1500 φησὶ,
361 1465 414 1491 τοῦ
434 1464 531 1498 Ἰησοῦ
543 1464 601 1490 ἀπὸ
621 1464 674 1490 τοῦ
695 1464 814 1496 ὕδατος,
834 1464 978 1498 ἐσχίσθη-

192 1519 256 1536 σαν
266 1512 292 1537 oi
303 1511 433 1543 οὐρανοί.
450 1510 486 1536 Οὐ
500 1510 553 1544 γὰρ
568 1509 685 1544 ἤνεγκαν
697 1510 745 1545 τὴν
758 1509 848 1544 φωνὴν
861 1510 908 1544 τῆς
917 1518 977 1536 τοσ-

746 171 875 199 ΟΚΛΤΙΟ
895 171 928 199 IN
950 172 1003 198 DEI
1019 172 1284 200 APPARITIONEM.

207 240 296 264 ευται,
311 231 360 259 οὒκ
379 230 472 266 ἐπειδὴ
488 229 526 264 τῷ
542 230 600 265 Θεῷ
614 229 703 265 Λόγῳ,
718 231 756 265 τῷ
770 231 838 264 φωτὶ
849 231 898 265 τῆς
909 230 974 265 ἁλη-

1031 235 1106 258 natus
1131 236 1187 261 est;
1204 238 1259 258 non
1282 231 1346 265 quia
1368 230 1422 258 Deo
1435 230 1536 264 Verbo,
1559 231 1665 264 lumini,
1688 231 1810 266 inquam,

990 903 1012 930 B

1776 172 1812 203 ΕΞ

1030 276 1161 308 veritatis,
1178 284 1247 310 opus
1264 280 1338 303 esset
1351 275 1507 303 accessione
1531 276 1658 309 lucernae,
1683 277 1724 303 sol
1738 277 1811 304 enim

1029 320 1227 354 eratjuslitiae;
1248 325 1276 347 at
1294 321 1357 356 quia
1379 320 1543 347 occultatum
1568 321 1595 346 in
1617 328 1698 347 carne
1720 320 1812 347 Domi-

1029 372 1105 398 num,
1120 366 1256 401 cognitum
1273 366 1400 398 faciebat,
1415 370 1541 399 tanquam
1568 366 1594 393 in
1612 371 1701 399 nocte,
1717 365 1812 393 Judai-

1030 419 1068 439 ea:
1091 412 1258 446 reipublicae,
1276 411 1414 439 lucernam
1439 412 1596 439 illuminaus
1611 410 1694 438 Verbi
1714 411 1810 438 divini.

1031 457 1147 484 Vocatur
1162 458 1241 492 igitur
1256 458 1366 484 lucerna
1383 457 1489 484 merito.

1067 503 1131 531 VIII.
1146 503 1243 531 Videte
1257 511 1340 538 porro
1356 511 1410 530 rem
1425 503 1586 535 mirabilem,
1601 501 1812 534 fratres.Quan-

1029 550 1064 577 do
1082 550 1215 585 processit
1239 550 1272 577 ad
1293 549 1490 577 incarnationis
1507 548 1739 583 dispensationem
1757 546 1812 573 Do-

1030 596 1121 622 minus
1137 597 1183 630 qui
1203 596 1344 623 nobiscum
1357 599 1534 622 conversatus
1545 598 1596 626 est,
1607 594 1687 620 homo
1700 596 1811 628 propter

1029 641 1255 675 benignissimam
1274 640 1471 667 humanitatem
1498 638 1598 670 factus,
1626 642 1741 673 eratque
1757 641 1812 664 stu-

1030 685 1146 720 pendum
1170 686 1343 718 miraculum,
1358 685 1440 712 Deum
1457 685 1560 712 versari
1586 684 1658 711 inter
1673 683 1811 716 homines,

1029 739 1090 758 cum
1114 731 1200 759 servis
1220 730 1374 762 Dominum,
1401 738 1464 757 eum
1481 730 1616 757 creaturis
1645 733 1810 760 creatorem,

1028 775 1257 802 sanetilicatorem
1284 783 1345 802 eum
1372 775 1570 802 sanetilicatis:
1599 779 1663 801 tunc
1691 773 1810 801 Joannes

1029 821 1158 856 pra:dieat
1175 821 1248 848 illius
1260 821 1433 855 dignitatem,
1451 821 1603 855 Iicebatque
1613 820 1704 848 videre
1718 820 1810 854 prodi-

1029 869 1103 903 gium
1132 875 1214 902 supra
1244 875 1351 894 onmem
1369 867 1543 901 opinionem;
1561 867 1671 898 licebat,
1687 866 1809 901 inquam,

1027 914 1116 941 videre
1124 914 1264 941 lucernam
1277 913 1471 947 suscipientem
1483 914 1568 941 solem
1579 913 1694 947 justitiae
1705 913 1809 940 Jesum.

1029 958 1224 985 [niversorum
1252 958 1323 984 enim
1354 957 1553 992 redemptorem
1577 957 1733 991 Dominum,
1762 957 1811 992 qui

1026 1005 1212 1039 redemptione
1231 1004 1371 1039 indigebat
1387 1004 1469 1031 homo
1483 1003 1647 1038 baptizabat.
1657 1011 1713 1030 non
1724 1007 1811 1030 teme-

1026 1051 1099 1078 rario
1111 1057 1178 1077 ausu
1189 1057 1245 1077 rem
1255 1057 1412 1085 aggressus,
1422 1049 1469 1076 sed
1480 1049 1608 1077 mandato
1619 1049 1808 1077 subserviens.

1028 1095 1104 1122 Tunc
1118 1095 1190 1122 enim
1205 1102 1281 1127 vero,
1303 1099 1370 1121 tunc
1388 1098 1587 1121 concurrerunt
1608 1095 1669 1121 dum
1690 1095 1809 1129 prophe—

1027 1141 1088 1167 tica
1098 1147 1178 1167 voces
1194 1148 1200 1165 :
1225 1139 1280 1166 Vox
1292 1140 1433 1166 clamantis
1444 1140 1470 1166 in
1481 1139 1583 1166 deserto
1595 1140 1627 1172 ",
1638 1144 1674 1173 et,
1695 1140 1750 1166 νοτε
1759 1140 1811 1166 Do-

1027 1185 1092 1211 mini
1109 1192 1186 1218 super
1207 1193 1289 1219 aquas
1306 1185 1336 1211 ¹⁸.
1365 1184 1457 1211 Pracco
1473 1184 1597 1211 veritatis
1618 1185 1762 1217 clamabat,
1784 1189 1810 1212 et

1027 1229 1097 1257 Deus
1113 1231 1261 1265 majestatis
1286 1231 1400 1256 intonuit
1416 1231 1449 1257 εν.
1470 1231 1588 1265 Eratque
1610 1230 1647 1257 ibi
1673 1231 1810 1258 adoranda

1028 1275 1160 1308 Trinitas,
1175 1283 1235 1310 quae
1252 1276 1365 1311 gloriam
1383 1283 1459 1304 suam
1475 1276 1604 1311 aﬂulgere
1619 1277 1746 1305 faciebat.
1761 1278 1812 1304 Pa-

1028 1326 1069 1349 ter
1080 1329 1161 1357 supra
1178 1321 1276 1348 Filium
1290 1322 1454 1357 praedicans,
1474 1322 1561 1350 Filius
1583 1323 1653 1350 infra
1664 1323 1812 1359 dispensa-

1028 1368 1129 1396 tionem
1142 1368 1267 1402 implens,
1287 1368 1407 1402 Spiritus
1421 1374 1543 1401 sanctus,
1560 1370 1638 1404 quasi
1655 1370 1744 1404 sigillo
1761 1377 1813 1399 suo

1028 1414 1193 1442 conﬁrmans
1218 1413 1273 1441 Deo
1298 1414 1409 1449 dignam
1431 1414 1640 1442 institutionem.
1669 1415 1701 1442 Et
1725 1424 1812 1451 usque

1028 1460 1095 1487 adeo
1111 1467 1206 1494 magna
1223 1459 1292 1486 facta
1309 1464 1351 1487 est
1366 1467 1428 1492 vox,
1442 1459 1522 1491 Patre
1539 1459 1654 1494 desuper
1666 1459 1811 1496 Unigenito

1029 1513 1080 1533 suo
1095 1506 1279 1533 testimonium
1296 1506 1466 1540 perhibeute,
1484 1510 1513 1532 ut
1531 1506 1618 1540 aperti
1633 1506 1736 1533 fuerint
1750 1507 1813 1534 coeli

194 1557 280 1592 αὐτ-ης
300 1556 461 1591 μαρτυρίας,
480 1555 623 1590 φρίξαντες
637 1555 684 1590 τὴν
697 1555 787 1581 ἔνθεον
800 1554 963 1590 οἰκονομίαν.

1031 1552 1157 1586 desuper.
1170 1551 1329 1577 Ascendente
1342 1551 1426 1583 enim,
1445 1552 1494 1583 ait,
1515 1551 1579 1578 Jesu
1594 1551 1625 1578 de
1642 1560 1722 1587 aqua,
1735 1553 1813 1580 scissi

230 1685 270 1712 ϐ’.
292 1685 652 1722 utrm
683 1686 715 1712 Ἠ
733 1687 807 1721 φωνὴ
830 1686 898 1722 αὕτη
917 1687 979 1718 τοὺς

193 1733 326 1768 οὐρανοὺς
337 1733 452 1767 ἔσχισεν,
468 1733 515 1758 καὶ
528 1733 682 1767 αἱρετικοὺς
696 1733 744 1759 οὐκ
758 1733 888 1767 ἐφόϐησεν
897 1741 904 1748 ⁸
921 1731 979 1760 Οὗ-

194 1779 247 1810 τός
257 1779 343 1804 ἐστιν
357 1780 372 1804 ό
385 1779 450 1810 Υἱός
458 1787 527 1812 μου,
542 1780 558 1804 ὁ
567 1778 729 1812 ἀγαπητὸς,
745 1778 837 1804 αὐτοῦ
845 1779 978 1805 ἀκούετε.

202 1823 311 1858 Ἐπειδὴ
334 1823 482 1857 προέλαϐεν
501 1823 582 1857 νόμος
602 1823 756 1858 κηρύττων,
771 1824 818 1850 καὶ
842 1824 979 1859 προφῆται

194 1867 442 1901 εὐαγγελιζόμενοι,
459 1867 501 1893 ἵνα
518 1868 554 1902 μή
568 1875 609 1898 τις
625 1868 658 1902 τῇ
677 1868 798 1903 προτέρᾳ
815 1868 980 1895 καταστάσει

195 1913 246 1946 τῆς
275 1912 420 1947 Ἰουδαϊκῆς
449 1912 575 1947 λατρείας
597 1913 738 1947 ἑπόμενος,
767 1912 907 1948 ἀπώσηται
936 1913 980 1939 τὸν

195 1958 277 1992 ζυγὸν
291 1958 341 1992 τῆς
360 1958 537 1993 εὐαγγελικῆς
548 1958 669 1994 χάριτος,
685 1959 702 1994 ἡ
717 1958 776 1985 Οεία
793 1959 868 1993 φωνὴ
880 1958 980 1994 διέκρι-

195 2012 240 2030 νεν
265 2005 295 2030 τὸ
316 2005 448 2031 οἰκετικὸν
465 2004 517 2030 ἀπὸ
542 2004 595 2030 τῶν
619 2002 785 2030 δεσποτικῶν
808 2003 978 2039 ἀξιωμάτων.

195 2051 295 2077 Αὑτοῦ
311 2051 450 2080 ἀκούετε,
475 2050 594 2085 δηλονότι
613 2050 660 2076 τοῦ
682 2050 810 2085 Χριστοῦ.
834 2049 981 2084 Πλήρωμιι

195 2097 251 2130 γὰρ
266 2098 358 2130 νόμου
373 2096 509 2130 Χριστὸς,
520 2096 655 2131 πλήρωμα
670 2095 724 2122 τῶν
733 2095 840 2130 ἀγαθῶν
854 2095 979 2131 Χριστός.

196 2143 228 2169 Εἰ
240 2143 294 2177 γὰρ
311 2143 357 2168 καὶ
372 2142 520 2177 προέλαϐον
535 2143 563 2168 ἐν
582 2142 621 2176 τῷ
641 2142 715 2177 νόμῳ
739 2141 778 2177 τῷ
794 2142 932 2177 Μωσαῖχῴ
953 2143 980 2168 αἱ

195 2189 325 2222 εὐλογίαι,
344 2189 401 2215 ἀλλ’
430 2189 479 2214 οὐκ
504 2185 572 2223 ’ἦσαν
597 2187 721 2220 ἐντελεῖς,
748 2188 921 2223 ἐκδεχόμεναι
935 2188 980 2214 τὸν

195 2235 298 2270 Κύριον
310 2235 398 2269 ἡμῶν,
416 2234 479 2268 περὶ
493 2231 522 2260 οὗ
541 2242 622 2268 φησιν
641 2234 654 2259 ὁ
682 2233 802 2265 Παῦλος·

195 2284 289 2316 νόμον
303 2282 439 2315 Χριστός.
455 2281 510 2306 Καὶ
520 2279 617 2312 θέλεις,
630 2281 661 2305 ὲκ
674 2280 835 2314 πράγματος
850 2280 981 2315 ἐναργοῦς

195 2328 364 2363 παραστήσω
379 2336 419 2353 σοι
434 2327 482 2361 τὴν
491 2326 619 2361 ἀλήθειαν
633 2325 730 2359 ἔγγυον
743 2325 797 2351 τῶν
812 2325 980 2361 εἰρημένων;

195 2375 314 2418 [Ie/2'53“:
327 2373 456 2404 ἀκριϐῶς.
473 2372 713 2407 ΚελεύειΜωῡο-ῆς
734 2373 748 2398 ὁ
768 2371 916 2407 νομοθέτης
935 2381 982 2407 με-

196 2421 320 2456 ρισθῆναι
331 2420 380 2451 τὰς
391 2419 492 2445 δώδεκα
504 2418 589 2453 φυλὰς
604 2418 650 2444 τοῦ
672 2418 789 2453 Ἰσραὴλ,
802 2419 849 2444 καὶ
865 2418 914 2449 τὰς
932 2418 980 2453 μὲν

194 2467 226 2498 ἒξ
240 2466 325 2500 φυλὰς
344 2466 390 2492 ἐπὶ
405 2465 435 2491 τὸ
447 2465 508 2501 ὅρος
527 2465 620 2498 ἀνάγει
634 2465 664 2490 τὸ
681 2464 781 2500 Γηδὰλ,
803 2465 850 2496 τὰς
871 2465 898 2491 δὲ
920 2465 980 2491 ἐτέ-

196 2521 246 2547 ρας
259 2510 289 2542 ἒξ
303 2512 341 2542 εἰς
354 2510 385 2536 τὸ
397 2510 458 2546 ὅρος
473 2510 503 2536 τὺ
518 2510 652 2544 Γαρίζειν,
671 2509 718 2535 καὶ
735 2509 839 2535 κελεύει
858 2509 907 2540 τὰς
932 2510 980 2544 μὲν
991 2507 997 2512 ”

194 2557 326 2591 εὐλογεῖν,
347 2557 395 2588 τὰς
407 2556 434 2582 δὲ
448 2555 627 2591 καταρᾶσθαι.
639 2555 765 2589 Εὐλογεῖν
781 2555 830 2588 μὲν
841 2555 904 2586 τοὺς
917 2563 981 2582 κατ-

193 2603 342 2639 ορθοῦντας
356 2602 401 2628 τὸν
424 2602 519 2636 νόμον,
544 2601 713 2636 καταρᾶσθαι
726 2601 754 2627 δὲ
770 2602 832 2632 τοὺς
845 2601 981 2635 παραϐαί-

194 2658 299 2679 νοντας.
323 2648 355 2673 Τί
378 2646 442 2680 οὖν;
466 2647 527 2673 Ἐπὶ
548 2647 595 2681 μὲν
607 2647 660 2673 τῶν
671 2647 797 2682 καταρῶν
812 2647 924 2674 ἀπασῶν
945 2645 979 2682 ἦν

192 2695 364 2729 ἐπαγόμενον
378 2694 599 2729 ἐπισφραγισμα’
619 2692 737 2726 Ἐροῦσι
749 2692 801 2727 γὰρ
812 2694 838 2718 οἱ
850 2693 978 2719 Λευῖται·

199 2740 435 2773 Ἐπικατάρατος
444 2741 459 2765 ὁ
473 2738 737 2773 ἐγκαταλιμπάνων
750 2738 801 2764 τὸν
816 2738 917 2772 νόμον,
931 2738 980 2764 καὶ

193 2786 324 2822 ἑρεῖπίὶς
340 2788 357 2813 ὀ
373 2787 463 2818 λαός·
492 2784 591 2818 Ἀμήν.
618 2784 844 2818 Ἐπικατάρατος
870 2786 886 2811 ὁ
911 2785 980 2812 δου-

473 2845 494 2860 ”
510 2844 581 2871 Psal.
596 2844 716 2874 xxvnt,3.
757 2845 776 2860 ι’
798 2844 864 2872 ibid.
903 2846 926 2862 '°
951 2846 970 2873 Μ

478 2888 523 2909 ιιι,
541 2879 582 2906 I0.
621 2879 642 2894 ’λ
660 2879 736 2906 Deut.
760 2887 844 2909 xxvu.
864 2880 918 2909 26.
937 2882 970 2909 I5

635 2884 642 2894 ι
660 2884 736 2906 Deut.
760 2887 844 2913 xxvu,
864 2884 918 2913 26,
937 2884 978 2910 15,

235 2847 256 2863 ¹⁷
273 2847 334 2874 Isai.
351 2854 396 2877 XL.
408 2846 435 2872 ’5.

201 2890 220 2913 ι.
235 2881 280 2909 17.
319 2882 341 2896 ’³
364 2882 442 2907 Rom.
459 2888 523 2911 xm,
541 2879 582 2906 I0.

903 2846 926 2862 '°
951 2846 1046 2877 Matth.
1067 2855 1116 2882 ιιι,
1143 2847 1185 2875 I6.

1031 1601 1091 1623 sunt
1104 1596 1205 1622 caeli".
1223 1595 1283 1622 Non
1297 1595 1368 1623 enim
1393 1597 1514 1623 tulerunt.
1535 1604 1629 1624 vocem
1648 1598 1716 1625 tanti
1734 1598 1814 1626 testi-

1031 1643 1125 1675 monii,
1139 1643 1281 1670 horrentes
1301 1642 1421 1669 divinam
1435 1642 1676 1677 dispensationem.

1067 1687 1111 1715 IX.
1127 1687 1179 1715 Sed
1195 1687 1304 1714 adverte
1316 1687 1477 1722 prodigium.
1495 1687 1532 1714 Ea
1549 1696 1600 1714 vox
1617 1688 1703 1716 cmlos
1718 1689 1812 1723 scidit,

1031 1738 1057 1761 et
1070 1733 1212 1760 haereticos
1226 1740 1278 1759 non
1295 1733 1410 1767 perculit
1423 1741 1429 1758 :
1447 1732 1498 1760 Hic
1509 1738 1547 1759 est
1564 1733 1649 1761 Filius
1662 1742 1733 1761 meus
1745 1735 1813 1762 dile-

1031 1785 1088 1806 ctus
1104 1779 1136 1812 ἰ,
1151 1779 1200 1814 ipsi
1217 1780 1366 1806 auscultate
1382 1780 1414 1805 ".
1428 1778 1497 1812 Quia
1516 1787 1752 1815 praeoccupaverat
1769 1781 1815 1810 lex,

1032 1824 1153 1856 edicens,
1171 1829 1198 1851 et
1212 1824 1351 1859 propheta}
1362 1825 1581 1859 evangelizantes
1593 1844 1601 1857 ,
1622 1833 1658 1853 ne
1682 1827 1744 1861 quis
1769 1834 1813 1854 se-

1031 1873 1112 1897 cutus
1138 1869 1256 1904 priorem
1275 1869 1381 1896 Iudaici
1407 1870 1812 1906 cultusinstitutionem,repel-

1033 1916 1100 1943 Ieret
1113 1915 1275 1950 evangelica:
1289 1914 1500 1950 gratiaejugum.
1516 1915 1608 1943 divina
1626 1924 1677 1943 vox
1688 1916 1814 1945 distinxit

1031 1961 1142 1988 herilem
1157 1967 1172 1986 a
1187 1960 1280 1986 famuli
1297 1960 1485 1994 dignitatibus.
1499 1958 1553 1993 Ipsi
1569 1961 1814 1993 auscultate,Chri-

1032 2011 1074 2033 sto
1083 2006 1216 2033 videlicet.
1232 2005 1373 2032 Plenitudo
1383 2006 1452 2032 enim
1466 2006 1528 2040 legis
1546 2005 1667 2034 Christus
1681 2007 1714 2039 ’³,
1727 2007 1815 2042 ρΙοιιί-

1031 2053 1095 2079 tudo
1111 2053 1244 2079 bonorum
1260 2051 1397 2079 Christus.
1412 2051 1469 2078 Etsi
1479 2051 1551 2079 enim
1570 2057 1770 2087 prteeesserunt
1785 2054 1814 2080 in

1031 2097 1091 2132 lege
1105 2097 1223 2124 Mosaica
1242 2097 1456 2129 benedictiones,
1474 2101 1502 2124 at
1516 2105 1570 2124 non
1583 2102 1660 2125 erant
1674 2099 1813 2133 perfecta,

1031 2146 1219 2177 exspectantes
1242 2142 1386 2169 Dominum
1410 2148 1559 2170 nostrum:
1582 2143 1616 2170 de
1634 2152 1689 2178 quo
1712 2143 1814 2172 Paulus

1032 2190 1070 2216 ait
1085 2197 1092 2214 :
1110 2189 1248 2215 Plenitudo
1263 2189 1325 2223 legis
1336 2188 1467 2216 Christus.
1497 2188 1556 2216 Vin‘
1572 2197 1605 2217 ex
1623 2197 1652 2217 re
1671 2190 1812 2218 manifesta

831 2233 979 2268 Πλήρωμα
996 2235 1017 2261 ι)
1032 2236 1172 2263 exhibeam
1185 2235 1233 2262 tibi
1248 2235 1390 2263 veritatem
1414 2236 1511 2263 vadem
1528 2235 1682 2264 dictorum?
1696 2236 1812 2263 Attende

1031 2282 1184 2316 diligenter.
1198 2280 1279 2308 lubet
1298 2281 1404 2316 Moyses
1415 2282 1552 2316 Iegislator
1568 2281 1652 2308 dividi
1671 2281 1813 2309 duodecim

1032 2327 1120 2354 tribus
1135 2327 1227 2359 Israel,
1244 2331 1270 2353 et
1286 2335 1332 2355 sex
1348 2327 1457 2362 quidem
1474 2328 1563 2355 tribus
1579 2327 1606 2354 in
1622 2331 1741 2355 montem
1763 2328 1816 2355 du-

1032 2373 1070 2399 cit
1085 2371 1179 2404 Gebal,
1202 2372 1323 2406 reliquas
1339 2380 1403 2399 vero
1420 2380 1478 2404 sex,
1507 2372 1533 2399 in
1555 2372 1664 2399 Garizin
1681 2377 1813 2405 montem.

1032 2418 1196 2453 mandatque
1208 2423 1236 2446 ut
1247 2419 1306 2446 aliae
1319 2418 1489 2450 benedicant,
1505 2418 1564 2445 alia:
1578 2419 1752 2446 maledieant.
1764 2419 1815 2447 Be-

1032 2465 1162 2492 nedicant
1176 2465 1243 2500 legis
1260 2465 1449 2492 observatores
1461 2484 1468 2496 ,
1491 2460 1712 2498 transgressores
1730 2466 1814 2492 male-

1033 2511 1135 2537 dicaut.
1148 2510 1219 2543 Quid
1234 2510 1318 2545 ergo?
1331 2509 1359 2536 In
1377 2510 1502 2538 omnibus
1517 2510 1756 2538 maledictionibus
1774 2511 1816 2538 in~

1032 2557 1128 2583 dutum
1147 2560 1205 2583 erat
1220 2556 1302 2582 veluti
1319 2555 1454 2590 quoddam
1470 2555 1587 2590 sigillum
1601 2564 1607 2581 :
1634 2555 1727 2582 Dicent
1748 2557 1817 2583 enim

1032 2602 1149 2629 Leviiw.‘
1168 2601 1325 2628 Maledictus
1350 2602 1394 2636 qui
1415 2602 1557 2628 deseruerit
1575 2601 1674 2636 legem;
1699 2606 1724 2628 et
1748 2602 1818 2629 dicet

1034 2649 1118 2675 omnis
1134 2647 1255 2682 populus,
1269 2647 1360 2674 Amen.
1376 2645 1537 2673 Maledicta:
1549 2647 1593 2680 qui
1603 2647 1666 2674 colit
1677 2647 1739 2674 deos
1751 2648 1818 2675 alio-

1034 2702 1099 2724 nos;
1113 2698 1136 2719 et
1147 2693 1307 2719 dicetonmés
1325 2692 1446 2727 populus,
1460 2692 1542 2719 Amen
1557 2694 1590 2720 ".
1606 2693 1694 2728 Atque
1708 2694 1735 2721 in
1747 2703 1817 2729 quo-

1033 2747 1085 2774 que
1096 2743 1232 2774 praecepto
1252 2739 1389 2773 impendet
1403 2738 1486 2765 Amen
1510 2741 1769 2774 transgressoribue.
1787 2740 1816 2767 In

1034 2785 1267 2814 benedictionibus
1279 2792 1343 2812 vero
1355 2785 1402 2817 ait,
1417 2785 1508 2812 dicent
1522 2784 1638 2813 Levita:
1655 2785 1814 2814 Benedictus

1224 2847 1245 2862 ¹¹
1267 2845 1333 2873 ibid.
1353 2845 1395 2873 18.
1434 2845 1456 2860 ’⁸
1473 2843 1565 2873 Matth.
1581 2852 1646 2878 xvn,
1660 2848 1677 2871 ὸ
1718 2843 1815 2875 IPe'J‘,
