1971 3068
635 172 818 200 SEVEBIANI
837 173 979 201 liOillLlA
1000 174 1044 201 DE
1064 172 1291 201 PYTIIONIBUS.

175 257 1781 270 Ἡ

599 344 983 403 SEVEBIANI
1030 345 1351 402 EPISCOPI

338 461 602 508 HOMILIA
631 463 704 506 DE
734 461 1126 533 PYTHONIBUS
1155 463 1229 508 ET
1256 463 1620 510 MALEFICIIS.

198 592 360 628 Evangelica
385 593 466 621 modo
483 593 634 621 ciaudcnda
651 593 732 621 nobis
756 594 820 620 tuha
843 594 879 630 (6)
896 599 947 628 est,
965 603 986 629 Α
1001 597 1079 630 dunt,
1097 600 1125 624 et
1147 597 1175 624 ln
1193 596 1241 623 tali
1256 595 1362 623 insania
1390 595 1549 628 conﬁdunt;
1565 601 1662 631 putant
1688 603 1787 624 nonum

163 639 245 666 modo
262 639 370 667 tacendi
387 641 467 667 nobis
483 644 548 667 sunt
568 641 710 675 apostolici
730 648 840 672 sensus,
856 645 885 668 ut
905 642 952 668 illa

165 689 270 711 tantum
286 686 491 713 lamentationis
502 686 669 721 prophetiae
681 692 790 714 resonet
803 687 950 721 cantilena,

164 739 224 765 qum
245 731 311 758 dicit
329 741 335 758 :
356 731 483 758 Obmutui
500 737 525 758 et
548 732 702 758 humiliatus
727 741 796 764 sum,
816 738 841 760 et
856 734 919 760 silui
935 742 951 761 η

164 777 250 808 bonis,
266 784 289 804 et
302 777 380 804 dolor
395 786 466 804 meus
481 783 620 805 renovalus
630 783 668 805 est
683 778 716 805 “.
733 777 892 806 Benovatur
906 780 952 806 do-

163 823 207 849 lor
224 824 362 858 pontilicis
386 823 547 857 Christiani,
573 824 683 859 quando
708 825 851 859 gentilium
874 833 951 853 error

163 877 215 897 nec
231 870 379 897 veterescit
392 876 525 905 tempore,
541 878 590 897 nec
600 874 676 897 tanto
693 871 754 898 lidei
770 871 878 907 fulgore
892 872 951 899 dis-

163 917 296 951 pergitur.
310 917 378 944 Ecce
413 918 603 949 reniuntdies,
614 925 678 944 ecce
686 917 814 945 Kalendae
828 919 950 952 veniunt,

163 967 192 991 et
219 968 274 991 tota
291 964 445 991 rimnonum
463 972 560 1000 pompa
589 964 722 1000 procedit,
744 965 878 992 idolorum
896 969 952 992 tota

164 1010 329 1045 producitur
343 1011 465 1043 ollicina,
484 1015 511 1038 et
526 1011 674 1046 sacrilegio
686 1015 792 1038 vetusto
817 1012 880 1038 anni
901 1019 952 1038 no-

164 1059 236 1085 vitas
261 1061 453 1085 consecratur.
491 1057 625 1092 Figurant
648 1057 796 1083 Saturnum
811 1078 818 1090 ,
847 1057 951 1085 faciunt

163 1103 268 1135 Jovem,
286 1103 404 1130 formant
418 1102 576 1134 Herculem,
592 1105 736 1137 exponunt
750 1110 811 1128 cum
828 1103 952 1129 venanti-

163 1151 216 1178 bus
229 1150 266 1183 (7)
284 1150 341 1178 suis
357 1149 482 1180 Dianam,
498 1149 712 1175 circumducunt
727 1147 880 1174 Vulcanum
893 1156 952 1175 ver-

165 1197 210 1224 bis
225 1196 402 1224 anhelantem
417 1195 601 1230 turpitudines
616 1202 690 1228 suas,
708 1198 735 1221 et
745 1194 822 1229 plura
835 1201 950 1229 quorum

164 1242 228 1277 quia
244 1245 369 1276 portenta
380 1245 454 1272 sunt,
469 1240 581 1267 nomina
600 1245 662 1267 sunt
683 1239 815 1271 tacenda;
833 1246 949 1274 quorum

1004 651 1074 678 opus
1090 642 1183 670 facere
1200 643 1263 675 sibi,
1279 646 1305 669 et
1320 643 1360 670 sic
1375 642 1524 669 incurrunt
1548 650 1629 677 grave
1648 643 1787 670 delictum.

1005 688 1073 721 Quia
1095 688 1141 715 ille
1163 689 1234 715 inter
1248 688 1316 715 tales
1337 687 1402 715 deos
1426 687 1643 723 inagniﬁcentior
1657 689 1786 721 creditur,

1004 734 1051 768 qui
1070 734 1142 761 inter
1156 738 1250 768 turpes
1266 733 1370 768 turpior
1385 733 1534 760 invenitur.
1556 733 1588 759 Et
1604 733 1649 760 ille
1661 734 1786 768 magniﬁ-

1002 788 1051 807 cus
1069 780 1196 813 habetur,
1216 787 1297 814 quem
1323 786 1374 814 pro
1396 778 1571 806 deformitate
1589 779 1719 814 singulari
1740 786 1788 814 po-

1003 827 1106 854 tuerint
1129 828 1188 862 ipsa
1211 831 1335 853 monstra
1352 826 1457 853 mirari.
1476 826 1616 860 lmplclum
1632 831 1674 854 est
1687 827 1714 853 in
1733 826 1793 854 illis,

1003 873 1191 909 propheticum
1223 872 1396 899 maledictum
1422 881 1429 899 :
1456 871 1561 899 Similes
1581 873 1636 899 illis
1660 873 1726 907 ﬁant
1743 873 1788 908 qui

1003 920 1107 954 faciunt
1124 927 1165 951 ea,
1183 923 1207 945 et
1232 926 1320 945 omnes
1336 919 1380 953 qui
1395 918 1529 953 conﬁdunt
1544 920 1570 945 in
1585 920 1622 946 eis
1636 919 1670 946 ⁸⁵.
1689 919 1720 945 Et
1736 920 1787 946 hoc

1003 964 1153 991 Christiani
1168 963 1274 995 vident,
1289 963 1436 991 Christiani
1451 968 1609 999 exspectant
1622 964 1671 999 (8),
1688 965 1788 991 admit-

1003 1015 1064 1038 tunt
1082 1011 1109 1037 in
1125 1010 1225 1037 domos
1237 1018 1312 1042 suas,
1327 1010 1477 1037 Christiani
1491 1011 1516 1037 in
1532 1010 1659 1037 domibus
1672 1011 1729 1038 suis
1745 1019 1788 1038 re-

1003 1057 1131 1091 cipiunt?
1148 1057 1323 1083 immemores
1349 1055 1422 1082 illius
1436 1048 1577 1090 apostolici
1602 1056 1666 1082 dicti
1683 1065 1690 1082 :
1715 1056 1788 1089 Quo-

1004 1104 1075 1129 niam
1089 1103 1133 1137 qui
1150 1102 1216 1127 talia
1236 1105 1327 1136 agunt,
1344 1101 1417 1135 digni
1429 1106 1489 1127 sunt
1507 1107 1589 1127 morte
1601 1101 1634 1128 ³⁸.

1039 1149 1091 1176 Sed
1112 1149 1184 1175 dicis
1210 1157 1217 1174 :
1244 1147 1296 1180 Qui
1310 1147 1425 1187 iaciunt
1442 1154 1484 1178 ea,
1502 1147 1660 1174 moriantur.
1683 1147 1742 1175 Non
1762 1153 1788 1176 te

1002 1200 1118 1223 excusat
1130 1200 1222 1222 sermo
1234 1200 1314 1228 quem
1328 1193 1456 1220 \‘0illlll35
1472 1197 1594 1226 accusat,
1611 1202 1659 1220 ιιυε
1681 1199 1788 1228 separat

1004 1241 1121 1268 ollicium
1154 1247 1234 1274 quem
1253 1239 1420 1273 constringit
1445 1242 1472 1265 et
1497 1239 1621 1273 adjungit
1645 1247 1785 1267 assensus.

163 1275 351 1314 deformitates
374 1286 437 1321 quia
457 1290 558 1313 natura
576 1294 631 1312 non
647 1285 740 1318 habet,
759 1290 886 1312 creatura
901 1292 950 1312 ne<
966 1275 986 1302 Β
1004 1287 1074 1314 Audi
1091 1285 1156 1321 quid
1174 1285 1316 1320 sequitur:
1335 1283 1396 1310 Non
1409 1285 1494 1310 solum
1511 1285 1555 1319 qui
1570 1285 1673 1318 faciunt
1685 1293 1726 1317 ea,
1743 1285 1787 1312 sed

164 1333 228 1364 seit,
251 1333 354 1367 lingere
370 1340 415 1359 ars
431 1332 548 1358 laborat.
574 1331 709 1358 Praeterea
729 1333 882 1359 vestiuntur
899 1331 950 1357 ho-

164 1378 253 1405 mines
270 1379 298 1405 in
322 1378 451 1414 pecudes,
477 1383 504 1405 et
531 1378 558 1404 in
586 1378 702 1405 feminas
728 1379 802 1405 viros
829 1382 949 1410 vertunt,

164 1424 337 1451 honestatem
362 1424 462 1455 rident,
479 1424 583 1451 violant
600 1423 714 1457 judicia,
738 1432 881 1451 censuram
898 1433 950 1458 pu-

164 1469 264 1497 blicam
282 1470 380 1501 rident,
398 1470 516 1496 illudunt
534 1470 636 1496 swculo
664 1474 744 1502 teste,
760 1474 785 1497 et
805 1470 900 1496 dicunt
921 1477 951 1497 se

165 1514 298 1543 facientes
321 1516 372 1542 ista
397 1516 496 1550 jocari.
517 1515 574 1542 Non
589 1516 735 1550 suntjoca,
751 1515 797 1541 sed
814 1520 877 1542 sunt
894 1515 950 1542 cri-

165 1561 251 1587 mina.
267 1561 297 1587 in
314 1560 416 1587 idolum
438 1560 649 1595 transliguratur
665 1561 757 1588 homo.
774 1560 807 1586 Et
823 1561 844 1587 si
863 1562 902 1588 ire
917 1561 950 1588 ad

166 1606 239 1634 idola
251 1607 354 1634 crimen
367 1611 419 1639 est,
435 1615 499 1634 esse
510 1607 613 1633 idolum
627 1606 692 1640 quid
705 1607 834 1633 videtur?
847 1607 886 1633 Ad
905 1606 950 1633 Dei

166 1653 312 1688 imaginem
330 1654 419 1681 factus
437 1658 478 1680 est
499 1653 589 1680 homo.
615 1653 752 1688 Quidquid
777 1654 804 1679 in
821 1657 847 1680 te
870 1653 952 1687 impie

166 1698 277 1733 propria
295 1699 471 1725 deformitate
485 1699 620 1730 intuleris,
640 1699 672 1725 ad
689 1698 737 1724 Dei
758 1699 893 1732 pertendit
910 1699 951 1725 in-

163 1743 277 1778 juriam.
292 1744 375 1772 Plane
389 1753 442 1772 non
457 1749 521 1772 sntit
538 1746 594 1771 hzec
607 1752 802 1779 usquequaque
818 1749 863 1771 tua
877 1749 950 1775 vota,

165 1791 213 1818 sed
229 1799 261 1818 ex
283 1797 360 1826 parte
384 1792 500 1818 maxima
516 1796 581 1818 sunt
595 1791 698 1825 judicia
721 1791 781 1823 Dei,
796 1795 825 1818 ut
846 1799 950 1823 eorum,

164 1845 284 1872 quorum
311 1845 358 1872 per
374 1837 458 1864 Deum
476 1842 546 1872 perit
570 1838 669 1869 cultus,
687 1845 734 1872 per
752 1844 776 1865 te
789 1838 950 1865 sa‘culorum

165 1883 344 1917 pertendatur
363 1888 389 1910 et
405 1889 512 1910 maneat
529 1882 681 1918 turpitudo.

1001 1338 1026 1360 et
1041 1334 1084 1368 qui
1100 1333 1266 1360 consentiunt
1281 1330 1439 1366 facientibus
1452 1330 1484 1356 ³⁷.
1501 1330 1577 1365 Rogo
1590 1339 1649 1363 vos,
1663 1331 1705 1358 vel
1717 1331 1788 1359 inter

1002 1380 1071 1406 mala
1093 1383 1202 1405 cessent
1218 1378 1298 1404 mala.
1316 1376 1437 1408 Credite,
1452 1376 1566 1407 credite,
1584 1376 1742 1407 deficerent,
1764 1377 1788 1405 si

1002 1431 1034 1451 ea
1050 1424 1270 1451 Christianorum
1287 1423 1425 1449 simulatio
1448 1429 1502 1448 non
1517 1422 1647 1449 transiret
1666 1422 1715 1457 (9).
1734 1422 1789 1449 Fu-

1002 1471 1057 1504 gite
1074 1469 1137 1502 ista,
1154 1478 1170 1497 ο
1185 1469 1346 1500 Christiani,
1366 1468 1466 1503 fugite;
1479 1467 1597 1494 claudite
1612 1475 1660 1495 vos
1683 1473 1712 1495 ut
1734 1477 1787 1496 non

1002 1516 1118 1543 videatis
1143 1515 1207 1542 talia
1225 1515 1410 1547 insanientes;
1427 1514 1544 1541 claudite
1567 1522 1614 1541 vos
1629 1519 1789 1550 vestrasque

1004 1562 1110 1593 domos,
1133 1561 1197 1595 quia
1212 1560 1284 1587 Deus
1299 1560 1345 1594 qui
1368 1561 1395 1586 in
1409 1560 1517 1587 occulto
1534 1560 1616 1593 videt,
1634 1561 1788 1587 circumve-

1005 1607 1056 1633 niri
1073 1615 1128 1633 non
1148 1611 1237 1642 potest
1254 1608 1281 1632 in
1306 1609 1410 1640 aperto.
1426 1605 1515 1637 Elite,
1535 1607 1616 1638 exile,
1632 1608 1704 1633 sicut
1720 1607 1789 1633 dixit

1006 1652 1137 1687 propheta
1148 1671 1154 1683 ,
1168 1652 1200 1678 de
1220 1651 1304 1678 medio
1320 1660 1421 1683 eorum,
1443 1656 1467 1678 ct
1482 1652 1643 1686 separantini
1656 1652 1687 1678 ab
1702 1653 1750 1684 eis,
1763 1657 1789 1679 et

1004 1707 1034 1725 ne
1046 1698 1210 1724 immundum
1234 1697 1369 1732 teligeritis
1382 1697 1423 1723 “2
1442 1701 1472 1723 ut
1487 1698 1596 1724 tandem
1613 1702 1706 1724 nostro
1722 1698 1790 1725 resi—

1006 1745 1111 1778 piscant
1131 1743 1230 1774 studio,
1249 1743 1296 1778 qui
1317 1743 1450 1770 hactenus
1470 1748 1566 1770 nostro
1589 1743 1710 1770 colludio
1725 1748 1789 1770 sunt

1004 1790 1121 1824 decepti.
1140 1789 1238 1824 Fugite
1253 1797 1319 1825 ergo
1339 1790 1489 1817 daemonica
1511 1790 1575 1822 ista,
1595 1790 1618 1817 si
1632 1789 1722 1816 divina
1738 1790 1788 1817 de-

1004 1835 1132 1862 sideratis
1146 1834 1251 1862 audire.

1040 1892 1110 1918 Exin
1119 1892 1289 1918 continuatur
1302 1892 1328 1918 in
1340 1900 1390 1918 uno
1399 1901 1412 1919 ε
1425 1892 1569 1923 codicibus,
1584 1898 1710 1926 tanquam
1726 1901 1788 1926 pars

200 1929 322 1964 Namque
338 1930 433 1956 talium
451 1931 566 1957 deorum
583 1931 666 1957 facies
677 1934 706 1956 ut
722 1929 873 1964 pernigrari
888 1938 952 1965 pos-

1005 1938 1122 1972 prwdicti
1134 1939 1263 1965 sermonis
1279 1939 1316 1964 sic
1331 1947 1340 1964 :
1353 1938 1515 1972 Quanquam
1531 1946 1584 1964 non
1596 1938 1718 1965 dubitem
1728 1947 1785 1971 vos,

166 1975 232 2006 sint,
247 1976 330 2002 carbo
353 1975 464 2008 delicit;
481 1981 507 2002 et
526 1982 554 2003 ut
569 1984 664 2003 eorum
686 1976 794 2002 habitus
806 1976 886 2010 pleno
903 1983 952 2002 cu-

167 2021 287 2047 niuletur
312 2021 436 2052 horrore,
456 2023 551 2057 paleae,
575 2022 669 2057 pelles,
694 2021 787 2056 panni,
817 2026 950 2054 stercora,

165 2070 223 2092 toto
241 2066 341 2092 sa-culo
361 2067 573 2100 pcrquiruntur;
591 2071 617 2093 et
640 2065 773 2101 quidquid
791 2069 833 2092 est
855 2066 951 2093 confu-

166 2110 255 2137 sionis
268 2111 403 2142 humame,
420 2112 446 2138 in
460 2119 554 2138 eorum
571 2111 639 2138 facie
654 2111 815 2138 collocatur.
829 2110 860 2137 Et
874 2111 952 2145 pejus

165 2162 313 2191 operantur
323 2157 368 2191 qui
383 2161 482 2192 gyrant
496 2157 612 2184 bestiola
628 2164 678 2184 sua
692 2156 738 2183 ubi
753 2155 843 2190 ignem
854 2163 953 2183 accen-

200 2233 224 2249 ³⁸
239 2233 314 2261 Psal.
331 2242 446 2267 xxxvrn,
461 2236 488 2263 5.
527 2235 550 2250 ³⁵
570 2235 643 2264 Psal.
657 2243 734 2270 cxnt,
753 2237 780 2264 8.

200 2313 239 2348 (6)
261 2313 290 2340 in
306 2314 358 2341 alio
371 2314 466 2341 codice
478 2314 554 2341 lectio
571 2321 620 2349 pro
638 2314 710 2341 tuba.

200 2349 239 2384 (7)
256 2349 342 2377 Codd.
365 2350 546 2377 veruantibus.

826 2238 848 2253 ³⁵
867 2236 947 2264 Rom.
964 2245 984 2271 1,
1000 2237 1045 2264 52.
1065 2236 1087 2251 ³⁷
1106 2236 1170 2263 ibid.

1003 1985 1172 2016 charissimi,
1191 1992 1238 2019 per
1259 1988 1398 2018 paternam
1420 1985 1644 2017 sollicitudinem,
1663 1989 1727 2017 etc.,
1743 1985 1788 2018 qui

1003 2029 1122 2056 uidelicet
1143 2034 1179 2056 cst
1193 2029 1222 2057 S.
1235 2029 1348 2056 Maximi
1363 2037 1447 2056 sermo
1459 2029 1577 2055 decimus
1590 2034 1677 2055 sextus
1691 2029 1716 2055 in
1733 2028 1787 2056 Πο-

1004 2083 1084 2101 mana
1103 2075 1184 2101 Bruni
1204 2075 1327 2107 editione,
1344 2083 1481 2109 perperam
1495 2075 1523 2101 in
1537 2075 1625 2102 codice
1639 2083 1696 2101 cum
1712 2074 1787 2102 Sere-

1005 2121 1081 2147 riano
1095 2125 1244 2147 contextus.

1209 2236 1232 2252 ³⁶
1252 2237 1305 2264 lsa.
1324 2245 1371 2270 ut,
1388 2237 1416 2263 11
1430 2245 1437 2269 ;
1452 2237 1474 2263 ll
1491 2236 1554 2264 Cor.
1572 2245 1610 2269 vr,
1626 2236 1670 2263 Π.

1040 2313 1077 2349 (8)
1096 2313 1134 2340 lla
1151 2314 1230 2342 codd.
1249 2319 1442 2348 prospectant,
1459 2318 1489 2342 ut
1500 2315 1576 2342 alibi.

1041 2349 1077 2384 (9)
1099 2349 1200 2384 Nempe
1216 2350 1349 2376 toleraret.

670 2523 997 2567 SEVERIANI
1025 2522 1290 2567 HOMILIA

190 2620 234 2651 De
253 2619 370 2660 sigillis
388 2620 556 2658 librorum,
570 2623 600 2651 et
615 2619 776 2659 quomodo
793 2621 896 2652 Filius
911 2621 1005 2690 Pattri,
1023 2622 1114 2652 Pater
1130 2622 1213 2652 Filio
1229 2621 1352 2658 offerat,
1370 2629 1405 2652 ac
1421 2621 1459 2651 de
1473 2620 1650 2654 Servatoris
1667 2619 1769 2651 incar-

900 2669 939 2690 na
958 2669 1041 2690 lOlle.

900 2669 1041 2692 natione.

384 2742 447 2771 Vide
462 2744 531 2770 inter
548 2742 635 2778 Opera
647 2743 676 2772 S.
690 2743 804 2772 Joannis
818 2743 999 2778 Chrysostomi
1013 2747 1111 2771 nostra:
1125 2744 1259 2777 editionis,
1272 2749 1334 2772 tom.
1350 2742 1423 2778 XII,
1436 2742 1487 2771 col.
1500 2730 1564 2798 53k.
1600 2739 1612 2780 ι
