1971 3068
170 195 205 224 Il

669 189 852 218 THEOPlllLI
874 186 1026 228 EPISCOI‘I
1042 187 1096 212 All
1109 182 1273 211 XANDRINI

1762 184 1798 212 5?.

171 256 325 283 sostomum
353 250 380 278 in
397 250 472 277 illius
486 249 567 284 regiae
588 247 666 275 urbis
690 247 833 282 prtesulem
862 253 958 272 recens
975 248 995 273 Α
1012 250 1050 269 SIS
1071 250 1118 269 scu
1137 240 1315 274 Diospolitaui
1342 239 1375 265 ad
1402 238 1527 266 eumdem
1550 234 1735 272 'Tltcop'zilnm,
1754 247 1804 268 nec

171 302 289 328 electum
304 307 312 326 :
327 304 406 332 quem
420 300 510 323 tamen
531 295 660 328 deinceps
675 294 775 320 acriter
786 296 828 319 est
842 292 961 318 insecta-

170 350 226 378 tus,
248 349 274 371 ct
286 344 313 371 in
334 342 439 378 synodo
456 340 605 374 Quercensi
624 347 695 366 anno
711 339 763 366 405
778 341 960 365 exauctoran-

171 393 236 420 dum
263 390 379 418 curavit.
407 389 527 422 Denique
545 386 677 420 lcthargia
701 388 845 418 correptus
866 390 962 417 supre-

172 445 246 464 mum
259 436 330 462 dietn
350 435 450 461 clausit
465 441 538 460 anno
556 432 618 463 412,
636 432 728 459 Idibus
752 429 892 460 Octobris,
908 427 963 456 llo-

173 482 253 510 norio
267 481 301 508 IX
317 486 344 509 et
358 479 514 507 Theodosio
531 478 552 505 V
571 486 657 509 coss.,
673 480 702 504 ut
727 475 819 503 scribit
835 475 962 502 Socrates

173 528 237 564 (rt):
264 527 386 561 adeoque
408 529 479 553 totos
495 532 569 552 xxvtt
598 531 684 550 annos
717 527 826 556 tresque
854 527 963 547 menses

175 574 247 603 haud
262 574 414 608 completos
429 572 578 599 Ecclesiam
598 571 669 597 rexit
684 567 908 595 Alexandrinam.

209 621 241 649 ll.
264 621 412 655 Complura
444 619 543 646 litteris
569 617 748 651 consignasse
769 613 962 648 Theophilum,

174 674 230 694 tum
250 675 284 694 ex
304 666 338 693 iis
357 673 418 700 quae
443 665 589 691 hodienum
623 662 731 696 integra
748 664 889 695 superant,
905 663 963 685 tum

174 721 239 740 vero
251 721 283 740 ex
297 719 392 739 eorum
407 710 567 746 fragmentis
587 716 647 743 quae
668 706 878 736 interciderunt,
893 703 965 740 apud

174 762 280 785 veteres
299 756 430 787 servatis,
456 753 644 788 intelligimus.
668 752 770 779 llorum
789 755 879 778 autern
895 757 964 784 prre~

176 804 255 838 cipua
276 806 381 829 tantum
405 801 525 827 breviter
545 800 589 826 ltic
612 798 833 826 recensebimus:
861 796 966 830 reliqua

176 858 242 878 vero
260 848 506 885 przetermittimus.
525 846 737 874 internoscenda
755 852 787 872 ex
809 843 967 877 inscriptio-

177 897 258 924 nibus
286 903 346 930 qua:
372 894 464 921 fontes
489 893 615 928 aperiunt
632 892 704 918 umle
731 891 777 917 illa
794 890 965 925 potissimtun

178 942 334 970 hausimus.
361 941 456 975 Itaque
474 940 546 966 inter
573 938 715 973 Theophili
737 937 838 971 scripta
865 935 967 969 princi-

177 995 238 1024 pem
255 987 345 1014 locttm
362 987 467 1013 obtinet
477 985 538 1018 ejus
555 984 656 1020 Cyclus
673 983 810 1019 paschalis
840 981 968 1016 quadrin-

177 1038 315 1069 gentorum
333 1031 476 1059 octodecim
489 1038 629 1060 annorum,
649 1035 678 1056 nt
705 1029 743 1055 ait
771 1028 900 1063 Cyrillus,
918 1034 967 1053 au-

177 1080 264 1106 ctoris
284 1086 370 1113 nepos
387 1082 415 1105 et
439 1084 585 1105 successor
605 1076 654 1109 (b).
679 1075 767 1107 Quam
790 1074 902 1109 quidem
922 1080 969 1107 pe-

178 1125 285 1153 riodum
314 1125 466 1160 pascltalem
493 1123 641 1150 Theodosii
671 1121 761 1157 Magni
791 1126 886 1156 rogatu
904 1127 970 1147 cott-

179 1173 275 1203 texuit,
290 1179 351 1199 cum
364 1171 485 1198 nondtttn
499 1173 572 1197 esset
585 1169 743 1203 episcopus,
759 1166 902 1201 eidemque
916 1166 971 1192 Au-

179 1225 259 1254 gusto
275 1217 386 1244 dicavit.
401 1216 435 1242 At
451 1223 516 1242 vero
528 1223 559 1241 ne
570 1214 639 1249 forte
657 1218 694 1240 tot
722 1220 852 1240 annorum
880 1220 972 1246 conge-

180 1266 232 1291 ries
251 1269 295 1291 aut
313 1263 452 1296 fastidiunt
468 1260 650 1296 cognoscendi,
663 1264 708 1286 aut
725 1259 859 1294 pigritiam
875 1257 973 1284 descri—

181 1310 258 1337 beudi
271 1308 428 1344 quibusdam
443 1307 559 1341 afferret,
577 1305 737 1332 latereulum
754 1309 862 1331 centum
888 1310 974 1330 anno-

181 1363 241 1384 rum
268 1354 420 1389 composuit
443 1361 459 1379 a
482 1353 567 1386 primo
584 1359 653 1377 anno
680 1350 833 1376 consulatus
851 1348 973 1383 ejusdem

182 1401 346 1432 Theodosii,
365 1399 468 1426 Christi
484 1397 586 1431 vulgari
608 1397 671 1427 530,
687 1396 795 1422 initittnt
812 1395 925 1426 ducens,
946 1399 972 1421 ut

182 1457 215 1476 ex
233 1448 328 1476 eodem
350 1445 452 1481 (Iyrillo
472 1443 614 1470 erudimur
628 1443 674 1476 (c).
692 1442 728 1470 De
746 1441 905 1475 hujusmodi
927 1448 975 1467 au-

183 1499 236 1522 tem
255 1492 399 1527 Theophili
423 1491 500 1526 cyclo
522 1493 549 1517 et
583 1488 725 1519 laterculo,
748 1491 845 1522 praeter
871 1486 977 1513 Buchc-

185 1541 257 1567 rium
275 1538 312 1574 (ά)
330 1544 355 1564 et
365 1535 567 1563 Tillemontium
581 1533 627 1568 (θ),
642 1534 720 1568 plura
733 1532 840 1560 erudite
850 1531 976 1558 observat

185 1583 305 1612 Joannes
323 1583 380 1610 Van
396 1582 443 1609 der
455 1580 563 1615 Ilaagen
579 1581 606 1606 in
623 1578 754 1613 peculiari
771 1578 976 1610 dissertatione,
992 1595 1013 1622 ρ

187 1638 267 1666 quam
297 1630 348 1656 hoc
377 1629 410 1656 de
444 1629 604 1661 argumento
642 1624 817 1659 conscripsit.
847 1624 979 1659 Superest

187 1678 335 1704 etiamnum
347 1675 478 1707 Prologus
491 1680 569 1707 quetn
582 1675 677 1698 auctor
690 1671 747 1697 sive
760 1678 811 1698 stto
830 1671 908 1706 cyclo
922 1671 980 1698 sive

187 1721 318 1750 laterculo
350 1721 463 1756 prtelixit
480 1729 486 1746 :
505 1719 619 1752 ejusque
639 1716 732 1743 Grzrca
754 1725 785 1743 ex
806 1716 917 1744 Petavio
935 1717 979 1752 (1),

188 1772 308 1795 veterem
330 1775 394 1793 vero
422 1765 575 1792 versionem
599 1770 633 1789 ex
660 1762 771 1789 laudato
793 1761 926 1790 Bucherio
943 1763 980 1797 lg)

190 1813 396 1847 descripsimus.

227 1859 269 1885 lll.
291 1857 434 1892 Theophili
452 1857 576 1892 epistolis
597 1855 795 1891 superstitibus
813 1854 910 1880 Edicta
937 1862 982 1880 ca-

191 1905 285 1932 uonira
302 1903 325 1929 Χ
338 1908 366 1930 et
384 1911 509 1937 respousa
522 1902 565 1934 lll,
584 1910 646 1929 cum
663 1901 833 1928 Balsamouis
849 1907 984 1926 commen—

193 1951 272 1977 tariis
288 1949 470 1984 prremisimus
483 1969 489 1977 .
508 1956 540 1975 ex
557 1947 704 1974 Pandectis
720 1953 856 1973 canonum
869 1945 985 1972 Bevere-

193 1996 228 2031 gii
245 1998 386 2030 desumpta
404 1995 452 2029 (It).
471 1994 545 2021 Inter
564 1993 695 2028 epistolas
710 1999 776 2019 vero
799 1991 891 2018 statim
921 1990 986 2016 sub-

192 2044 279 2076 jcctas
303 2041 348 2067 illa
371 2041 483 2071 eminet,
497 2047 579 2075 quam
598 2043 693 2065 auctor
715 2036 869 2063 Palaestinis
889 2039 917 2062 et
933 2035 986 2069 Cy-

197 2087 264 2122 priis
281 2086 434 2120 inscripsit;
458 2086 504 2112 ubi
533 2086 611 2120 plttra
634 2084 668 2111 de
697 2081 824 2117 Origenis
844 2081 986 2108 erroribus

197 2134 317 2160 disserit.
331 2132 407 2158 llanc
422 2136 511 2158 autem
530 2131 673 2166 epistolam
695 2129 786 2163 magni
802 2135 868 2155 sane
885 2126 987 2153 ducen-

198 2179 271 2211 dam,
285 2187 316 2206 ex
333 2181 490 2213 pervctusto
505 2176 714 2204 Mediolanensis
739 2183 792 2202 ms.
814 2173 988 2201 bibliothecze

197 2225 386 2252 Ambrosiam:
401 2224 506 2259 primus
526 2231 540 2249 e
556 2222 679 2250 tenebris
692 2222 762 2248 eruit
783 2219 988 2247 eruditissimus

985 921 1003 949 II

1013 295 1066 315 non
1096 286 1233 314 Anastasii
1259 293 1334 320 papa:
1361 285 1395 311 ad
1419 284 1620 318 Simplicianum
1647 285 1802 319 epistolas:

1012 341 1081 368 quas
1098 340 1192 359 omnes
1208 339 1269 358 cum
1286 334 1399 358 sanctus
1419 330 1600 366 Hieronymus
1614 330 1693 357 Latio
1712 331 1804 358 reddi—

1013 379 1094 409 derit,
1112 383 1141 405 ut
1154 378 1267 413 ipsemet
1280 378 1393 404 innucre
1403 377 1511 404 videtur
1527 377 1557 412 (ἱ)
1571 397 1578 408 ,
1597 378 1725 404 laudatus
1738 377 1803 404 Val—

1013 424 1115 452 Iarsius
1139 424 1167 451 in
1184 431 1260 450 suam
1287 422 1410 449 Doctoris
1427 423 1538 449 maximi
1566 422 1684 457 Operttm
1707 423 1805 450 editio-

1013 478 1076 498 nem
1091 470 1194 497 invexit
1212 469 1255 504 (i).
1275 469 1379 497 Exinde
1395 476 1459 496 vero
1480 473 1536 496 tres
1553 469 1659 503 priores
1673 469 1804 503 epistolas

1015 516 1089 550 prelo
1104 514 1307 550 consignandas
1324 514 1490 549 accepimus,
1508 518 1605 549 quarta
1621 514 1804 541 Anastasiana

1014 561 1197 597 prmtermissa
1220 568 1302 595 qttam
1327 560 1392 587 alibi
1410 565 1504 594 postea
1526 559 1730 592 exhibebimus;
1757 559 1806 585 iis-

1014 616 1067 643 que
1082 611 1160 634 notas
1175 606 1363 633 Vallarsianas
1380 609 1472 633 textus
1489 605 1609 632 litteram
1625 605 1804 639 respicientes

1015 653 1191 687 subiecimus,
1216 652 1342 686 pauculis
1355 651 1460 679 nostris
1483 651 1605 678 intextis.

1051 707 1101 734 IIic
1117 715 1199 742 porro
1214 707 1287 734 haud
1308 710 1349 734 est
1364 706 1558 738 omittendum,
1579 706 1753 733 existimasse
1771 713 1805 732 ct.

1016 756 1146 783 editorem
1174 755 1210 790 (k)
1236 754 1370 789 ejusmodi
1398 753 1543 788 Theophili
1576 753 1721 788 epistolatn
1748 760 1809 780 esse

1018 802 1104 837 ipsam
1124 801 1196 828 illam
1216 801 1386 836 synodicam,
1406 807 1488 834 quam
1501 799 1534 826 ab
1557 807 1586 827 se
1609 799 1695 826 fuisse
1715 798 1809 826 Latine

1020 847 1156 875 redditam
1180 846 1276 874 scribit
1302 851 1415 873 sanctus
1431 845 1624 880 Hieronymus,
1645 845 1690 871 ubi
1706 845 1742 871 ait
1756 845 1785 879 (ll
1800 854 1806 871 :

1018 893 1102 925 Duas,
1118 893 1271 928 synodicmu
1286 897 1310 919 et
1334 891 1484 926 paschalem
1500 891 1556 925 ejus
1578 890 1742 926 (Theophili)
1759 891 1811 925 epi-

1019 941 1101 966 stolas
1116 944 1208 966 contra
1221 939 1359 973 Origeuem
1372 937 1496 972 illiusque
1507 937 1687 972 discipulos—
1701 945 1747 972 per
1763 939 1811 964 hoc

1019 983 1100 1017 [arma
1119 982 1251 1008 biennium
1272 982 1462 1015 interpretatus
1476 989 1552 1011 sum.
1565 985 1590 1007 et
1611 981 1638 1008 in
1659 981 1813 1016 a'diﬁcation

1020 1037 1078 1055 neut
1092 1027 1218 1054 Ecclesiw
1227 1027 1348 1062 legendas
1365 1032 1461 1054 uastrtv
1473 1027 1569 1062 [iugum
1582 1027 1730 1054 hominibus
1740 1027 1810 1054 dedi.

1021 1074 1120 1102 Verum
1136 1075 1195 1108 ejus
1211 1073 1376 1100 sententiam
1401 1073 1462 1100 aliis
1483 1074 1574 1100 ntinus
1584 1073 1723 1107 probatam
1738 1080 1814 1099 com-

1021 1119 1153 1155 perimus.
1169 1118 1269 1146 Noster
1285 1122 1360 1145 certe
1382 1117 1564 1153 Hieronymus
1581 1118 1614 1144 de
1627 1117 1709 1144 Prato
1730 1117 1813 1151 pluri.

1022 1166 1074 1193 bus
1089 1173 1139 1192 nec
1160 1164 1266 1192 levibus
1281 1165 1451 1199 argumentis
1473 1171 1533 1191 eam
1557 1163 1712 1190 intirmasse
1734 1164 1813 1190 novi-

1023 1219 1084 1239 mus
1102 1211 1149 1245 (m)
1169 1220 1175 1237 :
1194 1210 1275 1244 eique
1292 1210 1423 1245 deinceps
1432 1209 1580 1237 adltmsisse
1600 1210 1686 1236 virum
1704 1209 1814 1236 doctum

1022 1255 1102 1283 Joan.
1116 1254 1215 1282 Frane.
1225 1254 1393 1282 Bernardum
1406 1254 1439 1281 de
1452 1254 1554 1282 llubcis
1570 1254 1746 1289 intelligimus
1765 1255 1814 1290 (η).

1024 1301 1110 1334 Quam
1134 1300 1244 1335 quidem
1274 1300 1501 1336 disceptationem
1525 1300 1587 1327 aliis
1609 1300 1815 1334 dijudicandam

1025 1348 1215 1382 relinquimus.

1060 1423 1105 1450 IV.
1126 1423 1287 1458 Ilujusmodi
1305 1427 1395 1450 autem
1414 1423 1642 1458 Theophilensem
1659 1423 1815 1458 epistolam,

1026 1471 1185 1506 enryclicam
1209 1471 1302 1506 potius
1322 1478 1404 1505 quam
1422 1472 1575 1506 synodicant
1589 1471 1705 1498 fortasse
1727 1470 1818 1504 appel—

1028 1516 1147 1547 landam,
1161 1520 1218 1543 tres
1235 1516 1375 1550 excipiunt
1390 1516 1527 1550 paschales
1548 1516 1667 1550 epislalw
1684 1523 1817 1542 annorum

1028 1561 1091 1591 401,
1110 1560 1162 1587 402
1174 1565 1200 1588 et
1217 1561 1279 1587 40L
1296 1561 1410 1588 Constat
1438 1561 1510 1588 enim
1539 1561 1674 1587 antistites
1701 1560 1819 1586 Alexan-

1030 1607 1125 1634 drinos
1147 1607 1181 1633 de
1198 1614 1273 1633 tnore
1297 1607 1371 1634 illitts
1392 1606 1520 1633 Ecclesia:
1542 1606 1819 1641 quolanuis,peractu

1032 1652 1239 1686 Epiphaniam":
1252 1652 1303 1682 die,
1322 1656 1350 1678 ut
1363 1652 1450 1686 inquit
1461 1651 1610 1678 Cassianus
1626 1651 1672 1686 (ο),
1691 1651 1820 1686 epistolas

1031 1698 1222 1732 promulgasse
1240 1696 1272 1722 ad
1290 1697 1410 1723 solemne
1422 1695 1563 1723 I’aschatis
1579 1700 1684 1730 tempus
1696 1695 1819 1721 indicen-

1031 1745 1115 1774 dum,
1135 1742 1271 1777 paschalrs
1293 1747 1452 1776 propterea.
1479 1742 1537 1769 sive
1555 1742 1635 1768 etiam
1658 1741 1822 1776 quandoque

1033 1790 1139 1824 festalvs
1154 1789 1242 1815 dieue.
1265 1787 1319 1815 llas
1333 1796 1397 1814 vero
1410 1787 1554 1822 Theophili
1571 1787 1698 1821 epistolas
1717 1786 1822 1813 Latinis

1033 1835 1146 1862 auribus
1163 1834 1275 1860 donavit
1297 1836 1411 1860 sanctus
1432 1832 1631 1868 Hieronymus,
1653 1834 1735 1866 atque
1752 1832 1822 1858 inter

1034 1881 1094 1915 ejus
1108 1888 1190 1915 opera
1203 1880 1364 1915 plerumque
1377 1878 1608 1906 circumferuntur
1620 1887 1626 1910 ;
1636 1879 1682 1905 sed
1697 1879 1722 1904 in
1736 1878 1824 1904 omni-

1035 1928 1086 1955 bus
1107 1927 1198 1957 editis,
1225 1927 1247 1953 si
1265 1926 1465 1953 Vallarsianum
1481 1925 1613 1960 excipias,
1633 1924 1729 1952 ordine
1754 1931 1824 1958 pra:-

1035 1977 1145 2009 postero
1159 1972 1234 2000 fuere
1246 1973 1398 2007 dispositee.
1411 1971 1596 1999 Inversionem
1612 1971 1824 2006 primusdctexit

1036 2020 1270 2047 eminentissimus
1287 2018 1413 2046 Norisius
1437 2017 1474 2052 (p)
1487 2038 1494 2050 ,
1513 2018 1558 2052 qui
1575 2017 1689 2052 proinde
1704 2017 1826 2051 singulas

1038 2067 1097 2094 suis
1112 2067 1191 2093 annis
1208 2070 1338 2093 accurate
1351 2065 1479 2093 restituit.

1072 2127 1164 2154 Prima
1181 2127 1283 2161 itaque,
1299 2127 1379 2160 cujus
1394 2130 1434 2153 est
1454 2125 1607 2155 exordium.
1626 2124 1760 2151 Christum
1779 2132 1825 2149 ,οε-

1039 2181 1097 2200 sum
1116 2173 1267 2204 Demittunt,
1281 2172 1332 2199 sub
1347 2172 1426 2198 linem
1449 2170 1553 2197 Pascha
1577 2170 1673 2196 indicit
1687 2168 1826 2195 celebran-

1039 2222 1103 2249 dum
1116 2223 1159 2249 die
1176 2229 1221 2248 xtx
1236 2221 1339 2248 mensis
1364 2219 1524 2246 Pliarmutlti
1539 2219 1617 2252 juxta
1635 2217 1726 2252 cyclos
1744 2215 1828 2251 [Egy-

199 2271 350 2298 Vallarsins
368 2281 374 2297 :
393 2271 472 2305 eique
491 2274 621 2304 prarterea
643 2276 676 2295 ex
693 2267 787 2295 eodem
815 2267 910 2294 codice
931 2269 988 2293 tres
1004 2267 1026 2294 D
1041 2270 1123 2304 ptios,
1151 2276 1248 2302 nempe
1274 2267 1344 2302 apud
1365 2266 1477 2292 Latinos
1501 2265 1578 2299 juxta
1607 2262 1827 2298 supputationem

201 2315 268 2342 alias
284 2315 408 2347 attexttit,
425 2314 457 2341 ad
473 2314 595 2341 eamdem
612 2320 722 2340 causam
742 2312 925 2347 pertinentes;
947 2311 989 2337 ni—

200 2361 299 2387 mirum
317 2361 350 2387 ad
366 2360 562 2394 praacedentem
580 2359 723 2394 Theophili
739 2358 879 2393 epistolam
893 2357 990 2392 synodi

202 2406 457 2442 Ilierosolymitanm
483 2414 655 2441 responsum,
672 2405 849 2441 Dienysiique
871 2404 989 2431 Lidden-

240 2486 276 2521 (a)
300 2485 406 2512 Socrat.
420 2485 491 2511 Hist.
509 2485 576 2521 ειτειἒ
589 2485 636 2511 lib.
649 2493 697 2516 vn,
711 2491 771 2518 cap.
790 2484 814 2521 7:

240 2518 277 2557 (li)
295 2522 390 2556 (Iyt'ill.
414 2522 491 2549 Alex.
511 2522 538 2548 itt
566 2520 774 2557 Prolegmnutn.
797 2519 823 2550 2,
841 2518 913 2553 apud
936 2518 991 2545 Bu-

205 2555 280 2584 cher.
305 2557 342 2583 De
357 2557 441 2583 ductr.
462 2561 550 2590 temp.,
569 2564 628 2589 pag.
645 2555 703 2582 482.

242 2592 278 2627 (c)
300 2591 338 2618 ld.
360 2592 424 2618 ἰιιίίί.
441 2599 543 2618 numm.
562 2591 616 2617 “let
629 2591 655 2617 (i.

243 2625 282 2661 (tl)
301 2627 416 2653 Bttcher.
434 2627 471 2652 De
488 2627 572 2652 dottr.
600 2631 677 2659 (euq).
694 2633 755 2661 pag.
776 2625 827 2652 429
845 2632 922 2661 seqq2

243 2659 278 2697 (ei
299 2662 406 2688 Tillem.
427 2661 505 2688 Mem.
531 2662 593 2688 ccci.
622 2659 755 2691 tomﬁXl,
788 2668 867 2695 pagg.
890 2659 943 2686 469
967 2662 994 2686 et

207 2698 271 2726 839.
286 2702 343 2723 not.
359 2697 377 2722 Υ
393 2705 440 2723 sur
457 2697 606 2730 ’l'ltéopitilc.

244 2733 277 2766 (f)
295 2731 387 2759 Petav.
415 2732 453 2758 De
472 2729 555 2758 dat-ir.
573 2737 650 2765 temp.
671 2737 736 2758 tom.
751 2730 784 2762 ll,
800 2738 860 2766 pag.
877 2729 941 2757 501.

245 2769 283 2802 (g)
304 2767 419 2794 Bttcher.
437 2769 452 2792 l.
469 2775 494 2793 c.
512 2775 573 2802 pag.
595 2767 720 2802 471475.

259 2799 286 2837 7t)
308 2802 400 2829 Bever.
418 2799 588 2829 Pani—(Itin.
609 2806 675 2831 tom.
693 2801 818 2837 ll,7pagg.
836 2799 959 2837 {70:175.

260 2835 281 2872 ἰ)
303 2837 413 2864 llieron.
428 2838 473 2864 lib.
489 2846 496 2864 I
510 2838 620 2872 Apolog.
630 2842 714 2864 contr.
728 2836 816 2871 Ila/iu.
845 2835 858 2870 §
872 2836 914 2868 η,
928 2835 994 2870 Opp.

211 2871 284 2901 tom.
307 2871 338 2904 Il,
352 2880 413 2907 pag.
427 2872 492 2900 468.

253 2908 287 2945 (ᾔ)
309 2901 425 2936 νὲιῑιιιῖε.
443 2908 508 2937 edit.
526 2908 638 2936 Hieron.
657 2905 754 2940 tom.l,
771 2914 850 2942 pagg.
867 2901 995 2933 551-552.

1040 2315 1175 2342 Julianam
1189 2315 1232 2341 die
1254 2321 1299 2340 xtv
1316 2312 1438 2348 Aprilis:
1457 2318 1511 2346 qua
1527 2318 1591 2338 sane
1604 2310 1647 2335 die
1664 2310 1690 2335 itt
1706 2308 1827 2334 Ecclesia

1040 2361 1163 2387 Romana
1179 2361 1344 2387 celebratum
1363 2363 1404 2386 est
1420 2359 1518 2385 festum
1537 2356 1664 2391 paschale
1678 2363 1750 2382 anno
1762 2355 1827 2385 set,

1042 2407 1118 2443 cyelo
1133 2407 1197 2434 solis
1212 2414 1289 2438 xvttt,
1306 2405 1375 2432 lume
1393 2412 1434 2435 tn,
1449 2404 1501 2430 litt.
1515 2402 1592 2429 Dom.
1609 2401 1640 2428 F.
1657 2400 1718 2427 "me
1737 2404 1827 2426 autem

1079 2483 1115 2519 (Ic)
1135 2483 1174 2510 ιιι.
1197 2483 1302 2518 przel'at.
1324 2482 1357 2508 ad
1380 2486 1446 2508 tom.
1462 2480 1576 2519 I:__pag_.
1597 2478 1734 2519 num.
1804 2481 1830 2504 et

1042 2512 1183 2554 ριιξζίϋὸἸ.
1199 2512 1229 2544 lin
1257 2524 1314 2544 not.
1339 2521 1366 2544 et
1386 2521 1453 2543 tom.
1481 2512 1536 2546 XI;
1552 2512 1588 2540 fin
1618 2513 1670 2540 Vit.
1696 2513 1726 2539 S.
1754 2512 1828 2538 llier.

1044 2563 1123 2590 pagg.
1145 2554 1272 2590 183—188.

1080 2581 1243 2651 qiglieron.
1275 2588 1323 2614 lib.
1345 2595 1376 2614 ιιι
1401 2591 1486 2613 tonlr.
1505 2585 1595 2619 Ruﬁn.
1612 2583 1626 2619 §
1646 2583 1689 2616 l6,
1710 2588 1775 2610 tom.
1797 2581 1829 2613 ll,

1090 2636 1112 2651 uJ-
1126 2643 1131 2649 ι
1146 2646 1151 2650 .

1045 2633 1071 2658 p.
1081 2633 1227 2709 (biillzyde
1239 2658 1322 2684 Prato
1333 2656 1448 2684 Dissert.
1459 2664 1484 2682 vt
1498 2655 1532 2682 ad
1549 2653 1649 2688 Sulpic.
1664 2654 1722 2680 Seu.
1735 2657 1800 2679 tom.
1811 2651 1831 2683 1.

1045 2694 1123 2730 pagg.
1142 2694 1194 2721 217
1211 2702 1286 2727 seqq.

1082 2734 1119 2764 (ιι)
1141 2730 1170 2756 B.
1186 2730 1219 2756 de
1233 2729 1302 2755 linh.
1324 2727 1436 2754 Dissert.
1455 2725 1486 2752 de
1498 2725 1589 2759 Ruﬁn.
1613 2732 1673 2759 cap.
1691 2724 1734 2755 15,
1752 2730 1831 2757 pagg.

1047 2765 1098 2793 100
1125 2773 1199 2798 seqq.

1083 2801 1118 2835 (ο)
1139 2800 1270 2835 (lasslan.
1282 2798 1384 2835 Collut.
1399 2797 1523 2835 Νηρεί).
1540 2795 1568 2823 ‘2.

1083 2828 1120 2870 (μή
1141 2834 1230 2861 Noris.
1248 2834 1317 2860 Ilist.
1339 2833 1429 2867 Pelag.
1446 2828 1520 2858 Iibft
1533 2851 1539 2859 .
1556 2838 1616 2864 cap.
1632 2829 1660 2856 Ξ.
1678 2833 1704 2856 et
1721 2828 1834 2855 Dissert.

1097 2874 1181 2897 sauct.
1200 2869 1279 2896 Siric.
1299 2869 1348 2899 Pp.
1367 2867 1437 2899 Opp.
1454 2872 1520 2893 tom.
1537 2866 1565 2895 l.
1582 2873 1661 2899 pagg.
1680 2865 1715 2892 ΞΟ
1743 2871 1834 2899 seqq.,

1048 2871 1079 2897 de
1097 2874 1181 2897 sauct.
1200 2870 1279 2896 Siric.
1299 2870 1348 2902 Pp.
1367 2870 1437 2902 Opp.
1454 2872 1520 2893 tom.
1538 2870 1565 2895 I.
1582 2873 1661 2899 pagg.
1680 2870 1715 2892 zu
1743 2871 1835 2899 seqq.,

1049 2911 1076 2934 et
1092 2911 1157 2933 tom.
1176 2903 1220 2938 IV,
1241 2912 1319 2939 pagg.
1335 2903 1387 2930 7‘26
1402 2910 1478 2937 seqq.
1494 2902 1560 2928 edit.
1577 2900 1677 2928 Veron.
