1971 3068
173 119 210 146 39
692 115 877 144 TllEOPlllLl
899 114 1050 143 EPISCOPI
1071 113 1304 141 ALEXANDRENI
1770 111 1806 139 ιο

177 178 342 213 Theophilus
362 177 483 212 diligenti
514 175 715 203 examinatione
743 175 830 205 faeta.
856 175 878 202 si
903 182 964 201 eum

1029 171 1062 200 ηὗν
1084 173 1098 199 ὁ
1115 172 1253 206 Θεόφιλος,
1271 173 1310 198 ὅτι
1327 171 1474 204 ἐξετάσεως
1496 170 1627 206 ἀκριϐοῦς
1646 170 1806 207 γενομένης,

176 233 305 261 peccasse
315 227 484 258 compertum
495 222 587 253 fuerit,
600 221 673 248 clero
685 221 817 255 ejiciatur.
828 220 885 247 Non
896 220 967 247 enim

176 274 283 305 oportet
300 278 333 297 ex
363 271 485 296 susurris
509 276 557 295 seu
582 267 760 294 clandestinis
785 267 967 297 sermonibus,

177 315 219 341 vel
235 314 386 341 maledictis
400 322 448 341 seu
461 311 563 347 apertis
578 311 710 338 conviciis
725 316 784 338 orta
801 310 967 346 suspicione,

177 359 354 386 condemnari
387 359 517 392 aliquem.
548 356 625 388 Quod
648 357 670 383 si
702 363 785 382 causa
815 356 968 382 examinata

181 405 276 432 insons
293 409 449 438 compertus
467 402 558 432 luerit,
574 405 682 428 maneat
694 402 719 427 in
732 402 816 428 clero.

484 455 599 484 CANON
621 455 666 483 Vl.

217 518 254 545 De
271 517 303 544 iis
316 516 360 552 qui
371 516 582 543 ordinandisunt
595 515 650 542 hwc
662 515 710 542 erit
726 515 833 549 forma:
849 513 881 540 Ut
893 512 969 548 quid-

178 562 242 598 quid
257 567 296 589 est
313 561 487 588 sacerdotalis
508 561 610 587 ordinis
630 560 777 587 consentiat
793 563 818 585 et
837 559 926 593 eligat,
945 561 969 584 et

181 615 243 635 tunc
269 609 405 643 episcopus
434 608 578 639 examinet,
603 607 643 634 vel
665 607 689 634 ei
712 606 793 633 etiam
815 605 970 631 assentiente

180 654 343 682 sacerdotali
368 653 459 680 ordine
476 654 502 680 in
525 653 611 680 media
639 652 750 680 ecclesia
768 651 880 682 ordinet.
899 660 969 686 prta-

180 707 251 728 sente
268 701 373 734 populo.
391 705 416 727 et
428 701 548 734 episcopo
564 700 724 734 alloquente,
743 706 777 724 an
791 699 871 724 etiam
887 698 970 731 ροεδὶι

178 746 203 772 ei
217 747 328 780 populus
349 745 418 780 ferre
435 745 623 772 testimonium.
642 744 783 771 Ordinatio
809 749 895 770 autent
918 751 969 770 nan

180 792 229 826 ﬁat
251 790 413 817 clanculum.
432 789 551 816 Ecclesia
575 789 644 815 enim
661 796 750 822 pacem
773 787 881 814 habente
898 786 970 814 decet

180 837 353 872 prwsenn’bus
380 836 479 862 sanctis
505 835 684 861 ordinationes
710 833 768 868 ﬁeri
794 834 820 859 in
841 833 967 860 ecclesiis.

181 883 215 911 In
229 884 331 918 regione
349 888 436 908 autem
457 882 481 908 si
499 882 544 916 qui
567 881 631 913 sint,
654 881 698 915 qui
715 879 966 906 communicantium

181 929 277 955 animis
307 926 578 958 communicaverint;
608 934 660 951 non
689 925 767 950 aliter
801 924 968 957 ordinentur,

180 981 259 1005 quam
276 973 321 1004 iis,
342 973 385 1007 qui
405 976 465 998 sunt
480 978 536 997 vere
551 969 691 996 orthodoxi
702 969 801 999 clerici,
815 969 970 995 examinan-

183 1019 263 1049 ttlms,
281 1023 408 1052 prwsente
422 1025 514 1042 rursus
530 1016 660 1050 episcopo,
678 1020 702 1041 et
714 1019 868 1049 prwsentem
885 1023 969 1048 popu-

183 1073 237 1099 [unt
254 1064 411 1097 alloquente,
429 1071 459 1089 ne
474 1061 619 1088 intercedat
636 1061 727 1095 alit/tta
741 1061 936 1086 circumventio.

1019 220 1067 247 ὲὰν
1092 219 1188 255 εὑρεθῇ
1205 219 1384 254 ἡμαρτηκὼς,
1404 217 1564 253 ἐκϐληθήτω
1583 217 1629 243 τοῦ
1644 217 1760 252 κλήρου·
1776 218 1806 243 ού

1019 266 1059 292 δεῖ
1072 265 1126 300 γὰρ
1142 266 1173 291 ἐκ
1190 265 1361 299 ψιθυρισμῶν
1373 265 1431 299 ἦτοι
1448 263 1613 294 καταλαλιᾶς
1631 263 1772 297 λαθραίας.
1789 263 1806 298 ἢ

1020 310 1186 344 κακολογιῶν
1199 311 1258 345 ἤτοι
1279 309 1416 345 λοιδοριῶν
1431 309 1554 344 φανερῶν
1573 308 1690 342 ὑποψίας
1701 308 1808 343 γινομέ-

1019 366 1068 392 νης
1086 356 1296 391 κατακρίνεσοαί
1310 365 1379 382 τινα.
1391 356 1423 383 Εἰ
1435 355 1463 382 δὲ
1476 356 1525 391 τῆς
1548 355 1701 386 ὑποθέσεως
1717 354 1809 387 ἐξετα-

1020 402 1136 437 ζομένης
1153 402 1297 433 ἀνεύθυνος
1309 401 1443 437 εὑρεθείη,
1459 401 1561 437 μενέτω
1577 402 1606 428 ὲν
1619 401 1657 436 τῷ
1668 400 1771 435 κλήρῳ.

1318 457 1438 483 ΚΑΝΩΝ
1463 456 1508 490 q'.

1055 515 1124 549 Περὶ
1151 515 1211 542 τῶν
1242 516 1418 550 μελλόντων
1455 514 1689 549 χειροτονεῖσθαι
1719 511 1809 546 οὗτος

1020 560 1104 587 ἔσται
1121 561 1214 594 τύπος
1228 569 1234 576 ι
1251 561 1340 587 Ὥστε
1354 560 1416 587 πᾶν
1431 560 1464 586 τὸ
1480 560 1623 594 [spargier
1637 558 1810 594 συμφωνεῖν

1020 607 1070 634 καὶ
1092 607 1247 642 αΙρεῖσθαι,
1266 608 1314 634 καὶ
1340 608 1406 634 τότε
1428 606 1481 634 τὸν
1498 607 1666 633 ἐπίσκοπον
1690 604 1810 639 δοκιμά-

1021 652 1089 685 ζειν,
1107 653 1125 685 ἣ
1136 653 1184 679 καὶ
1198 653 1418 685 συνίιινοῦντος
1433 652 1513 685 αὐτῷ
1527 651 1580 678 τοῦ
1593 651 1735 685 ιεμῖτείου
1753 658 1811 684 χει-

1015 698 1154 732 ροτονεῖν
1181 698 1215 725 ὲν
1241 698 1318 733 μέσῃ
1346 698 1383 732 τῇ
1401 697 1564 731 ἐκκλησίᾳ,
1590 697 1738 730 παρόντος
1757 695 1810 722 τοῦ

1020 744 1106 776 λαοῦ,
1123 744 1172 771 καὶ
1188 744 1441 779 προσρωνοῦντος
1458 743 1511 771 τοῦ
1527 743 1707 773 ἐπισκόπου,
1722 742 1747 768 el
1762 742 1810 768 καὶ

1020 791 1036 816 ὁ
1053 789 1128 822 λαὸς
1149 789 1273 816 δύναται
1290 788 1371 822 αὐτῷ
1390 788 1561 823 μαρτυρεῖν.
1590 786 1761 821 Χειροτονία
1778 785 1813 812 δὲ

984 854 1003 880 Β
1019 836 1168 869 λαθραίως
1181 835 1224 870 μὴ
1240 835 1377 870 γινέσθω.
1397 834 1454 869 Τῆς
1467 835 1521 870 γὰρ
1542 833 1722 866 Ἐκκλησίας
1734 830 1813 865 ειρή-

1016 881 1212 915 νηνὲχούσης
1220 881 1324 915 πρέπει
1334 881 1489 915 παρόντων
1496 879 1554 906 τῶν
1561 879 1651 913 ἁγίων
1660 878 1712 910 τὰς
1719 884 1813 911 χειρο-

1016 927 1117 959 τονίας
1132 927 1183 953 ἐπὶ
1206 927 1271 960 ταῖς
1285 927 1462 960 ἐκκλησίαις
1483 926 1629 961 γίνεσθαι.
1653 924 1704 950 Ἐν
1723 922 1758 949 δὲ
1776 921 1813 956 τῇ

1016 972 1128 1005 ἑνορίᾳ,
1142 973 1168 998 εἰ
1179 972 1237 1006 μὲν
1250 971 1490 1005 κοινωνιῖσαντὲς
1503 971 1565 998 εἰσί
1577 979 1655 1003 τινες
1670 969 1736 1001 ταῖς
1754 967 1815 994 τῶν

1019 1017 1268 1051 κοινωνησάντων
1295 1017 1435 1052 γνώμαις,
1454 1016 1498 1051 μὴ
1516 1016 1616 1049 ἄλλως
1638 1013 1814 1050 χειροτονεί-

1020 1065 1154 1096 addicar,
1170 1063 1248 1090 ἀλλὰ
1266 1063 1325 1089 τῶν
1341 1062 1461 1096 ἀληθῶς
1480 1062 1645 1096 ὀρθοδόξων
1665 1057 1814 1094 κληρικῶν

181 1109 406 1144 δοκιμαζόντων,
421 1108 569 1141 παρόντος
581 1107 674 1134 πάλιν
701 1106 753 1133 τοῦ
766 1107 934 1133 ἐπισκόπου
951 1107 999 1134 καὶ
1020 1109 1272 1143 προσφωνοῦντος
1291 1110 1415 1142 παρόντι
1431 1108 1471 1141 τῷ
1490 1108 1565 1141 λαῷ,
1579 1109 1630 1135 ἵνα
1658 1107 1701 1142 μὴ
1717 1105 1815 1141 μέσον

181 1156 341 1191 περιδρομή
355 1165 400 1188 τις
416 1155 537 1190 γένηται

218 1213 315 1240 BALS.
333 1213 371 1240 De
391 1214 423 1240 iis
444 1212 491 1247 qui
510 1213 538 1239 in
567 1212 642 1239 clero
668 1211 811 1239 ordinandi
840 1215 905 1240 sunt
926 1211 973 1238 dat

182 1264 290 1296 typum,
308 1264 335 1286 et
351 1259 418 1286 dicit
437 1259 508 1293 quod
524 1262 633 1293 oportet
650 1266 711 1285 cuzn
728 1259 774 1292 qui
791 1263 832 1285 est.
848 1259 974 1285 ordinan-

182 1307 235 1334 dus
251 1314 265 1333 a
289 1310 346 1332 toto
368 1305 465 1332 ordine
487 1304 652 1331 sacerdotali
672 1304 747 1339 eligi,
768 1304 819 1331 hoc
840 1308 891 1335 est,
907 1311 974 1330 una-

183 1352 251 1379 nimi
266 1359 402 1378 consensu
419 1350 564 1384 approbari
582 1354 608 1376 et
622 1350 744 1384 prtel'crri
755 1370 763 1382 ,
779 1355 805 1376 et.
820 1358 882 1376 cum
901 1349 974 1383 ejus-

184 1397 257 1424 modi
273 1397 394 1424 delectus
412 1396 446 1422 de
467 1403 500 1423 eo
523 1395 612 1422 iactus
632 1395 725 1426 fuerit,
746 1401 810 1422 tunc
833 1396 920 1430 ipsum
940 1395 974 1421 ab

183 1444 312 1479 episcopo
338 1442 500 1473 examinari,
518 1445 544 1468 et
564 1441 673 1475 quando
700 1441 738 1467 illi
760 1448 868 1475 quoque
893 1440 974 1466 homo

1060 1210 1158 1237 ΒΑΛΣ.
1176 1211 1242 1246 Περὶ
1251 1210 1305 1237 τῶν
1322 1210 1471 1245 μελλόντων
1483 1210 1694 1246 χειροτονεῖσθαι
1705 1213 1734 1238 ἐν
1747 1212 1816 1248 κλή-

1027 1266 1066 1292 ρῳ
1089 1257 1179 1283 δίδωσι
1201 1257 1296 1287 τύπον,
1325 1257 1371 1282 καί
1393 1265 1474 1292 φησιν
1491 1257 1531 1283 ὅτι
1559 1256 1599 1282 δεῖ
1624 1258 1669 1283 τὸν
1685 1258 1817 1293 μέλλοντα

1026 1302 1235 1337 χειροτονεῖσθαι
1249 1303 1324 1337 παρὰ
1336 1303 1434 1333 παντὸς
1449 1303 1580 1338 ἱερατείου
1595 1303 1741 1338 αἱρεῖσθαι.
1757 1305 1817 1332 ἀντὶ

1026 1349 1073 1375 τοῦ
1089 1348 1282 1384 προκρίνεσθαι
1303 1347 1463 1383 συμφώνως,
1484 1349 1555 1375 οὓτω
1570 1349 1598 1376 δὲ
1623 1349 1816 1385 προκριθέντα,

1026 1394 1085 1420 τότε
1110 1394 1304 1429 δοκιμάζεσθαι
1329 1394 1408 1421 αὑτὸν
1432 1395 1506 1429 παρὰ
1521 1395 1567 1421 τοῦ
1591 1395 1752 1428 ἐπισκόπου,
1770 1396 1818 1423 καὶ

1027 1441 1071 1467 ὅτε
1084 1441 1202 1476 κάκείνῳ
1212 1441 1281 1473 δόξει
1294 1442 1307 1467 ὁ
1319 1441 1460 1476 ἄνθρωπος
1473 1441 1623 1476 ἐπιτήδειος
1643 1442 1683 1473 είς
1696 1451 1817 1478 χειροτο-

185 1491 261 1518 visus
276 1490 356 1516 fuerit
375 1493 454 1524 aptus
473 1492 503 1515 ut
517 1488 671 1518 ordinetur,
685 1491 751 1513 tunc
774 1494 836 1512 eum
852 1484 974 1512 ordinari

1029 1488 1096 1521 νίαν,
1113 1489 1173 1515 τότε
1201 1489 1411 1524 χειροτονεῖσθαι
1435 1489 1586 1515 συναινέσει
1602 1489 1649 1516 τοῦ
1672 1490 1817 1526 ἰερατείου,

183 1543 323 1562 consensu
347 1533 523 1561 saeerdolalis
540 1533 654 1561 ordinis.
674 1536 807 1566 praesente
822 1531 904 1558 etiam
925 1537 975 1565 μοι

184 1580 261 1615 pulo.
275 1580 331 1606 Cur
349 1584 439 1605 autem
462 1579 540 1609 dixit,
560 1585 622 1604 cum
640 1577 821 1604 ordinandum
840 1583 976 1602 consensu

186 1625 363 1653 sacerdotalis
375 1624 500 1652 ordinis?
512 1623 578 1650 Nam
595 1630 657 1650 cum
672 1630 687 1648 a
703 1622 865 1649 sacerdotali
881 1621 978 1648 ordine

184 1673 289 1700 electus
307 1676 359 1702 est,
373 1671 405 1697 ad
418 1670 618 1697 ordinationem
633 1676 787 1696 consensus
801 1675 856 1694 non
871 1667 978 1694 videtur

186 1725 247 1745 esse
265 1716 449 1744 necessarius.
468 1715 520 1741 Sed
533 1720 575 1742 est
587 1714 735 1741 verisimile
749 1721 830 1748 posse
845 1718 908 1748 post
923 1713 979 1739 ele-

185 1763 305 1790 ctionem
319 1761 421 1796 aliquid
434 1760 563 1794 temporis
578 1760 751 1794 praeteriisse,
765 1765 791 1786 et
807 1767 854 1786 eos
870 1759 978 1786 interim

185 1809 235 1843 qui
261 1807 444 1834 ordinandum
470 1805 651 1840 prtejudicant
682 1805 829 1833 rescivisse
855 1804 979 1839 aliquid,

186 1855 261 1889 quod
285 1855 345 1888 ejus
373 1853 572 1880 ordinationem
599 1851 751 1886 prohibeat.
766 1851 797 1877 Et
829 1851 891 1878 ideo
915 1850 982 1877 dicit

187 1901 262 1935 ipsos
275 1899 442 1930 consentire,
452 1903 479 1925 et
497 1898 561 1925 dum
573 1898 718 1924 ordinatur
728 1898 857 1933 populum
873 1904 982 1931 quoque

186 1947 223 1974 ab
237 1937 365 1981 episcopo
380 1945 555 1979 interrogari.
573 1953 607 1971 an
619 1945 717 1979 dignus
733 1944 778 1976 sit,
800 1943 843 1970 cui
859 1943 981 1970 testimo-

188 1995 264 2020 nium
278 1993 365 2019 fer.th
380 1992 415 2018 ad
436 1991 650 2018 ordinationem.
666 1990 811 2017 Dissuadet
827 1993 929 2020 autem,
947 1997 982 2016 ne

189 2040 255 2066 iiant
272 2038 462 2064 ordinationes
483 2035 672 2063 clandestinae.
691 2035 757 2062 Cum
778 2034 862 2065 enim,
882 2034 980 2068 inquit,

189 2091 241 2118 pax
256 2088 298 2110 est
313 2084 339 2109 in
361 2081 495 2114 Ecclesia,
518 2081 623 2108 scilicet
638 2088 700 2107 cum
719 2087 792 2106 nttnc
815 2087 869 2106 non
884 2084 925 2106 est
942 2079 982 2106 di-

190 2129 267 2155 visus
279 2128 396 2163 populus
406 2127 579 2154 cessantibus
589 2126 749 2158 lneresibus,
759 2125 804 2152 sed
816 2129 982 2152 suntomncs

1027 1535 1160 1570 παρόντος
1174 1535 1220 1561 καὶ
1234 1535 1281 1561 τοῦ
1296 1535 1371 1562 λαοῦ.
1386 1536 1462 1561 Διατί
1477 1535 1498 1561 δ’
1515 1533 1585 1567 εἶπε,
1598 1537 1760 1570 χειροτονεῖν
1773 1536 1819 1562 αὑ-

1027 1580 1072 1606 τὸν
1086 1580 1238 1606 συναινέσει
1250 1580 1296 1606 τοῦ
1312 1581 1456 1615 ἱερατείου;
1466 1580 1542 1606 Ἐπεὶ
1553 1581 1606 1615 γὰρ
1619 1580 1728 1616 ἐξελέγη
1744 1581 1820 1616 παρὰ

1027 1625 1074 1651 τοῦ
1096 1625 1241 1660 ἱερατείου,
1257 1626 1274 1661 ὴ
1295 1626 1341 1651 ἐπὶ
1358 1626 1509 1660 χειροτονίᾳ
1524 1626 1674 1657 συναίνεσις
1693 1626 1766 1652 δοκεῖ
1782 1626 1819 1662 μὴ

1028 1669 1166 1703 ἀναγκαία
1190 1667 1268 1696 εἶναι.
1294 1669 1362 1695 Ἀλλ’
1380 1669 1452 1700 είκδς
1475 1669 1570 1705 καιρόν
1593 1678 1653 1696 τινα
1675 1670 1745 1705 μετὰ
1770 1671 1820 1705 τὴν

1029 1715 1143 1750 ἐκλογὴν
1153 1715 1306 1750 παρελθεῖν,
1318 1716 1365 1741 καὶ¹
1374 1715 1402 1741 ἐν
1409 1715 1447 1750 τῷ
1457 1715 1532 1750 μέσῳ
1544 1715 1644 1749 γνῶναί
1652 1724 1677 1741 τι
1686 1716 1748 1747 τοὺς
1755 1725 1821 1751 προ-

1029 1760 1171 1793 κρίνοντας
1189 1760 1234 1786 τὸν
1252 1759 1382 1794 μέλλοντα
1398 1760 1617 1795 χειροτονηθῆναι
1635 1761 1738 1787 κωλὺον
1747 1761 1821 1797 αὐτῷ

1029 1805 1077 1840 τὴν
1086 1805 1261 1840 χειροτονίαν.
1273 1805 1406 1831 Διάτοῦτο
1419 1803 1465 1831 οὖν
1479 1807 1613 1832 συναινεῖν
1626 1807 1724 1838 αὐτοὺς
1732 1815 1821 1842 κεχει-

1032 1851 1212 1886 ροτονημένου
1228 1851 1309 1877 αὑτοῦ
1323 1849 1394 1882 εἷπε,
1410 1852 1456 1877 καὶ
1470 1851 1516 1878 τὸν
1531 1852 1679 1878 ἐπίσκοπον
1701 1853 1747 1879 καὶ
1761 1854 1822 1879 τότε

1031 1898 1199 1932 προσφωνεῖν
1210 1897 1249 1931 τῷ
1257 1896 1323 1932 λαῷ,
1334 1897 1477 1933 ἐρωτῶντα
1490 1899 1513 1923 εί
1526 1898 1743 1933 μαρτυρεῖαὺτὺν
1755 1899 1822 1934 πρὸς

1031 1941 1197 1976 χειροτονίαν
1212 1941 1297 1974 ἄξιον.
1315 1942 1454 1977 Λαθραίας
1471 1942 1498 1968 δὲ
1518 1943 1684 1977 χειροτονίας
1701 1944 1822 1977 γίνεσθαι

1031 1988 1191 2022 ἀποτρέπει.
1219 1988 1295 2014 Ἐπεὶ
1317 1989 1381 2023 γὰρ,
1399 1989 1490 2023 φησὶν,
1507 1990 1602 2024 εἰρήνη
1620 1989 1678 2015 ἐστὶ
1693 1990 1769 2025 παρὰ
1784 1992 1816 2026 τῇ

1038 2033 1196 2068 Ἐκκλησία.
1209 2034 1292 2068 ἠγουν
1304 2034 1365 2060 ἐπεὶ
1377 2034 1424 2060 νῦν
1438 2035 1467 2060 οὐ
1483 2034 1645 2069 μεμέρισται
1656 2036 1670 2061 ὁ
1681 2035 1744 2067 λαὸς
1757 2046 1824 2063 παυ-

1033 2079 1088 2110 θεὶς
1100 2079 1153 2105 τῶν
1163 2079 1304 2114 αἱρέσεων,
1317 2079 1385 2106 ἀλλὰ
1396 2080 1496 2110 πάντες
1512 2081 1560 2116 τῆς
1575 2081 1714 2117 όρθοδόξου
1728 2082 1824 2118 μοίρας

1035 2125 1099 2156 εἰσὶ,
1115 2125 1215 2156 πάντες
1232 2126 1295 2160 μιᾶς
1308 2125 1414 2151 ἔσονται
1428 2126 1549 2161 γνώμης.
1565 2127 1611 2152 καὶ
1625 2127 1665 2153 δεῖ
1690 2128 1825 2164 παρουσίᾳ

189 2173 350 2201 orthodoxa:
373 2173 475 2208 partis;
500 2180 596 2198 omnes
625 2171 707 2198 unius
727 2174 807 2197 erunt
828 2170 975 2198 sententim.

1034 2169 1088 2196 τῶν
1102 2170 1186 2204 ἁγίων
1201 2171 1258 2205 ἤτοι
1272 2170 1325 2196 τῶν
1341 2171 1445 2197 πιστῶν
1459 2172 1508 2203 τὰς
1520 2173 1687 2208 χειροτονίας
1701 2173 1823 2207 γίνεσθαι.

188 2225 219 2248 et
234 2224 339 2254 oportet
359 2219 385 2246 in
402 2218 546 2254 praesentia
563 2221 721 2244 sanctorum
739 2225 786 2244 seu
802 2216 921 2243 lidelium
936 2224 982 2243 or-

189 2266 349 2293 dinationes
365 2265 422 2291 lieri
446 2265 472 2291 in
492 2263 620 2290 ecclesia.
636 2263 756 2290 Sanctos
778 2266 869 2289 autem
890 2262 982 2289 ﬁdeles

194 2311 351 2346 appellavit,
364 2318 396 2337 ex
409 2315 504 2336 sancto
519 2309 569 2335 hoc
583 2308 668 2335 Paulo
683 2315 836 2335 assumens.
849 2307 894 2334 Ille
909 2308 982 2335 enim

193 2356 236 2384 sic
252 2355 345 2382 ﬁdeles
363 2355 390 2381 in
402 2355 460 2381 suis
477 2353 607 2388 Epistoiis
623 2353 750 2387 appellat.
767 2352 829 2379 llaec
847 2352 938 2387 itaque
951 2352 984 2378 de

194 2401 242 2432 iis.
256 2401 302 2436 qui
319 2401 345 2427 in
365 2399 480 2426 urbibus
503 2399 636 2431 habitant,
662 2399 768 2425 videtur
787 2398 886 2425 dicere.
903 2396 984 2424 Deiis

193 2451 299 2479 autent,
313 2446 357 2481 qni
371 2449 434 2473 sunt
450 2446 476 2472 in
492 2445 611 2479 regione,
625 2452 671 2471 seu
685 2444 711 2470 in
724 2444 802 2474 vicis,
818 2444 895 2474 dicit,
910 2443 984 2478 quod

197 2493 325 2528 quoniam
345 2492 424 2518 tnulti
439 2491 521 2517 etiam
543 2491 619 2517 inviti
642 2491 881 2516 communicabant
898 2489 985 2516 hmre-

195 2539 277 2570 ticis;
292 2545 385 2564 eorum
407 2540 497 2562 autem
515 2535 591 2562 tnnlti
609 2535 725 2561 ﬁdelium
746 2535 845 2561 animis
862 2542 985 2561 commu-

197 2583 327 2611 nicabant
345 2583 402 2609 sive
425 2581 622 2608 conveniebant
647 2584 673 2606 et
699 2580 919 2607 assentiebantur
933 2589 940 2605 :
956 2579 984 2606 Si

197 2629 260 2664 quis
270 2635 363 2655 eorum
377 2627 411 2654 sit
424 2625 592 2653 ordinandus
607 2626 633 2652 in
646 2626 761 2656 clerum,
776 2633 837 2652 ctnn
852 2633 904 2651 non
917 2625 984 2652 alias

196 2671 390 2703 ordinandum,
407 2678 487 2704 quam
505 2677 566 2696 cuin
591 2670 786 2704 approbatione
808 2669 982 2702 clericorum,

195 2725 268 2752 quos
284 2719 392 2743 constat
407 2723 468 2743 esse
486 2715 665 2747 ortliodoxos,
682 2719 815 2749 prazsente
830 2715 912 2742 etiam
928 2714 985 2749 epi-

197 2770 294 2796 scopo.
310 2766 336 2788 et
353 2762 507 2796 alloquente
525 2761 665 2795 populum,
685 2766 715 2787 ut
736 2760 863 2795 superius
880 2760 983 2787 dictum

194 2813 252 2838 est.
269 2807 331 2836 Haec
345 2811 435 2836 autem
451 2807 517 2835 dicit
531 2807 600 2840 ﬁeri,
613 2814 648 2834 ne
662 2807 813 2834 intercedat
825 2807 917 2843 aliqua
930 2807 984 2835 cir-

1035 2215 1079 2241 ὲπ⁸
1099 2215 1255 2250 ἐκκλησίας.
1275 2217 1381 2250 Ἀγίους
1397 2216 1425 2242 δὲ
1440 2217 1503 2248 τοὺς
1518 2218 1630 2248 πιστοὺς
1639 2217 1777 2249 ἐκάλεσεν,
1793 2219 1825 2244 ὲκ

1035 2261 1081 2287 τοῦ
1099 2261 1242 2287 θεσπεσίου
1266 2261 1373 2287 Παύλου
1393 2261 1471 2288 τοῦτο
1492 2262 1671 2297 παραλαϐών·
1686 2262 1757 2289 οὕτω
1771 2263 1826 2298 γὰρ

1035 2308 1161 2338 κάκεῖνος
1174 2308 1202 2333 ὲν
1214 2309 1274 2339 ταῖς
1291 2308 1459 2339 Ἐπιστολαῖς
1474 2309 1555 2335 αὑτοῦ
1568 2309 1631 2340 τοὺς
1646 2309 1758 2340 πιστοὺς
1769 2309 1826 2334 ὀνο-

1037 2354 1127 2389 μάζει.
1144 2355 1236 2380 Ταῦτα
1266 2355 1314 2390 μὲν
1338 2354 1384 2381 οὖν
1399 2356 1463 2391 περὶ
1488 2356 1541 2382 τῶν
1565 2357 1595 2382 ὲν
1611 2356 1720 2382 πόλεσιν
1742 2357 1826 2384 ὄντων

1036 2400 1107 2426 ἔοικε
1125 2400 1223 2434 λέγειν.
1240 2401 1306 2435 Περὶ
1320 2401 1347 2427 δὲ
1363 2401 1416 2426 τῶν
1436 2402 1464 2427 ἐν
1480 2403 1511 2436 τῇ
1534 2401 1634 2437 ὲνορίᾳ.
1655 2402 1712 2436 ἦτοι
1727 2402 1779 2428 τῶν
1797 2402 1828 2430 ἐν

1035 2446 1067 2480 τῇ
1084 2445 1170 2480 χώρᾳ,
1184 2447 1276 2480 φησὶν,
1293 2446 1333 2472 ὅτι
1347 2446 1407 2472 ἐπεὶ
1422 2446 1514 2472 πολλοὶ
1529 2447 1584 2478 τοῖς
1597 2447 1743 2482 αἱρετικοῖς
1756 2448 1828 2474 ὲκοι-

1036 2490 1137 2517 νώνουν
1153 2492 1200 2518 καὶ
1216 2492 1337 2523 ἄκοντες,
1353 2491 1406 2517 τῶν
1420 2491 1546 2518 τοιούτων
1561 2492 1588 2518 δὲ
1605 2492 1698 2519 πολλοὶ
1714 2493 1767 2519 τῶν
1781 2502 1827 2519 πι-
1843 2504 1845 2506 >

1037 2536 1107 2563 στῶν
1124 2536 1282 2563 ἐκοινώνουν
1294 2538 1352 2568 ταῖς
1367 2536 1500 2572 γνώμαις,
1514 2537 1599 2572 ἢγουν
1616 2538 1828 2572 συγκατέϐαινον

1037 2581 1083 2607 καὶ
1102 2581 1250 2616 συνῄνουν·
1267 2582 1298 2607 Εἰ
1322 2582 1472 2619 ἐπ’τούτιυν
1497 2582 1587 2616 μέλλει
1606 2591 1648 2614 τις
1670 2585 1829 2619 χειροτονεί-

1037 2625 1099 2652 σθαι
1114 2628 1152 2658 εἰς
1170 2627 1215 2653 τὸν
1233 2627 1342 2663 κλῆρον,
1361 2627 1399 2663 μὴ
1415 2627 1501 2659 ἄλλως
1518 2630 1738 2664 χειροτονεῖσθαι,
1751 2630 1774 2655 εί
1791 2628 1829 2665 μὴ

1039 2671 1108 2705 μετὰ
1118 2673 1280 2708 δοκιμασίας
1295 2672 1348 2699 τῶν
1363 2673 1585 2708 ὁμολογουμένως
1604 2674 1751 2710 ὀρθοὸόξων
1763 2674 1829 2710 κλη-

1039 2717 1132 2751 ρικῶν,
1147 2718 1278 2753 παρόντος
1291 2718 1338 2744 καὶ
1351 2717 1397 2744 τοῦ
1409 2718 1571 2748 ἐπισκόπου,
1585 2720 1632 2746 καὶ
1643 2719 1831 2754 προσφωνοῦν-

1037 2771 1082 2794 τος
1095 2762 1134 2798 τῷ
1150 2763 1217 2798 λαῷ,
1235 2764 1272 2795 ὡς
1287 2763 1389 2791 ἄνωθεν
1411 2764 1528 2799 εἴρηται.
1546 2764 1639 2791 Ταῦτα
1655 2765 1682 2791 δὲ
1697 2765 1769 2798 λέγει
1787 2764 1831 2800 γι-

1036 2809 1139 2842 νεσθαι,
1159 2809 1201 2836 ἵνα
1220 2809 1257 2845 μὴ
1279 2809 1360 2845 μέσον
1376 2809 1490 2846 γένηταί
1507 2818 1549 2842 τις
1567 2810 1729 2844 περιδρομὴ,
1746 2811 1830 2839 ’r'wouv
