1971 3068
193 134 229 165 43
685 125 872 156 TllEOPHILl
888 124 1044 153 EPISCOPI
1064 123 1301 152 ALEXANDRINI
1792 121 1827 151 64

194 196 262 222 usus
272 191 437 224 transferre;
450 189 550 225 quippe
561 188 635 224 quod
648 190 756 224 oportet
765 186 813 214 Dei
829 185 986 213 ministrum

1055 184 1172 219 άργυρον
1183 182 1224 209 δεῖ
1236 180 1306 209 εἶναι
1322 181 1367 208 τὸν
1381 180 1537 216 λειτουργὸν
1554 179 1601 207 τοῦ
1613 179 1692 211 Θεοῦ,
1705 179 1751 206 καὶ
1767 179 1828 208 οὐδὲ

195 247 256 268 esse
269 239 304 266 ab
315 237 430 266 avaritia
443 236 577 269 alienum;
592 238 619 262 et
635 241 686 262 nec
700 233 734 260 ad
749 239 829 260 usum
843 230 984 266 proprium

196 286 235 313 uti
251 285 333 312 rebus
346 283 520 318 episcopatus
540 281 670 316 episcopo
691 279 868 310 conceditur;
882 276 934 304 nisi
952 275 985 302 ad

196 339 227 358 ea
241 337 301 365 quae
317 331 381 356 sunt
404 328 517 354 omnino
537 324 706 357 necessaria,
728 326 755 351 et
783 326 849 349 tunc
877 322 986 348 demum

196 376 306 412 quando
327 374 353 402 ei
378 372 452 400 domi
468 372 568 399 desunt
590 370 752 402 facultates;
776 367 927 396 secundum
941 372 987 392 xu

195 430 258 450 can.
270 424 429 449 sanctorum
440 418 638 454 apostolorum.
649 416 746 449 Quaere
757 422 817 450 quae
828 414 856 441 in
871 421 904 440 eo
919 412 986 440 scri-

198 473 243 504 pta
258 471 332 500 sunt,
347 471 376 495 et
389 474 454 494 xxxv
470 473 532 493 can.
545 472 607 500 syn.
621 462 808 491 Antioclienze.

579 521 624 549 ON
642 520 676 548 X.

509 522 624 551 CANON
642 522 676 548 Χ.

238 571 331 599 Vidua:
348 576 374 598 et
394 577 520 606 pauperes
538 573 563 596 et
578 566 773 602 peregrinantes
789 562 902 596 hospites
918 560 990 588 omni

199 617 284 652 quiete
301 617 426 651 fruantur
437 637 445 650 ,
467 620 492 644 et
507 622 582 643 nemo
609 621 640 639 ea
655 619 714 647 qua:
728 613 790 637 sunt
806 608 943 640 Ecclesia,
961 610 990 632 ut

200 671 251 690 sua
264 668 387 698 usurpet.

1038 230 1078 261 εἰς
1089 229 1193 256 οἰκείαν
1208 229 1306 265 χρῆσιν
1320 229 1375 259 τοῖς
1389 227 1438 263 τῆς
1453 226 1606 261 ἐπισκοπῆς
1626 226 1767 260 πράγμασι
1783 234 1828 252 κε-

1038 275 1156 311 χρῆσθαι
1174 274 1213 310 τῷ
1227 274 1370 309 ὲπισκόπῳ
1396 271 1615 308 συγκεχώρηται,
1640 271 1663 297 ει
1682 271 1718 306 μὴ
1739 271 1779 301 εις
1795 269 1830 296 τὰ

1040 321 1110 348 πάνυ
1118 321 1263 355 ἀναγκαῖα.
1274 320 1322 346 καὶ
1338 319 1397 346 τότε
1410 319 1454 346 ὅτε
1469 318 1573 345 οἴκοθεν
1587 317 1636 344 οὐκ
1650 317 1760 351 εὐπορεί
1773 314 1830 342 τού-

1040 368 1116 393 τωνὸ
1127 364 1365 399 ὲπίσκοπος,ξκατὰ
1376 363 1421 390 τὸν
1431 366 1474 399 μα’
1490 363 1591 390 κανόνα
1600 361 1654 388 τῶν
1666 360 1750 395 ἁγίων
1761 359 1830 386 ἀπο-

1047 412 1158 439 στόλων.
1173 412 1254 447 Ζήτει
1272 410 1306 437 τὰ
1321 410 1350 437 ὲν
1361 409 1457 444 ἐκείνῳ
1470 407 1660 445 γεγραμμένα,
1674 407 1720 434 καὶ
1732 406 1777 432 τὸν
1791 405 1830 432 κδ’

1041 457 1141 485 κανόνα
1159 457 1208 492 τῆς
1220 457 1249 483 ὲν
1269 455 1419 490 Ἀντιοχείᾳ
1435 454 1555 481 συνόδου.

1356 512 1476 539 ΚΔΝΩΝ
1500 513 1530 538 1'.

1078 560 1171 595 Χῆραι
1187 559 1236 587 καὶ
1258 561 1285 586 ol
1300 559 1427 592 πένητες
1440 558 1488 583 καὶ
1508 558 1535 583 οι
1556 553 1832 590 παρεπιδημοῦντες

1043 606 1125 638 ξένοι
1137 605 1238 639 πάσης
1249 605 1446 636 ἀναπαύσεως
1458 601 1704 634 ἀπολαυέτωσαν,
1715 599 1762 627 καὶ
1772 596 1832 633 μή·

1044 661 1089 685 τις
1103 652 1138 679 τὰ
1153 653 1209 686 τῆς
1234 651 1414 685 Ἐκκλησίας
1429 648 1637 677 ἰδιοποιεισθω.

1001 721 1038 728 ..-

704 783 818 827 ΤΟΥ
843 779 1033 825 ΑΥΤΟΥ
1057 774 1334 821 ΑΦΗΓΗΣΙΣ

779 873 849 909 Περὶ
861 873 916 900 τῶν
934 869 1091 906 λεγομένων
1107 867 1256 903 Καθαρῶν.

480 990 659 1022 EIUSDEM
682 986 892 1020 NARRATIO
913 985 967 1016 DE
988 984 1039 1014 llS
1060 981 1128 1018 QUI
1151 980 1354 1011 DICUNTUR
1377 978 1569 1011 CATHARI.

244 1112 394 1142 Declaravit
411 1111 475 1138 mihi
487 1116 533 1138 tua
551 1111 654 1146 pietas,
678 1110 747 1145 quod
771 1108 879 1144 quidam
904 1108 997 1133 horum

1084 1101 1238 1136 Δεδήλωκέ
1248 1111 1299 1136 μοι
1311 1102 1330 1135 ἡ
1343 1101 1384 1135 σὴ
1396 1101 1593 1134 εὐλάϐεια,ὼς
1609 1101 1686 1133 τινὲς
1699 1100 1757 1126 τῶν
1769 1100 1837 1127 ὀνο-

207 1160 253 1195 qui
269 1167 296 1186 se
310 1158 440 1187 Calharos
459 1159 596 1184 nominant
609 1177 616 1188 ,
633 1156 721 1184 volunt
736 1156 769 1183 ad
784 1155 931 1182 Ecclesium
948 1161 994 1180 ac-

208 1202 307 1231 cedere.
330 1202 462 1235 Quoniam
485 1209 545 1236 ergo
560 1210 658 1236 magna
677 1200 806 1236 synodus.
823 1207 880 1233 quae
897 1197 997 1225 Nicwa

208 1249 299 1276 habita
314 1252 353 1276 est
367 1256 382 1274 ιι
398 1247 497 1275 sanctis
514 1246 642 1274 Patribus
660 1246 771 1277 nostris,
786 1245 892 1276 statuit,
907 1249 936 1271 ut
953 1252 997 1270 οι·-

207 1296 333 1323 dinentur
348 1294 393 1330 qui
408 1293 536 1320 accedunt
547 1313 554 1325 ,
569 1293 630 1320 velis
645 1293 725 1328 juxta
740 1292 807 1318 hanc
827 1291 940 1326 formam
953 1298 996 1317 eos

208 1342 254 1377 qui
265 1341 299 1368 ad
309 1340 455 1367 Ecclesium
473 1338 593 1366 accedere
605 1339 693 1366 volunt
704 1338 838 1369 ordinare,
854 1337 877 1363 si
893 1335 997 1371 quidem

209 1387 262 1414 vita
278 1394 368 1414 eorum
383 1390 455 1412 recta
469 1389 519 1418 est,
535 1389 560 1411 et
576 1383 642 1411 nihil
655 1384 692 1411 eis
708 1383 873 1410 adversatur.

245 1528 345 1556 BALS.
366 1528 404 1555 De
420 1526 579 1555 Novatianis
595 1526 781 1560 interrogatus
800 1528 843 1552 est
865 1523 911 1559 (hi
925 1523 999 1551 enim

212 1580 277 1604 sunt
291 1575 337 1611 qui
357 1575 436 1602 etiam
461 1573 572 1601 Cathari
594 1571 766 1606 dicuntur),
784 1574 811 1598 et
836 1576 1000 1605 responsum

211 1625 264 1655 est,
279 1620 352 1656 quod
363 1621 387 1648 si
402 1619 436 1646 ad
448 1618 494 1646 Dei
505 1618 655 1646 Ecclesium
668 1617 813 1648 accedunt,
829 1617 892 1651 quia
903 1622 1001 1651 magna

211 1672 239 1695 et
253 1668 340 1703 prima
352 1666 461 1694 Nicaena
477 1665 599 1701 synodus
616 1664 727 1696 statuit,
747 1668 776 1690 ut
789 1663 807 1690 ii
827 1663 1000 1693 ordinentur,

214 1714 258 1742 [ac
274 1719 302 1742 tu
318 1722 427 1749 quoque
444 1712 595 1741 secundum
612 1711 683 1738 hanc
698 1711 814 1738 formam
829 1709 887 1737 sive
903 1716 1002 1736 secun-

213 1760 277 1788 dum
295 1761 378 1789 istum
395 1767 527 1788 canonem
538 1779 545 1792 ,
572 1763 599 1786 et
613 1757 709 1785 ordina
724 1764 772 1784 eos
787 1756 833 1791 qui
849 1755 1001 1787 accedunt;

1044 1150 1197 1186 μαζόντων
1218 1148 1343 1182 ἑαυτοὺς
1359 1147 1514 1183 Καθαροὺς
1527 1167 1534 1179 ,
1563 1147 1742 1181 προσελθεῖν
1762 1145 1838 1180 ,βού-

1046 1199 1151 1224 λονται
1175 1195 1211 1229 τῇ
1230 1196 1401 1228 Ἐκκλησίᾳ.
1423 1194 1539 1228 Ἐπειδὴ
1566 1194 1670 1221 τοίνυν
1686 1194 1705 1226 ἡ
1720 1193 1838 1228 μεγάλη

1047 1240 1177 1272 σύνοδος
1193 1241 1211 1273 ἡ
1229 1238 1371 1274 γενομένη
1387 1239 1421 1265 ἐν
1440 1239 1546 1272 Νικαίςι
1560 1238 1640 1273 παρὰ
1663 1237 1722 1264 τῶν
1739 1246 1837 1272 μακα-

1044 1287 1118 1322 ρίων
1143 1285 1281 1320 Πατέρων
1306 1284 1391 1319 ἡμῶν
1403 1306 1410 1317 ,
1427 1284 1552 1319 ὥρισεν,
1569 1284 1647 1311 ὣστε
1664 1283 1839 1319 χειροτονεῖ-

1048 1334 1118 1359 σθαι
1135 1332 1204 1365 τοὺς
1228 1330 1488 1365 προσερχομένους
1501 1350 1508 1362 ,
1529 1330 1662 1364 θέλησον
1685 1330 1759 1356 κατὰ
1784 1329 1840 1356 τὸν

1049 1378 1145 1404 τύπον
1166 1377 1274 1404 τοῦτον
1293 1376 1364 1409 τοὺς
1382 1376 1542 1408 ἐθέλοντας
1557 1374 1777 1410 προσέρχεσθαι
1801 1373 1839 1408 τῇ

1056 1424 1217 1457 Ἐκκλησίᾳ
1229 1423 1410 1458 χειροτονεῖν
1420 1443 1427 1453 ,
1442 1422 1502 1457 εἴγε
1523 1423 1539 1448 ό
1550 1422 1621 1455 ,βίος
1637 1421 1736 1448 αὐτῶν
1752 1422 1840 1455 ὀρθός

1049 1470 1115 1496 ἐστι
1133 1469 1182 1496 καὶ
1198 1469 1296 1503 μηδὲν
1311 1470 1426 1501 τούτοις
1439 1468 1610 1495 ἀντίκειται.

1086 1526 1185 1553 ΒΑΛΣ.
1202 1526 1270 1562 Περὶ
1286 1524 1462 1552 Ναυατιανῶν
1475 1523 1603 1559 ἠρωτήθη
1621 1522 1718 1558 (τοῦτοι
1733 1523 1786 1558 γάρ
1802 1524 1841 1549 ει-

1052 1582 1093 1599 σιν
1117 1573 1142 1599 οἱ
1169 1573 1309 1608 λεγόμενοι
1325 1570 1481 1608 Καθαροὶ),
1500 1571 1546 1597 καὶ
1569 1569 1723 1605 ἀπεκρίθη.
1751 1569 1794 1595 ὃτι
1816 1568 1842 1594 εἰ

1052 1619 1248 1654 προσέρχονται
1264 1620 1296 1654 τῇ
1320 1618 1484 1654 Ἐκκλησία,
1500 1617 1561 1643 ἐπεὶ
1578 1617 1594 1652 ἡ
1612 1615 1716 1651 μεγάλη
1734 1615 1841 1646 σύνοδος

1051 1666 1068 1700 ὴ
1086 1666 1114 1691 ὲν
1127 1665 1229 1700 Νικαίᾳ
1241 1685 1248 1697 ,
1269 1665 1351 1700 ἤγουν
1365 1665 1382 1700 ἡ
1404 1663 1495 1700 πρώτη
1508 1684 1515 1695 ,
1534 1663 1616 1698 ὥρισε
1633 1661 1842 1697 χειροτονεῖσθαι

1052 1711 1167 1742 αὐτοὺς,
1184 1711 1255 1737 ποίει
1275 1711 1320 1737 καὶ¹
1336 1711 1367 1737 σὺ
1383 1710 1455 1737 κατὰ
1466 1710 1510 1737 τὺν
1524 1711 1626 1742 τύπον,
1642 1709 1701 1744 ἢτοι
1713 1707 1783 1734 κατὰ
1796 1706 1843 1733 τὸν

1053 1757 1153 1784 κανόνα
1166 1756 1260 1783 τοῦτον
1271 1777 1278 1790 ,
1295 1757 1343 1784 καὶ
1358 1755 1506 1792 χειροτόνει
1519 1756 1582 1787 τοὺς
1597 1753 1841 1790 προσερχομένους,

213 1807 266 1834 nisi
281 1806 391 1842 aliquod
406 1805 630 1841 impedimentum
645 1811 678 1832 ex
693 1803 748 1830 vita
763 1809 858 1830 eorum
874 1800 1001 1828 adverse-

1055 1803 1076 1828 εἰ
1091 1803 1127 1837 μή
1145 1811 1170 1828 τι
1185 1801 1300 1838 κώλυμα
1315 1802 1368 1829 ἀπὸ
1391 1801 1438 1828 τοῦ
1465 1801 1521 1836 βίου
1545 1800 1635 1827 αὐτῶν
1649 1800 1741 1831 αὐτοῖς
1765 1798 1841 1824 ἐναν-

214 1857 268 1880 tur.
282 1852 321 1880 De
334 1851 491 1880 Novatianis
507 1856 597 1879 autem
612 1857 700 1877 canon
723 1852 765 1876 est
780 1851 894 1875 octavus
909 1846 1002 1881 prima:

215 1898 321 1934 synodi.

1054 1847 1169 1875 τιοῦται.
1190 1849 1218 1874 Ὁ
1238 1848 1266 1875 δὲ
1283 1849 1346 1884 περὶ
1369 1847 1424 1874 τῶν
1443 1846 1621 1874 Ναυατιανῶν
1640 1845 1728 1873 κανὼν
1752 1842 1842 1878 δγδοός

1056 1894 1114 1920 ἐστι
1128 1894 1177 1929 τῆς
1193 1895 1304 1930 πρώτης
1318 1894 1436 1920 συνόδου.

553 2011 667 2054 ΤΟΥ
695 2009 883 2053 ΑΥΤΟΥ
915 2008 1166 2052 ΑΓΑΘΩΝΙ
1193 2007 1505 2069 ΕΠΙΣΚΟΠῼ.

948 2145 1007 2174 EJU
1013 2145 1105 2173 SDEM

699 2232 1010 2280 AGA’I‘HONI

255 2363 389 2392 luimus
406 2362 519 2390 asseruit
529 2369 556 2389 se
568 2360 693 2388 Ecclesia:
709 2360 775 2396 leges
790 2360 954 2396 ignorantem
975 2361 1008 2388 ει-
1024 2365 1046 2393 ι)

221 2410 293 2438 licito
309 2408 477 2436 matrimonio
492 2406 662 2440 conjunctum
682 2412 756 2436 esse,
771 2410 795 2432 et
811 2404 873 2440 quia
890 2400 937 2431 hoc
949 2413 1007 2432 eum

221 2456 291 2482 male
304 2455 380 2482 habet
394 2452 462 2489 quod
477 2460 528 2479 non
550 2456 617 2478 recte
632 2455 658 2477 et
677 2458 709 2478 ea:
729 2449 822 2477 ordine
839 2454 918 2485 agat,
938 2450 1008 2484 afﬁr-

223 2502 314 2534 mavit,
330 2501 374 2536 qui
389 2503 480 2527 contra
496 2498 563 2533 leges
580 2497 641 2532 fecit
659 2505 704 2531 per
716 2495 894 2532 ignorantiam
907 2514 914 2527 ,
932 2503 960 2522 se
976 2495 1007 2522 ab

222 2549 320 2575 illicita
340 2547 399 2574 υῑιω
415 2546 539 2573 societate
553 2553 585 2571 επ
601 2551 729 2571 consetisu
748 2542 929 2570 ubstenlurum
941 2561 949 2574 ,
961 2541 1015 2580 illq.

223 2596 303 2623 etiam
317 2594 364 2621 hoc
380 2592 488 2620 volente.
509 2591 539 2619 Si
555 2599 615 2626 ergo
631 2589 782 2624 probaveris
795 2608 802 2621 ,
817 2588 887 2622 quod
911 2588 959 2615 ltoc
978 2596 1011 2615 ex

225 2649 350 2669 consensu
365 2640 476 2675 faciant,
488 2643 512 2666 et
528 2646 578 2664 non
589 2637 686 2671 fallant
700 2655 706 2668 ,
722 2636 785 2671 quia
798 2640 836 2661 est
853 2639 951 2668 tempus
965 2634 1011 2661 de-

225 2687 331 2715 cennale
343 2687 382 2718 ,‘si
396 2685 541 2712 consideres
551 2692 594 2710 eos
605 2683 697 2710 debere
713 2682 812 2708 versari
823 2689 881 2707 cum
895 2680 1012 2707 catechu-

227 2733 308 2760 menis
322 2754 329 2763 ,
346 2740 412 2759 nunc
425 2739 466 2758 cus
481 2731 519 2757 sic
534 2729 667 2762 dispenso.
687 2726 735 2754 Sin
752 2731 839 2753 autem
860 2725 930 2753 vides
942 2724 1011 2759 quod

227 2780 343 2812 decipere
357 2777 434 2808 velit,
461 2781 485 2803 et
510 2775 653 2802 acerbitate
668 2773 755 2800 adhuc
779 2772 806 2798 in
821 2780 851 2798 co
872 2779 936 2805 opus
954 2772 988 2797 sit
1003 2779 1012 2802 ,-

228 2825 271 2860 fac
283 2824 310 2852 id
324 2823 391 2859 quod
404 2822 473 2850 Deus
489 2821 536 2849 tibi
550 2819 727 2856 suggesserit;
744 2818 770 2845 id
787 2825 889 2851 semper
903 2824 1011 2844 seauens

1054 2232 1365 2279 EPISCOPO.

1098 2358 1226 2394 Ἀγνοῶν
1238 2357 1308 2391 τοὺς
1324 2357 1565 2392 τῆςῈκκλησΙας
1579 2357 1689 2392 νόμους
1700 2357 1846 2393 Μάξιμος,

1061 2405 1268 2439 διῖσχυρίσιιτο
1287 2404 1464 2438 παρανόμως
1487 2403 1647 2438 συμϐιώσει
1669 2403 1822 2438 συνῆφθαι
1836 2413 1843 2420 ·

1058 2452 1108 2478 καὶ
1124 2450 1228 2485 ἐπειδὴ
1245 2450 1363 2485 θορυϐεῖ
1384 2450 1477 2477 αὐτὸν
1499 2451 1533 2476 τὸ
1552 2450 1743 2477 ἀσύντακτον
1759 2449 1845 2484 εἶναι,

1059 2496 1292 2529 διεϐεϐαιώσατο,
1303 2495 1406 2530 ἐπειδὴ
1418 2497 1523 2531 ἀγνοίᾳ
1533 2495 1566 2522 τὸ
1580 2495 1753 2531 παράνομον
1762 2497 1847 2531 ἐδρα-

1060 2551 1135 2576 σεν,
1160 2544 1194 2571 ἐκ
1218 2542 1381 2577 συμφώνου
1406 2542 1570 2577 ἀπέχεσθαι
1593 2542 1648 2576 τῆς
1674 2544 1847 2577 παρανόμου

1060 2589 1251 2624 συμϐιώσεως
1264 2608 1271 2620 ,
1288 2588 1429 2621 κάκείνης
1440 2587 1605 2622 ἀγαπώσης
1619 2587 1716 2614 τοῦτο.
1734 2587 1802 2614 Ἐὰν
1814 2587 1847 2613 δὲ

1061 2635 1166 2662 τοίνυν
1177 2634 1342 2668 ὃοκιμάσῃς
1352 2654 1359 2665 ,
1375 2634 1419 2660 ὅτι
1432 2634 1519 2660 τοῦτο
1531 2634 1673 2660 ποιοῦσιν
1683 2634 1717 2660 ἐκ
1730 2633 1846 2667 συμφώ-

1061 2688 1116 2706 νου
1132 2679 1180 2705 καὶ
1193 2680 1236 2713 μὴ
1256 2679 1427 2713 ἀπατῶσιν,
1444 2679 1547 2713 ἐπειδὴ
1566 2679 1708 2712 ὃεκαετής
1722 2679 1806 2705 ἐστιν
1830 2679 1847 2706 ό

1061 2725 1171 2760 χρόνος
1183 2745 1190 2757 ,
1204 2726 1228 2751 el
1241 2724 1365 2758 σκοπεῖς
1377 2726 1453 2760 μετὰ
1472 2725 1530 2752 τῶν
1547 2724 1776 2759 κιιτηχουμένων
1792 2725 1846 2750 αὺ-

1062 2770 1132 2803 τοὺς
1148 2770 1334 2805 συνάγεσθαι
1346 2790 1354 2801 ,
1374 2771 1447 2804 τέως
1473 2771 1549 2798 οὕτω
1574 2770 1736 2803 διοίκησον.
1756 2771 1790 2796 El
1813 2769 1847 2796 δὲ

1062 2815 1210 2850 συνορᾷς,
1236 2817 1282 2844 ὅτι
1303 2816 1455 2851 ἀπατῆσαι
1468 2817 1625 2851 βούλεται,
1642 2815 1691 2843 καὶ
1705 2813 1797 2842 δεῖται
1811 2815 1847 2843 τὰ
