1971 3068
159 129 194 156 ἓξ)
878 134 942 162 (ΖΑΗ

995 134 1048 163 ES.
1749 143 1785 173 ιδ

157 184 223 212 κατ’
235 186 348 220 αὐτοὺς
364 188 554 224 ἐπιστύς-εως
565 211 572 223 ,
593 190 666 225 ὅπερ
685 193 701 218 ό
720 194 793 227 Θεὸς
809 195 942 229 ὑποϐάλῃ

999 193 1069 229 quod
1088 194 1115 221 in
1129 203 1179 222 usu
1192 201 1231 223 est
1251 197 1351 232 vimque
1366 197 1472 226 obtinet.
1495 199 1566 226 Nam
1586 209 1642 227 cum
1658 201 1691 228 iis
1706 203 1742 229 ιίι
1756 203 1784 230 in

157 240 208 260 σοι
220 255 227 266 ,
250 235 340 263 τοῦτο
361 238 491 271 ποίησον
503 259 510 271 ,
527 242 683 277 πανταχοῦ
699 243 773 276 πρὸς
788 242 821 269 τὸ
839 242 949 276 ἐπέχον

158 279 371 316 όδηγούμενος.
393 284 458 311 Ἐπὶ
478 286 532 319 γὰρ
546 286 605 313 τῶν
619 289 718 314 τόπων
729 287 884 323 τυγχάνων
895 288 947 320 τὰς

157 324 277 359 γνώμας
292 327 393 354 αὐτῶν
400 329 522 363 μᾶλλον
533 331 643 358 εἰδέναι
660 332 798 360 δύνασαι.

192 370 289 398 ΒΔΛΣ.
313 373 439 410 Μάξιμός
466 384 525 408 τις,
542 377 580 409 ὼς
603 379 754 414 παρανόμῳ
778 380 859 415 γάμῳ
886 389 948 406 συν-

158 417 255 451 αφθεὶς
266 420 383 452 γυναικὶ,
397 421 539 458 ἀφωρίσθη
554 425 599 450 καὶ
611 425 660 460 τῆς
673 426 808 458 συνάξεως
818 427 867 462 τῆς
879 427 948 462 μετά

155 463 211 510 ¹τῶν
238 465 343 492 πιστῶν
367 466 484 503 εἴργετο.
506 470 536 496 '0
552 470 581 497 δὲ
605 470 697 506 ἔλεγεν
711 492 717 504 ,
739 472 780 498 ὅτι
804 473 832 499 ἐν
851 473 947 510 ἀγνοίᾳ

157 509 268 545 ἐποίησε
281 511 312 538 τὸ
331 514 500 550 παράνομον,
515 517 562 543 καὶ
578 516 688 553 ἕτοιμός
709 519 783 544 ἐστιν
796 520 946 554 ἀποστῆναι

155 555 203 581 τοῦ
218 557 318 591 γάμου,
337 558 416 585 τοῦτο
430 561 477 587 καὶ
491 561 541 595 τῆς
555 563 683 595 γυναικὸς
699 563 878 598 βουλομένης·
899 564 947 591 καὶ

155 600 248 636 ἐζήτει
276 603 459 640 ἀφιστάμενος
474 606 612 642 δεχθῆναι.
629 608 701 643 Πρὸς
719 608 804 636 ταῦτα
830 607 876 636 οὖν
893 609 946 645 ἔφη

155 647 170 673 ὁ
183 647 314 683 Θεόφιλος
324 671 331 681 ,
342 650 379 682 ὡς
398 650 431 678 ἂν
446 652 576 685 ἐξετάσας
587 654 728 690 εὑρήσεις,
737 656 777 682 ὅτι
791 656 822 682 ἐκ
836 657 946 690 συμφώ-

155 701 212 727 νου,
227 695 288 722 ἀντὶ
301 696 349 722 τοῦ
367 697 399 724 ἐκ
416 699 508 734 κοινῆς
522 699 621 734 βουλῆς
633 721 639 732 ,
655 701 815 735 ἀφίστανται
829 701 874 728 τοῦ
896 702 946 735 γά-

157 746 209 773 μου
224 760 231 771 ,
252 741 300 767 καὶ
323 742 373 768 οὐκ
400 743 544 776 ἀπατῶσι,
569 745 711 772 δεκαετίαν
737 747 946 781 συνοικήσαντες

156 784 282 820 ἀλλήλοις
293 808 301 820 ,
316 788 446 825 δυσχερὲς
461 790 526 822 ἴσως
544 791 577 818 ἂν
591 792 726 826 λογίζοιτο
742 793 832 824 αὐτοῖς
853 794 869 827 ἡ
886 793 944 819 διά-

154 828 263 865 ζευξις,
278 833 325 860 καὶ
340 835 444 870 μήποτε
461 836 613 864 ἀπατῶσιν,
626 837 657 864 Et
674 839 785 869 σκοπεῖς
795 859 801 870 ,
822 838 881 865 ἀντὶ
896 838 944 864 τοῦ

1000 240 1076 274 locis,
1094 250 1184 268 eorum
1200 248 1297 271 mentes
1313 244 1406 272 melius
1421 254 1498 272 nosse
1510 252 1593 280 potes.

1034 372 1131 399 BALS.
1145 373 1277 401 Maximus
1294 375 1403 409 quidam
1417 395 1425 407 ,
1442 380 1472 403 ut
1499 377 1594 404 illicito
1610 378 1785 406 matrimonio

998 418 1105 445 mulieri
1122 419 1286 453 conjunctus
1301 420 1458 455 segregatus
1475 421 1574 454 fuerat,
1595 427 1622 450 et
1637 430 1652 449 a
1667 430 1784 459 congre-

997 464 1107 498 gatione
1120 472 1180 491 cum
1198 465 1324 493 ﬁdelibus
1337 467 1541 501 prohibebatur.
1558 467 1583 496 Is
1598 476 1663 496 vero
1678 469 1785 497 dicebat

998 517 1027 536 se
1040 517 1088 544 per
1105 510 1286 546 ignorantiam
1301 512 1399 540 fecisse
1412 518 1508 540 contra
1521 514 1605 549 leges,
1617 519 1645 542 et
1658 522 1783 551 paratum

997 563 1058 583 esse
1075 556 1108 582 ab
1134 557 1185 584 hoc
1208 559 1383 586 matrimonio
1399 559 1526 587 recedere
1540 581 1548 592 ,
1573 561 1686 589 muliere
1701 563 1783 589 etiam

997 603 1104 631 volente
1118 613 1125 636 ;
1140 608 1167 631 et
1184 606 1311 640 petebat,
1325 611 1355 634 ut
1368 607 1402 633 ab
1417 614 1448 634 ea
1463 607 1613 636 abscedens
1628 609 1785 636 admittere—

999 653 1054 676 tur.
1071 649 1112 676 Ad
1130 650 1186 678 [nec
1199 658 1263 686 ergo
1277 651 1344 679 dicit
1358 651 1537 688 Theophilus,
1553 653 1626 688 quod
1644 654 1667 681 si
1692 655 1781 690 inqui-

997 702 1060 722 rens
1074 694 1210 723 inveneris
1226 704 1273 724 eos
1285 705 1316 724 ex
1332 705 1469 725 consensu
1479 719 1486 731 ,
1503 699 1555 725 hoc
1570 704 1628 731 est,
1645 700 1784 728 communi

996 741 1129 773 consilio,
1152 750 1166 768 a
1183 743 1356 771 matrimonio
1385 745 1535 777 absistere,
1562 750 1588 773 et
1605 753 1660 773 non
1678 746 1782 777 fallere,

996 795 1058 814 cum
1073 788 1166 816 decem
1184 790 1264 817 annis
1280 790 1362 817 simul
1386 791 1583 824 cohabitarint,
1599 791 1716 819 diﬁicilis
1730 793 1783 819 for-

996 841 1045 860 san
1063 833 1097 861 iis
1121 834 1270 862 existimari
1288 841 1380 870 posset
1403 844 1417 863 a
1436 845 1465 864 se
1489 837 1604 865 invicem
1620 837 1781 872 disiunctio.

153 879 178 904 εἰ
195 879 298 913 κρίνεις
322 881 391 915 μετὰ
403 882 459 908 τῶν
473 883 685 918 κατηχουμένων
705 885 804 915 αὐτοὺς
819 884 942 911 ἵστασθαι

995 884 1021 906 et
1034 887 1069 906 ne
1084 878 1189 907 fallant.
1204 879 1232 907 Si
1250 882 1415 913 consideras,
1433 882 1485 909 hoc
1500 887 1552 915 est,
1570 883 1592 910 si
1611 884 1719 918 judicas
1734 892 1782 912 eos

153 923 238 955 τέως,
259 925 343 960 ἤγουν
359 927 426 962 πρὸς
443 928 473 954 τὺ
487 928 584 964 παρὸν,
596 928 682 961 οὕτως
701 929 782 956 αὐτὸν
799 929 942 964 οἰκονόμη-

154 977 209 995 σον.
234 970 265 996 Εἰ
280 970 307 996 δὲ
322 974 407 1004 νοεῖς,
425 974 507 1009 φησὶν
519 994 526 1006 ,
542 975 583 1001 ὅτι
607 975 679 1002 κατὰ
704 976 812 1010 ἀπάτην
834 975 942 1009 λέγουσι

152 1014 250 1047 ταῦτα,
268 1018 314 1043 καὶ
327 1018 368 1044 ὅτι
386 1018 426 1045 ἔτι
451 1020 555 1047 δέονται
576 1021 698 1056 στύψεως
710 1041 718 1053 ,
739 1021 798 1057 ἦτοι
810 1022 943 1056 αὐστηρο-

153 1061 238 1097 τέρων
264 1063 425 1099 ἐπιτιμίων,
441 1067 554 1102 ποίησον
569 1068 638 1103 ὅπερ
654 1067 687 1094 ἂν
708 1068 723 1093 ὁ
740 1067 806 1099 Θεὸς
820 1067 942 1103 ὑποῦἀλῃ

152 1115 204 1140 σοι,
221 1108 283 1135 ἀντὶ
295 1109 343 1135 τοῦ
359 1110 478 1148 ὲνηχήσῃ
492 1112 530 1147 τῷ
546 1113 667 1148 λογισμῷ
685 1122 732 1139 σου
745 1134 752 1145 ,
768 1114 836 1149 ὅπερ
851 1114 865 1140 ὁ
877 1113 943 1145 Θεὸς

151 1153 299 1190 ὲνθυμήσει
313 1163 354 1188 σε,
367 1157 504 1193 πανταχοῦ
519 1158 586 1194 πρὸς
595 1158 624 1185 τὸ
640 1159 737 1193 ἐπέχον
750 1158 942 1194 ὁδηγούμενος,

150 1199 210 1234 ἦτοι
225 1200 294 1236 πρὸς
307 1201 339 1228 τὺ
351 1203 517 1238 ἐπικρατοῦν
532 1204 548 1239 ἢ
565 1205 596 1231 τὸ
609 1206 783 1239 κατεπείγον.

996 929 1070 952 stare
1086 925 1186 953 debere
1202 933 1265 954 cum
1281 927 1484 955 catechumenis
1495 948 1502 960 ,
1520 937 1593 956 nunc
1604 950 1610 961 ,
1637 930 1662 956 id
1689 934 1730 957 est
1753 930 1781 957 in

995 972 1157 1006 praesentia,
1174 973 1215 1000 sic
1232 980 1279 1000 eos
1304 973 1442 1009 dispenso.
1458 975 1535 1008 Quod
1553 977 1575 1003 si
1604 977 1780 1010 intellexeris,

997 1017 1096 1050 inquit,
1110 1017 1183 1052 quod
1197 1026 1245 1053 per
1257 1019 1380 1047 fraudem
1398 1020 1455 1048 hac
1467 1021 1561 1048 dicunt
1576 1041 1582 1053 ,
1597 1028 1623 1049 et
1639 1023 1713 1057 quod
1734 1024 1782 1050 ad-

996 1061 1049 1089 huc
1063 1063 1212 1090 acerbitate
1222 1064 1355 1099 indigent,
1367 1074 1415 1093 seu
1428 1067 1613 1096 acerbioribus
1625 1070 1723 1104 pmnis,
1738 1069 1781 1096 fac

993 1107 1067 1142 quod
1082 1108 1153 1136 Deus
1168 1110 1217 1145 tibi
1234 1112 1402 1146 suggesserit
1412 1133 1419 1145 ,
1435 1112 1487 1140 hoc
1499 1118 1556 1146 est,
1571 1118 1624 1142 tum
1638 1116 1721 1142 menti
1738 1116 1782 1143 in-

993 1153 1156 1188 spiraverit,
1175 1156 1248 1191 quod
1264 1157 1290 1184 in
1305 1158 1425 1185 animum
1442 1159 1586 1187 immiserit
1605 1160 1675 1188 Deus
1686 1182 1692 1192 ,
1711 1169 1782 1189 sem-

993 1207 1042 1235 per
1056 1201 1082 1228 id
1095 1202 1168 1236 quod
1177 1207 1220 1230 est
1234 1204 1262 1230 in
1274 1211 1325 1231 usu
1334 1209 1361 1232 et
1370 1205 1442 1240 quod
1454 1206 1527 1234 vires
1536 1206 1641 1234 obtinet
1651 1215 1779 1243 sequens,

993 1245 1020 1274 id
1037 1251 1090 1279 est,
1106 1249 1179 1284 quod
1199 1250 1286 1285 magis
1301 1255 1343 1278 est
1357 1255 1444 1279 ratum
1460 1259 1492 1280 ac
1508 1253 1638 1280 validum.

543 1342 656 1385 ΤΟΥ
688 1342 873 1386 ΑΥΤΟΥ
903 1307 1064 1401 ΜΞΙΝᾼ
1091 1340 1398 1402 ΕΠΙΣΚΟΠῼ.

887 1444 921 1472 Ιὶ]
926 1444 945 1473 U
950 1445 1014 1473 SDE
1018 1445 1041 1472 M

703 1509 886 1553 M-ENIE
923 1510 1234 1555 EPISCOPO.

188 1622 319 1656 Νόμιμον
339 1620 460 1656 πρᾶγμα
481 1621 682 1654 πεποιήκασιν
698 1624 724 1649 οι
745 1624 940 1658 πρεσθύτεροι

1029 1622 1091 1649 Rem
1108 1622 1208 1655 justam
1231 1622 1345 1656 fecerant
1367 1621 1510 1656 presbyteri
1529 1623 1556 1648 in
1573 1621 1681 1648 Gemino
1699 1630 1778 1656 pago,

149 1668 186 1695 ἐν
198 1669 314 1702 Γεμίνῳ
327 1667 365 1702 τῇ
380 1667 477 1702 κώμῃ.
494 1669 520 1694 ει
533 1669 673 1702 ἀληθεύει
688 1669 707 1702 ἡ
727 1669 892 1702 κομίζουσα
907 1669 939 1696 τὸ

151 1713 270 1748 γράμμα
293 1713 478 1746 Εὑσταθοῦς.
497 1713 608 1740 Φάσκει
633 1714 704 1748 γὰρ,
730 1714 774 1740 ὅτι
793 1714 941 1748 Κυράδιον

150 1758 319 1786 ἀδικοῦσαν
334 1759 383 1785 καὶ
406 1758 448 1792 μὴ
471 1758 666 1792 ,βουλομένην
687 1759 862 1786 ἀναστεῖλαι
884 1760 941 1794 τὴν

151 1805 283 1837 ἀδικίαν,
297 1805 446 1839 ἐχώρισαν
460 1805 515 1839 τῆς
525 1805 690 1838 συνάξεως.
707 1806 822 1840 Ἐπειδὴ
836 1807 940 1833 τοίνυν

150 1848 259 1884 εὖρον,
281 1851 321 1884 ὡς
335 1850 367 1877 τὸ
382 1849 492 1884 ἑαυτῆς
503 1850 598 1878 κακὸν
613 1852 819 1886 θεραπεύουσα
828 1853 937 1884 ,βούλει

152 1904 201 1924 ται
220 1897 426 1931 συναχθῆναι,
441 1897 572 1931 θέλησον
594 1898 822 1932 παρασκευάσαι
844 1899 940 1933 αὐτὴν

150 1942 318 1970 ἀποθέσθαι
347 1942 465 1977 πρῶτον
478 1943 535 1977 τὴν
551 1943 680 1977 ἀδικίαν,
700 1945 748 1971 καὶ
766 1945 868 1972 πεῖσαι
888 1953 941 1979 με-

152 1988 301 2023 τανοῆσαι
314 2009 321 2020 ,
335 1990 374 2015 Zr‘
387 1990 481 2022 οὕτως
491 2010 498 2021 ,
513 1991 539 2016 ei
552 1990 682 2024 συνίδῃς
705 1990 749 2017 ὅτι
773 1991 852 2025 νόμῳ
866 1991 939 2018 Θεοῦ

152 2035 350 2070 προσέρχεται
363 2035 419 2070 τῆς
429 2035 584 2069 συνάξεως
597 2036 767 2071 ὀρεγομένη,
777 2037 940 2072 ὲπιτρέψῃς

151 2082 251 2115 αὐτὴν
261 2081 336 2116 μετὰ
348 2081 406 2108 τῶν
420 2081 502 2109 λαῶν
514 2081 709 2115 συνάγεσθαι.

188 2127 288 2155 ΒΑΛΣ.
300 2128 420 2154 Γυναίκά
432 2137 493 2155 τινα
505 2127 639 2163 Κυράδιον
653 2127 802 2163 λεγομένην
818 2129 865 2155 καὶ
881 2128 940 2154 ἀδι-

153 2174 256 2200 κοῦσαν
270 2175 294 2201 οἱ
309 2175 338 2200 ἐν
348 2175 454 2210 Γεμίνῳ
470 2175 647 2210 πρεσϐύτεροι
660 2174 802 2210 ἀφώρισαν
816 2176 865 2210 τῆς
877 2176 940 2201 Ἐκ-

153 2220 284 2255 κλησίας,
303 2220 340 2255 μὴ
355 2220 527 2255 ἀπεχομένην
543 2220 592 2255 τῆς
603 2220 718 2251 ἀδικίας.
735 2221 767 2246 Ἠ
786 2220 825 2252 δὲ,
839 2219 882 2247 διὰ
894 2220 940 2247 τὸν

154 2266 314 2301 ἁφορισμδν,
332 2267 487 2301 ὑπισχνεῖτο
502 2266 669 2301 θεραπεῦσαι
682 2266 730 2301 τὴν
748 2266 855 2293 ἀδικίαν
869 2287 876 2298 ,
894 2267 940 2293 καὶ

153 2311 234 2347 ἡθελε
250 2312 387 2347 δεχθῆναι.
399 2312 500 2349 Γράφει
511 2310 558 2339 οὖν
575 2313 589 2339 ὁ
605 2312 732 2345 Θεόφιλος
743 2313 811 2348 πρὸς
825 2313 869 2339 τὸν
888 2313 939 2347 τῆς

154 2358 246 2393 χώρας
262 2359 410 2385 ἐπίσκοπον
422 2378 429 2390 ,
445 2359 485 2385 ὅτι
501 2358 714 2392 Παρασκεύασον
741 2359 824 2394 αὐτὴν
842 2359 940 2386 ἀποθέ-

155 2403 218 2429 σθαι
233 2403 339 2439 πρῶτον
353 2403 402 2437 τὴν
419 2402 534 2435 ἀδικίαν,
549 2403 631 2438 ἤγουν
646 2402 790 2430 ἀποδοῦναι
808 2403 826 2430 ἃ
841 2403 939 2436 ἀδίκως

153 2450 298 2485 ἐκτήσατο,
309 2450 355 2476 καὶ
371 2451 550 2484 μετανοῆσαι,
566 2450 627 2476 ἀντὶ
642 2449 689 2477 τοῦ
710 2451 756 2477 ἐπὶ
770 2451 802 2486 τῇ
817 2450 940 2485 ἁμαρτίᾳ

153 2496 202 2531 τῆς
225 2495 332 2527 ἀδικίας
351 2495 583 2530 μεταμεληθῆναι,
596 2496 644 2522 καὶ
659 2495 786 2531 δεηθῆναι
810 2496 857 2523 τοῦ
872 2495 938 2522 Θεοῦ

152 2541 286 2575 ἀφεθῆναι
301 2541 369 2576 αὐτῇ
384 2541 415 2567 τὸ
432 2541 592 2576 ἁμάρτημα.
608 2541 662 2567 Καὶ
684 2541 768 2568 ταῦτα
787 2541 939 2577 ποιησάσης

153 2585 257 2620 αὐτῆς,
274 2586 298 2612 ει
318 2585 443 2621 συνίδῃς,
467 2586 606 2617 τουτέστι,
628 2586 700 2621 γνῷς
717 2587 758 2613 ὃτι
779 2586 854 2622 νόμῳ
873 2586 941 2613 Θεοῦ

153 2631 350 2666 προσέρχεται,
371 2631 454 2666 ἤγουν
471 2631 623 2667 συνειδήσει
635 2631 723 2668 ἀγαθῇ
739 2632 775 2667 μὴ
791 2632 940 2667 ἀνεχομένῃ

152 2676 320 2711 κεχωρίσθαι
336 2676 386 2711 τῆς
399 2675 455 2703 τῶν
477 2675 579 2703 πιστῶν
596 2676 747 2709 συνάξεως,
759 2677 802 2703 διὰ
817 2677 862 2704 τὸν
875 2677 940 2703 Θεὸν

153 2722 202 2748 καὶ
217 2721 253 2757 μὴ
269 2722 302 2749 δι’
320 2721 453 2758 αἰσχύνην
464 2721 626 2757 ἀνθρώπων,
643 2723 703 2749 τότε
714 2722 858 2758 ἐπίτρεψον
871 2722 940 2758 αὐτῇ

153 2767 202 2802 τὴν
217 2767 287 2803 μετὰ
301 2767 356 2795 τῶν
371 2767 475 2795 πιστῶν
487 2766 559 2794 λαῶν
575 2766 683 2800 σύναξιν
704 2767 751 2794 καὶ
768 2767 896 2794 σύστασιν
912 2767 940 2794 ἑν

153 2814 210 2844 τοῖς
229 2811 335 2848 ὕμνοις.

992 1670 1014 1695 si
1031 1677 1117 1696 verum
1142 1668 1207 1694 dicit
1219 1688 1226 1700 ,
1241 1675 1300 1702 qua?
1324 1667 1407 1701 defert
1425 1668 1526 1694 litteras
1546 1667 1692 1694 Eustathii.
1709 1668 1780 1694 Dicit

990 1714 1071 1744 enim,
1092 1713 1160 1748 quod
1176 1712 1321 1747 Cyradium
1333 1712 1473 1747 facientem
1489 1713 1627 1748 injuriam,
1640 1721 1685 1740 nec
1701 1713 1733 1739 ab
1750 1722 1779 1740 ca

991 1760 1115 1786 desistere
1130 1759 1266 1789 volentem,
1279 1767 1295 1785 a
1308 1760 1489 1786 communione
1500 1764 1696 1792 separaverunt.
1710 1759 1779 1792 Quia

990 1814 1052 1841 ergo
1068 1805 1174 1837 inveni,
1195 1805 1264 1840 quod
1288 1813 1336 1831 suo
1354 1804 1425 1831 malo
1449 1813 1541 1831 curam
1570 1805 1695 1832 adhibens
1724 1805 1779 1832 vult

991 1852 1184 1879 communicare
1197 1872 1204 1883 ,
1219 1851 1262 1886 fac
1277 1859 1309 1877 ea
1332 1851 1371 1877 ita
1384 1858 1411 1877 se
1434 1855 1566 1884 comparet
1578 1872 1584 1882 ,
1604 1855 1632 1877 ut
1650 1852 1778 1886 injurimn

989 1899 1103 1933 primum
1118 1897 1248 1932 deponat.
1270 1902 1296 1924 et
1318 1898 1496 1932 paenitentiam
1511 1906 1587 1932 agere
1610 1898 1636 1924 in
1660 1899 1779 1925 animum

990 1944 1111 1976 inducat,
1125 1949 1153 1970 ut
1169 1944 1193 1970 si
1207 1944 1246 1970 sic
1259 1943 1429 1974 intellexeris,
1447 1943 1516 1978 quod
1532 1943 1641 1975 accedit,
1660 1952 1776 1971 commu-

991 1991 1093 2017 nionem
1106 1990 1271 2022 desiderans,
1283 1990 1420 2024 permittas
1435 1990 1459 2016 ei
1473 1994 1502 2015 ut
1515 1998 1572 2016 cum
1584 1991 1686 2022 populis
1701 1999 1774 2017 com-

990 2037 1112 2063 municet.

1027 2123 1125 2151 BALS.
1144 2123 1281 2151 Mulierem
1297 2123 1442 2158 quamdam
1455 2143 1464 2155 ,
1485 2131 1546 2158 qum
1559 2123 1706 2157 Cyradium
1729 2132 1778 2159 ap-

990 2170 1142 2205 pellabatur
1152 2189 1159 2202 ,
1174 2174 1201 2196 et
1215 2169 1343 2204 injuriam
1361 2173 1424 2196 ante
1440 2169 1555 2196 faciebat
1569 2189 1576 2200 ,
1591 2170 1639 2204 qui
1654 2174 1733 2196 erant
1750 2171 1778 2196 in

991 2216 1106 2244 Gemino
1120 2215 1269 2251 presbyteri
1293 2216 1328 2243 ab
1344 2215 1465 2242 Ecclesia
1486 2220 1694 2250 separaverunt,
1713 2223 1776 2243 cum

992 2262 1026 2289 ab
1046 2262 1145 2296 injuria
1158 2269 1213 2288 non
1227 2261 1387 2289 abstineret.
1402 2261 1449 2288 Illa
1462 2269 1527 2288 vero
1555 2265 1664 2296 propter
1684 2269 1775 2296 segre-

991 2308 1128 2343 gationem
1146 2308 1325 2342 pollicebatur
1343 2315 1372 2334 so
1388 2307 1495 2341 injuriae
1509 2307 1658 2334 remedium
1677 2307 1774 2334 allatu-

992 2361 1049 2380 ram
1066 2373 1073 2385 ,
1088 2357 1115 2380 et
1131 2353 1164 2379 ad
1180 2354 1398 2380 communionem
1420 2352 1526 2379 admitti
1541 2352 1657 2379 volebat.
1675 2352 1776 2379 Scribit

992 2407 1057 2435 ergo
1078 2399 1246 2434 Theophilus
1260 2400 1293 2426 ad
1307 2400 1464 2434 episcopum
1481 2399 1615 2433 regionis:
1631 2397 1685 2426 Fac
1703 2404 1732 2425 ut
1745 2406 1778 2426 ea

992 2446 1110 2480 primum
1124 2446 1242 2480 deponat
1258 2445 1385 2480 injuriam
1396 2464 1403 2475 ,
1420 2444 1470 2471 hoc
1482 2448 1522 2471 est
1532 2465 1539 2476 ,
1554 2444 1649 2471 reddat
1673 2452 1705 2471 ea
1718 2452 1778 2479 qua!

992 2491 1093 2526 injuste
1110 2491 1270 2526 acquisivit,
1285 2495 1311 2518 et
1326 2490 1512 2525 paenitentiam
1539 2493 1600 2523 agat
1610 2509 1618 2521 ,
1634 2489 1660 2516 id
1672 2494 1732 2522 est,
1747 2498 1778 2518 se

992 2537 1120 2571 injuriam
1136 2536 1236 2564 fecisse
1255 2544 1325 2571 aegre
1351 2536 1435 2567 ferat,
1452 2538 1479 2562 et
1494 2534 1577 2562 Deum
1594 2538 1654 2561 oret
1670 2539 1699 2561 ut
1725 2535 1777 2562 sibi

992 2586 1103 2617 peccata
1119 2582 1318 2609 condonentur.
1332 2579 1365 2607 Et
1381 2588 1443 2607 cum
1459 2580 1516 2607 [nec
1532 2580 1638 2612 fecerit,
1654 2581 1676 2607 si
1693 2581 1776 2607 intel-

993 2627 1102 2659 lexeris,
1117 2627 1169 2654 hoc
1184 2631 1226 2654 est
1238 2648 1246 2658 ,
1267 2627 1289 2654 si
1301 2625 1480 2660 cognoveris,
1497 2625 1570 2659 quod
1587 2626 1644 2660 lege
1666 2624 1712 2652 Dei
1731 2633 1777 2652 ac-

992 2672 1080 2705 cedit,
1110 2680 1157 2700 sen
1180 2672 1251 2699 bona
1265 2670 1452 2704 conscientia,
1481 2678 1541 2705 qua:
1567 2678 1622 2697 non
1639 2670 1691 2698 fert
1707 2678 1737 2697 se
1760 2677 1776 2696 a

992 2717 1112 2744 ﬁdelium
1123 2717 1314 2744 communione
1321 2724 1382 2745 esse
1391 2720 1554 2750 separatam,
1561 2720 1672 2750 propter
1678 2715 1760 2742 Deum
1766 2733 1775 2746 ,

992 2766 1020 2790 et
1035 2770 1090 2789 non
1103 2767 1213 2797 propter
1226 2763 1366 2790 hominum
1380 2762 1510 2798 pudorem
1522 2781 1529 2794 ,
1542 2765 1608 2788 tunc
1621 2761 1646 2788 ei
1662 2761 1774 2795 permit-

994 2814 1035 2836 tes
1046 2816 1109 2835 cum
1128 2808 1253 2836 ﬁdelibus
1265 2809 1372 2844 populis
1390 2808 1592 2836 communicare
1610 2813 1637 2835 et
1651 2807 1680 2834 in
1696 2807 1774 2843 hym-

994 2854 1037 2882 nis
1047 2854 1206 2882 consistere.
