1971 3068
151 165 186 193 ιτι

620 165 805 194 PROLOGUS
826 168 870 194 AD
890 165 1082 196 El’lSTOLAS
1101 165 1313 193 PASCHALES.

1741 164 1775 194 50

153 209 245 241 λαξαι
268 217 322 236 τον
334 209 419 244 μῆνα
434 209 492 236 τῶν
506 209 594 241 νέων,
615 210 665 238 καὶ
679 211 817 244 ποιήσεις
833 214 866 238 τὸ
886 212 939 238 Πιέ-

996 217 1071 241 rum;
1081 213 1104 236 et
1115 209 1195 244 facies
1207 209 1312 236 Pascha
1327 209 1438 236 Domino
1448 209 1501 236 Deo
1515 214 1559 236 luo
1570 209 1671 236 decima
1681 215 1777 244 quarta

155 264 220 291 σχα
242 257 341 290 Κυρίῳ
360 255 400 289 τῷ
417 256 477 288 Θεῷ
491 263 549 283 σου
573 255 610 290 τῇ
631 257 944 291 τεσσαρεσκαιδεκάτῃ

152 301 248 336 ἡμέρᾳ
264 301 317 328 τοῦ
331 301 448 335 πρώτου
462 301 570 335 μηνός.
593 302 673 336 Μῆνα
697 302 724 327 δὲ
741 302 801 328 νέον
816 303 901 336 λέγει,
916 303 944 329 ὃν

154 347 203 373 καὶ
219 346 329 381 πρῶτον
346 346 434 379 καλεῖ,
452 346 481 371 ἐν
526 346 670 381 τεθηλότες
686 347 710 373 οἱ
723 349 825 382 καρποὶ
839 349 888 383 τὴν
899 357 945 382 γε-

154 392 272 426 νομένην
302 391 356 418 τῶν
377 391 503 417 παλαιῶν
527 392 743 427 προσημαίνουσι
761 393 942 419 κατάπαυσιν.

162 438 206 462 Ἐν
221 437 249 462 δὲ
262 438 295 471 τῇ
310 436 606 473 ,τεσσαρεσκαιδεκάτῃ
624 437 714 472 ἡμέρᾳ
735 438 781 463 τοῦ
801 438 884 472 μηνὸς
897 438 943 464 τοῦ

154 482 264 518 πρώτου
278 482 468 517 ἐπιτηρεῖσθαι
483 482 513 508 τὸ
527 483 622 517 Πάσχα
636 483 787 515 συνέταξεν,
801 484 850 510 οὐκ
864 483 943 511 ἄλλου

153 528 235 554 τοῦτο
261 527 353 563 χάριν,
372 528 388 563 ἦ
412 528 455 555 ἵνα
471 528 541 554 κατὰ
558 528 674 564 μίμησιν
697 529 744 555 τοῦ
763 529 813 563 τῆς
830 530 944 564 σελήνης

154 575 246 608 φωτὸς
261 574 351 609 πλήρη
370 574 416 600 τὸν
432 574 496 600 ἴδιον
510 573 608 600 κύκλον
624 574 750 608 ἐχούσης,
767 573 813 600 τὸν
829 574 880 609 μὲν
894 575 943 610 τῆς

153 620 274 651 διανοίας
302 620 433 655 φωστῆρα
450 621 530 654 ἡμεῖς
544 620 646 647 τέλειον
668 621 785 656 ἔχοντες,
810 622 838 647 ὲν
857 621 944 656 σκότῳ

154 666 294 701 ἁμαρτίας
313 666 349 701 μὴ
365 666 560 701 διατρίϐωμεν,
579 666 723 697 θάλλοντες
735 667 764 692 δὲ
778 675 829 692 που
845 675 941 692 παντο-

153 713 271 739 δαπέσιν
284 713 406 747 ἀρεταῖς,
418 713 466 739 καί
483 714 539 744 τοῖς
560 714 662 739 τούτων
681 712 805 743 πετάλοις
821 710 864 738 οἷα
881 721 943 747 τερ-

154 760 210 786 πνὰ
226 759 296 793 φυτὰ
309 759 484 794 σκεπόμενοι,
493 758 577 794 ληῖων
591 759 670 794 δίκην
682 759 790 794 φαιδροὶ
799 759 943 792 διαμείνω-

155 813 217 839 μεν.
240 804 546 839 Τεσσαρεσκαιδεκάτην
569 804 597 830 δὲ
623 804 669 830 τοῦ
696 803 780 839 μηνὸς
797 803 886 837 λέγει,
911 803 942 829 οὐ

154 850 226 877 κατὰ.
244 849 289 876 τὸν
307 849 418 884 ἡλιακὸν
443 849 553 880 κύκλον,
572 849 640 876 ἀλλὰ
661 849 732 876 κατὰ
751 850 800 884 τήν
817 849 939 884 σελήνην.

159 895 296 929 Ἐϐραίων
311 894 365 932 γὰρ
387 895 492 926 παῖδες,
508 895 558 921 οὐκ
574 896 606 922 ὲκ
628 895 674 922 τοῦ
693 895 806 930 ἡλιακοῦ
829 895 939 931 δρόμου,

152 941 213 968 ἀλλ’
237 941 269 966 ὲκ
284 940 331 967 τοῦ
356 941 405 975 τῆς
428 941 543 976 σελήνης
567 941 668 967 κύκλου
686 942 731 967 τὸν
756 941 828 976 μῆνα
854 943 940 967 ποιεῖν

154 987 357 1022 ἐπαιδεὺϐησαν
368 996 374 1001 ·
395 987 489 1022 ἐπειδὴ
503 988 550 1013 καὶ
564 988 578 1013 ὁ
595 988 647 1022 μὴν
662 987 732 1014 κατὰ
747 987 776 1013 τὸ
791 987 877 1022 ὄνομα
890 987 940 1022 τῆς

154 1032 270 1067 σελήνης
285 1032 404 1065 λέγεται.
421 1032 500 1066 Μήνη
517 1031 571 1067 γὰρ
583 1031 651 1067 αὕτη
661 1031 821 1067 ὀνομάζεται
837 1032 939 1058 Ἑλλάδι

152 1080 186 1113 τῇ
203 1079 289 1112 φωνῇ.
304 1078 448 1112 Αἰγύπτιοι
464 1078 529 1112 γοῦν
549 1077 655 1114 πρῶτον
671 1077 714 1104 διὰ
727 1078 757 1104 τὸ
770 1077 815 1104 τὸν
830 1078 879 1112 τῆς
895 1086 940 1103 σε-

152 1124 239 1159 λήνης
255 1124 354 1159 δρόμον
375 1124 504 1156 ὀξύτατον
516 1122 595 1154 εἶναι,
612 1124 659 1150 καὶ
674 1125 706 1150 ἐκ
716 1124 809 1150 τούτου
824 1123 938 1159 συμϐαί-

152 1178 209 1196 νειν
235 1170 338 1205 πλάνην
357 1170 412 1197 τῶν
435 1171 545 1206 ἡμερῶν
571 1170 645 1205 παρά
665 1178 719 1196 τισι
744 1169 880 1204 γενέσθαι.
911 1169 940 1202 ἐξ

152 1214 231 1249 ἡλίου
250 1216 298 1247 τὰς
310 1216 355 1242 τοῦ
374 1216 458 1250 μηνὸς
475 1216 582 1250 ἡμέρας
596 1216 745 1252 ἐπενόησαν
761 1215 938 1251 ψηφίζεσθαι,

154 1259 319 1296 βραδύτερον
334 1261 381 1287 τοῦ
398 1262 448 1296 τῆς
463 1261 577 1297 σελήνης
592 1262 661 1288 κατὰ
673 1262 718 1288 τὸν
729 1262 826 1288 ἑαυτοῦ
840 1262 939 1297 δρόμον

153 1307 324 1341 κινουμένου,
342 1307 379 1339 ὡς
387 1307 434 1333 καὶ
449 1307 599 1342 δυναμένου
616 1308 711 1333 τοῦτον
726 1308 764 1342 (5)
779 1309 842 1342 ῥᾷον
857 1316 940 1335 κατα-

152 1351 349 1386 λαμϐάνεσθαι.

190 1397 227 1423 Β’.
249 1397 357 1424 Τούτων
379 1399 467 1424 τοίνυν
487 1397 573 1430 οὕτως
595 1398 691 1430 ὄντων,
714 1398 804 1424 πολλοὶ
827 1399 872 1424 καὶ
894 1398 940 1425 τὸν

154 1443 265 1479 πρῶτον
283 1444 354 1479 μῆνα
370 1443 416 1470 τοῦ
437 1444 557 1470 ἐνιαυτοῦ
574 1444 728 1470 συντέλειαν
743 1443 807 1470 ὄντα
822 1444 871 1478 τῆς
882 1453 938 1478 χει-

155 1490 269 1525 μερινῆς
281 1490 393 1525 τροπῆς,
404 1489 441 1521 ὡς
454 1489 562 1525 πρῶτον
572 1489 605 1515 δι’
620 1489 680 1516 ὅλου
691 1489 842 1516 τάττουσιν.
856 1489 939 1515 Τοῦτο

153 1534 185 1561 δὲ
207 1535 328 1561 ποιοῦσιν
352 1534 512 1568 ἀγνοοῦντες
529 1535 567 1570 (ι)
589 1535 603 1560 ὁ
625 1534 675 1569 τῆς
701 1535 812 1570 ἐαρινῆς
835 1535 940 1570 τροπῆς

155 1581 321 1616 ἀρχομένης,
335 1581 397 1616 ἥτις
416 1581 470 1607 ἀπὸ
484 1581 534 1615 τῆς
549 1581 602 1616 πρὸ
623 1581 654 1615 ιβ’
673 1581 812 1607 καλανδῶν
836 1581 939 1617 Ἀπριλ-

154 1627 212 1653 λίου
236 1627 380 1662 τυγχάνειθ
395 1628 409 1654 ὅ
429 1627 503 1653 ἐστιν
523 1628 561 1662 (5)
586 1627 715 1662 Φαμενὼθ
747 1631 794 1658 κε’,
816 1628 937 1663 Μαρτίου

155 1676 197 1699 κα¹
224 1672 306 1707 (κατὰ
327 1672 354 1698 δὲ
379 1672 490 1707 Σύρους,
524 1672 686 1707 Ἀντιοχέας,
709 1673 755 1698 καὶ
780 1673 938 1704 Μακεδόνας

154 1718 280 1753 Μαρτίου
293 1721 345 1750 κα’,
358 1718 478 1754 Δύστρου
495 1719 543 1754 μιᾷ
556 1719 603 1745 καὶ
614 1718 710 1754 εἰκάδι)
726 1719 796 1745 κατὰ
805 1719 851 1746 τὸν
865 1720 939 1755 ἡλια-

154 1764 202 1790 κὸν
217 1764 332 1799 δρόμονο
351 1765 384 1800 ἣν
402 1766 541 1800 ἐπιτηρεῖν
558 1767 690 1800 προσήκει.
712 1765 837 1800 μάλιστα,
856 1767 938 1801 μήπω

154 1810 255 1845 ταύτης
266 1810 413 1847 κατωτέρω
428 1811 640 1846 πεπλανημένως
655 1820 707 1843 τις,
722 1812 770 1846 τὴν
787 1820 937 1847 τεσσαρεσ-

155 1856 349 1882 καιδεκαταίαν
386 1856 458 1882 κατὰ
484 1857 598 1891 σελήνην
624 1857 707 1889 τάξας
732 1857 870 1894 διαμάρτῃ
891 1857 937 1884 τοῦ

155 1901 263 1936 Πάσχα,
281 1901 317 1932 ὡς
332 1902 378 1928 τοῦ
392 1901 499 1937 πρώτου
514 1901 597 1937 μηνὸς
612 1902 729 1937 νομίζων
740 1902 807 1929 εἶναι
825 1903 936 1938 ταύτην.

155 1947 192 1973 οὐ
210 1947 265 1982 γάρ
288 1949 316 1973 ἐν
333 1947 372 1982 τῷ
389 1947 532 1983 δωδεκάτῳ
556 1948 621 1983 μηνὶ
644 1949 802 1984 χειμερινῆς
822 1950 936 1985 τροπῆς,

154 1991 193 2024 ὡς
208 1995 347 2028 προεῖπον,
366 1992 448 2027 οὔσης
463 1994 477 2020 ὁ
490 1993 543 2020 τῶν
563 1994 628 2020 νέων
643 1995 767 2021 τάττεται
783 1995 847 2031 μὴν,
862 1994 938 2022 οὔπω

154 2037 208 2064 τῶν
223 2039 338 2073 καρπῶν
351 2039 404 2066 τῶν
418 2039 485 2065 νέων
500 2039 704 2074 πεπονημένων,
719 2040 779 2067 οὑδὲ
790 2040 937 2076 δυναμένου

155 2084 289 2120 δρεπάνω
308 2086 336 2110 ἐν
350 2085 449 2120 ἀμητῷ
464 2085 619 2120 πέμπεσθαι
630 2094 636 2100 ·
653 2086 731 2112 τοῦτο
749 2086 804 2122 γὰρ
822 2087 937 2122 μάλιστα

157 2132 268 2166 σημεῖον
284 2131 330 2157 τοῦ
346 2130 453 2166 πρώτου
471 2131 552 2165 μηνὸς
569 2132 582 2157 6
598 2131 668 2163 Θείος
682 2131 760 2165 ἔταξε
776 2133 866 2168 νόμος.

191 2259 228 2286 1".
247 2260 321 2286 Ἀλλ’
339 2260 399 2286 ἐπεὶ
417 2260 559 2295 συμϐαίνει
573 2260 707 2295 προφάσει
725 2261 774 2296 τῆς
790 2269 938 2296 τεσσαρεσ-

157 2305 348 2337 καιδεκαταίας
369 2306 440 2332 κατὰ
456 2306 570 2342 σελήνην
583 2306 629 2333 τοῦ
641 2307 722 2333 αὐτοῦ
733 2306 840 2342 πρώτου
855 2306 938 2342 μηνὸς

157 2350 198 2382 εἰς
213 2350 315 2385 πλάνην
337 2350 523 2385 ἐμπίπτοντάς
537 2359 614 2382 τινας
628 2350 791 2386 ἀπαντώσης
808 2351 892 2385 αὐτῆς
909 2351 937 2376 ὲν

157 2395 299 2429 κυριακῇ,
315 2394 332 2428 ἢ
350 2395 378 2420 ὲν
402 2393 547 2429 Σαϐϐάτῳ,
567 2394 704 2430 περιλύειν
727 2394 776 2426 τὰς
795 2395 936 2430 νηστείας,

155 2440 383 2475 τρισκαιδεκάτης
396 2440 593 2476 εὑρισκομένης
604 2441 664 2467 τότε
678 2440 749 2468 κατὰ
763 2441 886 2476 σελήνην,
900 2441 937 2473 ὼς

156 2483 220 2515 ξένα
241 2483 287 2509 τοῦ
306 2483 390 2518 νόμου
407 2484 556 2518 πράττειν·
575 2484 655 2510 τοῦτο
668 2486 777 2511 σκοπεῖν
792 2486 936 2520 προσήκει,

155 2531 197 2556 ὃτι
214 2538 266 2565 περ
288 2531 312 2556 εἰ
333 2530 423 2565 συμϐῇ
441 2531 490 2564 τὴν
506 2530 589 2565 αὐτὴν
614 2531 937 2567 τεσσαρεσκαιδεκαταίαν

155 2576 206 2610 τῆς
225 2575 338 2610 σελήνης
361 2577 390 2602 ὲν
407 2576 534 2611 Κυριακῇ
554 2577 735 2611 εὑρίσκεσθαι,
757 2578 796 2609 εἰς
811 2578 859 2612 τὴν
875 2578 938 2613 ἑξῆς

155 2621 290 2656 ἑϐδομάδα
305 2621 416 2656 ἄμεινον
438 2621 640 2657 ὑπερτίθεσθαι,
659 2622 706 2649 δύο
721 2622 822 2650 τούτων
841 2624 936 2650 ἕνεκα·

156 2668 264 2702 πρῶτον
281 2667 331 2702 μὲν
348 2667 391 2694 ἵνα
410 2667 446 2702 μὴ
466 2668 719 2703 τρισκαιδεκαταίας
733 2669 803 2696 κατὰ
813 2670 937 2705 σελήνην,

155 2712 295 2740 Σαϐϐάτου
318 2713 380 2740 τότε
398 2713 604 2749 εὑρισκομένου,
621 2714 809 2750 περιλύσωμεν
825 2716 875 2747 τὰς
889 2725 938 2752 νη-

155 2759 260 2791 στείας·
283 2761 353 2796 ὅπερ
369 2760 421 2786 οὐκ
442 2760 598 2793 ἀκόλουθον,
624 2760 671 2788 τοῦ
690 2762 770 2798 νόμου
798 2763 876 2790 τοῦτο
900 2763 938 2799 μὴ

202 2826 230 2859 Ξ)
252 2826 421 2862 Yertendum
435 2830 496 2862 erat
511 2828 619 2862 factam.

220 2862 230 2897 )
248 2861 333 2890 Forte
345 2861 392 2889 διὰ
404 2861 493 2890 τοῦτο.

956 882 978 909 Β

953 1568 972 1595 C

995 256 1037 282 die
1064 256 1158 282 mensis
1185 257 1275 290 primi.
1304 255 1424 282 Mensem
1452 259 1542 282 autem
1568 254 1672 282 Novum
1698 255 1776 288 dixit,

997 309 1077 336 quem
1095 305 1123 329 et
1137 302 1253 337 primum
1281 306 1371 334 vocat,
1390 302 1417 328 in
1433 309 1487 336 quo
1511 301 1597 328 adulti
1615 300 1720 328 fructus
1738 301 1778 337 (Ξ)

995 348 1141 375 adventum
1153 356 1233 375 suum
1246 348 1440 382 prmnuntiant.
1450 351 1572 374 veterum
1584 347 1776 376 cessationem.

995 394 1022 420 In
1038 393 1144 420 decima
1157 398 1253 428 quarta
1268 398 1356 420 autem
1373 393 1416 419 die
1431 393 1512 419 istius
1523 392 1602 427 primi
1614 392 1715 420 mensis
1729 393 1778 420 ob-

995 439 1098 466 servari
1108 438 1211 465 Pascha
1224 439 1364 473 praecepit,
1373 446 1427 465 non
1438 442 1548 473 propter
1557 438 1638 464 aliam
1651 445 1774 469 causam.

995 487 1048 514 nisi
1067 491 1177 522 propter
1197 485 1403 514 similitudinem
1419 485 1499 515 lunaz,
1517 492 1576 519 qua:
1591 489 1656 511 tunc
1676 485 1702 511 in
1724 484 1776 510 ful-

994 540 1058 566 gore
1076 531 1185 566 plenum
1201 531 1279 558 habet
1297 531 1404 565 globum
1417 530 1569 564 proprium,
1593 533 1623 556 ut
1644 537 1693 556 nos
1709 536 1777 563 quo-

993 585 1046 612 que
1059 577 1209 612 perfectum
1224 576 1395 610 splendorem
1411 575 1472 602 fidei
1490 579 1516 602 et
1528 582 1625 602 sensus
1639 579 1775 609 gerentes,

993 631 1009 650 a
1023 624 1126 658 peccati
1142 623 1263 650 tenebris
1277 629 1460 657 scgrcgemur,
1474 627 1500 649 el
1516 625 1546 648 ut
1558 620 1674 656 vegetati
1691 621 1778 648 diver-

993 677 1085 696 sarum
1103 671 1236 696 varietate
1253 669 1395 700 virtutum,
1414 675 1563 702 earumque
1587 668 1670 701 foliis,
1694 668 1776 695 veluti

993 721 1108 741 amcenw
1121 714 1229 741 arboris
1245 714 1453 741 adumbratione
1465 714 1555 745 velati,
1568 717 1695 748 tanquam
1712 714 1777 740 betae

994 765 1075 794 atque
1108 760 1259 787 fructifera:
1290 764 1395 795 segetes
1431 760 1605 794 pullulemus.
1637 759 1775 787 Decimum

993 809 1122 840 quartum
1147 810 1236 833 autem
1254 805 1326 832 diem
1344 806 1446 832 mensis
1461 805 1590 840 appellat,
1607 813 1661 832 non
1677 813 1776 833 secun-

993 852 1056 878 dum
1071 852 1138 879 solis
1157 859 1267 879 cursum
1279 871 1286 883 ,
1311 851 1357 878 sed
1375 851 1523 878 secundum
1550 851 1652 878 lunam.
1672 851 1776 878 Hebraei

992 898 1063 924 enim
1081 906 1134 925 non
1145 905 1177 924 ex
1193 898 1259 925 solis
1274 906 1367 930 cursu,
1385 898 1431 924 sed
1445 906 1477 924 ex
1487 899 1557 924 lunae.
1568 898 1643 932 cyclo
1656 905 1774 924 mensem

993 943 1049 970 ﬁeri
1060 942 1161 970 debere
1174 943 1310 974 dixerunt,
1328 943 1455 978 quoniam
1465 946 1492 970 et
1508 943 1609 970 mensis
1624 942 1774 969 secundum

991 989 1084 1016 lunam
1100 989 1209 1020 dicitur,
1228 996 1382 1023 nomenque
1401 989 1503 1015 Achiva
1522 988 1613 1022 lingua
1628 987 1707 1014 Mene
1724 996 1775 1014 vo-

991 1039 1082 1062 catur.
1102 1033 1222 1069 Egyptii
1240 1034 1312 1061 enim
1329 1034 1421 1068 primi,
1438 1037 1549 1068 propter
1562 1034 1632 1060 luna:
1650 1033 1775 1060 celerita-

991 1085 1057 1112 tem,
1076 1088 1108 1107 ex
1125 1088 1179 1114 qua
1197 1080 1268 1114 apud
1285 1079 1416 1113 quosdam
1431 1079 1535 1106 dierum
1547 1085 1625 1105 error
1639 1078 1715 1105 nasci
1730 1085 1775 1105 so-

992 1127 1075 1158 lebat,
1097 1134 1130 1153 ex
1150 1126 1217 1153 solis
1233 1133 1316 1153 cursu
1336 1133 1443 1152 menses
1460 1132 1491 1151 ac
1512 1124 1570 1151 dies
1586 1123 1774 1158 supputandos

991 1172 1100 1199 facilius
1123 1171 1311 1203 crediderunt,
1336 1178 1368 1198 eo
1391 1169 1464 1205 quod
1484 1169 1524 1197 sol
1545 1169 1650 1196 tardius
1675 1169 1773 1196 coelum

991 1225 1072 1252 quam
1094 1217 1156 1243 luna
1181 1217 1342 1248 circumeat,
1367 1221 1449 1251 atque
1471 1215 1531 1242 ideo
1553 1215 1639 1249 possit
1667 1214 1773 1242 facilius

990 1262 1195 1298 comprehendi.

1024 1392 1056 1420 ll.
1066 1392 1114 1420 llis
1126 1392 1209 1427 igitur
1223 1395 1260 1418 ita
1276 1399 1305 1419 se
1319 1391 1493 1424 habentibus,
1510 1392 1586 1418 multi
1602 1396 1628 1418 et
1642 1391 1771 1427 primum,

991 1446 1124 1470 mensem,
1145 1442 1172 1466 et
1189 1439 1216 1465 in
1232 1445 1264 1465 eo
1280 1437 1391 1465 Pascha:
1405 1438 1540 1465 decimum
1559 1441 1687 1473 quartum
1702 1436 1773 1465 diem

991 1486 1125 1517 nesciunt,
1137 1485 1200 1520 quia
1213 1484 1378 1519 frequenter,
1391 1484 1538 1511 secundum
1551 1483 1690 1516 llebrmos,
1707 1484 1775 1510 duo-

990 1531 1126 1559 decimum
1139 1531 1203 1558 anni
1219 1538 1353 1562 mensem,
1364 1531 1471 1558 hiberni
1486 1531 1615 1565 temporis
1631 1530 1773 1557 mutationi

990 1577 1126 1604 confinem
1145 1582 1227 1611 atque
1242 1576 1414 1610 contiguum,
1431 1580 1459 1602 ut
1472 1583 1520 1610 per
1538 1576 1629 1602 omnia
1644 1575 1772 1610 primum.

989 1626 1126 1650 statuunt.
1145 1621 1202 1648 Hoc
1217 1625 1308 1648 autem
1325 1620 1439 1652 faciunt,
1457 1620 1520 1654 quia
1534 1627 1624 1646 verna:
1646 1619 1774 1646 immuta-

989 1668 1207 1703 tionisignorant
1219 1667 1337 1698 initium,
1351 1665 1424 1701 quod
1434 1665 1626 1693 duodecimum
1636 1664 1772 1691 Kalendas

988 1713 1089 1748 Aprilis
1105 1713 1188 1744 diem,
1202 1713 1279 1746 juxta
1296 1711 1363 1738 solis
1387 1718 1509 1740 cursum.
1525 1717 1632 1744 semper
1647 1709 1772 1739 incurrit,

988 1758 1061 1793 quod
1081 1763 1143 1785 ante
1161 1758 1253 1784 omnia
1279 1757 1427 1784 observare
1449 1763 1500 1783 nos
1520 1755 1659 1787 convenit,
1683 1762 1726 1786 ne,
1749 1754 1772 1781 si

989 1805 1059 1832 forte
1077 1805 1103 1831 in
1121 1804 1172 1831 hac
1190 1804 1249 1839 ipsa
1268 1803 1420 1830 mutatione
1438 1801 1553 1829 inferius
1571 1801 1661 1828 adhuc
1675 1804 1701 1827 et
1713 1800 1771 1827 lon-

988 1852 1050 1887 gius
1068 1851 1229 1880 constituta,
1251 1857 1300 1884 per
1316 1856 1436 1876 errorem
1459 1849 1521 1883 quis
1538 1847 1670 1875 decimam
1691 1854 1774 1881 quar-

988 1901 1042 1922 tam
1066 1898 1205 1930 computet
1221 1895 1324 1925 lunam,
1346 1893 1374 1920 in
1397 1893 1538 1920 Paschalis
1555 1892 1652 1919 calculi
1669 1892 1774 1918 ratione

988 1941 1108 1973 fallatur,
1125 1940 1201 1975 quasi
1226 1939 1306 1974 primi
1321 1946 1380 1965 eam
1395 1938 1534 1965 aestimans
1551 1937 1662 1964 mensis.
1681 1936 1773 1970 Neque

988 1987 1060 2014 enim
1084 1987 1111 2013 in
1129 1985 1413 2017 duodecimomcnse,
1431 1988 1553 2018 tempore
1570 1983 1659 2010 adhuc
1674 1982 1773 2010 hiemis

988 2032 1148 2062 exsistente,
1165 2035 1194 2058 ut
1211 2031 1291 2065 prius
1304 2030 1371 2062 dixi,
1389 2037 1522 2057 novorum
1538 2029 1677 2056 fructuum
1693 2029 1772 2063 peni-

988 2081 1033 2104 tur
1047 2078 1161 2108 mensis,
1174 2085 1224 2104 nec
1239 2076 1302 2103 dum
1318 2076 1455 2103 fructibus
1476 2076 1555 2103 novis
1569 2074 1774 2102 maturescenti-

987 2123 1051 2154 bus,
1076 2122 1298 2157 quandoquidem
1317 2130 1367 2149 nec
1385 2121 1469 2149 falces
1496 2122 1612 2156 supponi
1638 2121 1773 2148 messibus

988 2172 1115 2203 possunt,
1141 2169 1192 2206 hoc
1208 2169 1280 2195 enim
1300 2168 1418 2195 maxime
1440 2168 1547 2203 signum
1571 2167 1649 2202 primi
1669 2166 1772 2194 mensis

989 2214 1030 2240 lex
1044 2213 1134 2241 divina
1151 2213 1305 2240 constituit.

1024 2259 1071 2287 lli.
1089 2259 1141 2286 Sed
1157 2259 1221 2294 quia
1244 2258 1369 2286 accidere
1392 2259 1528 2286 interdum
1546 2258 1625 2291 solet,
1643 2262 1672 2284 ut
1692 2264 1773 2285 occa-

990 2306 1067 2334 sione
1083 2305 1195 2332 decima:
1210 2308 1314 2339 quartze
1326 2305 1397 2331 lunze
1412 2304 1493 2339 primi
1512 2304 1628 2335 mensis,
1647 2303 1772 2330 nonnulli

988 2353 1015 2379 in
1032 2359 1152 2379 errorem
1168 2352 1279 2382 cadant,
1303 2351 1326 2378 si
1349 2351 1454 2378 decima
1470 2353 1568 2385 quarta
1588 2350 1647 2384 ipsa
1663 2349 1726 2376 luna
1744 2349 1771 2375 in

988 2398 1160 2425 Dominicum
1175 2397 1247 2424 diem
1261 2397 1352 2424 veniat
1368 2398 1434 2431 (quo
1445 2395 1518 2422 facto
1533 2403 1647 2422 necesse
1659 2399 1702 2422 est
1714 2395 1771 2430 jam

986 2444 1121 2478 jejunium
1147 2443 1215 2470 solvi
1231 2443 1342 2469 Sabbati
1361 2443 1414 2474 die,
1436 2441 1544 2476 quando
1565 2441 1670 2468 decima
1690 2441 1771 2468 tertia

988 2491 1051 2517 luna
1064 2489 1212 2521 invenitur,
1230 2492 1256 2515 et
1271 2488 1418 2523 incipimus
1433 2488 1485 2523 legi
1502 2487 1640 2514 contraria
1657 2488 1769 2520 facere),

988 2535 1115 2562 convenit
1134 2534 1186 2561 hoc
1205 2533 1350 2568 diligenter
1370 2533 1521 2566 attendere,
1545 2537 1574 2560 ut
1595 2533 1704 2568 quoties
1723 2533 1771 2559 de-

988 2580 1059 2607 cima
1073 2584 1172 2614 quarta
1193 2579 1258 2606 luna
1275 2579 1302 2605 in
1318 2578 1490 2605 Dominicum
1507 2578 1626 2604 incurrit
1639 2578 1721 2610 diem,
1742 2578 1770 2604 in

989 2631 1146 2661 sequentem
1157 2625 1338 2660 septimanam
1353 2623 1513 2651 Paschalem
1525 2624 1595 2652 diem
1613 2625 1704 2660 potius
1718 2624 1771 2651 dif-

989 2672 1120 2700 feramus.
1141 2671 1248 2706 Duplici
1268 2671 1320 2698 hac
1330 2678 1414 2698 causa
1433 2681 1440 2698 :
1456 2671 1576 2698 Prilnum
1592 2671 1711 2706 quidem,
1724 2678 1769 2703 ne,

988 2717 1094 2745 decima
1108 2717 1188 2744 tertia
1199 2717 1264 2744 luna
1277 2717 1397 2749 inventa,
1412 2717 1440 2744 in
1455 2716 1566 2744 Sabbati
1580 2717 1623 2744 die
1631 2717 1770 2744 solvamus

986 2763 1122 2799 jejunium
1139 2773 1145 2790 :
1158 2763 1231 2798 quod
1246 2770 1417 2798 consequens
1428 2770 1483 2790 non
1494 2767 1544 2795 est,
1561 2763 1632 2798 quod
1649 2769 1697 2789 nec
1712 2762 1769 2797 ipsa

1018 2830 1061 2901 lii

1082 2829 1175 2857 Mutila
1202 2834 1267 2857 sunt
1281 2830 1326 2857 hic
1340 2829 1442 2858 Graeca.

1075 2864 1140 2900 Quae
1152 2865 1317 2893 clauduntur
1327 2865 1495 2901 parenthesi,
1509 2864 1609 2892 omittit
1623 2864 1768 2899 interpres.
