1971 3068
215 155 244 182 δῖ
712 155 896 185 THEOPlllLl
916 154 1073 183 EPISCOPI
1093 155 1329 184 ALEXANDRIN!
1804 152 1839 180 53

214 212 257 239 lex-
281 211 420 246 przccipit;
441 219 559 239 maxtme
582 220 645 240 cum
668 218 694 241 et
717 214 808 240 lumen
829 213 916 248 ipsius
931 213 999 240 lunae

1055 212 1266 248 προστάξαντος,
1285 211 1351 238 ἀλλὰ
1367 211 1413 238 καὶ
1434 210 1481 237 τοῦ
1502 210 1645 245 φωστῆροε
1658 209 1706 245 τῆς
1725 208 1839 244 σελήνης

212 257 402 293 imperfectum
416 259 504 285 adhuc
518 259 544 286 in
561 259 672 294 proprio
688 260 770 295 globo
787 267 850 287 esse
863 260 999 288 videatur.

212 304 328 336 Deinde,
348 313 392 337 ne,
420 304 562 332 Dominica
584 306 649 333 luna
670 306 779 333 decima
808 309 906 342 quarta
925 305 1001 332 exsi-

213 356 313 383 stente,
331 351 459 386 jejunare
480 359 631 387 cogamur;
654 352 827 379 indecentem
849 360 904 379 rem
921 351 1002 378 illici-

211 400 324 432 tamque
338 395 472 425 iacientes
490 408 495 425 :
523 398 576 426 hoc
601 398 674 426 enim
696 398 908 425 Manichaaorum
928 401 1002 425 recte

211 443 384 470 consuetudo
396 443 528 477 possidet.
541 443 680 476 Quoniam
693 444 776 478 igitur
784 444 891 471 decima
901 446 1001 478 quarta

213 489 278 514 luna
299 488 426 516 veniente
442 489 470 515 in
497 488 666 516 Dominicam
688 489 771 521 diem,
794 489 921 524 jejunare
946 496 1001 516 non

212 535 357 567 debemus,
376 542 464 569 neque
481 543 655 570 consequens
674 539 728 566 est,
746 541 775 562 ut
793 536 815 562 si
839 536 865 562 in
890 535 1001 562 Sahbati

211 579 256 606 die
273 580 379 607 decima
392 585 488 615 quarta
503 581 566 608 luna
581 581 681 611 veniat,
691 582 830 608 solvamus
847 580 980 615 jejunium
993 589 999 607 :

212 626 370 653 necessario
379 627 531 655 asserimus
546 627 597 655 hoc
608 628 635 654 in
651 628 834 663 septimanam
843 631 1000 662 sequentem

211 670 311 698 debere
334 671 449 702 diﬂ'ert'i,
477 672 558 699 sicuti
584 672 666 707 paulo
690 672 818 707 superius
842 672 915 705 dixi;
948 679 1001 699 non

211 720 302 743 tamen
318 724 350 744 ex
366 717 416 744 hac
427 717 569 749 dilatione,
587 719 809 752 praevaricatione
821 718 912 753 aliqua
927 718 1000 745 circa

211 762 370 790 Paschalem
400 763 534 790 circulum
566 768 733 799 perpetrata.
764 764 1000 796 Quemadmodum

210 809 283 835 enim
300 809 424 837 decimus
435 818 567 837 numerus
582 810 776 845 complectitur
791 817 906 840 nonum,
922 809 961 836 sic
976 813 1001 836 et

210 856 320 890 quoties
337 856 444 883 decima
464 861 562 891 quarta
581 857 645 884 luna
667 857 693 882 in
720 855 888 883 Dominicum
909 856 1002 883 incur-

211 902 278 929 rerit
293 902 373 932 diem,
389 910 421 929 eo
437 904 509 937 quod
533 903 559 929 in
583 911 614 929 ea
639 903 766 937 jejunare
783 910 837 929 non
855 902 945 933 liceat,
973 901 1000 929 in

210 948 362 982 proximam
378 947 557 982 septimanam
571 947 674 975 diﬂ‘erri
688 955 800 975 necesse
809 951 850 975 est
863 947 933 974 diem
948 947 999 974 Pa-

211 993 301 1025 schae;
321 993 394 1020 milia
414 993 486 1020 enim
505 1001 537 1021 ex
557 994 608 1020 hoc
632 994 789 1020 imminutio
809 993 866 1021 ﬁeri
889 994 1000 1021 Pascha:

209 1039 328 1071 videtur,
347 1040 410 1074 quia
430 1048 477 1067 sex
497 1045 642 1075 sequentes
660 1040 718 1067 dies
732 1040 951 1075 complectuntur
973 1045 1001 1068 et

210 1085 342 1120 reliquos.

245 1142 290 1170 IV.
303 1143 390 1170 Aliter
404 1147 506 1174 autem.
523 1143 596 1178 quod
611 1147 638 1171 et
652 1143 780 1171 Salvator
788 1146 882 1172 noster
893 1143 998 1171 decima

209 1193 307 1224 quarta
323 1189 434 1224 quidem
458 1193 501 1217 est
523 1189 643 1216 traditus
669 1191 744 1221 luna,
761 1190 813 1217 hoc
838 1193 879 1217 est
903 1189 998 1224 quinta

209 1239 271 1270 post
282 1233 561 1269 Sabbatum;decima
571 1237 667 1270 quinta
676 1240 766 1263 autem
781 1235 939 1267 cruciﬁxus,
954 1235 999 1262 die

208 1281 292 1308 tertio
308 1281 500 1313 resurrexerit,
516 1281 569 1308 hoc
583 1286 636 1313 est,
653 1282 761 1309 decima
784 1282 901 1317 septima
922 1282 997 1315 luna,

213 1334 275 1362 qua:
293 1332 359 1354 tunc
375 1327 402 1354 in
421 1326 564 1354 Dominica
584 1327 628 1355 die
642 1328 752 1355 inventa
766 1332 824 1360 est;
840 1328 910 1355 sicut
923 1332 950 1355 et
965 1335 998 1355 ex

208 1371 420 1407 Evangeliorum
433 1373 576 1399 notatione
585 1373 781 1407 comperimus.
788 1372 926 1400 Habemus
934 1381 998 1408 ergo

208 1417 350 1449 solatium,
361 1425 416 1452 quo
429 1422 504 1444 recte
516 1417 606 1445 facere
615 1417 719 1445 Pascha
730 1418 879 1453 possimus,
888 1418 998 1446 etiamsi

208 1463 306 1491 dilalio
323 1463 405 1490 fuerit
421 1468 583 1496 consecuta,
605 1468 718 1498 propter
739 1464 926 1491 incurrentem
949 1472 998 1491 ne-

208 1510 375 1542 cessitatem,
395 1514 425 1537 ut
445 1510 468 1538 si
486 1510 592 1537 decima
606 1515 703 1544 quarta
715 1510 797 1545 primi
813 1511 916 1538 mensis
928 1510 997 1538 Sab—

209 1557 272 1583 balo
287 1557 409 1583 evenerit
428 1557 503 1587 luna,
521 1561 568 1584 aut
584 1557 607 1584 si
628 1561 691 1583 ante
715 1557 865 1584 Sabbatum
884 1556 912 1584 in
936 1557 997 1584 aliis

208 1602 370 1636 septimanae
384 1603 526 1637 sequentis
539 1603 637 1630 diebus
653 1602 795 1634 acciderit,
813 1602 874 1630 sine
887 1603 998 1630 dubita-

208 1649 284 1675 tione
298 1647 404 1676 Pascha
426 1649 607 1676 celebremus.
629 1648 658 1675 Si
679 1657 745 1676 vero
770 1649 798 1676 in
826 1649 999 1676 Dominicum

210 1692 346 1725 inciderit,
367 1694 526 1721 omnimodo
543 1694 569 1720 in
586 1695 766 1728 septimanam
780 1698 952 1729 sequentem,
968 1698 999 1721 ut

210 1740 310 1774 smpius
335 1740 439 1767 dictum
464 1745 517 1771 est,
547 1740 741 1772 conferamus,
765 1741 831 1776 quia
856 1740 999 1768 Dominica

210 1785 393 1814 hebdomadis.
404 1786 495 1822 prima
507 1786 567 1813 dies
580 1791 633 1818 est,
649 1791 677 1814 ut
697 1787 773 1822 prius
788 1787 855 1814 dixi.

245 1862 278 1891 V.
297 1863 345 1891 His
370 1872 436 1900 ergo
455 1863 649 1893 demonstratis
665 1868 748 1899 atque
769 1863 926 1899 patefactis,
946 1863 999 1890 hoc

209 1909 292 1936 etiam
318 1910 550 1937 considerandum
568 1914 622 1940 est.
642 1910 714 1945 quod
731 1915 758 1937 et
780 1910 822 1937 lex
840 1908 999 1944 frequenter

208 1962 292 1982 causa
306 1957 482 1982 necessitatis
499 1964 546 1982 eos
574 1956 622 1990 qui
642 1955 841 1983 constrictione
865 1955 998 1989 temporis

208 2000 328 2036 quadam
345 2009 399 2028 non
412 2005 561 2036 potuerunt
577 2002 603 2028 in
621 2002 710 2036 primo
722 2009 818 2028 mense
833 2000 941 2029 Pascha
954 2009 999 2029 ce-

208 2046 329 2078 lebrare,
351 2048 474 2074 secundo
497 2048 567 2075 idem
589 2048 679 2075 facere
694 2048 826 2082 prmcipit.
844 2047 940 2075 Melius
956 2051 999 2075 est

207 2093 281 2120 enim
300 2093 328 2119 in
355 2094 522 2121 necessitate
541 2095 647 2128 positos
668 2094 812 2128 superiora
829 2101 910 2128 quam
929 2093 999 2121 infe-

209 2138 283 2164 riora
300 2139 411 2169 seclari,
428 2139 560 2172 quoniam
581 2138 714 2166 inferiora
732 2139 921 2173 superioribus
936 2146 1000 2166 con-

211 2185 352 2217 tinentur;
384 2186 528 2220 superiora
551 2190 644 2213 antem
671 2185 706 2212 ab
734 2185 858 2213 inferiori
883 2193 1000 2213 numero

208 2239 263 2258 non
279 2231 467 2259 includuntur.
483 2231 551 2259 illud
568 2232 678 2264 iterum,
693 2231 766 2267 quod
783 2232 936 2267 posuimus,
951 2231 998 2259 de-

208 2279 357 2310 t-larantes,
377 2278 507 2313 quoniam
522 2278 647 2306 decimus
662 2286 794 2305 numerus
811 2285 913 2304 nonum
926 2278 997 2305 intra

209 2333 239 2353 sc
250 2325 400 2356 contineat,
417 2332 507 2352 nouus
522 2329 614 2351 autem
627 2325 765 2352 decimum
783 2325 924 2352 continere
941 2332 997 2352 non

209 2371 307 2405 possit.
327 2371 404 2404 Quod
420 2372 443 2399 si
461 2372 503 2399 lex
518 2371 551 2398 ad
573 2372 724 2399 secundum
742 2379 864 2399 mensem
877 2372 996 2399 transire

208 2425 259 2445 nus
287 2418 425 2452 praecipit,
449 2417 472 2445 si
499 2425 553 2444 non
573 2418 711 2452 possimus
739 2422 864 2445 sanctum
888 2417 997 2446 Pascha

209 2464 296 2499 primo
311 2471 405 2492 mense
417 2464 556 2492 celebrare
567 2468 681 2499 propter
696 2465 829 2499 quasdam
843 2464 995 2493 necessita-

234 2587 273 2618 ιδ)
293 2585 319 2613 Is
331 2593 420 2613 anuus
435 2592 474 2614 est
491 2586 610 2621 vulgaris
625 2586 728 2614 Christi
749 2586 814 2614 580.

1052 258 1092 285 ἔτι
1115 267 1168 293 περ
1183 258 1297 290 ἀτελοῦς
1311 259 1375 294 περὶ
1389 258 1434 284 τὸν
1455 257 1555 284 κύκλον
1574 257 1618 283 τὸν
1640 257 1736 282 ἑαυτοῦ
1751 255 1836 287 ὄντος.

1054 305 1168 330 Ἔπειτα
1192 305 1235 330 ἵνα
1252 304 1289 340 μὴ
1305 305 1352 331 καὶ
1372 303 1515 339 Κυριακῆς
1527 302 1620 337 οὑσης,
1634 302 1680 328 καὶ
1694 309 1842 336 τεσσαρεσ-

1054 350 1245 382 καιδεκαταίας
1278 351 1348 378 κατὰ
1372 350 1487 385 σελήνην
1512 348 1699 384 ὑπαρχούσης,
1720 348 1841 382 ἀναγκα-

1055 395 1164 430 σθῶμεν
1178 395 1329 431 νηστεύειν,
1345 395 1469 430 ἀπρεπὲς
1485 395 1601 429 πρᾶγμα
1616 392 1769 424 ποιοῦντες.
1782 393 1841 419 Μα-

1052 441 1163 475 νιχαίων
1176 440 1231 476 γάρ
1251 441 1324 466 ἐστιν
1337 440 1401 466 ἴδιον
1416 440 1532 474 πρᾶγμα
1544 439 1574 465 τὸ
1591 438 1720 465 τοιοῦτον.
1737 437 1841 464 Οὐκοῦν

1053 487 1147 521 ἐπειδὴ
1161 487 1222 513 οὐδὲ
1237 487 1286 521 τῆς
1302 485 1629 521 τεσσαρεσκαιδεκαταίας
1642 484 1712 518 κατὰ
1727 483 1841 518 σελήνην

1054 533 1083 558 ὲν
1108 533 1235 568 κυριακῇ
1260 532 1456 568 εὑρισκομὲνης
1476 532 1616 566 νηστεύειν
1635 531 1684 562 δεῖ,
1702 530 1763 557 οὕτε
1777 529 1842 556 ἀκό-

1052 578 1146 605 λουθον
1170 580 1199 605 ὲν
1215 578 1346 613 Σαϐϐάτῳ
1362 578 1586 614 τρισκαιδεκάτης
1602 576 1766 611 ἀπαντώσης
1790 584 1841 602 πε-

1054 624 1154 658 ριλύειν
1168 624 1218 655 τὰς
1234 624 1361 659 νηστείας
1372 632 1378 638 ”
1393 623 1529 657 ἀναγκαία
1543 623 1560 658 ἡ
1577 622 1722 658 ὑπέρθεσις
1739 623 1778 654 εὶς
1791 622 1842 656 τὴν

1052 668 1117 704 ἑξῆς
1133 670 1280 705 ἑϐδομάδα,
1294 669 1331 701 ὡς
1349 669 1432 704 ὀλίγῳ
1447 669 1565 705 πρόσθεν
1577 668 1693 704 εἴρηται,
1708 669 1738 694 οὑ
1757 677 1841 704 παρα-

1052 715 1156 747 λύσεως
1169 716 1334 751 γιγνομένης
1346 716 1374 742 ἐν
1384 715 1423 751 τῷ
1435 716 1530 750 Πάσχα
1540 715 1584 741 διὰ
1596 715 1647 750 τῆς
1657 715 1707 741 ὑπε
1713 714 1839 750 ρθέσεως,

1059 761 1129 788 Ἀλλ’
1157 761 1252 798 ὥσπερ
1268 763 1282 788 ὸ
1298 762 1410 793 δέκατος
1436 761 1552 798 ἀριθμὸς
1577 761 1774 798 περιλαμϐάνει
1795 761 1841 787 τὸν

1053 809 1143 840 ἐννέα,
1161 808 1248 841 οὕτως
1261 810 1277 844 ἡ
1293 808 1608 844 τεσσαρεσκαιδεκαταῐα
1620 808 1668 842 τῆς
1686 807 1800 842 σελήνης
1812 808 1841 834 ὲν

1054 855 1182 889 Κυριακῇ
1201 854 1393 890 εὑρισκομένη,
1413 853 1456 880 διὰ
1471 854 1501 880 τὸ
1520 854 1556 889 μὴ
1579 853 1633 880 δεῖν
1645 854 1673 879 ὲν
1694 853 1779 888 ταύτῃ
1795 861 1842 888 νη-

1018 895 1038 922 Β
1056 900 1169 931 στεύειν,
1189 901 1228 932 εἰς
1249 899 1298 935 τὴν
1314 900 1376 934 ἑξῆς
1392 900 1527 935 ἑϐδομάδα
1544 899 1690 935 ὑπέρθεσις
1710 899 1840 934 γίγνοιτο,

1054 947 1084 973 οὗ
1106 946 1153 973 τοῦ
1170 947 1265 981 Πάσχα
1281 946 1429 973 ἐλάττωσιν
1450 946 1581 972 ποιοῦσα·
1606 945 1659 972 τῶν
1681 945 1711 978 ἒξ
1731 946 1842 982 ἡμερῶν

1055 1000 1088 1018 πε
1093 990 1318 1027 ριλαμϐανουσῶν
1332 991 1378 1017 καὶ
1392 990 1442 1023 τὰς
1456 991 1545 1022 ἄλλας.

1091 1150 1127 1176 Δ’.
1147 1150 1252 1181 Ἀλλως
1268 1158 1298 1175 τε
1317 1150 1410 1185 ἐπειδὴ
1420 1150 1434 1176 ὁ
1449 1148 1543 1184 Σωτὴρ
1557 1148 1636 1184 ἡμῶν
1650 1150 1684 1184 τῇ
1702 1148 1751 1183 μὲν
1766 1155 1842 1183 τρισ-

1054 1194 1232 1229 καιδεκαταίᾳ
1258 1194 1411 1229 παρεδόθη,
1444 1193 1567 1220 τουτέστι
1593 1193 1626 1228 τῇ
1653 1192 1767 1227 πέμπτῃ
1793 1191 1841 1218 τού

1054 1240 1204 1271 Σαίϐάτου,
1234 1241 1266 1275 τῇ
1284 1239 1312 1265 δὲ
1333 1238 1647 1274 τεσσαρεσκαιδεκαταίᾳ
1671 1236 1840 1272 ἐσταυρώθη,

1053 1286 1081 1311 ἐν
1103 1285 1245 1320 τριημέρῳ
1267 1285 1397 1316 ἀναστὰς,
1417 1284 1555 1310 τουτέστιν
1579 1285 1613 1319 τῇ
1637 1283 1666 1316 ἓξ
1680 1283 1726 1309 καὶ
1739 1283 1840 1318 δεκάτῃ

1053 1331 1125 1357 κατὰ
1149 1331 1273 1366 σελήνην,
1295 1331 1356 1366 ἣτις
1372 1330 1475 1366 ηὑρέθη
1497 1330 1557 1356 τότε
1573 1330 1601 1356 ὲν
1617 1330 1754 1365 Κυριακῇ,
1768 1328 1805 1361 ὡς
1819 1330 1836 1364 ἡ

1051 1375 1106 1402 τῶν
1124 1375 1297 1410 Εὑαγγελίων
1319 1375 1375 1410 ἔχει
1399 1375 1600 1410 παρατήρησις.
1618 1374 1735 1409 Ἔχομεν
1751 1381 1841 1408 παρα-

1054 1421 1150 1456 μύθιον
1174 1420 1221 1446 τοῦ
1239 1420 1328 1452 καλῶς
1345 1421 1432 1446 ποιεῖν
1445 1419 1475 1446 τὺ
1499 1419 1606 1454 Πάσχα,
1620 1419 1671 1445 κᾶν
1695 1417 1840 1454 ὑπέρθεσις

1053 1465 1176 1501 γένηται,
1196 1465 1241 1492 διὰ
1263 1465 1312 1501 τὴν
1331 1465 1538 1492 καταλαϐοῦσαν
1561 1465 1694 1499 ἀνάγκην.
1713 1464 1762 1491 "Av
1789 1464 1839 1499 μὲν

1052 1510 1098 1539 οὖν
1113 1513 1128 1547 ἡ
1145 1511 1431 1547 τεσσαρεσκαιδεκάτη
1446 1512 1493 1537 τοῦ
1518 1511 1597 1545 ἁγίου
1611 1511 1708 1545 Πάσχα
1727 1510 1840 1546 ἔρχηται

1052 1559 1081 1585 ἐν
1095 1558 1240 1592 Σαϐῦάτῳ,
1256 1558 1272 1593 ἢ
1285 1557 1337 1593 πρὸ
1352 1557 1399 1584 τοῦ
1413 1557 1553 1584 Σαὸϐάτου
1569 1559 1597 1584 ὲν
1610 1559 1670 1588 ταῖς
1684 1557 1777 1588 ἄλλαις
1791 1558 1841 1592 τῆς

1052 1604 1198 1640 ἑϐδομάδος
1209 1604 1337 1641 ἡμέραις,
1351 1604 1492 1639 ἀραρότως
1502 1603 1581 1630 τοῦτο
1596 1604 1682 1630 ποιεῖν
1694 1604 1838 1639 προσήκει·

1050 1649 1098 1676 ἐὰν
1111 1649 1138 1676 δὲ
1156 1650 1185 1676 ἐν
1203 1650 1331 1685 Κυριακῇ
1353 1649 1505 1684 ἀπαντήσει
1528 1649 1545 1684 ἡ
1574 1648 1840 1683 τεσσαρεσκαιδεκα-

1049 1696 1114 1723 ταία
1136 1696 1186 1731 τῆς
1214 1695 1329 1730 σελήνης
1353 1695 1399 1721 τοῦ
1424 1694 1533 1730 πρώτου
1555 1694 1653 1729 μηνὸς,
1677 1694 1840 1730 ὑπερθετέον

1051 1742 1158 1773 πάντως
1175 1743 1214 1774 εἰς
1237 1741 1286 1776 τὴν
1311 1740 1374 1775 ἑξῆς
1396 1740 1542 1775 ἑϐδομάδα.
1575 1740 1606 1766 Ἡ
1629 1740 1684 1776 γάρ
1711 1741 1839 1777 Κυριακὴ

1050 1786 1146 1822 πρώτη
1163 1786 1255 1821 ἡμέρα
1279 1786 1327 1821 τῆς
1342 1785 1489 1820 ἑϐδομάδος
1508 1785 1593 1816 ἐστὶν,
1611 1785 1647 1817 ὡς
1665 1785 1838 1822 προείρηται.

1050 1868 1110 1896 tes;
1124 1871 1177 1891 non
1195 1863 1318 1899 intelligo
1334 1870 1382 1891 cur
1403 1872 1469 1895 non,
1487 1863 1509 1891 si
1532 1863 1640 1891 decima
1658 1868 1756 1898 quarta
1773 1864 1838 1892 luna

1050 1911 1077 1937 in
1093 1909 1265 1937 Dominicum
1281 1910 1352 1937 diem
1370 1909 1527 1942 incurrerit,
1538 1909 1741 1937 rationabiliter
1755 1909 1782 1936 in
1799 1917 1840 1937 se-

1050 1956 1204 1992 ptimanam
1238 1961 1398 1991 sequentem
1418 1956 1577 1984 dilationem
1609 1955 1722 1984 Pascha:
1748 1955 1839 1984 facere

1051 2001 1222 2028 debeamus:
1250 2006 1378 2029 manente
1397 2005 1425 2028 et
1449 2002 1537 2037 primo
1551 2009 1656 2034 mense,
1681 2005 1708 2028 et
1731 2001 1838 2029 decima

1049 2048 1146 2083 quinta
1169 2049 1243 2078 luna,
1265 2048 1293 2075 in
1315 2056 1369 2082 qua
1385 2048 1510 2075 Salvator
1536 2048 1684 2074 crucilixus
1699 2051 1761 2080 est;
1779 2055 1838 2074 ma-

1051 2098 1133 2121 nente
1148 2094 1232 2120 etiam
1252 2097 1279 2120 et
1297 2093 1404 2120 decima
1422 2094 1549 2128 septima,
1576 2093 1687 2128 quando
1707 2097 1769 2129 post
1787 2094 1838 2120 tri-

1049 2140 1132 2167 duum
1148 2140 1309 2167 resurrexit.

1085 2186 1130 2212 Vl.
1149 2185 1206 2213 Hac
1225 2187 1310 2222 igitur
1334 2185 1511 2213 mediocriter
1526 2194 1541 2213 a
1558 2187 1638 2214 nobis
1664 2186 1837 2214 ordinatione

1050 2232 1196 2268 disposita,
1223 2233 1444 2268 uniuscujusque
1467 2234 1532 2260 anni
1553 2234 1700 2267 calculum,
1727 2234 1774 2269 qui
1802 2234 1836 2262 ad

1053 2279 1276 2314 supputationem
1296 2280 1415 2314 pertinet
1429 2279 1551 2311 Pascha,
1568 2279 1714 2315 diligenter
1726 2288 1836 2315 quoquc

1051 2325 1195 2363 posuimus
1223 2324 1280 2360 (6);
1302 2332 1317 2351 a
1342 2325 1431 2359 primo
1461 2326 1606 2353 consulatu
1634 2326 1835 2361 religiosissimi

1051 2371 1226 2407 imperatoris
1240 2371 1401 2403 Theodosii,
1416 2375 1526 2399 centum
1547 2380 1634 2407 usque
1653 2379 1739 2399 annos
1751 2373 1836 2400 adne-

1048 2423 1166 2450 ctentes,
1200 2419 1282 2446 simul
1308 2427 1339 2446 ac
1360 2418 1569 2446 manilestantes
1594 2418 1706 2446 decimae
1731 2423 1837 2455 quarta

1048 2465 1120 2494 lunae
1136 2465 1275 2498 notitiam,
1287 2470 1314 2494 ct
1331 2465 1465 2493 Dominici
1477 2463 1618 2493 Paschalis
1635 2464 1700 2492 diei.
