1971 3068
176 158 211 186 53
677 153 862 184 THEOPHlLl
880 152 1036 180 EPISCOPI
1053 149 1289 179 ALEXANDBlNI
1763 147 1799 177 εὖ

174 222 226 251 pro
240 214 320 243 nobis
344 217 486 250 ingressus
508 219 561 247 est,
586 219 668 250 atque
686 215 747 249 ejus
766 214 812 249 qui
832 213 857 240 in
879 213 964 248 ﬁgura

1020 211 1086 247 ὑπὲρ
1101 210 1179 246 ἡμῶν
1195 209 1313 244 εἰσῆλθε,
1332 207 1378 234 καὶ
1398 207 1445 234 τοῦ
1461 207 1532 234 κατὰ
1550 206 1596 234 τὸν
1614 205 1699 233 τύπον
1715 206 1806 241 ἀρχιε-

174 261 273 288 summi
292 261 442 288 sacerdotis
459 269 560 288 munus
577 261 699 296 gerebat,
714 268 793 287 uelim
809 258 961 293 abrogavit.

173 311 275 334 aeterna
285 315 334 341 pro
347 307 426 335 nobis
441 307 630 342 redemptione
646 307 766 338 inventa,
776 314 807 332 ac
824 313 872 340 pro
886 304 964 332 nobis

175 353 262 380 vultui
280 353 325 380 Dei
339 361 369 381 se
385 354 497 380 sistens.
514 352 592 379 Tunc
613 352 723 386 quidem
740 351 824 378 semel
842 351 868 376 in
892 356 964 376 anno

175 398 251 425 solus
267 406 392 425 summus
405 397 534 425 sacerdos
549 397 575 424 in
588 397 686 424 Sancta
703 400 859 423 sanctorum
872 394 965 427 ingrc-

175 441 314 471 dieliatur.
333 443 434 478 populo
451 442 518 469 {oris
541 447 687 472 manente.
705 442 811 468 scilicet
827 440 862 466 ob
885 442 965 474 pote-

175 489 254 515 statis
279 490 456 516 tenuitatem:
478 489 603 516 Salvator
616 493 706 514 aulem
723 487 874 521 ingressus.
897 485 964 511 libe-

174 541 232 561 ram
248 535 349 570 cuique
367 536 469 562 volenti
484 534 605 562 intrandi
619 534 774 560 facultatem
792 531 875 559 dedit.

1019 258 1086 293 ρέως
1107 257 1232 283 πέπαυκε
1252 256 1301 290 τὴν
1321 255 1425 290 χρείαν,
1449 255 1514 289 ἡμῖν
1538 252 1649 280 αἰωνίαν
1673 251 1807 286 λύτρωσιν

1015 303 1176 339 εὑράμενος,
1188 302 1234 329 καὶ
1246 301 1315 336 ὑπὲρ
1326 300 1403 336 ἡμῶν
1420 300 1598 335 ἐμφανισθεὶς
1613 298 1651 334 τῷ
1669 297 1807 333 προσώπῳ

1015 349 1062 376 τοῦ
1087 349 1166 375 Θεοῦ,
1198 348 1265 374 Τότε
1294 347 1343 382 μὲν
1372 347 1444 379 ἅπαξ
1469 346 1516 372 τοῦ
1541 345 1665 372 ἐνιαυτοῦ
1690 345 1770 380 μόνος
1793 346 1807 371 6

1014 395 1160 430 ἀρχιερεὺς
1174 393 1317 428 εἰσήρχετο
1334 394 1371 423 εἰς
1387 392 1421 418 τὰ
1437 393 1503 426 ἅγια
1515 392 1570 418 τῶν
1585 392 1679 426 ἁγίων,
1695 391 1747 423 ἔξω
1759 391 1807 417 τοῦ

1014 441 1080 468 λαοῦ
1100 441 1242 476 μένοντος.
1262 439 1306 466 διὰ
1331 438 1361 465 τὸ
1388 439 1486 473 μικρὸν
1508 438 1557 473 τῆς
1573 438 1732 473 δυνάμεως’
1747 439 1761 464 ὀ
1779 437 1808 463 δὲ

1017 487 1113 522 Σωτὴρ
1127 486 1224 517 ἐπιϐὰς
1240 485 1332 512 ἄδειαν
1351 487 1406 517 τοῖς
1420 485 1591 521 βουλομένοις
1607 485 1734 512 δέδωκεν.

484 666 674 701 Fragmentum
688 674 721 693 ea:
734 665 854 700 Epistola
872 663 996 691 Pascliali
1013 671 1076 690 ann.
1093 663 1154 695 till,
1175 662 1189 698 §
1205 663 1231 694 5,
1248 669 1327 696 supra
1337 669 1399 697 pag.
1413 662 1476 688 616.

210 739 287 774 Apud
302 737 434 773 Cyrillum
445 737 522 764 Alex.
537 737 583 763 lib.
604 745 622 768 I,
635 736 675 762 De
696 739 769 762 recta
787 734 838 761 (ide
853 733 885 761 ad
900 733 976 800 ηεξςί

948 776 977 802 “9

1023 731 1123 786 ssimas
1151 731 1271 766 reginas,
1288 730 1353 764 Opp.
1367 734 1429 757 tom.
1452 729 1481 761 V,
1495 735 1565 764 part.
1590 738 1620 761 ιι,
1635 730 1682 756 sub
1710 732 1770 765 βω,

177 844 312 877 Theophili
324 843 450 877 episcopi,
469 850 501 868 ea:
519 850 638 868 sermone
653 841 780 875 inscripto
800 840 839 866 Αιι
856 847 904 867 eos
920 839 966 874 qui

395 887 456 904 runt
474 878 591 912 Origene
608 878 752 904 sentirent.

367 935 411 962 Sic
426 939 512 960 autem
526 933 591 960 dicit
604 932 635 960 de
649 931 765 960 Christo.

211 991 346 1019 Caaterum
370 999 404 1017 ne
428 991 451 1017 is
475 990 522 1024 qui
548 990 676 1023 apparuit
700 988 759 1015 solo
783 987 883 1018 verbo,
914 985 963 1013 sed

175 1039 276 1066 virtute
301 1044 410 1072 quoque
436 1043 517 1062 verus
540 1033 612 1062 Deus
628 1041 689 1062 esse
711 1033 881 1063 crederetur,
905 1031 964 1066 ipse

174 1091 287 1120 operum
310 1082 512 1118 magniﬁcentia
534 1081 719 1109 certissimum
736 1079 887 1106 divinitatis
907 1085 963 1104 sua:

175 1131 307 1158 indicium
336 1129 410 1156 fecit.
428 1128 569 1155 Perfectus
595 1128 687 1161 itaque
704 1126 775 1153 Deus
798 1132 860 1152 cum
879 1127 962 1154 esset.

175 1178 267 1205 factus
288 1180 330 1204 est
356 1176 499 1202 voluntate
516 1183 564 1202 sua
582 1175 681 1207 homo;
709 1181 796 1208 neque
814 1173 962 1208 quidquam

175 1223 308 1253 omnino,
334 1221 405 1256 quod
432 1221 559 1248 humana:
580 1225 683 1247 natunc
710 1223 855 1253 cognatum
873 1222 963 1249 esset,

175 1273 274 1304 pneter
290 1276 371 1295 unam
397 1268 507 1302 impiam
533 1267 664 1293 malitiam
681 1266 791 1301 reliquit
804 1275 811 1298 ;
825 1273 888 1292 nam
910 1264 963 1291 etsi

176 1316 277 1348 infans,
296 1315 453 1341 Emmanuel
472 1319 561 1341 tamen
578 1322 639 1341 esse
660 1313 870 1348 agnoscebatur.
888 1312 963 1338 Con-

175 1366 230 1390 stat
253 1369 371 1396 namque
394 1360 496 1394 Magos,
516 1360 561 1394 qui
584 1361 616 1386 ad
643 1360 717 1386 illum
736 1362 877 1389 venerunt,
901 1365 963 1384 eum

175 1408 266 1443 ipsum
287 1407 333 1442 qui
353 1409 530 1441 apparuerat,
546 1409 577 1432 ut
597 1405 680 1432 Deum
697 1405 837 1435 adorasse,
857 1411 963 1431 necnon

176 1452 348 1480 adorandum
364 1459 436 1484 esse,
456 1459 539 1486 opere
555 1451 615 1485 ipso
637 1454 766 1477 testatum
791 1449 901 1475 fecisse.
918 1447 964 1475 Sic

176 1506 286 1534 quoque
297 1498 360 1525 licet
371 1498 525 1525 secundum
539 1504 649 1524 carnem
663 1496 689 1523 in
704 1503 813 1523 crucem
826 1499 962 1530 ageretur.

177 1544 244 1572 solis
257 1547 346 1571 tamen
370 1544 462 1571 radios
487 1543 663 1578 reprimebat,
684 1549 808 1576 novoque
831 1540 964 1568 miraculo

1021 849 1168 880 Θεοφίλου
1197 846 1385 876 ἐπισκόπου,
1415 845 1449 871 ἐκ
1478 844 1530 871 τοῦ
1559 845 1814 879 αρίτσρωνητικοῦ-

1082 884 1175 915 λόγου
1192 881 1264 916 Πρὸς
1276 882 1339 912 τοὺς
1351 880 1516 916 φρονοῦντας
1531 880 1564 906 τὰ
1578 881 1740 915 Ὠριγένους.

1176 938 1253 971 ’Ἔφη
1269 936 1303 963 δὲ
1317 937 1411 969 οὕτως
1426 937 1491 970 περὶ
1507 936 1648 969 Χριστοῦ.

1054 995 1112 1021 Ἵνα
1126 994 1163 1030 μὴ
1175 995 1203 1020 ὲν
1220 994 1290 1028 λόγῳ
1310 994 1392 1028 μόνῳ,
1406 993 1474 1020 ἀλλὰ
1498 994 1544 1019 καὶ
1567 994 1595 1020 ὲν
1611 993 1724 1028 δυνάμει
1741 993 1807 1024 Θεὸς

1017 1039 1142 1075 ἀληθινὸς
1154 1040 1168 1065 ὁ
1180 1039 1273 1074 φανεὶς
1285 1037 1355 1065 εἶναι
1367 1038 1539 1073 πιστεύηται,
1548 1039 1580 1073 τῇ
1597 1038 1650 1064 τῶν
1661 1038 1808 1073 δρωμένων

1019 1084 1203 1121 μεγαλουργίᾳ
1216 1085 1265 1120 τὴν
1282 1085 1345 1120 περὶ
1365 1084 1446 1110 αὑτοῦ
1460 1083 1547 1118 δηλῶν
1562 1084 1721 1118 ἀσφάλειαν,
1737 1083 1807 1119 πλήηο

1019 1140 1068 1168 ρης
1085 1131 1133 1166 μὲν
1153 1130 1191 1157 ὢν
1210 1131 1286 1162 Θεὸς,
1305 1130 1454 1161 αὐτοτελῶς
1472 1130 1500 1156 δὲ
1520 1131 1743 1166 ὲνανθρωπήσας,
1761 1130 1807 1156 καὶ

1019 1178 1102 1213 μηδὲν
1133 1177 1305 1213 ἀνθρωπείας
1333 1177 1488 1211 ὁμοιώσεως
1517 1177 1681 1211 καταλείψας
1708 1176 1806 1207 ἐκτὸς,

1018 1223 1088 1259 πλὴν
1110 1224 1194 1260 μόνης
1213 1223 1262 1258 τῆς
1287 1223 1394 1249 ἀνοσίου
1417 1224 1526 1254 κακίας.
1554 1223 1608 1249 Καὶ
1630 1223 1729 1257 βρέφος
1753 1223 1808 1257 γὰρ

1018 1270 1173 1305 γενόμενος,
1202 1269 1375 1305 Ἐμμανουὴλ
1401 1269 1582 1303 ὡμολογεῖτο,
1615 1269 1710 1304 μάγων
1740 1269 1807 1304 πρὸς

1018 1316 1098 1342 αὐτδν
1115 1317 1218 1346 ἰόντων,
1236 1316 1281 1342 καὶ
1295 1315 1333 1350 τῷ
1349 1316 1513 1351 προσκυνεῖν
1528 1315 1576 1341 καὶ
1593 1315 1659 1341 Θεὸν
1679 1312 1748 1340 εἶναι
1763 1315 1807 1341 τὸν

1019 1362 1137 1397 φανέντα
1149 1361 1272 1396 βοώντων
1284 1370 1291 1377 °
1301 1362 1341 1388 ὅτι
1355 1362 1401 1388 καὶ
1415 1362 1496 1397 σαρκὶ
1509 1361 1719 1396 σταυροὺμενος,
1733 1361 1807 1396 ἡλίου

1019 1408 1192 1434 συνέστελλεν
1208 1409 1334 1439 ἀκτῖνας,
1358 1408 1404 1434 καὶ
1418 1407 1457 1442 τῷ
1479 1407 1546 1442 ξένῳ
1562 1406 1682 1441 θαύματι
1705 1406 1753 1441 τὴν
1770 1406 1808 1432 οἰ-

1018 1454 1095 1481 κείαν
1117 1454 1271 1489 σαφηνίζων
1291 1454 1422 1489 θεότητα,
1439 1453 1556 1488 οὐδαμοῦ
1574 1453 1722 1489 σκορπίσας
1744 1453 1807 1478 ἑαυ-

1018 1500 1074 1532 τὸν,
1097 1500 1113 1535 ἢ
1136 1499 1265 1531 διαλύσας
1291 1500 1331 1531 εἰς
1347 1499 1473 1535 σωτῆρας
1496 1499 1552 1525 δύο.
1582 1498 1663 1525 ’Δλλὰ
1684 1499 1731 1525 καὶ
1752 1499 1808 1529 τοῖς

1020 1547 1154 1582 μαθηταῖς
1170 1546 1246 1580 ἔλεγε
1257 1554 1264 1561 '
1277 1545 1326 1579 Μὴ
1340 1545 1488 1579 καλέσητε
1499 1545 1684 1572 διδάσκαλον
1694 1544 1742 1570 ἐπὶ
1755 1543 1808 1577 τῆς

177 1589 349 1616 divinitatem
365 1597 443 1616 suam
457 1589 515 1615 orbi
529 1593 663 1616 terrarum
677 1587 857 1622 patelaciebat
872 1596 879 1613 :
897 1595 964 1614 nus-

1020 1593 1089 1627 γῆς·
1107 1591 1150 1625 εἷς
1168 1592 1221 1627 γάρ
1237 1592 1323 1619 ἐστιν
1339 1591 1424 1626 ὑμῶν
1441 1590 1613 1625 καθηγητὴς
1635 1591 1652 1616 ό
1670 1589 1806 1623 Χριστός.

177 1640 260 1668 quam
282 1637 328 1660 aut
349 1641 380 1661 se
401 1634 491 1668 ipsum
507 1633 650 1664 divisisse,
670 1637 717 1658 aut
735 1633 762 1659 in
784 1633 854 1659 duos
875 1633 964 1658 salva-

177 1684 253 1707 tores
268 1679 436 1707 dissecuisse
453 1680 632 1713 comperitur.
649 1679 720 1711 Quin
735 1678 857 1712 ejusdem
875 1679 966 1713 potius

176 1733 304 1753 sermone
326 1725 475 1760 discipulos
493 1733 559 1752 suos
582 1726 764 1759 compellasse
789 1726 906 1759 legitur:
928 1726 967 1751 [Ve

178 1773 273 1800 vocetis
291 1773 447 1807 magistrum
463 1772 490 1798 in
508 1775 597 1803 terra;
617 1779 684 1797 unus
702 1776 740 1798 est
757 1771 825 1797 enim
842 1772 967 1806 magister

178 1824 262 1846 vester
276 1819 397 1846 Christus
408 1819 428 1845 ³.
443 1817 537 1853 Neque
550 1819 622 1845 enim
640 1818 750 1853 quando
765 1818 895 1852 apostolis
908 1818 966 1845 haec

179 1864 341 1899 imperabat,
357 1864 527 1891 divinitatem
546 1871 623 1890 suam
647 1871 662 1890 a
682 1871 798 1898 corpore
815 1865 888 1898 quod
905 1872 966 1891 cer-

179 1910 307 1942 nebatur,
321 1910 503 1948 lsejungebat,
518 1918 606 1944 neque
623 1918 744 1942 rursum,
759 1917 821 1936 cum
837 1918 866 1937 se
884 1909 964 1937 Chri<

180 1947 332 1984 stum'esse
347 1958 512 1989 testabatur,
535 1965 564 1984 se
581 1958 615 1984 ab
630 1958 722 1984 animo
744 1962 771 1985 et
789 1965 905 1993 corpore
922 1957 966 1985 di-

179 2003 312 2035 vellebat,
329 2005 377 2032 sed
409 2005 490 2032 simul
508 2008 674 2039 utrumque,
702 2004 754 2031 hoc
770 2009 829 2035 est,
854 2003 927 2031 Deus
940 2008 967 2031 et

1018 1640 1054 1666 Οὐ
1069 1639 1122 1674 γὰρ
1138 1638 1266 1665 ὅτετοῦτο
1277 1639 1332 1669 τοῖς
1340 1637 1497 1668 ἀποστόλοις
1506 1635 1672 1671 παρήγγειλε
1686 1635 1753 1670 (10),
1761 1634 1807 1660 τοῦ

1018 1686 1179 1722 φαινομένου
1205 1684 1330 1720 σώματος
1349 1685 1397 1718 τὴν
1420 1683 1523 1710 οἰκείαν
1542 1682 1651 1717 διώριζε
1675 1682 1806 1716 θεότητα·

1017 1733 1077 1759 οὐδὲ
1092 1733 1136 1758 ὅτε
1161 1731 1278 1767 Χριστὸν
1294 1730 1389 1757 ἑαυτὸν
1406 1729 1602 1765 διεμαρτύρετο
1624 1727 1704 1759 εἶναι,
1719 1726 1808 1762 ψυχῆς

1017 1778 1063 1805 καὶ
1082 1777 1184 1812 σαρκὸς
1203 1775 1353 1811 διωρίζετο,
1368 1775 1454 1806 οὕτως
1475 1775 1559 1809 ἄμφω
1572 1773 1723 1808 τυγχάνων,
1742 1771 1808 1802 Θεὸς

1017 1832 1046 1849 τε
1060 1823 1106 1850 καὶ
1123 1823 1276 1858 ἄνθρωπος,
1292 1821 1383 1852 δοῦλος
1396 1820 1543 1856 ὁρώμενος,
1557 1821 1604 1846 καὶ
1623 1819 1722 1853 Κύριος
1737 1826 1807 1852 γνω-

1019 1869 1171 1905 ριζόμενος,
1183 1869 1213 1894 τὸ
1235 1868 1283 1903 μὲν
1301 1867 1402 1902 ὑψηλὸν
1419 1867 1468 1902 τῆς
1490 1866 1615 1901 θεότητος
1637 1865 1674 1900 τῷ
1690 1863 1808 1898 ταπεινῷ

1017 1917 1066 1950 τῆς
1086 1915 1245 1950 ὲνανθρωπή
1250 1923 1318 1946 σεως
1335 1913 1576 1948 ὑποκρυπτόμενος
1598 1912 1762 1948 φρονήματι,
1777 1909 1809 1936 τὺ

1018 1961 1047 1988 δέ
1064 1970 1096 1996 γε
1113 1961 1239 1988 ταπεινὸν
1256 1959 1302 1986 τοῦ
1326 1960 1466 1996 ὁρωμένου
1483 1958 1607 1994 σώματος
1628 1959 1661 1993 τῇ
1684 1957 1733 1992 τῆς
1750 1955 1807 1982 θεό-

1019 2015 1099 2042 τητος
1118 2006 1274 2042 ὑπεραίρων
1288 2006 1423 2042 ἐνεργείᾳ.

181 2048 263 2076 homo
279 2054 349 2076 erat.
368 2050 470 2077 Servus
493 2051 593 2086 quippe
617 2054 686 2083 erat,
708 2051 755 2086 qui
778 2051 961 2086 cernebatur;
989 2052 1121 2081 Dominus
1136 2061 1201 2081 vero
1238 2053 1285 2088 qui
1310 2052 1526 2088 intelligebatur,
1549 2050 1660 2078 deitatis
1696 2047 1808 2075 celsitu-

179 2096 290 2129 dinem,
317 2097 413 2124 humili
439 2097 639 2124 incarnationis
664 2105 748 2125 sensu
774 2097 949 2133 occultabat;
977 2103 1073 2126 contra
1103 2107 1168 2127 vero
1185 2100 1321 2135 corporis,
1343 2098 1417 2132 quod
1434 2098 1593 2129 videbatur,
1623 2095 1806 2123 humilitatem

181 2142 282 2171 eﬂicaci
297 2142 408 2170 deitatis
423 2144 582 2178 operatione
593 2143 734 2171 evellebat.

461 2281 648 2316 Fragmentum
661 2289 693 2308 ea:
709 2281 800 2308 eadem
815 2282 934 2318 Epistola
950 2283 1074 2310 Pascliali
1089 2291 1152 2310 anu.
1168 2283 1229 2316 40!,
1248 2282 1300 2317 ἐῶ,
1317 2289 1376 2316 sup.
1385 2289 1445 2316 pag.
1462 2280 1523 2307 6l7.

606 2349 684 2384 Apud
699 2349 886 2376 Theodoritum
901 2349 969 2377 Dial.
986 2358 1017 2382 ll,
1035 2350 1101 2385 Opp.
1116 2355 1179 2376 tom.
1194 2348 1246 2382 IV,
1261 2357 1322 2384 pag.
1339 2348 1400 2375 101.

183 2421 260 2449 Beati
277 2419 412 2454 Theophili
422 2419 535 2452 episcopi
546 2417 726 2454 Alexande'ia’,
742 2425 775 2445 ea:
785 2418 817 2445 iis
829 2426 887 2454 qua:
900 2419 968 2445 srri-

1024 2419 1078 2446 Τοῦ
1107 2418 1255 2454 μακαρίου
1288 2417 1442 2454 osagitta;
1473 2415 1643 2454 ἐπίονκόεζου
1675 2415 1809 2449 Ἀλεξαν-

383 2454 433 2489 psit
450 2454 590 2481 Adversus
604 2453 757 2488 Origenem.

219 2511 274 2539 Nec
294 2510 474 2538 similitudine
488 2514 591 2542 nostra,
605 2517 686 2545 quam
703 2509 863 2544 assumpsit,
882 2509 909 2536 in
927 2509 968 2537 di-

184 2557 307 2584 vinitatis
327 2561 452 2583 naturam
470 2560 583 2588 mutata,
607 2563 656 2583 nec
677 2555 820 2583 divinitate
838 2556 924 2591 ipsius
937 2557 972 2584 in

185 2603 391 2630 similitudinem
405 2607 526 2630 nostram
542 2610 686 2630 conversa.
698 2602 787 2630 Manet
799 2603 883 2636 enim,
895 2603 968 2638 quod

185 2649 220 2676 ab
236 2649 314 2676 initio
338 2652 407 2681 erat,
424 2648 506 2679 Deus.
531 2653 623 2676 manet
646 2649 728 2676 etiam
752 2652 876 2676 nostram
894 2648 921 2676 in
940 2655 970 2677 se

185 2695 245 2731 ipso
262 2695 383 2723 retinens
397 2695 588 2723 substantiam.

221 2783 231 2799 '
246 2783 343 2812 Matth.
359 2791 439 2814 ut",
453 2783 481 2816 8,
499 2783 544 2810 10.

226 2871 284 2906 eo)
302 2870 366 2907 ιρις
385 2870 567 2906 παρήγγελλεν

1159 2451 1270 2487 δρείας,
1282 2453 1314 2479 ἐκ
1334 2451 1393 2478 τῶν
1407 2451 1486 2478 Κατὰ
1511 2451 1673 2486 Ὠριγένους.

1059 2510 1127 2537 Οὔτε
1145 2510 1194 2545 τῆς
1214 2509 1350 2545 ἡμετέρας
1365 2508 1529 2544 ὁμοιώσεως,
1547 2507 1614 2543 πρὸς
1632 2508 1664 2543 ἣν
1681 2507 1810 2534 κεκοινώ-

1024 2565 1115 2592 νηκεν⁹
1134 2557 1172 2588 εἰς
1187 2556 1312 2592 θεότητος
1324 2555 1404 2590 φύσιν
1422 2553 1670 2589 μεταῦαλλομὲνης,
1684 2554 1745 2580 οὔτε
1760 2554 1810 2588 τῆς

1025 2603 1149 2638 θεότητος
1160 2601 1242 2629 αὐτοῦ
1254 2601 1425 2638 τρεπομένης
1441 2601 1480 2632 εἰς
1494 2599 1542 2635 τὴν
1560 2600 1697 2634 ἡμετέραν
1711 2599 1809 2633 ὁμοίω-

1025 2657 1077 2675 σιν.
1089 2649 1172 2676 Μένει
1187 2648 1241 2684 γὰρ
1255 2647 1269 2675 ὃ
1283 2646 1317 2683 ἦν
1335 2647 1382 2674 ἀπ’
1395 2647 1494 2682 ἀρχῆς,
1509 2645 1591 2677 Θεός¹
1610 2646 1684 2681 μένει
1700 2645 1747 2673 καὶ
1761 2643 1809 2681 τὴν

1023 2694 1101 2730 ἡμῶν
1113 2695 1142 2722 ὲν
1158 2694 1247 2730 ἑαυτῷ
1265 2692 1481 2730 παρασκευάζων
1494 2691 1620 2728 ὕπαρξιν.
