1971 3068
157 115 193 143 59
654 114 841 143 TllEOPlllLl
860 114 1017 144 EPISCOPI
1036 114 1272 143 ALEXANDRINI
1754 110 1790 141 ω

157 173 295 209 quomodo
320 172 393 208 quod
410 176 452 202 est
477 173 581 208 aequale
603 174 779 208 praestantius
800 173 864 201 est?
883 172 950 206 Quae

1011 185 1014 198 ι
1031 173 1128 208 Λόγος,
1145 174 1192 201 καὶ
1208 171 1258 200 ἴσα
1268 173 1328 208 Θεῷ
1340 173 1425 205 ἐστιν,
1437 173 1465 199 ὲν
1482 172 1571 208 μορφῇ
1585 172 1613 198 δὲ
1622 170 1689 198 Θεοῦ
1705 171 1790 207 ὑπάρ-

157 221 230 248 enim
247 223 344 247 natura
366 219 497 247 inferiora
512 224 587 254 sunt,
604 227 699 248 eorum
715 227 774 256 quae
791 227 875 255 supra
888 220 950 255 ipsa

158 269 223 293 sntit
238 266 424 301 praestantiam
439 269 585 294 testantur.

1004 227 1061 254 χειν
1076 219 1122 245 καὶ
1143 217 1191 245 ῐσα
1212 218 1272 254 Θεῷ
1295 219 1345 254 τὴν
1366 218 1455 254 ψυχὴν
1479 216 1526 243 τοῦ
1551 216 1675 251 Σωτῆρος
1691 216 1791 251 οἴεται,

1003 263 1144 299 τολμήσας
1160 263 1232 290 οὕτω
1252 263 1367 298 γράψαι,
1387 263 1445 295 πῶς
1462 262 1492 289 τδ
1505 259 1562 288 ῐσον
1580 262 1701 298 κρεῖττόν
1716 262 1791 295 seu;

1003 308 1043 334 Τὰ
1059 308 1112 344 γὰρ
1133 308 1323 344 ὐποὸεὸηκότα
1336 309 1385 344 τὴν
1401 308 1498 344 φύσιν,
1512 308 1567 335 τῶν
1589 308 1659 344 ὑπὲρ
1680 307 1748 334 αὐτὰ
1763 308 1792 335 τί

1003 355 1126 390 κρεῖττον
1141 356 1284 390 μαρτυρεῖ.

664 468 855 504 Fragmentum
866 476 898 496 ea;
911 467 1033 504 Epistola
1050 469 1176 497 Paschali
1192 469 1224 496 V.

284 523 359 551 Inter
370 530 431 552 acta
445 526 550 553 concilii
569 526 696 561 Ephesini
708 531 780 561 part.
798 535 828 559 n,
843 527 926 559 acM,
940 527 1045 555 Concil.
1063 533 1127 556 tom.
1148 528 1209 562 III,
1221 536 1283 563 pag.
1295 527 1377 560 l055,
1392 527 1454 554 edat.
1476 526 1668 554 Veneto-Labb.

162 579 296 616 Theophili
310 582 474 618 sanctissimi
484 583 598 618 episcopi
608 583 788 617 Alexandria,
800 592 833 611 ea:
850 584 951 618 Quinta

420 617 544 646 Paschali
564 617 689 654 epistola.

196 703 309 730 Exstant
332 707 359 731 et
382 711 456 731 nunc
475 712 585 740 quoque
607 709 728 733 veterum
749 705 946 733 miraculorum

163 750 300 784 reliquiae.
318 749 405 777 Nemo
422 751 528 778 dubitet
542 751 609 786 quin
628 751 674 779 Dei
689 752 777 779 virtus
797 751 903 780 edicere
923 752 950 779 id

160 800 254 830 queat,
282 801 311 823 ut
332 797 408 832 virgo
426 798 530 832 pariat;
557 799 584 825 in
611 807 664 833 qua
692 800 797 834 utique,
822 800 901 828 nobis
921 804 952 828 ut

1008 587 1154 620 Θεοφίλου
1167 586 1220 613 τοῦ
1234 584 1395 621 ἀγιιιπάτου
1409 584 1577 621 ἐπισκόπου
1590 583 1644 617 τῆς
1660 582 1793 621 ᾈλεξαν-

1042 619 1160 655 ὀρείας,
1199 622 1231 648 ὲκ
1257 619 1315 656 τῆς
1348 620 1476 656 πέμπτης
1513 619 1705 654 Ἐορταστικὴς
1735 619 1794 644 ὲτιι-

1041 656 1147 692 στολῆς.
1528 674 1533 681 η

1042 712 1120 738 Ἔστι
1133 711 1186 747 γὰρ
1202 711 1250 738 καὶ
1263 711 1310 738 νῦν
1325 710 1378 737 τῶν
1393 709 1452 736 τότε
1463 709 1608 745 θαυμάτων
1620 709 1654 736 τὰ
1669 708 1795 744 λείψανα..

1003 757 1049 793 Μὴ
1072 757 1291 788 ἁπιστείτωσαν,
1307 757 1348 783 ὅτι
1370 755 1485 791 δύναμις
1508 755 1575 782 Θεοῦ
1595 755 1682 790 ἰσχύει
1708 756 1795 782 ποιεῖν

1003 802 1137 838 παρθένον
1150 802 1316 834 ἁποτίκτειν,
1332 801 1361 827 ἐν
1411 801 1554 835 γενόμενος
1565 801 1579 827 ὁ
1597 799 1652 832 ζῶν
1667 800 1714 827 τοῦ
1725 799 1793 826 Θεοῦ

161 843 381 876 assimilaretur,
406 844 497 871 vivum
525 845 572 873 Dei
603 845 721 874 Verbum
739 847 810 882 (alia
835 855 954 882 namque

1011 848 1090 882 λόγος
1106 847 1150 874 διὰ
1161 847 1210 883 τὴν
1227 847 1295 883 πρὸς
1307 848 1382 882 ἡμᾶς
1402 847 1530 881 ὁμοίωσιν
1540 855 1546 862 ·
1561 846 1648 877 ἄλλως
1662 845 1717 881 γὰρ
1736 854 1796 872 συν-

161 889 268 916 ratione
282 889 455 917 familiariter
471 891 543 918 inter
561 899 611 919 nos
626 892 731 919 versari
745 900 800 920 non
817 893 952 927 poterat),

160 939 196 959 ne
219 941 235 960 e
252 933 393 968 voluptate
417 938 444 962 et
469 942 577 968 somno,
600 940 630 962 ut
657 937 684 963 in
708 937 770 965 aliis
795 937 953 966 hominibus

160 978 320 1013 contingere
337 979 416 1010 solet.
431 987 531 1015 corpus
547 983 697 1014 sumeret’,
714 987 807 1010 nostra
825 984 954 1011 similitu-

161 1024 226 1052 dine
238 1029 361 1060 accepta,
378 1033 409 1053 ex
428 1026 535 1061 virgine
552 1027 653 1062 prodiit
667 1038 673 1055 :
690 1028 827 1057 hominem
841 1030 953 1065 quidem

161 1069 312 1097 secundum
329 1071 454 1098 servilem
473 1072 589 1100 formam
609 1073 688 1102 nobis
702 1075 775 1102 baud
790 1075 951 1102 dissimilem

165 1114 314 1142 videndum
328 1123 358 1143 se
384 1116 509 1151 prwbens
520 1138 527 1150 ,
543 1126 576 1145 ex
594 1120 723 1154 operibus
738 1125 829 1147 tamen
854 1121 954 1156 (opera

162 1160 234 1186 enim
264 1160 357 1188 divina
384 1162 528 1198 patrabat)
553 1165 675 1192 omnium
701 1170 728 1192 et
750 1165 895 1193 Dominqu
928 1170 956 1194 et

161 1204 288 1241 opiﬁcem
307 1213 337 1234 se
356 1215 418 1235 esse
430 1208 588 1237 ostendens.

1006 894 1110 929 ομιλείν
1125 895 1192 929 ἡμῖν
1207 893 1286 920 αὐτὸν
1301 893 1447 928 ἐγγύτερον
1459 893 1508 927 οὐχ
1520 890 1575 918 οἷόν
1588 901 1617 918 τε
1626 889 1660 927 ἦν
1670 900 1676 907 ·
1697 891 1742 918 ἴνα
1757 891 1794 926 μὴ

1007 939 1037 971 ἐξ
1049 939 1147 974 ἡδονῆς
1158 938 1204 964 καὶ
1221 937 1316 969 ὕπνου,
1330 937 1455 972 καθάπερ
1469 937 1515 963 ἐπὶ
1526 936 1580 963 τῶν
1592 936 1678 963 ἄλλων
1692 935 1796 970 ἀνθρώ-

1005 994 1065 1012 πων
1082 985 1148 1020 ἔχει,
1176 984 1284 1019 δέξηται
1304 984 1398 1019 σῶμα,
1416 983 1446 1010 τὸ
1471 984 1500 1010 ἐν
1523 981 1673 1018 ὁμοιώματι
1699 981 1795 1007 τούτου

1006 1032 1140 1067 λαμὸάνει
1165 1032 1197 1058 ἐκ
1222 1030 1356 1067 παρθένου
1384 1029 1559 1064 τικτόμενος’
1585 1027 1727 1063 ἄνθρωπος
1747 1026 1795 1062 μὲν

1007 1078 1178 1113 φαινόμενος,
1196 1077 1233 1108 ὡς
1250 1078 1341 1112 ἡμεῖς,
1354 1075 1425 1102 κατὰ
1439 1075 1487 1110 τὴν
1503 1074 1549 1101 τοῦ
1566 1073 1658 1100 δούλου
1676 1072 1793 1108 μορφὴν,

1007 1126 1039 1151 ὲκ
1054 1124 1082 1150 δὲ
1097 1123 1152 1150 τῶν
1167 1123 1255 1158 ἔργων
1278 1121 1521 1157 ἀποδεικνύμενος,
1540 1120 1581 1146 ὃτι
1597 1119 1651 1146 τῶν
1668 1118 1795 1145 ἁπάντων

1007 1169 1173 1204 δημιουργὸς
1189 1168 1236 1194 καὶ
1248 1166 1349 1202 Κύριός
1362 1167 1430 1199 ἐστι,
1446 1166 1572 1201 πράττων
1585 1163 1653 1199 ἔργα
1667 1162 1744 1190 Θεοῦ.

953 1268 1010 1296 Vll.

693 1324 883 1361 Fragmentum
892 1336 924 1356 ea;
940 1326 1063 1363 Epistola
1079 1324 1206 1352 Paschali
1222 1323 1267 1351 Vl.

952 1373 1021 1402 Ibid.

269 1416 408 1452 Ejusdem,
424 1423 455 1442 ea:
472 1415 556 1443 Sexta
572 1415 697 1444 Paschali
714 1403 839 1452 epistola.

1022 1418 1077 1446 Τοῦ
1103 1416 1206 1450 αὑτοῦ,
1229 1416 1264 1442 ἐκ
1279 1415 1328 1451 τῆς
1350 1414 1479 1476 ὲξὲὶςκμὲ)
1506 1413 1699 1449 Ἐορταστικῆς
1719 1413 1779 1439 ἑπι-

1347 1459 1377 1476 στ
1409 1459 1451 1476 ηε.

1347 1459 1451 1485 στολης.

200 1503 307 1532 Etenim
334 1507 364 1531 ut
393 1504 614 1537 prmstantissimi
634 1504 737 1540 quique
760 1506 880 1534 artiﬁces
899 1515 954 1535 non

1041 1509 1092 1539 Οἷα
1114 1510 1168 1546 γὰρ
1187 1509 1241 1536 τῶν
1261 1509 1390 1544 τεχνιτῶν
1406 1509 1430 1535 οἱ
1455 1509 1560 1544 ἄριστοι
1580 1507 1631 1534 οὐκ
1648 1507 1676 1534 ὲν
1692 1505 1797 1542 τιμίαις

166 1550 255 1577 solum
268 1550 295 1577 in
308 1549 391 1576 nobili
404 1550 531 1585 quapiam
545 1551 659 1577 materia
673 1556 758 1578 artem
773 1559 849 1579 suam
862 1556 955 1581 osten-

165 1595 273 1627 dentes,
288 1602 416 1630 magnam
435 1595 477 1622 sui
494 1595 700 1622 admirationem
712 1596 833 1623 excitare
847 1598 956 1631 solent;

165 1648 261 1668 verum
279 1641 362 1668 etiam
388 1641 468 1668 vilem
486 1648 587 1673 ceram,
609 1646 636 1668 et
654 1641 741 1668 lutum
761 1643 833 1677 quod
857 1643 959 1671 dissol-

166 1687 249 1720 vitur,
270 1695 342 1722 saape
366 1692 521 1719 sumentes,
539 1687 607 1714 artis
631 1695 687 1715 suae
703 1688 756 1714 vim
778 1689 805 1715 in
825 1697 857 1716 ea
872 1691 958 1725 expli-

167 1737 242 1765 cant,
257 1737 285 1760 et
309 1733 519 1760 cumulatiorem
545 1733 653 1760 laudem
680 1739 894 1767 promerentur:
920 1736 958 1763 ita

168 1786 235 1807 sane
245 1780 367 1806 omnium
380 1780 500 1814 optimus
515 1778 624 1811 artifex,
636 1779 727 1806 vivum
744 1779 810 1808 illud
823 1785 849 1808 et
862 1781 958 1810 efﬁcax

168 1824 216 1852 Dei
233 1824 352 1852 Verbum
362 1825 383 1856 ⁸,
399 1825 472 1860 quod
489 1825 646 1852 universam
666 1826 736 1853 hanc
751 1835 843 1854 rerum
859 1828 958 1856 molem

169 1872 239 1899 mira
257 1871 362 1909 ordinis
377 1871 566 1899 concinnitate
581 1873 734 1904 exornavit,
753 1881 807 1901 non
824 1878 958 1909 tanquam

169 1918 290 1953 pretiosa
314 1918 406 1952 aliqua
431 1917 555 1950 materia,
579 1918 629 1945 hoc
652 1923 703 1950 est,
722 1920 826 1947 cmlesti
844 1927 960 1955 corpore

170 1968 280 1999 sumpto
297 1964 331 1991 ad
360 1971 410 1991 nos
433 1963 592 1995 descendit,
610 1964 657 1992 sed
675 1965 702 1991 in
726 1965 783 1993 Iulo
808 1966 875 1993 artis
904 1974 960 1994 suae

170 2010 389 2045 magnitudinem
412 2009 580 2042 declaravit,
599 2010 662 2037 dum
684 2011 742 2046 ipse
765 2011 902 2039 hominem
927 2021 960 2040 ex

171 2056 237 2084 limo
249 2055 397 2083 formatum
409 2056 624 2089 instauraturus,
642 2064 710 2084 nova
725 2058 841 2093 quadam
856 2059 961 2086 ratione

173 2103 256 2130 homo
276 2111 308 2130 ex
324 2103 428 2137 virgine
445 2103 590 2137 processit.
611 2103 642 2129 Et
663 2105 789 2136 quamvis
807 2105 961 2133 nativitatis

176 2149 258 2176 modo
277 2156 292 2176 a
318 2149 398 2175 nobis
417 2148 554 2181 dilferret,
570 2149 778 2176 similitudinem
799 2154 890 2177 tamen
912 2157 962 2177 no-

1009 1558 1088 1593 μόνον
1111 1556 1188 1588 ὕλαις
1212 1555 1261 1591 τὴν
1284 1555 1381 1590 τέχνην
1408 1555 1563 1589 ἐκφαίνουσι
1585 1552 1796 1588 Θαυμαξόμενοι,

1007 1606 1064 1633 ἀλλ’
1075 1604 1200 1635 εὐτελοῦς
1215 1603 1300 1638 κηροῦ
1317 1603 1365 1629 καὶ
1378 1601 1462 1637 πηλοῦ
1477 1600 1651 1636 διαλυομένου
1669 1599 1797 1630 πολλάκις

1008 1649 1217 1685 ἐπειλημμένοι,
1236 1649 1286 1683 τῆς
1307 1648 1463 1682 ἐπιστήμης
1478 1646 1582 1672 ἑαυτῶν
1600 1643 1797 1671 ἐπιδεικνύουσι

1008 1696 1057 1731 τὴν
1072 1696 1197 1730 δύναμιν,
1219 1693 1307 1729 πολλῷ
1329 1693 1428 1728 μᾶλλον
1455 1691 1662 1726 ἐπαινούμενοι·
1683 1689 1768 1720 οὕτως
1783 1689 1797 1714 ὁ

1009 1743 1117 1769 πάντων
1135 1741 1345 1777 ἁριστοτέχνης,
1365 1741 1379 1766 ὁ
1403 1739 1457 1771 ζῶν
1472 1738 1517 1765 καὶ
1539 1737 1652 1772 ἐνεργὴς
1669 1736 1715 1763 τοῦ
1730 1734 1799 1762 Θεοῦ

1008 1789 1104 1823 Λόγος,
1121 1788 1223 1820 τάξεως
1241 1787 1359 1823 ἁρμονίᾳ.
1380 1786 1567 1821 διακοσμήσας
1586 1785 1620 1811 τὰ
1642 1783 1797 1818 σύμπαντα,

1009 1835 1058 1870 οὐχ
1080 1832 1125 1861 οἷά
1147 1842 1218 1866 τινος
1238 1834 1330 1870 τιμίας
1348 1832 1423 1868 ὕλης,
1440 1831 1564 1867 οὐρανίου
1582 1830 1729 1865 λαϐόμενος
1744 1828 1798 1854 σώ-

1011 1889 1107 1917 ματος,
1124 1880 1192 1915 πρὸς
1208 1880 1281 1914 ἡμᾶς
1304 1879 1426 1913 ἀφῖκται,
1451 1876 1508 1904 ἀλλ’
1530 1877 1559 1902 ὲν
1581 1874 1658 1910 πηλῷ
1673 1874 1702 1900 τὸ
1728 1874 1798 1908 μέγα

1010 1927 1059 1958 τῆς
1074 1925 1171 1952 ἑαυτοῦ
1187 1925 1306 1952 δείκνυσι
1318 1925 1427 1959 τέχνης,
1442 1923 1486 1950 τὸν
1501 1923 1532 1949 ἐκ
1549 1921 1634 1957 πηλοῦ
1646 1920 1798 1947 πλασθέντα

1010 1971 1200 2007 διορθούμενος
1225 1970 1376 2005 ἄνθρωπον,
1395 1969 1475 2001 αὐτὸς
1499 1969 1531 1995 ὲκ
1547 1967 1686 2002 Παρθένου
1708 1974 1801 1992 καινοο

1012 2017 1124 2054 πρεπῶς
1136 2017 1238 2052 προῖὼν
1257 2017 1399 2052 ἄνθρωπος
1411 2025 1418 2030 ·
1433 2015 1472 2050 τῷ
1489 2014 1538 2050 μὲν
1551 2014 1642 2050 τρόπῳ
1657 2013 1707 2047 τῆς
1721 2012 1798 2046 γενέ-

1013 2072 1082 2094 σεως
1109 2063 1290 2094 διαλλάττων,
1315 2062 1364 2098 τὴν
1384 2061 1412 2088 δὲ
1431 2060 1501 2088 κατὰ
1519 2060 1606 2087 πάντα
1632 2059 1700 2094 πρὸς
1727 2057 1800 2092 ἡμᾶς

1012 2109 1096 2144 χωρὶς
1124 2108 1262 2144 ἁμαρτίας
1289 2108 1338 2134 οὐκ
1371 2107 1500 2142 ἐκφυγεῖν
1527 2105 1622 2140 κρίνας
1651 2104 1797 2139 ὁμοίωσιν·

1013 2155 1181 2189 τικτόμενος,
1203 2152 1460 2189 σπαργανούμενος,
1482 2152 1683 2187 τιθηνούμενος,
1701 2149 1800 2185 βρέφος

177 2200 264 2223 stram
286 2198 427 2231 (peccato
453 2196 586 2223 duntaxat
611 2197 768 2233 exeepto')
795 2205 844 2232 per
871 2198 956 2225 omni:

1015 2200 1044 2226 ὲν
1061 2200 1147 2235 φάτνῃ
1164 2199 1298 2234 κείμενος,
1313 2199 1362 2234 τῆς
1379 2198 1486 2232 φύσεως
1502 2196 1579 2232 ἡμῶν
1593 2197 1642 2231 τὴν
1659 2194 1800 2222 ἀσθένειαν

176 2243 392 2277 amplectendam
409 2242 589 2270 existimavit.
606 2242 675 2270 Nam
690 2248 716 2270 et
729 2244 862 2277 nascitur,
879 2249 905 2272 et
923 2245 963 2272 fa-

175 2285 240 2312 sciis
269 2285 427 2318 involvitur,
442 2290 470 2313 et
492 2287 618 2319 laetatur,
634 2291 661 2314 et
677 2287 768 2317 infans
784 2289 811 2316 in
829 2289 964 2324 praesepio

176 2331 335 2366 ponitur”;
361 2335 389 2358 et
413 2339 509 2360 omnes
535 2333 653 2368 denique
673 2338 784 2369 propter
798 2335 855 2370 jam
875 2335 963 2364 dictas

177 2385 277 2405 causas
293 2382 398 2405 naturae
412 2383 514 2406 nostra:
537 2378 711 2407 inﬁrmitates
726 2381 875 2415 experitur.
892 2380 963 2408 lnte-

178 2423 229 2450 rim
256 2427 347 2451 tamen
375 2432 437 2451 cum
463 2424 555 2452 infans
579 2425 668 2452 adhuc
695 2431 784 2460 esset,
820 2427 961 2454 inimicum

1015 2244 1192 2279 ἐκδεχόμενος
1203 2243 1247 2269 διὰ
1261 2243 1310 2274 τὰς
1326 2241 1513 2278 προλαὸούσας
1528 2240 1664 2276 ἁμαρτιας
1682 2239 1737 2274 (15)
1752 2238 1800 2264 καὶ

1016 2290 1114 2322 αἰτίας.
1135 2290 1204 2316 Ἀλλ’
1217 2290 1257 2316 ἔτι
1281 2289 1380 2325 βρέφος
1399 2288 1446 2321 ὢν,
1474 2287 1541 2323 ὁμοῦ
1562 2286 1608 2313 καὶ
1626 2285 1672 2312 τὸν
1693 2283 1798 2320 ἐχθρὸν,

1015 2336 1063 2362 καὶ
1078 2336 1126 2371 τὴν
1146 2335 1241 2362 τούτου
1263 2335 1372 2371 θορυϐεῖ
1385 2334 1521 2370 φάλαγγα,
1537 2333 1640 2369 μάγους
1652 2332 1738 2358 ’ἐλκων
1755 2330 1800 2358 ἐπὶ

1017 2382 1179 2416 μετάνοιαν,
1207 2381 1255 2408 καὶ
1288 2379 1503 2416 παρασκευάζων
1525 2378 1571 2405 τοῦ
1593 2376 1801 2407 ἀποστείλαντος

1015 2428 1112 2460 αὐτοὺς
1125 2429 1298 2463 περιφρονεῖν
1310 2427 1366 2463 (Η)
1382 2426 1524 2462 βασιλέως.

179 2468 320 2505 ipsiusque
338 2467 478 2498 cohortem
497 2472 640 2506 exterruit,
656 2480 750 2508 magos
785 2473 819 2501 ad
838 2474 1027 2509 penitentiam
1060 2476 1210 2508 adducens,
1232 2479 1260 2502 et
1295 2479 1324 2503 ut
1338 2482 1429 2512 regem
1455 2481 1471 2502 a
1496 2481 1551 2510 quo
1572 2471 1649 2501 missi
1682 2470 1800 2499 fuerant.

181 2520 396 2551 contemnerent,
413 2517 542 2546 eﬁiciens.

218 2606 227 2621 ’
244 2606 307 2641 Sap.
322 2613 370 2639 vn,
386 2606 412 2634 3.
449 2606 551 2636 'chr.
568 2607 664 2642 lv,12.
695 2609 705 2625 ⁹
718 2608 783 2636 Ibid.
800 2608 843 2636 15.
881 2609 902 2625 ⁸⁸
917 2608 1025 2642 Luc.n,
1039 2609 1064 2636 7.

219 2693 275 2730 (ἓξ)
296 2693 359 2730 [λθε-
375 2694 467 2730 ἕκτης-

218 2728 275 2764 (13)
376 2728 473 2762 αἰτίας.

1056 2698 1065 2733 (
1070 2699 1112 2734 lt)
1132 2698 1197 2735 Leg.
1212 2698 1407 2736 καταφρονεῑνι

847 2816 1154 2833 -—-——uo-—-——
