  <div class='ocr_page' id='page_1' title='image "/cluster/home/n/w/nwhite01/storage/ocr_20150623/65/njp.32101077772687/036.png"; bbox 0 0 1971 3068; ppageno 0'>
   <div class='ocr_carea' id='block_1_1' title="bbox 221 162 1019 193">
    <p class='ocr_par' dir='ltr' id='par_1_1' title="bbox 221 163 1019 193">
     <span class='ocr_line' id='line_1_1' title="bbox 221 163 1019 193; baseline -0.004 -1"><span class='ocrx_word' id='word_1_1' title='bbox 221 163 256 192; x_wconf 82' lang='grc' dir='ltr'>ει</span> <span class='ocrx_word' id='word_1_2' title='bbox 811 163 992 193; x_wconf 69' lang='grc' dir='ltr'><strong><em>ΕΡΙΞΤΟΙΛΕ</em></strong></span> <span class='ocrx_word' id='word_1_3' title='bbox 1012 169 1019 189; x_wconf 79' lang='lat' dir='ltr'><strong><em>t</em></strong></span> 
     </span>
    </p>
   </div>
   <div class='ocr_carea' id='block_1_2' title="bbox 1069 162 1845 193">
    <p class='ocr_par' dir='ltr' id='par_1_2' title="bbox 1077 162 1845 192">
     <span class='ocr_line' id='line_1_2' title="bbox 1077 162 1845 192; baseline 0 -3"><span class='ocrx_word' id='word_1_4' title='bbox 1077 162 1256 192; x_wconf 77' lang='lat' dir='ltr'><strong><em>DIVERSOS.</em></strong></span> <span class='ocrx_word' id='word_1_5' title='bbox 1808 162 1845 190; x_wconf 62' lang='lat'><strong><em>6)</em></strong></span> 
     </span>
    </p>
   </div>
   <div class='ocr_carea' id='block_1_3' title="bbox 222 247 1813 266">
    <p class='ocr_par' dir='ltr' id='par_1_3' title="bbox 222 247 1813 266">
     <span class='ocr_line' id='line_1_3' title="bbox 222 247 1813 266; baseline 0 -2"><span class='ocrx_word' id='word_1_6' title='bbox 222 247 1813 266; x_wconf 46' lang='lat' dir='ltr'><strong><em>nam</em></strong></span> 
     </span>
    </p>
   </div>
   <div class='ocr_carea' id='block_1_4' title="bbox 393 333 1672 394">
    <p class='ocr_par' dir='ltr' id='par_1_4' title="bbox 393 333 1672 394">
     <span class='ocr_line' id='line_1_4' title="bbox 393 333 1672 394; baseline -0.003 0"><span class='ocrx_word' id='word_1_7' title='bbox 393 337 780 394; x_wconf 86' lang='lat' dir='ltr'><strong><em>THEOPHILI</em></strong></span> <span class='ocrx_word' id='word_1_8' title='bbox 811 334 1306 392; x_wconf 80' lang='lat' dir='ltr'><strong><em>ALEXANDRINI</em></strong></span> <span class='ocrx_word' id='word_1_9' title='bbox 1346 333 1672 391; x_wconf 85' lang='lat' dir='ltr'><strong><em>EPISCOPI</em></strong></span> 
     </span>
    </p>
   </div>
   <div class='ocr_carea' id='block_1_5' title="bbox 649 443 1412 489">
    <p class='ocr_par' dir='ltr' id='par_1_5' title="bbox 649 443 1412 489">
     <span class='ocr_line' id='line_1_5' title="bbox 649 443 1412 489; baseline -0.001 -1"><span class='ocrx_word' id='word_1_10' title='bbox 649 444 961 489; x_wconf 72' lang='lat' dir='ltr'><strong><em>EPISTOLIE</em></strong></span> <span class='ocrx_word' id='word_1_11' title='bbox 987 443 1062 487; x_wconf 86' lang='lat' dir='ltr'><strong>AD</strong></span> <span class='ocrx_word' id='word_1_12' title='bbox 1098 443 1412 489; x_wconf 83' lang='lat' dir='ltr'><strong><em>DIVERSOS.</em></strong></span> 
     </span>
    </p>
   </div>
   <div class='ocr_carea' id='block_1_6' title="bbox 397 576 836 605">
    <p class='ocr_par' dir='ltr' id='par_1_6' title="bbox 397 576 836 605">
     <span class='ocr_line' id='line_1_6' title="bbox 397 576 836 605; baseline -0.007 0"><span class='ocrx_word' id='word_1_13' title='bbox 397 577 417 605; x_wconf 92' lang='lat' dir='ltr'><strong><em>l.</em></strong></span> <span class='ocrx_word' id='word_1_14' title='bbox 431 577 579 605; x_wconf 67' lang='lat' dir='ltr'><strong><em>Tnaoenuu</em></strong></span> <span class='ocrx_word' id='word_1_15' title='bbox 595 584 629 604; x_wconf 79' lang='lat' dir='ltr'><strong>AD</strong></span> <span class='ocrx_word' id='word_1_16' title='bbox 644 576 836 604; x_wconf 74' lang='lat' dir='ltr'><strong><em>HIEIONYIUI.</em></strong></span> 
     </span>
    </p>
   </div>
   <div class='ocr_carea' id='block_1_7' title="bbox 223 634 1005 672">
    <p class='ocr_par' dir='ltr' id='par_1_7' title="bbox 223 634 1005 672">
     <span class='ocr_line' id='line_1_7' title="bbox 223 634 1005 672; baseline -0.005 -6"><span class='ocrx_word' id='word_1_17' title='bbox 223 638 338 666; x_wconf 83' lang='lat' dir='ltr'><strong><em>Nuntiat</em></strong></span> <span class='ocrx_word' id='word_1_18' title='bbox 357 637 479 672; x_wconf 72' lang='lat' dir='ltr'><strong><em>expulsas</em></strong></span> <span class='ocrx_word' id='word_1_19' title='bbox 494 645 508 664; x_wconf 87' lang='lat' dir='ltr'><strong><em>e</em></strong></span> <span class='ocrx_word' id='word_1_20' title='bbox 524 635 622 672; x_wconf 67' lang='lat' dir='ltr'><strong><em>Nitriae</em></strong></span> <span class='ocrx_word' id='word_1_21' title='bbox 645 635 812 672; x_wconf 84' lang='lat' dir='ltr'><strong><em>monasteriis</em></strong></span> <span class='ocrx_word' id='word_1_22' title='bbox 831 634 1005 672; x_wconf 82' lang='lat' dir='ltr'><strong><em>Origenistas,</em></strong></span> 
     </span>
    </p>
   </div>
   <div class='ocr_carea' id='block_1_8' title="bbox 248 670 976 708">
    <p class='ocr_par' dir='ltr' id='par_1_8' title="bbox 248 670 976 708">
     <span class='ocr_line' id='line_1_8' title="bbox 248 670 976 708; baseline -0.005 -8"><span class='ocrx_word' id='word_1_23' title='bbox 248 670 428 708; x_wconf 83' lang='lat' dir='ltr'><strong><em>hortaturque,</em></strong></span> <span class='ocrx_word' id='word_1_24' title='bbox 447 672 470 698; x_wconf 74' lang='lat' dir='ltr'><strong><em>si</em></strong></span> <span class='ocrx_word' id='word_1_25' title='bbox 481 672 526 706; x_wconf 81' lang='lat' dir='ltr'><strong><em>qui</em></strong></span> <span class='ocrx_word' id='word_1_26' title='bbox 541 671 588 698; x_wconf 88' lang='lat' dir='ltr'><strong><em>alii</em></strong></span> <span class='ocrx_word' id='word_1_27' title='bbox 599 671 698 704; x_wconf 76' lang='lat' dir='ltr'><strong><em>decepti</em></strong></span> <span class='ocrx_word' id='word_1_28' title='bbox 714 675 788 702; x_wconf 83' lang='lat' dir='ltr'><strong><em>sunt,</em></strong></span> <span class='ocrx_word' id='word_1_29' title='bbox 804 674 833 696; x_wconf 91' lang='lat' dir='ltr'><strong><em>ut</em></strong></span> <span class='ocrx_word' id='word_1_30' title='bbox 848 670 976 697; x_wconf 75' lang='lat' dir='ltr'><strong><em>emendet.</em></strong></span> 
     </span>
    </p>
   </div>
   <div class='ocr_carea' id='block_1_9' title="bbox 222 715 1006 752">
    <p class='ocr_par' dir='ltr' id='par_1_9' title="bbox 222 715 1006 752">
     <span class='ocr_line' id='line_1_9' title="bbox 222 715 1006 752; baseline -0.005 -5"><span class='ocrx_word' id='word_1_31' title='bbox 222 719 319 747; x_wconf 76' lang='lat' dir='ltr'><strong><em>Exstat.</em></strong></span> <span class='ocrx_word' id='word_1_32' title='bbox 343 727 375 747; x_wconf 76' lang='lat' dir='ltr'><strong><em>ex</em></strong></span> <span class='ocrx_word' id='word_1_33' title='bbox 397 717 620 752; x_wconf 72' lang='lat' dir='ltr'><strong><em>interpretatione</em></strong></span> <span class='ocrx_word' id='word_1_34' title='bbox 646 715 814 752; x_wconf 83' lang='lat' dir='ltr'><strong><em>Hieronymi,</em></strong></span> <span class='ocrx_word' id='word_1_35' title='bbox 829 715 897 751; x_wconf 90' lang='lat' dir='ltr'><strong><em>Opp.</em></strong></span> <span class='ocrx_word' id='word_1_36' title='bbox 918 717 1006 751; x_wconf 86' lang='lat' dir='ltr'><strong>ipsius</strong></span> 
     </span>
    </p>
   </div>
   <div class='ocr_carea' id='block_1_10' title="bbox 483 752 742 784">
    <p class='ocr_par' dir='ltr' id='par_1_10' title="bbox 483 752 742 784">
     <span class='ocr_line' id='line_1_10' title="bbox 483 752 742 784; baseline 0.004 -6"><span class='ocrx_word' id='word_1_37' title='bbox 483 757 549 779; x_wconf 91' lang='lat' dir='ltr'><strong><em>tom.</em></strong></span> <span class='ocrx_word' id='word_1_38' title='bbox 567 752 586 784; x_wconf 86' lang='grc' dir='ltr'><strong><em>Ι,</em></strong></span> <span class='ocrx_word' id='word_1_39' title='bbox 605 752 657 779; x_wconf 92' lang='lat' dir='ltr'><strong><em>col.</em></strong></span> <span class='ocrx_word' id='word_1_40' title='bbox 681 752 742 779; x_wconf 82' lang='grc'><strong><em>755.</em></strong></span> 
     </span>
    </p>
   </div>
   <div class='ocr_carea' id='block_1_11' title="bbox 408 807 811 837">
    <p class='ocr_par' dir='ltr' id='par_1_11' title="bbox 408 807 811 837">
     <span class='ocr_line' id='line_1_11' title="bbox 408 807 811 837; baseline -0.002 -1"><span class='ocrx_word' id='word_1_41' title='bbox 408 808 558 837; x_wconf 71' lang='lat' dir='ltr'><strong><em>Hienonrul</em></strong></span> <span class='ocrx_word' id='word_1_42' title='bbox 576 816 609 835; x_wconf 63' lang='lat' dir='ltr'><strong><em>an</em></strong></span> <span class='ocrx_word' id='word_1_43' title='bbox 626 807 811 835; x_wconf 75' lang='lat' dir='ltr'><strong><em>Tneoruttuu.</em></strong></span> 
     </span>
    </p>
   </div>
   <div class='ocr_carea' id='block_1_12' title="bbox 219 854 1005 890">
    <p class='ocr_par' dir='ltr' id='par_1_12' title="bbox 219 854 1005 890">
     <span class='ocr_line' id='line_1_12' title="bbox 219 854 1005 890; baseline -0.004 -7"><span class='ocrx_word' id='word_1_44' title='bbox 219 855 367 890; x_wconf 80' lang='lat' dir='ltr'><strong><em>Respondet</em></strong></span> <span class='ocrx_word' id='word_1_45' title='bbox 378 856 506 889; x_wconf 87' lang='lat' dir='ltr'><strong><em>superiori</em></strong></span> <span class='ocrx_word' id='word_1_46' title='bbox 511 855 666 889; x_wconf 84' lang='lat' dir='ltr'><strong><em>,laudatque</em></strong></span> <span class='ocrx_word' id='word_1_47' title='bbox 678 854 861 890; x_wconf 68' lang='lat' dir='ltr'><strong><em>Theophilum,</em></strong></span> <span class='ocrx_word' id='word_1_48' title='bbox 873 861 919 888; x_wconf 87' lang='lat' dir='ltr'><strong><em>per</em></strong></span> <span class='ocrx_word' id='word_1_49' title='bbox 930 862 1005 888; x_wconf 86' lang='lat' dir='ltr'><strong><em>quem</em></strong></span> 
     </span>
    </p>
   </div>
   <div class='ocr_carea' id='block_1_13' title="bbox 258 888 1004 924">
    <p class='ocr_par' dir='ltr' id='par_1_13' title="bbox 258 888 1004 924">
     <span class='ocr_line' id='line_1_13' title="bbox 258 888 1004 924; baseline -0.003 -7"><span class='ocrx_word' id='word_1_50' title='bbox 258 888 308 917; x_wconf 77' lang='lat' dir='ltr'><strong><em>non</em></strong></span> <span class='ocrx_word' id='word_1_51' title='bbox 321 888 552 924; x_wconf 49' lang='lat' dir='ltr'><strong><em>solumJEgyptus</em></strong></span> <span class='ocrx_word' id='word_1_52' title='bbox 564 895 588 917; x_wconf 91' lang='lat' dir='ltr'><strong><em>et</em></strong></span> <span class='ocrx_word' id='word_1_53' title='bbox 603 888 700 924; x_wconf 83' lang='lat' dir='ltr'><strong><em>Syria,</em></strong></span> <span class='ocrx_word' id='word_1_54' title='bbox 714 889 758 916; x_wconf 83' lang='lat' dir='ltr'><strong><em>sed</em></strong></span> <span class='ocrx_word' id='word_1_55' title='bbox 773 894 798 916; x_wconf 83' lang='lat' dir='ltr'><strong><em>et</em></strong></span> <span class='ocrx_word' id='word_1_56' title='bbox 816 888 900 916; x_wconf 84' lang='lat' dir='ltr'><strong><em>Italia</em></strong></span> <span class='ocrx_word' id='word_1_57' title='bbox 920 890 1004 916; x_wconf 78' lang='lat' dir='ltr'><strong><em>omnis</em></strong></span> 
     </span>
    </p>
   </div>
   <div class='ocr_carea' id='block_1_14' title="bbox 256 925 600 953">
    <p class='ocr_par' dir='ltr' id='par_1_14' title="bbox 256 925 600 953">
     <span class='ocr_line' id='line_1_14' title="bbox 256 925 600 953; baseline -0.003 0"><span class='ocrx_word' id='word_1_58' title='bbox 256 927 375 953; x_wconf 60' lang='lat' dir='ltr'><strong><em>liberatae</em></strong></span> <span class='ocrx_word' id='word_1_59' title='bbox 388 927 439 953; x_wconf 87' lang='lat' dir='ltr'><strong><em>sint</em></strong></span> <span class='ocrx_word' id='word_1_60' title='bbox 452 926 484 952; x_wconf 86' lang='lat' dir='ltr'><strong><em>ab</em></strong></span> <span class='ocrx_word' id='word_1_61' title='bbox 496 925 600 952; x_wconf 64' lang='lat' dir='ltr'><strong><em>heresi.</em></strong></span> 
     </span>
    </p>
   </div>
   <div class='ocr_carea' id='block_1_15' title="bbox 588 970 654 998">
    <p class='ocr_par' dir='ltr' id='par_1_15' title="bbox 588 970 654 998">
     <span class='ocr_line' id='line_1_15' title="bbox 588 970 654 998; baseline 0.015 -1"><span class='ocrx_word' id='word_1_62' title='bbox 588 970 654 998; x_wconf 86' lang='lat' dir='ltr'><strong><em>Ibid.</em></strong></span> 
     </span>
    </p>
   </div>
   <div class='ocr_carea' id='block_1_16' title="bbox 385 1027 836 1056">
    <p class='ocr_par' dir='ltr' id='par_1_16' title="bbox 385 1027 836 1056">
     <span class='ocr_line' id='line_1_16' title="bbox 385 1027 836 1056; baseline -0.002 -1"><span class='ocrx_word' id='word_1_63' title='bbox 385 1028 417 1056; x_wconf 72' lang='grc' dir='ltr'><strong><em>Ι.</em></strong></span> <span class='ocrx_word' id='word_1_64' title='bbox 433 1028 580 1055; x_wconf 76' lang='lat' dir='ltr'><strong><em>Tnsorutu</em></strong></span> <span class='ocrx_word' id='word_1_65' title='bbox 598 1036 633 1055; x_wconf 64' lang='lat' dir='ltr'><strong><em>an</em></strong></span> <span class='ocrx_word' id='word_1_66' title='bbox 649 1027 836 1055; x_wconf 76' lang='lat' dir='ltr'><strong><em>Hienonvnun.</em></strong></span> 
     </span>
    </p>
   </div>
   <div class='ocr_carea' id='block_1_17' title="bbox 217 1085 1004 1122">
    <p class='ocr_par' dir='ltr' id='par_1_17' title="bbox 217 1085 1004 1122">
     <span class='ocr_line' id='line_1_17' title="bbox 217 1085 1004 1122; baseline -0.001 -8"><span class='ocrx_word' id='word_1_67' title='bbox 217 1085 323 1120; x_wconf 77' lang='lat' dir='ltr'><strong><em>llonet,</em></strong></span> <span class='ocrx_word' id='word_1_68' title='bbox 347 1086 669 1122; x_wconf 23' lang='lat' dir='ltr'><strong><em>explosos70rigenistas.</em></strong></span> <span class='ocrx_word' id='word_1_69' title='bbox 691 1090 720 1112; x_wconf 86' lang='lat' dir='ltr'><strong><em>ut</em></strong></span> <span class='ocrx_word' id='word_1_70' title='bbox 752 1085 883 1118; x_wconf 73' lang='lat' dir='ltr'><strong><em>occultos,</em></strong></span> <span class='ocrx_word' id='word_1_71' title='bbox 914 1087 938 1113; x_wconf 79' lang='lat' dir='ltr'><strong><em>si</em></strong></span> <span class='ocrx_word' id='word_1_72' title='bbox 958 1087 1004 1122; x_wconf 82' lang='lat' dir='ltr'><strong><em>qui</em></strong></span> 
     </span>
    </p>
   </div>
   <div class='ocr_carea' id='block_1_18' title="bbox 393 1121 798 1152">
    <p class='ocr_par' dir='ltr' id='par_1_18' title="bbox 393 1121 798 1152">
     <span class='ocr_line' id='line_1_18' title="bbox 393 1121 798 1152; baseline 0 -4"><span class='ocrx_word' id='word_1_73' title='bbox 393 1127 454 1148; x_wconf 89' lang='lat' dir='ltr'><strong><em>sunt</em></strong></span> <span class='ocrx_word' id='word_1_74' title='bbox 469 1121 634 1152; x_wconf 77' lang='lat' dir='ltr'><strong><em>Palwstime,</em></strong></span> <span class='ocrx_word' id='word_1_75' title='bbox 648 1122 798 1148; x_wconf 82' lang='lat' dir='ltr'><strong><em>insectetur.</em></strong></span> 
     </span>
    </p>
   </div>
   <div class='ocr_carea' id='block_1_19' title="bbox 497 1166 722 1199">
    <p class='ocr_par' dir='ltr' id='par_1_19' title="bbox 497 1166 722 1199">
     <span class='ocr_line' id='line_1_19' title="bbox 497 1166 722 1199; baseline 0 -6"><span class='ocrx_word' id='word_1_76' title='bbox 497 1167 579 1199; x_wconf 87' lang='lat' dir='ltr'><strong><em>lbid.,</em></strong></span> <span class='ocrx_word' id='word_1_77' title='bbox 593 1167 647 1194; x_wconf 87' lang='lat' dir='ltr'><strong><em>col.</em></strong></span> <span class='ocrx_word' id='word_1_78' title='bbox 658 1166 722 1194; x_wconf 79' lang='grc'><strong><em>756.</em></strong></span> 
     </span>
    </p>
   </div>
   <div class='ocr_carea' id='block_1_20' title="bbox 382 1222 835 1251">
    <p class='ocr_par' dir='ltr' id='par_1_20' title="bbox 382 1222 835 1251">
     <span class='ocr_line' id='line_1_20' title="bbox 382 1222 835 1251; baseline -0.002 0"><span class='ocrx_word' id='word_1_79' title='bbox 382 1223 425 1251; x_wconf 91' lang='lat' dir='ltr'><strong><em>lll.</em></strong></span> <span class='ocrx_word' id='word_1_80' title='bbox 446 1223 593 1251; x_wconf 76' lang='lat' dir='ltr'><strong><em>Tueoruiu</em></strong></span> <span class='ocrx_word' id='word_1_81' title='bbox 612 1231 644 1249; x_wconf 77' lang='lat' dir='ltr'><strong>AD</strong></span> <span class='ocrx_word' id='word_1_82' title='bbox 660 1222 835 1250; x_wconf 72' lang='lat' dir='ltr'><strong><em>EPIPIIANIUI.</em></strong></span> 
     </span>
    </p>
   </div>
   <div class='ocr_carea' id='block_1_21' title="bbox 217 1279 999 1314">
    <p class='ocr_par' dir='ltr' id='par_1_21' title="bbox 217 1279 999 1314">
     <span class='ocr_line' id='line_1_21' title="bbox 217 1279 999 1314; baseline -0.001 -8"><span class='ocrx_word' id='word_1_83' title='bbox 217 1279 351 1306; x_wconf 78' lang='lat' dir='ltr'><strong><em>Hortatur</em></strong></span> <span class='ocrx_word' id='word_1_84' title='bbox 367 1279 554 1314; x_wconf 76' lang='lat' dir='ltr'><strong><em>Epiphaniam.</em></strong></span> <span class='ocrx_word' id='word_1_85' title='bbox 568 1283 597 1306; x_wconf 89' lang='lat' dir='ltr'><strong><em>ut</em></strong></span> <span class='ocrx_word' id='word_1_86' title='bbox 610 1279 695 1306; x_wconf 82' lang='lat' dir='ltr'><strong><em>modis</em></strong></span> <span class='ocrx_word' id='word_1_87' title='bbox 714 1279 835 1306; x_wconf 82' lang='lat' dir='ltr'><strong><em>omnibus</em></strong></span> <span class='ocrx_word' id='word_1_88' title='bbox 851 1279 999 1312; x_wconf 75' lang='lat' dir='ltr'><strong><em>adnitatur,</em></strong></span> 
     </span>
    </p>
   </div>
   <div class='ocr_carea' id='block_1_22' title="bbox 251 1314 1001 1376">
    <p class='ocr_par' dir='ltr' id='par_1_22' title="bbox 251 1314 1001 1376">
     <span class='ocr_line' id='line_1_22' title="bbox 251 1314 1001 1376; baseline -0.001 -34"><span class='ocrx_word' id='word_1_89' title='bbox 251 1323 302 1376; x_wconf 64' lang='lat' dir='ltr'><strong><em>quo</em></strong></span> <span class='ocrx_word' id='word_1_90' title='bbox 320 1320 462 1342; x_wconf 86' lang='lat' dir='ltr'><strong><em>convocata</em></strong></span> <span class='ocrx_word' id='word_1_91' title='bbox 477 1315 590 1350; x_wconf 73' lang='lat' dir='ltr'><strong><em>synodo,</em></strong></span> <span class='ocrx_word' id='word_1_92' title='bbox 607 1314 817 1349; x_wconf 82' lang='lat' dir='ltr'><strong><em>Origenistarum</em></strong></span> <span class='ocrx_word' id='word_1_93' title='bbox 832 1315 938 1342; x_wconf 69' lang='lat' dir='ltr'><strong><em>haeresis</em></strong></span> <span class='ocrx_word' id='word_1_94' title='bbox 951 1323 1001 1349; x_wconf 87' lang='lat' dir='ltr'><strong><em>pu-</em></strong></span> 
     </span>
     <span class='ocr_line' id='line_1_23' title="bbox 270 1350 1001 1376; baseline 0 0"><span class='ocrx_word' id='word_1_95' title='bbox 270 1350 322 1376; x_wconf 83' lang='lat' dir='ltr'><strong><em>tica</em></strong></span> <span class='ocrx_word' id='word_1_96' title='bbox 334 1352 495 1376; x_wconf 84' lang='lat' dir='ltr'><strong><em>auctoritate</em></strong></span> <span class='ocrx_word' id='word_1_97' title='bbox 505 1353 661 1376; x_wconf 82' lang='lat' dir='ltr'><strong><em>damnetur:</em></strong></span> <span class='ocrx_word' id='word_1_98' title='bbox 675 1350 803 1376; x_wconf 80' lang='lat' dir='ltr'><strong><em>simulaue</em></strong></span> <span class='ocrx_word' id='word_1_99' title='bbox 814 1350 854 1376; x_wconf 83' lang='lat' dir='ltr'><strong><em>illi</em></strong></span> <span class='ocrx_word' id='word_1_100' title='bbox 868 1359 884 1376; x_wconf 91' lang='lat' dir='ltr'><strong><em>a</em></strong></span> <span class='ocrx_word' id='word_1_101' title='bbox 893 1358 920 1376; x_wconf 73' lang='lat' dir='ltr'><strong><em>se</em></strong></span> <span class='ocrx_word' id='word_1_102' title='bbox 936 1351 1001 1376; x_wconf 83' lang='lat' dir='ltr'><strong><em>scri-</em></strong></span> 
     </span>
    </p>
   </div>
   <div class='ocr_carea' id='block_1_23' title="bbox 270 1350 1003 1385">
    <p class='ocr_par' dir='ltr' id='par_1_23' title="bbox 270 1350 1003 1385">
     <span class='ocr_line' id='line_1_24' title="bbox 270 1350 1003 1385; baseline 0.001 -9"><span class='ocrx_word' id='word_1_103' title='bbox 270 1350 322 1376; x_wconf 83' lang='lat' dir='ltr'><strong><em>lica</em></strong></span> <span class='ocrx_word' id='word_1_104' title='bbox 334 1352 495 1378; x_wconf 88' lang='lat' dir='ltr'><strong><em>auctoritate</em></strong></span> <span class='ocrx_word' id='word_1_105' title='bbox 505 1353 661 1382; x_wconf 87' lang='lat' dir='ltr'><strong><em>damnetur;</em></strong></span> <span class='ocrx_word' id='word_1_106' title='bbox 675 1350 803 1385; x_wconf 80' lang='lat' dir='ltr'><strong><em>simulque</em></strong></span> <span class='ocrx_word' id='word_1_107' title='bbox 814 1350 854 1376; x_wconf 83' lang='lat' dir='ltr'><strong><em>illi</em></strong></span> <span class='ocrx_word' id='word_1_108' title='bbox 868 1359 884 1376; x_wconf 91' lang='lat' dir='ltr'><strong><em>a</em></strong></span> <span class='ocrx_word' id='word_1_109' title='bbox 893 1358 920 1376; x_wconf 73' lang='lat' dir='ltr'><strong><em>se</em></strong></span> <span class='ocrx_word' id='word_1_110' title='bbox 936 1351 1003 1377; x_wconf 81' lang='lat' dir='ltr'><strong><em>scri-</em></strong></span> 
     </span>
    </p>
   </div>
   <div class='ocr_carea' id='block_1_24' title="bbox 251 1386 597 1420">
    <p class='ocr_par' dir='ltr' id='par_1_24' title="bbox 251 1386 597 1420">
     <span class='ocr_line' id='line_1_25' title="bbox 251 1386 597 1420; baseline 0.003 -8"><span class='ocrx_word' id='word_1_111' title='bbox 251 1390 323 1419; x_wconf 82' lang='lat' dir='ltr'><strong><em>ptam</em></strong></span> <span class='ocrx_word' id='word_1_112' title='bbox 335 1386 486 1420; x_wconf 80' lang='lat' dir='ltr'><strong><em>synodieam</em></strong></span> <span class='ocrx_word' id='word_1_113' title='bbox 504 1386 597 1413; x_wconf 81' lang='lat' dir='ltr'><strong><em>mittit.</em></strong></span> 
     </span>
    </p>
   </div>
   <div class='ocr_carea' id='block_1_25' title="bbox 234 1429 991 1465">
    <p class='ocr_par' dir='ltr' id='par_1_25' title="bbox 234 1429 991 1465">
     <span class='ocr_line' id='line_1_26' title="bbox 234 1429 991 1465; baseline 0.001 -8"><span class='ocrx_word' id='word_1_114' title='bbox 234 1430 380 1463; x_wconf 86' lang='lat' dir='ltr'><strong><em>lbid.,cot.</em></strong></span> <span class='ocrx_word' id='word_1_115' title='bbox 396 1431 456 1464; x_wconf 76' lang='grc'><strong><em>156,</em></strong></span> <span class='ocrx_word' id='word_1_116' title='bbox 468 1435 495 1460; x_wconf 92' lang='lat' dir='ltr'><strong><em>et</em></strong></span> <span class='ocrx_word' id='word_1_117' title='bbox 510 1431 582 1458; x_wconf 89' lang='lat' dir='ltr'><strong><em>inter</em></strong></span> <span class='ocrx_word' id='word_1_118' title='bbox 598 1430 741 1459; x_wconf 85' lang='lat' dir='ltr'><strong><em>Eninhanii</em></strong></span> <span class='ocrx_word' id='word_1_119' title='bbox 758 1429 856 1465; x_wconf 82' lang='lat' dir='ltr'><strong><em>Opera,</em></strong></span> <span class='ocrx_word' id='word_1_120' title='bbox 871 1435 935 1457; x_wconf 88' lang='lat' dir='ltr'><strong><em>tom.</em></strong></span> <span class='ocrx_word' id='word_1_121' title='bbox 949 1429 991 1458; x_wconf 87' lang='lat' dir='ltr'><strong><em>ill.</em></strong></span> 
     </span>
    </p>
   </div>
   <div class='ocr_carea' id='block_1_26' title="bbox 1254 570 1649 600">
    <p class='ocr_par' dir='ltr' id='par_1_26' title="bbox 1254 570 1649 600">
     <span class='ocr_line' id='line_1_27' title="bbox 1254 570 1649 600; baseline 0.005 -2"><span class='ocrx_word' id='word_1_122' title='bbox 1254 571 1392 599; x_wconf 73' lang='lat' dir='ltr'><strong><em>EPIPHANII</em></strong></span> <span class='ocrx_word' id='word_1_123' title='bbox 1411 578 1446 599; x_wconf 75' lang='lat' dir='ltr'><strong><em>AD</em></strong></span> <span class='ocrx_word' id='word_1_124' title='bbox 1458 570 1649 600; x_wconf 70' lang='lat' dir='ltr'><strong><em>HIERONYIUI.</em></strong></span> 
     </span>
    </p>
   </div>
   <div class='ocr_carea' id='block_1_27' title="bbox 1059 628 1844 664">
    <p class='ocr_par' dir='ltr' id='par_1_27' title="bbox 1059 628 1844 664">
     <span class='ocr_line' id='line_1_28' title="bbox 1059 628 1844 664; baseline -0.001 -6"><span class='ocrx_word' id='word_1_125' title='bbox 1059 631 1185 664; x_wconf 82' lang='lat' dir='ltr'><strong><em>Nuntiat,</em></strong></span> <span class='ocrx_word' id='word_1_126' title='bbox 1207 629 1417 664; x_wconf 81' lang='lat' dir='ltr'><strong><em>Oriqenistarum</em></strong></span> <span class='ocrx_word' id='word_1_127' title='bbox 1443 629 1584 663; x_wconf 79' lang='lat' dir='ltr'><strong><em>factionem</em></strong></span> <span class='ocrx_word' id='word_1_128' title='bbox 1605 637 1684 662; x_wconf 82' lang='lat' dir='ltr'><strong><em>opera</em></strong></span> <span class='ocrx_word' id='word_1_129' title='bbox 1709 628 1844 664; x_wconf 81' lang='lat' dir='ltr'><strong><em>Theophili</em></strong></span> 
     </span>
    </p>
   </div>
   <div class='ocr_carea' id='block_1_28' title="bbox 1091 664 1845 699">
    <p class='ocr_par' dir='ltr' id='par_1_28' title="bbox 1091 664 1845 699">
     <span class='ocr_line' id='line_1_29' title="bbox 1091 664 1845 699; baseline -0.003 -6"><span class='ocrx_word' id='word_1_130' title='bbox 1091 667 1246 693; x_wconf 84' lang='lat' dir='ltr'><strong><em>damnatam</em></strong></span> <span class='ocrx_word' id='word_1_131' title='bbox 1261 673 1269 691; x_wconf 94' lang='lat'><em>:</em></span> <span class='ocrx_word' id='word_1_132' title='bbox 1284 669 1361 698; x_wconf 83' lang='lat' dir='ltr'><strong><em>atque</em></strong></span> <span class='ocrx_word' id='word_1_133' title='bbox 1375 665 1508 698; x_wconf 64' lang='lat' dir='ltr'><strong><em>eremplar</em></strong></span> <span class='ocrx_word' id='word_1_134' title='bbox 1524 664 1642 697; x_wconf 71' lang='lat' dir='ltr'><strong><em>epistola,-</em></strong></span> <span class='ocrx_word' id='word_1_135' title='bbox 1658 664 1790 699; x_wconf 73' lang='lat' dir='ltr'><strong><em>synodicte</em></strong></span> <span class='ocrx_word' id='word_1_136' title='bbox 1808 665 1845 691; x_wconf 77' lang='lat' dir='ltr'><strong><em>ad</em></strong></span> 
     </span>
    </p>
   </div>
   <div class='ocr_carea' id='block_1_29' title="bbox 1091 699 1842 733">
    <p class='ocr_par' dir='ltr' id='par_1_29' title="bbox 1091 699 1842 733">
     <span class='ocr_line' id='line_1_30' title="bbox 1091 699 1842 733; baseline -0.001 -5"><span class='ocrx_word' id='word_1_137' title='bbox 1091 710 1150 728; x_wconf 87' lang='lat' dir='ltr'><strong><em>eum</em></strong></span> <span class='ocrx_word' id='word_1_138' title='bbox 1163 701 1280 727; x_wconf 85' lang='lat' dir='ltr'><strong><em>mittens.</em></strong></span> <span class='ocrx_word' id='word_1_139' title='bbox 1297 699 1430 730; x_wconf 82' lang='lat' dir='ltr'><strong><em>hortatur,</em></strong></span> <span class='ocrx_word' id='word_1_140' title='bbox 1450 704 1479 725; x_wconf 86' lang='lat' dir='ltr'><strong><em>ut</em></strong></span> <span class='ocrx_word' id='word_1_141' title='bbox 1497 707 1561 733; x_wconf 88' lang='lat' dir='ltr'><strong><em>quas</em></strong></span> <span class='ocrx_word' id='word_1_142' title='bbox 1577 699 1703 726; x_wconf 74' lang='lat' dir='ltr'><strong><em>adversus</em></strong></span> <span class='ocrx_word' id='word_1_143' title='bbox 1716 708 1773 727; x_wconf 82' lang='lat' dir='ltr'><strong><em>eam</em></strong></span> <span class='ocrx_word' id='word_1_144' title='bbox 1787 701 1842 727; x_wconf 73' lang='lat' dir='ltr'><strong><em>hc-</em></strong></span> 
     </span>
    </p>
   </div>
   <div class='ocr_carea' id='block_1_30' title="bbox 1091 734 1676 769">
    <p class='ocr_par' dir='ltr' id='par_1_30' title="bbox 1091 734 1676 769">
     <span class='ocr_line' id='line_1_31' title="bbox 1091 734 1676 769; baseline -0.002 -6"><span class='ocrx_word' id='word_1_145' title='bbox 1091 737 1170 763; x_wconf 83' lang='lat' dir='ltr'><strong><em>resim</em></strong></span> <span class='ocrx_word' id='word_1_146' title='bbox 1188 734 1336 768; x_wconf 79' lang='lat' dir='ltr'><strong><em>scripsisset</em></strong></span> <span class='ocrx_word' id='word_1_147' title='bbox 1350 734 1442 765; x_wconf 80' lang='lat' dir='ltr'><strong><em>libros,</em></strong></span> <span class='ocrx_word' id='word_1_148' title='bbox 1457 734 1483 760; x_wconf 89' lang='lat' dir='ltr'><strong><em>in</em></strong></span> <span class='ocrx_word' id='word_1_149' title='bbox 1498 734 1589 769; x_wconf 84' lang='lat' dir='ltr'><strong><em>vulgus</em></strong></span> <span class='ocrx_word' id='word_1_150' title='bbox 1604 735 1676 762; x_wconf 85' lang='lat' dir='ltr'><strong><em>edat.</em></strong></span> 
     </span>
    </p>
   </div>
   <div class='ocr_carea' id='block_1_31' title="bbox 1407 779 1475 807">
    <p class='ocr_par' dir='ltr' id='par_1_31' title="bbox 1407 779 1475 807">
     <span class='ocr_line' id='line_1_32' title="bbox 1407 779 1475 807; baseline 0.029 -2"><span class='ocrx_word' id='word_1_151' title='bbox 1407 779 1475 807; x_wconf 85' lang='lat' dir='ltr'><strong><em>Ibid.</em></strong></span> 
     </span>
    </p>
   </div>
   <div class='ocr_carea' id='block_1_32' title="bbox 1211 836 1683 864">
    <p class='ocr_par' dir='ltr' id='par_1_32' title="bbox 1211 836 1683 864">
     <span class='ocr_line' id='line_1_33' title="bbox 1211 836 1683 864; baseline 0 0"><span class='ocrx_word' id='word_1_152' title='bbox 1211 837 1256 864; x_wconf 87' lang='lat' dir='ltr'><strong><em>lV.</em></strong></span> <span class='ocrx_word' id='word_1_153' title='bbox 1273 836 1422 863; x_wconf 78' lang='lat' dir='ltr'><strong><em>Tui-:ortnu</em></strong></span> <span class='ocrx_word' id='word_1_154' title='bbox 1439 845 1473 863; x_wconf 64' lang='lat' dir='ltr'><strong><em>an</em></strong></span> <span class='ocrx_word' id='word_1_155' title='bbox 1496 843 1683 864; x_wconf 70' lang='lat' dir='ltr'><strong><em>menonvnuu.</em></strong></span> 
     </span>
    </p>
   </div>
   <div class='ocr_carea' id='block_1_33' title="bbox 1242 891 1657 926">
    <p class='ocr_par' dir='ltr' id='par_1_33' title="bbox 1242 891 1657 926">
     <span class='ocr_line' id='line_1_34' title="bbox 1242 891 1657 926; baseline 0.002 -8"><span class='ocrx_word' id='word_1_156' title='bbox 1242 891 1310 918; x_wconf 87' lang='lat' dir='ltr'><strong><em>Pars</em></strong></span> <span class='ocrx_word' id='word_1_157' title='bbox 1328 892 1450 926; x_wconf 62' lang='lat' dir='ltr'><strong><em>quaedam</em></strong></span> <span class='ocrx_word' id='word_1_158' title='bbox 1467 892 1523 919; x_wconf 85' lang='lat' dir='ltr'><strong><em>sive</em></strong></span> <span class='ocrx_word' id='word_1_159' title='bbox 1539 893 1657 919; x_wconf 90' lang='lat' dir='ltr'><strong><em>initium.</em></strong></span> 
     </span>
    </p>
   </div>
   <div class='ocr_carea' id='block_1_34' title="bbox 1054 947 1842 983">
    <p class='ocr_par' dir='ltr' id='par_1_34' title="bbox 1054 947 1842 983">
     <span class='ocr_line' id='line_1_35' title="bbox 1054 947 1842 983; baseline -0.003 -7"><span class='ocrx_word' id='word_1_160' title='bbox 1054 947 1088 976; x_wconf 86' lang='lat' dir='ltr'><strong><em>Se</em></strong></span> <span class='ocrx_word' id='word_1_161' title='bbox 1106 948 1167 974; x_wconf 86' lang='lat' dir='ltr'><strong><em>bene</em></strong></span> <span class='ocrx_word' id='word_1_162' title='bbox 1191 955 1293 982; x_wconf 78' lang='lat' dir='ltr'><strong><em>semper</em></strong></span> <span class='ocrx_word' id='word_1_163' title='bbox 1315 953 1420 981; x_wconf 82' lang='lat' dir='ltr'><strong><em>optasse</em></strong></span> <span class='ocrx_word' id='word_1_164' title='bbox 1433 947 1534 983; x_wconf 74' lang='lat' dir='ltr'><strong><em>Joanm&#39;</em></strong></span> <span class='ocrx_word' id='word_1_165' title='bbox 1552 948 1740 983; x_wconf 82' lang='lat' dir='ltr'><strong><em>Chrysostomo</em></strong></span> <span class='ocrx_word' id='word_1_166' title='bbox 1760 951 1842 983; x_wconf 77' lang='lat' dir='ltr'><strong><em>testa-</em></strong></span> 
     </span>
    </p>
   </div>
   <div class='ocr_carea' id='block_1_35' title="bbox 1090 982 1841 1017">
    <p class='ocr_par' dir='ltr' id='par_1_35' title="bbox 1090 982 1841 1017">
     <span class='ocr_line' id='line_1_36' title="bbox 1090 982 1841 1017; baseline 0 -8"><span class='ocrx_word' id='word_1_167' title='bbox 1090 988 1149 1014; x_wconf 87' lang='lat' dir='ltr'><strong><em>tur,</em></strong></span> <span class='ocrx_word' id='word_1_168' title='bbox 1179 991 1225 1009; x_wconf 81' lang='lat' dir='ltr'><strong><em>nee</em></strong></span> <span class='ocrx_word' id='word_1_169' title='bbox 1251 987 1345 1009; x_wconf 84' lang='lat' dir='ltr'><strong><em>temere</em></strong></span> <span class='ocrx_word' id='word_1_170' title='bbox 1377 982 1519 1009; x_wconf 86' lang='lat' dir='ltr'><strong><em>credidisse</em></strong></span> <span class='ocrx_word' id='word_1_171' title='bbox 1543 982 1841 1017; x_wconf 30' lang='lat' dir='ltr'><strong><em>ejus’accusatoribus,</em></strong></span> 
     </span>
    </p>
   </div>
   <div class='ocr_carea' id='block_1_36' title="bbox 1089 1017 1842 1051">
    <p class='ocr_par' dir='ltr' id='par_1_36' title="bbox 1089 1017 1842 1051">
     <span class='ocr_line' id='line_1_37' title="bbox 1089 1017 1842 1051; baseline -0.001 -6"><span class='ocrx_word' id='word_1_172' title='bbox 1089 1019 1181 1050; x_wconf 88' lang='lat' dir='ltr'><strong><em>donec,</em></strong></span> <span class='ocrx_word' id='word_1_173' title='bbox 1201 1022 1349 1051; x_wconf 77' lang='lat' dir='ltr'><strong><em>erumpente</em></strong></span> <span class='ocrx_word' id='word_1_174' title='bbox 1362 1017 1465 1051; x_wconf 84' lang='lat' dir='ltr'><strong><em>judicio</em></strong></span> <span class='ocrx_word' id='word_1_175' title='bbox 1489 1019 1606 1048; x_wconf 77' lang='lat' dir='ltr'><strong><em>concilii.</em></strong></span> <span class='ocrx_word' id='word_1_176' title='bbox 1620 1018 1680 1044; x_wconf 80' lang='lat' dir='ltr'><strong><em>sede</em></strong></span> <span class='ocrx_word' id='word_1_177' title='bbox 1701 1026 1749 1045; x_wconf 83' lang='lat' dir='ltr'><strong><em>sua</em></strong></span> <span class='ocrx_word' id='word_1_178' title='bbox 1771 1017 1842 1045; x_wconf 60' lang='lat' dir='ltr'><strong><em>Conv</em></strong></span> 
     </span>
    </p>
   </div>
   <div class='ocr_carea' id='block_1_37' title="bbox 1089 1053 1843 1114">
    <p class='ocr_par' dir='ltr' id='par_1_37' title="bbox 1089 1053 1843 1114">
     <span class='ocr_line' id='line_1_38' title="bbox 1089 1053 1843 1114; baseline 0 -34"><span class='ocrx_word' id='word_1_179' title='bbox 1089 1053 1328 1114; x_wconf 64' lang='lat' dir='ltr'><strong><em>stanltinopolitana</em></strong></span> <span class='ocrx_word' id='word_1_180' title='bbox 1363 1053 1537 1085; x_wconf 70' lang='lat' dir='ltr'><strong><em>exturbatus,</em></strong></span> <span class='ocrx_word' id='word_1_181' title='bbox 1571 1054 1713 1088; x_wconf 79' lang='lat' dir='ltr'><strong><em>pulsusque</em></strong></span> <span class='ocrx_word' id='word_1_182' title='bbox 1745 1057 1783 1080; x_wconf 79' lang='lat' dir='ltr'><strong><em>est</em></strong></span> <span class='ocrx_word' id='word_1_183' title='bbox 1814 1053 1843 1080; x_wconf 84' lang='lat' dir='ltr'><strong><em>in</em></strong></span> 
     </span>
     <span class='ocr_line' id='line_1_39' title="bbox 1089 1096 1223 1114; baseline 0 0"><span class='ocrx_word' id='word_1_184' title='bbox 1089 1096 1223 1114; x_wconf 67' lang='lat' dir='ltr'><strong><em>nstrum.</em></strong></span> 
     </span>
    </p>
   </div>
   <div class='ocr_carea' id='block_1_38' title="bbox 1088 1096 1223 1115">
    <p class='ocr_par' dir='ltr' id='par_1_38' title="bbox 1088 1096 1223 1115">
     <span class='ocr_line' id='line_1_40' title="bbox 1088 1096 1223 1115; baseline 0 -1"><span class='ocrx_word' id='word_1_185' title='bbox 1088 1096 1223 1115; x_wconf 68' lang='lat' dir='ltr'><strong><em>usurum.</em></strong></span> 
     </span>
    </p>
   </div>
   <div class='ocr_carea' id='block_1_39' title="bbox 1237 1141 1658 1175">
    <p class='ocr_par' dir='ltr' id='par_1_39' title="bbox 1237 1141 1658 1175">
     <span class='ocr_line' id='line_1_41' title="bbox 1237 1141 1658 1175; baseline -0.007 -4"><span class='ocrx_word' id='word_1_186' title='bbox 1237 1145 1306 1172; x_wconf 84' lang='lat' dir='ltr'><strong>Vide</strong></span> <span class='ocrx_word' id='word_1_187' title='bbox 1325 1148 1399 1171; x_wconf 79' lang='lat' dir='ltr'><strong><em>tonio</em></strong></span> <span class='ocrx_word' id='word_1_188' title='bbox 1416 1144 1510 1175; x_wconf 87' lang='lat' dir='ltr'><strong><em>citato,</em></strong></span> <span class='ocrx_word' id='word_1_189' title='bbox 1526 1142 1579 1170; x_wconf 83' lang='lat' dir='ltr'><strong><em>col.</em></strong></span> <span class='ocrx_word' id='word_1_190' title='bbox 1595 1141 1658 1168; x_wconf 81' lang='lat' dir='ltr'><strong><em>95L</em></strong></span> 
     </span>
    </p>
   </div>
   <div class='ocr_carea' id='block_1_40' title="bbox 1246 1198 1650 1228">
    <p class='ocr_par' dir='ltr' id='par_1_40' title="bbox 1246 1198 1650 1228">
     <span class='ocr_line' id='line_1_42' title="bbox 1246 1198 1650 1228; baseline -0.01 0"><span class='ocrx_word' id='word_1_191' title='bbox 1246 1201 1398 1228; x_wconf 72' lang='lat' dir='ltr'><strong><em>&quot;lERONYII</em></strong></span> <span class='ocrx_word' id='word_1_192' title='bbox 1415 1208 1448 1226; x_wconf 76' lang='lat' dir='ltr'><strong><em>AD</em></strong></span> <span class='ocrx_word' id='word_1_193' title='bbox 1466 1198 1650 1226; x_wconf 71' lang='lat' dir='ltr'><strong><em>THEOPHILUM.</em></strong></span> 
     </span>
    </p>
   </div>
   <div class='ocr_carea' id='block_1_41' title="bbox 1052 1245 1845 1281">
    <p class='ocr_par' dir='ltr' id='par_1_41' title="bbox 1052 1245 1845 1281">
     <span class='ocr_line' id='line_1_43' title="bbox 1052 1245 1845 1281; baseline -0.006 -6"><span class='ocrx_word' id='word_1_194' title='bbox 1052 1247 1140 1275; x_wconf 70' lang='lat' dir='ltr'><strong><em>Multa</em></strong></span> <span class='ocrx_word' id='word_1_195' title='bbox 1155 1253 1283 1275; x_wconf 84' lang='lat' dir='ltr'><strong><em>causatur</em></strong></span> <span class='ocrx_word' id='word_1_196' title='bbox 1299 1247 1496 1281; x_wconf 88' lang='lat' dir='ltr'><strong><em>impedimenta,</em></strong></span> <span class='ocrx_word' id='word_1_197' title='bbox 1514 1245 1545 1273; x_wconf 87' lang='lat' dir='ltr'><strong><em>ob</em></strong></span> <span class='ocrx_word' id='word_1_198' title='bbox 1566 1253 1631 1281; x_wconf 19' lang='lat' dir='ltr'><strong><em>quaer</em></strong></span> <span class='ocrx_word' id='word_1_199' title='bbox 1641 1245 1736 1271; x_wconf 83' lang='lat' dir='ltr'><strong><em>librum</em></strong></span> <span class='ocrx_word' id='word_1_200' title='bbox 1749 1249 1845 1281; x_wconf 78' lang='lat' dir='ltr'><strong><em>contra</em></strong></span> 
     </span>
    </p>
   </div>
   <div class='ocr_carea' id='block_1_42' title="bbox 1088 1280 1842 1318">
    <p class='ocr_par' dir='ltr' id='par_1_42' title="bbox 1088 1280 1842 1318">
     <span class='ocr_line' id='line_1_44' title="bbox 1088 1280 1842 1318; baseline -0.005 -9"><span class='ocrx_word' id='word_1_201' title='bbox 1088 1283 1218 1311; x_wconf 84' lang='lat' dir='ltr'><strong><em>Joannem</em></strong></span> <span class='ocrx_word' id='word_1_202' title='bbox 1249 1280 1509 1318; x_wconf 70' lang='lat' dir='ltr'><strong><em>Chrysostomum_a</em></strong></span> <span class='ocrx_word' id='word_1_203' title='bbox 1533 1280 1681 1318; x_wconf 66' lang='lat' dir='ltr'><strong><em>Theophila</em></strong></span> <span class='ocrx_word' id='word_1_204' title='bbox 1705 1280 1842 1318; x_wconf 69' lang='lat' dir='ltr'><strong><em>scriptum,</em></strong></span> 
     </span>
    </p>
   </div>
   <div class='ocr_carea' id='block_1_43' title="bbox 1090 1315 1844 1352">
    <p class='ocr_par' dir='ltr' id='par_1_43' title="bbox 1090 1315 1844 1352">
     <span class='ocr_line' id='line_1_45' title="bbox 1090 1315 1844 1352; baseline -0.007 -7"><span class='ocrx_word' id='word_1_205' title='bbox 1090 1319 1174 1345; x_wconf 86' lang='lat' dir='ltr'><strong><em>serius</em></strong></span> <span class='ocrx_word' id='word_1_206' title='bbox 1193 1319 1226 1345; x_wconf 85' lang='lat' dir='ltr'><strong><em>sit</em></strong></span> <span class='ocrx_word' id='word_1_207' title='bbox 1243 1315 1441 1352; x_wconf 71' lang='lat' dir='ltr'><strong><em>interpretatus.</em></strong></span> <span class='ocrx_word' id='word_1_208' title='bbox 1460 1316 1527 1343; x_wconf 89' lang='lat' dir='ltr'><strong><em>Tum</em></strong></span> <span class='ocrx_word' id='word_1_209' title='bbox 1542 1316 1599 1350; x_wconf 83' lang='lat' dir='ltr'><strong><em>ejus</em></strong></span> <span class='ocrx_word' id='word_1_210' title='bbox 1620 1315 1681 1342; x_wconf 85' lang='lat' dir='ltr'><strong><em>libri</em></strong></span> <span class='ocrx_word' id='word_1_211' title='bbox 1695 1315 1844 1352; x_wconf 67' lang='lat' dir='ltr'><strong><em>doctrinam</em></strong></span> 
     </span>
    </p>
   </div>
   <div class='ocr_carea' id='block_1_44' title="bbox 1089 1349 1843 1385">
    <p class='ocr_par' dir='ltr' id='par_1_44' title="bbox 1089 1349 1843 1385">
     <span class='ocr_line' id='line_1_46' title="bbox 1089 1349 1843 1385; baseline -0.008 -4"><span class='ocrx_word' id='word_1_212' title='bbox 1089 1362 1121 1380; x_wconf 90' lang='lat' dir='ltr'><strong><em>ac</em></strong></span> <span class='ocrx_word' id='word_1_213' title='bbox 1131 1354 1275 1381; x_wconf 79' lang='lat' dir='ltr'><strong><em>sententias</em></strong></span> <span class='ocrx_word' id='word_1_214' title='bbox 1289 1349 1393 1383; x_wconf 79' lang='lat' dir='ltr'><strong><em>laudat.</em></strong></span> <span class='ocrx_word' id='word_1_215' title='bbox 1407 1360 1437 1379; x_wconf 89' lang='lat' dir='ltr'><strong><em>ac</em></strong></span> <span class='ocrx_word' id='word_1_216' title='bbox 1450 1349 1696 1385; x_wconf 34' lang='lat' dir='ltr'><strong><em>veniam&#39;precatur,</em></strong></span> <span class='ocrx_word' id='word_1_217' title='bbox 1708 1351 1730 1376; x_wconf 88' lang='lat' dir='ltr'><strong><em>si</em></strong></span> <span class='ocrx_word' id='word_1_218' title='bbox 1739 1349 1843 1384; x_wconf 77' lang='lat' dir='ltr'><strong><em>quando</em></strong></span> 
     </span>
    </p>
   </div>
   <div class='ocr_carea' id='block_1_45' title="bbox 1090 1384 1842 1416">
    <p class='ocr_par' dir='ltr' id='par_1_45' title="bbox 1090 1384 1842 1416">
     <span class='ocr_line' id='line_1_47' title="bbox 1090 1384 1842 1416; baseline -0.007 0"><span class='ocrx_word' id='word_1_219' title='bbox 1090 1388 1198 1416; x_wconf 70' lang='lat' dir='ltr'><strong><em>Grazcos</em></strong></span> <span class='ocrx_word' id='word_1_220' title='bbox 1220 1397 1313 1416; x_wconf 79' lang='lat' dir='ltr'><strong><em>sensus</em></strong></span> <span class='ocrx_word' id='word_1_221' title='bbox 1333 1387 1427 1414; x_wconf 84' lang='lat' dir='ltr'><strong><em>Latine</em></strong></span> <span class='ocrx_word' id='word_1_222' title='bbox 1446 1395 1498 1414; x_wconf 87' lang='lat' dir='ltr'><strong><em>non</em></strong></span> <span class='ocrx_word' id='word_1_223' title='bbox 1521 1384 1589 1413; x_wconf 80' lang='lat' dir='ltr'><strong><em>satis</em></strong></span> <span class='ocrx_word' id='word_1_224' title='bbox 1607 1385 1668 1412; x_wconf 86' lang='lat' dir='ltr'><strong><em>bene</em></strong></span> <span class='ocrx_word' id='word_1_225' title='bbox 1687 1384 1842 1412; x_wconf 78' lang='lat' dir='ltr'><strong><em>reddiderit.</em></strong></span> 
     </span>
    </p>
   </div>
   <div class='ocr_carea' id='block_1_46' title="bbox 1332 1432 1566 1466">
    <p class='ocr_par' dir='ltr' id='par_1_46' title="bbox 1332 1432 1566 1466">
     <span class='ocr_line' id='line_1_48' title="bbox 1332 1432 1566 1466; baseline -0.004 -6"><span class='ocrx_word' id='word_1_226' title='bbox 1332 1433 1413 1466; x_wconf 87' lang='lat' dir='ltr'><strong><em>lbid.,</em></strong></span> <span class='ocrx_word' id='word_1_227' title='bbox 1433 1433 1486 1460; x_wconf 82' lang='lat' dir='ltr'><strong><em>col.</em></strong></span> <span class='ocrx_word' id='word_1_228' title='bbox 1504 1432 1566 1460; x_wconf 79' lang='grc'><strong><em>955.</em></strong></span> 
     </span>
    </p>
   </div>
   <div class='ocr_carea' id='block_1_47' title="bbox 684 1484 1365 1516">
    <p class='ocr_par' dir='ltr' id='par_1_47' title="bbox 684 1484 1365 1516">
     <span class='ocr_line' id='line_1_49' title="bbox 684 1484 1365 1516; baseline 0.006 -5"><span class='ocrx_word' id='word_1_229' title='bbox 684 1484 716 1512; x_wconf 76' lang='grc' dir='ltr'><strong><em>γ.</em></strong></span> <span class='ocrx_word' id='word_1_230' title='bbox 733 1484 882 1511; x_wconf 71' lang='lat' dir='ltr'><strong><em>Tuncrum</em></strong></span> <span class='ocrx_word' id='word_1_231' title='bbox 895 1493 968 1512; x_wconf 68' lang='lat' dir='ltr'><strong><em>para;</em></strong></span> <span class='ocrx_word' id='word_1_232' title='bbox 984 1494 1019 1513; x_wconf 74' lang='grc' dir='ltr'><strong><em>ιο</em></strong></span> <span class='ocrx_word' id='word_1_233' title='bbox 1037 1488 1185 1516; x_wconf 68' lang='lat' dir='ltr'><strong><em>Annorum</em></strong></span> <span class='ocrx_word' id='word_1_234' title='bbox 1202 1495 1365 1515; x_wconf 71' lang='lat' dir='ltr'><strong><em>EPISCOPL‘II.</em></strong></span> 
     </span>
    </p>
   </div>
   <div class='ocr_carea' id='block_1_48' title="bbox 277 1530 948 1567">
    <p class='ocr_par' dir='ltr' id='par_1_48' title="bbox 277 1530 948 1567">
     <span class='ocr_line' id='line_1_50' title="bbox 277 1530 948 1567; baseline -0.004 -7"><span class='ocrx_word' id='word_1_235' title='bbox 277 1533 434 1567; x_wconf 74' lang='grc' dir='ltr'><strong><em>Ἐπιστολὴ</em></strong></span> <span class='ocrx_word' id='word_1_236' title='bbox 445 1532 591 1567; x_wconf 67' lang='grc' dir='ltr'><strong><em>Θεοφίλου</em></strong></span> <span class='ocrx_word' id='word_1_237' title='bbox 607 1531 691 1557; x_wconf 60' lang='grc' dir='ltr'><strong><em>πάντα</em></strong></span> <span class='ocrx_word' id='word_1_238' title='bbox 712 1530 948 1565; x_wconf 75' lang='grc' dir='ltr'>Ἀλεξανδρείας.</span> 
     </span>
    </p>
   </div>
   <div class='ocr_carea' id='block_1_49' title="bbox 1159 1531 1721 1569">
    <p class='ocr_par' dir='ltr' id='par_1_49' title="bbox 1159 1531 1721 1569">
     <span class='ocr_line' id='line_1_51' title="bbox 1159 1531 1721 1569; baseline -0.002 -9"><span class='ocrx_word' id='word_1_239' title='bbox 1159 1533 1280 1569; x_wconf 82' lang='lat' dir='ltr'><strong><em>Epistola</em></strong></span> <span class='ocrx_word' id='word_1_240' title='bbox 1295 1533 1432 1568; x_wconf 75' lang='lat' dir='ltr'><strong><em>Theophili</em></strong></span> <span class='ocrx_word' id='word_1_241' title='bbox 1447 1541 1523 1568; x_wconf 71' lang='lat' dir='ltr'><strong><em>papw</em></strong></span> <span class='ocrx_word' id='word_1_242' title='bbox 1538 1531 1721 1560; x_wconf 66' lang='lat' dir='ltr'><strong><em>Alexandrini.</em></strong></span> 
     </span>
    </p>
   </div>
   <div class='ocr_carea' id='block_1_50' title="bbox 581 1585 1477 1624">
    <p class='ocr_par' dir='ltr' id='par_1_50' title="bbox 581 1585 1477 1624">
     <span class='ocr_line' id='line_1_52' title="bbox 581 1585 1477 1624; baseline 0.006 -13"><span class='ocrx_word' id='word_1_243' title='bbox 581 1586 668 1621; x_wconf 84' lang='lat' dir='ltr'><strong><em>(Apud</em></strong></span> <span class='ocrx_word' id='word_1_244' title='bbox 684 1585 820 1612; x_wconf 55' lang='lat' dir='ltr'><strong><em>Bormann.</em></strong></span> <span class='ocrx_word' id='word_1_245' title='bbox 851 1585 911 1613; x_wconf 84' lang='lat' dir='ltr'><strong><em>Act.</em></strong></span> <span class='ocrx_word' id='word_1_246' title='bbox 932 1585 981 1614; x_wconf 78' lang='lat' dir='ltr'><strong><em>SS.</em></strong></span> <span class='ocrx_word' id='word_1_247' title='bbox 997 1586 1072 1621; x_wconf 78' lang='lat' dir='ltr'><strong><em>Maii,</em></strong></span> <span class='ocrx_word' id='word_1_248' title='bbox 1093 1592 1157 1616; x_wconf 87' lang='lat' dir='ltr'><strong><em>tam.</em></strong></span> <span class='ocrx_word' id='word_1_249' title='bbox 1177 1587 1222 1621; x_wconf 87' lang='lat' dir='ltr'><strong><em>Ill,</em></strong></span> <span class='ocrx_word' id='word_1_250' title='bbox 1236 1589 1319 1624; x_wconf 86' lang='lat' dir='ltr'><strong><em>&#39;pagg.</em></strong></span> <span class='ocrx_word' id='word_1_251' title='bbox 1335 1588 1381 1622; x_wconf 81' lang='lat' dir='ltr'><strong><em>7i,</em></strong></span> <span class='ocrx_word' id='word_1_252' title='bbox 1400 1588 1477 1624; x_wconf 78' lang='lat'><strong><em>357.)</em></strong></span> 
     </span>
    </p>
   </div>
   <div class='ocr_carea' id='block_1_51' title="bbox 251 1640 1001 1680">
    <p class='ocr_par' dir='ltr' id='par_1_51' title="bbox 251 1640 1001 1680">
     <span class='ocr_line' id='line_1_53' title="bbox 251 1640 1001 1680; baseline -0.003 -9"><span class='ocrx_word' id='word_1_253' title='bbox 251 1644 347 1680; x_wconf 78' lang='grc' dir='ltr'>Κυρίῳ</span> <span class='ocrx_word' id='word_1_254' title='bbox 371 1651 422 1678; x_wconf 88' lang='grc' dir='ltr'><strong><em>μου</em></strong></span> <span class='ocrx_word' id='word_1_255' title='bbox 442 1641 576 1677; x_wconf 82' lang='grc' dir='ltr'>ἀγαπητῷ</span> <span class='ocrx_word' id='word_1_256' title='bbox 599 1641 705 1676; x_wconf 79' lang='grc' dir='ltr'><strong><em>ἀδελφῷ</em></strong></span> <span class='ocrx_word' id='word_1_257' title='bbox 731 1641 778 1667; x_wconf 79' lang='grc' dir='ltr'><strong><em>καὶ</em></strong></span> <span class='ocrx_word' id='word_1_258' title='bbox 802 1640 1001 1679; x_wconf 78' lang='grc' dir='ltr'>συλλειτουργῷ</span> 
     </span>
    </p>
   </div>
   <div class='ocr_carea' id='block_1_52' title="bbox 221 1686 799 1726">
    <p class='ocr_par' dir='ltr' id='par_1_52' title="bbox 221 1686 799 1726">
     <span class='ocr_line' id='line_1_54' title="bbox 221 1686 799 1726; baseline -0.01 -8"><span class='ocrx_word' id='word_1_259' title='bbox 221 1690 369 1726; x_wconf 76' lang='grc' dir='ltr'><strong><em>Ἀμμωνίῳ</em></strong></span> <span class='ocrx_word' id='word_1_260' title='bbox 386 1688 512 1723; x_wconf 77' lang='grc' dir='ltr'><strong><em>Θεόφιλος</em></strong></span> <span class='ocrx_word' id='word_1_261' title='bbox 530 1689 558 1714; x_wconf 79' lang='grc' dir='ltr'>ὲν</span> <span class='ocrx_word' id='word_1_262' title='bbox 574 1687 668 1723; x_wconf 82' lang='grc' dir='ltr'>Κυρίῳ</span> <span class='ocrx_word' id='word_1_263' title='bbox 684 1686 799 1722; x_wconf 83' lang='grc' dir='ltr'>χαίρειν.</span> 
     </span>
    </p>
   </div>
   <div class='ocr_carea' id='block_1_53' title="bbox 252 1732 1002 1770">
    <p class='ocr_par' dir='ltr' id='par_1_53' title="bbox 252 1732 1002 1770">
     <span class='ocr_line' id='line_1_55' title="bbox 252 1732 1002 1770; baseline -0.008 -6"><span class='ocrx_word' id='word_1_264' title='bbox 252 1737 304 1764; x_wconf 74' lang='grc' dir='ltr'>Τὸν</span> <span class='ocrx_word' id='word_1_265' title='bbox 321 1735 421 1770; x_wconf 77' lang='grc' dir='ltr'>ἀγαθὸν</span> <span class='ocrx_word' id='word_1_266' title='bbox 437 1734 515 1770; x_wconf 81' lang='grc' dir='ltr'>ζῆλον</span> <span class='ocrx_word' id='word_1_267' title='bbox 530 1734 708 1768; x_wconf 75' lang='grc' dir='ltr'>ἐπιστάμενος</span> <span class='ocrx_word' id='word_1_268' title='bbox 720 1732 770 1767; x_wconf 83' lang='grc' dir='ltr'><strong><em>τῆς</em></strong></span> <span class='ocrx_word' id='word_1_269' title='bbox 784 1733 834 1768; x_wconf 79' lang='grc' dir='ltr'><strong><em>σῆς</em></strong></span> <span class='ocrx_word' id='word_1_270' title='bbox 849 1732 1002 1766; x_wconf 75' lang='grc' dir='ltr'>εὐλαϐείας,</span> 
     </span>
    </p>
   </div>
   <div class='ocr_carea' id='block_1_54' title="bbox 215 1778 1000 1818">
    <p class='ocr_par' dir='ltr' id='par_1_54' title="bbox 215 1778 1000 1818">
     <span class='ocr_line' id='line_1_56' title="bbox 215 1778 1000 1818; baseline -0.008 -8"><span class='ocrx_word' id='word_1_271' title='bbox 215 1783 385 1818; x_wconf 74' lang='grc' dir='ltr'><strong><em>ἀποδέχομαι</em></strong></span> <span class='ocrx_word' id='word_1_272' title='bbox 397 1781 448 1817; x_wconf 75' lang='grc' dir='ltr'><strong><em>μέν</em></strong></span> <span class='ocrx_word' id='word_1_273' title='bbox 460 1789 490 1807; x_wconf 85' lang='grc' dir='ltr'><strong><em>σε</em></strong></span> <span class='ocrx_word' id='word_1_274' title='bbox 504 1780 552 1815; x_wconf 80' lang='grc' dir='ltr'><strong><em>τῆς</em></strong></span> <span class='ocrx_word' id='word_1_275' title='bbox 567 1780 676 1815; x_wconf 87' lang='grc' dir='ltr'><strong><em>μνήμης</em></strong></span> <span class='ocrx_word' id='word_1_276' title='bbox 690 1778 740 1814; x_wconf 81' lang='grc' dir='ltr'><strong><em>τῆς</em></strong></span> <span class='ocrx_word' id='word_1_277' title='bbox 751 1779 815 1814; x_wconf 76' lang='grc' dir='ltr'><strong><em>περὶ</em></strong></span> <span class='ocrx_word' id='word_1_278' title='bbox 824 1778 887 1810; x_wconf 77' lang='grc' dir='ltr'>τοὺς</span> <span class='ocrx_word' id='word_1_279' title='bbox 897 1779 1000 1813; x_wconf 82' lang='grc' dir='ltr'>ἁγίους·</span> 
     </span>
    </p>
   </div>
   <div class='ocr_carea' id='block_1_55' title="bbox 215 1824 1002 1865">
    <p class='ocr_par' dir='ltr' id='par_1_55' title="bbox 215 1824 1002 1865">
     <span class='ocr_line' id='line_1_57' title="bbox 215 1824 1002 1865; baseline -0.008 -9"><span class='ocrx_word' id='word_1_280' title='bbox 215 1829 358 1865; x_wconf 72' lang='grc' dir='ltr'>ηὔφρανας</span> <span class='ocrx_word' id='word_1_281' title='bbox 377 1828 405 1855; x_wconf 82' lang='grc' dir='ltr'><strong><em>δὲ</em></strong></span> <span class='ocrx_word' id='word_1_282' title='bbox 426 1828 498 1863; x_wconf 84' lang='grc' dir='ltr'>ἡμᾶς</span> <span class='ocrx_word' id='word_1_283' title='bbox 518 1827 565 1853; x_wconf 76' lang='grc' dir='ltr'><strong><em>καὶ</em></strong></span> <span class='ocrx_word' id='word_1_284' title='bbox 583 1826 616 1852; x_wconf 86' lang='grc' dir='ltr'>τὰ</span> <span class='ocrx_word' id='word_1_285' title='bbox 633 1825 762 1856; x_wconf 81' lang='grc' dir='ltr'><strong><em>πολλάκις</em></strong></span> <span class='ocrx_word' id='word_1_286' title='bbox 776 1826 805 1851; x_wconf 79' lang='grc' dir='ltr'>ὲν</span> <span class='ocrx_word' id='word_1_287' title='bbox 821 1824 1002 1860; x_wconf 79' lang='grc' dir='ltr'><strong><em>διηγήμασιν,</em></strong></span> 
     </span>
    </p>
   </div>
   <div class='ocr_carea' id='block_1_56' title="bbox 216 1870 1004 1911">
    <p class='ocr_par' dir='ltr' id='par_1_56' title="bbox 216 1870 1004 1911">
     <span class='ocr_line' id='line_1_58' title="bbox 216 1870 1004 1911; baseline -0.006 -9"><span class='ocrx_word' id='word_1_288' title='bbox 216 1878 284 1911; x_wconf 77' lang='grc' dir='ltr'>ἡμῖν</span> <span class='ocrx_word' id='word_1_289' title='bbox 296 1875 450 1910; x_wconf 71' lang='grc' dir='ltr'><strong><em>γνωσθέντα</em></strong></span> <span class='ocrx_word' id='word_1_290' title='bbox 463 1873 608 1909; x_wconf 72' lang='grc' dir='ltr'>ἐγγράφως</span> <span class='ocrx_word' id='word_1_291' title='bbox 623 1871 787 1902; x_wconf 77' lang='grc' dir='ltr'>ἐπιστείλας,</span> <span class='ocrx_word' id='word_1_292' title='bbox 802 1871 853 1906; x_wconf 83' lang='grc' dir='ltr'><strong><em>Εῖη</em></strong></span> <span class='ocrx_word' id='word_1_293' title='bbox 875 1879 905 1897; x_wconf 84' lang='grc' dir='ltr'><strong><em>σε</em></strong></span> <span class='ocrx_word' id='word_1_294' title='bbox 916 1870 1004 1897; x_wconf 80' lang='grc' dir='ltr'>τοίνυν</span> 
     </span>
    </p>
   </div>
   <div class='ocr_carea' id='block_1_57' title="bbox 216 1916 1004 1957">
    <p class='ocr_par' dir='ltr' id='par_1_57' title="bbox 216 1916 1004 1957">
     <span class='ocr_line' id='line_1_59' title="bbox 216 1916 1004 1957; baseline -0.009 -8"><span class='ocrx_word' id='word_1_295' title='bbox 216 1923 266 1949; x_wconf 77' lang='grc' dir='ltr'><strong><em>καὶ</em></strong></span> <span class='ocrx_word' id='word_1_296' title='bbox 282 1922 355 1957; x_wconf 80' lang='grc' dir='ltr'>ἡμᾶς</span> <span class='ocrx_word' id='word_1_297' title='bbox 372 1921 511 1952; x_wconf 73' lang='grc' dir='ltr'>ἅπαντας,</span> <span class='ocrx_word' id='word_1_298' title='bbox 540 1917 608 1954; x_wconf 78' lang='grc' dir='ltr'>μετὰ</span> <span class='ocrx_word' id='word_1_299' title='bbox 626 1916 673 1944; x_wconf 80' lang='grc' dir='ltr'><strong><em>τοῦ</em></strong></span> <span class='ocrx_word' id='word_1_300' title='bbox 693 1917 770 1951; x_wconf 84' lang='grc' dir='ltr'>ἁγίου</span> <span class='ocrx_word' id='word_1_301' title='bbox 796 1916 934 1952; x_wconf 82' lang='grc' dir='ltr'>θεοδώρου</span> <span class='ocrx_word' id='word_1_302' title='bbox 955 1917 1004 1952; x_wconf 86' lang='grc' dir='ltr'>τὴν</span> 
     </span>
    </p>
   </div>
   <div class='ocr_carea' id='block_1_58' title="bbox 1090 1643 1842 1673">
    <p class='ocr_par' dir='ltr' id='par_1_58' title="bbox 1090 1643 1842 1673">
     <span class='ocr_line' id='line_1_60' title="bbox 1090 1643 1842 1673; baseline 0.004 -3"><span class='ocrx_word' id='word_1_303' title='bbox 1090 1644 1204 1671; x_wconf 89' lang='lat' dir='ltr'><strong><em>Domino</em></strong></span> <span class='ocrx_word' id='word_1_304' title='bbox 1219 1652 1251 1672; x_wconf 90' lang='lat' dir='ltr'><strong><em>ac</em></strong></span> <span class='ocrx_word' id='word_1_305' title='bbox 1268 1644 1345 1671; x_wconf 78' lang='lat' dir='ltr'><strong><em>fratri</em></strong></span> <span class='ocrx_word' id='word_1_306' title='bbox 1366 1651 1426 1671; x_wconf 89' lang='lat' dir='ltr'><strong><em>meo</em></strong></span> <span class='ocrx_word' id='word_1_307' title='bbox 1439 1644 1555 1670; x_wconf 91' lang='lat' dir='ltr'><strong><em>multum</em></strong></span> <span class='ocrx_word' id='word_1_308' title='bbox 1578 1643 1678 1671; x_wconf 88' lang='lat' dir='ltr'><strong><em>dilecto</em></strong></span> <span class='ocrx_word' id='word_1_309' title='bbox 1700 1648 1726 1672; x_wconf 90' lang='lat' dir='ltr'><strong><em>et</em></strong></span> <span class='ocrx_word' id='word_1_310' title='bbox 1743 1651 1842 1673; x_wconf 84' lang='lat' dir='ltr'><strong><em>consa-</em></strong></span> 
     </span>
    </p>
   </div>
   <div class='ocr_carea' id='block_1_59' title="bbox 1055 1689 1632 1721">
    <p class='ocr_par' dir='ltr' id='par_1_59' title="bbox 1055 1689 1632 1721">
     <span class='ocr_line' id='line_1_61' title="bbox 1055 1689 1632 1721; baseline 0 -4"><span class='ocrx_word' id='word_1_311' title='bbox 1055 1690 1157 1717; x_wconf 76' lang='lat' dir='ltr'><strong><em>cordoti</em></strong></span> <span class='ocrx_word' id='word_1_312' title='bbox 1170 1691 1324 1721; x_wconf 83' lang='lat' dir='ltr'><strong><em>Ammonio.</em></strong></span> <span class='ocrx_word' id='word_1_313' title='bbox 1338 1690 1365 1717; x_wconf 92' lang='lat' dir='ltr'><strong><em>in</em></strong></span> <span class='ocrx_word' id='word_1_314' title='bbox 1379 1689 1494 1717; x_wconf 90' lang='lat' dir='ltr'><strong><em>Domino</em></strong></span> <span class='ocrx_word' id='word_1_315' title='bbox 1506 1689 1632 1717; x_wconf 72' lang='lat' dir='ltr'><strong><em>salutem.</em></strong></span> 
     </span>
    </p>
   </div>
   <div class='ocr_carea' id='block_1_60' title="bbox 1091 1735 1842 1772">
    <p class='ocr_par' dir='ltr' id='par_1_60' title="bbox 1091 1735 1842 1772">
     <span class='ocr_line' id='line_1_62' title="bbox 1091 1735 1842 1772; baseline -0.001 -9"><span class='ocrx_word' id='word_1_316' title='bbox 1091 1735 1158 1763; x_wconf 85' lang='lat' dir='ltr'><strong><em>Cum</em></strong></span> <span class='ocrx_word' id='word_1_317' title='bbox 1177 1737 1342 1772; x_wconf 66' lang='lat' dir='ltr'><strong><em>praeclarum</em></strong></span> <span class='ocrx_word' id='word_1_318' title='bbox 1357 1736 1442 1763; x_wconf 85' lang='lat' dir='ltr'><strong><em>animi</em></strong></span> <span class='ocrx_word' id='word_1_319' title='bbox 1464 1736 1503 1763; x_wconf 87' lang='lat' dir='ltr'><strong><em>tui</em></strong></span> <span class='ocrx_word' id='word_1_320' title='bbox 1522 1736 1648 1763; x_wconf 84' lang='lat' dir='ltr'><strong><em>ardorem</em></strong></span> <span class='ocrx_word' id='word_1_321' title='bbox 1668 1740 1694 1764; x_wconf 84' lang='lat' dir='ltr'><strong><em>et</em></strong></span> <span class='ocrx_word' id='word_1_322' title='bbox 1712 1736 1842 1771; x_wconf 87' lang='lat' dir='ltr'><strong><em>pietatem</em></strong></span> 
     </span>
    </p>
   </div>
   <div class='ocr_carea' id='block_1_61' title="bbox 1057 1781 1844 1817">
    <p class='ocr_par' dir='ltr' id='par_1_61' title="bbox 1057 1781 1844 1817">
     <span class='ocr_line' id='line_1_63' title="bbox 1057 1781 1844 1817; baseline 0 -9"><span class='ocrx_word' id='word_1_323' title='bbox 1057 1781 1168 1809; x_wconf 89' lang='lat' dir='ltr'><strong><em>minime</em></strong></span> <span class='ocrx_word' id='word_1_324' title='bbox 1185 1783 1319 1817; x_wconf 78' lang='lat' dir='ltr'><strong><em>ignorem,</em></strong></span> <span class='ocrx_word' id='word_1_325' title='bbox 1331 1789 1386 1808; x_wconf 93' lang='lat' dir='ltr'><strong><em>non</em></strong></span> <span class='ocrx_word' id='word_1_326' title='bbox 1398 1789 1510 1816; x_wconf 86' lang='lat' dir='ltr'><strong><em>possum</em></strong></span> <span class='ocrx_word' id='word_1_327' title='bbox 1527 1789 1582 1809; x_wconf 92' lang='lat' dir='ltr'><strong><em>non</em></strong></span> <span class='ocrx_word' id='word_1_328' title='bbox 1594 1781 1770 1810; x_wconf 84' lang='lat' dir='ltr'><strong><em>vehementer</em></strong></span> <span class='ocrx_word' id='word_1_329' title='bbox 1781 1788 1844 1816; x_wconf 89' lang='lat' dir='ltr'><strong><em>pro-</em></strong></span> 
     </span>
    </p>
   </div>
   <div class='ocr_carea' id='block_1_62' title="bbox 1057 1826 1843 1862">
    <p class='ocr_par' dir='ltr' id='par_1_62' title="bbox 1057 1826 1843 1862">
     <span class='ocr_line' id='line_1_64' title="bbox 1057 1826 1843 1862; baseline 0 -8"><span class='ocrx_word' id='word_1_330' title='bbox 1057 1826 1133 1860; x_wconf 85' lang='lat' dir='ltr'><strong><em>bare,</em></strong></span> <span class='ocrx_word' id='word_1_331' title='bbox 1151 1827 1223 1862; x_wconf 74' lang='lat' dir='ltr'><strong><em>quod</em></strong></span> <span class='ocrx_word' id='word_1_332' title='bbox 1243 1827 1276 1854; x_wconf 87' lang='lat' dir='ltr'><strong><em>de</em></strong></span> <span class='ocrx_word' id='word_1_333' title='bbox 1302 1833 1462 1855; x_wconf 83' lang='lat' dir='ltr'><strong><em>sanctorum</em></strong></span> <span class='ocrx_word' id='word_1_334' title='bbox 1483 1826 1624 1854; x_wconf 90' lang='lat' dir='ltr'><strong><em>hominum</em></strong></span> <span class='ocrx_word' id='word_1_335' title='bbox 1639 1828 1724 1862; x_wconf 75' lang='lat' dir='ltr'><strong><em>gestis</em></strong></span> <span class='ocrx_word' id='word_1_336' title='bbox 1739 1835 1843 1854; x_wconf 84' lang='lat' dir='ltr'><strong><em>memo-</em></strong></span> 
     </span>
    </p>
   </div>
   <div class='ocr_carea' id='block_1_63' title="bbox 1057 1873 1844 1908">
    <p class='ocr_par' dir='ltr' id='par_1_63' title="bbox 1057 1873 1844 1908">
     <span class='ocr_line' id='line_1_65' title="bbox 1057 1873 1844 1908; baseline 0.001 -9"><span class='ocrx_word' id='word_1_337' title='bbox 1057 1873 1125 1900; x_wconf 84' lang='lat' dir='ltr'><strong><em>riam</em></strong></span> <span class='ocrx_word' id='word_1_338' title='bbox 1142 1873 1241 1901; x_wconf 84' lang='lat' dir='ltr'><strong><em>l‘eceris</em></strong></span> <span class='ocrx_word' id='word_1_339' title='bbox 1257 1883 1264 1900; x_wconf 90' lang='lat'><strong>:</strong></span> <span class='ocrx_word' id='word_1_340' title='bbox 1281 1881 1343 1900; x_wconf 82' lang='lat' dir='ltr'><strong><em>nam</em></strong></span> <span class='ocrx_word' id='word_1_341' title='bbox 1358 1877 1385 1900; x_wconf 87' lang='lat' dir='ltr'><strong><em>et</em></strong></span> <span class='ocrx_word' id='word_1_342' title='bbox 1400 1873 1468 1901; x_wconf 85' lang='lat' dir='ltr'><strong><em>alias</em></strong></span> <span class='ocrx_word' id='word_1_343' title='bbox 1484 1881 1555 1908; x_wconf 69' lang='lat' dir='ltr'><strong><em>saepe</em></strong></span> <span class='ocrx_word' id='word_1_344' title='bbox 1572 1881 1621 1901; x_wconf 87' lang='lat' dir='ltr'><strong><em>nos</em></strong></span> <span class='ocrx_word' id='word_1_345' title='bbox 1637 1874 1692 1900; x_wconf 88' lang='lat' dir='ltr'><strong><em>tuis</em></strong></span> <span class='ocrx_word' id='word_1_346' title='bbox 1707 1873 1844 1901; x_wconf 80' lang='lat' dir='ltr'><strong><em>narratio-</em></strong></span> 
     </span>
    </p>
   </div>
   <div class='ocr_carea' id='block_1_64' title="bbox 1058 1918 1844 1955">
    <p class='ocr_par' dir='ltr' id='par_1_64' title="bbox 1058 1918 1844 1955">
     <span class='ocr_line' id='line_1_66' title="bbox 1058 1918 1844 1955; baseline 0 -9"><span class='ocrx_word' id='word_1_347' title='bbox 1058 1918 1139 1946; x_wconf 87' lang='lat' dir='ltr'><strong><em>nibus</em></strong></span> <span class='ocrx_word' id='word_1_348' title='bbox 1157 1920 1306 1951; x_wconf 87' lang='lat' dir='ltr'><strong><em>recreasti,</em></strong></span> <span class='ocrx_word' id='word_1_349' title='bbox 1328 1920 1429 1954; x_wconf 82' lang='lat' dir='ltr'><strong><em>scripto</em></strong></span> <span class='ocrx_word' id='word_1_350' title='bbox 1447 1920 1637 1947; x_wconf 77' lang='lat' dir='ltr'><strong><em>transmittens</em></strong></span> <span class='ocrx_word' id='word_1_351' title='bbox 1659 1927 1720 1955; x_wconf 70' lang='lat' dir='ltr'><strong><em>qua:</em></strong></span> <span class='ocrx_word' id='word_1_352' title='bbox 1741 1927 1844 1954; x_wconf 70' lang='lat' dir='ltr'><strong><em>cogno-</em></strong></span> 
     </span>
    </p>
   </div>
   <div class='ocr_carea' id='block_1_65' title="bbox 219 1962 1019 2004">
    <p class='ocr_par' dir='ltr' id='par_1_65' title="bbox 219 1962 1019 2004">
     <span class='ocr_line' id='line_1_67' title="bbox 219 1962 1019 2004; baseline -0.008 -10"><span class='ocrx_word' id='word_1_353' title='bbox 219 1968 317 2004; x_wconf 73' lang='grc' dir='ltr'>μερίδα</span> <span class='ocrx_word' id='word_1_354' title='bbox 338 1967 385 1994; x_wconf 71' lang='grc' dir='ltr'><strong><em>καὶ</em></strong></span> <span class='ocrx_word' id='word_1_355' title='bbox 408 1966 548 1992; x_wconf 84' lang='grc' dir='ltr'>κοινωνίαν</span> <span class='ocrx_word' id='word_1_356' title='bbox 564 1965 647 2000; x_wconf 73' lang='grc' dir='ltr'>ἔχειν.</span> <span class='ocrx_word' id='word_1_357' title='bbox 664 1964 701 1990; x_wconf 77' lang='grc' dir='ltr'><strong>Οὐ</strong></span> <span class='ocrx_word' id='word_1_358' title='bbox 724 1963 778 1999; x_wconf 80' lang='grc' dir='ltr'><strong><em>γὰρ</em></strong></span> <span class='ocrx_word' id='word_1_359' title='bbox 801 1962 934 1998; x_wconf 83' lang='grc' dir='ltr'>ὑπεριδὼν</span> <span class='ocrx_word' id='word_1_360' title='bbox 953 1963 1019 1998; x_wconf 78' lang='grc' dir='ltr'><strong><em>τῆς‹</em></strong></span> 
     </span>
    </p>
   </div>
   <div class='ocr_carea' id='block_1_66' title="bbox 1069 1962 1843 2004">
    <p class='ocr_par' dir='ltr' id='par_1_66' title="bbox 1071 1964 1843 2001">
     <span class='ocr_line' id='line_1_68' title="bbox 1071 1964 1843 2001; baseline 0.001 -9"><span class='ocrx_word' id='word_1_361' title='bbox 1071 1972 1143 1992; x_wconf 85' lang='lat' dir='ltr'><strong><em>eras.</em></strong></span> <span class='ocrx_word' id='word_1_362' title='bbox 1161 1964 1308 2000; x_wconf 79' lang='lat' dir='ltr'><strong><em>Contingat</em></strong></span> <span class='ocrx_word' id='word_1_363' title='bbox 1321 1966 1405 2001; x_wconf 76' lang='lat' dir='ltr'><strong><em>igitur</em></strong></span> <span class='ocrx_word' id='word_1_364' title='bbox 1419 1966 1469 1993; x_wconf 87' lang='lat' dir='ltr'><strong><em>tibi</em></strong></span> <span class='ocrx_word' id='word_1_365' title='bbox 1487 1970 1515 1993; x_wconf 92' lang='lat' dir='ltr'><strong><em>et</em></strong></span> <span class='ocrx_word' id='word_1_366' title='bbox 1528 1966 1608 1993; x_wconf 81' lang='lat' dir='ltr'><strong><em>nobis</em></strong></span> <span class='ocrx_word' id='word_1_367' title='bbox 1625 1966 1764 1998; x_wconf 86' lang='lat' dir='ltr'><strong><em>omnibus,</em></strong></span> <span class='ocrx_word' id='word_1_368' title='bbox 1780 1973 1843 1993; x_wconf 88' lang='lat' dir='ltr'><strong><em>cum</em></strong></span> 
     </span>
    </p>
   </div>
   <div class='ocr_carea' id='block_1_67' title="bbox 218 2007 1002 2050">
    <p class='ocr_par' dir='ltr' id='par_1_67' title="bbox 218 2007 1002 2050">
     <span class='ocr_line' id='line_1_69' title="bbox 218 2007 1002 2050; baseline -0.009 -9"><span class='ocrx_word' id='word_1_369' title='bbox 218 2014 354 2050; x_wconf 74' lang='grc' dir='ltr'>ἡμετέρας</span> <span class='ocrx_word' id='word_1_370' title='bbox 370 2012 576 2048; x_wconf 77' lang='grc' dir='ltr'><strong><em>παρακλήσεως,</em></strong></span> <span class='ocrx_word' id='word_1_371' title='bbox 592 2010 659 2037; x_wconf 82' lang='grc' dir='ltr'><strong><em>ἀλλὰ</em></strong></span> <span class='ocrx_word' id='word_1_372' title='bbox 672 2009 719 2036; x_wconf 78' lang='grc' dir='ltr'>καὶ</span> <span class='ocrx_word' id='word_1_373' title='bbox 735 2009 775 2041; x_wconf 80' lang='grc' dir='ltr'><strong><em>είς</em></strong></span> <span class='ocrx_word' id='word_1_374' title='bbox 788 2008 867 2035; x_wconf 83' lang='grc' dir='ltr'>τοῦτο</span> <span class='ocrx_word' id='word_1_375' title='bbox 879 2007 1002 2039; x_wconf 84' lang='grc' dir='ltr'><strong><em>δεδωκὼς</em></strong></span> 
     </span>
    </p>
   </div>
   <div class='ocr_carea' id='block_1_68' title="bbox 217 2054 1004 2094">
    <p class='ocr_par' dir='ltr' id='par_1_68' title="bbox 217 2054 1004 2094">
     <span class='ocr_line' id='line_1_70' title="bbox 217 2054 1004 2094; baseline -0.008 -8"><span class='ocrx_word' id='word_1_376' title='bbox 217 2059 362 2094; x_wconf 79' lang='grc' dir='ltr'><strong><em>ὠφέλησας</em></strong></span> <span class='ocrx_word' id='word_1_377' title='bbox 376 2059 458 2094; x_wconf 80' lang='grc' dir='ltr'>ἡμᾶς,</span> <span class='ocrx_word' id='word_1_378' title='bbox 474 2057 598 2092; x_wconf 77' lang='grc' dir='ltr'>ἀγαπητὲ</span> <span class='ocrx_word' id='word_1_379' title='bbox 612 2056 659 2082; x_wconf 70' lang='grc' dir='ltr'><strong><em>καὶ</em></strong></span> <span class='ocrx_word' id='word_1_380' title='bbox 673 2055 853 2082; x_wconf 82' lang='grc' dir='ltr'>ποθεινότατε.</span> <span class='ocrx_word' id='word_1_381' title='bbox 868 2054 1004 2090; x_wconf 82' lang='grc' dir='ltr'>Προσειπὲ</span> 
     </span>
    </p>
   </div>
   <div class='ocr_carea' id='block_1_69' title="bbox 217 2099 1005 2139">
    <p class='ocr_par' dir='ltr' id='par_1_69' title="bbox 217 2099 1005 2139">
     <span class='ocr_line' id='line_1_71' title="bbox 217 2099 1005 2139; baseline -0.005 -9"><span class='ocrx_word' id='word_1_382' title='bbox 217 2104 270 2139; x_wconf 86' lang='grc' dir='ltr'>τὴν</span> <span class='ocrx_word' id='word_1_383' title='bbox 287 2103 335 2139; x_wconf 81' lang='grc' dir='ltr'><strong><em>σὴν</em></strong></span> <span class='ocrx_word' id='word_1_384' title='bbox 352 2102 427 2138; x_wconf 83' lang='grc' dir='ltr'><strong><em>παρά</em></strong></span> <span class='ocrx_word' id='word_1_385' title='bbox 444 2102 485 2128; x_wconf 79' lang='grc' dir='ltr'><strong><em>σοὶ</em></strong></span> <span class='ocrx_word' id='word_1_386' title='bbox 495 2101 674 2136; x_wconf 82' lang='grc' dir='ltr'><strong><em>ἀδελφότητα.</em></strong></span> <span class='ocrx_word' id='word_1_387' title='bbox 689 2100 723 2126; x_wconf 84' lang='grc' dir='ltr'><strong>Σὲ</strong></span> <span class='ocrx_word' id='word_1_388' title='bbox 737 2101 753 2135; x_wconf 86' lang='grc' dir='ltr'>ὴ</span> <span class='ocrx_word' id='word_1_389' title='bbox 769 2101 817 2127; x_wconf 79' lang='grc' dir='ltr'><strong><em>σὺν</em></strong></span> <span class='ocrx_word' id='word_1_390' title='bbox 833 2099 893 2136; x_wconf 74' lang='grc' dir='ltr'>ἐμοὶ</span> <span class='ocrx_word' id='word_1_391' title='bbox 909 2100 937 2127; x_wconf 78' lang='grc' dir='ltr'>ἐν</span> <span class='ocrx_word' id='word_1_392' title='bbox 952 2100 1005 2126; x_wconf 79' lang='grc' dir='ltr'><strong><em>Κυ-</em></strong></span> 
     </span>
    </p>
   </div>
   <div class='ocr_carea' id='block_1_70' title="bbox 219 2145 1004 2186">
    <p class='ocr_par' dir='ltr' id='par_1_70' title="bbox 219 2145 1004 2186">
     <span class='ocr_line' id='line_1_72' title="bbox 219 2145 1004 2186; baseline -0.005 -10"><span class='ocrx_word' id='word_1_393' title='bbox 219 2150 270 2186; x_wconf 83' lang='grc' dir='ltr'><strong><em>ρίῳ</em></strong></span> <span class='ocrx_word' id='word_1_394' title='bbox 281 2148 487 2185; x_wconf 82' lang='grc' dir='ltr'>προσαγορεύει.</span> <span class='ocrx_word' id='word_1_395' title='bbox 509 2147 662 2184; x_wconf 75' lang='grc' dir='ltr'><strong><em>Ἐῥρὦθαι</em></strong></span> <span class='ocrx_word' id='word_1_396' title='bbox 672 2155 701 2173; x_wconf 87' lang='grc' dir='ltr'><strong><em>σε</em></strong></span> <span class='ocrx_word' id='word_1_397' title='bbox 716 2147 744 2174; x_wconf 85' lang='grc' dir='ltr'>ὲν</span> <span class='ocrx_word' id='word_1_398' title='bbox 758 2146 863 2182; x_wconf 81' lang='grc' dir='ltr'>Κυρίῳ,</span> <span class='ocrx_word' id='word_1_399' title='bbox 878 2145 1004 2181; x_wconf 83' lang='grc' dir='ltr'>ἀγαπητὲ</span> 
     </span>
    </p>
   </div>
   <div class='ocr_carea' id='block_1_71' title="bbox 217 2195 576 2230">
    <p class='ocr_par' dir='ltr' id='par_1_71' title="bbox 217 2195 576 2230">
     <span class='ocr_line' id='line_1_73' title="bbox 217 2195 576 2230; baseline -0.008 -5"><span class='ocrx_word' id='word_1_400' title='bbox 217 2197 269 2226; x_wconf 73' lang='grc' dir='ltr'><strong><em>καὶ</em></strong></span> <span class='ocrx_word' id='word_1_401' title='bbox 280 2196 453 2224; x_wconf 79' lang='grc' dir='ltr'>ποθεινότατε</span> <span class='ocrx_word' id='word_1_402' title='bbox 467 2195 576 2230; x_wconf 81' lang='grc' dir='ltr'><strong><em>ἀδελφέ.</em></strong></span> 
     </span>
    </p>
   </div>
   <div class='ocr_carea' id='block_1_72' title="bbox 1053 2010 1842 2046">
    <p class='ocr_par' dir='ltr' id='par_1_72' title="bbox 1053 2010 1842 2046">
     <span class='ocr_line' id='line_1_74' title="bbox 1053 2010 1842 2046; baseline 0.003 -8"><span class='ocrx_word' id='word_1_403' title='bbox 1053 2015 1149 2038; x_wconf 83' lang='lat' dir='ltr'><strong><em>sancto</em></strong></span> <span class='ocrx_word' id='word_1_404' title='bbox 1164 2010 1308 2039; x_wconf 83' lang='lat' dir='ltr'><strong><em>Theodoro</em></strong></span> <span class='ocrx_word' id='word_1_405' title='bbox 1326 2016 1431 2046; x_wconf 88' lang='lat' dir='ltr'><strong><em>partem</em></strong></span> <span class='ocrx_word' id='word_1_406' title='bbox 1448 2017 1475 2040; x_wconf 88' lang='lat' dir='ltr'><strong><em>et</em></strong></span> <span class='ocrx_word' id='word_1_407' title='bbox 1492 2012 1713 2040; x_wconf 85' lang='lat' dir='ltr'><strong><em>communionem</em></strong></span> <span class='ocrx_word' id='word_1_408' title='bbox 1731 2012 1842 2040; x_wconf 83' lang='lat' dir='ltr'><strong><em>habere.</em></strong></span> 
     </span>
    </p>
   </div>
   <div class='ocr_carea' id='block_1_73' title="bbox 1051 2055 1843 2091">
    <p class='ocr_par' dir='ltr' id='par_1_73' title="bbox 1051 2055 1843 2091">
     <span class='ocr_line' id='line_1_75' title="bbox 1051 2055 1843 2091; baseline 0.004 -9"><span class='ocrx_word' id='word_1_409' title='bbox 1051 2055 1113 2083; x_wconf 80' lang='lat' dir='ltr'><strong><em>Non</em></strong></span> <span class='ocrx_word' id='word_1_410' title='bbox 1131 2056 1204 2083; x_wconf 87' lang='lat' dir='ltr'><strong><em>enim</em></strong></span> <span class='ocrx_word' id='word_1_411' title='bbox 1221 2056 1253 2083; x_wconf 88' lang='lat' dir='ltr'><strong><em>ad</em></strong></span> <span class='ocrx_word' id='word_1_412' title='bbox 1270 2061 1396 2084; x_wconf 86' lang='lat' dir='ltr'><strong><em>nostrum</em></strong></span> <span class='ocrx_word' id='word_1_413' title='bbox 1414 2057 1545 2085; x_wconf 80' lang='lat' dir='ltr'><strong><em>solatium</em></strong></span> <span class='ocrx_word' id='word_1_414' title='bbox 1559 2058 1781 2091; x_wconf 85' lang='lat' dir='ltr'><strong><em>cunctabundus,</em></strong></span> <span class='ocrx_word' id='word_1_415' title='bbox 1794 2057 1843 2086; x_wconf 73' lang='lat' dir='ltr'><strong><em>sed</em></strong></span> 
     </span>
    </p>
   </div>
   <div class='ocr_carea' id='block_1_74' title="bbox 1054 2102 1841 2139">
    <p class='ocr_par' dir='ltr' id='par_1_74' title="bbox 1054 2102 1841 2139">
     <span class='ocr_line' id='line_1_76' title="bbox 1054 2102 1841 2139; baseline 0.003 -10"><span class='ocrx_word' id='word_1_416' title='bbox 1054 2102 1082 2129; x_wconf 91' lang='lat' dir='ltr'><strong><em>in</em></strong></span> <span class='ocrx_word' id='word_1_417' title='bbox 1102 2102 1131 2129; x_wconf 89' lang='lat' dir='ltr'><strong><em>id</em></strong></span> <span class='ocrx_word' id='word_1_418' title='bbox 1157 2102 1246 2137; x_wconf 89' lang='lat' dir='ltr'><strong><em>ipsum</em></strong></span> <span class='ocrx_word' id='word_1_419' title='bbox 1268 2103 1394 2130; x_wconf 90' lang='lat' dir='ltr'><strong><em>nonnihil</em></strong></span> <span class='ocrx_word' id='word_1_420' title='bbox 1418 2104 1522 2132; x_wconf 89' lang='lat' dir='ltr'><strong><em>addens</em></strong></span> <span class='ocrx_word' id='word_1_421' title='bbox 1546 2104 1762 2139; x_wconf 87' lang='lat' dir='ltr'><strong><em>promptitudine</em></strong></span> <span class='ocrx_word' id='word_1_422' title='bbox 1785 2109 1841 2136; x_wconf 83' lang='lat' dir='ltr'><strong><em>tua,</em></strong></span> 
     </span>
    </p>
   </div>
   <div class='ocr_carea' id='block_1_75' title="bbox 1058 2148 1844 2184">
    <p class='ocr_par' dir='ltr' id='par_1_75' title="bbox 1058 2148 1844 2184">
     <span class='ocr_line' id='line_1_77' title="bbox 1058 2148 1844 2184; baseline 0.001 -8"><span class='ocrx_word' id='word_1_423' title='bbox 1058 2148 1176 2176; x_wconf 90' lang='lat' dir='ltr'><strong><em>multum</em></strong></span> <span class='ocrx_word' id='word_1_424' title='bbox 1190 2148 1272 2176; x_wconf 89' lang='lat' dir='ltr'><strong><em>nobis</em></strong></span> <span class='ocrx_word' id='word_1_425' title='bbox 1295 2149 1440 2184; x_wconf 82' lang='lat' dir='ltr'><strong><em>profuisti,</em></strong></span> <span class='ocrx_word' id='word_1_426' title='bbox 1461 2149 1642 2177; x_wconf 86' lang='lat' dir='ltr'><strong><em>dilectissime</em></strong></span> <span class='ocrx_word' id='word_1_427' title='bbox 1660 2153 1688 2177; x_wconf 91' lang='lat' dir='ltr'><strong><em>et</em></strong></span> <span class='ocrx_word' id='word_1_428' title='bbox 1703 2149 1844 2177; x_wconf 85' lang='lat' dir='ltr'><strong><em>desidera-</em></strong></span> 
     </span>
    </p>
   </div>
   <div class='ocr_carea' id='block_1_76' title="bbox 1058 2193 1843 2230">
    <p class='ocr_par' dir='ltr' id='par_1_76' title="bbox 1058 2193 1843 2230">
     <span class='ocr_line' id='line_1_78' title="bbox 1058 2193 1843 2230; baseline 0.003 -10"><span class='ocrx_word' id='word_1_429' title='bbox 1058 2194 1172 2222; x_wconf 86' lang='lat' dir='ltr'><strong><em>tissime.</em></strong></span> <span class='ocrx_word' id='word_1_430' title='bbox 1190 2193 1302 2222; x_wconf 84' lang='lat' dir='ltr'><strong><em>Fratres</em></strong></span> <span class='ocrx_word' id='word_1_431' title='bbox 1316 2195 1363 2230; x_wconf 87' lang='lat' dir='ltr'><strong><em>qui</em></strong></span> <span class='ocrx_word' id='word_1_432' title='bbox 1380 2195 1452 2230; x_wconf 88' lang='lat' dir='ltr'><strong><em>apud</em></strong></span> <span class='ocrx_word' id='word_1_433' title='bbox 1466 2200 1493 2223; x_wconf 89' lang='lat' dir='ltr'><strong><em>te</em></strong></span> <span class='ocrx_word' id='word_1_434' title='bbox 1507 2199 1581 2227; x_wconf 84' lang='lat' dir='ltr'><strong><em>sunt,</em></strong></span> <span class='ocrx_word' id='word_1_435' title='bbox 1601 2195 1700 2223; x_wconf 86' lang='lat' dir='ltr'><strong><em>saluta.</em></strong></span> <span class='ocrx_word' id='word_1_436' title='bbox 1719 2194 1771 2228; x_wconf 86' lang='lat' dir='ltr'><strong><em>Qui</em></strong></span> <span class='ocrx_word' id='word_1_437' title='bbox 1786 2203 1843 2222; x_wconf 87' lang='lat' dir='ltr'><strong><em>me-</em></strong></span> 
     </span>
    </p>
   </div>
   <div class='ocr_carea' id='block_1_77' title="bbox 1057 2239 1841 2273">
    <p class='ocr_par' dir='ltr' id='par_1_77' title="bbox 1057 2239 1841 2273">
     <span class='ocr_line' id='line_1_79' title="bbox 1057 2239 1841 2273; baseline 0 -6"><span class='ocrx_word' id='word_1_438' title='bbox 1057 2247 1118 2267; x_wconf 85' lang='lat' dir='ltr'><strong><em>cum</em></strong></span> <span class='ocrx_word' id='word_1_439' title='bbox 1134 2244 1209 2272; x_wconf 88' lang='lat' dir='ltr'><strong><em>sunt,</em></strong></span> <span class='ocrx_word' id='word_1_440' title='bbox 1225 2240 1253 2267; x_wconf 90' lang='lat' dir='ltr'><strong><em>in</em></strong></span> <span class='ocrx_word' id='word_1_441' title='bbox 1271 2239 1388 2267; x_wconf 90' lang='lat' dir='ltr'><strong><em>Domino</em></strong></span> <span class='ocrx_word' id='word_1_442' title='bbox 1404 2245 1430 2268; x_wconf 84' lang='lat' dir='ltr'><strong><em>te</em></strong></span> <span class='ocrx_word' id='word_1_443' title='bbox 1443 2241 1575 2269; x_wconf 87' lang='lat' dir='ltr'><strong><em>salutant.</em></strong></span> <span class='ocrx_word' id='word_1_444' title='bbox 1592 2239 1657 2269; x_wconf 85' lang='lat' dir='ltr'><strong><em>Vale</em></strong></span> <span class='ocrx_word' id='word_1_445' title='bbox 1673 2241 1700 2268; x_wconf 91' lang='lat' dir='ltr'><strong><em>in</em></strong></span> <span class='ocrx_word' id='word_1_446' title='bbox 1716 2240 1841 2273; x_wconf 76' lang='lat' dir='ltr'><strong><em>Domino,</em></strong></span> 
     </span>
    </p>
   </div>
   <div class='ocr_carea' id='block_1_78' title="bbox 1055 2285 1395 2313">
    <p class='ocr_par' dir='ltr' id='par_1_78' title="bbox 1055 2285 1395 2313">
     <span class='ocr_line' id='line_1_80' title="bbox 1055 2285 1395 2313; baseline 0.003 -1"><span class='ocrx_word' id='word_1_447' title='bbox 1055 2285 1140 2313; x_wconf 74' lang='lat' dir='ltr'><strong><em>frater</em></strong></span> <span class='ocrx_word' id='word_1_448' title='bbox 1155 2285 1271 2312; x_wconf 91' lang='lat' dir='ltr'><strong><em>multum</em></strong></span> <span class='ocrx_word' id='word_1_449' title='bbox 1286 2286 1395 2313; x_wconf 84' lang='lat' dir='ltr'><strong><em>dilecte.</em></strong></span> 
     </span>
    </p>
   </div>
   <div class='ocr_carea' id='block_1_79' title="bbox 719 2341 1335 2372">
    <p class='ocr_par' dir='ltr' id='par_1_79' title="bbox 719 2341 1335 2372">
     <span class='ocr_line' id='line_1_81' title="bbox 719 2341 1335 2372; baseline -0.005 0"><span class='ocrx_word' id='word_1_450' title='bbox 719 2344 765 2372; x_wconf 79' lang='lat' dir='ltr'><strong><em>Vl.</em></strong></span> <span class='ocrx_word' id='word_1_451' title='bbox 781 2344 931 2372; x_wconf 73' lang='lat' dir='ltr'><strong><em>Tuncrum</em></strong></span> <span class='ocrx_word' id='word_1_452' title='bbox 947 2352 981 2371; x_wconf 81' lang='grc' dir='ltr'><strong><em>Αι)</em></strong></span> <span class='ocrx_word' id='word_1_453' title='bbox 997 2349 1138 2371; x_wconf 71' lang='grc' dir='ltr'>ειηεοονοε</span> <span class='ocrx_word' id='word_1_454' title='bbox 1153 2341 1335 2370; x_wconf 66' lang='lat' dir='ltr'><strong><em>Pan/esurus.</em></strong></span> 
     </span>
    </p>
   </div>
   <div class='ocr_carea' id='block_1_80' title="bbox 576 2397 1487 2438">
    <p class='ocr_par' dir='ltr' id='par_1_80' title="bbox 576 2397 1487 2438">
     <span class='ocr_line' id='line_1_82' title="bbox 576 2397 1487 2438; baseline -0.005 -8"><span class='ocrx_word' id='word_1_455' title='bbox 576 2403 652 2438; x_wconf 85' lang='lat' dir='ltr'><strong><em>Apud</em></strong></span> <span class='ocrx_word' id='word_1_456' title='bbox 667 2401 820 2429; x_wconf 88' lang='lat' dir='ltr'><strong><em>Palladium</em></strong></span> <span class='ocrx_word' id='word_1_457' title='bbox 835 2401 903 2429; x_wconf 83' lang='lat' dir='ltr'><strong><em>Dial.</em></strong></span> <span class='ocrx_word' id='word_1_458' title='bbox 918 2400 952 2427; x_wconf 91' lang='lat' dir='ltr'><strong><em>de</em></strong></span> <span class='ocrx_word' id='word_1_459' title='bbox 969 2399 1033 2427; x_wconf 84' lang='lat' dir='ltr'><strong><em>Vita</em></strong></span> <span class='ocrx_word' id='word_1_460' title='bbox 1050 2397 1079 2426; x_wconf 89' lang='lat' dir='ltr'><strong><em>S.</em></strong></span> <span class='ocrx_word' id='word_1_461' title='bbox 1093 2397 1208 2425; x_wconf 81' lang='lat' dir='ltr'><strong><em>Joannis</em></strong></span> <span class='ocrx_word' id='word_1_462' title='bbox 1226 2397 1369 2433; x_wconf 78' lang='lat' dir='ltr'><strong><em>Chrysost.</em></strong></span> <span class='ocrx_word' id='word_1_463' title='bbox 1383 2405 1442 2432; x_wconf 88' lang='lat' dir='ltr'><strong><em>cap.</em></strong></span> <span class='ocrx_word' id='word_1_464' title='bbox 1459 2398 1487 2425; x_wconf 90' lang='lat'><strong><em>7.</em></strong></span> 
     </span>
    </p>
   </div>
   <div class='ocr_carea' id='block_1_81' title="bbox 252 2448 1006 2490">
    <p class='ocr_par' dir='ltr' id='par_1_81' title="bbox 252 2448 1006 2490">
     <span class='ocr_line' id='line_1_83' title="bbox 252 2448 1006 2490; baseline -0.011 -7"><span class='ocrx_word' id='word_1_465' title='bbox 252 2456 312 2484; x_wconf 77' lang='grc' dir='ltr'><strong><em>οὐκ</em></strong></span> <span class='ocrx_word' id='word_1_466' title='bbox 326 2455 378 2481; x_wconf 78' lang='grc' dir='ltr'>ἔδει</span> <span class='ocrx_word' id='word_1_467' title='bbox 395 2454 444 2490; x_wconf 76' lang='grc' dir='ltr'>μὲν</span> <span class='ocrx_word' id='word_1_468' title='bbox 459 2454 531 2489; x_wconf 76' lang='grc' dir='ltr'><strong><em>ὑμᾶς</em></strong></span> <span class='ocrx_word' id='word_1_469' title='bbox 548 2452 624 2488; x_wconf 79' lang='grc' dir='ltr'>παρὰ</span> <span class='ocrx_word' id='word_1_470' title='bbox 641 2451 752 2486; x_wconf 84' lang='grc' dir='ltr'>γνώμην</span> <span class='ocrx_word' id='word_1_471' title='bbox 770 2459 820 2486; x_wconf 90' lang='grc' dir='ltr'><strong><em>μου</em></strong></span> <span class='ocrx_word' id='word_1_472' title='bbox 836 2450 866 2476; x_wconf 85' lang='grc' dir='ltr'>ὲν</span> <span class='ocrx_word' id='word_1_473' title='bbox 882 2450 941 2481; x_wconf 85' lang='grc' dir='ltr'>ταῖς</span> <span class='ocrx_word' id='word_1_474' title='bbox 958 2448 1006 2475; x_wconf 76' lang='grc' dir='ltr'><strong><em>πϐ-</em></strong></span> 
     </span>
    </p>
   </div>
   <div class='ocr_carea' id='block_1_82' title="bbox 215 2496 1006 2534">
    <p class='ocr_par' dir='ltr' id='par_1_82' title="bbox 215 2496 1006 2534">
     <span class='ocr_line' id='line_1_84' title="bbox 215 2496 1006 2534; baseline -0.013 -4"><span class='ocrx_word' id='word_1_475' title='bbox 215 2503 292 2530; x_wconf 86' lang='grc' dir='ltr'>λεσιν</span> <span class='ocrx_word' id='word_1_476' title='bbox 303 2500 482 2534; x_wconf 80' lang='grc' dir='ltr'>ὗποδὲξασθαι</span> <span class='ocrx_word' id='word_1_477' title='bbox 494 2498 616 2530; x_wconf 66' lang='grc' dir='ltr'>τούτουςν</span> <span class='ocrx_word' id='word_1_478' title='bbox 627 2497 720 2533; x_wconf 72' lang='grc' dir='ltr'><strong><em>ἐπειδὴ</em></strong></span> <span class='ocrx_word' id='word_1_479' title='bbox 730 2497 758 2522; x_wconf 83' lang='grc' dir='ltr'><strong><em>δὲ</em></strong></span> <span class='ocrx_word' id='word_1_480' title='bbox 769 2496 929 2532; x_wconf 60' lang='grc' dir='ltr'>ἢγνοήσατε,</span> <span class='ocrx_word' id='word_1_481' title='bbox 944 2503 1006 2529; x_wconf 85' lang='grc' dir='ltr'>συγ-</span> 
     </span>
    </p>
   </div>
   <div class='ocr_carea' id='block_1_83' title="bbox 215 2541 1003 2584">
    <p class='ocr_par' dir='ltr' id='par_1_83' title="bbox 215 2541 1003 2584">
     <span class='ocr_line' id='line_1_85' title="bbox 215 2541 1003 2584; baseline -0.011 -8"><span class='ocrx_word' id='word_1_482' title='bbox 215 2548 332 2584; x_wconf 79' lang='grc' dir='ltr'>γνώμην</span> <span class='ocrx_word' id='word_1_483' title='bbox 346 2548 410 2583; x_wconf 83' lang='grc' dir='ltr'><strong><em>ὑμῖν</em></strong></span> <span class='ocrx_word' id='word_1_484' title='bbox 433 2546 518 2582; x_wconf 83' lang='grc' dir='ltr'>νέμω.</span> <span class='ocrx_word' id='word_1_485' title='bbox 538 2544 592 2572; x_wconf 82' lang='grc' dir='ltr'><strong><em>Τοῦ</em></strong></span> <span class='ocrx_word' id='word_1_486' title='bbox 611 2543 705 2571; x_wconf 82' lang='grc' dir='ltr'>λοιποῦ</span> <span class='ocrx_word' id='word_1_487' title='bbox 723 2542 812 2569; x_wconf 86' lang='grc' dir='ltr'>τοίνυν</span> <span class='ocrx_word' id='word_1_488' title='bbox 827 2541 1003 2578; x_wconf 73' lang='grc' dir='ltr'>φροντίσατε,</span> 
     </span>
    </p>
   </div>
   <div class='ocr_carea' id='block_1_84' title="bbox 217 2587 1005 2630">
    <p class='ocr_par' dir='ltr' id='par_1_84' title="bbox 217 2587 1005 2630">
     <span class='ocr_line' id='line_1_86' title="bbox 217 2587 1005 2630; baseline -0.01 -9"><span class='ocrx_word' id='word_1_489' title='bbox 217 2595 289 2630; x_wconf 86' lang='grc' dir='ltr'>μήτε</span> <span class='ocrx_word' id='word_1_490' title='bbox 303 2593 344 2625; x_wconf 74' lang='grc' dir='ltr'><strong><em>εἰς</em></strong></span> <span class='ocrx_word' id='word_1_491' title='bbox 356 2591 594 2628; x_wconf 58' lang='grc' dir='ltr'><strong><em>ἐκκλησιαστικὸν,</em></strong></span> <span class='ocrx_word' id='word_1_492' title='bbox 611 2590 680 2626; x_wconf 75' lang='grc' dir='ltr'>μήτε</span> <span class='ocrx_word' id='word_1_493' title='bbox 695 2590 734 2621; x_wconf 81' lang='grc' dir='ltr'><strong><em>εἰς</em></strong></span> <span class='ocrx_word' id='word_1_494' title='bbox 747 2588 878 2616; x_wconf 78' lang='grc' dir='ltr'>ἰδιωτικὸν</span> <span class='ocrx_word' id='word_1_495' title='bbox 893 2587 1005 2618; x_wconf 82' lang='grc' dir='ltr'>τούτους</span> 
     </span>
    </p>
   </div>
   <div class='ocr_carea' id='block_1_85' title="bbox 215 2638 510 2672">
    <p class='ocr_par' dir='ltr' id='par_1_85' title="bbox 215 2638 510 2672">
     <span class='ocr_line' id='line_1_87' title="bbox 215 2638 510 2672; baseline -0.014 -5"><span class='ocrx_word' id='word_1_496' title='bbox 215 2638 403 2672; x_wconf 78' lang='grc' dir='ltr'>ὑποδέξασθαι</span> <span class='ocrx_word' id='word_1_497' title='bbox 417 2639 510 2665; x_wconf 79' lang='grc' dir='ltr'>τόπον.</span> 
     </span>
    </p>
   </div>
   <div class='ocr_carea' id='block_1_86' title="bbox 1090 2444 1841 2481">
    <p class='ocr_par' dir='ltr' id='par_1_86' title="bbox 1090 2444 1841 2481">
     <span class='ocr_line' id='line_1_88' title="bbox 1090 2444 1841 2481; baseline 0.001 -8"><span class='ocrx_word' id='word_1_498' title='bbox 1090 2446 1150 2473; x_wconf 89' lang='lat' dir='ltr'><strong><em>Non</em></strong></span> <span class='ocrx_word' id='word_1_499' title='bbox 1167 2446 1327 2481; x_wconf 80' lang='lat' dir='ltr'><strong><em>oportebat,</em></strong></span> <span class='ocrx_word' id='word_1_500' title='bbox 1346 2452 1395 2472; x_wconf 88' lang='lat' dir='ltr'><strong><em>vos</em></strong></span> <span class='ocrx_word' id='word_1_501' title='bbox 1411 2448 1509 2480; x_wconf 77' lang='lat' dir='ltr'><strong><em>praeter</em></strong></span> <span class='ocrx_word' id='word_1_502' title='bbox 1523 2444 1690 2473; x_wconf 78' lang='lat' dir='ltr'><strong><em>voluntatem</em></strong></span> <span class='ocrx_word' id='word_1_503' title='bbox 1707 2452 1795 2473; x_wconf 88' lang='lat' dir='ltr'><strong><em>meam</em></strong></span> <span class='ocrx_word' id='word_1_504' title='bbox 1812 2447 1841 2474; x_wconf 97' lang='lat' dir='ltr'><strong><em>in</em></strong></span> 
     </span>
    </p>
   </div>
   <div class='ocr_carea' id='block_1_87' title="bbox 1054 2490 1840 2528">
    <p class='ocr_par' dir='ltr' id='par_1_87' title="bbox 1054 2490 1840 2528">
     <span class='ocr_line' id='line_1_89' title="bbox 1054 2490 1840 2528; baseline 0 -8"><span class='ocrx_word' id='word_1_505' title='bbox 1054 2492 1178 2520; x_wconf 83' lang='lat' dir='ltr'><strong><em>civitates</em></strong></span> <span class='ocrx_word' id='word_1_506' title='bbox 1197 2496 1305 2520; x_wconf 84' lang='lat' dir='ltr'><strong><em>vestras</em></strong></span> <span class='ocrx_word' id='word_1_507' title='bbox 1323 2492 1372 2519; x_wconf 89' lang='lat' dir='ltr'><strong><em>hos</em></strong></span> <span class='ocrx_word' id='word_1_508' title='bbox 1387 2490 1535 2526; x_wconf 81' lang='lat' dir='ltr'><strong><em>(Isidorum</em></strong></span> <span class='ocrx_word' id='word_1_509' title='bbox 1554 2491 1672 2526; x_wconf 84' lang='lat' dir='ltr'><strong><em>aliosque</em></strong></span> <span class='ocrx_word' id='word_1_510' title='bbox 1687 2492 1840 2528; x_wconf 80' lang='lat' dir='ltr'><strong><em>monachos)</em></strong></span> 
     </span>
    </p>
   </div>
   <div class='ocr_carea' id='block_1_88' title="bbox 1054 2537 1842 2573">
    <p class='ocr_par' dir='ltr' id='par_1_88' title="bbox 1054 2537 1842 2573">
     <span class='ocr_line' id='line_1_90' title="bbox 1054 2537 1842 2573; baseline 0 -7"><span class='ocrx_word' id='word_1_511' title='bbox 1054 2538 1178 2573; x_wconf 85' lang='lat' dir='ltr'><strong><em>recipere</em></strong></span> <span class='ocrx_word' id='word_1_512' title='bbox 1206 2547 1212 2565; x_wconf 92' lang='lat'>:</span> <span class='ocrx_word' id='word_1_513' title='bbox 1238 2538 1288 2566; x_wconf 87' lang='lat' dir='ltr'><strong><em>sed</em></strong></span> <span class='ocrx_word' id='word_1_514' title='bbox 1310 2537 1441 2572; x_wconf 85' lang='lat' dir='ltr'><strong><em>quoniam</em></strong></span> <span class='ocrx_word' id='word_1_515' title='bbox 1461 2537 1550 2572; x_wconf 80' lang='lat' dir='ltr'><strong><em>ignari</em></strong></span> <span class='ocrx_word' id='word_1_516' title='bbox 1573 2537 1600 2564; x_wconf 90' lang='lat' dir='ltr'><strong><em>id</em></strong></span> <span class='ocrx_word' id='word_1_517' title='bbox 1621 2537 1745 2571; x_wconf 80' lang='lat' dir='ltr'><strong><em>fecistis,</em></strong></span> <span class='ocrx_word' id='word_1_518' title='bbox 1763 2538 1842 2566; x_wconf 86' lang='lat' dir='ltr'><strong><em>vobis</em></strong></span> 
     </span>
    </p>
   </div>
   <div class='ocr_carea' id='block_1_89' title="bbox 1054 2584 1842 2621">
    <p class='ocr_par' dir='ltr' id='par_1_89' title="bbox 1054 2584 1842 2621">
     <span class='ocr_line' id='line_1_91' title="bbox 1054 2584 1842 2621; baseline -0.003 -8"><span class='ocrx_word' id='word_1_519' title='bbox 1054 2585 1180 2621; x_wconf 80' lang='lat' dir='ltr'><strong><em>ignosco.</em></strong></span> <span class='ocrx_word' id='word_1_520' title='bbox 1204 2584 1234 2612; x_wconf 91' lang='lat' dir='ltr'><strong><em>In</em></strong></span> <span class='ocrx_word' id='word_1_521' title='bbox 1256 2589 1397 2620; x_wconf 85' lang='lat' dir='ltr'><strong><em>posterum</em></strong></span> <span class='ocrx_word' id='word_1_522' title='bbox 1422 2584 1506 2619; x_wconf 80' lang='lat' dir='ltr'><strong><em>igitur</em></strong></span> <span class='ocrx_word' id='word_1_523' title='bbox 1523 2587 1629 2615; x_wconf 85' lang='lat' dir='ltr'><strong><em>cavete,</em></strong></span> <span class='ocrx_word' id='word_1_524' title='bbox 1649 2592 1683 2612; x_wconf 92' lang='lat' dir='ltr'><strong><em>ne</em></strong></span> <span class='ocrx_word' id='word_1_525' title='bbox 1700 2584 1728 2611; x_wconf 91' lang='lat' dir='ltr'><strong><em>in</em></strong></span> <span class='ocrx_word' id='word_1_526' title='bbox 1751 2584 1842 2612; x_wconf 87' lang='lat' dir='ltr'><strong><em>eccle-</em></strong></span> 
     </span>
    </p>
   </div>
   <div class='ocr_carea' id='block_1_90' title="bbox 1055 2628 1842 2664">
    <p class='ocr_par' dir='ltr' id='par_1_90' title="bbox 1055 2628 1842 2664">
     <span class='ocr_line' id='line_1_92' title="bbox 1055 2628 1842 2664; baseline -0.001 -6"><span class='ocrx_word' id='word_1_527' title='bbox 1055 2631 1198 2658; x_wconf 79' lang='lat' dir='ltr'><strong><em>siasticum</em></strong></span> <span class='ocrx_word' id='word_1_528' title='bbox 1222 2634 1271 2657; x_wconf 83' lang='lat' dir='ltr'><strong><em>aut</em></strong></span> <span class='ocrx_word' id='word_1_529' title='bbox 1296 2629 1325 2656; x_wconf 90' lang='lat' dir='ltr'><strong><em>in</em></strong></span> <span class='ocrx_word' id='word_1_530' title='bbox 1355 2629 1493 2664; x_wconf 84' lang='lat' dir='ltr'><strong><em>privatum</em></strong></span> <span class='ocrx_word' id='word_1_531' title='bbox 1519 2628 1640 2664; x_wconf 88' lang='lat' dir='ltr'><strong><em>aliquem</em></strong></span> <span class='ocrx_word' id='word_1_532' title='bbox 1665 2628 1756 2657; x_wconf 87' lang='lat' dir='ltr'><strong><em>locum</em></strong></span> <span class='ocrx_word' id='word_1_533' title='bbox 1778 2629 1842 2657; x_wconf 79' lang='lat' dir='ltr'><strong><em>illos</em></strong></span> 
     </span>
    </p>
   </div>
   <div class='ocr_carea' id='block_1_91' title="bbox 1018 2674 1219 2703">
    <p class='ocr_par' dir='ltr' id='par_1_91' title="bbox 1018 2674 1219 2703">
     <span class='ocr_line' id='line_1_93' title="bbox 1018 2674 1219 2703; baseline -0.005 0"><span class='ocrx_word' id='word_1_534' title='bbox 1018 2674 1041 2702; x_wconf 89' lang='lat' dir='ltr'><strong>D</strong></span> <span class='ocrx_word' id='word_1_535' title='bbox 1055 2675 1219 2703; x_wconf 85' lang='lat' dir='ltr'><strong><em>admittatis.</em></strong></span> 
     </span>
    </p>
   </div>
   <div class='ocr_carea' id='block_1_92' title="bbox 444 2734 1611 2767">
    <p class='ocr_par' dir='ltr' id='par_1_92' title="bbox 444 2734 1611 2767">
     <span class='ocr_line' id='line_1_94' title="bbox 444 2734 1611 2767; baseline -0.003 0"><span class='ocrx_word' id='word_1_536' title='bbox 444 2739 500 2767; x_wconf 75' lang='lat' dir='ltr'><strong><em>Vll.</em></strong></span> <span class='ocrx_word' id='word_1_537' title='bbox 521 2739 670 2767; x_wconf 75' lang='grc' dir='ltr'>Τιιιςοριιιιι</span> <span class='ocrx_word' id='word_1_538' title='bbox 685 2746 718 2765; x_wconf 67' lang='grc' dir='ltr'><strong><em>λυ</em></strong></span> <span class='ocrx_word' id='word_1_539' title='bbox 731 2736 852 2765; x_wconf 66' lang='lat' dir='ltr'><strong><em>Jonas!</em></strong></span> <span class='ocrx_word' id='word_1_540' title='bbox 867 2735 1083 2764; x_wconf 77' lang='lat' dir='ltr'><strong><em>Cnnrsosronun</em></strong></span> <span class='ocrx_word' id='word_1_541' title='bbox 1097 2742 1245 2763; x_wconf 75' lang='lat' dir='ltr'><strong><em>EPISCOPUI</em></strong></span> <span class='ocrx_word' id='word_1_542' title='bbox 1257 2734 1611 2763; x_wconf 68' lang='lat' dir='ltr'><strong><em>CONS&#39;I&#39;ANTINOPOLIIAIW.</em></strong></span> 
     </span>
    </p>
   </div>
   <div class='ocr_carea' id='block_1_93' title="bbox 934 2782 1119 2817">
    <p class='ocr_par' dir='ltr' id='par_1_93' title="bbox 934 2782 1119 2817">
     <span class='ocr_line' id='line_1_95' title="bbox 934 2782 1119 2817; baseline -0.005 -8"><span class='ocrx_word' id='word_1_543' title='bbox 934 2782 1004 2809; x_wconf 81' lang='lat' dir='ltr'><strong><em>Ibid.</em></strong></span> <span class='ocrx_word' id='word_1_544' title='bbox 1017 2791 1075 2817; x_wconf 86' lang='lat' dir='ltr'><strong><em>cap.</em></strong></span> <span class='ocrx_word' id='word_1_545' title='bbox 1093 2782 1119 2809; x_wconf 89' lang='lat'><strong><em>8.</em></strong></span> 
     </span>
    </p>
   </div>
   <div class='ocr_carea' id='block_1_94' title="bbox 254 2841 1004 2883">
    <p class='ocr_par' dir='ltr' id='par_1_94' title="bbox 254 2841 1004 2883">
     <span class='ocr_line' id='line_1_96' title="bbox 254 2841 1004 2883; baseline -0.008 -10"><span class='ocrx_word' id='word_1_546' title='bbox 254 2845 341 2883; x_wconf 78' lang='grc' dir='ltr'>οἶμαι</span> <span class='ocrx_word' id='word_1_547' title='bbox 359 2846 410 2881; x_wconf 81' lang='grc' dir='ltr'>μέν</span> <span class='ocrx_word' id='word_1_548' title='bbox 427 2852 457 2871; x_wconf 74' lang='grc' dir='ltr'><strong><em>σε</em></strong></span> <span class='ocrx_word' id='word_1_549' title='bbox 474 2844 512 2880; x_wconf 81' lang='grc' dir='ltr'>μὴ</span> <span class='ocrx_word' id='word_1_550' title='bbox 527 2844 633 2878; x_wconf 81' lang='grc' dir='ltr'>ἀγνοεῖν</span> <span class='ocrx_word' id='word_1_551' title='bbox 648 2842 678 2870; x_wconf 83' lang='grc' dir='ltr'>τδ</span> <span class='ocrx_word' id='word_1_552' title='bbox 692 2843 828 2878; x_wconf 75' lang='grc' dir='ltr'>διάταγμα</span> <span class='ocrx_word' id='word_1_553' title='bbox 841 2841 895 2869; x_wconf 86' lang='grc' dir='ltr'>τῶν</span> <span class='ocrx_word' id='word_1_554' title='bbox 911 2842 940 2867; x_wconf 83' lang='grc' dir='ltr'>ὲν</span> <span class='ocrx_word' id='word_1_555' title='bbox 955 2841 1004 2868; x_wconf 89' lang='grc' dir='ltr'><strong><em>Νι-</em></strong></span> 
     </span>
    </p>
   </div>
   <div class='ocr_carea' id='block_1_95' title="bbox 218 2886 1006 2930">
    <p class='ocr_par' dir='ltr' id='par_1_95' title="bbox 218 2886 1006 2930">
     <span class='ocr_line' id='line_1_97' title="bbox 218 2886 1006 2930; baseline -0.011 -8"><span class='ocrx_word' id='word_1_556' title='bbox 218 2893 288 2930; x_wconf 51' lang='lat' dir='ltr'><strong><em>ut;</em></strong></span> <span class='ocrx_word' id='word_1_557' title='bbox 296 2891 506 2924; x_wconf 71' lang='lat' dir='ltr'><strong><em>uvdev,6mu</em></strong></span> <span class='ocrx_word' id='word_1_558' title='bbox 517 2889 688 2930; x_wconf 64' lang='grc' dir='ltr'>θιοπίζονσιν</span> <span class='ocrx_word' id='word_1_559' title='bbox 701 2888 846 2916; x_wconf 71' lang='grc' dir='ltr'>ιπίσκοπον</span> <span class='ocrx_word' id='word_1_560' title='bbox 860 2886 1006 2923; x_wconf 78' lang='grc' dir='ltr'>ὑπερόριον</span> 
     </span>
    </p>
   </div>
   <div class='ocr_carea' id='block_1_96' title="bbox 1092 2837 1840 2874">
    <p class='ocr_par' dir='ltr' id='par_1_96' title="bbox 1092 2837 1840 2874">
     <span class='ocr_line' id='line_1_98' title="bbox 1092 2837 1840 2874; baseline -0.003 -6"><span class='ocrx_word' id='word_1_561' title='bbox 1092 2840 1219 2868; x_wconf 80' lang='lat' dir='ltr'><strong><em>Arbitror</em></strong></span> <span class='ocrx_word' id='word_1_562' title='bbox 1238 2838 1366 2874; x_wconf 79' lang='lat' dir='ltr'><strong><em>equidem</em></strong></span> <span class='ocrx_word' id='word_1_563' title='bbox 1383 2845 1439 2866; x_wconf 88' lang='lat' dir='ltr'><strong><em>non</em></strong></span> <span class='ocrx_word' id='word_1_564' title='bbox 1459 2838 1586 2874; x_wconf 71' lang='lat' dir='ltr'><strong><em>ignorare</em></strong></span> <span class='ocrx_word' id='word_1_565' title='bbox 1601 2843 1628 2867; x_wconf 83' lang='lat' dir='ltr'><strong><em>te</em></strong></span> <span class='ocrx_word' id='word_1_566' title='bbox 1644 2844 1778 2866; x_wconf 71' lang='lat' dir='ltr'><strong><em>rationum</em></strong></span> <span class='ocrx_word' id='word_1_567' title='bbox 1792 2837 1840 2866; x_wconf 82' lang='lat' dir='ltr'><strong><em>Ni-</em></strong></span> 
     </span>
    </p>
   </div>
   <div class='ocr_carea' id='block_1_97' title="bbox 1057 2884 1840 2921">
    <p class='ocr_par' dir='ltr' id='par_1_97' title="bbox 1057 2884 1840 2921">
     <span class='ocr_line' id='line_1_99' title="bbox 1057 2884 1840 2921; baseline -0.004 -6"><span class='ocrx_word' id='word_1_568' title='bbox 1057 2893 1195 2915; x_wconf 74' lang='lat' dir='ltr'><strong><em>canorum</em></strong></span> <span class='ocrx_word' id='word_1_569' title='bbox 1210 2885 1360 2921; x_wconf 76' lang='lat' dir='ltr'><strong><em>decretum,</em></strong></span> <span class='ocrx_word' id='word_1_570' title='bbox 1378 2891 1434 2920; x_wconf 87' lang='lat' dir='ltr'><strong><em>quo</em></strong></span> <span class='ocrx_word' id='word_1_571' title='bbox 1445 2885 1585 2920; x_wconf 70' lang='lat' dir='ltr'><strong><em>sancitur,</em></strong></span> <span class='ocrx_word' id='word_1_572' title='bbox 1601 2893 1636 2914; x_wconf 80' lang='lat' dir='ltr'><strong><em>ne</em></strong></span> <span class='ocrx_word' id='word_1_573' title='bbox 1645 2885 1790 2921; x_wconf 73' lang='lat' dir='ltr'><strong><em>episcopus</em></strong></span> <span class='ocrx_word' id='word_1_574' title='bbox 1805 2884 1840 2912; x_wconf 77' lang='lat' dir='ltr'><strong><em>li-</em></strong></span> 
     </span>
    </p>
   </div>
  </div>
