1971 3068
917 115 1138 145 FRAGMENTA.
1807 121 1842 150 8‘.

214 217 1833 232 .——_——————_—__—___*—_

462 306 802 352 THEOPHILI
845 307 1266 353 ALEXANDRINI
1305 309 1579 357 EPISCOPI

622 412 834 440 FRAGMENTA
856 412 902 440 EX
920 413 1010 441 ALllS
1036 413 1207 443 OPElilBUS
1227 415 1433 444 DEPERDITIS

587 553 620 580 In
638 552 706 579 illud
725 551 827 579 Psalmi
843 560 908 583 xcn,
922 552 1052 580 Dominus
1068 554 1199 588 regnavit,
1212 554 1338 582 decorem
1353 555 1451 583 induit.

866 597 908 624 EI
925 598 1012 624 codice
1027 599 1095 632 regio
1114 599 1177 626 “2U.

444 673 520 704 Apud
532 671 702 699 Sirmondum
718 673 752 698 ad
770 671 859 705 Ruﬁni
875 671 1014 698 Palwstim‘
1031 671 1126 698 librum
1143 671 1180 698 De
1193 671 1253 703 ﬁde,
1267 671 1332 705 Opp.
1347 677 1410 700 tom.
1425 672 1450 705 1,
1463 681 1524 708 pag.
1541 674 1602 701 5l3.

254 743 282 770 Ὀ
294 743 400 777 Κύριος
413 741 622 771 ἐϐασίλευσεν,
635 739 799 766 ἐνεδύσατο
810 738 1001 773 εὐπρέπειαν.
1017 765 1019 770 ,

1092 739 1219 765 Dominus
1241 739 1367 773 regnavit,
1386 742 1505 766 decorem
1525 740 1611 766 induit
1627 741 1657 766 ".
1672 740 1741 773 Quia
1765 741 1838 769 enim

218 788 329 824 Ἐπειδὴ
346 788 399 823 γὰρ
417 787 496 813 ἔλαϐε
513 786 632 822 φθαρτὸν
648 786 743 821 σῶμα,
759 786 925 821 εὐπρέπειαν
943 786 1001 811 ἐνε-

212 834 313 861 δύσατο
329 833 482 866 ἀναστήσας
498 831 572 862 αὐτὸ,
588 831 618 857 οὐ
637 831 766 866 φθαρτὸν,
782 830 839 857 ἀλλ’
851 830 998 866 ἄφθαρτον.

219 880 249 906 '0
259 879 360 914 Κύριος
372 877 553 908 ἐϐασίλευσεν,
563 876 729 912 εὐπρέπειαν
738 876 888 903 ἐνεδύσατο.
901 876 1000 902 Ἐλαεε

213 925 268 961 γὰρ
285 924 437 959 ἀναστήσας
456 923 536 950 πάλιν
551 923 581 949 τὸ
595 923 691 949 ἑαυτοῦ
707 922 796 958 σῶμα,
811 922 882 949 κατὰ
897 922 946 958 τὴν
961 924 1000 949 οἱ·

214 972 290 999 κείαν
309 970 498 1004 ἐπαγγέλειαν,
515 970 634 996 Λύσατε
654 969 706 995 τὸν
726 969 801 996 ναὸν
814 969 937 1000 τοῦτον,
953 969 1001 995 καὶ

214 1018 264 1045 ἐπὶ
286 1017 385 1052 τρισὶν
402 1017 524 1052 ἡμέραις
535 1016 625 1052 ἐγερῶ
636 1018 737 1044 αὐτόν.
755 1017 788 1043 Ὃ
805 1017 896 1051 ἤγειρε
914 1016 1002 1042 τοίνυν

215 1064 358 1090 ἐνεδύσατο
367 1063 456 1099 σῶμα.
466 1064 562 1098 Ἔλεγε
568 1063 700 1098 γὰρ,οὑκ
711 1063 937 1098 ἐγκαταλείψεις
948 1062 1003 1096 τὴν

212 1110 320 1145 ψυχήν
332 1120 392 1145 μου
410 1112 454 1143 εὶς
469 1110 558 1144 ᾅδην.
571 1110 642 1137 οὐδὲ
656 1110 764 1142 δώσεις
778 1110 831 1136 τὸν·
846 1109 933 1136 ὅσιόν
944 1118 1002 1136 σου

214 1155 290 1182 ιὸεἴν
297 1155 472 1190 διαφθοράν*
479 1156 522 1182 ἑτι
530 1155 564 1182 δὲ
577 1155 626 1182 καὶ
636 1156 654 1189 ἠ
667 1155 808 1190 σάρξμου
816 1154 1002 1188 κατασκηνώ-

214 1206 264 1225 σει
276 1200 322 1226 ἐπ’
333 1199 442 1226 ἐλπίδι.
465 1200 595 1231 Ἀναστὰς
610 1201 638 1226 ἐν
649 1200 687 1234 τῷ
699 1200 818 1234 μνήματι
831 1199 880 1225 οὐκ
895 1199 985 1234 ἔμεινε
996 1207 1002 1214 ·

213 1245 263 1271 καὶ
282 1246 375 1280 μείνας
393 1247 422 1272 ἐν
438 1246 477 1281 τῷ
493 1247 624 1281 μνήματι,
641 1246 690 1272 οὐκ
706 1245 758 1271 ἴδεν
774 1244 933 1280 διαφθορὰν,
952 1245 1002 1270 οὐκ

214 1291 366 1326 ἐκράτησεν
384 1290 465 1317 αὑτοῦ
480 1292 496 1326 ὴ
509 1290 653 1326 διαφθορά.
671 1291 700 1316 '0
717 1290 853 1325 ἄφθαρτος
868 1290 953 1323 Λόγος
972 1289 1002 1316 τὸ

213 1335 334 1372 φθαρτὸν
349 1337 480 1369 ἀνέστησε
501 1337 579 1372 σῶμα
596 1338 636 1369 εἰς
652 1336 803 1371 ἀφθαρσίαν

1052 785 1231 819 corruptibile
1241 792 1342 819 corpus
1352 786 1514 819 assumpsit,
1524 787 1651 813 decorem
1666 787 1764 820 induit,
1778 796 1839 816 sus.

1050 830 1141 856 citans
1160 829 1224 856 illud
1250 837 1305 856 non
1327 831 1523 864 corruptibile,
1546 831 1592 858 sed
1620 831 1835 867 incorruptibile.

1038 875 1178 914 .Dominus
1202 877 1329 910 regnavit,
1351 875 1469 902 decorent
1483 876 1578 904 induit.
1595 876 1752 912 Assumpsit
1766 879 1838 906 enim

1051 926 1196 952 resurgens
1211 919 1310 945 iterum
1322 920 1463 953 proprium
1477 927 1587 955 corpus,
1604 926 1685 955 prout
1700 922 1760 957 ipse
1773 931 1839 957 pra:-

1051 963 1156 990 dixerat
1179 973 1184 990 :
1207 963 1306 990 Solvite
1334 964 1457 998 templum
1472 966 1536 997 hoc,
1552 972 1574 992 et
1596 967 1623 992 in
1647 967 1730 993 tribus
1748 968 1838 995 diebus

1051 1009 1170 1036 excitabo
1188 1009 1255 1035 illud
1269 1009 1301 1036 ¹³.
1319 1009 1396 1042 Quod
1420 1012 1553 1038 excitarat
1568 1019 1633 1046 ergo
1646 1033 1653 1045 ,
1671 1013 1759 1040 induit
1779 1023 1840 1041 cor-

1052 1064 1115 1091 pus.
1132 1055 1244 1082 Dicebat
1260 1056 1332 1083 enim
1348 1065 1353 1082 :
1369 1055 1430 1082 Non
1445 1057 1606 1092 derelinquas
1623 1059 1738 1085 animum
1755 1068 1840 1086 meum

1052 1101 1078 1126 in
1096 1100 1209 1134 inferno,
1227 1108 1272 1126 nec
1284 1101 1359 1127 dabis
1371 1107 1492 1127 sanctum
1507 1107 1578 1128 tuum
1591 1102 1675 1130 videre
1690 1106 1840 1138 corruptim

1053 1154 1109 1172 nem
1123 1146 1145 1161 η
1159 1157 1164 1173 :
1179 1147 1285 1180 insuper
1300 1153 1387 1174 autem
1405 1152 1429 1174 et
1442 1156 1504 1174 caro
1519 1157 1576 1175 mea
1590 1151 1729 1184 requiescet
1742 1151 1768 1177 in
1784 1159 1838 1184 spe.

1051 1191 1208 1227 Resurgens
1231 1200 1284 1219 non
1301 1195 1402 1220 mansit
1418 1194 1444 1220 in
1470 1200 1669 1222 monumento:
1697 1197 1744 1224 sed
1763 1202 1790 1224 et
1813 1199 1840 1223 in

1051 1243 1228 1265 monumento
1249 1246 1362 1266 manens
1377 1247 1430 1266 non
1455 1240 1522 1267 vidit.
1540 1242 1757 1276 corruptionem;
1778 1251 1840 1270 cor-

1050 1284 1140 1318 ruptio
1154 1284 1193 1311 illi
1209 1292 1262 1311 non
1274 1288 1316 1312 est
1330 1285 1481 1312 dominata.
1497 1286 1617 1314 Verbum
1633 1287 1842 1323 incorruptibile

1050 1331 1231 1366 corruptibile
1252 1338 1355 1367 corpus
1375 1333 1521 1360 suscitavit
1537 1334 1571 1361 ad
1594 1334 1842 1369 incorruptibilita-

1049 1381 1113 1404 tem.

742 1502 782 1529 Ea:
797 1501 898 1529 Catena
914 1502 940 1528 in
957 1502 1087 1534 Genesin,
1098 1501 1156 1528 cod.
1174 1510 1226 1536 reg.
1241 1501 1303 1529 810.

758 1561 834 1596 Αριά
848 1561 1030 1594 Sirmondum,
1045 1561 1121 1592 ibia.,
1136 1569 1198 1595 pag.
1212 1560 1277 1588 292.

252 1633 308 1670 (19)
323 1633 384 1660 Ὅτι
395 1632 425 1659 οὐ
437 1633 469 1659 δι’
478 1631 671 1668 ἀμαρτῖας,ὡς
686 1632 817 1667 Ὦριγὲνει
826 1631 909 1664 ἔδοξε,
919 1639 1003 1657 κοιτα-

1088 1630 1166 1663 Quod
1193 1638 1248 1657 non
1270 1631 1306 1658 ob
1328 1636 1482 1666 peccatum,
1500 1636 1529 1658 ut
1553 1632 1663 1668 Origeni
1680 1634 1770 1662 visum
1788 1640 1842 1666 est.

213 1677 379 1712 ϐεϐλημέναι
399 1677 427 1703 αἱ
449 1676 534 1711 ψυχαὶ
555 1676 662 1711 σώμασι
685 1676 898 1711 συνεπλάκησαν,
920 1677 1002 1711 ἐχρη-

215 1723 323 1759 σάμεθα
339 1722 378 1758 τῷ
391 1722 510 1754 Μωσέως
531 1723 643 1758 ῥήματι,
658 1722 781 1756 λέγοντος
796 1723 851 1752 τοῖς
868 1723 934 1753 υἱοῖς
955 1722 1003 1748 Ἰσ-

216 1769 302 1806 ραὴλ,
326 1769 433 1803 Κύριος
456 1770 473 1795 ό
495 1768 567 1801 Θεὸς
583 1768 642 1795 τῶν
657 1768 790 1802 πατέρων
807 1767 889 1801 ὑμῶν
904 1775 998 1801 προσ-

215 1816 281 1850 θείη
307 1815 378 1849 ὑμῖν
397 1815 529 1849 σήμερον
546 1815 587 1846 ὡς
603 1814 673 1841 ἐστὲ
693 1814 927 1849 χιλιοπλασιως,
951 1813 1000 1840 καὶ

214 1861 381 1896 εὐλογῆσαι
402 1860 480 1895 ὑμᾶς
497 1862 600 1888 καθότι
623 1861 776 1894 ἐλάλησεν
793 1860 874 1895 ὑμῖν.
893 1861 928 1886 Οὺ
949 1860 1002 1895 γὰρ

214 1907 326 1941 εὐλογία
342 1906 413 1933 κατὰ
431 1907 571 1943 Ὠριγένην
585 1907 658 1933 ἐστὶν
671 1908 687 1942 ἡ
704 1907 758 1933 τῶν
777 1908 909 1942 σωμάτων
925 1907 1003 1941 ποίη-

217 1963 271 1986 σις,
287 1955 355 1981 ἀλλὰ
368 1955 473 1991 κατάρα
495 1955 685 1990 πλανωμέναις
700 1954 810 1990 ψυχαῖς.

992 2010 1034 2037 lll.

1057 1676 1168 1711 deiecta:
1190 1677 1286 1703 animae
1303 1678 1465 1711 corporibus
1483 1678 1620 1713 implicita:
1643 1680 1716 1712 sint,
1736 1689 1769 1709 ex
1790 1682 1842 1710 Μοι

1057 1723 1096 1749 sis
1114 1722 1205 1749 verbis
1222 1722 1381 1755 didicimus,
1402 1722 1466 1750 ﬁliis
1489 1723 1573 1750 lsrael
1589 1724 1706 1752 dicentis
1723 1735 1730 1753 :
1749 1726 1843 1753 Domi-

1056 1778 1105 1796 nus
1119 1768 1189 1795 Deus
1203 1773 1307 1803 patrum
1319 1773 1463 1796 vestrorum
1478 1770 1587 1804 adjiciat
1601 1771 1685 1804 vobis,
1699 1773 1766 1799 sicut
1779 1774 1843 1800 estis

1055 1815 1141 1846 hodie,
1155 1815 1240 1842 millia
1251 1816 1344 1847 multa,
1356 1820 1380 1842 et
1393 1815 1527 1843 benedicat
1540 1817 1621 1849 vobis,
1637 1818 1705 1844 sicut
1719 1819 1789 1845 vobis
1805 1820 1844 1846 lo-

1053 1866 1129 1888 cutus
1143 1866 1181 1888 est
1199 1862 1230 1888 η.
1248 1861 1340 1896 Neque
1355 1861 1427 1888 enim
1443 1862 1607 1895 benedictio,
1617 1865 1768 1892 secundum
1782 1864 1843 1892 Ori-

1054 1915 1161 1942 genem,
1178 1912 1219 1934 est
1232 1914 1378 1941 corporum
1392 1906 1548 1942 productio,
1563 1909 1612 1936 sed
1625 1910 1781 1938 maledictio
1795 1918 1844 1938 er-

1055 1953 1181 1980 rantibus
1198 1952 1353 1980 animabus.

835 2068 875 2095 Ea:
888 2068 977 2095 eodem
991 2069 1049 2094 cad.
1062 2075 1116 2101 reg.
1132 2067 1194 2095 8l0.

917 2125 982 2152 ibid.
1000 2133 1061 2160 pag.
1076 2124 1140 2151 295.

253 2187 343 2218 Μέσος
357 2184 403 2214 οὖν
419 2188 433 2213 ὁ
449 2186 496 2214 ἄνθ
502 2194 592 2222 ρωπος
602 2186 656 2212 τῶν
670 2184 716 2212 δύο
728 2185 834 2219 ἐγένετο
845 2193 851 2199 ·
865 2183 926 2211 οὔτε
942 2184 1005 2218 θνη-

217 2232 264 2265 τὸς
289 2232 446 2268 ὁλοσχερὴς,
465 2231 527 2259 οὔτε
544 2231 676 2263 ἀθάνατος
690 2231 821 2264 καθόλου,
836 2229 959 2261 δεκτικὸς
976 2229 1004 2256 δὲ

218 2278 300 2306 ἑκατέ
304 2287 351 2315 ρου
356 2297 362 2304 .

1096 2183 1200 2211 Medius
1217 2183 1301 2218 igitur
1313 2183 1385 2211 inter
1398 2183 1467 2212 duos
1481 2184 1561 2211 homo
1576 2183 1662 2211 factus
1676 2184 1764 2212 fuerat
1777 2193 1784 2212 :
1799 2193 1843 2213 ne-

1057 2237 1110 2264 que
1125 2230 1248 2257 mortalis
1267 2230 1342 2257 omni
1358 2238 1391 2257 ex
1406 2234 1494 2265 parte,
1508 2238 1597 2265 neque
1611 2234 1685 2258 totus
1701 2231 1843 2259 immorta-

1058 2276 1101 2308 lis,
1119 2277 1165 2303 sed
1183 2284 1269 2311 capax
1287 2277 1442 2311 utriusque.

1010 2345 1053 2374 IV.

541 2404 616 2439 Apud
629 2403 658 2432 S.
674 2403 805 2431 Joannem
822 2404 946 2431 Damasc.
965 2403 1061 2430 Parall.
1078 2411 1149 2431 sacr.
1168 2403 1234 2438 Opp.
1256 2408 1319 2430 tom.
1337 2403 1380 2436 II,
1398 2412 1456 2439 pag.
1469 2404 1531 2432 559.

255 2461 323 2490 Εἶτα
338 2463 463 2498 βασιλεὺς
476 2463 525 2498 μὲν
542 2464 661 2498 ἐπίγειος
676 2462 831 2488 πιστεύεται
844 2459 913 2487 εἶναι
923 2481 931 2492 ,
948 2461 1009 2488 καί·

219 2519 274 2546 περ
297 2509 334 2545 μὴ
348 2510 416 2536 πᾶσι
438 2509 618 2545 βλεπόμενος,
634 2509 676 2536 διὰ
689 2509 716 2534 δὲ
733 2508 823 2543 νόμων
847 2508 895 2534 καὶ
919 2507 1007 2534 διατά-

219 2556 290 2588 ξεων
305 2555 399 2587 αὐτοῦ,
414 2556 462 2582 καὶ
472 2556 601 2589 ἐξουσιῶν
618 2556 663 2582 καὶ
680 2554 821 2588 δυνάμεων
836 2553 883 2580 καὶ
898 2553 1009 2580 εἰκόνων

218 2602 336 2628 νοεῖται·
353 2601 399 2628 τὸν
416 2602 444 2628 δὲ
457 2602 522 2628 Θεὸν
536 2602 565 2628 οὺ
582 2601 669 2636 βούλει
683 2599 802 2627 νοεῖσθαι
814 2599 847 2626 δι’
861 2599 949 2635 ἔργων
963 2599 1009 2625 καὶ

219 2644 363 2680 δυνάμεων
372 2653 380 2677 ;

1095 2461 1133 2488 ita
1148 2469 1181 2488 ne
1197 2461 1305 2488 tandem
1321 2469 1368 2488 rex
1383 2465 1522 2493 terrenus,
1539 2461 1590 2488 etsi
1608 2461 1721 2489 minime
1736 2462 1844 2490 videtur

1059 2507 1093 2533 ab
1106 2507 1245 2540 omnibus,
1263 2511 1354 2534 tamen
1372 2515 1420 2542 per
1443 2507 1515 2542 leges
1532 2511 1559 2535 et
1574 2507 1662 2534 edicta
1673 2527 1680 2538 ,
1699 2509 1844 2535 auctorita-

1059 2554 1169 2584 temque
1187 2555 1213 2578 et
1230 2551 1379 2586 potentiam
1398 2559 1430 2578 ac
1445 2552 1578 2586 imagines
1602 2552 1736 2580 exsistere
1753 2553 1844 2580 credi-

1059 2600 1122 2628 tur;
1145 2595 1230 2623 Deum
1252 2605 1317 2625 vero
1338 2605 1370 2624 ex
1391 2597 1521 2632 operibus
1546 2601 1573 2625 et
1595 2598 1713 2632 potentia
1730 2598 1842 2633 intelligi

1060 2650 1115 2670 non
1134 2643 1193 2670 vis?

257 2722 280 2738 “
295 2722 369 2750 Psal.
383 2730 450 2755 xcu,
469 2723 511 2749 15.
550 2723 571 2739 ¹³
588 2722 667 2751 Joan.
681 2707 713 2755 ii,
735 2723 777 2750 19.
817 2722 838 2739 ¹⁸
855 2722 926 2751 Psal.
946 2731 990 2755 xv,
1008 2723 1018 2750 Ι

1090 2723 1110 2738 ’⁸
1127 2722 1206 2751 Deut.
1225 2731 1245 2756 ι,
1261 2723 1305 2751 Η.

258 2800 315 2835 (l9)
334 2800 383 2828 His
402 2801 491 2829 aiﬁnia
513 2801 607 2829 scribit
630 2804 724 2829 auctor
746 2801 773 2828 in
797 2800 883 2836 Epist.
908 2800 1004 2827 Pasch.
1021 2807 1084 2828 ann.
1098 2799 1160 2834 491,
1175 2800 1188 2836 §
1203 2801 1246 2835 18,
1264 2800 1309 2828 ubi
1323 2804 1349 2829 et
1365 2799 1568 2829 Deuteronomii
1580 2801 1670 2829 locum
1687 2801 1730 2829 hic
1746 2800 1840 2829 lauda-

221 2837 281 2863 tum
293 2837 406 2864 excitat.
