1971 3068
211 155 245 183 77
777 157 1083 189 APOPIITHEGMATA
1104 159 1262 188 PATRUM.
1811 167 1842 197 78

245 217 277 244 δ’.
291 213 375 244 Εἴπεν
389 216 404 243 ὸ
416 216 504 249 άδϐἄς
523 217 665 250 ’Δντώνιος
676 218 716 254 τῷ
730 218 803 255 άδδᾷ
822 220 946 256 Ποιμένι,
959 221 997 248 ὅτι

1088 221 1116 249 4.
1131 221 1187 256 (19)
1198 222 1271 249 Dixit
1284 222 1369 251 abbas
1381 223 1516 253 Antonius
1527 225 1618 254 abbati
1629 225 1750 256 Pauneni
1763 238 1771 257 :
1785 228 1842 259 Hoc

209 263 285 299 Αὕτη
294 264 367 291 ἐστὶν
381 264 399 299 ἡ
417 264 523 300 μεγάλη
546 266 663 301 ἐργασία
676 265 723 293 τοῦ
742 266 897 303 ἀνθρώπου,
916 267 960 295 ἴνα
972 267 1002 294 τὸ

211 310 322 346 σφάλμα
351 310 448 336 ἑαυτοῦ
474 311 567 338 ἐπάνω
594 311 692 338 ἑαυτοῦ
717 311 786 348 βάλῃ
814 313 929 340 ἐνώπιον
954 313 1001 340 τοῦ

210 355 278 383 Θεοῦ
296 376 303 388 ,
333 356 382 383 καὶ
409 357 584 396 προσδοκήσῃ
620 360 773 395 πειρασμὸν
801 360 854 392 ἕως
884 361 1002 396 ἐσχάτης

211 402 361 437 ἀναπνοῆς.

243 451 274 475 ε’.
296 449 324 474 '0
341 448 422 480 αὐτὸς
449 446 525 476 εἷπεν
538 459 546 466 ο
560 450 657 482 Οὐδεὶς
681 451 845 487 άπείραστος
858 451 1001 486 δυνήσεται

211 493 340 520 εἰσελθεῖν
367 494 407 525 εἰς
430 493 480 529 τὴν
498 494 634 529 βασιλείαν
655 496 708 522 τῶν
724 496 856 531 οὐρανῶν.
879 497 1001 532 Ἔπαρον

211 540 275 575 γὰρ,
308 539 384 575 φησὶ,
403 539 466 571 τοὺς
495 543 675 577 πειρασμοὺς,
704 543 751 569 καὶ
777 542 863 574 οὐδεὶς
883 543 897 568 ὁ
917 543 1001 576 σωζό-

211 594 291 621 μενος

245 632 281 665 ς’.
304 632 460 669 Ἡρώτησεν
471 634 485 660 ὁ
510 633 598 666 άδὸᾶς
612 634 719 670 Παμΰὼ
734 635 780 662 τὸν
800 636 887 663 άὸϐᾶν
901 636 1000 663 ’Λντώ-

210 686 279 703 νιον·
294 678 327 704 Τί
351 679 474 712 ποιήσω;
489 679 571 713 Λέγει
595 678 670 714 αὐτῷ
685 680 699 706 ὀ
710 679 800 715 γέρων
812 688 818 695 ·
830 680 875 716 Μὴ
890 680 935 706 ἔσο
950 689 999 706 πε-

209 724 310 757 ποιθὼς
336 727 368 761 τῇ
391 725 549 762 δικαιοσύνῃ
581 734 648 759 σου,
677 726 746 761 μηδὲ
771 726 924 762 μεταμελοῦ
952 727 999 753 ἐπὶ

210 771 349 807 πράγματι
364 771 535 806 παρελθόντι,
558 772 606 799 καὶ
621 772 759 808 ἐγκρατὴς
779 772 859 806 γενοῦ
872 771 999 808 γλώσσης

209 818 256 844 καὶ
269 817 382 850 κοιλίας.

243 862 276 896 ζ’.
293 862 375 891 Εἶπεν
400 863 415 890 ὁ
436 863 523 896 άὸσᾶς
544 863 685 896 Ἀντώνιος
699 873 706 879 ·
735 862 812 891 Εἶδον
841 865 930 896 πάσας
948 864 997 896 τὰς

1053 271 1096 295 est
1107 276 1236 303 magnum
1262 269 1382 297 hominis
1396 277 1478 306 opus,
1501 276 1531 299 ut
1543 272 1651 308 culpam
1666 281 1743 301 suam
1760 283 1841 311 super

1054 320 1083 340 se
1096 318 1180 348 ponat
1189 322 1281 342 coram
1294 315 1360 347 Deo,
1374 318 1401 343 et
1414 315 1592 345 tentationem
1607 322 1747 353 exspectet
1755 327 1841 355 usque

1053 359 1087 386 ad
1106 365 1259 388 extremum
1273 361 1336 388 vitae
1351 360 1476 389 halitum.

1087 449 1114 476 5.
1129 449 1186 484 (20)
1203 449 1274 477 Idem
1291 450 1350 478 iniit
1367 459 1373 476 :
1387 450 1474 480 Nemo
1493 454 1655 482 tentationis
1670 463 1769 490 expers
1795 457 1839 483 iu-

1052 499 1126 523 trare
1141 498 1240 531 poterit
1260 497 1287 524 in
1311 505 1427 532 regnum
1452 500 1596 528 cwlorum.
1609 500 1687 530 Tolle
1699 502 1782 536 enim,
1798 503 1841 530 in-

1052 541 1120 576 quit,
1135 543 1313 575 teutationes,
1329 548 1356 571 et
1372 552 1452 572 nemo
1468 545 1560 573 salvus
1575 546 1639 574 erit.

1086 630 1113 658 6.
1130 630 1185 667 (21)
1201 631 1380 667 interrogavit
1393 633 1478 661 abbas
1493 633 1595 663 Pambo
1612 635 1736 665 abbatem
1755 637 1841 667 Anto-

1051 676 1144 705 nium:
1162 676 1232 710 Quid
1241 685 1319 714 agam
1329 679 1340 705 '.’
1349 679 1394 706 Ait
1408 680 1445 707 illi
1459 689 1540 708 senex
1552 690 1558 708 :
1571 681 1631 710 Noli
1642 683 1669 710 in
1679 683 1838 719 tuajustitia

1050 722 1197 756 conﬁdere,
1212 732 1300 759 neque
1313 725 1347 752 de
1361 733 1390 752 re
1411 727 1545 760 praeterita
1566 729 1712 763 pmniteas,
1735 733 1763 758 et
1774 739 1839 758 cou-

1050 769 1105 797 tine
1120 769 1238 806 linguam
1252 777 1439 807 ventremque.

1086 859 1112 885 7.
1129 858 1184 894 (22)
1198 858 1306 887 Dictum
1318 865 1360 889 est
1374 861 1408 888 ab
1426 862 1524 890 abbate
1539 864 1679 892 Antonio:
1700 863 1762 892 Vidi
1779 873 1837 892 om-

209 910 324 944 παγίδας
352 910 399 936 τοῦ
419 910 517 946 ἐχθροῦ
538 910 702 946 ἡπλωμένας
731 910 777 937 ὲπὶ
795 911 844 945 τῆς
859 910 929 945 γῆς’
950 910 997 937 καὶ

1059 912 1097 932 res
1113 905 1225 940 laqueos
1239 906 1343 934 inimici
1369 912 1497 936 extensos
1521 916 1602 944 super
1618 914 1737 944 terram;
1753 916 1779 939 et
1794 913 1838 939 iu-

210 955 338 988 στενάξας
358 954 452 982 εἷπον·
470 956 519 988 Τίς
535 956 590 992 ἄρα
613 956 781 992 παρέρχεται
806 956 925 989 ταύτας;
943 955 999 983 Καὶ

208 1002 312 1037 ἤκουσα
336 1002 429 1037 φωνῆς
451 1002 583 1038 λεγούσης
608 1011 671 1039 μοι’
692 1003 725 1030 'H
750 1002 996 1038 ταπεινοφροσύνη.

240 1051 276 1083 η’.
292 1046 359 1074 Eius
375 1048 467 1080 πάλιν,
489 1049 530 1075 ὅτι
548 1049 608 1075 Εἰσί
631 1057 704 1080 τινες
723 1048 941 1084 κατατρίψαντες
963 1048 999 1075 τὰ

207 1093 312 1120 ἑαυτῶν
330 1093 442 1129 σώματα
462 1095 491 1121 ὲν
508 1095 633 1130 άσκήσει,
653 1095 701 1122 καὶ
715 1095 759 1122 διὰ
781 1094 812 1121 τὸ
829 1094 867 1130 μὴ
883 1093 998 1130 ἐσχηκέ-

206 1147 251 1166 ναι
269 1140 368 1171 αὐτοὺς
388 1140 534 1176 διάκρισιν,
556 1143 665 1177 μακρὰν
687 1141 735 1167 τοῦ
752 1140 819 1167 Θεοῦ
842 1139 996 1175 γεγόνασιν.

242 1185 276 1213 θ’.
289 1185 372 1213 Εἶπεν
390 1187 482 1218 πάλιν,
497 1188 538 1214 ὅτι
556 1189 604 1216 Ἐκ
619 1187 667 1215 τοῦ
691 1187 803 1223 πλησίον
817 1187 889 1214 ἐστὶν
907 1188 932 1222 ὴ-
942 1187 999 1223 ζωὴ

206 1232 255 1259 καὶ
279 1234 294 1259 ὁ
317 1232 442 1265 θάνατος.
467 1234 530 1261 Ἐὰν
551 1235 605 1270 γάρ
619 1235 796 1271 κερδήσωμεν
809 1233 854 1259 τὸν
871 1233 997 1268 ἀδελφὸν,

205 1279 252 1306 τὸν
276 1279 343 1306 Θεὸν
368 1280 546 1316 κερδαίνομεν
560 1289 567 1296 ·
590 1280 638 1307 ἐὰν
662 1280 690 1307 δὲ
713 1279 934 1315 σκανδαλίσωμεν
951 1279 998 1306 τὸν

206 1325 334 1360 ἀδελφὸν,
349 1326 390 1358 είς
401 1326 518 1362 Χριστὸν
532 1326 734 1362 ἁμαρτάνομεν.

243 1371 269 1399 ι’.
292 1370 359 1399 Eine
376 1373 471 1399 πάλιν·
489 1372 596 1408 Ὠσπερ
610 1373 634 1399 οι
656 1372 746 1408 ἰχθύες
761 1372 817 1407 (17)
832 1371 998 1408 ἐγχρονίζον-

205 1427 251 1450 τες
264 1420 297 1454 τῇ
313 1419 384 1454 ξηρᾷ
398 1418 570 1451 τελευτῶσιν,
589 1419 676 1450 οὕτως
695 1419 743 1445 καὶ
760 1419 784 1445 οἱ
798 1420 919 1455 μοναχοὶ,
934 1419 999 1455 βρα-

205 1465 329 1497 δύνοντες
344 1465 397 1497 ἒξω
418 1465 465 1492 τοῦ
492 1465 608 1497 κελλίου,
621 1466 638 1500 ἢ
653 1465 723 1501 μετὰ
741 1465 881 1501 κοσμικῶν
893 1465 998 1501 διατρί-

205 1511 310 1543 ϐοντες,
324 1511 392 1546 πρὸς
408 1511 453 1539 τὸν
477 1511 527 1547 τῆς
554 1510 669 1547 ἡσυχίας
693 1511 770 1538 τόνον
784 1511 935 1539 ἐκλύονται,
952 1512 999 1538 Δεῖ

204 1556 262 1589 οὖν,
284 1558 380 1593 ὥσπερ
394 1558 439 1585 τὸν
454 1559 530 1594 ἰχθὺν
554 1559 594 1590 εἰς
612 1559 662 1595 τὴν
688 1559 835 1591 θάλασσαν,
850 1559 936 1590 οὕτως
950 1559 996 1585 καὶ
1010 1562 1039 1603 c‘

204 1605 280 1638 ἡμᾶς
294 1605 333 1636 είς
347 1604 377 1631 τὸ
388 1603 491 1631 κελλίον
509 1604 678 1638 ἐπείγεσθαι,
701 1605 806 1640 μήποτε
820 1603 996 1640 βραδύνοντες

204 1649 258 1683 ἔξω
272 1649 465 1686 ἐπιλαθώμεθα
480 1651 529 1686 τῆς
543 1650 616 1677 ἔνδον
629 1651 763 1686 φυλακῆς.

242 1697 286 1722 ια’.
299 1692 366 1721 Eine
386 1695 476 1727 πάλιν,
488 1695 530 1721 ὅτι
544 1695 573 1721 '0
588 1695 741 1731 καθήμενος
752 1696 780 1722 ἐν
795 1696 828 1732 τῇ
838 1695 935 1732 ἐρήμῳ
949 1695 998 1723 καὶ

205 1739 452 1775 ὴσνχάζων,τριῶν
463 1740 664 1767 ἀπαλλάττεται
675 1740 811 1776 πολέμων,
830 1741 880 1776 τῆς
896 1740 991 1776 ἀκοῆς,

204 1786 253 1812 καὶ
269 1786 318 1820 τῆς
332 1786 437 1819 λαλιᾶς,
448 1786 549 1813 καὶτοῦ
562 1786 671 1822 βλέπειν
679 1795 685 1802 ·
697 1787 766 1823 πρὸς
776 1787 823 1814 ἕνα
838 1787 917 1823 μόνον
930 1787 996 1822 ἔχει,

203 1831 250 1858 τὸν
263 1831 312 1867 τῆς
325 1833 452 1868 πορνείας
466 1832 534 1867 (18).

244 1880 288 1906 ιϐ’.
309 1878 430 1914 Ἀδελφοί
452 1887 524 1911 τινες
538 1878 691 1915 παρέϐαλον
706 1878 745 1914 τῷ
759 1879 831 1915 ἀὸὁᾷ
851 1879 995 1915 Ἀντωνίῳ,

204 1925 366 1960 ἀναγγεῖλαι
384 1924 460 1960 αὖτῷ
477 1924 627 1959 φαντασίας
651 1924 685 1956 ἃς
700 1924 822 1956 ἔϐλεπον,
840 1925 886 1952 καὶ
902 1925 997 1960 μαθεῖν

203 1970 270 2006 παρ’
285 1969 367 1996 αὑτοῦ
384 1970 408 1996 εἰ
424 1969 550 2003 ἀληθιναί
564 1970 643 2000 εἰσιν,
656 1969 672 2004 ἢ
691 1969 745 1996 ἀπὸ
759 1969 904 2004 δαιμόνων.
916 1968 997 2005 Εἶχον

203 2017 232 2043 δὲ
245 2017 316 2048 ὄνον,
332 2016 380 2043 καὶ
393 2015 528 2042 ἀπέθανεν
543 2016 571 2042 ὲν
584 2017 616 2051 τῇ
629 2015 691 2050 ὀδῷ.
713 2015 757 2046 Ὡς
767 2013 814 2042 οὖν
829 2014 910 2051 ἦλθον
927 2016 997 2051 πρὸς

204 2063 252 2089 τὸν
269 2062 395 2096 γέροντα,
411 2061 556 2097 προλαϐὼν
569 2059 645 2088 εἶπεν
661 2061 767 2093 αὐτοῖς·
785 2061 847 2093 Πῶς
861 2061 997 2089 ἀπέθανεν

203 2108 218 2134 ὸ
247 2105 345 2142 μικρὸς
372 2106 432 2138 δνος
456 2106 485 2133 ὲν
500 2107 534 2142 τῇ
550 2106 616 2142 ὁδῷ;
640 2106 773 2141 Λέγουσιν
789 2106 883 2142 αὐτῷ·
910 2106 997 2133 Πόθεν

203 2151 288 2185 οἶδας,
299 2152 390 2185 ά66ᾶ;
407 2152 438 2179 Ὁ
447 2152 476 2179 δὲ
490 2150 567 2179 εἷπεν
582 2153 675 2184 αὐτοῖς
685 2161 692 2168 ·
708 2153 739 2180 οι
754 2153 881 2188 δαίμονες
893 2153 998 2187 ἕδειξάν

205 2200 320 2234 μοι.Καὶ
328 2198 454 2233 λέγουσιν
466 2198 549 2234 αὐτῷ’
559 2199 654 2233 Ἡμεῖς
661 2198 706 2225 διὰ
713 2198 791 2225 τοῦτο
800 2198 917 2234 meum
927 2200 996 2235 ἐρω-

1050 951 1203 985 gemiscens
1215 952 1270 979 dixi
1284 961 1290 978 :
1305 952 1372 986 Quis
1387 955 1479 989 utique
1490 955 1571 982 hosce
1583 958 1840 992 praetergredietur?

1049 996 1118 1024 Tum
1134 997 1226 1024 audivi
1243 1005 1336 1026 vocem
1352 1000 1468 1027 aientem
1486 1001 1551 1028 mihi
1571 1011 1577 1028 :
1593 1001 1748 1031 Humilitas.

1084 1042 1111 1069 8.
1128 1043 1185 1078 (25)
1205 1043 1305 1071 lterum
1323 1045 1402 1079 dixit,
1415 1045 1483 1073 Esse
1496 1046 1630 1081 quosdam
1645 1049 1691 1083 qui
1711 1057 1761 1077 sua
1777 1057 1839 1077 cov—

1048 1096 1114 1124 pora
1127 1089 1155 1116 in
1171 1090 1331 1117 austeritate
1341 1092 1543 1125 contriverunt,
1551 1096 1578 1120 et
1589 1094 1661 1128 quod
1673 1094 1839 1123 discretione

1049 1138 1185 1168 carerent,
1199 1135 1305 1171 longea
1324 1135 1378 1163 Deo
1390 1135 1453 1164 facti
1477 1142 1549 1167 sunt.

1084 1180 1110 1207 9.
1125 1179 1182 1216 (24)
1209 1180 1315 1209 Rursus
1342 1182 1380 1209 ait
1401 1182 1447 1209 :A
1467 1184 1591 1218 proximo
1615 1185 1716 1220 pendet
1735 1189 1791 1213 vrta
1812 1190 1839 1214 et

1049 1235 1135 1255 mors.
1149 1227 1220 1255 Nam
1247 1228 1270 1255 si
1288 1228 1385 1255 lucrati
1406 1229 1540 1258 fuerimus
1556 1230 1680 1264 fratrem,
1693 1231 1777 1260 Deum
1795 1233 1839 1260 1η-

1049 1281 1159 1301 cramur
1172 1283 1180 1307 ;
1195 1274 1238 1302 sin
1254 1282 1318 1302 vero
1338 1274 1448 1302 fratrem
1465 1276 1755 1311 scandalizaverimus,
1777 1286 1839 1314 pec-

1049 1326 1145 1347 camus
1160 1320 1187 1347 in
1203 1320 1354 1348 Christum.

1086 1365 1130 1393 to.
1153 1365 1209 1401 (25)
1223 1365 1295 1393 Dixit
1306 1366 1396 1394 adhuc
1415 1376 1422 1393 :
1441 1366 1518 1395 Sicut
1531 1368 1620 1403 pisces
1636 1377 1659 1397 si
1672 1377 1754 1405 supra
1780 1374 1838 1398 ter-

1048 1419 1108 1438 ram
1123 1411 1222 1438 morati
1238 1411 1350 1446 fuerint,
1369 1413 1541 1448 moriuntur;
1556 1415 1594 1442 ita
1610 1423 1721 1450 quoque
1740 1424 1838 1444 mona-

1049 1459 1104 1491 chi,
1116 1460 1139 1487 si
1148 1464 1224 1487 extra
1233 1460 1329 1487 cellam
1342 1460 1519 1492 tardaverint,
1530 1465 1576 1488 aut
1584 1469 1646 1489 cum
1659 1463 1838 1490 saecularibus

1048 1506 1261 1541 permanserint,
1273 1513 1288 1532 a
1303 1506 1402 1541 quietae
1418 1507 1479 1534 vita).
1490 1511 1585 1535 tenore
1598 1507 1738 1536 decidunt.
1754 1508 1838 1544 Opor-

1049 1556 1088 1581 tet
1102 1553 1195 1589 igitur,
1209 1553 1279 1581 sicut
1295 1553 1398 1588 piscem
1421 1554 1449 1581 in
1476 1562 1562 1587 mare,
1573 1555 1614 1582 sic
1629 1559 1656 1583 ct
1670 1563 1721 1583 nos
1732 1556 1765 1583 ad
1782 1557 1838 1584 cel-

1050 1599 1102 1626 lam
1119 1607 1282 1635 properare:
1293 1607 1327 1627 ne
1343 1599 1411 1627 forte
1421 1599 1487 1627 foris
1500 1604 1673 1633 cunctantes.
1687 1601 1838 1630 oblivisca-

1048 1653 1111 1673 mur
1123 1646 1262 1673 interioris
1278 1646 1420 1673 custodite.

1083 1691 1196 1725 11.(26)
1223 1690 1384 1725 Hujusmodi
1412 1691 1495 1719 etiam
1522 1691 1610 1719 oratiu
1632 1699 1692 1727 ejus
1708 1693 1835 1721 exstitit:

1047 1736 1099 1770 Qui
1116 1736 1192 1764 sedet
1216 1737 1244 1763 in
1259 1737 1416 1770 solitudine,
1433 1741 1460 1764 et
1473 1737 1599 1772 quiescit,
1615 1745 1630 1763 a
1648 1738 1736 1765 tribus
1758 1738 1837 1766 bellis

1047 1784 1181 1819 eripitur:
1198 1783 1317 1813 auditus.
1333 1783 1488 1815 locutionis,
1499 1787 1527 1810 et
1541 1784 1635 1817 visus;
1652 1791 1735 1810 unum
1748 1784 1837 1811 solum

1047 1837 1170 1865 pugnare
1182 1829 1275 1861 habet,
1292 1836 1390 1863 nempe
1405 1827 1606 1856 fornicationis.

1084 1874 1127 1902 12.
1142 1874 1196 1909 (27)
1212 1874 1322 1902 Fratres
1338 1875 1448 1909 quidam
1472 1879 1648 1902 accesserunt
1661 1874 1695 1902 ad
1711 1875 1837 1903 abbatem

1047 1921 1208 1952 Antonium,
1220 1921 1372 1948 nuntiaturi
1395 1928 1465 1957 quas
1487 1921 1636 1948 cernebant
1655 1921 1786 1954 visiones,
1809 1925 1837 1949 et

1048 1967 1172 1995 discituri
1186 1967 1220 1995 ab
1232 1967 1279 1994 illo
1292 1975 1356 1994 num
1373 1974 1443 1994 verm
1456 1971 1558 1999 essent,
1571 1974 1606 1994 an
1624 1975 1639 1994 a
1653 1967 1835 1996 daemonibus.

1049 2013 1191 2042 Habebam
1205 2019 1296 2041 autem
1323 2013 1443 2046 asinum,
1460 2015 1506 2049 qui
1526 2014 1554 2042 in
1580 2014 1623 2042 via
1643 2019 1769 2042 mortuus
1783 2019 1836 2042 est.

1049 2058 1084 2086 Ut
1101 2067 1166 2095 ergo
1194 2063 1379 2095 pervenerunt
1395 2059 1429 2086 ad
1454 2067 1545 2087 senem
1556 2080 1563 2092 ,
1585 2061 1755 2095 przeveniens
1769 2061 1838 2088 dixit

1049 2106 1105 2134 illis
1119 2114 1127 2132 :
1141 2105 1200 2139 Quo
1215 2105 1296 2133 modo
1310 2106 1336 2133 in
1350 2105 1392 2133 via
1408 2110 1533 2134 mortuus
1553 2112 1595 2134 est
1611 2107 1734 2135 asellus?
1753 2107 1838 2134 Aiunt

1048 2152 1073 2180 ei
1087 2163 1094 2180 :
1111 2151 1188 2180 Unde
1212 2152 1278 2185 scis,
1292 2151 1391 2179 Pater?
1405 2152 1452 2179 llle
1471 2159 1536 2179 vero
1549 2153 1694 2188 dixitipsis
1710 2162 1716 2180 :
1734 2152 1837 2181 Daemo-

1048 2205 1098 2225 nes
1126 2197 1194 2225 mihi
1221 2197 1413 2225 ostenderunt.
1439 2196 1508 2224 Tum
1526 2197 1623 2225 dicunt
1648 2198 1672 2225 ei
1688 2197 1762 2226 :Nos
1773 2207 1838 2233 pro-

203 2245 284 2279 τῆσαι
295 2253 336 2276 σε,
345 2245 387 2271 ὅτι
397 2243 532 2280 βλέπομεν
544 2244 706 2278 φαντασίας,
716 2244 765 2271 καὶ
774 2244 997 2280 πολλάκιςγίνον-

1059 2249 1141 2283 nerea
1162 2244 1289 2272 venimus
1299 2242 1471 2278 interrogare
1487 2248 1524 2275 te.
1539 2244 1604 2279 quia
1619 2244 1745 2272 videmus
1755 2243 1837 2280 phan-

203 2299 248 2318 ται
261 2290 397 2326 ἀληθιναὶ,
414 2290 514 2326 μήπως
536 2289 712 2326 πλανώμεθα.
730 2291 785 2317 Καὶ
805 2291 995 2327 ὲπληροφόρη-

204 2346 252 2364 σιν
264 2337 363 2368 αὐτοὺς
379 2338 394 2363 ὁ
404 2336 493 2372 γέρων
507 2337 539 2363 ὲκ
550 2336 596 2363 τοῦ
611 2335 682 2363 κατὰ
698 2336 744 2363 τδν
756 2336 817 2363 ὄνον
832 2337 996 2373 άποδείγμα-

203 2391 260 2414 τος,
277 2383 319 2410 ὅτι
335 2382 390 2409 ἀπὸ
406 2382 541 2418 δαιμόνων
550 2382 629 2409 είσίν.

239 2428 285 2463 ιγ’.
302 2427 357 2455 Ἦν
377 2428 406 2456 δέ
419 2437 462 2460 τις
478 2428 549 2456 κατὰ
564 2429 614 2463 τὴν
642 2429 746 2464 ἔρημον
770 2428 895 2465 θηρεύων
910 2429 994 2464 ἄγρια

203 2475 273 2506 ζῶα,
285 2475 332 2501 καὶ
345 2472 398 2501 εἶδε
420 2474 467 2501 τὸν
490 2474 577 2501 άϐὁᾶν
597 2473 739 2501 Ἀντώνιον
757 2475 995 2510 χαριεντιζόμενον

241 2571 431 2607 (1⁵1)”Ωσπερ
454 2573 481 2598 οι
507 2571 618 2606 ἰχθύες.
648 2571 716 2599 Cod.
745 2570 901 2599 Vindobon.
923 2572 994 2604 254;

203 2608 371 2635 Athanasius
387 2608 415 2634 in
443 2607 505 2634 Vita
532 2608 640 2634 Antonii
662 2615 688 2641 p.
710 2607 772 2634 499.
794 2607 893 2635 Videre
913 2608 994 2634 etiam

202 2651 293 2678 opera:
310 2643 427 2677 pretium
447 2642 529 2669 fuerit
545 2643 644 2678 librum
664 2642 699 2669 De
710 2642 907 2678 quadripartito
919 2650 996 2678 exerf

201 2678 266 2704 cilia
291 2678 376 2709 εείίιε,
392 2684 452 2711 cap.
469 2678 495 2709 9,
518 2678 545 2704 in
560 2677 683 2704 Manuali
709 2677 898 2705 Sotitarmrum
925 2677 995 2704 Petri

201 2713 344 2740 Fraueisci
361 2713 499 2748 Cliillletiii
514 2713 564 2739 viri
587 2713 757 2745 dot-tissimi;
784 2721 891 2740 necnon
906 2713 994 2748 Euge-

201 2749 278 2775 nium
294 2755 390 2783 papam
405 2755 466 2774 can.
484 2747 589 2774 Placuit
608 2748 648 2779 16,
665 2756 692 2782 q.
707 2749 732 2774 1.

237 2783 295 2819 (18)
387 2783 537 2819 πορνείας.
550 2783 675 2819 Pelagius
689 2782 787 2819 cordis,
805 2783 929 2819 καρδίας.

237 2817 295 2853 (19)
323 2818 374 2845 Vit.
385 2817 556 2852 Patr.xv,2;
567 2817 677 2845 Doroth.
688 2817 779 2845 Doctr.
791 2826 826 2845 vu
840 2827 848 2851 ;
868 2817 994 2853 Ephmm

202 2860 230 2881 ιι.
242 2853 270 2885 5,
288 2853 338 2881 inf.
352 2855 382 2880 in
393 2852 490 2885 Ptzm.,
504 2861 533 2880 ιι.
547 2853 609 2881 125.

236 2888 433 2926 (ioLDoroth.
453 2889 532 2924 epist.
546 2888 573 2921 5,
590 2888 638 2916 inf.
659 2889 684 2917 in
699 2888 823 2924 Evagrio,
840 2896 867 2916 ιι.
884 2888 909 2916 5.

1049 2293 1143 2323 tasias,
1166 2298 1199 2317 ac
1223 2290 1382 2325 plerumque
1400 2297 1470 2317 vera!
1488 2290 1635 2322 exsistunt,
1651 2298 1686 2318 ne
1702 2298 1836 2319 erremus.

1048 2339 1083 2366 Et
1093 2338 1227 2367 satisfecit
1236 2337 1277 2366 eis
1292 2345 1373 2365 senex
1390 2343 1438 2371 per
1449 2336 1519 2364 asini
1528 2338 1694 2372 exeruplum,
1709 2345 1837 2373 compro-

1049 2384 1178 2419 bavitque
1191 2390 1239 2410 eas
1251 2382 1370 2410 visiones
1387 2389 1401 2408 ο
1418 2381 1589 2410 daemonibus
1603 2389 1676 2410 esse.

1086 2430 1129 2457 15.
1140 2429 1196 2464 (28)
1205 2428 1270 2456 Erat
1281 2432 1371 2456 autem
1384 2427 1494 2462 quidam
1504 2428 1550 2463 qui
1562 2436 1610 2465 per
1623 2436 1745 2456 eremum
1758 2437 1837 2465 agre-

1050 2476 1103 2504 stia
1116 2475 1243 2502 animalia
1259 2473 1411 2502 venabatur
1424 2482 1430 2499 2
1445 2474 1468 2501 is
1484 2474 1610 2502 abbatem
1632 2474 1782 2504 Antonium
1795 2476 1838 2504 vi-

1094 2574 1140 2609 21)
1162 2575 1215 2602 Vit.
1234 2574 1311 2601 Patr.
1333 2581 1353 2606 ι,
1368 2574 1396 2601 2.

1094 2611 1140 2646 2‘2)
1166 2609 1306 2646 VitLPtztr.
1321 2618 1366 2642 xv,
1380 2610 1464 2646 ὅξιιι,
1477 2609 1545 2646 129;
1558 2609 1584 2636 in
1600 2609 1838 2646 Dorotli.riuit.,et

1047 2644 1140 2673 Docti.
1159 2646 1192 2678 2;
1213 2645 1336 2679 Ephratm
1357 2653 1385 2671 ιι.
1399 2645 1427 2672 4.
1443 2645 1566 2672 Andreas
1582 2646 1608 2672 in
1621 2645 1729 2679 Apocal.
1745 2652 1770 2672 c.
1791 2644 1837 2672 55.

1095 2681 1139 2713 :25)
1165 2680 1217 2707 Vit.
1235 2680 1323 2711 Patr.,
1339 2687 1366 2710 κ,
1383 2679 1409 2707 1.

1095 2683 1139 2713 25)
1165 2683 1217 2707 Vit.
1235 2683 1323 2711 Patr.,
1339 2687 1366 2710 Χ,
1383 2683 1409 2707 1.

1083 2683 1140 2750 ίθξίι)
1166 2715 1218 2742 Vit.
1240 2714 1317 2741 Patr.
1335 2723 1403 2746 xvn,
1420 2714 1446 2742 2.

1083 2751 1140 2787 (25)
1165 2750 1219 2787 Vit.
1234 2750 1311 2787 Eutr.
1326 2758 1355 2782 ιι,
1374 2751 1400 2787 1.

1084 2785 1139 2818 (26)
1166 2785 1218 2812 Vit.
1235 2785 1314 2812 Patr.
1334 2793 1364 2815 ιι¹
1380 2785 1407 2812 2.

1083 2821 1140 2856 (27)
1165 2820 1317 2856 verum
1326 2828 1362 2856 ῖς,
1376 2821 1404 2847 2.

1083 2854 1139 2892 (28)
1161 2856 1199 2884 lb.
1220 2855 1300 2884 Joau.
1319 2855 1413 2883 Geom.
1430 2854 1531 2883 Parad.
1547 2855 1592 2884 68.
