1971 3068
206 150 239 182 81
772 157 1080 187 APOPHTHEGMATA
1098 159 1242 188 PATRUM
1802 161 1836 189 8‘2

240 217 285 249 ιη’.
312 213 432 249 ’Δδελφοὶ
458 213 614 250 παρέϐαλον
640 215 680 250 τῷ
702 216 775 252 ἀὸὃᾷ
794 217 929 254 ’Δντωνιῳ
944 219 998 246 ἀπὸ

1087 219 1128 247 18.
1150 219 1206 255 (33)
1226 218 1335 246 Fratres
1358 218 1484 245 abbatem
1509 217 1658 245 Antonium
1684 218 1839 247 inviurunt

206 261 341 296 Σκήτεως,
357 260 405 288 καὶ
418 260 552 296 ἐμϐάντες
565 262 606 294 εἰς
621 262 712 290 πλοῖον
727 263 854 291 ἀπελθεῖν
869 264 939 300 πρὸς
952 265 998 292 αὐ-

206 307 261 340 τὸν,
276 305 355 343 εὖρον
371 308 488 344 γέροντα
505 308 616 335 θέλοντα
630 310 677 337 καὶ
691 311 771 337 αὑτὸν
784 311 910 338 ἀπελθεῖν
927 312 995 338 ἐκεῖ.

213 354 340 397 Ἠγνόουν
356 354 385 381 δὲ
400 355 482 381 αὑτὸν
497 355 523 382 ol
538 355 658 391 ἀδελφοί.
678 357 734 384 Καὶ
750 357 898 392 καθήμενοι
914 359 943 384 ὲν
958 357 997 393 τῷ

207 400 290 436 πλοίῳ
302 400 413 427 ὲλάλουν
427 401 522 435 λόγους
537 401 677 437 Πατέρων,
695 403 743 429 καὶ
762 403 794 430 ὲκ
809 403 861 438 τῆς
875 403 895 429 Γ
898 404 997 439 ραφῆς,

209 446 255 473 καὶ
279 447 360 473 πάλιν
380 447 444 483 περὶ
464 447 630 483 ὲργοχείρων
655 448 771 476 ἑαυτῶν.
789 449 819 475 '0
840 448 868 475 δὲ
890 449 998 484 γέρων³

181 519 186 524 Α
208 491 478 519 ἑσιώπα.Ἐλθόντων
494 491 523 519 δὲ
537 492 627 519 αὐτῶν
646 493 693 520 ἐπὶ
714 493 762 519 τοῦ
784 494 881 529 ὃρμσυ,
898 493 998 530 εὑρέθη

209 538 254 565 καὶ
268 538 282 564 6
293 537 382 573 γέρων
394 538 509 572 ὑπάγων
524 539 593 574 πρὸς
616 539 662 565 τὸν
685 539 772 566 ἀ66ἇν
793 539 946 567 Ἄντώνιον.
955 541 1000 573 Ὧς

207 583 237 610 δὲ
250 581 331 620 ἦλθον
350 584 419 620 πρὸς
441 584 532 617 αὑτὸν,
553 585 628 619 λέγει
643 586 751 618 αὐτοῖς·
769 586 861 622 Καλὴν
878 587 999 614 συνοδίαν

209 628 314 665 εὕρετε,
328 629 374 656 τὸν
387 629 503 666 γέροντα
516 631 621 658 τοῦτον.
637 629 706 658 Elite
719 631 748 658 δὲ
760 633 807 659 καὶ
820 632 859 668 τῷ
873 633 980 669 γέροντι
990 642 997 648 ·

208 675 315 707 Καλοὺς
329 675 460 711 ἀδελφοὺς
474 672 554 713 εὗρες
571 677 640 713 μετὰ
654 677 712 709 σοῦ,
727 678 809 706 ἀϐϐἄ.
827 679 909 713 Λέγει
923 680 937 706 6
951 679 999 714 γέ-

210 729 277 756 ρων·
295 722 381 749 Καλοὶ
404 723 453 758 μέν
469 724 549 757 εἰσιν,
567 723 624 750 ἀλλ’
637 725 654 760 ἡ
671 725 741 761 αὐλὴ
755 726 846 753 αὐτῶν
869 727 919 753 οὐκ
942 727 1000 763 ἔχει

209 767 304 803 θύραν,
321 768 369 795 καὶ
386 770 400 795 6
424 768 508 796 Θέλων
523 769 677 805 εἰσέρχεται
697 772 737 803 εἰς
755 771 801 798 τὸν
816 771 940 805 σταῦλον,
954 774 1001 799 καὶ

209 812 267 840 λύει
281 813 325 841 τὸν
335 814 405 842 ὄνον.
422 814 508 842 Τοῦτο
520 816 549 842 δὲ
561 816 662 851 ἔλεγεν,
677 818 719 844 ὅτι
730 818 764 844 τὰ
778 818 911 854 ἐρχόμενα
921 820 960 851 εις
971 819 1001 846 τὺ

211 860 298 896 στόμα
311 861 400 889 αὐτῶν
414 861 540 890 λαλοῦσιν
553 863 574 891 '.

248 949 290 977 ιϐ’.
310 950 468 986 Παρέὸαλον
483 952 595 987 ἀδελφοὶ
607 953 647 989 τῷ
660 954 732 990 ἀσὸᾷ
748 955 892 990 Ἀντωνίῳ,
905 955 952 983 καὶ
962 955 1006 983 λέ-

212 1004 305 1030 γουσιν
327 997 403 1032 αὐτῷ
413 1007 419 1012 ·
442 998 511 1025 Εἰπὲ
528 1000 595 1034 ἡμῖν
608 1000 697 1034 λόγον,
713 1000 772 1033 πῶς
786 1001 937 1037 σωθῶμεν;
952 1001 1004 1029 Λέ-

212 1050 256 1076 γει
271 1041 362 1074 αὐτοῖς
386 1043 401 1069 6
419 1043 524 1079 γέρων*
545 1045 695 1073 Ἠκούσατε
707 1047 758 1083 τὴν
769 1047 895 1084 Γραφήν;
915 1048 1006 1081 καλῶς

212 1088 277 1122 ὑμῖν
289 1088 356 1123 ἔχει.
371 1089 402 1116 Οῑ
418 1089 446 1116 δὲ
459 1087 535 1117 εἷπον
546 1099 552 1106 ·
571 1091 626 1118 Καὶ
640 1092 716 1128 παρὰ
730 1092 778 1119 σοῦ
793 1093 906 1129 θέλομεν
923 1094 1006 1121 ἀκοῦ-

213 1142 268 1168 σαι,
283 1135 386 1171 Πάτερ.
398 1135 465 1162 Eine
480 1137 509 1163 δὲ
526 1138 618 1170 αὐτοῖς
631 1139 645 1165 6
656 1139 745 1175 γέρων
755 1148 762 1154 ·
778 1140 859 1174 Λέγει
871 1139 902 1167 τὸ
918 1141 1007 1175 Εὐαγ-

212 1180 319 1214 γέλιον·
342 1181 413 1209 Ἐάν
422 1183 470 1216 τις
484 1191 522 1210 σε
531 1185 653 1220 ραπίσῃ
673 1187 717 1219 εὶς
738 1185 796 1221 τὴν
820 1186 924 1219 δεξιὰν
938 1194 1006 1215 σια-

213 1227 298 1262 γόνα,
321 1229 456 1264 στρέψον
478 1229 558 1263 αὐτῷ
583 1231 632 1257 καὶ
655 1231 712 1266 τὴν
737 1232 848 1266 ἀλλην.
873 1232 1007 1267 Λέγουσιν

214 1274 288 1309 αὑτῷ
300 1283 308 1290 ·
323 1275 360 1301 Οὑ
375 1275 521 1312 δυνάμεθα
542 1277 622 1304 τοῦτο
645 1278 766 1314 ποιῆσαι.
782 1279 863 1313 Λέγει
885 1279 978 1311 αὐτοῖς
993 1280 1008 1306 6

214 1320 304 1356 γέρων
315 1328 322 1336 ·
338 1321 370 1347 El
394 1322 430 1357 μὴ
451 1321 566 1349 δύνασθε
584 1323 697 1359 στρέψαι
715 1325 762 1350 καὶ
776 1325 826 1360 τὴν
843 1324 936 1360 ἄλλην,
956 1324 1008 1352 κᾶν

215 1365 264 1401 τὴν
283 1366 348 1401 μίαν
369 1367 544 1403 ὑπομείνατε.
565 1369 699 1403 Λέγουσιν
724 1369 816 1405 αὐτῷ·
836 1371 904 1397 Οὐδὲ
929 1371 1009 1398 τοῦτο

214 1412 361 1450 δυνάμεθα.
379 1415 460 1449 Λέγει
474 1416 488 1442 ὁ
500 1415 590 1451 γέρων
602 1424 608 1430 ·
624 1416 656 1442 Εἰ
670 1415 731 1442 οὐδὲ
743 1415 823 1443 τοῦτο
836 1415 960 1449 δύνασθε,
971 1417 1008 1453 μὴ

214 1459 274 1487 δότε
290 1461 348 1488 ἀνθ’
360 1458 391 1488 οὗ
406 1460 526 1488 ἐλάϐετε.
545 1461 600 1488 Καὶ
626 1459 718 1488 εῐπον·
739 1462 806 1489 Οὐδὲ
827 1462 907 1490 τοῦτο
928 1463 1009 1490 δυνά-

218 1505 298 1540 μεθα,
321 1506 402 1541 Λέγει
424 1505 471 1534 οὖν
487 1508 501 1534 6
518 1507 608 1542 γέρων
622 1507 660 1543 τῷ
676 1507 784 1544 μαθητῇ
800 1509 900 1536 αὑτοῦ·
926 1509 1010 1545 Ποίη-

218 1552 281 1578 cov'
295 1553 386 1584 αὐτοῖς
400 1552 501 1589 μικρὰν
514 1553 635 1590 ἀθήραν·
651 1554 793 1582 ἀσθενοῦσι
810 1555 894 1592 γάρ.⁸
906 1555 1010 1582 Εἰτοῦ-

216 1607 248 1625 το
263 1600 293 1625 οὐ
309 1599 434 1632 δύνασθε,
454 1599 564 1626 κάκεῖνο
578 1600 608 1626 οὐ
626 1600 637 1616 ⁹
653 1600 756 1634 θέλετε,
769 1601 794 1628 τί
809 1601 874 1638 ὑμῖν
886 1602 1009 1635 ποιήσως

217 1643 311 1679 Εὑχῶν
317 1643 407 1679 χρεία.

254 1688 289 1716 κ’.
315 1689 441 1725 Ἀδελφὺς
457 1690 662 1726 ἀποταξάμενος
681 1691 720 1727 τῷ
736 1692 831 1728 κόσμῳ
844 1693 891 1720 καὶ
906 1693 1012 1726 διαδοὺς

218 1736 253 1763 τὰ
266 1736 421 1772 ὑπάρχοντα
435 1736 516 1763 αὐτοῦ
529 1739 658 1773 πτωχοῖς,
677 1738 899 1775 παρακατασχὼν
916 1739 944 1766 δὲ
963 1739 1014 1766 ὀλί-

219 1790 256 1815 γα
277 1782 317 1812 εις
338 1781 417 1816 λόγον
441 1782 550 1814 ἑαυτοῦ,
566 1783 704 1816 παρέϐαλε
720 1783 759 1819 τῷ
772 1783 844 1820 ἁὸὃᾷ
867 1783 1012 1820 Ἀντωνίῳ.

221 1827 276 1854 Καὶ
291 1827 370 1854 τοῦτο
388 1827 490 1863 μαθὼν,
508 1828 581 1863 λέγει
606 1828 679 1864 αὐτῷ
704 1830 718 1856 ό
738 1830 843 1866 γέρων·
870 1830 903 1857 Et
926 1830 1014 1862 θέλεις

222 1874 337 1909 μοναχὺς
357 1875 493 1908 γενέσθαι,
509 1875 609 1903 ἄπελθε
625 1877 664 1907 εις
679 1876 757 1911 τήνδε
776 1876 825 1912 τὴν
842 1875 949 1912 κώμην,
967 1876 1015 1904 καὶ

221 1920 357 1956 ἀγόρασον
371 1921 465 1957 κρέας,
481 1922 528 1948 καὶ
544 1921 654 1958 περίθες
664 1922 704 1958 τῷ
723 1922 829 1958 σώματι
844 1931 890 1949 σου
907 1922 1014 1959 γυμνῷ,

224 1967 271 1993 καὶ
286 1966 371 1998 οὕτως
390 1967 450 1994 ἐλθὲ
466 1967 593 1995 ἐνταῦθα.
608 1968 663 1995 Καὶ
689 1968 852 2003 ποιήσαντος
867 1968 954 2000 οὕτως
967 1968 1015 1995 τοῦ

223 2012 349 2047 ἀδελφοῦ,
364 2013 389 2039 ot
410 2013 490 2045 κύνες
510 2014 558 2041 καὶ
574 2014 608 2041 τὰ
623 2015 704 2049 ὄρνεα
715 2014 746 2041 τὸ
760 2014 841 2050 σῶμα
855 2014 937 2041 αὐτοῦ
951 2023 1017 2042 κατ-

223 2059 572 2095 έτεμνον.’Λπαντήσαντος
589 2059 616 2086 δὲ
640 2060 723 2087 αὐτοῦ
740 2060 808 2096 πρὸς
827 2060 872 2087 τὸν
889 2061 1016 2096 γέροντα,

223 2105 340 2132 ἐπύθετο
350 2106 374 2132 ει
387 2105 497 2140 γέγονεν
508 2106 546 2138 ὡς
562 2106 779 2134 συνεόούλευσεν.
789 2107 908 2134 Ἐκείνου
919 2107 948 2134 δὲ
957 2108 1018 2134 ἑπι-

223 2151 399 2186 ὂεικνυμένου
416 2152 446 2179 τὺ
466 2152 545 2188 σῶμα
557 2152 804 2188 διεσπαραγμένον,
824 2153 897 2188 λέγει
912 2154 926 2179 ὁ
941 2153 1018 2188 ἆγιος

231 2196 386 2229 Ἀντώνιος·
398 2198 430 2224 Οἱ
444 2197 643 2233 ἀποταξάμενοι
655 2198 694 2233 τῷ
710 2198 815 2234 κόσμῳ,
833 2199 881 2225 καὶ
897 2198 1018 2230 θέλοντες

1051 265 1085 294 de
1100 265 1184 298 Sceti,
1200 269 1227 293 et
1238 264 1355 301 ingressi
1372 271 1470 292 navem
1484 267 1515 291 ut
1532 264 1604 292 irent
1618 263 1653 292 ad
1671 272 1745 297 eum,
1762 265 1841 294 inve-

1014 340 1016 342 ,
1050 315 1152 339 nerunt
1167 319 1259 339 senem
1276 311 1322 346 qui
1344 311 1403 345 ipse
1418 310 1499 338 etiam
1522 310 1587 337 illuc
1609 309 1747 345 proﬁcisci
1769 310 1843 338 vole-

1052 358 1108 385 bat.
1120 357 1263 384 Fratribus
1277 361 1368 384 autem
1385 363 1440 383 non
1455 359 1514 383 erat
1529 360 1621 383 notus.
1638 348 1771 383 Sedentes
1783 363 1844 390 por-

1052 412 1083 440 ro
1098 404 1126 431 in
1141 404 1215 436 navi,
1231 403 1415 439 loquebantur
1440 409 1583 429 sermones
1597 400 1721 433 Patrum,
1736 408 1844 428 necnon

1052 458 1084 478 ex
1108 449 1270 486 Scripturis,
1285 454 1378 485 postea
1403 448 1436 476 de
1462 448 1604 476 laboribus
1627 455 1759 475 manuum
1779 454 1841 474 sua-

1052 504 1123 524 rum.
1139 496 1174 523 At
1199 504 1280 524 senex
1308 495 1428 522 tacebat.
1444 494 1514 522 Cum
1532 497 1624 522 autem
1639 493 1782 521 venissent
1810 493 1844 520 ad

1053 547 1173 579 portum,
1188 542 1377 577 deprehensus
1400 544 1444 569 est
1467 541 1550 569 etiam
1566 547 1651 568 senex
1666 540 1699 568 ad
1716 539 1846 567 abbatem

1052 587 1201 615 Antonium
1218 586 1363 622 proficisci.
1378 584 1469 620 thue
1495 583 1530 611 ad
1553 591 1617 612 eum
1643 587 1790 615 venerunt,
1807 582 1846 610 ait

1054 635 1109 662 illis
1125 643 1132 661 ε
1150 633 1255 660 Bonum
1273 632 1433 660 comitatum
1451 631 1524 658 nacti
1548 630 1626 662 estis,
1644 629 1718 656 hunc
1740 635 1844 656 senem.

1054 679 1128 707 Dixit
1141 686 1251 714 quoque
1268 678 1327 706 seni
1342 687 1348 705 :
1364 677 1471 706 Probos
1486 677 1587 704 fratres
1602 679 1693 703 tecum
1707 674 1845 710 reperisti,

1054 726 1131 753 abba.
1148 724 1218 752 Tum
1240 732 1324 752 senex
1340 734 1347 751 :
1366 723 1496 751 Praeclari
1519 722 1630 758 quidem
1653 725 1734 754 sunt;
1751 728 1845 748 verum

1054 772 1117 799 aula
1137 778 1230 799 eorum
1251 779 1305 798 non
1323 770 1405 798 habet
1416 770 1541 805 januam,
1559 772 1587 796 et
1610 768 1768 804 quicunque
1789 767 1848 794 vult

1054 818 1138 845 intrat
1157 818 1184 844 in
1199 817 1349 847 stabulum,
1367 823 1399 843 ac
1413 816 1495 844 solvit
1511 815 1631 842 asinum.
1647 814 1676 841 id
1692 821 1758 841 vero
1772 813 1847 840 dice-

1053 864 1111 896 bat,
1127 864 1190 898 quia
1206 862 1340 899 quidquid
1355 862 1412 890 illis
1424 863 1452 890 in
1469 862 1584 890 buccam
1600 861 1738 892 veniebat,
1752 860 1848 895 loque-

1016 908 1039 936 Β
1053 911 1164 938 bantur.

1093 956 1135 984 l9.
1156 955 1214 992 (54)
1233 954 1374 983 Venerunt
1385 953 1484 981 fratres
1498 952 1533 980 ad
1544 952 1670 980 abbatem
1682 951 1847 982 Antonium,

1056 1003 1187 1038 aiuntque
1201 1001 1226 1030 ei
1246 1001 1356 1029 :Eﬂ‘are
1382 1000 1463 1029 nobis
1488 999 1613 1032 verbum,
1631 1005 1751 1034 quonam
1767 996 1850 1024 modo

1056 1049 1125 1077 salvi
1143 1048 1270 1077 erimus?
1285 1047 1439 1083 Respondit
1464 1054 1547 1074 senex
1562 1053 1570 1072 :
1584 1044 1709 1072 Audistis
1724 1043 1849 1078 Scriptur-

1056 1103 1127 1123 ram.
1146 1094 1219 1122 Bene
1235 1093 1378 1121 vobiscum
1393 1093 1494 1128 agitur.
1515 1091 1550 1118 At
1565 1090 1605 1118 illi
1619 1091 1788 1124 exceperunt
1804 1097 1811 1115 :
1827 1088 1849 1114 A

1057 1146 1086 1169 te
1096 1141 1201 1176 pariter
1214 1139 1310 1167 audire
1324 1138 1462 1174 cupimus,
1478 1136 1571 1164 Pater.
1586 1135 1665 1163 Tunc
1680 1135 1712 1162 ad
1728 1134 1790 1162 illos
1803 1141 1849 1161 se-

1057 1195 1111 1216 nex
1131 1197 1139 1214 :
1158 1185 1248 1214 Verba
1264 1185 1407 1221 Evangelii
1424 1186 1489 1212 sunt
1508 1193 1514 1211 :
1533 1181 1632 1218 Siquis
1651 1185 1675 1208 Ie
1693 1180 1851 1215 percusserit

1058 1234 1086 1261 in
1098 1233 1234 1261 dexteram
1248 1231 1399 1262 maxillam,
1417 1230 1503 1265 praebe
1527 1229 1569 1256 illi
1594 1232 1619 1255 et
1633 1226 1788 1254 alterum“.
1805 1225 1852 1253 Di-

1059 1284 1125 1307 cunt
1138 1279 1163 1307 ei
1179 1289 1186 1307 :
1203 1278 1261 1306 Hoc
1275 1278 1366 1305 facere
1382 1284 1437 1304 non
1452 1282 1610 1312 possumus.
1627 1273 1734 1307 Quibus
1747 1279 1832 1300 senex
1842 1280 1851 1298 :

1061 1325 1089 1353 Si
1108 1325 1222 1353 alteram
1236 1323 1357 1359 praebere
1384 1330 1440 1350 non
1464 1321 1593 1358 potestiS,
1608 1319 1706 1347 saltem
1721 1325 1776 1345 una
1790 1324 1853 1353 per-

1059 1379 1142 1400 cussa
1167 1370 1290 1398 tolerate.
1316 1369 1402 1397 Aiunt
1420 1368 1445 1396 ei
1464 1377 1471 1395 :
1487 1366 1581 1402 Neque
1607 1365 1660 1393 hoc
1682 1371 1763 1400 agere
1779 1363 1852 1391 vale-

1060 1426 1132 1447 mus.
1156 1417 1223 1444 Dein
1239 1424 1319 1444 senex
1333 1425 1341 1443 :
1360 1415 1390 1443 Si
1407 1422 1496 1450 neque
1513 1414 1566 1441 hoc
1579 1411 1689 1444 valetis,
1708 1411 1793 1438 nolite
1812 1409 1854 1437 fe-

1061 1463 1116 1491 rire
1132 1471 1181 1499 pro
1197 1470 1230 1490 eo
1243 1461 1318 1497 quod
1330 1460 1492 1496 vapulastis.
1511 1458 1554 1486 Illi
1571 1467 1578 1486 :
1596 1456 1690 1492 Neque
1708 1456 1737 1483 id
1755 1463 1855 1491 possu-

1061 1517 1133 1538 mus.
1156 1508 1228 1536 Dicit
1246 1508 1329 1544 igitur
1351 1515 1434 1535 senex
1450 1505 1588 1541 discipulo
1609 1511 1661 1531 suo
1680 1511 1687 1531 :
1703 1502 1773 1530 Para
1800 1502 1854 1530 illis

1061 1563 1172 1593 parvam
1195 1555 1316 1590 pultem;
1340 1553 1442 1581 etenim
1465 1553 1610 1586 aegrotant.
1635 1548 1758 1585 [Deinde
1786 1547 1855 1575 dixit

1061 1605 1102 1632 eis
1115 1602 1145 1639 :]
1161 1601 1191 1630 Si
1206 1602 1257 1629 hoc
1270 1609 1324 1628 non
1340 1599 1467 1636 potestis,
1487 1605 1576 1634 neque
1591 1595 1659 1623 illud
1677 1594 1773 1626 vultis,
1788 1593 1855 1629 quid

1062 1649 1160 1677 faciam
1172 1647 1273 1676 vobis?
1286 1646 1415 1682 Indigetis
1432 1644 1573 1680 precibus.

1096 1696 1142 1724 20.
1163 1695 1220 1731 (55)
1243 1693 1337 1721 Frater
1354 1692 1400 1728 qui
1417 1691 1622 1719 renuntiaverat
1637 1687 1750 1719 sacculo,
1767 1691 1794 1714 et
1806 1692 1856 1713 sua

1062 1742 1231 1779 pauperibus
1241 1740 1435 1771 distribuerat,
1449 1737 1503 1766 sibi
1519 1741 1610 1764 tamen
1624 1735 1778 1762 retinuerat
1787 1740 1856 1768 pau-

1063 1796 1107 1820 ca,
1128 1787 1246 1815 accessit
1261 1785 1295 1813 ad
1311 1785 1437 1812 abbatem
1454 1781 1614 1810 Antonium.
1629 1780 1690 1813 Quo
1704 1785 1858 1814 compertu,

1064 1834 1134 1862 dixit
1149 1834 1174 1861 ei
1191 1839 1275 1861 senex
1292 1841 1298 1858 :
1318 1830 1347 1858 Si
1362 1830 1404 1858 vis
1420 1829 1573 1857 monachus
1590 1827 1660 1857 fieri.
1676 1832 1759 1861 perge
1776 1824 1810 1851 ad
1823 1823 1859 1851 lt-

1065 1881 1120 1909 lum
1143 1880 1246 1911 vicum,
1265 1885 1325 1907 eme
1344 1884 1454 1908 carnes,
1473 1876 1652 1909 circumpone
1675 1871 1784 1907 corpori
1810 1874 1859 1898 tuo

1065 1925 1151 1956 nudo,
1178 1925 1274 1960 sicque
1299 1923 1353 1950 huc
1369 1922 1441 1949 veni.
1454 1920 1524 1948 Cum
1541 1925 1607 1952 ergo
1621 1917 1659 1944 ita
1675 1916 1785 1944 fecisset
1801 1914 1857 1941 fra-

1067 1977 1118 2004 ter,
1133 1978 1215 1998 canes
1238 1973 1321 2005 atque
1342 1975 1406 1996 aves
1424 1974 1526 2002 corpus
1546 1965 1606 1999 ejus
1621 1963 1791 1991 lacerabant.
1806 1960 1859 1989 Oc-

1066 2021 1194 2045 currente
1208 2018 1300 2042 autem
1311 2014 1358 2040 illo
1375 2013 1408 2039 ad
1423 2019 1528 2043 senem,
1544 2008 1725 2044 interrogavit
1742 2014 1806 2035 num
1819 2006 1858 2033 fe-

1067 2061 1150 2088 cisset
1175 2063 1205 2087 ut
1230 2059 1282 2094 ipsi
1303 2057 1451 2085 consilium
1474 2055 1597 2083 dederat.
1619 2053 1653 2081 Et
1674 2056 1819 2089 postquam
1835 2051 1859 2078 is

1068 2106 1236 2135 ostendisset
1258 2111 1360 2140 corpus
1383 2109 1464 2131 suum
1490 2101 1681 2132 dilaceratum,
1697 2098 1734 2126 ait
1747 2101 1859 2125 sanctus

1070 2152 1205 2179 Antonius
1222 2160 1229 2178 ε
1246 2149 1300 2183 Qui
1325 2148 1428 2176 mundo
1449 2146 1687 2176 renuntiaverunt,
1709 2143 1859 2176 voluntqun

1069 2197 1169 2225 habere
1180 2196 1322 2231 pecunias,
1333 2194 1407 2221 hunc
1421 2193 1450 2220 in
1465 2192 1576 2220 modum
1594 2198 1609 2218 a
1623 2188 1793 2217 daemonibus
1808 2187 1861 2214 im-

227 2241 300 2276 ἐχειν
319 2242 459 2277 χρήματα,
483 2241 570 2274 οὕτως
590 2241 644 2268 ἀπὸ
669 2242 724 2269 τῶν
747 2242 882 2278 δαιμόνων
901 2243 1009 2270 κατακό-

1072 2242 1183 2279 pugnati
1197 2241 1404 2276 discerpuntur.

226 2288 340 2313 ’πέτονται
357 2286 566 2323 πολεμούμενοι.

262 2335 316 2359 κα’.
343 2332 461 2368 ’Λδελφῷ
476 2341 539 2360 ποτε
555 2333 654 2369 συνέϐη
669 2334 820 2369 πειρασμὸς
836 2334 876 2366 εἰς
885 2334 916 2361 τὸ
932 2333 1020 2361 κοινό-

227 2378 286 2405 6ιον
303 2378 350 2405 τοῦ
362 2379 436 2406 ἀόὸἇ
456 2379 530 2406 Ἦλίτ
547 2379 568 2396 ¹⁰
579 2388 586 2396 ·
599 2381 646 2407 καὶ
654 2380 777 2416 διωχθεὶς
785 2380 888 2407 ἐκεῖθεν
899 2381 1019 2417 ἀπῆλθεν

228 2425 269 2456 εις
285 2425 348 2460 δρος
368 2425 435 2461 πρὸς
458 2426 504 2453 τὸν
528 2426 615 2453 ἀῦδᾶν
635 2427 786 2454 Ἀντώνιον.
807 2427 862 2454 Καὶ
882 2427 1020 2462 μείναντος

227 2470 276 2497 τοῦ
291 2471 405 2506 ἀδελφοῦ
419 2472 514 2508 χρόνον
527 2473 595 2508 πρὸς
612 2472 704 2505 αὑτὸν,
717 2473 876 2500 ἀπέστειλεν
891 2472 971 2499 αὑτὸν
980 2473 1020 2505 εἰς

228 2517 260 2543 τὸ
279 2517 410 2544 κοινόὸιον
432 2517 491 2545 ὅθεν
509 2517 599 2554 ἐξέϐη.
618 2519 650 2544 Οἱ
665 2517 693 2545 δὲ
714 2518 814 2549 ἰδόντες
834 2518 925 2550 αὑτὸν,
939 2518 1020 2546 πάλιν

228 2562 359 2596 ἐδίωξαν·
381 2564 395 2590 6
419 2563 447 2590 δὲ
461 2564 603 2600 ἀνέκαμψε
615 2564 682 2601 πρὸς
701 2564 746 2592 τὸν
761 2564 848 2591 ἀόΰᾶν
868 2564 1019 2597 Ἀντώνιον,

229 2609 317 2644 λέγων
326 2618 334 2626 ·
351 2610 409 2637 Οὐκ
422 2611 559 2646 ἠθέλησαν
574 2619 608 2646 με
621 2610 759 2644 δέξασθαι,
773 2610 876 2647 Πάτερ.
885 2610 1021 2637 ’Δπέστει-

230 2655 276 2682 λεν
288 2654 334 2683 οὖν
353 2656 368 2683 6
384 2656 471 2692 γέρων
491 2656 595 2691 λέγων·
623 2657 718 2683 Πλοῖον
741 2656 910 2692 ἐναυάγησεν
931 2657 960 2683 ὲν
982 2655 1021 2692 τῷ

229 2701 353 2736 πελάγει,
368 2702 416 2729 καὶ
431 2702 555 2730 ἀπώλεσε
568 2702 614 2730 τὸν
628 2703 723 2738 γόμον,
741 2702 788 2729 καὶ
803 2702 872 2738 μετά
898 2702 1021 2738 καμάτου

1105 2332 1148 2360 21.
1170 2331 1225 2367 (56)
1246 2329 1366 2365 Contigit
1377 2326 1526 2363 aliquando
1540 2324 1619 2353 fratri
1630 2323 1746 2351 tentatio
1761 2321 1788 2349 in
1803 2328 1861 2349 caa-

1071 2378 1154 2407 nobio
1165 2377 1273 2405 abbatis
1284 2376 1365 2409 Eliaa;
1381 2382 1414 2402 ac
1425 2373 1558 2408 expulsus
1574 2370 1649 2403 inde,
1664 2369 1730 2397 abiit
1745 2368 1772 2395 in
1784 2374 1861 2394 mon-

1072 2428 1126 2452 tem
1156 2423 1191 2451 ad
1223 2423 1347 2450 abbatem
1380 2419 1542 2448 Antonium.
1561 2417 1686 2452 Cumque
1713 2414 1861 2442 mansisset

1073 2470 1145 2507 apud
1158 2477 1219 2498 eum
1235 2469 1321 2496 frater
1338 2475 1387 2504 per
1406 2466 1517 2502 aliquod
1531 2469 1650 2498 tempus,
1664 2461 1771 2490 remisit
1784 2460 1862 2507 illum

1072 2504 1102 2543 in
1125 2514 1282 2543 coenobium
1312 2512 1384 2540 unde
1411 2518 1540 2548 egressus
1557 2510 1658 2537 fuerat.
1675 2507 1710 2534 At
1732 2504 1861 2534 monachi

1073 2562 1164 2598 ipsum
1189 2560 1292 2593 intuiti,
1308 2560 1406 2587 iterum
1422 2559 1583 2594 ejecerunt;
1601 2554 1624 2582 is
1639 2561 1704 2581 vero
1721 2551 1755 2579 ad
1776 2551 1861 2579 abba-

1073 2597 1128 2635 tem
1155 2606 1304 2634 Antonium
1330 2611 1458 2633 reversus
1473 2608 1527 2636 est,
1543 2601 1668 2636 dixitque
1685 2609 1691 2626 :
1708 2597 1863 2625 Noluerunt

1075 2662 1119 2682 me
1140 2654 1290 2689 suscipere,
1305 2651 1395 2680 Pater.
1413 2650 1506 2686 itaque
1534 2648 1609 2676 misit
1634 2653 1728 2677 senex,
1743 2644 1862 2671 dicens:

1075 2699 1159 2728 Navis
1174 2700 1201 2727 in
1217 2699 1313 2736 pelago
1327 2696 1499 2732 naufragium
1525 2694 1600 2726 fecit,
1617 2692 1765 2727 amisitque
1788 2695 1863 2716 mer-

267 2760 277 2775 '
294 2759 336 2787 Al.
353 2760 437 2787 inser.
452 2760 506 2787 ἀεί.
544 2760 603 2787 'Al.
615 2760 792 2795 εἰσερχόμενα
807 2761 846 2792 εἰς
856 2759 954 2792 αὐτοὺς
968 2761 1009 2788 ὲλά

1066 2768 1089 2787 ν.
1127 2760 1137 2776 τ
1155 2759 1197 2786 Al.
1214 2759 1270 2790 τοῖς
1283 2756 1417 2791 ἀδελφοῖς.
1455 2755 1466 2772 ⁸
1479 2754 1522 2782 Al.
1538 2752 1601 2781 add.
1615 2752 1663 2779 καὶ
1673 2750 1747 2784 λέγει
1758 2746 1862 2778 αὐτοῖς.

229 2796 242 2812 ⁶
259 2796 302 2823 ΑΙ.
319 2795 445 2823 δύνασθε.
484 2796 506 2812 ¹⁶
522 2795 621 2822 Ἠλίου.
662 2796 682 2811 ¹¹
702 2796 794 2823 Matth.
812 2804 828 2821 v
855 2795 898 2822 59.

280 2852 326 2879 33)
356 2851 408 2878 Vit.
426 2850 501 2878 Patr.
516 2858 553 2881 tv,
567 2850 591 2877 1.

280 2854 326 2879 33)
356 2854 408 2878 Vit.
426 2854 501 2878 l’alr.
516 2858 553 2881 tv,
567 2854 591 2877 ‘i.

269 2854 325 2922 ξδι)
351 2885 404 2913 γη.
424 2886 499 2913 Patr.
516 2893 554 2914 iv.
569 2886 612 2912 ll.

1111 2846 1166 2881 (55)
1192 2845 1243 2881 Vit.
1257 2843 1333 2881 Eutr.
1352 2850 1392 2873 Ill.
1409 2841 1456 2881 68;
1473 2849 1508 2875 iV,
1529 2841 1553 2869 l.

1113 2879 1168 2917 (56)
1193 2880 1245 2908 Vit.
1263 2880 1338 2907 Patr.
1361 2887 1398 2911 ix,
1415 2879 1438 2905 l.
