1971 3068
125 150 160 179 85
709 150 881 180 APPENDIX
900 152 946 179 AD
962 151 1136 182 PALLADIU
1141 153 1176 181 Μ.
1722 157 1758 186 εὶ

125 218 172 238 ces
195 217 270 242 suas,
286 215 314 237 et
334 210 380 238 vix
395 210 423 237 in
438 213 539 237 terram
552 208 627 237 salva
642 209 765 244 appulit;
786 217 835 237 vos
849 217 915 237 vero

982 211 1057 247 σώθη
1073 212 1120 239 ἐπὶ
1132 211 1182 248 τὴν
1196 211 1248 248 γῆν
1257 220 1264 228 ”
1279 212 1356 248 ὑμεῖς
1366 212 1395 240 δὲ
1406 212 1441 240 τὰ
1457 213 1577 241 σωθέντα
1588 214 1635 241 ἐπὶ
1648 213 1697 250 τὴν
1708 215 1760 250 γῆν

126 264 186 292 quae
200 257 234 284 ad
253 261 354 283 terram
371 259 479 284 servata
495 256 605 282 fuerunt
623 255 705 283 vultis
725 256 912 290 submergere.

125 303 166 331 Illi
193 311 275 339 porro
301 303 499 338 comperientes
523 301 596 337 quod
618 301 651 328 ab
674 301 773 329 abbate
798 302 915 329 Antonio

125 350 229 377 missus
249 349 357 380 fuisset,
374 349 465 376 statim
483 356 545 375 eum
564 351 736 382 receperunt.

160 396 205 424 22.
227 395 284 431 (57)
307 395 379 422 Dixit
407 395 491 423 abbas
517 394 654 422 Antonius
677 403 684 422 :
708 394 815 429 Reputo
842 394 915 429 quod

127 451 227 478 corpus
245 442 343 470 habeat
359 442 507 469 motionem
524 441 676 468 naturalem
691 441 743 476 ipsi
760 444 916 475 contempe-

128 493 226 521 ratam,
241 489 287 516 sed
316 489 427 516 nolente
452 488 554 520 animo,
569 495 624 516 non
648 492 794 522 operatur;
809 491 915 514 tantum

125 534 230 562 indicat
248 534 274 561 in
289 541 405 569 corpore
419 538 522 561 motum
538 534 597 561 sine
611 534 746 568 passione.
762 532 811 560 Est
824 536 914 560 autem

125 585 153 608 et
174 581 228 608 alia
252 580 347 612 motio,
364 588 397 607 ex
418 580 570 607 nutritione
591 579 768 614 fomentoque
791 579 916 613 corporis

127 626 284 662 percibum
300 633 332 653 ac
349 629 464 661 potum;
482 625 556 652 unde
569 625 713 660 sanguinis
728 625 803 652 calor
815 632 916 659 corpus

126 673 227 700 excitat
242 673 275 700 ad
289 672 487 708 operationem.
504 671 594 705 Quare
610 672 759 706 Apostolus
782 671 893 706 scripsit
907 680 914 698 :

128 717 219 746 Nolite
233 718 360 745 inebriari
373 718 441 749 vino,
456 718 482 744 in
497 725 547 752 quo
565 722 604 744 est
615 716 773 744 luxuria”.
786 715 918 744 Rursum-

127 773 180 800 que
204 765 336 792 Dominus
361 764 388 790 in
414 763 561 798 Evangelia
583 763 728 798 discipulis
754 763 916 798 prazcipiens

127 811 219 840 dixit:
243 811 341 842 Videte,
360 819 391 838 ne
417 811 484 845 forte
508 814 650 845 graventur
675 809 757 836 corda
782 814 869 836 vestra
889 809 917 836 in

127 859 237 893 crapula
263 863 288 885 et
311 858 476 885 ebrietate".
492 856 541 884 Est
558 861 585 884 et
597 857 650 884 alia
665 856 752 884 motio
774 855 802 882 in
820 856 854 882 iis
870 855 916 891 qui

129 905 156 932 in
173 905 255 940 hujus
269 905 331 932 vitae
346 912 432 940 agone
445 903 597 935 decertant,
614 910 675 938 qua:
697 911 730 930 ex
755 901 862 930 insidiis
884 909 916 928 ac
931 894 954 924 Β

128 950 231 977 invidia
242 950 396 977 diemonum
419 949 585 984 supervenit.
602 947 695 983 Itaque
711 948 782 976 scire
797 951 915 983 oportet,

128 1000 185 1023 tres
212 1003 272 1023 esse
298 995 457 1030 corporales
491 1000 598 1026 motus;
627 1002 711 1021 unum
743 994 916 1033 naturalem;

129 1042 213 1069 alium
230 1049 263 1069 ex
283 1042 441 1077 promiscuo
458 1049 510 1069 usu
526 1041 660 1074 ciborum,
674 1040 785 1069 tertium
801 1039 918 1075 denique

130 1096 144 1115 a
161 1088 340 1116 daemonibus.

164 1134 211 1162 25.
233 1135 288 1171 (58)
310 1134 382 1161 Dixit
401 1134 509 1167 iterum,
524 1133 609 1161 Deum
622 1140 677 1160 non
691 1132 835 1160 demittere
848 1131 919 1159 bella

130 1180 352 1214 tentationesque
379 1180 407 1207 in
433 1183 541 1207 aetatem
572 1179 654 1212 hanc,
686 1177 919 1214 quemadmodum

131 1226 203 1261 apud
222 1226 350 1260 antiquos
366 1234 373 1252 :
391 1225 464 1253 scire
479 1225 552 1252 enim
566 1224 691 1252 homines
706 1231 780 1252 nunc
795 1223 920 1251 inﬁrmos

131 1281 205 1305 esse,
224 1280 274 1300 nec
291 1279 371 1307 posse
386 1276 506 1307 portare.

165 1319 211 1347 24.
233 1318 392 1346 Revelatum
408 1321 450 1345 est
469 1318 496 1345 in
514 1318 661 1346 solitudine
683 1317 774 1345 abbati
789 1316 920 1348 Antonio,

131 1373 193 1394 esse
210 1365 328 1400 aliquem
342 1365 370 1391 in
387 1365 455 1391 urbe
468 1364 519 1399 ipsi
535 1364 663 1396 similem,
680 1363 850 1399 professione
865 1370 922 1390 me-

132 1412 238 1443 dicum,
252 1413 298 1446 qui
315 1410 447 1447 quidquid
461 1410 591 1446 superﬂui
613 1410 770 1446 possidebat
785 1409 863 1436 daret
879 1409 921 1435 in-

132 1457 300 1494 digentibus,
315 1462 343 1485 et
358 1456 482 1492 quotidie
491 1456 645 1493 Trisagium
660 1463 722 1484 cum
735 1455 838 1491 angelis
849 1454 923 1490 psal-

133 1505 212 1533 leret.

969 257 1060 284 θέλετε
1077 258 1284 286 καταποντίσαι.
1301 259 1333 285 Οί
1356 259 1385 286 δὲ
1405 259 1570 292 ἀκούσαντες
1584 261 1625 287 ὅτι
1643 261 1657 287 6
1673 260 1761 293 ἀὸϐἄς

975 303 1117 337 ’Δντώνιος
1140 304 1222 332 αὑτὸν
1245 305 1414 339 ἀπέστειλεν,
1436 306 1538 339 εὐθέως
1561 307 1684 340 ἐδέξαντο
1709 307 1760 334 αὑ-

967 350 1024 378 τόν.

1004 394 1055 433 ιὶβν.
1077 395 1160 424 Εἶπεν
1175 399 1189 424 6
1207 397 1294 430 ἁὸὃᾶς
1312 398 1453 431 Ἀντώνιος
1463 408 1469 414 ·
1484 399 1634 435 Λογίζομαι
1647 400 1688 427 ὄτι
1704 399 1761 435 ἔχει

968 443 999 470 τὸ
1012 443 1092 479 σῶμα
1105 444 1210 480 κίνησιν
1225 445 1343 480 φυσικὴν
1359 447 1592 482 συναναφυρείσαν
1603 446 1690 482 αὐτῷ·
1702 445 1760 473 ἀλλ’

969 490 1018 516 οὐκ
1037 491 1152 526 ἐνεργεῖ,
1172 491 1210 526 μὴ
1236 491 1366 526 θελούσης
1381 492 1431 528 τῆς
1444 493 1532 528 ψυχῆς
1545 501 1551 507 ·
1574 494 1653 528 μόνον
1667 493 1695 521 δὲ
1712 502 1762 529 οη-

971 536 1061 571 μαίνει
1076 538 1105 563 ὲν
1121 536 1160 572 τῷ
1175 536 1280 572 σώματι
1293 537 1385 573 ἀπαθῆ
1399 538 1597 573 κίνησιν.Ἔστι
1611 539 1638 565 δὲ
1653 539 1700 566 καὶ
1715 539 1762 567 ἀλ-

969 582 1002 618 λη
1014 581 1130 616 κίνησις,
1143 583 1175 609 ὲκ
1188 583 1236 609 τοῦ
1249 583 1358 620 τρέφειν
1372 583 1419 611 καὶ
1430 583 1543 611 θάλπειν
1554 584 1583 611 τδ
1600 585 1679 620 σῶμα
1692 585 1762 621 βρώ-

971 636 1037 664 μασι
1056 629 1102 655 καὶ
1111 628 1230 664 πόμασιν
1240 637 1247 644 ·
1262 629 1292 661 ἐξ
1304 626 1341 657 ὧν
1355 630 1372 665 ἡ
1385 629 1472 666 θέρμη
1485 630 1531 657 τοῦ
1543 631 1657 667 αἳματος
1666 631 1763 666 διεγεί-

972 682 1012 709 ρει
1024 675 1055 702 τὸ
1071 675 1151 711 σῶμα
1166 676 1233 712 πρὸς
1248 676 1395 712 ἐνέργειαν.
1416 676 1461 703 Διὺ
1479 677 1526 703 καὶ
1548 677 1638 711 ἔλεγεν
1651 679 1665 704 ὁ
1682 677 1763 704 Ἀπό-

971 719 1077 752 στολος·
1095 721 1144 755 Μὴ
1158 722 1349 756 μεθύσκεσθε
1366 721 1490 754 οῖνῳ,ὲν
1503 718 1527 754 ᾧ
1541 722 1628 749 ἐστιν
1637 722 1761 750 ἀσωτία,

970 766 1025 793 Καὶ
1037 766 1118 793 πάλιν
1132 767 1146 792 6
1160 766 1263 802 Κύριος
1277 767 1306 793 ὲν
1318 766 1356 802 τῷ
1373 767 1531 803 Εὑαγγελίῳ
1549 769 1604 799 τοῖς
1629 768 1764 803 μαθηταῖς

971 811 1159 847 ἐντελλόμενος
1176 810 1236 839 εἶπε
1247 821 1253 827 ·
1269 812 1400 840 Βλέπετε
1423 813 1540 848 μήποτε
1551 814 1727 848 βαρηθῶσιν
1740 815 1764 831 ¹³

970 857 1054 893 ὑμῶν
1068 860 1098 885 αἱ
1118 858 1235 893 καρδίαι
1257 860 1291 886 ἐν
1304 859 1454 895 κραιπάλῃ
1473 860 1521 887 καὶ
1539 860 1625 895 μέθῃ.
1637 860 1715 887 Ἔστι
1734 860 1764 887 δέ

968 912 1009 936 τις
1024 905 1070 932 καὶ
1083 905 1165 940 ἑτέρα
1178 905 1285 941 κίνησις
1306 907 1361 937 τοῖς
1374 906 1593 941 ἀγωνιζομένοις,
1610 905 1639 938 ἐξ
1654 906 1763 932 ἐπιδου-

968 950 1019 986 λῆς
1032 952 1079 978 καὶ
1097 950 1195 985 φθόνου
1212 951 1348 987 δαιμόνων
1366 952 1555 987 ὲπιγινομένη,
1574 951 1643 978 ὥστε
1663 952 1763 978 εἰδέναι

968 997 1017 1029 δεῖ,
1033 997 1074 1024 ὅτι
1093 998 1166 1032 τρεῖς
1183 998 1237 1023 εἰσι
1252 998 1408 1032 σωματικαὶ
1426 999 1547 1033 κινήσεις
1583 997 1632 1033 μία
1649 998 1699 1033 μὲν
1714 1006 1764 1032 φυ-

970 1042 1044 1077 σικὴ.
1056 1042 1137 1077 ἑτέρα
1149 1042 1177 1068 δὲ
1188 1041 1218 1074 ἐξ
1230 1041 1390 1078 ἀδιαφορίας
1403 1042 1512 1079 τροφῶν
1526 1043 1593 1078 (60),
1611 1043 1628 1078 ἡ
1643 1042 1671 1069 δὲ
1684 1042 1764 1078 τρίτη

969 1088 1024 1115 ἀπὸ
1038 1088 1079 1114 δαι
1084 1088 1182 1123 μόνων.

1005 1138 1059 1169 κγ’.
1080 1132 1148 1161 Εἱπε
1162 1134 1253 1168 πάλιν,
1269 1135 1311 1162 ὃτι
1331 1135 1345 1161 6
1366 1135 1431 1166 Θεὸς
1444 1135 1494 1161 οὐκ
1506 1135 1580 1170 ἀφίει
1599 1135 1662 1167 τοὺς
1681 1133 1764 1161 πολέ-

973 1189 1040 1217 μους
1058 1180 1104 1207 ὲπῑ
1125 1180 1175 1216 τὴν
1189 1180 1286 1215 γενεὰν
1307 1179 1421 1215 ταύτην,
1439 1180 1534 1216 ὥσπερ
1561 1180 1607 1207 ἐπὶ
1631 1179 1686 1206 τῶν
1711 1180 1762 1214 ἀρ-

971 1226 1065 1262 χαίων.
1082 1224 1143 1253 οἶδε
1159 1227 1214 1263 γὰρ
1228 1227 1268 1253 ὅτι
1287 1226 1410 1259 ἀσθενεῖς
1433 1227 1486 1253 είσι
1503 1226 1550 1253 καὶ
1565 1226 1595 1252 οὐ
1615 1225 1765 1262 βαστάζου-

972 1281 1024 1300 σιν.

1008 1319 1057 1345 κδ’.
1078 1318 1123 1354 Τῷ
1140 1318 1212 1354 ἀὸὗᾷ
1226 1318 1360 1354 ’Λντωνίῳ
1373 1317 1553 1353 ἀπεκαλύφθη
1568 1317 1597 1344 ὲν
1610 1319 1644 1353 τῇ
1657 1318 1762 1354 ἐρήμῳ,

972 1364 1013 1391 ὃτι
1036 1364 1081 1391 Ἑν
1097 1365 1130 1400 τῇ
1145 1364 1222 1391 πόλει
1236 1365 1294 1391 ἐστί
1305 1373 1347 1396 τις
1360 1363 1452 1399 ὅμοιός
1470 1372 1520 1394 σοι,
1536 1363 1627 1399 ἰατρὸς
1641 1363 1689 1398 τὴν
1703 1363 1765 1390 ἐπι-

974 1412 1092 1447 στήμην,
1114 1411 1163 1446 τὴν
1190 1411 1347 1447 περισσείαν
1369 1410 1451 1437 αὑτοῦ
1476 1410 1564 1441 διδοὺς
1591 1410 1647 1440 τοῖς
1670 1409 1767 1444 χρείαν

973 1456 1075 1492 ἔχουσι,
1089 1457 1135 1484 καὶ
1152 1457 1243 1483 πᾶσαν
1264 1456 1312 1492 τὴν
1329 1455 1436 1492 ἡμέραν
1448 1455 1479 1482 τὺ
1494 1453 1641 1491 Τρισάγιον
1657 1453 1767 1489 ψάλλων

977 1503 1046 1540 μετά
1060 1503 1115 1530 τῶν
1134 1502 1268 1537 ἀγγέλων.

169 1551 216 1578 25.
236 1550 343 1578 Dictum
356 1549 463 1577 abbatis
478 1550 588 1577 Antonii
605 1558 611 1576 :
628 1547 711 1575 Venit
736 1551 854 1582 tempus,
868 1554 921 1582 quo

1011 1552 1060 1577 κε’.
1080 1547 1164 1576 Εἶπεν
1182 1551 1196 1576 6
1212 1549 1300 1581 ἀὸὀᾶς
1318 1547 1474 1581 Ἀντώνιος,
1498 1548 1539 1574 ὅτι
1556 1547 1683 1583 Ἔρχεται
1706 1555 1766 1573 καιν

136 1597 262 1625 homines
290 1596 437 1627 insanieut,
453 1598 480 1623 et
503 1602 564 1622 cum
582 1594 699 1621 viderint
723 1594 841 1628 aliquem
868 1599 923 1619 non

134 1644 273 1675 insanum,
290 1643 434 1677 insurgent
451 1642 582 1669 adversus
598 1640 685 1672 illum,
703 1640 826 1667 dicentes
850 1649 857 1667 :
883 1638 924 1665 Tu

135 1688 258 1720 insanis;
275 1695 307 1716 eo
324 1687 397 1723 quod
408 1687 475 1722 ipsis
491 1687 588 1714 similis
602 1694 655 1713 non
672 1687 716 1713 sit.

171 1734 217 1762 26.
238 1733 350 1761 Fratres
365 1737 552 1761 convenerunt
576 1729 875 1764 abbatem‘Antonium,
893 1739 925 1759 ac

138 1780 311 1816 protulerunt
335 1779 373 1806 illi
399 1779 586 1806 testimonium
603 1777 762 1805 eLevilico.
790 1777 925 1813 Egressus

140 1827 233 1862 itaque
253 1830 296 1854 est
319 1833 401 1853 senex
425 1825 453 1852 in
477 1833 610 1858 eremum,
624 1825 694 1852 clam
715 1829 845 1859 sequente
862 1833 924 1853 eum

139 1873 237 1900 abbate
248 1873 391 1904 Ammona,
405 1871 451 1907 qui
464 1870 687 1899 consuetudinem
704 1871 791 1906 ipsius
802 1875 924 1898 noverat.

141 1918 173 1944 Et
197 1917 293 1952 procul
320 1925 404 1952 senex
430 1916 581 1952 profectus,
599 1922 676 1944 stans
699 1917 732 1943 ad
760 1917 924 1949 orationem,

139 1966 267 1993 clamavit
283 1973 350 1992 voce
365 1972 462 2000 magna
477 1974 484 1992 :
499 1964 581 1997 Deus,
597 1964 707 2000 Moysen
721 1966 807 1996 mitte.
822 1966 868 2000 qui
883 1973 926 1993 mc

138 2012 236 2040 doceat
251 2012 276 2038 id
292 2012 444 2039 oraculum.
462 2011 531 2038 Tum
554 2011 628 2039 venit
653 2011 686 2038 ad
709 2019 770 2039 eum
793 2019 846 2038 vox
863 2019 926 2039 cum

139 2058 200 2093 ipso
225 2058 393 2092 colloquens.
410 2057 483 2084 Dixit
509 2058 590 2092 igitur
615 2057 699 2085 abbas
722 2057 927 2089 Ammonas,se

138 2103 245 2139 quidem
261 2103 382 2131 audiisse
396 2111 490 2131 vocem
503 2111 565 2131 cum
581 2103 641 2139 ipso
653 2104 819 2139 loquentem,
831 2112 925 2132 verum

139 2149 277 2178 sermonis
293 2150 347 2176 vim
367 2157 422 2176 non
438 2149 616 2177 intellexisse.

174 2197 220 2224 2'1.
241 2196 309 2223 Tres
323 2195 418 2223 Patres
435 2196 560 2224 solebant
578 2195 693 2230 singulis
708 2195 787 2223 annis
808 2196 841 2223 ad
856 2196 927 2223 ’bea-

977 1595 1033 1631 ρὸς,
1049 1595 1092 1621 ῖνα
1106 1595 1130 1621 οἱ
1146 1594 1284 1630 ἄνθρωποι
1300 1593 1415 1629 μανῶσι,
1428 1594 1474 1620 καὶ
1486 1592 1554 1620 ἐπὰν
1569 1593 1644 1620 ῐδωσί
1655 1601 1715 1620 τινα
1728 1592 1765 1628 μὴ

976 1641 1148 1676 μαινόμενον,
1162 1642 1396 1676 ἐπαναστήσονται
1418 1640 1492 1676 αὐτῷ
1511 1640 1644 1675 λέγοντες,
1666 1640 1708 1666 ὅτι
1729 1640 1768 1666 Σὺ

977 1687 1070 1723 μαίνῃ,
1085 1687 1129 1713 διὰ
1143 1687 1172 1713 τὸ
1191 1687 1228 1723 μὴ
1241 1685 1311 1714 εἶναι
1327 1688 1421 1723 ὅμοιον
1437 1688 1539 1719 αὐτοῖς.

1012 1736 1069 1766 κς’.
1096 1733 1218 1768 Ἀδελφοὶ
1235 1733 1389 1769 παρέϐαλον
1411 1733 1450 1768 τῷ
1466 1733 1537 1768 ἀϐϐᾷ
1557 1733 1703 1768 Ἀντωνίῳ,
1719 1733 1768 1759 καὶ

978 1778 1055 1807 εἷπον
1071 1780 1145 1815 αὺτῷ
1162 1781 1237 1816 ῥῆμα
1253 1779 1300 1806 τοῦ
1318 1780 1471 1807 Λευῖτικοῦ.
1479 1780 1606 1815 Ἐξῆλθεν
1623 1778 1670 1807 οὖν
1688 1781 1701 1806 6
1720 1780 1767 1814 γέ-

977 1837 1032 1865 ρων
1057 1829 1097 1859 είς
1119 1827 1168 1864 τὴν
1195 1827 1307 1863 ἔρημον,
1323 1827 1369 1854 καὶ
1392 1827 1574 1862 ἠκολούθησεν
1589 1825 1662 1862 αὐτῷ
1681 1826 1768 1857 ἀ66ᾶς

982 1875 1129 1911 Ἀμμωνᾶς
1152 1874 1254 1910 κρυφῆ,
1271 1873 1349 1905 είδὼς
1369 1873 1418 1909 τὴν
1443 1873 1586 1909 συνήθειαν
1600 1872 1693 1900 αὐτοῦ.
1713 1872 1769 1899 Καὶ

978 1920 1120 1956 μακρὺνας
1133 1921 1199 1947 πολὺ
1214 1921 1229 1946 6
1246 1920 1345 1956 γέρων,
1362 1919 1428 1951 στὰς
1445 1919 1484 1951 εἰς
1500 1919 1655 1954 προσευχὴν
1669 1917 1768 1954 ἔκραξε

977 1969 1052 2003 φωνῇ
1069 1967 1190 2003 μεγάλῃ’
1210 1966 1239 1994 '0
1256 1966 1332 1998 Θεὸς.
1348 1965 1505 2003 ἀπόστειλον
1521 1965 1567 1992 τὸν
1579 1965 1709 2000 Μωῡσῆν,
1722 1965 1769 1991 καὶ

977 2014 1076 2047 διδάξει
1095 2022 1129 2049 με
1145 2013 1175 2040 τὺ
1191 2014 1266 2049 ῥῆμα
1280 2012 1369 2039 τοῦτο.
1383 2012 1438 2038 Καὶ
1451 2010 1531 2047 ἦλθεν
1545 2011 1620 2046 αὑτῷ
1635 2010 1710 2046 φωνὴ
1722 2010 1769 2037 λα-

977 2060 1061 2088 λοῦσα
1080 2061 1137 2096 μετ’
1150 2060 1243 2087 αὑτοῦ.
1258 2057 1342 2086 Εἶπεν
1356 2057 1403 2086 οὖν
1419 2060 1432 2085 ό
1447 2058 1534 2090 ἀὸὃᾶς
1551 2058 1708 2092 ’Δμμωνᾱς,
1728 2058 1769 2083 ὅτι

978 2106 1033 2142 Τὴν
1049 2106 1097 2142 μὲν
1113 2107 1204 2141 φωνὴν
1218 2105 1323 2141 ἥκουσα
1336 2104 1385 2140 τὴν
1399 2103 1533 2131 λαλοῦσαν
1549 2103 1607 2139 μετ’
1619 2102 1770 2137 αὑτοῦ,τὴν

978 2153 1007 2180 δὲ
1022 2152 1138 2187 δύναμιν
1154 2151 1199 2178 τοῦ
1214 2151 1293 2184 λόγου
1309 2151 1359 2177 οὐκ
1374 2150 1485 2185 ἔμαθον.

1014 2199 1064 2231 κζ’.
1085 2199 1166 2234 Τρεῖς
1191 2197 1244 2225 τῶν
1271 2196 1401 2232 Πατέρων
1415 2195 1486 2232 εἶχον
1501 2195 1560 2227 ἔθος
1573 2195 1632 2221 κατ’
1646 2193 1769 2221 ἐνιαυτὸν

140 2247 197 2269 ιιιιη
211 2241 359 2268 Antonium
376 2241 531 2276 proﬁcisci;
549 2248 581 2268 ac
605 2241 659 2268 duo
676 2241 786 2276 quidem
802 2241 921 2269 sciscita«

980 2243 1096 2277 ὑπάγειν
1115 2248 1183 2279 προς
1207 2241 1252 2269 τδν
1273 2241 1407 2278 μακάριον
1429 2239 1585 2267 ’Λντώνιονο
1600 2240 1647 2266 καὶ
1671 2240 1695 2265 οἱ
1722 2238 1771 2274 μὲν

140 2288 241 2316 bantur
258 2288 346 2323 ipsum
362 2287 396 2315 de
411 2287 627 2323 cogitationibus
649 2291 677 2315 et
698 2288 788 2315 salute
811 2288 927 2321 animat;

141 2335 239 2363 tertius
258 2342 333 2368 vero,
349 2334 457 2362 tacebat
476 2334 600 2366 omnino,
616 2341 667 2361 nec
686 2333 835 2369 quidquam
851 2341 930 2369 roga-

141 2381 199 2408 bat.
214 2380 307 2416 Itaque
320 2383 382 2416 post
397 2380 512 2407 multum
526 2383 646 2414 tempus,
664 2380 702 2407 ait
716 2379 753 2406 illi
771 2379 857 2407 abbas
873 2379 930 2406 An-

142 2426 235 2454 tonius
251 2436 257 2454 :
276 2426 345 2453 Ecce
363 2433 378 2452 a
398 2429 474 2453 tanto
494 2429 617 2460 tempore
643 2425 696 2453 huc
720 2425 808 2458 venis,
827 2432 878 2452 nec
897 2425 932 2452 de

142 2479 279 2507 quoquam
295 2471 448 2506 interrogas
465 2479 517 2498 me.
531 2470 601 2498 Tum
617 2471 787 2506 respondens
802 2470 870 2498 dixit
884 2471 927 2498 ei:

143 2516 208 2544 Mihi
221 2517 247 2544 id
262 2525 346 2544 unum
362 2516 470 2548 sufficit,
485 2516 576 2550 Pater,
593 2517 665 2552 quod
683 2521 710 2544 te
726 2517 815 2544 video.

178 2563 223 2591 98.
246 2563 303 2599 (59)
322 2564 437 2591 Aiebant
453 2563 599 2599 quemdam
625 2572 720 2591 senum
734 2572 750 2591 a
767 2563 821 2591 Deo
835 2568 931 2598 postu-

144 2610 218 2638 lasse
235 2611 275 2638 uti
292 2610 397 2638 videret
419 2610 534 2644 Patres;
560 2618 592 2638 ac
616 2610 719 2638 vidisse
740 2610 813 2643 illos,
834 2614 934 2646 praeter

180 2689 214 2704 “‘
229 2688 330 2724 Eplies.
347 2697 373 2721 ν,
391 2688 435 2718 18.
475 2689 497 2704 ¹¹
515 2688 582 2716 Luc.
599 2697 654 2721 xu,
670 2689 715 2717 54.
754 2688 777 2704 ¹¹
795 2688 838 2716 Αι.
855 2686 1034 2724 βαρυνθῶσιν.

183 2766 241 2802 (57)
268 2765 321 2802 Υἱι.
334 2766 411 2802 Patr.
425 2775 452 2800 v,
469 2767 494 2793 Ι.

181 2802 238 2834 (748ὶ
266 2801 317 2830 Vit.
333 2801 410 2828 Patr.
425 2810 451 2833 x,
467 2803 494 2829 4.

182 2837 240 2907 ξω)
257 2836 287 2864 L.
303 2837 453 2870 Moschum,
464 2845 489 2864 c.
505 2837 566 2865 128.

195 2872 241 2906 40)
262 2872 314 2904 Ἐξ
329 2873 503 2907 ἀδιαφορίας
516 2881 566 2907 τρο

979 2288 1026 2316 δύο
1043 2288 1157 2324 ἠρώτων
1173 2287 1254 2314 αὐτὸν
1267 2287 1331 2322 περὶ
1343 2286 1481 2321 λογισμῶν
1502 2285 1550 2312 καὶ
1569 2284 1705 2320 σωτηρίας
1720 2284 1772 2318 ψυ-

981 2333 1046 2369 χῆς·
1069 2335 1083 2360 6
1103 2333 1130 2360 δὲ
1154 2331 1194 2365 εἷς
1209 2332 1298 2360 πάντα
1308 2331 1329 2347 ¹⁴
1342 2331 1448 2358 ἐσιώπα
1463 2330 1545 2366 μηδὲν
1560 2329 1678 2366 ὲρωτῶν.
1696 2328 1773 2355 Μετὰ

981 2380 1011 2406 δὲ
1025 2380 1107 2407 πολὺν
1122 2379 1216 2415 χρόνον
1230 2379 1304 2413 λέγει
1318 2377 1393 2414 αὐτῷ
1406 2378 1421 2404 6
1433 2377 1519 2408 ἀὸὗᾶς
1534 2375 1689 2407 Ἀντώνιος
1707 2375 1773 2401 Ίδοὺ

981 2425 1109 2453 τοσοῦτον
1122 2426 1217 2461 χρόνον
1234 2425 1306 2461 ἔχεις
1320 2424 1465 2461 ἐρχόμενος
1477 2419 1538 2455 ὦδε,
1557 2421 1605 2448 καὶ
1621 2421 1695 2448 οὐδὲν
1709 2421 1774 2456 ἐρω-

984 2472 1034 2506 τᾷς
1048 2480 1092 2506 με.
1108 2470 1162 2497 Καὶ
1177 2470 1336 2506 ἀποκριθεὶς
1350 2467 1426 2496 εἷπεν
1443 2467 1517 2503 αὐτῷ
1528 2477 1535 2483 ·
1558 2467 1651 2503 ’Δρκεῖ
1666 2475 1710 2502 μοι
1727 2465 1775 2492 n.6-

985 2525 1029 2543 νον
1043 2516 1122 2549 toﬁ",
1137 2516 1245 2551 βλέπειν
1260 2523 1300 2549 σε,
1316 2515 1418 2549 Πάτερ.

1024 2565 1078 2599 κη’.
1100 2563 1221 2597 Ἔλεγον,
1242 2562 1282 2589 ὃτι
1307 2569 1348 2592 τις
1372 2560 1425 2587 τῶν
1441 2560 1575 2596 γερόντων
1589 2558 1716 2596 ἠρώτησε
1730 2557 1776 2585 τὸν

986 2608 1052 2636 Θεὸν
1067 2607 1131 2635 [δεῖν
1145 2607 1209 2639 τοὺς
1221 2605 1346 2643 Πατέρας
1356 2614 1364 2621 ·
1379 2606 1426 2633 καὶ
1439 2603 1509 2633 εἶδεν
1523 2605 1622 2636 αὐτοὺς
1638 2604 1722 2640 χωρὶς
1729 2602 1776 2630 τοῦ

1075 2688 1096 2703 ’⁸
1116 2687 1159 2714 Al.
1175 2685 1301 2713 πάντοτε.
1341 2685 1362 2701 ¹⁸
1375 2684 1419 2713 Al.
1440 2684 1480 2712 τό.

990 2765 1162 2797 reddidisset,
1174 2772 1207 2792 ea:
1219 2764 1382 2800 plenitudine
1396 2763 1523 2800 ciborum.
1540 2762 1570 2790 ln
1584 2762 1717 2797 Operibus
1728 2768 1777 2800 au-

989 2805 1044 2828 tem
1065 2801 1199 2836 Ephrxmi
1219 2796 1253 2836 'p.
1270 2800 1341 2836 V587,
1357 2808 1399 2836 n.r
1417 2799 1444 2836 7,
1473 2796 1615 2836 interpres
1636 2796 1778 2836 praesentis

991 2834 1220 2871 Apophihegmatia
1233 2835 1324 2867 habet.
1338 2843 1371 2862 ea:
1382 2834 1483 2871 delectu
1497 2834 1625 2867 ciborum,
1638 2835 1711 2868 quod
1719 2838 1778 2860 esse

195 2870 251 2909 4017
262 2872 314 2904 Ἐξ
329 2873 503 2909 ἀδιαφορίας
516 2874 642 2908 τροφῶν.
656 2873 798 2902 lnvenerat
811 2873 920 2909 Pelagiu

991 2870 1110 2904 videtur,
1126 2870 1158 2898 ἐκ
1175 2871 1307 2906 διαφορᾶς
1321 2870 1429 2907 τροφῶν

149 2909 177 2935 in
192 2908 287 2935 codice
304 2916 365 2941 suo,
388 2909 420 2935 ἐκ
436 2908 625 2944 πληροφορίας
649 2910 766 2945 τροφῶν.
783 2909 857 2938 Alias
881 2908 936 2936 non
