1971 3068
179 135 218 166 85
747 137 1057 167 APOPHTHEGMATA
1076 138 1226 168 PA'I‘RUM
1784 139 1820 169 88

181 195 255 222 «663
274 195 428 222 Ἀντωνιου.
447 195 529 230 Λέγει
545 193 593 222 οὖν
604 195 644 231 τῷ
657 195 807 223 δεικνύοντι
819 195 894 232 αὐτῷ
903 203 910 210 ”
924 195 980 223 Ποῦ

1043 197 1160 224 ibhatem
1185 196 1345 224 Antonium.
1370 180 1441 224 Dicit
1463 204 1528 232 ergo
1551 197 1728 225 moustratori
1746 207 1753 226 :
1768 197 1822 226 Ubi

182 243 257 269 ὲσιιιν
280 243 295 269 ὀ
319 241 408 273 ὰόὃᾶς
425 241 584 274 Ἀντώνιος;
603 241 632 268 ’0
648 241 676 268 δὲ
688 239 767 278 εἶπεν
786 242 870 278 αὐτῷ,
883 243 924 269 ὅτι
941 243 981 274 εὶς

183 289 229 316 τὸν
240 289 323 316 τόπον
338 282 432 315 ὃπου’ὁ
444 287 520 321 Θεὸς,
536 288 595 314 ἐκεῖ
608 288 694 315 ἐστιν.

220 334 272 362 κθ’.
300 333 520 370 Ἐσυκοφαντήθη
550 334 664 369 ἀδελφὸς
689 335 729 367 εἰς
753 335 885 362 κοινόὸιον
918 335 982 372 περὶ

185 381 324 417 πορνείας,
341 381 389 407 καὶ
403 381 523 411 ἀναστὰς
536 378 603 416 ἦλθε
621 380 690 416 πρὸς
711 381 758 407 τὸν
777 381 864 408 ἀῦδᾶν
885 381 982 408 Ἀντώ-

186 435 257 455 νιον·
275 427 322 454 καὶ
337 424 419 462 ἦλθον
443 426 468 453 οἰ
493 425 603 461 ἀδελφοὶ
618 426 672 453 ἀπὸ
689 426 735 453 τοῦ
751 427 884 454 κοινοῦίου
902 427 982 463 θερα-

187 473 286 501 πεῦσαι
304 473 385 500 αὑτὸν
410 473 458 499 καὶ
473 472 581 499 λαϐεῖν·
599 473 646 500 καὶ
662 472 778 509 ἤρξαντο
802 473 923 509 ἐλέγχειν
941 475 982 500 ὅτι

187 520 281 552 οὓτως
297 520 437 555 ἐποίησας.
446 520 475 546 '0
489 519 517 546 δὲ
531 519 690 554 ἀπελογεῖτο
708 520 749 546 ὅτι
763 519 848 547 Οὐδὲν
861 520 983 547 τοιοῦτον

188 566 314 602 ἐποίησα.
327 566 484 601 Εὑκαίρησε
508 566 537 592 δὲ
561 567 619 592 ἐκεῖ
640 567 654 593 ό
677 565 764 598 ἀὸὁᾶς
780 566 950 601 Παφνούτιος
969 567 982 593 ὀ

188 612 327 647 Κεφαλᾶς,
342 613 389 639 καὶ
410 610 472 639 εἶπε
498 612 655 648 παραϐολὴν
671 612 818 648 τοιαύτην·
840 611 917 639 Εἶδον
943 613 984 645 εἰς

189 659 238 693 τὴν
253 657 335 693 ὖχθαν
350 657 397 684 τοῦ
415 657 538 693 ποταμοῦ
550 658 692 693 ἄνθρωπον
706 658 838 694 βληθέντα
859 660 899 690 εἰς
919 659 983 694 βόρ-

190 703 270 739 6ορον
293 703 346 734 ἕως
365 702 420 729 τῶν
443 703 564 738 γονάτων
584 703 679 736 αὑτοῦ,
696 705 742 730 καὶ
764 704 887 736 ὲλθόντες
911 705 984 737 τινὲς

189 750 280 777 δοῦναι
295 749 369 784 αὐτῷ
385 751 464 785 χεῖρα
484 750 681 777 κατεπόντισαν
695 751 777 777 αὐτὸν
795 751 848 783 ἕως
861 750 908 778 τοῦ
920 759 984 787 τρα-

190 796 284 831 χήλου.
300 796 354 822 Καὶ
366 796 439 830 λέγει
451 796 543 828 αὐτοῖς
557 798 571 823 ὁ
587 796 675 829 ἁϐὃᾶς
696 797 838 829 Ἀντώνιος
857 797 921 834 περὶ
936 797 983 824 τοῦ

190 841 263 870 ἀδεᾶ
286 842 470 877 Παφνουτίου·
495 842 560 869 Ἰδοὺ
586 842 729 878 ἄνθρωπος
755 843 891 878 ἀληθινὸς,
905 843 984 871 δυνά-

193 896 273 924 μενος
288 887 457 924 θεραπεῦσαι
485 888 533 915 καὶ
556 887 643 915 σῶσαι
664 888 764 923 ψυχάς.
778 889 984 924 Κατανυγέντες

191 931 238 961 οὖν
259 933 298 969 τῷ
316 933 388 969 λόγῳ
409 933 464 960 τῶν
488 933 634 970 γερόντων,
657 933 755 960 ἐὸαλον
780 934 925 968 μετάνοιαν
948 934 987 970 τῷ

192 978 309 1014 ἀδελφῷ.
333 978 388 1005 Καὶ
402 978 626 1014 παρακληθέντες
640 978 693 1005 ὑπὸ
711 978 766 1006 τῶν
779 979 909 1015 Πατέρων
926 979 988 1007 ἔλα-

194 1027 241 1054 ϐον
254 1027 299 1053 τὸν
317 1026 431 1061 ἀδελφὸν
446 1028 487 1059 εἰς
497 1027 527 1054 τὸ
543 1026 687 1055 κοινόὸιον.

230 1073 263 1101 λ’.
285 1073 399 1108 Ἔλεγόν
422 1082 495 1105 τινες
519 1074 583 1109 περὶ
604 1073 652 1100 τοῦ
679 1073 752 1100 ὰὸὁᾶ
772 1073 924 1106 Ἀντωνιου,
946 1075 988 1101 ὅτι

192 1119 288 1154 γέγονε
299 1119 533 1155 Πνευματοφόρος,
544 1119 602 1146 ἀλλ’
610 1119 660 1146 οὐκ
673 1119 753 1155 ἤθελε
768 1119 859 1146 λαλεῖν
871 1119 915 1146 διὰ
925 1120 988 1152 τοὺς

193 1164 354 1202 ἀνθρώπους
364 1173 371 1180 ·
393 1165 442 1193 καὶ
462 1166 516 1201 γὰρ
533 1165 567 1192 τὰ
581 1165 711 1201 γινόμενα
731 1166 760 1192 ὲν
774 1165 814 1201 τῷ
831 1165 926 1202 κόσμῳ
942 1166 988 1193 καὶ

194 1210 228 1237 τὰ
245 1210 375 1246 μέλλοντα
388 1210 475 1238 ὲλθεῖν
488 1210 616 1246 ἐμήνυεν.

230 1302 282 1329 λα’.
301 1301 372 1329 licet
390 1303 405 1329 ὁ
418 1302 507 1334 ἁὸὁᾶς
524 1301 666 1333 Ἀντώνιος
677 1301 786 1335 ἐδέξατο
799 1299 989 1328 Κωνσταντιου

195 1347 244 1374 τοῦ
258 1347 390 1383 βασιλέως
404 1348 593 1384 γράμματα²⁶,
610 1348 654 1374 ἵνα
675 1347 738 1383 ἔλθῃ
761 1348 802 1379 εἰς
820 1348 990 1374 Κωνσταντι-

197 1393 338 1421 νούπολιν*
355 1394 402 1421 καὶ
416 1394 529 1421 ἐσκόπει
539 1394 565 1421 τί
576 1394 696 1428 ποιῆσαι.
712 1393 793 1427 Λέγει
807 1390 853 1420 οὗν
864 1392 904 1428 τῷ
917 1392 989 1428 ἁὸὄᾷ

198 1439 299 1475 Παύλῳ
321 1439 360 1475 τῷ
381 1440 489 1475 μαθητῇ
515 1439 611 1467 αὐτοῦ·
630 1439 753 1474 Ὠφειλον
772 1437 911 1470 ἀπελθεῖνς
934 1437 989 1465 Καὶ

198 1485 272 1520 λέγει
283 1485 370 1521 αὐτῷ’
394 1485 455 1512 Ἐὰν
470 1485 754 1521 ἁπέλθῃς,’Δντώνιος
772 1484 854 1521 λέγῃ·
869 1484 894 1510 ει
904 1483 937 1511 ,δὲ
951 1483 989 1520 μὴ

199 1531 329 1568 ἀπέλθῃς,
343 1530 430 1563 ἀῦὗᾶς
450 1531 600 1563 Ἀντώνιος.

234 1551 388 1611 λ’ἕκῃέῐπεν
529 1551 686 1608 ’Ᾰνξῶνιος
706 1575 777 1610 Ἐγὼ
789 1575 881 1602 οὐκέτι
896 1574 990 1610 φοϐοῦ-
1002 1551 1025 1582 α

201 1629 252 1657 μαι
265 1621 310 1648 τὸν
319 1621 385 1648 Θεὸν
394 1621 463 1656 (Μ),
475 1621 532 1648 ἀλλ’
546 1621 645 1656 ἀγαπῶ
660 1621 742 1649 αὐτόν
751 1622 782 1648 ’⁷.
792 1621 882 1657 Ὴγὰρ
889 1620 989 1657 ἀγάπη

198 1666 258 1700 ἔξω
269 1666 382 1699 ,βάλλει
393 1667 448 1694 τὸν
460 1667 564 1701 φόϐον.

235 1712 286 1748 λγ’.
312 1714 341 1741 '0
365 1714 446 1746 αὐτὸς
471 1710 547 1740 εἶπε·
565 1713 623 1748 Πρὸ
649 1713 794 1749 ὀφθαλμῶν
809 1714 853 1749 ἔχε
875 1713 991 1740 πάντοτε

199 1757 247 1786 ’ὼν
270 1759 352 1794 φόϐον
377 1758 424 1786 τοῦ
449 1758 530 1786 Θεοῦ.
547 1759 708 1794 Μνημόνευε
721 1759 767 1786 τοῦ
791 1759 992 1792 θανατοῦντος

201 1804 252 1832 καὶ
266 1804 494 1840 ζωογονοῦντος.
511 1805 654 1840 Μισήσατε
665 1805 711 1832 τὸν
728 1805 829 1840 κόσμον
843 1806 890 1832 καὶ
903 1806 992 1833 πάντα

201 1850 235 1878 τὰ
251 1851 281 1877 ὲν
294 1851 377 1886 αὐτῷ.
399 1852 540 1887 Μισήσατε
563 1852 654 1878 πᾶσαν
675 1851 809 1887 σαρκικὴν
826 1851 990 1879 ἀνάπαυσιν.

207 1897 391 1930 ’Δποτάξασθε
412 1899 446 1934 τῇ
472 1898 528 1934 ζωῇ
552 1898 649 1935 ταύτῃ,
671 1898 715 1925 ἶνα
741 1898 842 1933 ζήσητε
864 1897 904 1933 τῷ
921 1896 991 1933 Θεῷ.

201 1944 394 1980 Μνημονεύετε
415 1944 441 1971 τί
462 1944 661 1979 ἐπηγγείλασθε
682 1943 721 1979 τῷ
746 1944 819 1980 Θεῷ·
846 1943 923 1980 ζητεῖ
938 1944 993 1980 γὰρ

202 1990 268 2017 αὐτὸ
281 1991 346 2026 παρ’
364 1990 441 2026 ὑμῶν
453 1991 481 2017 ὲν
492 1990 585 2026 ἡμέρᾳ
599 1991 728 2026 κρίσεως.
744 1989 904 2023 Πεινάσατε,
916 1989 994 2024 διψή-

203 2036 501 2072 σατε,γυμνητεύσατε,
516 2037 721 2072 ἀγρυπνήσατε,
735 2036 898 2073 πενθήσατε,
914 2036 995 2064 κλαύ-

204 2090 278 2115 σατε,
306 2082 452 2115 στενάεατε
477 2084 510 2119 τῇ
537 2083 636 2119 καρδίᾳ
662 2083 756 2118 ὑμῶν·
779 2083 944 2119 δοκιμάσαιτε
968 2084 993 2110 ei

203 2126 273 2159 ἄξιοί
287 2128 350 2154 ἐστε
364 2127 410 2154 τοῦ
424 2127 507 2154 Θεοῦ·
524 2128 747 2164 καταφρονήσατε
760 2128 808 2164 τῆς
825 2127 937 2164 σαρκὸς,
950 2128 994 2155 ἵνα

205 2173 310 2209 σώσητε
322 2173 400 2209 ὑμῶν
413 2173 462 2206 τὰς
475 2174 574 2209 ψυχάς.

1031 246 1074 269 est
1099 242 1183 269 abbas
1203 242 1358 269 Antonius?
1383 242 1610 278 Besponsumque
1623 242 1697 277 tulit,
1712 250 1746 272 eo
1768 243 1822 272 loci

1032 296 1087 324 quo
1101 288 1173 316 Deus
1187 292 1240 319 est.
1256 289 1292 316 ibi
1306 296 1368 316 eum
1384 295 1455 316 esse.

1067 334 1112 362 29.
1134 334 1190 370 (42)
1210 334 1305 361 Frater
1329 335 1357 361 in
1383 334 1510 362 ctenobio
1532 334 1698 362 calumniam
1723 342 1824 370 passus

1032 384 1074 409 est
1089 381 1292 413 fornicationis,
1312 388 1484 416 surgensque
1496 381 1616 409 accessit
1638 381 1672 408 ad
1698 380 1823 408 abbatem

1033 427 1181 454 Antonium
1201 437 1208 455 :
1226 431 1360 455 venerunt
1374 427 1477 462 pariter
1494 427 1592 456 fratres
1608 435 1623 455 e
1640 428 1778 460 coenobio,
1794 431 1825 455 ut

1033 479 1163 502 curarem
1180 482 1242 502 eum
1259 482 1290 501 ac
1303 474 1465 502 reducerent
1481 483 1489 501 :
1508 479 1705 509 coeperuntque
1725 481 1824 509 argue-

1034 528 1074 551 re,
1097 527 1147 547 cur
1170 521 1208 547 ita
1231 519 1350 548 iecisset.
1371 519 1419 548 llle
1446 527 1513 548 vero
1535 521 1697 553 excusabat,
1722 527 1826 555 negans

1034 566 1185 602 quidquam
1220 567 1377 601 hujusmodi
1393 575 1407 594 a
1424 574 1454 594 se
1468 566 1581 594 factum.
1597 566 1778 594 Commodum
1794 566 1827 593 il-

1034 612 1070 639 lic
1086 612 1175 639 adfuit
1199 613 1285 640 abbas
1310 612 1490 648 Paphnutius,
1504 612 1595 640 dictus
1616 612 1762 647 Cephalas,
1777 612 1826 647 qui

1035 658 1107 685 banc
1120 658 1278 693 parabolam
1296 658 1411 693 protulit
1424 668 1430 686 :
1446 657 1509 685 Vidi
1524 658 1552 685 in
1565 658 1625 692 ripa
1640 657 1761 685 fluminis
1774 657 1826 685 ho-

1034 704 1136 731 ntiuem
1161 712 1247 739 usque
1264 705 1298 731 ad
1314 712 1402 741 genua
1423 705 1451 732 in
1470 705 1528 731 luto
1544 703 1700 738 dejectum',
1714 703 1825 731 venien-

1035 754 1078 778 tes
1101 753 1193 777 autem
1217 751 1343 778 nonnulli
1363 755 1392 778 ut
1407 751 1431 778 ei
1450 758 1561 778 manum
1583 749 1767 785 porrigerent,
1790 749 1826 777 ad

1035 796 1136 823 collum
1151 804 1236 831 usque
1251 797 1376 824 eumdem
1392 797 1595 824 demerseruut.
1613 795 1685 822 Dixit
1697 795 1765 830 ipsis
1779 795 1826 822 ab-

1036 843 1086 870 bas
1113 843 1249 870 Antonius
1277 843 1312 870 de
1336 842 1492 878 Paphnutio
1517 842 1633 869 abbate:
1649 841 1720 869 Ecce
1745 841 1827 868 homo

1038 896 1128 920 verus,
1142 889 1188 923 qui
1207 888 1295 924 possit
1315 896 1414 916 curare
1435 889 1541 916 animas
1566 893 1592 915 et
1616 894 1737 915 servare.
1754 886 1827 920 Quo-

1037 933 1109 961 circa
1125 941 1251 961 sermone
1266 941 1362 961 senum
1379 933 1548 968 compuncti,
1563 932 1685 960 demisso
1698 939 1767 966 genu
1782 939 1826 958 ve-

1038 979 1110 1006 niam
1128 987 1142 1006 a
1159 979 1245 1007 fratre
1262 979 1452 1014 postularunt;
1467 984 1548 1013 atque
1560 986 1575 1004 a
1593 977 1721 1005 Patribus
1734 977 1828 1005 admo-

1038 1025 1100 1056 niti.
1117 1025 1228 1052 fratrem
1243 1025 1414 1052 admiserunt
1427 1025 1456 1051 in
1474 1024 1641 1051 coenobium.

1073 1072 1118 1099 50.
1138 1071 1253 1104 Quidam
1270 1074 1449 1099 asseruerunt
1463 1070 1497 1098 de
1512 1075 1608 1098 sancto
1617 1070 1747 1103 Antonio,
1760 1069 1829 1098 fuis-

1037 1125 1068 1146 se
1085 1118 1160 1144 illum
1176 1116 1372 1152 Spiritiferum,
1390 1124 1439 1144 seu
1465 1124 1480 1144 a
1506 1121 1602 1144 sancto
1625 1114 1728 1150 Spiritu
1753 1115 1829 1143 ama-

1039 1170 1108 1196 tum,
1128 1164 1176 1192 sed
1192 1168 1306 1199 propter
1322 1164 1449 1191 homines
1477 1163 1601 1191 noluisse
1617 1163 1703 1198 loqui.
1719 1162 1828 1190 Etenim

1038 1218 1098 1246 quae
1116 1211 1144 1238 in
1159 1210 1261 1238 mundo
1279 1209 1485 1245 contingebant,
1497 1217 1613 1245 quaeque
1626 1214 1740 1237 ventura
1750 1214 1831 1236 eram

1037 1256 1179 1284 indicavit.

1074 1303 1119 1329 51.
1139 1301 1262 1335 Quodam
1289 1301 1334 1329 die
1361 1301 1467 1336 accepit
1488 1301 1600 1328 litteras
1623 1308 1638 1328 a
1667 1300 1831 1329 Constantio

1039 1348 1204 1383 imperatore
1227 1348 1316 1375 abbas
1337 1348 1484 1380 Antonius,
1511 1351 1540 1374 ut
1560 1347 1830 1382 Constantinopolim

1039 1394 1163 1427 veniret;
1179 1397 1205 1420 et
1219 1393 1414 1420 considerabat
1434 1392 1499 1428 quid
1523 1392 1575 1420 sibi
1594 1393 1727 1428 agendum
1745 1397 1829 1420 esset.

1039 1440 1084 1468 Ait
1107 1441 1191 1475 igitur
1216 1439 1307 1467 abbati
1332 1438 1419 1466 Paulo
1451 1446 1503 1466 suo
1528 1438 1686 1473 discipulo:
1704 1438 1832 1467 Deheono

1040 1486 1198 1522 proficisci?
1218 1486 1372 1521 Respondit
1384 1486 1431 1513 ille
1447 1495 1454 1513 :
1470 1485 1498 1513 Si
1517 1485 1629 1515 abieris.
1641 1484 1778 1513 Antoninus
1790 1485 1833 1513 di-

1039 1532 1127 1564 ceris;
1144 1532 1168 1559 si
1184 1539 1246 1560 vero
1267 1532 1414 1566 manseris,
1427 1531 1571 1560 vocaberis
1582 1532 1669 1560 abbas
1682 1532 1830 1560 Antonius.

1075 1578 1120 1606 52.
1142 1578 1198 1614 (45)
1220 1578 1293 1606 Dixit
1322 1579 1407 1606 abbas
1432 1579 1569 1606 Antonius
1590 1588 1597 1606 :
1615 1578 1671 1613 Ego
1694 1586 1748 1605 non
1775 1586 1832 1606 am-

1040 1625 1113 1660 plius
1126 1624 1211 1652 Deum
1229 1626 1322 1658 timeo,
1339 1625 1387 1652 sed
1409 1625 1494 1660 diligo
1507 1625 1596 1652 illum.
1615 1623 1742 1652 Charitas
1757 1625 1831 1652 enim

1041 1671 1114 1707 foras
1131 1672 1212 1699 mittit
1228 1671 1389 1699 timerent“.

1077 1719 1122 1746 '55.
1145 1717 1216 1746 Idem
1232 1717 1301 1745 dixit
1319 1727 1326 1745 :
1347 1717 1462 1753 Semper
1477 1717 1547 1745 habe
1569 1725 1624 1752 pra:
1645 1717 1734 1745 oculis
1753 1718 1832 1745 timo-

1040 1773 1099 1794 rem
1114 1765 1172 1793 Dei.
1190 1765 1293 1793 Memor
1308 1769 1368 1793 esto
1388 1765 1462 1794 illius
1484 1765 1530 1801 qui
1547 1766 1692 1800 morti/icui
1707 1771 1732 1793 et
1746 1766 1832 1801 uiuiﬁ-

1034 1805 1085 1840 ’σαι
1093 1812 1126 1839 ’⁸.
1142 1811 1210 1839 odio
1225 1812 1324 1840 habete
1341 1811 1484 1845 mundum,
1501 1812 1652 1848 omniaque
1670 1820 1731 1848 quae
1743 1813 1771 1839 in
1786 1813 1833 1840 illo

1042 1864 1116 1887 sunt.
1129 1857 1209 1885 Odite
1221 1865 1329 1885 onmem
1342 1859 1433 1886 carnis
1443 1859 1574 1894 quietem.
1588 1858 1755 1886 Renuntiate
1770 1859 1834 1886 huic

1043 1904 1115 1936 vitae.
1133 1907 1163 1932 ut
1183 1903 1238 1931 Deo
1253 1903 1361 1932 vivatis.
1378 1904 1540 1932 Mementote
1564 1904 1629 1940 quid
1644 1905 1829 1940 promiseritis

1043 1949 1115 1984 Deo;
1132 1950 1198 1978 illud
1213 1950 1284 1978 enim
1301 1957 1316 1977 a
1329 1949 1407 1977 vobis
1419 1950 1540 1985 requiret
1551 1950 1577 1977 in
1588 1950 1632 1978 die
1643 1951 1750 1986 judicii.
1762 1951 1829 1978 Esu-

1044 1998 1107 2028 rite.
1123 1997 1208 2028 sitite.
1235 1996 1302 2024 nudi
1323 2001 1421 2028 estote,
1438 1996 1559 2032 vigilate,
1586 1996 1687 2031 lugete,
1715 1997 1832 2031 plorate.

1043 2042 1213 2077 ingemiscite
1237 2041 1267 2069 in
1289 2041 1372 2069 corde
1384 2044 1492 2073 vestro;
1508 2041 1622 2076 probate
1635 2049 1694 2074 vos,
1709 2050 1744 2069 au
1760 2042 1823 2070 sitis

1043 2088 1099 2116 Deo
1114 2087 1207 2124 digni;
1227 2095 1337 2116 carnem
1352 2087 1528 2119 contemnite,
1545 2091 1575 2114 ut
1594 2087 1700 2115 animas
1721 2093 1829 2116 vestras

1044 2133 1171 2162 servetis.

239 2199 292 2246 is?
302 2199 460 2255 5.5.6.5
477 2199 578 2246 ὲιᾼὲζὸ
594 2219 682 2251 esse;
704 2219 844 2252 Ἀντώνιος
865 2220 905 2256 τῷ
922 2221 990 2256 esse

1081 2221 1126 2248 54.
1148 2220 1230 2248 Venit
1246 2220 1394 2256 aliquando
1408 2220 1493 2248 abbas
1508 2219 1646 2248 Antonius
1661 2219 1693 2247 ad
1710 2199 1835 2247 abbatem

210 2264 310 2300 Ἀμοῦν
323 2266 363 2296 εἰς
377 2265 408 2291 τὸ
424 2265 486 2301 ὅρος
496 2265 547 2300 τῆς
560 2265 686 2301 Νιτριας,
701 2265 748 2292 καὶ
766 2266 836 2301 μετὰ
854 2265 883 2293 τδ
898 2275 994 2293 συντυ-

204 2313 261 2346 χεῖν
273 2311 409 2347 ἀλλήλοις,
423 2310 497 2346 λέγει
517 2311 592 2347 αὐτῷ
613 2313 627 2338 ὁ
643 2311 730 2343 ἀδὸἄς
753 2311 865 2347 Ἀμοῦψ
887 2312 996 2348 Ἐπειδὴ

204 2357 248 2384 διὰ
272 2357 327 2384 τῶν
355 2357 442 2393 εὐχῶν
465 2366 512 2384 σου
537 2357 746 2393 ὲπληθύνθησαν
763 2359 787 2384 οἱ
809 2358 930 2393 ἀδελφοὶ,
949 2360 997 2386 καὶ

205 2403 311 2430 θέλουσι
326 2411 397 2435 τινες
417 2403 507 2430 αὐτῶν
522 2403 698 2440 οἰκοδομῆσαι
712 2404 805 2431 κελλία
819 2405 929 2442 μακρὰν
953 2405 997 2432 ἴνα

205 2449 374 2485 ήσυχάσωσι,
390 2450 473 2476 πόσον
485 2449 608 2482 κελεύεις
625 2450 668 2477 ἵνα
691 2450 782 2488 ἀπέχῃ
803 2451 940 2487 διάστημα
961 2451 996 2479 τὰ

205 2495 351 2530 κτιζόμενα
368 2495 462 2522 κελλια
482 2495 537 2522 τῶν
556 2495 690 2530 ὲνταῦθα;
703 2497 733 2523 ’0
750 2496 778 2523 δὲ
793 2495 869 2524 εἷπε*
890 2497 996 2525 Γευσώ-

206 2539 277 2575 μεθα
294 2539 368 2575 ὥραν
382 2540 491 2576 ἐνάτην,
504 2541 550 2567 καὶ
564 2540 726 2577 ἐξέλθωμεν,
740 2541 787 2569 καὶ
798 2542 996 2578 διακινήσωμεν

205 2585 255 2622 τὴν
264 2586 286 2602 ⁸⁸
302 2585 414 2622 ἔρημον,
426 2587 474 2614 καὶ
487 2586 643 2622 σκοποῦμεν
657 2587 703 2614 τὸν
717 2587 808 2614 τόπον.
819 2588 862 2620 Ὧς
874 2588 903 2616 δὲ
915 2588 996 2615 ὥδευ-

242 2667 264 2682 ¹⁶
276 2666 319 2698 Δὶ.
338 2666 455 2703 γράμμα
470 2666 618 2702 βασιλικόν.
657 2667 679 2684 ¹⁷
697 2667 781 2695 Abest
794 2668 830 2696 ab
843 2668 878 2696 al.
919 2669 940 2685 ιλ
959 2669 1003 2697 Al.

243 2747 298 2781 (Η)
318 2747 393 2782 Ἐγὼ
405 2746 506 2774 οὐκέτι
520 2746 670 2782 φοϐοῦμαι
688 2746 742 2774 τὸν
770 2746 854 2774 Θεόν.
874 2745 994 2775 Joannes

208 2781 295 2809 Scala:
309 2782 394 2816 gradu
400 2782 446 2813 29.
458 2781 590 2809 ἀπάθειαν
603 2781 702 2814 ἔδειξεν
710 2782 724 2808 ὁ
735 2781 820 2809 εἰπὼν
831 2782 993 2816 Αἰγύπτιος,

209 2817 246 2852 μὴ
266 2816 462 2851 φοϐεῖσθαιτὸν
478 2818 590 2852 Κύριον.
604 2817 643 2844 Ad
660 2824 739 2852 quem
755 2817 844 2852 locum
874 2816 995 2845 Gallicus

208 2851 359 2880 elucidator
384 2852 476 2880 laudat
486 2851 572 2879 Eliam
584 2852 753 2884 Cretensem,
771 2852 804 2880 de
831 2851 860 2879 S.
877 2853 996 2880 Antonio

209 2893 391 2917 enarrantem.
403 2887 502 2916 Eadem
523 2887 632 2917 Antonii
650 2888 730 2915 verba
746 2888 831 2916 habes
855 2888 925 2923 apud
944 2888 996 2915 Do-

1045 2267 1135 2295 Amun
1147 2268 1174 2295 in
1191 2271 1311 2295 montem
1326 2266 1432 2299 Nitriae,
1448 2271 1475 2294 et
1486 2267 1532 2294 ubi
1549 2266 1690 2301 congressi
1706 2270 1780 2298 sunt,
1792 2266 1835 2294 di—

1045 2314 1084 2341 cit
1100 2314 1185 2341 abbas
1201 2313 1292 2340 Amun
1308 2322 1316 2340 :
1333 2312 1560 2348 Quandoquidem
1583 2320 1631 2347 per
1656 2319 1752 2347 preces
1774 2318 1837 2340 tuas

1045 2359 1145 2387 fratres
1163 2358 1336 2394 multiplicati
1362 2362 1438 2391 sunt,
1454 2359 1624 2393 cupiuntque
1643 2365 1738 2385 eorum
1764 2365 1835 2385 non-

1048 2405 1115 2432 nulli
1129 2405 1212 2432 cellas
1224 2404 1337 2432 dissitas
1346 2404 1493 2437 aedificare,
1510 2409 1538 2431 ut
1550 2403 1642 2438 quiete
1656 2403 1721 2430 inibi
1733 2403 1837 2443 vivant,

1048 2456 1153 2487 quanto
1167 2451 1255 2486 spatio
1265 2451 1346 2486 jubes
1358 2454 1388 2478 ut
1398 2449 1591 2477 construenda:
1604 2449 1679 2476 cella:
1690 2449 1792 2476 distent
1802 2449 1837 2477 ab

1048 2497 1101 2526 hoc
1126 2497 1186 2524 loco
1201 2497 1296 2524 ?Dixit
1322 2497 1368 2524 ille
1383 2505 1389 2524 :
1409 2495 1607 2523 Manducemus
1622 2495 1689 2522 hora
1711 2503 1795 2528 nona,
1809 2499 1838 2523 et

1049 2544 1231 2580 egrediantur,
1247 2551 1279 2570 ac
1292 2542 1469 2570 solitudinem
1482 2541 1716 2577 perambulemus.
1726 2541 1837 2576 conspi-

1049 2591 1208 2626 ciamusque
1232 2590 1331 2617 locum.
1350 2587 1385 2616 Ut
1398 2593 1488 2616 autem
1502 2595 1624 2616 eremum
1641 2591 1837 2623 peragrarunt,

1019 2671 1059 2702 εἰς
1068 2671 1129 2706 τήν.
1167 2670 1189 2685 "
1203 2668 1282 2696 Joan.
1299 2676 1336 2701 ιν,
1355 2667 1399 2695 18.
1438 2667 1462 2684 ὀ
1481 2666 1491 2693 l
1510 2665 1577 2703 Reg.
1594 2674 1631 2699 ιι,
1649 2666 1677 2694 6.

1047 2747 1171 2775 rotheum
1192 2747 1320 2774 Doctrina
1336 2746 1365 2774 4.
1383 2745 1417 2773 Et
1445 2744 1643 2781 Apophlltegma
1658 2745 1794 2781 integrum
1811 2745 1839 2772 in

1049 2783 1186 2818 Operibus
1199 2782 1331 2817 Ep‘traemi
1353 2780 1458 2818 p.§876,
1473 2789 1501 2809 n.
1516 2780 1544 2808 5.

1084 2818 1139 2851 (4'2)
1168 2817 1218 2844 Vit.
1233 2817 1309 2845 Patr.
1327 2825 1368 2848 ιιι,
1383 2817 1445 2844 158.

1086 2853 1142 2890 (45)
1165 2852 1212 2881 i’it-
1244 2853 1320 2880 Patr.
1337 2860 1404 2885 xvu,
1420 2853 1445 2879 Ι.
