1971 3068
165 127 201 158 87
749 128 924 157 APPENDIX
942 129 989 156 AD
1007 128 1219 158 PALLADIUM.
1763 132 1800 162 88

167 195 221 224 quo
237 194 324 222 usque
342 186 384 214 sol
402 185 436 214 ad
449 193 578 214 occasum
596 186 726 220 venisset,
740 187 776 215 ita
794 187 902 215 locutus
914 191 957 215 est

1021 194 1058 214 ταν
1074 187 1124 223 τὴν
1142 187 1244 222 ἔρημον
1262 187 1315 219 ἕως
1327 183 1358 214 οὗ
1371 187 1457 215 ιλθεῖν
1472 186 1550 215 δῦναι
1564 187 1611 215 τὸν
1623 188 1710 222 ἥλιον,
1726 187 1801 223 λέγει

167 233 251 262 abbas
263 232 415 260 Antonius:
428 231 556 264 Oremus,
573 236 655 267 atque
666 232 710 260 hic
726 237 881 260 statuamus
894 240 957 259 cru-

168 287 237 311 cem,
253 283 283 306 ut
302 279 401 306 ibidem
417 279 552 306 aedificent
567 279 614 314 qui
628 278 763 306 tedilicare.
777 280 887 311 volunt;
903 286 957 313 quo

169 326 186 352 ii
205 325 252 361 qui
267 325 324 352 illic
339 325 499 358 manebunt,
514 325 624 360 quando
641 325 675 353 ad
688 332 735 353 eos
750 326 794 360 qui
808 325 853 352 hic
868 332 958 352 versa-

168 371 221 398 turi
237 374 303 399 sunt
315 370 446 399 accedere
464 370 612 403 voluerint,
626 373 735 406 gustata
752 370 784 396 ad
798 369 894 396 horam
910 375 957 396 no-

169 424 230 444 nam
252 423 337 452 parva
362 424 412 445 sua
427 416 539 448 buccea,
556 416 597 443 sic
611 415 760 447 accedam;
781 420 807 442 et
824 413 870 449 qui
894 413 957 440 hinc

168 462 238 490 idem
266 461 401 490 facientes
427 462 610 497 porrexerint,
629 460 656 487 in
683 464 778 487 mutua
802 459 958 486 visitatione

168 509 272 545 absque
285 509 385 537 mentis
404 509 583 536 distractione
599 510 783 543 perseverent.
803 505 851 533 Est
866 509 957 533 autem

168 555 351 588 intervallum,
368 555 487 590 lapidum
503 554 660 582 duodecim.

204 599 249 627 55.
269 600 360 627 Abbas
386 599 522 626 Antonius
547 599 617 625 dixit
637 607 643 625 ε
667 597 721 632 Qui
745 605 864 625 massam
893 596 958 625 ferri

169 647 299 681 percutit,
315 646 393 681 prius
417 650 508 673 mente
532 648 641 680 reputat
664 645 797 680 quidnam
815 643 958 672 confectu-

169 700 218 720 rus
233 692 278 724 sit,
296 691 403 724 falcem,
417 692 548 727 gladium.
564 691 694 719 securim.
720 690 758 719 Ita
773 699 823 719 nos
837 698 956 726 quoque.

170 738 321 773 recogitare
347 738 489 770 debemus,
509 737 663 772 cujusmodi
682 738 810 766 virtutem
833 737 957 774 aggredi-

170 793 249 818 mur;
266 792 301 812 ne
314 784 469 812 laboremus
485 785 512 811 in
527 792 638 811 vanum.
735 815 740 820 ,

205 830 251 860 56.
273 830 349 858 Hanc
367 838 476 866 quoque
491 831 657 859 sententiam
674 830 787 866 protulit
801 840 808 858 :
824 829 960 859 Obedien-

170 878 208 905 tia
224 885 286 904 cum
300 877 476 910 abstinentia,
491 877 563 905 feras
581 877 739 905 hominibus
755 877 876 912 subjicit.

208 923 252 950 57.
272 922 392 951 Rursum
409 924 447 950 ait
464 933 471 951 :
488 923 556 951 Novi
571 924 721 952 monachos
747 924 794 959 qui
808 929 869 959 post
882 923 960 952 labov

174 976 215 997 res
238 968 381 1005 plurimos,
398 969 466 1004 lapsi
492 974 568 1001 sunt,
585 973 613 997 et
637 969 665 997 in
691 969 792 997 mentis
816 976 959 996 excessum

174 1016 344 1049 nnciderunt;
360 1016 432 1050 quod
457 1016 484 1043 in
506 1016 638 1051 operibus
661 1016 721 1044 suis
734 1020 902 1050 sperassent,
919 1019 960 1042 at-

174 1069 225 1097 que
239 1062 345 1097 decepti
359 1070 414 1090 non
428 1062 624 1098 cogitavissent
647 1062 806 1089 mandatum
823 1062 896 1088 illius
913 1061 961 1096 qui

175 1109 258 1137 dicit:
273 1108 411 1144 Interroga
425 1114 528 1143 patrem
545 1113 629 1141 tuum,
644 1113 669 1136 et
681 1108 852 1136 annuntiabit
871 1107 958 1136 tibi".

208 1155 253 1184 38.
270 1156 325 1192 (44)
338 1155 411 1183 Dixit
424 1156 531 1184 adhuc:
545 1155 572 1183 Si
585 1155 642 1183 ﬁeri
654 1160 753 1190 potest,
767 1159 834 1190 quot
849 1162 961 1190 gressus

175 1201 324 1229 monachus
346 1202 458 1234 incedit,
483 1202 526 1229 vel
548 1205 615 1237 quot
634 1209 711 1236 aqua;
734 1206 826 1236 guttas
849 1201 917 1229 bibit
933 1201 961 1229 in

175 1247 241 1274 cella
256 1255 318 1282 sua,
331 1246 410 1275 debet
425 1247 592 1275 conﬁdenter
605 1248 717 1276 senibus
731 1247 881 1282 declarare,
894 1255 960 1276 num

175 1292 203 1321 in
218 1293 270 1321 illis
283 1292 412 1322 offendat.

427 1349 465 1377 De
482 1350 575 1377 abbate
589 1349 712 1378 Anemo.

210 1396 236 1424 1.
260 1395 316 1431 (45)
341 1395 432 1423 Abbas
446 1396 590 1428 Arsenius,
617 1403 680 1422 cum
697 1395 787 1423 adhuc
812 1395 839 1423 in
860 1396 961 1431 palatio

175 1446 339 1474 -ersaretur,
360 1442 447 1470 oravit
458 1442 492 1469 ad
509 1441 604 1474 Deum,
621 1442 736 1470 dicens:
762 1441 885 1475 Domine,
908 1443 961 1470 duc

176 1497 220 1517 me
236 1496 285 1524 per
297 1489 370 1516 viam
384 1496 438 1524 qua
458 1488 573 1516 salutent
586 1496 751 1524 consequar.
774 1488 806 1516 Et
820 1489 961 1517 descendit

1009 232 1085 268 αὑτῷ
1098 234 1112 260 ὁ
1126 232 1213 264 ἀσϐᾶς
1230 232 1385 265 ’Δντώνιοςσ
1406 234 1568 269 Ποιήσωμεν
1583 233 1666 270 εὐχὴν
1677 234 1724 260 καὶ
1739 236 1802 269 στή-

1009 288 1101 315 σωμεν
1119 276 1170 306 ὧδε
1189 279 1306 315 σταυρὸν
1320 280 1389 315 (50),
1404 280 1448 307 ἵνα
1461 278 1512 307 ὦδε
1529 280 1659 307 κτίσωσιν
1671 280 1697 306 οἱ
1710 280 1802 307 θέλον·

1007 334 1053 358 τες
1069 326 1170 358 κτίσαι,
1188 326 1231 353 ἵνα
1245 326 1292 353 καὶ
1305 327 1329 353 οί
1346 326 1535 358 ὲκείθεν,ὄταν
1547 326 1724 363 παραϐάλωσι
1739 326 1810 354 τούς,

1007 381 1075 404 τοις,
1097 372 1262 407 γευσάμενοι
1278 372 1309 398 τὺ
1326 372 1423 408 μικρὸν
1435 372 1528 408 βουκὶν
1546 372 1602 408 (51)
1620 372 1707 400 αὐτῶν
1725 372 1802 408 ὥραν

1008 417 1118 454 ἐνάτην,
1130 417 1217 450 οὕτως
1239 417 1429 453 παραϐάλωσι,
1443 417 1490 445 καὶ
1510 418 1534 444 ol
1553 417 1628 444 ἐνθεν
1642 418 1800 454 ἀπερχόμε-

1008 471 1059 494 νοι.
1080 463 1111 489 τὸ
1126 463 1191 490 αὐτὸ
1203 463 1354 496 ποιοῦντες,
1372 463 1572 499 ἀπερίσπαστοι
1586 464 1705 499 μένωσιν
1718 465 1747 491 ὲν
1761 463 1801 500 τῷ

1009 509 1194 545 παραϐάλλειν
1215 509 1433 546 ἀλλήλοις.”Εστι
1450 509 1478 536 δὲ
1493 510 1523 537 τδ
1538 510 1677 546 διάστημα
1700 513 1801 546 σημεῖα

1008 554 1130 582 δεκαδύο.

1045 600 1092 628 λε’.
1113 599 1197 628 Εἶπεν
1218 602 1232 628 ὁ
1246 601 1334 633 ἅσὸᾶς
1350 600 1491 633 Ἀντώνιος
1501 610 1508 617 ·
1531 601 1561 628 ’0
1574 601 1685 628 τύπτων
1701 601 1732 628 τὸ
1749 610 1801 637 μα-

1008 646 1051 679 {tv
1074 646 1121 674 τοῦ
1142 647 1262 683 σιδήρου,
1283 645 1390 682 πρῶτον
1413 647 1511 672 σκοπεί
1529 646 1575 673 τὸν
1600 645 1730 682 λογισμὸν
1739 646 1761 661 ¹¹
1775 644 1802 672 τί

1011 692 1102 729 μέλλει
1124 694 1222 725 ποιεῖν,
1237 692 1381 728 δρέπανον,
1400 693 1549 728 μάχαιραν,
1566 691 1682 718 πέλυκσ..
1707 690 1801 723 Οὕτως

1011 741 1059 768 καὶ
1071 741 1152 776 ἡμεῖς
1165 739 1310 775 ὀφείλομεν
1323 739 1478 773 λογίζεσθαι
1494 739 1574 766 ποίαν
1591 738 1692 774 ἀρετὴν
1705 745 1803 773 μετερ-

1009 785 1124 822 χόμεθα,
1140 785 1185 812 ἶνα
1199 785 1237 820 μὴ
1252 786 1293 817 είς
1307 784 1386 812 κενὸν
1401 785 1588 818 κοπιάσωμεν.

1046 832 1100 866 λς’.
1122 830 1190 860 Εῐπε
1210 832 1302 865 πάλιν,
1317 832 1360 859 ὅτι
1375 832 1392 868 ή
1405 830 1530 866 ὑποταγὴ
1547 829 1617 866 μετὰ
1637 829 1802 866 ἐγκρατείας

1013 879 1160 907 ὕπατάσσει
1177 877 1269 914 θηρία.

1046 925 1094 957 λζ’.
1115 922 1183 952 Εῖπε
1199 924 1295 951 πάλιν·
1311 921 1377 951 Οἶδα
1396 924 1529 959 μοναχοὺς
1546 923 1615 959 μετὰ
1628 922 1742 954 πολλοὺς
1758 922 1804 950 κό-

1011 978 1078 1001 πους
1099 969 1241 1001 πεσόντας,
1257 969 1305 996 καὶ
1327 970 1367 1001 είς
1389 969 1516 996 ἔκστασιν
1535 968 1641 1004 φρενῶν
1664 968 1800 1000 ἐλθόντας,

1010 1016 1054 1043 διὰ
1066 1016 1096 1042 τὺ
1109 1015 1253 1051 ἠλπικέναι
1266 1016 1312 1042 ἐπὶ
1330 1015 1361 1042 τὸ
1381 1015 1461 1052 ἔργον
1475 1015 1575 1047 αὐτῶν,
1589 1015 1635 1042 καὶ
1651 1014 1801 1050 παραλογι-

1012 1063 1145 1097 σαμένους
1162 1061 1211 1098 τὴν
1231 1061 1340 1097 ἐντολὴν
1356 1061 1402 1088 τοῦ
1427 1062 1566 1094 εἰπόντος·
1595 1061 1803 1096 Ἐπερώττισον·

1011 1108 1065 1136 τὸν
1080 1108 1193 1142 πατέρα
1208 1116 1278 1141 σου,
1293 1107 1341 1135 καὶ
1355 1107 1517 1142 ἀναγγελεῖ
1530 1115 1590 1134 σοι.

1046 1154 1097 1190 λη’.
1120 1152 1188 1181 Εῑπε
1206 1154 1286 1181 πάλιν
1297 1162 1304 1169 ⁸
1327 1154 1359 1181 Et
1373 1153 1497 1184 δυνατὸν,
1520 1153 1571 1179 ὅσα
1584 1152 1696 1188 βήματα
1711 1151 1804 1187 βάλλει

1011 1202 1025 1228 ό
1039 1201 1164 1236 μοναχὸς,
1179 1201 1196 1236 ἦ
1208 1201 1274 1232 ὅσας
1290 1199 1424 1234 σταγόνας
1440 1199 1514 1225 πίνει
1528 1198 1584 1234 (52)
1595 1199 1636 1231 εἰς
1655 1199 1684 1225 τὺ
1699 1198 1804 1225 κελλίον

1011 1247 1106 1279 αὐτοῦ,
1120 1246 1221 1281 ὀφείλει
1231 1246 1341 1282 θαρρεῖν
1347 1247 1404 1277 τοῖς
1413 1245 1551 1281 γέρουσιν,
1561 1245 1586 1271 εί
1601 1244 1656 1280 ἄρα
1673 1244 1703 1271 οὺ
1713 1243 1805 1271 πταίει

1012 1295 1041 1323 ὲν
1051 1294 1151 1326 αὐτοῖς.

1200 1351 1271 1385 Περὶ
1284 1351 1338 1378 τοῦ
1355 1349 1431 1377 άϐσᾶ
1445 1348 1612 1383 Ἀρσενίου.

1047 1399 1081 1426 α’.
1099 1399 1128 1425 '0
1145 1398 1232 1429 ἀὸὄᾱς
1249 1397 1386 1430 Ἀρσένιος
1405 1395 1474 1430 (55),
1498 1395 1539 1421 ἐτι
1555 1394 1594 1421 ὢν
1616 1394 1645 1421 ὲν
1659 1392 1698 1428 τῷ
1716 1392 1804 1420 παλα-

1011 1445 1072 1481 τίῳ,
1084 1444 1181 1476 εὖξατο
1191 1443 1230 1479 τῷ
1244 1443 1305 1478 Θεῷ
1321 1442 1422 1476 λέγων’
1436 1441 1533 1477 Κύριε,
1552 1439 1684 1476 όδήγησόν
1699 1448 1732 1475 με
1745 1438 1805 1471 πῶς

1013 1490 1102 1517 σωθῶ.
1114 1490 1167 1516 Καὶ
1174 1487 1255 1524 ἦλθεν
1263 1488 1337 1523 αὐτῷ
1346 1487 1422 1523 φωνὴ
1429 1486 1546 1521 λέγουσα
1555 1494 1563 1502 ⁸
1579 1485 1710 1521 ’Δρσένιε,
1722 1483 1806 1519 φεῦγε

176 1535 209 1562 ad
220 1542 281 1562 eum
291 1534 347 1562 hac
357 1542 423 1562 vox:
433 1534 541 1567 Arseni,
549 1534 610 1570 fuge
620 1534 755 1566 homines,
763 1540 788 1563 et
797 1536 889 1564 salvus
898 1537 961 1565 eris.

1021 1537 1078 1568 τοὺς
1095 1535 1264 1571 ἀνθρώπους,
1277 1534 1325 1560 καὶ
1340 1532 1423 1569 σώζῃ.

210 1581 238 1608 2.
254 1580 310 1616 (46)
324 1580 395 1608 Idem
411 1588 473 1608 cum
485 1580 518 1608 ad
527 1580 678 1608 solitariam
693 1581 776 1608 vitam
789 1583 961 1616 secessisset.

176 1627 275 1654 iterum
292 1627 379 1654 oravit
394 1626 516 1654 eamdem
534 1634 652 1661 precem.
677 1626 844 1663 Audivitque
866 1636 963 1657 vocem

177 1673 350 1707 hujusmodi:
374 1672 483 1704 Arseni,
501 1672 572 1708 fuge.
592 1677 662 1706 tace,
685 1674 805 1709 quiesce.
831 1674 877 1703 Ha:
891 1676 964 1703 enim

178 1723 242 1747 sunt
259 1719 365 1746 radices
381 1719 576 1754 impeccamiaa.

213 1765 239 1792 5.
261 1764 317 1801 (t7)
339 1764 493 1793 Astiterunt
516 1764 663 1799 aliquando
682 1765 772 1792 abbati
799 1766 912 1794 Arsenio
936 1766 964 1794 in

178 1811 245 1839 cella
261 1811 352 1846 posito
365 1811 513 1841 daemones,
524 1815 552 1838 et
566 1811 693 1838 molestia
708 1811 784 1838 illum
799 1804 963 1840 adiciebant.

178 1858 346 1886 Accedentes
368 1861 459 1884 autem
474 1858 591 1885 ministri
616 1857 686 1893 ejus,
713 1864 740 1885 et
763 1863 841 1886 extra
867 1859 964 1886 cellam

179 1908 294 1937 stantes,
318 1904 464 1932 audierunt
487 1904 564 1932 illum
582 1905 745 1933 clamantem
774 1906 808 1932 ad
826 1905 909 1933 Deum
933 1914 966 1934 ac

178 1950 313 1977 dicentem
330 1948 345 1977 τ’
359 1949 445 1983 Deus,
472 1958 507 1977 ne
527 1949 701 1986 derelinquas
721 1959 782 1983 me;
810 1952 876 1979 nihil
900 1952 965 1980 boni

180 1997 230 2024 feci
248 2004 339 2024 coram
351 2001 397 2030 te;
413 1997 461 2024 scd
474 1997 507 2024 da
522 1998 588 2024 mihi
603 1998 753 2025 secundum
771 1999 965 2033 benignitatem

180 2048 265 2074 tuam,
283 2048 314 2070 ut
328 2051 402 2070 nunc
414 2043 543 2079 incipiam
561 2043 629 2072 bene
646 2052 735 2079 agere.

213 2088 240 2117 4.
264 2088 320 2124 (48)
339 2089 457 2116 Aiebant
478 2089 512 2116 de
527 2090 621 2117 eodem
634 2109 642 2121 ,
663 2089 734 2124 quod
751 2090 823 2118 sicut
841 2091 934 2118 nullus
950 2099 966 2119 e

180 2135 290 2171 palatio.
308 2136 462 2171 pretiosiori
473 2143 506 2163 eo
521 2141 595 2163 veste
612 2136 795 2171 induebatur;
817 2136 854 2164 ita
871 2144 923 2165 nec
937 2137 965 2165 in

181 2180 302 2208 Ecclesia
319 2181 391 2208 ullus
408 2181 550 2216 tegebatur
563 2181 664 2208 viliori.

1051 1583 1084 1618 β’.
1109 1583 1137 1609 Ὁ
1151 1582 1232 1614 αὐτὸς
1245 1581 1425 1616 ἀναχωρήσας
1441 1580 1470 1607 ὲν
1487 1579 1527 1614 τῷ
1543 1578 1656 1614 μονήρει
1674 1577 1734 1613 βίῳ,
1751 1577 1804 1604 πά-

1015 1628 1056 1655 λιν
1068 1627 1175 1660 εὕξατο,
1187 1627 1232 1654 τὸν
1245 1627 1325 1653 αὐτὸν
1336 1627 1414 1661 λόγον
1427 1625 1520 1652 εἰπών.
1533 1625 1588 1652 Καὶ
1603 1625 1702 1659 ἤκουσε
1714 1623 1806 1658 φωνῆς

1013 1674 1146 1709 λεγούσης
1161 1673 1235 1708 αὐτῷ
1247 1682 1254 1690 ·
1279 1672 1411 1709 Ἀρσένιε,
1433 1671 1528 1706 φεῦγε,
1547 1670 1647 1701 σιώπα,
1664 1669 1786 1705 ἡσύχαζε
1797 1662 1819 1684 ·”

1015 1716 1096 1747 αὗται
1112 1720 1167 1755 γάρ
1182 1720 1250 1746 εἰσιν
1267 1720 1295 1746 αι
1308 1718 1380 1754 ῥίζαι
1391 1718 1441 1753 τῆς
1452 1716 1670 1752 ἀναμαρτησίας.

1052 1769 1086 1801 γ’.
1110 1765 1279 1801 Ἐπέστησάν
1293 1772 1360 1791 ποτε
1372 1763 1410 1799 τῷ
1419 1763 1492 1798 ἀϐϐᾷ
1507 1761 1637 1798 Ἀρσενίῳ
1646 1763 1671 1788 οἱ
1682 1761 1807 1796 δαίμονες

1016 1814 1045 1841 ὲν
1055 1812 1094 1848 τῷ
1105 1812 1203 1847 κελλίῳ
1214 1811 1350 1842 θλίὸοντες
1358 1810 1448 1837 αὐτόν.
1457 1808 1666 1845 Παραδαλόντες
1676 1808 1704 1834 δὲ
1715 1808 1739 1833 οἱ
1748 1807 1808 1834 δια-

1016 1859 1157 1890 κονοῦντες
1170 1857 1254 1893 αὐτῷ,
1275 1857 1322 1884 καὶ
1337 1857 1449 1887 στάντες
1466 1855 1520 1888 ἔξω
1530 1855 1581 1890 τῆς
1599 1854 1707 1890 κέλλης,
1724 1853 1807 1889 ἥκου-

1010 1913 1067 1931 ισαν
1086 1903 1167 1931 αὑτοῦ
1189 1903 1305 1938 βοῶντος
1326 1902 1394 1938 πρὸς
1412 1901 1458 1928 τὸν
1475 1901 1541 1928 Θεὸν
1552 1901 1600 1927 καὶ
1614 1900 1756 1934 λέγοντος-
1777 1898 1806 1926 '0

1016 1951 1092 1983 Θεὸς,
1105 1950 1142 1986 μὴ
1154 1948 1342 1985 ὲγκαταλίπῃς
1355 1957 1389 1983 με
1400 1957 1406 1963 ·
1422 1947 1498 1975 οὐδὲν
1511 1947 1626 1981 ἐποίησα
1635 1945 1749 1972 ἐνώπιόν
1759 1953 1806 1971 σου

1016 1996 1116 2031 ἀγαθόν
1128 2004 1135 2011 ’
1159 1995 1228 2022 ἀλλὰ
1239 1995 1283 2027 δός
1298 2003 1343 2030 μοι
1354 1993 1425 2021 κατὰ
1437 1993 1486 2028 τὴν
1505 1992 1678 2029 χρηστότητα
1695 1999 1741 2018 σου
1757 1990 1806 2026 βα-

1016 2043 1073 2070 λεῖν
1088 2043 1185 2078 ἀρχήν.

1052 2089 1083 2116 δ’.
1103 2089 1215 2122 Ἔλεγον
1229 2087 1294 2123 περὶ
1312 2086 1407 2118 αὐτοῦ,
1427 2086 1467 2112 ὅτι
1483 2084 1577 2119 ὥσπερ
1591 2082 1678 2114 οὐδεὶς
1692 2082 1740 2109 τοῦ
1755 2090 1807 2109 πα-

1017 2135 1109 2163 λατίου
1128 2134 1221 2169 ἐφόρει
1239 2133 1361 2169 βελτίονα
1377 2131 1459 2158 αὑτοῦ
1478 2130 1581 2166 ἐσθῆτα
1591 2130 1613 2146 ⁸³
1623 2137 1631 2145 ·
1643 2129 1730 2161 οὕτως
1747 2128 1808 2155 οὐδὲ

1017 2183 1057 2214 είς
1070 2182 1119 2217 τὴν
1142 2179 1305 2214 Ἐκκλησίαν
1327 2177 1521 2212 εὐτελεστέραν
1542 2183 1584 2206 τις
1606 2174 1688 2201 αὑτοῦ
1703 2174 1805 2210 ἐφόρει.

214 2227 241 2254 5.
257 2227 313 2263 (49)
336 2227 408 2255 Dixit
436 2228 537 2263 aliquis
566 2228 647 2255 beato
663 2228 801 2256 Arsenio:
822 2228 961 2261 Quomodo

1050 2226 1081 2253 ε’.
1098 2223 1167 2252 Εῖπέ
1175 2233 1217 2256 τις
1231 2224 1269 2258 τῷ
1286 2223 1413 2260 μακαρίῳ
1425 2220 1555 2257 Ἀρσενίῳ
1564 2229 1571 2236 ·
1584 2221 1646 2252 Πῶς
1655 2221 1735 2255 ἡμεῖς
1753 2218 1808 2246 ἀπὸ

181 2280 242 2304 nos,
258 2272 306 2308 qui
324 2272 393 2301 adeo
407 2273 507 2301 eruditi
530 2280 563 2300 ac
578 2273 652 2301 docti
671 2281 778 2306 sumus,
797 2274 865 2301 nihil
880 2274 964 2302 habe-

216 2352 238 2367 “
260 2351 338 2378 Deut.
353 2359 441 2385 xxxii,
455 2352 481 2378 7.
519 2352 541 2368 ²¹
555 2351 598 2379 Al.
613 2351 652 2387 τῷ
668 2351 799 2388 λογισμῷ.

218 2407 273 2442 tu)
300 2407 350 2434 Vit.
367 2408 443 2436 Patr.
456 2417 496 2440 Ill,
511 2409 572 2436 176.

218 2443 273 2476 (45)
299 2443 352 2471 Vit.
367 2442 443 2471 Patr.
463 2452 505 2475 ιιι,
525 2445 592 2477 190;
606 2452 636 2477 tt,
656 2445 682 2472 ὅ.

217 2478 273 2511 (to)
292 2478 359 2505 ibid.

218 2514 273 2548 (47)
299 2514 350 2540 Vit.
368 2513 444 2540 Patr.
460 2522 505 2545 xv,
522 2515 548 2542 5.

228 2549 274 2581 48)
298 2549 350 2575 Vit.
370 2549 444 2576 I’atr.
459 2557 501 2581 XV,
518 2551 544 2576 6.

228 2551 263 2575 48
300 2551 350 2575 Vit.
370 2551 444 2576 I’atr.
459 2557 501 2581 xv,
518 2551 542 2576 6.

218 2551 275 2616 iw;
300 2583 353 2612 Vit.
373 2584 449 2611 Patr.
466 2592 495 2612 κ.
516 2586 542 2612 5.

192 2620 275 2661 ’.(50)
295 2619 457 2660 Στῄσωμεν
466 2619 523 2648 ὧδε
537 2621 677 2654 σταψόν.
692 2619 771 2648 Vides
780 2621 968 2655 antiquitatem

185 2656 437 2689 Stallropcgiorutn.

221 2689 276 2725 (5|)
294 2690 414 2726 Boyulr.
435 2690 486 2718 Pro
504 2691 620 2726 βουκίον,
648 2691 780 2726 βουγκίον,
799 2691 910 2718 buccea.
938 2690 968 2718 In

186 2724 318 2761 Anastasii
333 2724 439 2760 llodego
455 2734 480 2761 p.
499 2724 551 2753 30:
574 2727 603 2753 Ὀ
615 2724 695 2761 ἄρτος
706 2746 713 2757 ,
735 2727 782 2753 καὶ
803 2726 833 2752 τὸ
850 2726 967 2761 ψωμίον,

186 2761 230 2786 καὶ
244 2760 275 2786 τὸ
289 2760 391 2795 βουκίν,
417 2769 463 2788 seu
480 2761 597 2796 βουκίον.
625 2760 776 2789 Dorotheus
796 2761 969 2789 institutione

188 2796 227 2825 ΙΙ,
242 2796 393 2831 Ἔκλεπτεν
414 2796 428 2821 ὁ
447 2797 558 2831 ἀδελφὸς
579 2798 682 2828 ἐκεῖνος
695 2796 818 2831 βουκκία,
839 2797 967 2831 φυινίκια,

185 2830 277 2862 συκέα,
294 2830 448 2867 κρόμμυαη
464 2832 514 2860 Ubi
536 2832 650 2866 βουκκία
667 2830 795 2860 bliccellaa
822 2836 895 2862 sunt.
914 2839 968 2858 non

185 2866 262 2900 (abte,
280 2865 326 2892 aut
336 2866 421 2893 viciae.
441 2865 587 2902 Instituit,
602 2871 700 2903 quaest.
717 2867 743 2902 8,
764 2868 922 2894 ἁπεκτεῖναι
939 2867 969 2892 τὸ

1016 2272 1151 2307 τοσαύτης
1164 2270 1332 2301 παιδεύσεως
1350 2269 1397 2296 καὶ
1413 2268 1510 2303 σοφίας
1523 2267 1597 2294 οὐδὲν
1614 2266 1722 2302 ἔχομεν,
1735 2262 1808 2292 οὗτοι

838 2351 861 2367 ’⁸
875 2351 918 2379 Al.
929 2352 982 2379 ins.
1002 2352 1046 2378 ὅτε
1061 2348 1095 2386 ἦν
1110 2351 1138 2377 ὲν
1149 2349 1189 2385 τῷ
1199 2348 1331 2384 παλατίῳ.

1021 2408 1176 2443 Βουκίννσου
1192 2407 1232 2443 εἰς
1244 2406 1293 2443 ὅλα
1303 2405 1336 2443 τὰ
1349 2404 1448 2443 εψητά.
1462 2403 1552 2443 _Atque
1567 2401 1808 2443 hincﬁoqsféqu:

1019 2453 1064 2470 τον
1077 2445 1102 2470 in
1119 2442 1179 2469 Vita
1190 2436 1320 2469 Dosithei.
1335 2436 1407 2472 Haecl
1423 2439 1487 2474 quia
1505 2436 1557 2466 vox
1572 2438 1649 2465 abest
1665 2445 1680 2464 a
1695 2436 1807 2465 Meursii

1019 2479 1169 2505 Glossario.

1055 2514 1110 2547 152)
1130 2514 1289 2547 Σταγόνας.
1309 2510 1411 2538 Calices
1434 2517 1510 2547 aqua
1532 2508 1558 2547 in
1579 2507 1647 2535 Vitis
1677 2506 1807 2547 Patrum;

1019 2553 1066 2576 aut
1083 2543 1350 2579 laxiori'versione;
1378 2549 1425 2573 aut
1445 2543 1509 2580 quia
1542 2544 1652 2577 lectum,
1679 2543 1805 2577 λαγόνας,

1019 2585 1060 2611 vel
1075 2583 1203 2618 λαγόνας.
1239 2616 1251 2618 _
1281 2616 1286 2618 ν
1357 2616 1363 2618 _
1455 2615 1463 2618 _
1504 2615 1511 2618 _
1552 2614 1559 2618 _
1620 2613 1645 2618 ..
1745 2613 1750 2618 .
1784 2612 1789 2618 .

1056 2613 1122 2653 (55f
1137 2620 1163 2644 '0
1178 2613 1270 2650 ἀϐϐᾶς
1280 2615 1484 2653 ᾎρσένιοςΞᾸη
1496 2614 1603 2653 d_uobus_
1620 2613 1696 2653 hisce
1712 2613 1807 2647 primis

1020 2648 1154 2688 capitibus
1162 2648 1264 2680 videsis
1279 2648 1411 2688 Excerpta
1428 2651 1494 2688 Vita:
1504 2648 1718 2688 ΙίιεσέεῙαηὶοῲ,
1738 2652 1805 2688 ῑίιιπιτ

1020 2684 1185 2716 ΙΙἈιιειαι-ἱί
1213 2684 1403 2715 Combelisiani
1431 2687 1484 2713 col.
1517 2685 1585 2715 989,
1613 2692 1646 2711 ac
1671 2684 1807 2717 Ephmmi

1019 2725 1106 2759 Opera
1118 2732 1146 2759 p.
1159 2724 1221 2754 586,
1236 2731 1269 2759 η.Δ
1278 2723 1304 2755 6,
1320 2722 1537 2759 cumDorotlteo,
1546 2720 1637 2759 Doctr.
1648 2718 1807 2759 4,tl_edreno

1020 2755 1236 2794 et'Glyc'a.Adde
1246 2757 1290 2785 hic
1303 2763 1329 2785 et
1345 2757 1406 2794 aliis
1420 2756 1580 2794 Arsenianis
1595 2755 1807 2794 apophthegma:

1019 2786 1188 2822 tibusiVitam
1197 2793 1363 2829 sanctissimi
1371 2786 1623 2829 auaglmrettetquae
1636 2786 1806 2829 e'xstatapud

1021 2830 1132 2857 Sunium
1150 2829 1184 2856 19
1200 2828 1275 2860 Julii,
1291 2829 1317 2855 in
1331 2835 1398 2856 mss.
1421 2826 1524 2855 Graecis
1551 2823 1693 2861 Simeonis
1720 2823 1805 2850 Meta-

1021 2866 1149 2901 phrastaa,
1167 2864 1184 2891 8
1207 2863 1267 2892 Ma‘.‘
