  <div class='ocr_page' id='page_1' title='image "/cluster/home/n/w/nwhite01/storage/ocr_20150623/65/njp.32101077772687/050.png"; bbox 0 0 1971 3068; ppageno 0'>
   <div class='ocr_carea' id='block_1_1' title="bbox 178 134 1818 176">
    <p class='ocr_par' dir='ltr' id='par_1_1' title="bbox 178 134 1818 176">
     <span class='ocr_line' id='line_1_1' title="bbox 178 134 1818 176; baseline 0.005 -11"><span class='ocrx_word' id='word_1_1' title='bbox 178 134 216 165; x_wconf 77' lang='grc'><strong>89</strong></span> <span class='ocrx_word' id='word_1_2' title='bbox 746 138 1051 176; x_wconf 62' lang='grc' dir='ltr'><strong>ΑΡΟΡΙΙΤΙΙΕΕΜᾹΤΛ</strong></span> <span class='ocrx_word' id='word_1_3' title='bbox 1071 141 1226 172; x_wconf 74' lang='lat' dir='ltr'><strong>PATIlUM.</strong></span> <span class='ocrx_word' id='word_1_4' title='bbox 1782 144 1818 173; x_wconf 73' lang='lat'><strong>90</strong></span> 
     </span>
    </p>
   </div>
   <div class='ocr_carea' id='block_1_2' title="bbox 180 193 971 236">
    <p class='ocr_par' dir='ltr' id='par_1_2' title="bbox 180 193 971 232">
     <span class='ocr_line' id='line_1_2' title="bbox 180 193 971 232; baseline 0.004 -12"><span class='ocrx_word' id='word_1_5' title='bbox 180 194 206 220; x_wconf 56' lang='lat' dir='ltr'><strong>se</strong></span> <span class='ocrx_word' id='word_1_6' title='bbox 223 193 249 220; x_wconf 85' lang='grc' dir='ltr'><strong>οί</strong></span> <span class='ocrx_word' id='word_1_7' title='bbox 272 195 399 230; x_wconf 81' lang='grc' dir='ltr'>αγροῖκοι</span> <span class='ocrx_word' id='word_1_8' title='bbox 422 193 468 220; x_wconf 82' lang='grc' dir='ltr'><strong>καὶ</strong></span> <span class='ocrx_word' id='word_1_9' title='bbox 484 193 629 229; x_wconf 73' lang='grc' dir='ltr'>Αἰγύπτιοι</span> <span class='ocrx_word' id='word_1_10' title='bbox 650 195 785 227; x_wconf 78' lang='grc' dir='ltr'><strong>τοσαύτας</strong></span> <span class='ocrx_word' id='word_1_11' title='bbox 800 196 901 232; x_wconf 84' lang='grc' dir='ltr'>ἀρετὰς</span> <span class='ocrx_word' id='word_1_12' title='bbox 925 197 971 223; x_wconf 84' lang='grc' dir='ltr'><strong>κέ-</strong></span> 
     </span>
    </p>
   </div>
   <div class='ocr_carea' id='block_1_3' title="bbox 1028 193 1817 236">
    <p class='ocr_par' dir='ltr' id='par_1_3' title="bbox 1028 198 1817 236">
     <span class='ocr_line' id='line_1_3' title="bbox 1028 198 1817 236; baseline 0.005 -12"><span class='ocrx_word' id='word_1_13' title='bbox 1028 205 1088 225; x_wconf 88' lang='lat' dir='ltr'><strong>mus</strong></span> <span class='ocrx_word' id='word_1_14' title='bbox 1100 198 1181 232; x_wconf 78' lang='lat' dir='ltr'><strong>boni;</strong></span> <span class='ocrx_word' id='word_1_15' title='bbox 1195 198 1241 226; x_wconf 89' lang='lat' dir='ltr'><strong>isti</strong></span> <span class='ocrx_word' id='word_1_16' title='bbox 1252 203 1343 226; x_wconf 89' lang='lat' dir='ltr'><strong>autem</strong></span> <span class='ocrx_word' id='word_1_17' title='bbox 1359 199 1455 227; x_wconf 77' lang='lat' dir='ltr'><strong>rustici</strong></span> <span class='ocrx_word' id='word_1_18' title='bbox 1466 203 1493 227; x_wconf 87' lang='lat' dir='ltr'><strong>et</strong></span> <span class='ocrx_word' id='word_1_19' title='bbox 1507 199 1637 235; x_wconf 69' lang='lat' dir='ltr'><strong>Egyptii,</strong></span> <span class='ocrx_word' id='word_1_20' title='bbox 1649 203 1741 228; x_wconf 88' lang='lat' dir='ltr'><strong>tantas</strong></span> <span class='ocrx_word' id='word_1_21' title='bbox 1754 207 1817 236; x_wconf 86' lang='lat' dir='ltr'><strong>pos-</strong></span> 
     </span>
    </p>
   </div>
   <div class='ocr_carea' id='block_1_4' title="bbox 170 240 972 277">
    <p class='ocr_par' dir='ltr' id='par_1_4' title="bbox 170 240 972 277">
     <span class='ocr_line' id='line_1_4' title="bbox 170 240 972 277; baseline 0.004 -11"><span class='ocrx_word' id='word_1_22' title='bbox 170 248 313 275; x_wconf 78' lang='grc' dir='ltr'>,κτηνταις</span> <span class='ocrx_word' id='word_1_23' title='bbox 332 241 414 275; x_wconf 80' lang='grc' dir='ltr'><strong>Λέγει</strong></span> <span class='ocrx_word' id='word_1_24' title='bbox 435 240 510 276; x_wconf 84' lang='grc' dir='ltr'><strong>αὐτῷ</strong></span> <span class='ocrx_word' id='word_1_25' title='bbox 536 241 551 267; x_wconf 86' lang='lat'><strong>6</strong></span> <span class='ocrx_word' id='word_1_26' title='bbox 575 240 661 273; x_wconf 76' lang='grc' dir='ltr'><strong>ἀῦὃᾶς</strong></span> <span class='ocrx_word' id='word_1_27' title='bbox 690 241 847 276; x_wconf 84' lang='grc' dir='ltr'>Ἀρσένιος·</span> <span class='ocrx_word' id='word_1_28' title='bbox 876 242 972 277; x_wconf 81' lang='grc' dir='ltr'>Ἡμεῖς</span> 
     </span>
    </p>
   </div>
   <div class='ocr_carea' id='block_1_5' title="bbox 180 277 971 322">
    <p class='ocr_par' dir='ltr' id='par_1_5' title="bbox 180 277 971 322">
     <span class='ocr_line' id='line_1_5' title="bbox 180 277 971 322; baseline 0.003 -10"><span class='ocrx_word' id='word_1_29' title='bbox 180 277 233 312; x_wconf 63' lang='grc' dir='ltr'><strong>ἀπὸ</strong></span> <span class='ocrx_word' id='word_1_30' title='bbox 248 286 298 322; x_wconf 81' lang='grc' dir='ltr'><strong>τῆς</strong></span> <span class='ocrx_word' id='word_1_31' title='bbox 309 286 357 313; x_wconf 76' lang='grc' dir='ltr'>τοῦ</span> <span class='ocrx_word' id='word_1_32' title='bbox 373 287 474 321; x_wconf 81' lang='grc' dir='ltr'>κόσμου</span> <span class='ocrx_word' id='word_1_33' title='bbox 492 286 661 318; x_wconf 81' lang='grc' dir='ltr'><strong>παιδεύσεως</strong></span> <span class='ocrx_word' id='word_1_34' title='bbox 676 287 751 313; x_wconf 83' lang='grc' dir='ltr'>οὐδὲν</span> <span class='ocrx_word' id='word_1_35' title='bbox 768 287 866 322; x_wconf 70' lang='grc' dir='ltr'>ἔχομεν</span> <span class='ocrx_word' id='word_1_36' title='bbox 877 296 883 303; x_wconf 91' lang='grc'>·</span> <span class='ocrx_word' id='word_1_37' title='bbox 900 285 971 314; x_wconf 75' lang='grc' dir='ltr'>οὗτοι</span> 
     </span>
    </p>
   </div>
   <div class='ocr_carea' id='block_1_6' title="bbox 180 332 972 367">
    <p class='ocr_par' dir='ltr' id='par_1_6' title="bbox 180 332 972 367">
     <span class='ocr_line' id='line_1_6' title="bbox 180 332 972 367; baseline 0.001 -8"><span class='ocrx_word' id='word_1_38' title='bbox 180 332 209 359; x_wconf 82' lang='grc' dir='ltr'><strong>δὲ</strong></span> <span class='ocrx_word' id='word_1_39' title='bbox 225 333 250 359; x_wconf 83' lang='grc' dir='ltr'>οἰ</span> <span class='ocrx_word' id='word_1_40' title='bbox 269 333 393 367; x_wconf 82' lang='grc' dir='ltr'>ἀγροῖκοι</span> <span class='ocrx_word' id='word_1_41' title='bbox 420 332 465 358; x_wconf 75' lang='grc' dir='ltr'>καὶ</span> <span class='ocrx_word' id='word_1_42' title='bbox 481 332 627 366; x_wconf 76' lang='grc' dir='ltr'>Αἰγύπτιοι</span> <span class='ocrx_word' id='word_1_43' title='bbox 649 332 704 359; x_wconf 84' lang='grc' dir='ltr'>ἀπὸ</span> <span class='ocrx_word' id='word_1_44' title='bbox 719 333 773 359; x_wconf 84' lang='grc' dir='ltr'>τῶν</span> <span class='ocrx_word' id='word_1_45' title='bbox 798 333 870 360; x_wconf 80' lang='grc' dir='ltr'>ἰδίων</span> <span class='ocrx_word' id='word_1_46' title='bbox 884 333 972 360; x_wconf 78' lang='grc' dir='ltr'>πόνων</span> 
     </span>
    </p>
   </div>
   <div class='ocr_carea' id='block_1_7' title="bbox 181 380 521 416">
    <p class='ocr_par' dir='ltr' id='par_1_7' title="bbox 181 380 521 416">
     <span class='ocr_line' id='line_1_7' title="bbox 181 380 521 416; baseline -0.003 -9"><span class='ocrx_word' id='word_1_47' title='bbox 181 381 332 416; x_wconf 74' lang='grc' dir='ltr'><strong>ἐκτήσαντο</strong></span> <span class='ocrx_word' id='word_1_48' title='bbox 342 380 392 411; x_wconf 84' lang='grc' dir='ltr'><strong>τὰς</strong></span> <span class='ocrx_word' id='word_1_49' title='bbox 409 380 521 415; x_wconf 79' lang='grc' dir='ltr'>ἀρετάς.</span> 
     </span>
    </p>
   </div>
   <div class='ocr_carea' id='block_1_8' title="bbox 217 425 972 462">
    <p class='ocr_par' dir='ltr' id='par_1_8' title="bbox 217 425 972 462">
     <span class='ocr_line' id='line_1_8' title="bbox 217 425 972 462; baseline -0.003 -8"><span class='ocrx_word' id='word_1_50' title='bbox 217 429 254 459; x_wconf 79' lang='grc' dir='ltr'><strong>ς’.</strong></span> <span class='ocrx_word' id='word_1_51' title='bbox 280 426 450 462; x_wconf 83' lang='grc' dir='ltr'>Ἐρωτῶντός</span> <span class='ocrx_word' id='word_1_52' title='bbox 464 434 529 452; x_wconf 81' lang='grc' dir='ltr'>ποτε</span> <span class='ocrx_word' id='word_1_53' title='bbox 543 425 590 452; x_wconf 79' lang='grc' dir='ltr'>τοῦ</span> <span class='ocrx_word' id='word_1_54' title='bbox 601 425 673 452; x_wconf 77' lang='grc' dir='ltr'><strong>ὰόῦᾶ</strong></span> <span class='ocrx_word' id='word_1_55' title='bbox 694 425 832 461; x_wconf 81' lang='grc' dir='ltr'>Ἀρσενίου</span> <span class='ocrx_word' id='word_1_56' title='bbox 846 425 908 453; x_wconf 79' lang='grc' dir='ltr'>τινὰ</span> <span class='ocrx_word' id='word_1_57' title='bbox 924 426 972 460; x_wconf 87' lang='grc' dir='ltr'>γέ-</span> 
     </span>
    </p>
   </div>
   <div class='ocr_carea' id='block_1_9' title="bbox 182 471 971 509">
    <p class='ocr_par' dir='ltr' id='par_1_9' title="bbox 182 471 971 509">
     <span class='ocr_line' id='line_1_9' title="bbox 182 471 971 509; baseline 0 -10"><span class='ocrx_word' id='word_1_58' title='bbox 182 481 262 509; x_wconf 87' lang='grc' dir='ltr'>ροντα</span> <span class='ocrx_word' id='word_1_59' title='bbox 278 472 426 507; x_wconf 77' lang='grc' dir='ltr'>Αίγύπτιον</span> <span class='ocrx_word' id='word_1_60' title='bbox 451 472 515 508; x_wconf 79' lang='grc' dir='ltr'>περὶ</span> <span class='ocrx_word' id='word_1_61' title='bbox 533 472 606 498; x_wconf 83' lang='grc' dir='ltr'>ίδίων</span> <span class='ocrx_word' id='word_1_62' title='bbox 625 471 772 507; x_wconf 82' lang='grc' dir='ltr'><strong>λογισμῶν,</strong></span> <span class='ocrx_word' id='word_1_63' title='bbox 794 472 886 508; x_wconf 82' lang='grc' dir='ltr'>’ἐτερος</span> <span class='ocrx_word' id='word_1_64' title='bbox 910 472 971 500; x_wconf 77' lang='grc' dir='ltr'><strong>ἰδὼν</strong></span> 
     </span>
    </p>
   </div>
   <div class='ocr_carea' id='block_1_10' title="bbox 180 516 972 554">
    <p class='ocr_par' dir='ltr' id='par_1_10' title="bbox 180 516 972 554">
     <span class='ocr_line' id='line_1_10' title="bbox 180 516 972 554; baseline 0 -10"><span class='ocrx_word' id='word_1_65' title='bbox 180 517 261 545; x_wconf 72' lang='grc' dir='ltr'>αὑτὸν</span> <span class='ocrx_word' id='word_1_66' title='bbox 275 516 351 545; x_wconf 80' lang='grc' dir='ltr'>εἶπεν</span> <span class='ocrx_word' id='word_1_67' title='bbox 361 527 368 534; x_wconf 75' lang='grc'><strong><em>⁸</em></strong></span> <span class='ocrx_word' id='word_1_68' title='bbox 391 518 475 544; x_wconf 75' lang='grc' dir='ltr'><strong>Ἀὃϐᾱ</strong></span> <span class='ocrx_word' id='word_1_69' title='bbox 491 518 623 554; x_wconf 83' lang='grc' dir='ltr'>Ἀρσένιε,</span> <span class='ocrx_word' id='word_1_70' title='bbox 641 518 699 550; x_wconf 84' lang='grc' dir='ltr'>πῶς</span> <span class='ocrx_word' id='word_1_71' title='bbox 712 518 846 553; x_wconf 77' lang='grc' dir='ltr'><strong>τοσαύτην</strong></span> <span class='ocrx_word' id='word_1_72' title='bbox 862 518 972 545; x_wconf 82' lang='grc' dir='ltr'>παίδευ-</span> 
     </span>
    </p>
   </div>
   <div class='ocr_carea' id='block_1_11' title="bbox 180 563 971 599">
    <p class='ocr_par' dir='ltr' id='par_1_11' title="bbox 180 563 971 599">
     <span class='ocr_line' id='line_1_11' title="bbox 180 563 971 599; baseline 0 -9"><span class='ocrx_word' id='word_1_73' title='bbox 180 571 223 590; x_wconf 87' lang='grc' dir='ltr'><strong>σιν</strong></span> <span class='ocrx_word' id='word_1_74' title='bbox 240 563 396 599; x_wconf 83' lang='grc' dir='ltr'>Ῥωμαῖκὴν</span> <span class='ocrx_word' id='word_1_75' title='bbox 420 563 467 590; x_wconf 76' lang='grc' dir='ltr'><strong>καὶ</strong></span> <span class='ocrx_word' id='word_1_76' title='bbox 486 563 644 598; x_wconf 83' lang='grc' dir='ltr'>Ἑλληνικὴν</span> <span class='ocrx_word' id='word_1_77' title='bbox 664 564 855 599; x_wconf 75' lang='grc' dir='ltr'>ἐπιστάμενος,</span> <span class='ocrx_word' id='word_1_78' title='bbox 879 564 971 591; x_wconf 82' lang='grc' dir='ltr'>τοῦτον</span> 
     </span>
    </p>
   </div>
   <div class='ocr_carea' id='block_1_12' title="bbox 178 609 971 646">
    <p class='ocr_par' dir='ltr' id='par_1_12' title="bbox 178 609 971 646">
     <span class='ocr_line' id='line_1_12' title="bbox 178 609 971 646; baseline 0.001 -11"><span class='ocrx_word' id='word_1_79' title='bbox 178 609 225 635; x_wconf 73' lang='grc' dir='ltr'>τὸν</span> <span class='ocrx_word' id='word_1_80' title='bbox 239 609 368 645; x_wconf 80' lang='grc' dir='ltr'>ἀγροῖκον</span> <span class='ocrx_word' id='word_1_81' title='bbox 382 609 446 644; x_wconf 76' lang='grc' dir='ltr'>περὶ</span> <span class='ocrx_word' id='word_1_82' title='bbox 463 610 517 636; x_wconf 88' lang='grc' dir='ltr'>τῶν</span> <span class='ocrx_word' id='word_1_83' title='bbox 532 609 585 636; x_wconf 84' lang='grc' dir='ltr'>σῶν</span> <span class='ocrx_word' id='word_1_84' title='bbox 599 609 738 644; x_wconf 79' lang='grc' dir='ltr'><strong>λογισμῶν</strong></span> <span class='ocrx_word' id='word_1_85' title='bbox 753 611 878 646; x_wconf 57' lang='lat' dir='ltr'><strong>spumis;</strong></span> <span class='ocrx_word' id='word_1_86' title='bbox 895 609 925 636; x_wconf 80' lang='grc'><strong>’0</strong></span> <span class='ocrx_word' id='word_1_87' title='bbox 942 610 971 636; x_wconf 79' lang='grc' dir='ltr'><strong>δὲ</strong></span> 
     </span>
    </p>
   </div>
   <div class='ocr_carea' id='block_1_13' title="bbox 180 653 968 691">
    <p class='ocr_par' dir='ltr' id='par_1_13' title="bbox 180 653 968 691">
     <span class='ocr_line' id='line_1_13' title="bbox 180 653 968 691; baseline 0 -10"><span class='ocrx_word' id='word_1_88' title='bbox 180 653 239 682; x_wconf 81' lang='grc' dir='ltr'>εἷπε</span> <span class='ocrx_word' id='word_1_89' title='bbox 255 655 322 690; x_wconf 73' lang='grc' dir='ltr'>πρὸς</span> <span class='ocrx_word' id='word_1_90' title='bbox 335 655 416 682; x_wconf 81' lang='grc' dir='ltr'>αὐτόν</span> <span class='ocrx_word' id='word_1_91' title='bbox 427 663 434 670; x_wconf 78' lang='grc'><em>’</em></span> <span class='ocrx_word' id='word_1_92' title='bbox 459 655 514 690; x_wconf 85' lang='grc' dir='ltr'><strong>Τὴν</strong></span> <span class='ocrx_word' id='word_1_93' title='bbox 534 656 583 690; x_wconf 83' lang='grc' dir='ltr'>μὲν</span> <span class='ocrx_word' id='word_1_94' title='bbox 605 655 762 691; x_wconf 81' lang='grc' dir='ltr'>Ῥωμαϊκὴν</span> <span class='ocrx_word' id='word_1_95' title='bbox 779 655 827 682; x_wconf 71' lang='grc' dir='ltr'>καὶ</span> <span class='ocrx_word' id='word_1_96' title='bbox 847 655 968 690; x_wconf 83' lang='grc' dir='ltr'>Ἐλληνι-</span> 
     </span>
    </p>
   </div>
   <div class='ocr_carea' id='block_1_14' title="bbox 179 700 970 737">
    <p class='ocr_par' dir='ltr' id='par_1_14' title="bbox 179 700 970 737">
     <span class='ocr_line' id='line_1_14' title="bbox 179 700 970 737; baseline 0.001 -11"><span class='ocrx_word' id='word_1_97' title='bbox 179 700 230 735; x_wconf 69' lang='grc' dir='ltr'>κὴν</span> <span class='ocrx_word' id='word_1_98' title='bbox 254 700 406 735; x_wconf 75' lang='grc' dir='ltr'>ἐπίσταμαι</span> <span class='ocrx_word' id='word_1_99' title='bbox 432 701 587 728; x_wconf 73' lang='grc' dir='ltr'>παίδευσιν·</span> <span class='ocrx_word' id='word_1_100' title='bbox 619 701 664 727; x_wconf 77' lang='grc' dir='ltr'>τὸν</span> <span class='ocrx_word' id='word_1_101' title='bbox 690 701 719 728; x_wconf 86' lang='grc' dir='ltr'><strong>δὲ</strong></span> <span class='ocrx_word' id='word_1_102' title='bbox 742 701 897 737; x_wconf 67' lang='grc' dir='ltr'>ἁλφάόητον</span> <span class='ocrx_word' id='word_1_103' title='bbox 923 700 970 727; x_wconf 85' lang='grc' dir='ltr'>τοῦ</span> 
     </span>
    </p>
   </div>
   <div class='ocr_carea' id='block_1_15' title="bbox 179 741 687 783">
    <p class='ocr_par' dir='ltr' id='par_1_15' title="bbox 179 741 687 783">
     <span class='ocr_line' id='line_1_15' title="bbox 179 741 687 783; baseline 0.004 -11"><span class='ocrx_word' id='word_1_104' title='bbox 179 746 311 782; x_wconf 81' lang='grc' dir='ltr'><strong>ἀγροίκου</strong></span> <span class='ocrx_word' id='word_1_105' title='bbox 326 746 421 772; x_wconf 90' lang='grc' dir='ltr'>τούτου</span> <span class='ocrx_word' id='word_1_106' title='bbox 437 746 514 774; x_wconf 71' lang='grc' dir='ltr'>οὔπω</span> <span class='ocrx_word' id='word_1_107' title='bbox 527 741 687 783; x_wconf 78' lang='grc' dir='ltr'>μεμάθηκα.</span> 
     </span>
    </p>
   </div>
   <div class='ocr_carea' id='block_1_16' title="bbox 217 791 970 828">
    <p class='ocr_par' dir='ltr' id='par_1_16' title="bbox 217 791 970 828">
     <span class='ocr_line' id='line_1_16' title="bbox 217 791 970 828; baseline -0.001 -9"><span class='ocrx_word' id='word_1_108' title='bbox 217 792 249 825; x_wconf 77' lang='grc' dir='ltr'><strong>ζ’.</strong></span> <span class='ocrx_word' id='word_1_109' title='bbox 267 792 409 828; x_wconf 80' lang='grc' dir='ltr'>Παρέὁαλέ</span> <span class='ocrx_word' id='word_1_110' title='bbox 431 801 496 818; x_wconf 85' lang='grc' dir='ltr'>ποτε</span> <span class='ocrx_word' id='word_1_111' title='bbox 515 794 529 819; x_wconf 90' lang='lat'><strong>6</strong></span> <span class='ocrx_word' id='word_1_112' title='bbox 548 793 683 828; x_wconf 80' lang='grc' dir='ltr'>μακάριος</span> <span class='ocrx_word' id='word_1_113' title='bbox 697 791 825 827; x_wconf 78' lang='grc' dir='ltr'>Θεόφιλος</span> <span class='ocrx_word' id='word_1_114' title='bbox 844 792 970 827; x_wconf 81' lang='grc' dir='ltr'>ἀρχιεπί‹</span> 
     </span>
    </p>
   </div>
   <div class='ocr_carea' id='block_1_17' title="bbox 180 837 968 874">
    <p class='ocr_par' dir='ltr' id='par_1_17' title="bbox 180 837 968 874">
     <span class='ocr_line' id='line_1_17' title="bbox 180 837 968 874; baseline 0 -10"><span class='ocrx_word' id='word_1_115' title='bbox 180 847 282 870; x_wconf 67' lang='lat' dir='ltr'><strong>nam;</strong></span> <span class='ocrx_word' id='word_1_116' title='bbox 305 838 342 873; x_wconf 85' lang='grc' dir='ltr'>τῷ</span> <span class='ocrx_word' id='word_1_117' title='bbox 365 838 437 874; x_wconf 75' lang='grc' dir='ltr'><strong>ἀϐὃᾷ</strong></span> <span class='ocrx_word' id='word_1_118' title='bbox 465 838 608 874; x_wconf 79' lang='grc' dir='ltr'>’Δρσενίῳ,</span> <span class='ocrx_word' id='word_1_119' title='bbox 634 838 704 873; x_wconf 85' lang='grc' dir='ltr'>μετὰ</span> <span class='ocrx_word' id='word_1_120' title='bbox 723 837 852 874; x_wconf 81' lang='grc' dir='ltr'>ἄρχοντός</span> <span class='ocrx_word' id='word_1_121' title='bbox 879 846 968 869; x_wconf 82' lang='grc' dir='ltr'>τινος·</span> 
     </span>
    </p>
   </div>
   <div class='ocr_carea' id='block_1_18' title="bbox 1024 244 1818 281">
    <p class='ocr_par' dir='ltr' id='par_1_18' title="bbox 1024 244 1818 281">
     <span class='ocr_line' id='line_1_18' title="bbox 1024 244 1818 281; baseline 0.004 -10"><span class='ocrx_word' id='word_1_122' title='bbox 1024 244 1115 271; x_wconf 90' lang='lat' dir='ltr'><strong>sident</strong></span> <span class='ocrx_word' id='word_1_123' title='bbox 1126 244 1265 273; x_wconf 85' lang='lat' dir='ltr'><strong>virtutes?</strong></span> <span class='ocrx_word' id='word_1_124' title='bbox 1278 245 1432 281; x_wconf 77' lang='lat' dir='ltr'><strong>Respondit</strong></span> <span class='ocrx_word' id='word_1_125' title='bbox 1447 247 1472 274; x_wconf 91' lang='lat' dir='ltr'><strong>ei</strong></span> <span class='ocrx_word' id='word_1_126' title='bbox 1486 246 1571 274; x_wconf 82' lang='lat' dir='ltr'><strong>abbas</strong></span> <span class='ocrx_word' id='word_1_127' title='bbox 1584 246 1718 274; x_wconf 83' lang='lat' dir='ltr'><strong>Arsenius</strong></span> <span class='ocrx_word' id='word_1_128' title='bbox 1730 255 1738 273; x_wconf 89' lang='lat'><strong>:</strong></span> <span class='ocrx_word' id='word_1_129' title='bbox 1762 246 1818 275; x_wconf 80' lang='lat' dir='ltr'><strong>Nos</strong></span> 
     </span>
    </p>
   </div>
   <div class='ocr_carea' id='block_1_19' title="bbox 1022 290 1816 326">
    <p class='ocr_par' dir='ltr' id='par_1_19' title="bbox 1022 290 1816 326">
     <span class='ocr_line' id='line_1_19' title="bbox 1022 290 1816 326; baseline 0.005 -9"><span class='ocrx_word' id='word_1_130' title='bbox 1022 290 1186 318; x_wconf 88' lang='lat' dir='ltr'><strong>emundana</strong></span> <span class='ocrx_word' id='word_1_131' title='bbox 1198 292 1354 320; x_wconf 89' lang='lat' dir='ltr'><strong>eruditione</strong></span> <span class='ocrx_word' id='word_1_132' title='bbox 1368 293 1436 320; x_wconf 88' lang='lat' dir='ltr'><strong>nihil</strong></span> <span class='ocrx_word' id='word_1_133' title='bbox 1456 293 1599 320; x_wconf 89' lang='lat' dir='ltr'><strong>retulimus</strong></span> <span class='ocrx_word' id='word_1_134' title='bbox 1614 302 1621 326; x_wconf 91' lang='lat'><strong>;</strong></span> <span class='ocrx_word' id='word_1_135' title='bbox 1642 293 1670 320; x_wconf 91' lang='lat' dir='ltr'><strong>hi</strong></span> <span class='ocrx_word' id='word_1_136' title='bbox 1688 301 1753 321; x_wconf 81' lang='lat' dir='ltr'><strong>vero</strong></span> <span class='ocrx_word' id='word_1_137' title='bbox 1769 302 1816 321; x_wconf 93' lang='lat' dir='ltr'><strong>ru-</strong></span> 
     </span>
    </p>
   </div>
   <div class='ocr_carea' id='block_1_20' title="bbox 1023 335 1817 374">
    <p class='ocr_par' dir='ltr' id='par_1_20' title="bbox 1023 335 1817 374">
     <span class='ocr_line' id='line_1_20' title="bbox 1023 335 1817 374; baseline 0.008 -13"><span class='ocrx_word' id='word_1_138' title='bbox 1023 335 1085 362; x_wconf 86' lang='lat' dir='ltr'><strong>stici</strong></span> <span class='ocrx_word' id='word_1_139' title='bbox 1103 340 1130 363; x_wconf 87' lang='lat' dir='ltr'><strong>et</strong></span> <span class='ocrx_word' id='word_1_140' title='bbox 1145 335 1276 372; x_wconf 68' lang='lat' dir='ltr'><strong>Egyptii,</strong></span> <span class='ocrx_word' id='word_1_141' title='bbox 1296 346 1345 373; x_wconf 90' lang='lat' dir='ltr'><strong>per</strong></span> <span class='ocrx_word' id='word_1_142' title='bbox 1363 346 1430 366; x_wconf 72' lang='lat' dir='ltr'><strong>suos</strong></span> <span class='ocrx_word' id='word_1_143' title='bbox 1444 338 1551 366; x_wconf 79' lang='lat' dir='ltr'><strong>labores</strong></span> <span class='ocrx_word' id='word_1_144' title='bbox 1567 339 1683 367; x_wconf 89' lang='lat' dir='ltr'><strong>virtutes</strong></span> <span class='ocrx_word' id='word_1_145' title='bbox 1698 339 1817 374; x_wconf 89' lang='lat' dir='ltr'><strong>acquisi-</strong></span> 
     </span>
    </p>
   </div>
   <div class='ocr_carea' id='block_1_21' title="bbox 1023 385 1130 408">
    <p class='ocr_par' dir='ltr' id='par_1_21' title="bbox 1023 385 1130 408">
     <span class='ocr_line' id='line_1_21' title="bbox 1023 385 1130 408; baseline 0.009 -1"><span class='ocrx_word' id='word_1_146' title='bbox 1023 385 1130 408; x_wconf 90' lang='lat' dir='ltr'><strong>verunt.</strong></span> 
     </span>
    </p>
   </div>
   <div class='ocr_carea' id='block_1_22' title="bbox 1058 426 1816 465">
    <p class='ocr_par' dir='ltr' id='par_1_22' title="bbox 1058 426 1816 465">
     <span class='ocr_line' id='line_1_22' title="bbox 1058 426 1816 465; baseline 0.007 -12"><span class='ocrx_word' id='word_1_147' title='bbox 1058 426 1084 453; x_wconf 86' lang='lat'><strong>6.</strong></span> <span class='ocrx_word' id='word_1_148' title='bbox 1104 427 1160 462; x_wconf 89' lang='grc'>(55)</span> <span class='ocrx_word' id='word_1_149' title='bbox 1178 428 1246 455; x_wconf 92' lang='lat' dir='ltr'><strong>Cum</strong></span> <span class='ocrx_word' id='word_1_150' title='bbox 1261 428 1445 463; x_wconf 75' lang='lat' dir='ltr'><strong>interrogaret</strong></span> <span class='ocrx_word' id='word_1_151' title='bbox 1464 429 1612 465; x_wconf 79' lang='lat' dir='ltr'><strong>aliquando</strong></span> <span class='ocrx_word' id='word_1_152' title='bbox 1630 429 1714 457; x_wconf 83' lang='lat' dir='ltr'><strong>abbas</strong></span> <span class='ocrx_word' id='word_1_153' title='bbox 1733 430 1816 458; x_wconf 84' lang='lat' dir='ltr'><strong>Arse-</strong></span> 
     </span>
    </p>
   </div>
   <div class='ocr_carea' id='block_1_23' title="bbox 1023 474 1815 510">
    <p class='ocr_par' dir='ltr' id='par_1_23' title="bbox 1023 474 1815 510">
     <span class='ocr_line' id='line_1_23' title="bbox 1023 474 1815 510; baseline 0.005 -11"><span class='ocrx_word' id='word_1_154' title='bbox 1023 474 1084 501; x_wconf 88' lang='lat' dir='ltr'><strong>nius</strong></span> <span class='ocrx_word' id='word_1_155' title='bbox 1104 474 1249 508; x_wconf 76' lang='lat' dir='ltr'><strong>quemdam</strong></span> <span class='ocrx_word' id='word_1_156' title='bbox 1267 482 1359 502; x_wconf 89' lang='lat' dir='ltr'><strong>senem</strong></span> <span class='ocrx_word' id='word_1_157' title='bbox 1375 475 1531 510; x_wconf 71' lang='lat' dir='ltr'><strong>[Egyptiutn</strong></span> <span class='ocrx_word' id='word_1_158' title='bbox 1548 477 1581 503; x_wconf 91' lang='lat' dir='ltr'><strong>de</strong></span> <span class='ocrx_word' id='word_1_159' title='bbox 1601 476 1815 510; x_wconf 75' lang='lat' dir='ltr'><strong>cogitationibus</strong></span> 
     </span>
    </p>
   </div>
   <div class='ocr_carea' id='block_1_24' title="bbox 1022 520 1814 556">
    <p class='ocr_par' dir='ltr' id='par_1_24' title="bbox 1022 520 1814 556">
     <span class='ocr_line' id='line_1_24' title="bbox 1022 520 1814 556; baseline 0.001 -9"><span class='ocrx_word' id='word_1_160' title='bbox 1022 520 1091 550; x_wconf 87' lang='lat' dir='ltr'><strong>suis.</strong></span> <span class='ocrx_word' id='word_1_161' title='bbox 1109 520 1180 546; x_wconf 84' lang='lat' dir='ltr'><strong>alius</strong></span> <span class='ocrx_word' id='word_1_162' title='bbox 1201 528 1263 547; x_wconf 91' lang='lat' dir='ltr'><strong>eum</strong></span> <span class='ocrx_word' id='word_1_163' title='bbox 1286 520 1403 547; x_wconf 88' lang='lat' dir='ltr'><strong>intuitus</strong></span> <span class='ocrx_word' id='word_1_164' title='bbox 1421 521 1506 548; x_wconf 76' lang='lat' dir='ltr'><strong>lell:</strong></span> <span class='ocrx_word' id='word_1_165' title='bbox 1534 521 1610 548; x_wconf 84' lang='lat' dir='ltr'><strong>Abba</strong></span> <span class='ocrx_word' id='word_1_166' title='bbox 1632 520 1743 552; x_wconf 82' lang='lat' dir='ltr'><strong>Arseni,</strong></span> <span class='ocrx_word' id='word_1_167' title='bbox 1767 521 1814 556; x_wconf 87' lang='lat' dir='ltr'><strong>qui</strong></span> 
     </span>
    </p>
   </div>
   <div class='ocr_carea' id='block_1_25' title="bbox 1022 564 1815 601">
    <p class='ocr_par' dir='ltr' id='par_1_25' title="bbox 1022 564 1815 601">
     <span class='ocr_line' id='line_1_25' title="bbox 1022 564 1815 601; baseline 0.004 -11"><span class='ocrx_word' id='word_1_168' title='bbox 1022 564 1052 591; x_wconf 83' lang='lat' dir='ltr'><strong>tit</strong></span> <span class='ocrx_word' id='word_1_169' title='bbox 1069 569 1097 591; x_wconf 93' lang='lat' dir='ltr'><strong>ut</strong></span> <span class='ocrx_word' id='word_1_170' title='bbox 1124 569 1153 591; x_wconf 92' lang='lat' dir='ltr'><strong>tu</strong></span> <span class='ocrx_word' id='word_1_171' title='bbox 1179 565 1246 592; x_wconf 84' lang='lat' dir='ltr'><strong>adeo</strong></span> <span class='ocrx_word' id='word_1_172' title='bbox 1262 566 1288 592; x_wconf 94' lang='lat' dir='ltr'><strong>in</strong></span> <span class='ocrx_word' id='word_1_173' title='bbox 1313 566 1466 593; x_wconf 85' lang='lat' dir='ltr'><strong>eruditione</strong></span> <span class='ocrx_word' id='word_1_174' title='bbox 1483 565 1579 593; x_wconf 89' lang='lat' dir='ltr'><strong>Latina</strong></span> <span class='ocrx_word' id='word_1_175' title='bbox 1596 570 1622 593; x_wconf 87' lang='lat' dir='ltr'><strong>et</strong></span> <span class='ocrx_word' id='word_1_176' title='bbox 1634 566 1727 594; x_wconf 63' lang='lat' dir='ltr'><strong>Graeca</strong></span> <span class='ocrx_word' id='word_1_177' title='bbox 1745 574 1815 601; x_wconf 71' lang='lat' dir='ltr'><strong>prae-</strong></span> 
     </span>
    </p>
   </div>
   <div class='ocr_carea' id='block_1_26' title="bbox 1021 609 1814 645">
    <p class='ocr_par' dir='ltr' id='par_1_26' title="bbox 1021 609 1814 645">
     <span class='ocr_line' id='line_1_26' title="bbox 1021 609 1814 645; baseline 0.003 -10"><span class='ocrx_word' id='word_1_178' title='bbox 1021 609 1133 641; x_wconf 81' lang='lat' dir='ltr'><strong>cellens,</strong></span> <span class='ocrx_word' id='word_1_179' title='bbox 1151 609 1223 636; x_wconf 89' lang='lat' dir='ltr'><strong>buuc</strong></span> <span class='ocrx_word' id='word_1_180' title='bbox 1239 610 1372 637; x_wconf 88' lang='lat' dir='ltr'><strong>rusticum</strong></span> <span class='ocrx_word' id='word_1_181' title='bbox 1387 611 1421 638; x_wconf 91' lang='lat' dir='ltr'><strong>de</strong></span> <span class='ocrx_word' id='word_1_182' title='bbox 1437 611 1647 645; x_wconf 80' lang='lat' dir='ltr'><strong>cogitationibus</strong></span> <span class='ocrx_word' id='word_1_183' title='bbox 1659 612 1712 638; x_wconf 90' lang='lat' dir='ltr'><strong>tuis</strong></span> <span class='ocrx_word' id='word_1_184' title='bbox 1726 612 1814 638; x_wconf 87' lang='lat' dir='ltr'><strong>inter-</strong></span> 
     </span>
    </p>
   </div>
   <div class='ocr_carea' id='block_1_27' title="bbox 1022 655 1815 692">
    <p class='ocr_par' dir='ltr' id='par_1_27' title="bbox 1022 655 1815 692">
     <span class='ocr_line' id='line_1_27' title="bbox 1022 655 1815 692; baseline 0.001 -10"><span class='ocrx_word' id='word_1_185' title='bbox 1022 656 1121 691; x_wconf 74' lang='lat' dir='ltr'><strong>roges?</strong></span> <span class='ocrx_word' id='word_1_186' title='bbox 1136 655 1284 691; x_wconf 80' lang='lat' dir='ltr'><strong>Respondit</strong></span> <span class='ocrx_word' id='word_1_187' title='bbox 1302 656 1357 683; x_wconf 91' lang='lat' dir='ltr'><strong>illi:</strong></span> <span class='ocrx_word' id='word_1_188' title='bbox 1383 656 1494 684; x_wconf 85' lang='lat' dir='ltr'><strong>Latinas</strong></span> <span class='ocrx_word' id='word_1_189' title='bbox 1512 656 1676 692; x_wconf 65' lang='lat' dir='ltr'><strong>Grmcasque</strong></span> <span class='ocrx_word' id='word_1_190' title='bbox 1690 657 1815 692; x_wconf 80' lang='lat' dir='ltr'><strong>discipli-</strong></span> 
     </span>
    </p>
   </div>
   <div class='ocr_carea' id='block_1_28' title="bbox 1021 702 1813 738">
    <p class='ocr_par' dir='ltr' id='par_1_28' title="bbox 1021 702 1813 738">
     <span class='ocr_line' id='line_1_28' title="bbox 1021 702 1813 738; baseline 0.004 -11"><span class='ocrx_word' id='word_1_191' title='bbox 1021 709 1072 728; x_wconf 91' lang='lat' dir='ltr'><strong>nas</strong></span> <span class='ocrx_word' id='word_1_192' title='bbox 1091 702 1154 728; x_wconf 87' lang='lat' dir='ltr'><strong>novi</strong></span> <span class='ocrx_word' id='word_1_193' title='bbox 1179 702 1310 737; x_wconf 79' lang='lat' dir='ltr'><strong>quidem;</strong></span> <span class='ocrx_word' id='word_1_194' title='bbox 1334 702 1381 730; x_wconf 87' lang='lat' dir='ltr'><strong>sed</strong></span> <span class='ocrx_word' id='word_1_195' title='bbox 1410 703 1491 730; x_wconf 85' lang='lat' dir='ltr'><strong>istius</strong></span> <span class='ocrx_word' id='word_1_196' title='bbox 1519 703 1614 730; x_wconf 86' lang='lat' dir='ltr'><strong>rustici</strong></span> <span class='ocrx_word' id='word_1_197' title='bbox 1639 703 1813 738; x_wconf 85' lang='lat' dir='ltr'><strong>alphabetum</strong></span> 
     </span>
    </p>
   </div>
   <div class='ocr_carea' id='block_1_29' title="bbox 1021 747 1256 775">
    <p class='ocr_par' dir='ltr' id='par_1_29' title="bbox 1021 747 1256 775">
     <span class='ocr_line' id='line_1_29' title="bbox 1021 747 1256 775; baseline -0.004 0"><span class='ocrx_word' id='word_1_198' title='bbox 1021 747 1142 775; x_wconf 88' lang='lat' dir='ltr'><strong>nondum</strong></span> <span class='ocrx_word' id='word_1_199' title='bbox 1162 747 1256 775; x_wconf 88' lang='lat' dir='ltr'><strong>didici.</strong></span> 
     </span>
    </p>
   </div>
   <div class='ocr_carea' id='block_1_30' title="bbox 1057 793 1815 830">
    <p class='ocr_par' dir='ltr' id='par_1_30' title="bbox 1057 793 1815 830">
     <span class='ocr_line' id='line_1_30' title="bbox 1057 793 1815 830; baseline 0.001 -10"><span class='ocrx_word' id='word_1_200' title='bbox 1057 793 1083 822; x_wconf 88' lang='lat'><strong>7.</strong></span> <span class='ocrx_word' id='word_1_201' title='bbox 1100 794 1157 829; x_wconf 82' lang='lat'><strong>(56)</strong></span> <span class='ocrx_word' id='word_1_202' title='bbox 1171 793 1251 821; x_wconf 80' lang='lat' dir='ltr'><strong>Venit</strong></span> <span class='ocrx_word' id='word_1_203' title='bbox 1264 794 1412 829; x_wconf 84' lang='lat' dir='ltr'><strong>aliquando</strong></span> <span class='ocrx_word' id='word_1_204' title='bbox 1428 794 1525 822; x_wconf 87' lang='lat' dir='ltr'><strong>beatus</strong></span> <span class='ocrx_word' id='word_1_205' title='bbox 1541 794 1710 830; x_wconf 78' lang='lat' dir='ltr'><strong>Theophilus</strong></span> <span class='ocrx_word' id='word_1_206' title='bbox 1725 795 1815 823; x_wconf 85' lang='lat' dir='ltr'><strong>archi-</strong></span> 
     </span>
    </p>
   </div>
   <div class='ocr_carea' id='block_1_31' title="bbox 1021 838 1812 874">
    <p class='ocr_par' dir='ltr' id='par_1_31' title="bbox 1021 838 1812 874">
     <span class='ocr_line' id='line_1_31' title="bbox 1021 838 1812 874; baseline 0.001 -10"><span class='ocrx_word' id='word_1_207' title='bbox 1021 839 1168 873; x_wconf 86' lang='lat' dir='ltr'><strong>episcopus</strong></span> <span class='ocrx_word' id='word_1_208' title='bbox 1184 838 1217 866; x_wconf 91' lang='lat' dir='ltr'><strong>ad</strong></span> <span class='ocrx_word' id='word_1_209' title='bbox 1232 839 1379 866; x_wconf 80' lang='lat' dir='ltr'><strong>Arsenium</strong></span> <span class='ocrx_word' id='word_1_210' title='bbox 1395 839 1534 870; x_wconf 67' lang='lat' dir='ltr'><strong>&quot;abbatem,</strong></span> <span class='ocrx_word' id='word_1_211' title='bbox 1546 846 1599 865; x_wconf 87' lang='lat' dir='ltr'><strong>una</strong></span> <span class='ocrx_word' id='word_1_212' title='bbox 1617 846 1679 865; x_wconf 92' lang='lat' dir='ltr'><strong>eum</strong></span> <span class='ocrx_word' id='word_1_213' title='bbox 1694 838 1812 874; x_wconf 86' lang='lat' dir='ltr'><strong>quodam</strong></span> 
     </span>
    </p>
   </div>
   <div class='ocr_carea' id='block_1_32' title="bbox 178 872 971 920">
    <p class='ocr_par' dir='ltr' id='par_1_32' title="bbox 178 872 967 920">
     <span class='ocr_line' id='line_1_32' title="bbox 178 872 967 920; baseline -0.003 -9"><span class='ocrx_word' id='word_1_214' title='bbox 178 884 274 920; x_wconf 76' lang='grc' dir='ltr'>ἠρώτα</span> <span class='ocrx_word' id='word_1_215' title='bbox 290 872 386 911; x_wconf 16' lang='grc' dir='ltr'>δὲγτδν</span> <span class='ocrx_word' id='word_1_216' title='bbox 410 872 536 919; x_wconf 74' lang='grc' dir='ltr'>γέροντα,</span> <span class='ocrx_word' id='word_1_217' title='bbox 554 872 670 910; x_wconf 53' lang='lat' dir='ltr'><strong>dimicat</strong></span> <span class='ocrx_word' id='word_1_218' title='bbox 686 872 763 919; x_wconf 27' lang='grc' dir='ltr'>παρ)</span> <span class='ocrx_word' id='word_1_219' title='bbox 774 883 857 910; x_wconf 73' lang='grc' dir='ltr'>αὐτοῦ</span> <span class='ocrx_word' id='word_1_220' title='bbox 880 883 967 917; x_wconf 82' lang='grc' dir='ltr'>λόγον.</span> 
     </span>
    </p>
   </div>
   <div class='ocr_carea' id='block_1_33' title="bbox 1028 872 1814 920">
    <p class='ocr_par' dir='ltr' id='par_1_33' title="bbox 1028 872 1814 919">
     <span class='ocr_line' id='line_1_33' title="bbox 1028 872 1814 919; baseline 0.001 -9"><span class='ocrx_word' id='word_1_221' title='bbox 1028 872 1130 915; x_wconf 68' lang='lat' dir='ltr'><strong>iudice:</strong></span> <span class='ocrx_word' id='word_1_222' title='bbox 1158 884 1344 919; x_wconf 81' lang='lat' dir='ltr'><strong>interrogabat</strong></span> <span class='ocrx_word' id='word_1_223' title='bbox 1366 888 1457 911; x_wconf 91' lang='lat' dir='ltr'><strong>autem</strong></span> <span class='ocrx_word' id='word_1_224' title='bbox 1477 892 1580 915; x_wconf 86' lang='lat' dir='ltr'><strong>senem,</strong></span> <span class='ocrx_word' id='word_1_225' title='bbox 1605 887 1636 910; x_wconf 93' lang='lat' dir='ltr'><strong>ut</strong></span> <span class='ocrx_word' id='word_1_226' title='bbox 1651 872 1732 911; x_wconf 80' lang='lat' dir='ltr'><strong>abeo</strong></span> <span class='ocrx_word' id='word_1_227' title='bbox 1754 892 1814 912; x_wconf 85' lang='lat' dir='ltr'><strong>ser-</strong></span> 
     </span>
    </p>
   </div>
   <div class='ocr_carea' id='block_1_34' title="bbox 180 929 970 966">
    <p class='ocr_par' dir='ltr' id='par_1_34' title="bbox 180 929 970 966">
     <span class='ocr_line' id='line_1_34' title="bbox 180 929 970 966; baseline 0 -10"><span class='ocrx_word' id='word_1_228' title='bbox 180 930 285 966; x_wconf 78' lang='grc' dir='ltr'>Μικρὸν</span> <span class='ocrx_word' id='word_1_229' title='bbox 299 930 327 956; x_wconf 85' lang='grc' dir='ltr'><strong>δὲ</strong></span> <span class='ocrx_word' id='word_1_230' title='bbox 342 932 483 966; x_wconf 85' lang='grc' dir='ltr'>σιωπήσας</span> <span class='ocrx_word' id='word_1_231' title='bbox 502 931 517 956; x_wconf 88' lang='lat'><strong>6</strong></span> <span class='ocrx_word' id='word_1_232' title='bbox 533 929 632 965; x_wconf 83' lang='grc' dir='ltr'>γέρων,</span> <span class='ocrx_word' id='word_1_233' title='bbox 652 929 819 964; x_wconf 83' lang='grc' dir='ltr'>ἀπεκρίνατο</span> <span class='ocrx_word' id='word_1_234' title='bbox 839 929 906 964; x_wconf 80' lang='grc' dir='ltr'>πρὸς</span> <span class='ocrx_word' id='word_1_235' title='bbox 921 929 970 956; x_wconf 84' lang='grc' dir='ltr'><strong>αὐ-</strong></span> 
     </span>
    </p>
   </div>
   <div class='ocr_carea' id='block_1_35' title="bbox 179 975 970 1011">
    <p class='ocr_par' dir='ltr' id='par_1_35' title="bbox 179 975 970 1011">
     <span class='ocr_line' id='line_1_35' title="bbox 179 975 970 1011; baseline -0.001 -10"><span class='ocrx_word' id='word_1_236' title='bbox 179 975 241 1001; x_wconf 86' lang='grc' dir='ltr'>τόν·</span> <span class='ocrx_word' id='word_1_237' title='bbox 258 975 313 1001; x_wconf 80' lang='grc' dir='ltr'>Καὶ</span> <span class='ocrx_word' id='word_1_238' title='bbox 328 975 375 1002; x_wconf 69' lang='grc' dir='ltr'>ἐὰν</span> <span class='ocrx_word' id='word_1_239' title='bbox 387 976 451 1011; x_wconf 86' lang='grc' dir='ltr'>ὑμῖν</span> <span class='ocrx_word' id='word_1_240' title='bbox 461 976 540 1008; x_wconf 83' lang='grc' dir='ltr'>εῐπω,</span> <span class='ocrx_word' id='word_1_241' title='bbox 554 975 721 1010; x_wconf 81' lang='grc' dir='ltr'>φυλάσσετε;</span> <span class='ocrx_word' id='word_1_242' title='bbox 737 976 768 1002; x_wconf 88' lang='grc' dir='ltr'><strong>Οἱ</strong></span> <span class='ocrx_word' id='word_1_243' title='bbox 784 975 812 1001; x_wconf 82' lang='grc' dir='ltr'><strong>δὲ</strong></span> <span class='ocrx_word' id='word_1_244' title='bbox 829 975 970 1001; x_wconf 84' lang='grc' dir='ltr'>συνέθεντο</span> 
     </span>
    </p>
   </div>
   <div class='ocr_carea' id='block_1_36' title="bbox 179 1017 970 1056">
    <p class='ocr_par' dir='ltr' id='par_1_36' title="bbox 179 1017 970 1056">
     <span class='ocr_line' id='line_1_36' title="bbox 179 1017 970 1056; baseline 0.001 -11"><span class='ocrx_word' id='word_1_245' title='bbox 179 1019 334 1054; x_wconf 76' lang='grc' dir='ltr'>φυλάττειν.</span> <span class='ocrx_word' id='word_1_246' title='bbox 361 1020 417 1047; x_wconf 81' lang='grc' dir='ltr'><strong>Καὶ</strong></span> <span class='ocrx_word' id='word_1_247' title='bbox 438 1017 514 1046; x_wconf 74' lang='grc' dir='ltr'>εἶπεν</span> <span class='ocrx_word' id='word_1_248' title='bbox 538 1020 629 1052; x_wconf 79' lang='grc' dir='ltr'>αὐτοῖς</span> <span class='ocrx_word' id='word_1_249' title='bbox 654 1020 668 1045; x_wconf 89' lang='lat'><strong>6</strong></span> <span class='ocrx_word' id='word_1_250' title='bbox 688 1019 793 1056; x_wconf 86' lang='grc' dir='ltr'>γέρων·</span> <span class='ocrx_word' id='word_1_251' title='bbox 812 1020 899 1046; x_wconf 83' lang='grc' dir='ltr'>Ὅπου</span> <span class='ocrx_word' id='word_1_252' title='bbox 923 1019 970 1046; x_wconf 75' lang='grc' dir='ltr'><strong>ἐὰν</strong></span> 
     </span>
    </p>
   </div>
   <div class='ocr_carea' id='block_1_37' title="bbox 178 1066 740 1103">
    <p class='ocr_par' dir='ltr' id='par_1_37' title="bbox 178 1066 740 1103">
     <span class='ocr_line' id='line_1_37' title="bbox 178 1066 740 1103; baseline 0.002 -11"><span class='ocrx_word' id='word_1_253' title='bbox 178 1066 315 1101; x_wconf 82' lang='grc' dir='ltr'>ἀκούσητε</span> <span class='ocrx_word' id='word_1_254' title='bbox 336 1066 484 1100; x_wconf 81' lang='grc' dir='ltr'>Ἀρσένιον,</span> <span class='ocrx_word' id='word_1_255' title='bbox 501 1067 539 1103; x_wconf 85' lang='grc' dir='ltr'>μὴ</span> <span class='ocrx_word' id='word_1_256' title='bbox 559 1066 740 1103; x_wconf 80' lang='grc' dir='ltr'>πλησιάσητε.</span> 
     </span>
    </p>
   </div>
   <div class='ocr_carea' id='block_1_38' title="bbox 214 1155 971 1193">
    <p class='ocr_par' dir='ltr' id='par_1_38' title="bbox 214 1155 971 1193">
     <span class='ocr_line' id='line_1_38' title="bbox 214 1155 971 1193; baseline 0.004 -12"><span class='ocrx_word' id='word_1_257' title='bbox 214 1155 249 1190; x_wconf 86' lang='grc' dir='ltr'><strong>η’.</strong></span> <span class='ocrx_word' id='word_1_258' title='bbox 267 1155 377 1182; x_wconf 78' lang='grc' dir='ltr'>’Δλλοτε</span> <span class='ocrx_word' id='word_1_259' title='bbox 398 1155 478 1183; x_wconf 84' lang='grc' dir='ltr'>πάλιν</span> <span class='ocrx_word' id='word_1_260' title='bbox 496 1156 639 1192; x_wconf 70' lang='grc' dir='ltr'>βουληθεὶς</span> <span class='ocrx_word' id='word_1_261' title='bbox 656 1158 670 1184; x_wconf 97' lang='lat'><strong>6</strong></span> <span class='ocrx_word' id='word_1_262' title='bbox 684 1157 902 1193; x_wconf 81' lang='grc' dir='ltr'>ἀρχιεπίσκοπος</span> <span class='ocrx_word' id='word_1_263' title='bbox 919 1166 971 1184; x_wconf 87' lang='grc' dir='ltr'>πα-</span> 
     </span>
    </p>
   </div>
   <div class='ocr_carea' id='block_1_39' title="bbox 179 1201 971 1238">
    <p class='ocr_par' dir='ltr' id='par_1_39' title="bbox 179 1201 971 1238">
     <span class='ocr_line' id='line_1_39' title="bbox 179 1201 971 1238; baseline 0.004 -11"><span class='ocrx_word' id='word_1_264' title='bbox 179 1201 309 1236; x_wconf 76' lang='grc' dir='ltr'>ραὸαλεῖν</span> <span class='ocrx_word' id='word_1_265' title='bbox 332 1202 417 1237; x_wconf 70' lang='grc' dir='ltr'>αὐτῷ,</span> <span class='ocrx_word' id='word_1_266' title='bbox 429 1203 573 1229; x_wconf 77' lang='grc' dir='ltr'>ἀπέστειλε</span> <span class='ocrx_word' id='word_1_267' title='bbox 588 1203 696 1238; x_wconf 82' lang='grc' dir='ltr'>πρῶτον</span> <span class='ocrx_word' id='word_1_268' title='bbox 720 1203 817 1230; x_wconf 80' lang='grc' dir='ltr'>ειδέναι</span> <span class='ocrx_word' id='word_1_269' title='bbox 833 1204 857 1229; x_wconf 86' lang='grc' dir='ltr'><strong>εί</strong></span> <span class='ocrx_word' id='word_1_270' title='bbox 869 1203 971 1238; x_wconf 83' lang='grc' dir='ltr'>ἀνοίγει</span> 
     </span>
    </p>
   </div>
   <div class='ocr_carea' id='block_1_40' title="bbox 175 1248 970 1286">
    <p class='ocr_par' dir='ltr' id='par_1_40' title="bbox 175 1248 970 1286">
     <span class='ocr_line' id='line_1_40' title="bbox 175 1248 970 1286; baseline 0.003 -12"><span class='ocrx_word' id='word_1_271' title='bbox 175 1248 191 1274; x_wconf 88' lang='lat'><strong>6</strong></span> <span class='ocrx_word' id='word_1_272' title='bbox 211 1249 310 1283; x_wconf 87' lang='grc' dir='ltr'>γέρων.</span> <span class='ocrx_word' id='word_1_273' title='bbox 340 1249 395 1275; x_wconf 81' lang='grc' dir='ltr'><strong>Καὶ</strong></span> <span class='ocrx_word' id='word_1_274' title='bbox 419 1249 551 1284; x_wconf 74' lang='grc' dir='ltr'>ἐδήλωσεν</span> <span class='ocrx_word' id='word_1_275' title='bbox 577 1249 652 1285; x_wconf 76' lang='grc' dir='ltr'>αὐτῷ</span> <span class='ocrx_word' id='word_1_276' title='bbox 670 1249 773 1284; x_wconf 88' lang='grc' dir='ltr'>λέγων·</span> <span class='ocrx_word' id='word_1_277' title='bbox 797 1250 860 1276; x_wconf 79' lang='grc' dir='ltr'><strong>Ἐὰν</strong></span> <span class='ocrx_word' id='word_1_278' title='bbox 880 1249 970 1286; x_wconf 61' lang='grc' dir='ltr'>ἔλθῃς,</span> 
     </span>
    </p>
   </div>
   <div class='ocr_carea' id='block_1_41' title="bbox 176 1294 971 1330">
    <p class='ocr_par' dir='ltr' id='par_1_41' title="bbox 176 1294 971 1330">
     <span class='ocr_line' id='line_1_41' title="bbox 176 1294 971 1330; baseline 0.004 -10"><span class='ocrx_word' id='word_1_279' title='bbox 176 1294 278 1328; x_wconf 78' lang='grc' dir='ltr'>ἀνοίγω</span> <span class='ocrx_word' id='word_1_280' title='bbox 296 1303 337 1321; x_wconf 84' lang='grc' dir='ltr'><strong>σοι</strong></span> <span class='ocrx_word' id='word_1_281' title='bbox 349 1301 358 1310; x_wconf 87' lang='grc'><strong>·</strong></span> <span class='ocrx_word' id='word_1_282' title='bbox 381 1294 430 1321; x_wconf 68' lang='grc' dir='ltr'>καὶ</span> <span class='ocrx_word' id='word_1_283' title='bbox 443 1295 491 1321; x_wconf 79' lang='grc' dir='ltr'><strong>ἐάν</strong></span> <span class='ocrx_word' id='word_1_284' title='bbox 508 1303 549 1321; x_wconf 87' lang='grc' dir='ltr'><strong>σοι</strong></span> <span class='ocrx_word' id='word_1_285' title='bbox 564 1295 672 1327; x_wconf 77' lang='grc' dir='ltr'>ἀνοίξω.</span> <span class='ocrx_word' id='word_1_286' title='bbox 688 1296 770 1322; x_wconf 77' lang='grc' dir='ltr'>πᾶσιν</span> <span class='ocrx_word' id='word_1_287' title='bbox 786 1295 886 1330; x_wconf 83' lang='grc' dir='ltr'>ἁνοίγω</span> <span class='ocrx_word' id='word_1_288' title='bbox 896 1304 902 1310; x_wconf 90' lang='grc'><strong><em>“</em></strong></span> <span class='ocrx_word' id='word_1_289' title='bbox 924 1296 971 1323; x_wconf 78' lang='grc' dir='ltr'>καὶ</span> 
     </span>
    </p>
   </div>
   <div class='ocr_carea' id='block_1_42' title="bbox 176 1336 971 1378">
    <p class='ocr_par' dir='ltr' id='par_1_42' title="bbox 176 1336 971 1378">
     <span class='ocr_line' id='line_1_42' title="bbox 176 1336 971 1378; baseline 0.003 -12"><span class='ocrx_word' id='word_1_290' title='bbox 176 1339 238 1366; x_wconf 75' lang='grc' dir='ltr'>τότε</span> <span class='ocrx_word' id='word_1_291' title='bbox 252 1340 345 1366; x_wconf 78' lang='grc' dir='ltr'>οὐκέτι</span> <span class='ocrx_word' id='word_1_292' title='bbox 367 1340 516 1375; x_wconf 77' lang='grc' dir='ltr'>καθέζομαι</span> <span class='ocrx_word' id='word_1_293' title='bbox 536 1336 599 1368; x_wconf 78' lang='grc' dir='ltr'>ὧδε.</span> <span class='ocrx_word' id='word_1_294' title='bbox 618 1340 710 1367; x_wconf 84' lang='grc' dir='ltr'>Ταῦτα</span> <span class='ocrx_word' id='word_1_295' title='bbox 729 1340 848 1372; x_wconf 81' lang='grc' dir='ltr'>ἀκούσας</span> <span class='ocrx_word' id='word_1_296' title='bbox 861 1342 875 1367; x_wconf 91' lang='lat'><strong>6</strong></span> <span class='ocrx_word' id='word_1_297' title='bbox 892 1342 971 1378; x_wconf 83' lang='grc' dir='ltr'>ἀρχι-</span> 
     </span>
    </p>
   </div>
   <div class='ocr_carea' id='block_1_43' title="bbox 177 1383 971 1424">
    <p class='ocr_par' dir='ltr' id='par_1_43' title="bbox 177 1383 971 1424">
     <span class='ocr_line' id='line_1_43' title="bbox 177 1383 971 1424; baseline 0.003 -12"><span class='ocrx_word' id='word_1_298' title='bbox 177 1386 327 1417; x_wconf 82' lang='grc' dir='ltr'>επίσκοπος</span> <span class='ocrx_word' id='word_1_299' title='bbox 341 1383 418 1413; x_wconf 84' lang='grc' dir='ltr'>εἶπεν</span> <span class='ocrx_word' id='word_1_300' title='bbox 428 1396 434 1402; x_wconf 93' lang='grc'><strong>·</strong></span> <span class='ocrx_word' id='word_1_301' title='bbox 453 1387 484 1413; x_wconf 88' lang='grc' dir='ltr'><strong>Εἰ</strong></span> <span class='ocrx_word' id='word_1_302' title='bbox 500 1386 593 1418; x_wconf 77' lang='grc' dir='ltr'>διῶξαι</span> <span class='ocrx_word' id='word_1_303' title='bbox 603 1386 682 1413; x_wconf 75' lang='grc' dir='ltr'>αὐτὸν</span> <span class='ocrx_word' id='word_1_304' title='bbox 694 1387 915 1424; x_wconf 75' lang='grc' dir='ltr'>ἀπέρχομαι,οὐκ</span> <span class='ocrx_word' id='word_1_305' title='bbox 931 1387 971 1414; x_wconf 78' lang='grc' dir='ltr'><strong>ἑτι</strong></span> 
     </span>
    </p>
   </div>
   <div class='ocr_carea' id='block_1_44' title="bbox 177 1432 524 1468">
    <p class='ocr_par' dir='ltr' id='par_1_44' title="bbox 177 1432 524 1468">
     <span class='ocr_line' id='line_1_44' title="bbox 177 1432 524 1468; baseline 0.006 -10"><span class='ocrx_word' id='word_1_306' title='bbox 177 1433 337 1468; x_wconf 77' lang='grc' dir='ltr'><strong>ἀπέρχομαι</strong></span> <span class='ocrx_word' id='word_1_307' title='bbox 353 1433 420 1468; x_wconf 78' lang='grc' dir='ltr'>πρὸς</span> <span class='ocrx_word' id='word_1_308' title='bbox 435 1432 524 1460; x_wconf 81' lang='grc' dir='ltr'>αὐτόν.</span> 
     </span>
    </p>
   </div>
   <div class='ocr_carea' id='block_1_45' title="bbox 215 1478 972 1515">
    <p class='ocr_par' dir='ltr' id='par_1_45' title="bbox 215 1478 972 1515">
     <span class='ocr_line' id='line_1_45' title="bbox 215 1478 972 1515; baseline 0 -9"><span class='ocrx_word' id='word_1_309' title='bbox 215 1479 248 1506; x_wconf 83' lang='grc' dir='ltr'><strong>θ’.</strong></span> <span class='ocrx_word' id='word_1_310' title='bbox 266 1479 390 1513; x_wconf 78' lang='grc' dir='ltr'>Ἀδελφὸς</span> <span class='ocrx_word' id='word_1_311' title='bbox 405 1479 530 1515; x_wconf 76' lang='grc' dir='ltr'>ἠρώτησε</span> <span class='ocrx_word' id='word_1_312' title='bbox 543 1486 589 1505; x_wconf 87' lang='grc' dir='ltr'><strong>τον</strong></span> <span class='ocrx_word' id='word_1_313' title='bbox 605 1478 692 1506; x_wconf 79' lang='grc' dir='ltr'>ἀὸὗᾶν</span> <span class='ocrx_word' id='word_1_314' title='bbox 703 1479 840 1512; x_wconf 78' lang='grc' dir='ltr'>Ἀρσένιον</span> <span class='ocrx_word' id='word_1_315' title='bbox 856 1479 972 1507; x_wconf 82' lang='grc' dir='ltr'>ἀκοῦσαι</span> 
     </span>
    </p>
   </div>
   <div class='ocr_carea' id='block_1_46' title="bbox 176 1523 971 1562">
    <p class='ocr_par' dir='ltr' id='par_1_46' title="bbox 176 1523 971 1562">
     <span class='ocr_line' id='line_1_46' title="bbox 176 1523 971 1562; baseline 0.001 -10"><span class='ocrx_word' id='word_1_316' title='bbox 176 1527 245 1561; x_wconf 80' lang='grc' dir='ltr'>παρ’</span> <span class='ocrx_word' id='word_1_317' title='bbox 256 1525 336 1552; x_wconf 76' lang='grc' dir='ltr'>αὑτοῦ</span> <span class='ocrx_word' id='word_1_318' title='bbox 350 1525 439 1559; x_wconf 82' lang='grc' dir='ltr'>λόγον.</span> <span class='ocrx_word' id='word_1_319' title='bbox 455 1526 510 1552; x_wconf 77' lang='grc' dir='ltr'>Καὶ</span> <span class='ocrx_word' id='word_1_320' title='bbox 524 1523 601 1553; x_wconf 76' lang='grc' dir='ltr'>εἶπεν</span> <span class='ocrx_word' id='word_1_321' title='bbox 613 1526 687 1562; x_wconf 85' lang='grc' dir='ltr'><strong>αὑτῷ</strong></span> <span class='ocrx_word' id='word_1_322' title='bbox 700 1527 714 1552; x_wconf 80' lang='grc' dir='ltr'>ὁ</span> <span class='ocrx_word' id='word_1_323' title='bbox 729 1525 818 1562; x_wconf 88' lang='grc' dir='ltr'>γέρων</span> <span class='ocrx_word' id='word_1_324' title='bbox 830 1535 835 1540; x_wconf 81' lang='grc'><strong>“</strong></span> <span class='ocrx_word' id='word_1_325' title='bbox 848 1527 916 1562; x_wconf 83' lang='grc' dir='ltr'><strong>’Ὀση</strong></span> <span class='ocrx_word' id='word_1_326' title='bbox 925 1526 971 1553; x_wconf 87' lang='grc' dir='ltr'><strong>δύ-</strong></span> 
     </span>
    </p>
   </div>
   <div class='ocr_carea' id='block_1_47' title="bbox 177 1571 972 1608">
    <p class='ocr_par' dir='ltr' id='par_1_47' title="bbox 177 1571 972 1608">
     <span class='ocr_line' id='line_1_47' title="bbox 177 1571 972 1608; baseline 0.001 -10"><span class='ocrx_word' id='word_1_327' title='bbox 177 1572 262 1608; x_wconf 84' lang='grc' dir='ltr'>ναμίς</span> <span class='ocrx_word' id='word_1_328' title='bbox 283 1571 323 1598; x_wconf 84' lang='grc' dir='ltr'><strong>σοί</strong></span> <span class='ocrx_word' id='word_1_329' title='bbox 344 1572 430 1602; x_wconf 81' lang='grc' dir='ltr'>ἐστιν,</span> <span class='ocrx_word' id='word_1_330' title='bbox 456 1571 599 1605; x_wconf 80' lang='grc' dir='ltr'>ἀγώνισαι,</span> <span class='ocrx_word' id='word_1_331' title='bbox 615 1572 659 1599; x_wconf 83' lang='grc' dir='ltr'>ἵνα</span> <span class='ocrx_word' id='word_1_332' title='bbox 672 1573 689 1607; x_wconf 85' lang='grc' dir='ltr'>ἡ</span> <span class='ocrx_word' id='word_1_333' title='bbox 702 1571 774 1599; x_wconf 74' lang='grc' dir='ltr'>ἔνδον</span> <span class='ocrx_word' id='word_1_334' title='bbox 791 1581 838 1599; x_wconf 90' lang='grc' dir='ltr'><strong>σου</strong></span> <span class='ocrx_word' id='word_1_335' title='bbox 855 1572 972 1608; x_wconf 77' lang='grc' dir='ltr'>ἐργασία</span> 
     </span>
    </p>
   </div>
   <div class='ocr_carea' id='block_1_48' title="bbox 178 1615 776 1654">
    <p class='ocr_par' dir='ltr' id='par_1_48' title="bbox 178 1615 776 1654">
     <span class='ocr_line' id='line_1_48' title="bbox 178 1615 776 1654; baseline 0 -9"><span class='ocrx_word' id='word_1_336' title='bbox 178 1618 251 1645; x_wconf 79' lang='grc' dir='ltr'>κατὰ</span> <span class='ocrx_word' id='word_1_337' title='bbox 264 1617 329 1643; x_wconf 79' lang='grc' dir='ltr'>θεὸν</span> <span class='ocrx_word' id='word_1_338' title='bbox 341 1615 372 1654; x_wconf 84' lang='grc' dir='ltr'>ᾗ,</span> <span class='ocrx_word' id='word_1_339' title='bbox 393 1617 441 1643; x_wconf 79' lang='grc' dir='ltr'><strong>καὶ</strong></span> <span class='ocrx_word' id='word_1_340' title='bbox 457 1617 558 1654; x_wconf 81' lang='grc' dir='ltr'>νικήσῃ</span> <span class='ocrx_word' id='word_1_341' title='bbox 573 1618 608 1644; x_wconf 77' lang='grc' dir='ltr'><strong>τὰ</strong></span> <span class='ocrx_word' id='word_1_342' title='bbox 621 1616 673 1649; x_wconf 74' lang='grc' dir='ltr'><strong>ἔξω</strong></span> <span class='ocrx_word' id='word_1_343' title='bbox 690 1617 776 1653; x_wconf 75' lang='grc' dir='ltr'>πάθη.</span> 
     </span>
    </p>
   </div>
   <div class='ocr_carea' id='block_1_49' title="bbox 216 1661 972 1701">
    <p class='ocr_par' dir='ltr' id='par_1_49' title="bbox 216 1661 972 1701">
     <span class='ocr_line' id='line_1_49' title="bbox 216 1661 972 1701; baseline 0.004 -12"><span class='ocrx_word' id='word_1_344' title='bbox 216 1666 242 1690; x_wconf 84' lang='grc' dir='ltr'><strong>ι’.</strong></span> <span class='ocrx_word' id='word_1_345' title='bbox 264 1661 332 1690; x_wconf 85' lang='grc' dir='ltr'>Εἷπε</span> <span class='ocrx_word' id='word_1_346' title='bbox 348 1663 445 1690; x_wconf 84' lang='grc' dir='ltr'>πάλιν·</span> <span class='ocrx_word' id='word_1_347' title='bbox 467 1663 529 1690; x_wconf 79' lang='grc' dir='ltr'>Ἐὰν</span> <span class='ocrx_word' id='word_1_348' title='bbox 552 1664 597 1690; x_wconf 85' lang='grc' dir='ltr'>τὸν</span> <span class='ocrx_word' id='word_1_349' title='bbox 612 1664 677 1690; x_wconf 79' lang='grc' dir='ltr'>Θεὸν</span> <span class='ocrx_word' id='word_1_350' title='bbox 695 1663 868 1700; x_wconf 79' lang='grc' dir='ltr'>ζητήσωμεν,</span> <span class='ocrx_word' id='word_1_351' title='bbox 886 1666 972 1701; x_wconf 80' lang='grc' dir='ltr'>φανή-</span> 
     </span>
    </p>
   </div>
   <div class='ocr_carea' id='block_1_50' title="bbox 179 1710 973 1747">
    <p class='ocr_par' dir='ltr' id='par_1_50' title="bbox 179 1710 973 1747">
     <span class='ocr_line' id='line_1_50' title="bbox 179 1710 973 1747; baseline 0.003 -11"><span class='ocrx_word' id='word_1_352' title='bbox 179 1717 258 1736; x_wconf 84' lang='grc' dir='ltr'>σεται</span> <span class='ocrx_word' id='word_1_353' title='bbox 274 1710 339 1745; x_wconf 76' lang='grc' dir='ltr'>ἡμῖν</span> <span class='ocrx_word' id='word_1_354' title='bbox 351 1717 357 1723; x_wconf 66' lang='grc'><strong>⁸</strong></span> <span class='ocrx_word' id='word_1_355' title='bbox 373 1710 421 1736; x_wconf 80' lang='grc' dir='ltr'><strong>καὶ</strong></span> <span class='ocrx_word' id='word_1_356' title='bbox 441 1710 488 1737; x_wconf 74' lang='grc' dir='ltr'><strong>ἐὰν</strong></span> <span class='ocrx_word' id='word_1_357' title='bbox 507 1710 588 1737; x_wconf 76' lang='grc' dir='ltr'>αὑτὸν</span> <span class='ocrx_word' id='word_1_358' title='bbox 604 1710 795 1746; x_wconf 82' lang='grc' dir='ltr'>κατάσχωμεν,</span> <span class='ocrx_word' id='word_1_359' title='bbox 819 1713 973 1747; x_wconf 77' lang='grc' dir='ltr'>παραμενεῖ</span> 
     </span>
    </p>
   </div>
   <div class='ocr_carea' id='block_1_51' title="bbox 177 1757 258 1793">
    <p class='ocr_par' dir='ltr' id='par_1_51' title="bbox 177 1757 258 1793">
     <span class='ocr_line' id='line_1_51' title="bbox 177 1757 258 1793; baseline 0.025 -11"><span class='ocrx_word' id='word_1_360' title='bbox 177 1757 197 1793; x_wconf 76' lang='grc' dir='ltr'><strong>ἠ</strong></span> <span class='ocrx_word' id='word_1_361' title='bbox 201 1757 258 1792; x_wconf 79' lang='grc' dir='ltr'>μῑν.</span> 
     </span>
    </p>
   </div>
   <div class='ocr_carea' id='block_1_52' title="bbox 215 1799 971 1840">
    <p class='ocr_par' dir='ltr' id='par_1_52' title="bbox 215 1799 971 1840">
     <span class='ocr_line' id='line_1_52' title="bbox 215 1799 971 1840; baseline 0.003 -11"><span class='ocrx_word' id='word_1_362' title='bbox 215 1801 261 1830; x_wconf 75' lang='grc' dir='ltr'>ια’.</span> <span class='ocrx_word' id='word_1_363' title='bbox 275 1799 344 1829; x_wconf 85' lang='grc' dir='ltr'>Εἷπέ</span> <span class='ocrx_word' id='word_1_364' title='bbox 359 1810 400 1834; x_wconf 85' lang='grc' dir='ltr'>τις</span> <span class='ocrx_word' id='word_1_365' title='bbox 417 1802 454 1837; x_wconf 86' lang='grc' dir='ltr'><strong>τῷ</strong></span> <span class='ocrx_word' id='word_1_366' title='bbox 470 1802 540 1838; x_wconf 74' lang='grc' dir='ltr'><strong>ἀόὁᾷ</strong></span> <span class='ocrx_word' id='word_1_367' title='bbox 567 1802 697 1838; x_wconf 83' lang='grc' dir='ltr'>Ἀρσενίῳ</span> <span class='ocrx_word' id='word_1_368' title='bbox 708 1811 715 1818; x_wconf 91' lang='grc'><strong>·</strong></span> <span class='ocrx_word' id='word_1_369' title='bbox 734 1804 766 1829; x_wconf 90' lang='grc' dir='ltr'>Οἱ</span> <span class='ocrx_word' id='word_1_370' title='bbox 779 1803 903 1839; x_wconf 85' lang='grc' dir='ltr'>λογισμοί</span> <span class='ocrx_word' id='word_1_371' title='bbox 920 1813 971 1840; x_wconf 86' lang='grc' dir='ltr'><strong>μου</strong></span> 
     </span>
    </p>
   </div>
   <div class='ocr_carea' id='block_1_53' title="bbox 178 1848 973 1884">
    <p class='ocr_par' dir='ltr' id='par_1_53' title="bbox 178 1848 973 1884">
     <span class='ocr_line' id='line_1_53' title="bbox 178 1848 973 1884; baseline 0.003 -8"><span class='ocrx_word' id='word_1_372' title='bbox 178 1848 302 1877; x_wconf 69' lang='grc' dir='ltr'>θλίϐουσι</span> <span class='ocrx_word' id='word_1_373' title='bbox 322 1857 355 1884; x_wconf 86' lang='grc' dir='ltr'><strong>με</strong></span> <span class='ocrx_word' id='word_1_374' title='bbox 376 1849 516 1882; x_wconf 80' lang='grc' dir='ltr'>λέγοντες·</span> <span class='ocrx_word' id='word_1_375' title='bbox 549 1849 586 1875; x_wconf 84' lang='grc' dir='ltr'><strong>Οὐ</strong></span> <span class='ocrx_word' id='word_1_376' title='bbox 614 1848 726 1876; x_wconf 79' lang='grc' dir='ltr'>δύνασαι</span> <span class='ocrx_word' id='word_1_377' title='bbox 747 1850 888 1884; x_wconf 82' lang='grc' dir='ltr'>νηστεύειν</span> <span class='ocrx_word' id='word_1_378' title='bbox 912 1851 973 1878; x_wconf 84' lang='grc' dir='ltr'>οὐδὲ</span> 
     </span>
    </p>
   </div>
   <div class='ocr_carea' id='block_1_54' title="bbox 180 1893 972 1930">
    <p class='ocr_par' dir='ltr' id='par_1_54' title="bbox 180 1893 972 1930">
     <span class='ocr_line' id='line_1_54' title="bbox 180 1893 972 1930; baseline 0.001 -9"><span class='ocrx_word' id='word_1_379' title='bbox 180 1894 352 1930; x_wconf 77' lang='grc' dir='ltr'>ἐργάσασθαι</span> <span class='ocrx_word' id='word_1_380' title='bbox 362 1902 368 1909; x_wconf 93' lang='grc'><strong>·</strong></span> <span class='ocrx_word' id='word_1_381' title='bbox 385 1893 435 1921; x_wconf 83' lang='grc' dir='ltr'>κᾶν</span> <span class='ocrx_word' id='word_1_382' title='bbox 447 1894 613 1921; x_wconf 82' lang='grc' dir='ltr'>ὲπισκέπτου</span> <span class='ocrx_word' id='word_1_383' title='bbox 629 1895 692 1926; x_wconf 85' lang='grc' dir='ltr'>τοὺς</span> <span class='ocrx_word' id='word_1_384' title='bbox 709 1895 888 1928; x_wconf 81' lang='grc' dir='ltr'>ἀσθενοῦντας</span> <span class='ocrx_word' id='word_1_385' title='bbox 900 1904 907 1912; x_wconf 88' lang='grc'><strong>·</strong></span> <span class='ocrx_word' id='word_1_386' title='bbox 925 1896 972 1923; x_wconf 78' lang='grc' dir='ltr'>καὶ</span> 
     </span>
    </p>
   </div>
   <div class='ocr_carea' id='block_1_55' title="bbox 179 1940 972 1976">
    <p class='ocr_par' dir='ltr' id='par_1_55' title="bbox 179 1940 972 1976">
     <span class='ocr_line' id='line_1_55' title="bbox 179 1940 972 1976; baseline 0.003 -9"><span class='ocrx_word' id='word_1_387' title='bbox 179 1940 260 1967; x_wconf 83' lang='grc' dir='ltr'><strong>τοῦτο</strong></span> <span class='ocrx_word' id='word_1_388' title='bbox 274 1940 328 1976; x_wconf 71' lang='grc' dir='ltr'><strong>γὰρ</strong></span> <span class='ocrx_word' id='word_1_389' title='bbox 344 1941 437 1975; x_wconf 80' lang='grc' dir='ltr'>ἀγάπη</span> <span class='ocrx_word' id='word_1_390' title='bbox 453 1940 536 1967; x_wconf 79' lang='grc' dir='ltr'>ἐστίν.</span> <span class='ocrx_word' id='word_1_391' title='bbox 557 1940 585 1967; x_wconf 88' lang='lat'><strong>&#39;0</strong></span> <span class='ocrx_word' id='word_1_392' title='bbox 602 1940 631 1966; x_wconf 78' lang='grc' dir='ltr'><strong>δὲ</strong></span> <span class='ocrx_word' id='word_1_393' title='bbox 645 1940 735 1976; x_wconf 83' lang='grc' dir='ltr'>γέρων</span> <span class='ocrx_word' id='word_1_394' title='bbox 751 1941 828 1973; x_wconf 74' lang='grc' dir='ltr'>εἰδὼς</span> <span class='ocrx_word' id='word_1_395' title='bbox 842 1941 892 1974; x_wconf 85' lang='grc' dir='ltr'>τὰς</span> <span class='ocrx_word' id='word_1_396' title='bbox 905 1950 972 1969; x_wconf 83' lang='grc' dir='ltr'>σπο-</span> 
     </span>
    </p>
   </div>
   <div class='ocr_carea' id='block_1_56' title="bbox 181 1985 972 2022">
    <p class='ocr_par' dir='ltr' id='par_1_56' title="bbox 181 1985 972 2022">
     <span class='ocr_line' id='line_1_56' title="bbox 181 1985 972 2022; baseline 0.004 -10"><span class='ocrx_word' id='word_1_397' title='bbox 181 1986 232 2021; x_wconf 61' lang='lat' dir='ltr'><strong>pa;</strong></span> <span class='ocrx_word' id='word_1_398' title='bbox 255 1985 310 2013; x_wconf 82' lang='grc' dir='ltr'><strong>τῶν</strong></span> <span class='ocrx_word' id='word_1_399' title='bbox 326 1985 470 2022; x_wconf 78' lang='grc' dir='ltr'>δαιμόνων,</span> <span class='ocrx_word' id='word_1_400' title='bbox 483 1985 556 2020; x_wconf 80' lang='grc' dir='ltr'>λέγει</span> <span class='ocrx_word' id='word_1_401' title='bbox 577 1986 668 2021; x_wconf 83' lang='grc' dir='ltr'>αὐτῷ·</span> <span class='ocrx_word' id='word_1_402' title='bbox 684 1986 804 2021; x_wconf 83' lang='grc' dir='ltr'>Ὕπαγε,</span> <span class='ocrx_word' id='word_1_403' title='bbox 819 1987 899 2021; x_wconf 80' lang='grc' dir='ltr'>φάγε,</span> <span class='ocrx_word' id='word_1_404' title='bbox 914 1988 972 2021; x_wconf 81' lang='grc' dir='ltr'>πίε,</span> 
     </span>
    </p>
   </div>
   <div class='ocr_carea' id='block_1_57' title="bbox 181 2032 974 2071">
    <p class='ocr_par' dir='ltr' id='par_1_57' title="bbox 181 2032 974 2071">
     <span class='ocr_line' id='line_1_57' title="bbox 181 2032 974 2071; baseline 0.004 -13"><span class='ocrx_word' id='word_1_405' title='bbox 181 2032 280 2067; x_wconf 81' lang='grc' dir='ltr'>κοιμῶ.</span> <span class='ocrx_word' id='word_1_406' title='bbox 300 2032 347 2058; x_wconf 72' lang='grc' dir='ltr'>καὶ</span> <span class='ocrx_word' id='word_1_407' title='bbox 362 2032 399 2068; x_wconf 82' lang='grc' dir='ltr'>μὴ</span> <span class='ocrx_word' id='word_1_408' title='bbox 412 2033 516 2068; x_wconf 76' lang='grc' dir='ltr'>ἐργάσῃ</span> <span class='ocrx_word' id='word_1_409' title='bbox 526 2040 535 2049; x_wconf 72' lang='grc' dir='ltr'><strong>ι</strong></span> <span class='ocrx_word' id='word_1_410' title='bbox 560 2033 640 2068; x_wconf 87' lang='grc' dir='ltr'>μόνον</span> <span class='ocrx_word' id='word_1_411' title='bbox 653 2033 700 2060; x_wconf 84' lang='grc' dir='ltr'>τοῦ</span> <span class='ocrx_word' id='word_1_412' title='bbox 724 2033 830 2060; x_wconf 84' lang='grc' dir='ltr'>κελλίου</span> <span class='ocrx_word' id='word_1_413' title='bbox 856 2035 893 2071; x_wconf 83' lang='grc' dir='ltr'>μὴ</span> <span class='ocrx_word' id='word_1_414' title='bbox 907 2034 974 2062; x_wconf 80' lang='grc' dir='ltr'>ἀπο-</span> 
     </span>
    </p>
   </div>
   <div class='ocr_carea' id='block_1_58' title="bbox 182 2078 974 2116">
    <p class='ocr_par' dir='ltr' id='par_1_58' title="bbox 182 2078 974 2116">
     <span class='ocr_line' id='line_1_58' title="bbox 182 2078 974 2116; baseline 0.006 -12"><span class='ocrx_word' id='word_1_415' title='bbox 182 2080 258 2114; x_wconf 79' lang='grc' dir='ltr'>στῇς.</span> <span class='ocrx_word' id='word_1_416' title='bbox 279 2078 355 2114; x_wconf 86' lang='grc' dir='ltr'>ᾝδει</span> <span class='ocrx_word' id='word_1_417' title='bbox 371 2078 426 2114; x_wconf 78' lang='grc' dir='ltr'><strong>γὰρ</strong></span> <span class='ocrx_word' id='word_1_418' title='bbox 438 2079 478 2105; x_wconf 75' lang='grc' dir='ltr'>ὅτι</span> <span class='ocrx_word' id='word_1_419' title='bbox 493 2079 510 2115; x_wconf 86' lang='grc' dir='ltr'>ή</span> <span class='ocrx_word' id='word_1_420' title='bbox 522 2079 644 2114; x_wconf 78' lang='grc' dir='ltr'>ὑπομονὴ</span> <span class='ocrx_word' id='word_1_421' title='bbox 657 2079 704 2106; x_wconf 84' lang='grc' dir='ltr'>τοῦ</span> <span class='ocrx_word' id='word_1_422' title='bbox 718 2079 824 2107; x_wconf 83' lang='grc' dir='ltr'>κελλίου</span> <span class='ocrx_word' id='word_1_423' title='bbox 836 2081 913 2116; x_wconf 82' lang='grc' dir='ltr'>φέρει</span> <span class='ocrx_word' id='word_1_424' title='bbox 927 2081 974 2109; x_wconf 82' lang='grc' dir='ltr'>τὸν</span> 
     </span>
    </p>
   </div>
   <div class='ocr_carea' id='block_1_59' title="bbox 184 2122 690 2160">
    <p class='ocr_par' dir='ltr' id='par_1_59' title="bbox 184 2122 690 2160">
     <span class='ocr_line' id='line_1_59' title="bbox 184 2122 690 2160; baseline 0.006 -12"><span class='ocrx_word' id='word_1_425' title='bbox 184 2122 300 2157; x_wconf 69' lang='grc' dir='ltr'>μοναχὸν</span> <span class='ocrx_word' id='word_1_426' title='bbox 315 2123 355 2154; x_wconf 85' lang='grc' dir='ltr'>είς</span> <span class='ocrx_word' id='word_1_427' title='bbox 368 2122 416 2158; x_wconf 77' lang='grc' dir='ltr'>τὴν</span> <span class='ocrx_word' id='word_1_428' title='bbox 427 2123 504 2155; x_wconf 79' lang='grc' dir='ltr'>τάξιν</span> <span class='ocrx_word' id='word_1_429' title='bbox 523 2123 605 2150; x_wconf 82' lang='grc' dir='ltr'>αὑτοῦ</span> <span class='ocrx_word' id='word_1_430' title='bbox 622 2124 690 2160; x_wconf 73' lang='grc'>(54).</span> 
     </span>
    </p>
   </div>
   <div class='ocr_carea' id='block_1_60' title="bbox 219 2169 974 2209">
    <p class='ocr_par' dir='ltr' id='par_1_60' title="bbox 219 2169 974 2209">
     <span class='ocr_line' id='line_1_60' title="bbox 219 2169 974 2209; baseline 0.008 -14"><span class='ocrx_word' id='word_1_431' title='bbox 219 2169 262 2204; x_wconf 83' lang='grc' dir='ltr'><strong>ιβ’.</strong></span> <span class='ocrx_word' id='word_1_432' title='bbox 279 2169 392 2203; x_wconf 85' lang='grc' dir='ltr'>Ἔλεγεν</span> <span class='ocrx_word' id='word_1_433' title='bbox 406 2171 420 2196; x_wconf 93' lang='lat'><strong>6</strong></span> <span class='ocrx_word' id='word_1_434' title='bbox 434 2170 521 2203; x_wconf 68' lang='lat'><em>6665.;</em></span> <span class='ocrx_word' id='word_1_435' title='bbox 540 2171 689 2205; x_wconf 79' lang='grc' dir='ltr'>’Δρσένιος,</span> <span class='ocrx_word' id='word_1_436' title='bbox 709 2172 750 2199; x_wconf 83' lang='grc' dir='ltr'>ὅτι</span> <span class='ocrx_word' id='word_1_437' title='bbox 768 2172 842 2205; x_wconf 82' lang='grc' dir='ltr'>ξένος</span> <span class='ocrx_word' id='word_1_438' title='bbox 858 2174 974 2209; x_wconf 83' lang='grc' dir='ltr'>μοναχὺς</span> 
     </span>
    </p>
   </div>
   <div class='ocr_carea' id='block_1_61' title="bbox 1023 928 1813 965">
    <p class='ocr_par' dir='ltr' id='par_1_61' title="bbox 1023 928 1813 965">
     <span class='ocr_line' id='line_1_61' title="bbox 1023 928 1813 965; baseline 0 -8"><span class='ocrx_word' id='word_1_439' title='bbox 1023 937 1131 957; x_wconf 87' lang='lat' dir='ltr'><strong>monem</strong></span> <span class='ocrx_word' id='word_1_440' title='bbox 1148 929 1264 957; x_wconf 87' lang='lat' dir='ltr'><strong>audiret.</strong></span> <span class='ocrx_word' id='word_1_441' title='bbox 1277 928 1345 956; x_wconf 90' lang='lat' dir='ltr'><strong>Tum</strong></span> <span class='ocrx_word' id='word_1_442' title='bbox 1358 933 1419 965; x_wconf 90' lang='lat' dir='ltr'><strong>post</strong></span> <span class='ocrx_word' id='word_1_443' title='bbox 1433 930 1566 964; x_wconf 88' lang='lat' dir='ltr'><strong>aliquanti</strong></span> <span class='ocrx_word' id='word_1_444' title='bbox 1584 930 1716 965; x_wconf 90' lang='lat' dir='ltr'><strong>temporis</strong></span> <span class='ocrx_word' id='word_1_445' title='bbox 1728 930 1813 958; x_wconf 87' lang='lat' dir='ltr'><strong>silen-</strong></span> 
     </span>
    </p>
   </div>
   <div class='ocr_carea' id='block_1_62' title="bbox 1024 970 1812 1009">
    <p class='ocr_par' dir='ltr' id='par_1_62' title="bbox 1024 970 1812 1009">
     <span class='ocr_line' id='line_1_62' title="bbox 1024 970 1812 1009; baseline 0.003 -8"><span class='ocrx_word' id='word_1_446' title='bbox 1024 975 1091 1002; x_wconf 87' lang='lat' dir='ltr'><strong>tium</strong></span> <span class='ocrx_word' id='word_1_447' title='bbox 1110 975 1251 1009; x_wconf 84' lang='lat' dir='ltr'><strong>respondit</strong></span> <span class='ocrx_word' id='word_1_448' title='bbox 1271 970 1370 1003; x_wconf 57' lang='lat' dir='ltr'><strong>séhex;</strong></span> <span class='ocrx_word' id='word_1_449' title='bbox 1386 975 1418 1002; x_wconf 89' lang='lat' dir='ltr'><strong>Et</strong></span> <span class='ocrx_word' id='word_1_450' title='bbox 1433 976 1454 1003; x_wconf 90' lang='lat' dir='ltr'><strong>si</strong></span> <span class='ocrx_word' id='word_1_451' title='bbox 1471 976 1549 1003; x_wconf 83' lang='lat' dir='ltr'><strong>vobis</strong></span> <span class='ocrx_word' id='word_1_452' title='bbox 1564 975 1671 1007; x_wconf 81' lang='lat' dir='ltr'><strong>dixero,</strong></span> <span class='ocrx_word' id='word_1_453' title='bbox 1687 976 1812 1004; x_wconf 87' lang='lat' dir='ltr'><strong>custodi-</strong></span> 
     </span>
    </p>
   </div>
   <div class='ocr_carea' id='block_1_63' title="bbox 1024 1020 1812 1056">
    <p class='ocr_par' dir='ltr' id='par_1_63' title="bbox 1024 1020 1812 1056">
     <span class='ocr_line' id='line_1_63' title="bbox 1024 1020 1812 1056; baseline 0.001 -9"><span class='ocrx_word' id='word_1_454' title='bbox 1024 1021 1114 1047; x_wconf 89' lang='lat' dir='ltr'><strong>turitte</strong></span> <span class='ocrx_word' id='word_1_455' title='bbox 1138 1021 1224 1047; x_wconf 69' lang='lat' dir='ltr'><strong>estis?</strong></span> <span class='ocrx_word' id='word_1_456' title='bbox 1249 1020 1289 1047; x_wconf 92' lang='lat' dir='ltr'><strong>llli</strong></span> <span class='ocrx_word' id='word_1_457' title='bbox 1308 1028 1372 1048; x_wconf 89' lang='lat' dir='ltr'><strong>vero</strong></span> <span class='ocrx_word' id='word_1_458' title='bbox 1401 1024 1559 1047; x_wconf 89' lang='lat' dir='ltr'><strong>servaturos</strong></span> <span class='ocrx_word' id='word_1_459' title='bbox 1574 1029 1603 1048; x_wconf 88' lang='lat' dir='ltr'><strong>se</strong></span> <span class='ocrx_word' id='word_1_460' title='bbox 1618 1021 1812 1056; x_wconf 87' lang='lat' dir='ltr'><strong>promiserunt.</strong></span> 
     </span>
    </p>
   </div>
   <div class='ocr_carea' id='block_1_64' title="bbox 1023 1064 1814 1100">
    <p class='ocr_par' dir='ltr' id='par_1_64' title="bbox 1023 1064 1814 1100">
     <span class='ocr_line' id='line_1_64' title="bbox 1023 1064 1814 1100; baseline 0.001 -8"><span class='ocrx_word' id='word_1_461' title='bbox 1023 1066 1068 1092; x_wconf 83' lang='lat' dir='ltr'><strong>Ait</strong></span> <span class='ocrx_word' id='word_1_462' title='bbox 1084 1073 1147 1100; x_wconf 85' lang='lat' dir='ltr'><strong>ergo</strong></span> <span class='ocrx_word' id='word_1_463' title='bbox 1162 1065 1195 1092; x_wconf 86' lang='lat' dir='ltr'><strong>ad</strong></span> <span class='ocrx_word' id='word_1_464' title='bbox 1212 1065 1273 1092; x_wconf 86' lang='lat' dir='ltr'><strong>illos</strong></span> <span class='ocrx_word' id='word_1_465' title='bbox 1289 1073 1388 1093; x_wconf 84' lang='lat' dir='ltr'><strong>senex:</strong></span> <span class='ocrx_word' id='word_1_466' title='bbox 1405 1064 1566 1100; x_wconf 89' lang='lat' dir='ltr'><strong>Ubicunque</strong></span> <span class='ocrx_word' id='word_1_467' title='bbox 1590 1066 1731 1093; x_wconf 87' lang='lat' dir='ltr'><strong>audieritis</strong></span> <span class='ocrx_word' id='word_1_468' title='bbox 1752 1073 1814 1094; x_wconf 84' lang='lat' dir='ltr'><strong>esse</strong></span> 
     </span>
    </p>
   </div>
   <div class='ocr_carea' id='block_1_65' title="bbox 1023 1111 1468 1144">
    <p class='ocr_par' dir='ltr' id='par_1_65' title="bbox 1023 1111 1468 1144">
     <span class='ocr_line' id='line_1_65' title="bbox 1023 1111 1468 1144; baseline -0.002 -5"><span class='ocrx_word' id='word_1_469' title='bbox 1023 1111 1179 1144; x_wconf 84' lang='lat' dir='ltr'><strong>Arsenium,</strong></span> <span class='ocrx_word' id='word_1_470' title='bbox 1196 1119 1229 1138; x_wconf 87' lang='lat' dir='ltr'><strong>ne</strong></span> <span class='ocrx_word' id='word_1_471' title='bbox 1241 1111 1306 1138; x_wconf 88' lang='lat' dir='ltr'><strong>illuc</strong></span> <span class='ocrx_word' id='word_1_472' title='bbox 1321 1111 1468 1139; x_wconf 89' lang='lat' dir='ltr'><strong>accedatis.</strong></span> 
     </span>
    </p>
   </div>
   <div class='ocr_carea' id='block_1_66' title="bbox 1058 1156 1814 1192">
    <p class='ocr_par' dir='ltr' id='par_1_66' title="bbox 1058 1156 1814 1192">
     <span class='ocr_line' id='line_1_66' title="bbox 1058 1156 1814 1192; baseline 0 -8"><span class='ocrx_word' id='word_1_473' title='bbox 1058 1157 1085 1184; x_wconf 93' lang='lat'><strong>8.</strong></span> <span class='ocrx_word' id='word_1_474' title='bbox 1101 1156 1156 1192; x_wconf 73' lang='grc'>(57)</span> <span class='ocrx_word' id='word_1_475' title='bbox 1181 1156 1240 1183; x_wconf 83' lang='lat' dir='ltr'><strong>Alia</strong></span> <span class='ocrx_word' id='word_1_476' title='bbox 1260 1157 1319 1184; x_wconf 87' lang='lat' dir='ltr'><strong>vice</strong></span> <span class='ocrx_word' id='word_1_477' title='bbox 1337 1157 1435 1183; x_wconf 83' lang='lat' dir='ltr'><strong>iterum</strong></span> <span class='ocrx_word' id='word_1_478' title='bbox 1456 1156 1571 1191; x_wconf 87' lang='lat' dir='ltr'><strong>cupiens</strong></span> <span class='ocrx_word' id='word_1_479' title='bbox 1588 1156 1814 1191; x_wconf 81' lang='lat' dir='ltr'><strong>archiepisc0pus</strong></span> 
     </span>
    </p>
   </div>
   <div class='ocr_carea' id='block_1_67' title="bbox 1024 1202 1814 1238">
    <p class='ocr_par' dir='ltr' id='par_1_67' title="bbox 1024 1202 1814 1238">
     <span class='ocr_line' id='line_1_67' title="bbox 1024 1202 1814 1238; baseline -0.001 -8"><span class='ocrx_word' id='word_1_480' title='bbox 1024 1210 1087 1230; x_wconf 87' lang='lat' dir='ltr'><strong>cum</strong></span> <span class='ocrx_word' id='word_1_481' title='bbox 1103 1210 1136 1229; x_wconf 89' lang='lat' dir='ltr'><strong>eo</strong></span> <span class='ocrx_word' id='word_1_482' title='bbox 1148 1202 1290 1238; x_wconf 82' lang='lat' dir='ltr'><strong>congredi,</strong></span> <span class='ocrx_word' id='word_1_483' title='bbox 1306 1202 1380 1229; x_wconf 91' lang='lat' dir='ltr'><strong>misit</strong></span> <span class='ocrx_word' id='word_1_484' title='bbox 1391 1203 1478 1237; x_wconf 87' lang='lat' dir='ltr'><strong>prius,</strong></span> <span class='ocrx_word' id='word_1_485' title='bbox 1496 1202 1667 1232; x_wconf 68' lang='lat' dir='ltr'><strong>sciscitatum</strong></span> <span class='ocrx_word' id='word_1_486' title='bbox 1682 1210 1715 1228; x_wconf 93' lang='lat' dir='ltr'><strong>an</strong></span> <span class='ocrx_word' id='word_1_487' title='bbox 1730 1209 1814 1229; x_wconf 79' lang='lat' dir='ltr'><strong>senex</strong></span> 
     </span>
    </p>
   </div>
   <div class='ocr_carea' id='block_1_68' title="bbox 1024 1247 1815 1284">
    <p class='ocr_par' dir='ltr' id='par_1_68' title="bbox 1024 1247 1815 1284">
     <span class='ocr_line' id='line_1_68' title="bbox 1024 1247 1815 1284; baseline 0 -8"><span class='ocrx_word' id='word_1_488' title='bbox 1024 1250 1153 1284; x_wconf 79' lang='lat' dir='ltr'><strong>aperiret.</strong></span> <span class='ocrx_word' id='word_1_489' title='bbox 1168 1249 1193 1276; x_wconf 91' lang='lat' dir='ltr'><strong>ls</strong></span> <span class='ocrx_word' id='word_1_490' title='bbox 1211 1248 1421 1284; x_wconf 76' lang='lat' dir='ltr'><strong>signiﬁcavitei,</strong></span> <span class='ocrx_word' id='word_1_491' title='bbox 1439 1249 1553 1276; x_wconf 87' lang='lat' dir='ltr'><strong>dicens:</strong></span> <span class='ocrx_word' id='word_1_492' title='bbox 1571 1247 1599 1275; x_wconf 89' lang='lat' dir='ltr'><strong>Si</strong></span> <span class='ocrx_word' id='word_1_493' title='bbox 1615 1250 1732 1281; x_wconf 85' lang='lat' dir='ltr'><strong>veneris,</strong></span> <span class='ocrx_word' id='word_1_494' title='bbox 1750 1256 1815 1283; x_wconf 80' lang='lat' dir='ltr'><strong>ape-</strong></span> 
     </span>
    </p>
   </div>
   <div class='ocr_carea' id='block_1_69' title="bbox 1024 1295 1813 1330">
    <p class='ocr_par' dir='ltr' id='par_1_69' title="bbox 1024 1295 1813 1330">
     <span class='ocr_line' id='line_1_69' title="bbox 1024 1295 1813 1330; baseline -0.001 -8"><span class='ocrx_word' id='word_1_495' title='bbox 1024 1296 1093 1323; x_wconf 86' lang='lat' dir='ltr'><strong>riam</strong></span> <span class='ocrx_word' id='word_1_496' title='bbox 1109 1296 1168 1328; x_wconf 91' lang='lat' dir='ltr'><strong>tibi,</strong></span> <span class='ocrx_word' id='word_1_497' title='bbox 1184 1303 1301 1330; x_wconf 87' lang='lat' dir='ltr'><strong>cttmque</strong></span> <span class='ocrx_word' id='word_1_498' title='bbox 1315 1295 1363 1322; x_wconf 88' lang='lat' dir='ltr'><strong>tibi</strong></span> <span class='ocrx_word' id='word_1_499' title='bbox 1385 1303 1527 1330; x_wconf 87' lang='lat' dir='ltr'><strong>aperuero,</strong></span> <span class='ocrx_word' id='word_1_500' title='bbox 1549 1295 1657 1322; x_wconf 86' lang='lat' dir='ltr'><strong>cunctis</strong></span> <span class='ocrx_word' id='word_1_501' title='bbox 1676 1295 1813 1330; x_wconf 81' lang='lat' dir='ltr'><strong>aperiam;</strong></span> 
     </span>
    </p>
   </div>
   <div class='ocr_carea' id='block_1_70' title="bbox 1024 1341 1815 1374">
    <p class='ocr_par' dir='ltr' id='par_1_70' title="bbox 1024 1341 1815 1374">
     <span class='ocr_line' id='line_1_70' title="bbox 1024 1341 1815 1374; baseline 0 -6"><span class='ocrx_word' id='word_1_502' title='bbox 1024 1346 1051 1369; x_wconf 87' lang='lat' dir='ltr'><strong>et</strong></span> <span class='ocrx_word' id='word_1_503' title='bbox 1062 1346 1128 1369; x_wconf 85' lang='lat' dir='ltr'><strong>tunc</strong></span> <span class='ocrx_word' id='word_1_504' title='bbox 1142 1342 1212 1368; x_wconf 89' lang='lat' dir='ltr'><strong>ultra</strong></span> <span class='ocrx_word' id='word_1_505' title='bbox 1223 1350 1276 1369; x_wconf 91' lang='lat' dir='ltr'><strong>non</strong></span> <span class='ocrx_word' id='word_1_506' title='bbox 1295 1341 1411 1369; x_wconf 83' lang='lat' dir='ltr'><strong>manebo</strong></span> <span class='ocrx_word' id='word_1_507' title='bbox 1425 1341 1480 1368; x_wconf 90' lang='lat' dir='ltr'><strong>hic.</strong></span> <span class='ocrx_word' id='word_1_508' title='bbox 1493 1341 1598 1374; x_wconf 85' lang='lat' dir='ltr'><strong>Quibus</strong></span> <span class='ocrx_word' id='word_1_509' title='bbox 1610 1341 1712 1368; x_wconf 85' lang='lat' dir='ltr'><strong>auditis</strong></span> <span class='ocrx_word' id='word_1_510' title='bbox 1724 1341 1815 1368; x_wconf 67' lang='lat' dir='ltr'><strong>archb-</strong></span> 
     </span>
    </p>
   </div>
   <div class='ocr_carea' id='block_1_71' title="bbox 1024 1382 1815 1424">
    <p class='ocr_par' dir='ltr' id='par_1_71' title="bbox 1024 1382 1815 1424">
     <span class='ocr_line' id='line_1_71' title="bbox 1024 1382 1815 1424; baseline -0.004 -8"><span class='ocrx_word' id='word_1_511' title='bbox 1024 1389 1170 1424; x_wconf 85' lang='lat' dir='ltr'><strong>episeopus</strong></span> <span class='ocrx_word' id='word_1_512' title='bbox 1185 1390 1237 1416; x_wconf 85' lang='lat' dir='ltr'><strong>ait;</strong></span> <span class='ocrx_word' id='word_1_513' title='bbox 1268 1389 1296 1416; x_wconf 83' lang='lat' dir='ltr'><strong>Si</strong></span> <span class='ocrx_word' id='word_1_514' title='bbox 1312 1396 1374 1416; x_wconf 89' lang='lat' dir='ltr'><strong>eum</strong></span> <span class='ocrx_word' id='word_1_515' title='bbox 1392 1388 1559 1423; x_wconf 81' lang='lat' dir='ltr'><strong>expulsurus</strong></span> <span class='ocrx_word' id='word_1_516' title='bbox 1572 1382 1666 1422; x_wconf 65' lang='grc' dir='ltr'><strong>μενεῖ),</strong></span> <span class='ocrx_word' id='word_1_517' title='bbox 1686 1394 1739 1414; x_wconf 91' lang='lat' dir='ltr'><strong>non</strong></span> <span class='ocrx_word' id='word_1_518' title='bbox 1755 1393 1815 1413; x_wconf 78' lang='lat' dir='ltr'><strong>am-</strong></span> 
     </span>
    </p>
   </div>
   <div class='ocr_carea' id='block_1_72' title="bbox 1024 1435 1277 1470">
    <p class='ocr_par' dir='ltr' id='par_1_72' title="bbox 1024 1435 1277 1470">
     <span class='ocr_line' id='line_1_72' title="bbox 1024 1435 1277 1470; baseline -0.008 -8"><span class='ocrx_word' id='word_1_519' title='bbox 1024 1435 1096 1470; x_wconf 88' lang='lat' dir='ltr'><strong>plius</strong></span> <span class='ocrx_word' id='word_1_520' title='bbox 1109 1442 1142 1462; x_wconf 93' lang='lat' dir='ltr'><strong>eo</strong></span> <span class='ocrx_word' id='word_1_521' title='bbox 1157 1441 1277 1470; x_wconf 73' lang='lat' dir='ltr'><strong>pergam.</strong></span> 
     </span>
    </p>
   </div>
   <div class='ocr_carea' id='block_1_73' title="bbox 1060 1479 1815 1516">
    <p class='ocr_par' dir='ltr' id='par_1_73' title="bbox 1060 1479 1815 1516">
     <span class='ocr_line' id='line_1_73' title="bbox 1060 1479 1815 1516; baseline -0.004 -7"><span class='ocrx_word' id='word_1_522' title='bbox 1060 1481 1087 1508; x_wconf 87' lang='grc'><strong>9.</strong></span> <span class='ocrx_word' id='word_1_523' title='bbox 1102 1481 1157 1516; x_wconf 88' lang='grc'>(58)</span> <span class='ocrx_word' id='word_1_524' title='bbox 1171 1480 1267 1508; x_wconf 85' lang='lat' dir='ltr'><strong>Frater</strong></span> <span class='ocrx_word' id='word_1_525' title='bbox 1279 1479 1427 1516; x_wconf 78' lang='lat' dir='ltr'><strong>postulavit</strong></span> <span class='ocrx_word' id='word_1_526' title='bbox 1437 1479 1471 1507; x_wconf 89' lang='lat' dir='ltr'><strong>ab</strong></span> <span class='ocrx_word' id='word_1_527' title='bbox 1485 1479 1583 1507; x_wconf 86' lang='lat' dir='ltr'><strong>abbate</strong></span> <span class='ocrx_word' id='word_1_528' title='bbox 1597 1482 1724 1510; x_wconf 82' lang='lat' dir='ltr'><strong>Arsento,</strong></span> <span class='ocrx_word' id='word_1_529' title='bbox 1734 1487 1768 1506; x_wconf 80' lang='lat' dir='ltr'><strong>ex</strong></span> <span class='ocrx_word' id='word_1_530' title='bbox 1780 1486 1815 1506; x_wconf 91' lang='lat' dir='ltr'><strong>eo</strong></span> 
     </span>
    </p>
   </div>
   <div class='ocr_carea' id='block_1_74' title="bbox 1025 1525 1814 1562">
    <p class='ocr_par' dir='ltr' id='par_1_74' title="bbox 1025 1525 1814 1562">
     <span class='ocr_line' id='line_1_74' title="bbox 1025 1525 1814 1562; baseline -0.003 -8"><span class='ocrx_word' id='word_1_531' title='bbox 1025 1527 1128 1562; x_wconf 90' lang='lat' dir='ltr'><strong>aliquid</strong></span> <span class='ocrx_word' id='word_1_532' title='bbox 1142 1527 1245 1554; x_wconf 88' lang='lat' dir='ltr'><strong>audire.</strong></span> <span class='ocrx_word' id='word_1_533' title='bbox 1259 1527 1359 1561; x_wconf 83' lang='lat' dir='ltr'><strong>Aitque</strong></span> <span class='ocrx_word' id='word_1_534' title='bbox 1369 1527 1402 1554; x_wconf 88' lang='lat' dir='ltr'><strong>ad</strong></span> <span class='ocrx_word' id='word_1_535' title='bbox 1418 1533 1479 1553; x_wconf 85' lang='lat' dir='ltr'><strong>eum</strong></span> <span class='ocrx_word' id='word_1_536' title='bbox 1496 1533 1577 1554; x_wconf 80' lang='lat' dir='ltr'><strong>senex</strong></span> <span class='ocrx_word' id='word_1_537' title='bbox 1589 1536 1595 1553; x_wconf 91' lang='lat'><strong>:</strong></span> <span class='ocrx_word' id='word_1_538' title='bbox 1608 1525 1662 1553; x_wconf 85' lang='lat' dir='ltr'><strong>Pro</strong></span> <span class='ocrx_word' id='word_1_539' title='bbox 1683 1525 1753 1552; x_wconf 86' lang='lat' dir='ltr'><strong>virili</strong></span> <span class='ocrx_word' id='word_1_540' title='bbox 1767 1530 1814 1552; x_wconf 83' lang='lat' dir='ltr'><strong>tua</strong></span> 
     </span>
    </p>
   </div>
   <div class='ocr_carea' id='block_1_75' title="bbox 1023 1570 1813 1607">
    <p class='ocr_par' dir='ltr' id='par_1_75' title="bbox 1023 1570 1813 1607">
     <span class='ocr_line' id='line_1_75' title="bbox 1023 1570 1813 1607; baseline -0.003 -7"><span class='ocrx_word' id='word_1_541' title='bbox 1023 1573 1157 1601; x_wconf 87' lang='lat' dir='ltr'><strong>contende</strong></span> <span class='ocrx_word' id='word_1_542' title='bbox 1171 1578 1201 1600; x_wconf 89' lang='lat' dir='ltr'><strong>ut</strong></span> <span class='ocrx_word' id='word_1_543' title='bbox 1217 1573 1332 1600; x_wconf 85' lang='lat' dir='ltr'><strong>interior</strong></span> <span class='ocrx_word' id='word_1_544' title='bbox 1352 1576 1397 1600; x_wconf 89' lang='lat' dir='ltr'><strong>tua</strong></span> <span class='ocrx_word' id='word_1_545' title='bbox 1418 1572 1540 1607; x_wconf 88' lang='lat' dir='ltr'><strong>operatio</strong></span> <span class='ocrx_word' id='word_1_546' title='bbox 1558 1571 1710 1600; x_wconf 87' lang='lat' dir='ltr'><strong>secundum</strong></span> <span class='ocrx_word' id='word_1_547' title='bbox 1727 1570 1813 1599; x_wconf 89' lang='lat' dir='ltr'><strong>Deum</strong></span> 
     </span>
    </p>
   </div>
   <div class='ocr_carea' id='block_1_76' title="bbox 1022 1619 1503 1653">
    <p class='ocr_par' dir='ltr' id='par_1_76' title="bbox 1022 1619 1503 1653">
     <span class='ocr_line' id='line_1_76' title="bbox 1022 1619 1503 1653; baseline -0.006 -5"><span class='ocrx_word' id='word_1_548' title='bbox 1022 1621 1069 1653; x_wconf 78' lang='lat' dir='ltr'><strong>sit,</strong></span> <span class='ocrx_word' id='word_1_549' title='bbox 1081 1624 1109 1647; x_wconf 89' lang='lat' dir='ltr'><strong>et</strong></span> <span class='ocrx_word' id='word_1_550' title='bbox 1123 1620 1217 1648; x_wconf 85' lang='lat' dir='ltr'><strong>vinces</strong></span> <span class='ocrx_word' id='word_1_551' title='bbox 1231 1619 1346 1647; x_wconf 63' lang='lat' dir='ltr'><strong>aitet-tus</strong></span> <span class='ocrx_word' id='word_1_552' title='bbox 1365 1625 1503 1646; x_wconf 78' lang='lat' dir='ltr'><strong>externos.</strong></span> 
     </span>
    </p>
   </div>
   <div class='ocr_carea' id='block_1_77' title="bbox 1058 1663 1812 1702">
    <p class='ocr_par' dir='ltr' id='par_1_77' title="bbox 1058 1663 1812 1702">
     <span class='ocr_line' id='line_1_77' title="bbox 1058 1663 1812 1702; baseline -0.008 -7"><span class='ocrx_word' id='word_1_553' title='bbox 1058 1668 1101 1695; x_wconf 84' lang='lat' dir='ltr'><strong>l0.</strong></span> <span class='ocrx_word' id='word_1_554' title='bbox 1129 1665 1186 1702; x_wconf 83' lang='lat'><strong>(59)</strong></span> <span class='ocrx_word' id='word_1_555' title='bbox 1212 1665 1283 1692; x_wconf 85' lang='lat' dir='ltr'><strong>Dixit</strong></span> <span class='ocrx_word' id='word_1_556' title='bbox 1304 1665 1425 1693; x_wconf 89' lang='lat' dir='ltr'><strong>iterum:</strong></span> <span class='ocrx_word' id='word_1_557' title='bbox 1456 1664 1484 1692; x_wconf 87' lang='lat' dir='ltr'><strong>Si</strong></span> <span class='ocrx_word' id='word_1_558' title='bbox 1511 1664 1595 1692; x_wconf 90' lang='lat' dir='ltr'><strong>Deum</strong></span> <span class='ocrx_word' id='word_1_559' title='bbox 1627 1663 1812 1698; x_wconf 87' lang='lat' dir='ltr'><strong>requiramus,</strong></span> 
     </span>
    </p>
   </div>
   <div class='ocr_carea' id='block_1_78' title="bbox 1022 1708 1813 1750">
    <p class='ocr_par' dir='ltr' id='par_1_78' title="bbox 1022 1708 1813 1750">
     <span class='ocr_line' id='line_1_78' title="bbox 1022 1708 1813 1750; baseline -0.008 -9"><span class='ocrx_word' id='word_1_560' title='bbox 1022 1712 1163 1750; x_wconf 88' lang='lat' dir='ltr'><strong>apparebit</strong></span> <span class='ocrx_word' id='word_1_561' title='bbox 1179 1712 1277 1745; x_wconf 88' lang='lat' dir='ltr'><strong>nobis;</strong></span> <span class='ocrx_word' id='word_1_562' title='bbox 1295 1716 1322 1739; x_wconf 90' lang='lat' dir='ltr'><strong>et</strong></span> <span class='ocrx_word' id='word_1_563' title='bbox 1334 1718 1396 1738; x_wconf 92' lang='lat' dir='ltr'><strong>eum</strong></span> <span class='ocrx_word' id='word_1_564' title='bbox 1411 1710 1435 1738; x_wconf 88' lang='lat' dir='ltr'><strong>si</strong></span> <span class='ocrx_word' id='word_1_565' title='bbox 1448 1709 1652 1741; x_wconf 87' lang='lat' dir='ltr'><strong>retinuerimus,</strong></span> <span class='ocrx_word' id='word_1_566' title='bbox 1668 1708 1813 1736; x_wconf 85' lang='lat' dir='ltr'><strong>nobiscum</strong></span> 
     </span>
    </p>
   </div>
   <div class='ocr_carea' id='block_1_79' title="bbox 1022 1758 1206 1796">
    <p class='ocr_par' dir='ltr' id='par_1_79' title="bbox 1022 1758 1206 1796">
     <span class='ocr_line' id='line_1_79' title="bbox 1022 1758 1206 1796; baseline -0.016 -9"><span class='ocrx_word' id='word_1_567' title='bbox 1022 1758 1206 1796; x_wconf 84' lang='lat' dir='ltr'><strong>permanebit.</strong></span> 
     </span>
    </p>
   </div>
   <div class='ocr_carea' id='block_1_80' title="bbox 1059 1799 1814 1841">
    <p class='ocr_par' dir='ltr' id='par_1_80' title="bbox 1059 1799 1814 1841">
     <span class='ocr_line' id='line_1_80' title="bbox 1059 1799 1814 1841; baseline -0.007 -8"><span class='ocrx_word' id='word_1_568' title='bbox 1059 1806 1103 1834; x_wconf 75' lang='lat' dir='ltr'><strong>il.</strong></span> <span class='ocrx_word' id='word_1_569' title='bbox 1123 1804 1178 1841; x_wconf 85' lang='lat'><strong>(60)</strong></span> <span class='ocrx_word' id='word_1_570' title='bbox 1200 1803 1307 1839; x_wconf 83' lang='lat' dir='ltr'><strong>Aliquis</strong></span> <span class='ocrx_word' id='word_1_571' title='bbox 1320 1802 1388 1830; x_wconf 83' lang='lat' dir='ltr'><strong>dixit</strong></span> <span class='ocrx_word' id='word_1_572' title='bbox 1400 1801 1491 1829; x_wconf 87' lang='lat' dir='ltr'><strong>abbati</strong></span> <span class='ocrx_word' id='word_1_573' title='bbox 1507 1801 1638 1828; x_wconf 84' lang='lat' dir='ltr'><strong>Arsenio:</strong></span> <span class='ocrx_word' id='word_1_574' title='bbox 1663 1799 1814 1835; x_wconf 75' lang='lat' dir='ltr'><strong>Cogitatio-</strong></span> 
     </span>
    </p>
   </div>
   <div class='ocr_carea' id='block_1_81' title="bbox 1022 1845 1812 1886">
    <p class='ocr_par' dir='ltr' id='par_1_81' title="bbox 1022 1845 1812 1886">
     <span class='ocr_line' id='line_1_81' title="bbox 1022 1845 1812 1886; baseline -0.008 -6"><span class='ocrx_word' id='word_1_575' title='bbox 1022 1859 1071 1880; x_wconf 90' lang='lat' dir='ltr'><strong>nes</strong></span> <span class='ocrx_word' id='word_1_576' title='bbox 1082 1859 1147 1879; x_wconf 77' lang='lat' dir='ltr'><strong>meae</strong></span> <span class='ocrx_word' id='word_1_577' title='bbox 1158 1850 1279 1886; x_wconf 77' lang='lat' dir='ltr'><strong>atlligunt</strong></span> <span class='ocrx_word' id='word_1_578' title='bbox 1287 1857 1340 1880; x_wconf 88' lang='lat' dir='ltr'><strong>me,</strong></span> <span class='ocrx_word' id='word_1_579' title='bbox 1354 1849 1392 1875; x_wconf 89' lang='lat' dir='ltr'><strong>ita</strong></span> <span class='ocrx_word' id='word_1_580' title='bbox 1405 1851 1599 1883; x_wconf 76' lang='lat' dir='ltr'><strong>suggerentes:</strong></span> <span class='ocrx_word' id='word_1_581' title='bbox 1612 1845 1671 1874; x_wconf 84' lang='lat' dir='ltr'><strong>Non</strong></span> <span class='ocrx_word' id='word_1_582' title='bbox 1685 1847 1759 1874; x_wconf 79' lang='lat' dir='ltr'><strong>vales</strong></span> <span class='ocrx_word' id='word_1_583' title='bbox 1771 1845 1812 1881; x_wconf 87' lang='lat' dir='ltr'><strong>je-</strong></span> 
     </span>
    </p>
   </div>
   <div class='ocr_carea' id='block_1_82' title="bbox 1020 1891 1813 1934">
    <p class='ocr_par' dir='ltr' id='par_1_82' title="bbox 1020 1891 1813 1934">
     <span class='ocr_line' id='line_1_82' title="bbox 1020 1891 1813 1934; baseline -0.008 -9"><span class='ocrx_word' id='word_1_584' title='bbox 1020 1898 1130 1934; x_wconf 87' lang='lat' dir='ltr'><strong>junare,</strong></span> <span class='ocrx_word' id='word_1_585' title='bbox 1140 1905 1190 1924; x_wconf 83' lang='lat' dir='ltr'><strong>nec</strong></span> <span class='ocrx_word' id='word_1_586' title='bbox 1204 1896 1310 1931; x_wconf 89' lang='lat' dir='ltr'><strong>operari</strong></span> <span class='ocrx_word' id='word_1_587' title='bbox 1322 1903 1329 1927; x_wconf 92' lang='lat'><strong>;</strong></span> <span class='ocrx_word' id='word_1_588' title='bbox 1339 1895 1435 1923; x_wconf 88' lang='lat' dir='ltr'><strong>saltem</strong></span> <span class='ocrx_word' id='word_1_589' title='bbox 1451 1893 1574 1921; x_wconf 80' lang='lat' dir='ltr'><strong>inﬁrmos</strong></span> <span class='ocrx_word' id='word_1_590' title='bbox 1588 1893 1685 1926; x_wconf 82' lang='lat' dir='ltr'><strong>visita;</strong></span> <span class='ocrx_word' id='word_1_591' title='bbox 1699 1891 1727 1920; x_wconf 89' lang='lat' dir='ltr'><strong>id</strong></span> <span class='ocrx_word' id='word_1_592' title='bbox 1738 1892 1813 1920; x_wconf 83' lang='lat' dir='ltr'><strong>enim</strong></span> 
     </span>
    </p>
   </div>
   <div class='ocr_carea' id='block_1_83' title="bbox 1023 1939 1814 1980">
    <p class='ocr_par' dir='ltr' id='par_1_83' title="bbox 1023 1939 1814 1980">
     <span class='ocr_line' id='line_1_83' title="bbox 1023 1939 1814 1980; baseline -0.009 -8"><span class='ocrx_word' id='word_1_593' title='bbox 1023 1952 1132 1980; x_wconf 88' lang='lat' dir='ltr'><strong>quoque</strong></span> <span class='ocrx_word' id='word_1_594' title='bbox 1149 1944 1269 1972; x_wconf 80' lang='lat' dir='ltr'><strong>Charitas</strong></span> <span class='ocrx_word' id='word_1_595' title='bbox 1282 1947 1333 1969; x_wconf 88' lang='lat' dir='ltr'><strong>est.</strong></span> <span class='ocrx_word' id='word_1_596' title='bbox 1352 1941 1438 1969; x_wconf 75' lang='lat' dir='ltr'><strong>Senex</strong></span> <span class='ocrx_word' id='word_1_597' title='bbox 1458 1948 1532 1972; x_wconf 91' lang='lat' dir='ltr'><strong>vero,</strong></span> <span class='ocrx_word' id='word_1_598' title='bbox 1548 1940 1592 1967; x_wconf 91' lang='lat' dir='ltr'><strong>cui</strong></span> <span class='ocrx_word' id='word_1_599' title='bbox 1609 1944 1672 1967; x_wconf 88' lang='lat' dir='ltr'><strong>nota</strong></span> <span class='ocrx_word' id='word_1_600' title='bbox 1686 1943 1745 1967; x_wconf 87' lang='lat' dir='ltr'><strong>erat</strong></span> <span class='ocrx_word' id='word_1_601' title='bbox 1758 1939 1814 1966; x_wconf 63' lang='lat' dir='ltr'><strong>daa-</strong></span> 
     </span>
    </p>
   </div>
   <div class='ocr_carea' id='block_1_84' title="bbox 1024 1985 1813 2019">
    <p class='ocr_par' dir='ltr' id='par_1_84' title="bbox 1024 1985 1813 2019">
     <span class='ocr_line' id='line_1_84' title="bbox 1024 1985 1813 2019; baseline -0.009 0"><span class='ocrx_word' id='word_1_602' title='bbox 1024 1998 1135 2019; x_wconf 88' lang='lat' dir='ltr'><strong>monunt</strong></span> <span class='ocrx_word' id='word_1_603' title='bbox 1162 1989 1304 2019; x_wconf 85' lang='lat' dir='ltr'><strong>sementis,</strong></span> <span class='ocrx_word' id='word_1_604' title='bbox 1321 1988 1359 2015; x_wconf 86' lang='lat' dir='ltr'><strong>ait</strong></span> <span class='ocrx_word' id='word_1_605' title='bbox 1373 1987 1432 2015; x_wconf 90' lang='lat' dir='ltr'><strong>illi:</strong></span> <span class='ocrx_word' id='word_1_606' title='bbox 1462 1986 1547 2018; x_wconf 86' lang='lat' dir='ltr'><strong>Vade,</strong></span> <span class='ocrx_word' id='word_1_607' title='bbox 1571 1986 1717 2018; x_wconf 88' lang='lat' dir='ltr'><strong>manduca,</strong></span> <span class='ocrx_word' id='word_1_608' title='bbox 1738 1985 1813 2018; x_wconf 79' lang='lat' dir='ltr'><strong>bibe,</strong></span> 
     </span>
    </p>
   </div>
   <div class='ocr_carea' id='block_1_85' title="bbox 1024 2032 1813 2070">
    <p class='ocr_par' dir='ltr' id='par_1_85' title="bbox 1024 2032 1813 2070">
     <span class='ocr_line' id='line_1_85' title="bbox 1024 2032 1813 2070; baseline -0.006 -7"><span class='ocrx_word' id='word_1_609' title='bbox 1024 2037 1124 2068; x_wconf 90' lang='lat' dir='ltr'><strong>dormi,</strong></span> <span class='ocrx_word' id='word_1_610' title='bbox 1146 2043 1180 2063; x_wconf 89' lang='lat' dir='ltr'><strong>ne</strong></span> <span class='ocrx_word' id='word_1_611' title='bbox 1200 2034 1332 2070; x_wconf 85' lang='lat' dir='ltr'><strong>opereris,</strong></span> <span class='ocrx_word' id='word_1_612' title='bbox 1350 2034 1482 2061; x_wconf 84' lang='lat' dir='ltr'><strong>duntaxat</strong></span> <span class='ocrx_word' id='word_1_613' title='bbox 1502 2040 1518 2060; x_wconf 91' lang='lat' dir='ltr'><strong>e</strong></span> <span class='ocrx_word' id='word_1_614' title='bbox 1538 2032 1607 2060; x_wconf 91' lang='lat' dir='ltr'><strong>cella</strong></span> <span class='ocrx_word' id='word_1_615' title='bbox 1621 2040 1654 2060; x_wconf 91' lang='lat' dir='ltr'><strong>ne</strong></span> <span class='ocrx_word' id='word_1_616' title='bbox 1675 2032 1813 2060; x_wconf 83' lang='lat' dir='ltr'><strong>discedas.</strong></span> 
     </span>
    </p>
   </div>
   <div class='ocr_carea' id='block_1_86' title="bbox 1025 2077 1814 2115">
    <p class='ocr_par' dir='ltr' id='par_1_86' title="bbox 1025 2077 1814 2115">
     <span class='ocr_line' id='line_1_86' title="bbox 1025 2077 1814 2115; baseline -0.006 -6"><span class='ocrx_word' id='word_1_617' title='bbox 1025 2081 1136 2109; x_wconf 82' lang='lat' dir='ltr'><strong>Sciebat</strong></span> <span class='ocrx_word' id='word_1_618' title='bbox 1158 2081 1244 2112; x_wconf 79' lang='lat' dir='ltr'><strong>enim,</strong></span> <span class='ocrx_word' id='word_1_619' title='bbox 1267 2087 1315 2115; x_wconf 85' lang='lat' dir='ltr'><strong>per</strong></span> <span class='ocrx_word' id='word_1_620' title='bbox 1338 2079 1484 2114; x_wconf 85' lang='lat' dir='ltr'><strong>patientem</strong></span> <span class='ocrx_word' id='word_1_621' title='bbox 1504 2077 1531 2105; x_wconf 93' lang='lat' dir='ltr'><strong>in</strong></span> <span class='ocrx_word' id='word_1_622' title='bbox 1546 2078 1614 2105; x_wconf 85' lang='lat' dir='ltr'><strong>cella</strong></span> <span class='ocrx_word' id='word_1_623' title='bbox 1641 2077 1814 2105; x_wconf 82' lang='lat' dir='ltr'><strong>mansionem</strong></span> 
     </span>
    </p>
   </div>
   <div class='ocr_carea' id='block_1_87' title="bbox 1024 2125 1645 2156">
    <p class='ocr_par' dir='ltr' id='par_1_87' title="bbox 1024 2125 1645 2156">
     <span class='ocr_line' id='line_1_87' title="bbox 1024 2125 1645 2156; baseline -0.008 0"><span class='ocrx_word' id='word_1_624' title='bbox 1024 2129 1120 2156; x_wconf 89' lang='lat' dir='ltr'><strong>adduci</strong></span> <span class='ocrx_word' id='word_1_625' title='bbox 1137 2128 1301 2155; x_wconf 83' lang='lat' dir='ltr'><strong>monachum</strong></span> <span class='ocrx_word' id='word_1_626' title='bbox 1316 2127 1349 2154; x_wconf 89' lang='lat' dir='ltr'><strong>ad</strong></span> <span class='ocrx_word' id='word_1_627' title='bbox 1364 2134 1421 2154; x_wconf 78' lang='lat' dir='ltr'><strong>sua:</strong></span> <span class='ocrx_word' id='word_1_628' title='bbox 1434 2126 1496 2152; x_wconf 76' lang='lat' dir='ltr'><strong>vitae</strong></span> <span class='ocrx_word' id='word_1_629' title='bbox 1510 2125 1645 2152; x_wconf 87' lang='lat' dir='ltr'><strong>ordinem.</strong></span> 
     </span>
    </p>
   </div>
   <div class='ocr_carea' id='block_1_88' title="bbox 1060 2171 1814 2209">
    <p class='ocr_par' dir='ltr' id='par_1_88' title="bbox 1060 2171 1814 2209">
     <span class='ocr_line' id='line_1_88' title="bbox 1060 2171 1814 2209; baseline -0.005 -8"><span class='ocrx_word' id='word_1_630' title='bbox 1060 2174 1104 2201; x_wconf 75' lang='grc'><strong>12.</strong></span> <span class='ocrx_word' id='word_1_631' title='bbox 1120 2173 1176 2209; x_wconf 82' lang='grc'>(61)</span> <span class='ocrx_word' id='word_1_632' title='bbox 1193 2173 1303 2201; x_wconf 88' lang='lat' dir='ltr'><strong>Dicebat</strong></span> <span class='ocrx_word' id='word_1_633' title='bbox 1317 2173 1402 2200; x_wconf 90' lang='lat' dir='ltr'><strong>abbas</strong></span> <span class='ocrx_word' id='word_1_634' title='bbox 1412 2172 1555 2204; x_wconf 80' lang='lat' dir='ltr'><strong>Arsenius,</strong></span> <span class='ocrx_word' id='word_1_635' title='bbox 1570 2171 1743 2207; x_wconf 77' lang='lat' dir='ltr'><strong>peregrinum</strong></span> <span class='ocrx_word' id='word_1_636' title='bbox 1755 2177 1814 2198; x_wconf 88' lang='lat' dir='ltr'><strong>tuo-</strong></span> 
     </span>
    </p>
   </div>
   <div class='ocr_carea' id='block_1_89' title="bbox 182 2215 971 2259">
    <p class='ocr_par' dir='ltr' id='par_1_89' title="bbox 182 2216 971 2253">
     <span class='ocr_line' id='line_1_89' title="bbox 182 2216 971 2253; baseline 0.008 -11"><span class='ocrx_word' id='word_1_637' title='bbox 182 2217 222 2247; x_wconf 78' lang='grc' dir='ltr'><strong>εἰς</strong></span> <span class='ocrx_word' id='word_1_638' title='bbox 246 2216 389 2252; x_wconf 87' lang='grc' dir='ltr'>ἀλλοτρίαν</span> <span class='ocrx_word' id='word_1_639' title='bbox 412 2216 503 2253; x_wconf 84' lang='grc' dir='ltr'>χώραν</span> <span class='ocrx_word' id='word_1_640' title='bbox 530 2217 613 2253; x_wconf 84' lang='grc' dir='ltr'>μηδὲν</span> <span class='ocrx_word' id='word_1_641' title='bbox 643 2217 801 2252; x_wconf 74' lang='grc' dir='ltr'>μεσαζέτω.</span> <span class='ocrx_word' id='word_1_642' title='bbox 835 2220 883 2247; x_wconf 77' lang='grc' dir='ltr'>καὶ</span> <span class='ocrx_word' id='word_1_643' title='bbox 906 2221 971 2248; x_wconf 85' lang='grc' dir='ltr'>ἀνα-</span> 
     </span>
    </p>
   </div>
   <div class='ocr_carea' id='block_1_90' title="bbox 1028 2215 1815 2259">
    <p class='ocr_par' dir='ltr' id='par_1_90' title="bbox 1028 2215 1815 2252">
     <span class='ocr_line' id='line_1_90' title="bbox 1028 2215 1815 2252; baseline -0.005 -6"><span class='ocrx_word' id='word_1_644' title='bbox 1028 2219 1145 2247; x_wconf 86' lang='lat' dir='ltr'><strong>nachum</strong></span> <span class='ocrx_word' id='word_1_645' title='bbox 1159 2219 1186 2246; x_wconf 93' lang='lat' dir='ltr'><strong>in</strong></span> <span class='ocrx_word' id='word_1_646' title='bbox 1199 2219 1286 2246; x_wconf 86' lang='lat' dir='ltr'><strong>aliena</strong></span> <span class='ocrx_word' id='word_1_647' title='bbox 1298 2218 1410 2252; x_wconf 74' lang='lat' dir='ltr'><strong>regione</strong></span> <span class='ocrx_word' id='word_1_648' title='bbox 1423 2217 1499 2244; x_wconf 94' lang='lat' dir='ltr'><strong>nullo</strong></span> <span class='ocrx_word' id='word_1_649' title='bbox 1520 2217 1548 2244; x_wconf 89' lang='lat' dir='ltr'><strong>in</strong></span> <span class='ocrx_word' id='word_1_650' title='bbox 1563 2216 1674 2251; x_wconf 77' lang='lat' dir='ltr'><strong>negotio</strong></span> <span class='ocrx_word' id='word_1_651' title='bbox 1692 2215 1815 2243; x_wconf 86' lang='lat' dir='ltr'><strong>medium</strong></span> 
     </span>
    </p>
   </div>
   <div class='ocr_carea' id='block_1_91' title="bbox 182 2261 310 2289">
    <p class='ocr_par' dir='ltr' id='par_1_91' title="bbox 182 2261 310 2289">
     <span class='ocr_line' id='line_1_91' title="bbox 182 2261 310 2289; baseline 0.008 -2"><span class='ocrx_word' id='word_1_652' title='bbox 182 2261 310 2289; x_wconf 79' lang='grc' dir='ltr'>παύεται.</span> 
     </span>
    </p>
   </div>
   <div class='ocr_carea' id='block_1_92' title="bbox 217 2340 971 2379">
    <p class='ocr_par' dir='ltr' id='par_1_92' title="bbox 217 2340 971 2379">
     <span class='ocr_line' id='line_1_92' title="bbox 217 2340 971 2379; baseline 0.005 -11"><span class='ocrx_word' id='word_1_653' title='bbox 217 2341 272 2374; x_wconf 59' lang='grc'>(54)</span> <span class='ocrx_word' id='word_1_654' title='bbox 290 2341 417 2379; x_wconf 35' lang='grc' dir='ltr'><strong>Εἰς-τὴν</strong></span> <span class='ocrx_word' id='word_1_655' title='bbox 432 2340 518 2379; x_wconf 63' lang='grc' dir='ltr'>τάξιν</span> <span class='ocrx_word' id='word_1_656' title='bbox 540 2341 644 2368; x_wconf 83' lang='grc' dir='ltr'>αὑτοῦ.</span> <span class='ocrx_word' id='word_1_657' title='bbox 663 2341 795 2379; x_wconf 85' lang='lat' dir='ltr'><strong>_Additur</strong></span> <span class='ocrx_word' id='word_1_658' title='bbox 819 2343 847 2370; x_wconf 94' lang='lat' dir='ltr'><strong>in</strong></span> <span class='ocrx_word' id='word_1_659' title='bbox 869 2343 971 2379; x_wconf 79' lang='lat' dir='ltr'><strong>Pelagii</strong></span> 
     </span>
    </p>
   </div>
   <div class='ocr_carea' id='block_1_93' title="bbox 182 2377 972 2411">
    <p class='ocr_par' dir='ltr' id='par_1_93' title="bbox 182 2377 972 2411">
     <span class='ocr_line' id='line_1_93' title="bbox 182 2377 972 2411; baseline 0.006 -9"><span class='ocrx_word' id='word_1_660' title='bbox 182 2377 432 2410; x_wconf 89' lang='lat' dir='ltr'><strong>luterpretatione:</strong></span> <span class='ocrx_word' id='word_1_661' title='bbox 457 2377 510 2409; x_wconf 82' lang='lat' dir='ltr'><strong>Qui</strong></span> <span class='ocrx_word' id='word_1_662' title='bbox 535 2385 594 2403; x_wconf 85' lang='lat' dir='ltr'><strong>cum</strong></span> <span class='ocrx_word' id='word_1_663' title='bbox 619 2377 724 2411; x_wconf 78' lang='lat' dir='ltr'><strong>lecisset</strong></span> <span class='ocrx_word' id='word_1_664' title='bbox 748 2383 801 2405; x_wconf 78' lang='lat' dir='ltr'><strong>tres</strong></span> <span class='ocrx_word' id='word_1_665' title='bbox 816 2377 972 2409; x_wconf 48' lang='lat' dir='ltr'><strong>dicant—w-</strong></span> 
     </span>
    </p>
   </div>
   <div class='ocr_carea' id='block_1_94' title="bbox 181 2411 970 2447">
    <p class='ocr_par' dir='ltr' id='par_1_94' title="bbox 181 2411 970 2447">
     <span class='ocr_line' id='line_1_94' title="bbox 181 2411 970 2447; baseline 0.006 -10"><span class='ocrx_word' id='word_1_666' title='bbox 181 2411 270 2438; x_wconf 81' lang='lat' dir='ltr'><strong>diatus</strong></span> <span class='ocrx_word' id='word_1_667' title='bbox 288 2416 338 2442; x_wconf 74' lang='lat' dir='ltr'><strong>est,</strong></span> <span class='ocrx_word' id='word_1_668' title='bbox 359 2416 385 2438; x_wconf 85' lang='lat' dir='ltr'><strong>et</strong></span> <span class='ocrx_word' id='word_1_669' title='bbox 395 2412 525 2439; x_wconf 77' lang='lat' dir='ltr'><strong>inveniens</strong></span> <span class='ocrx_word' id='word_1_670' title='bbox 542 2420 642 2447; x_wconf 76' lang='lat' dir='ltr'><strong>paucas</strong></span> <span class='ocrx_word' id='word_1_671' title='bbox 652 2413 796 2446; x_wconf 75' lang='lat' dir='ltr'><strong>palmulas,</strong></span> <span class='ocrx_word' id='word_1_672' title='bbox 813 2413 893 2441; x_wconf 78' lang='lat' dir='ltr'><strong>scidit</strong></span> <span class='ocrx_word' id='word_1_673' title='bbox 906 2423 970 2447; x_wconf 77' lang='lat' dir='ltr'><strong>eas;</strong></span> 
     </span>
    </p>
   </div>
   <div class='ocr_carea' id='block_1_95' title="bbox 180 2447 972 2483">
    <p class='ocr_par' dir='ltr' id='par_1_95' title="bbox 180 2447 972 2483">
     <span class='ocr_line' id='line_1_95' title="bbox 180 2447 972 2483; baseline 0.006 -10"><span class='ocrx_word' id='word_1_674' title='bbox 180 2452 206 2474; x_wconf 76' lang='lat' dir='ltr'><strong>et</strong></span> <span class='ocrx_word' id='word_1_675' title='bbox 214 2447 310 2474; x_wconf 81' lang='lat' dir='ltr'><strong>iterum</strong></span> <span class='ocrx_word' id='word_1_676' title='bbox 323 2447 481 2483; x_wconf 44' lang='lat' dir='ltr'><strong>in‘crastino</strong></span> <span class='ocrx_word' id='word_1_677' title='bbox 498 2448 574 2480; x_wconf 63' lang='lat' dir='ltr'><strong>capit</strong></span> <span class='ocrx_word' id='word_1_678' title='bbox 591 2448 704 2482; x_wconf 76' lang='lat' dir='ltr'><strong>picatum</strong></span> <span class='ocrx_word' id='word_1_679' title='bbox 719 2448 815 2483; x_wconf 81' lang='lat' dir='ltr'><strong>(codex</strong></span> <span class='ocrx_word' id='word_1_680' title='bbox 842 2448 972 2478; x_wconf 89' lang='lat' dir='ltr'><strong>Suessio-</strong></span> 
     </span>
    </p>
   </div>
   <div class='ocr_carea' id='block_1_96' title="bbox 182 2481 971 2518">
    <p class='ocr_par' dir='ltr' id='par_1_96' title="bbox 182 2481 971 2518">
     <span class='ocr_line' id='line_1_96' title="bbox 182 2481 971 2518; baseline 0.004 -9"><span class='ocrx_word' id='word_1_681' title='bbox 182 2483 276 2509; x_wconf 88' lang='lat' dir='ltr'><strong>nensis</strong></span> <span class='ocrx_word' id='word_1_682' title='bbox 295 2487 322 2509; x_wconf 91' lang='lat' dir='ltr'><strong>et</strong></span> <span class='ocrx_word' id='word_1_683' title='bbox 344 2481 526 2513; x_wconf 84' lang='lat' dir='ltr'><strong>Fossatensis.</strong></span> <span class='ocrx_word' id='word_1_684' title='bbox 545 2482 661 2518; x_wconf 76' lang='lat' dir='ltr'><strong>ﬂectant)</strong></span> <span class='ocrx_word' id='word_1_685' title='bbox 691 2481 776 2518; x_wconf 60' lang='lat' dir='ltr'><strong>facere</strong></span> <span class='ocrx_word' id='word_1_686' title='bbox 798 2492 831 2510; x_wconf 67' lang='lat' dir='ltr'><strong>ex</strong></span> <span class='ocrx_word' id='word_1_687' title='bbox 847 2485 896 2511; x_wconf 74' lang='lat' dir='ltr'><strong>eis.</strong></span> <span class='ocrx_word' id='word_1_688' title='bbox 918 2485 971 2518; x_wconf 82' lang='lat' dir='ltr'><strong>Qui</strong></span> 
     </span>
    </p>
   </div>
   <div class='ocr_carea' id='block_1_97' title="bbox 180 2517 971 2553">
    <p class='ocr_par' dir='ltr' id='par_1_97' title="bbox 180 2517 971 2553">
     <span class='ocr_line' id='line_1_97' title="bbox 180 2517 971 2553; baseline 0.004 -9"><span class='ocrx_word' id='word_1_689' title='bbox 180 2526 240 2544; x_wconf 68' lang='lat' dir='ltr'><strong>cum</strong></span> <span class='ocrx_word' id='word_1_690' title='bbox 253 2518 389 2548; x_wconf 73' lang='lat' dir='ltr'><strong>esurisset,</strong></span> <span class='ocrx_word' id='word_1_691' title='bbox 401 2517 471 2543; x_wconf 73' lang='lat' dir='ltr'><strong>dixit</strong></span> <span class='ocrx_word' id='word_1_692' title='bbox 488 2518 559 2544; x_wconf 81' lang='lat' dir='ltr'><strong>intra</strong></span> <span class='ocrx_word' id='word_1_693' title='bbox 573 2526 600 2544; x_wconf 77' lang='lat' dir='ltr'><strong>se</strong></span> <span class='ocrx_word' id='word_1_694' title='bbox 613 2527 621 2545; x_wconf 91' lang='lat'><strong><em>:</em></strong></span> <span class='ocrx_word' id='word_1_695' title='bbox 641 2517 707 2545; x_wconf 81' lang='lat' dir='ltr'><strong>Ecce</strong></span> <span class='ocrx_word' id='word_1_696' title='bbox 727 2519 789 2546; x_wconf 66' lang='lat' dir='ltr'><strong>alia!</strong></span> <span class='ocrx_word' id='word_1_697' title='bbox 804 2527 895 2553; x_wconf 66' lang='lat' dir='ltr'><strong>pauca;</strong></span> <span class='ocrx_word' id='word_1_698' title='bbox 909 2517 971 2547; x_wconf 70' lang='lat' dir='ltr'><strong>rant</strong></span> 
     </span>
    </p>
   </div>
   <div class='ocr_carea' id='block_1_98' title="bbox 179 2553 971 2589">
    <p class='ocr_par' dir='ltr' id='par_1_98' title="bbox 179 2553 971 2589">
     <span class='ocr_line' id='line_1_98' title="bbox 179 2553 971 2589; baseline 0.004 -10"><span class='ocrx_word' id='word_1_699' title='bbox 179 2553 316 2586; x_wconf 67' lang='lat' dir='ltr'><strong>palmula,</strong></span> <span class='ocrx_word' id='word_1_700' title='bbox 329 2553 431 2589; x_wconf 46' lang='lat' dir='ltr'><strong>explica</strong></span> <span class='ocrx_word' id='word_1_701' title='bbox 444 2561 489 2580; x_wconf 66' lang='lat' dir='ltr'><strong>ea;</strong></span> <span class='ocrx_word' id='word_1_702' title='bbox 504 2558 528 2580; x_wconf 83' lang='lat' dir='ltr'><strong>et</strong></span> <span class='ocrx_word' id='word_1_703' title='bbox 540 2554 684 2580; x_wconf 75' lang='lat' dir='ltr'><strong>manduco.</strong></span> <span class='ocrx_word' id='word_1_704' title='bbox 713 2553 748 2580; x_wconf 88' lang='lat' dir='ltr'><strong>Et</strong></span> <span class='ocrx_word' id='word_1_705' title='bbox 759 2562 817 2581; x_wconf 85' lang='lat' dir='ltr'><strong>cum</strong></span> <span class='ocrx_word' id='word_1_706' title='bbox 830 2563 971 2589; x_wconf 70' lang='lat' dir='ltr'><strong>perexpen-</strong></span> 
     </span>
    </p>
   </div>
   <div class='ocr_carea' id='block_1_99' title="bbox 179 2587 971 2623">
    <p class='ocr_par' dir='ltr' id='par_1_99' title="bbox 179 2587 971 2623">
     <span class='ocr_line' id='line_1_99' title="bbox 179 2587 971 2623; baseline 0.004 -9"><span class='ocrx_word' id='word_1_707' title='bbox 179 2588 261 2615; x_wconf 63' lang='lat' dir='ltr'><strong>uisset</strong></span> <span class='ocrx_word' id='word_1_708' title='bbox 277 2588 356 2623; x_wconf 85' lang='lat' dir='ltr'><strong>(cod.</strong></span> <span class='ocrx_word' id='word_1_709' title='bbox 372 2587 546 2616; x_wconf 78' lang='lat' dir='ltr'><strong>Fossatensis</strong></span> <span class='ocrx_word' id='word_1_710' title='bbox 569 2588 783 2623; x_wconf 66' lang='lat' dir='ltr'><strong>pcrexplicuisset</strong></span> <span class='ocrx_word' id='word_1_711' title='bbox 797 2590 806 2623; x_wconf 85' lang='lat'><strong>)</strong></span> <span class='ocrx_word' id='word_1_712' title='bbox 828 2587 884 2621; x_wconf 73' lang='lat' dir='ltr'><strong>eas,</strong></span> <span class='ocrx_word' id='word_1_713' title='bbox 901 2587 971 2617; x_wconf 65' lang='lat' dir='ltr'><strong>dixit</strong></span> 
     </span>
    </p>
   </div>
   <div class='ocr_carea' id='block_1_100' title="bbox 180 2623 972 2660">
    <p class='ocr_par' dir='ltr' id='par_1_100' title="bbox 180 2623 972 2660">
     <span class='ocr_line' id='line_1_100' title="bbox 180 2623 972 2660; baseline 0.003 -10"><span class='ocrx_word' id='word_1_714' title='bbox 180 2625 275 2660; x_wconf 74' lang='lat' dir='ltr'><strong>iterum</strong></span> <span class='ocrx_word' id='word_1_715' title='bbox 286 2631 298 2660; x_wconf 17' lang='lat'><strong>:7</strong></span> <span class='ocrx_word' id='word_1_716' title='bbox 309 2623 378 2660; x_wconf 70' lang='lat' dir='ltr'><strong>Lego</strong></span> <span class='ocrx_word' id='word_1_717' title='bbox 388 2631 497 2660; x_wconf 49' lang='lat' dir='ltr'><strong>parum,</strong></span> <span class='ocrx_word' id='word_1_718' title='bbox 513 2628 538 2650; x_wconf 83' lang='lat' dir='ltr'><strong>et</strong></span> <span class='ocrx_word' id='word_1_719' title='bbox 552 2625 589 2650; x_wconf 74' lang='lat' dir='ltr'><strong>sic</strong></span> <span class='ocrx_word' id='word_1_720' title='bbox 602 2626 741 2651; x_wconf 79' lang='lat' dir='ltr'><strong>manduco.</strong></span> <span class='ocrx_word' id='word_1_721' title='bbox 761 2624 795 2651; x_wconf 86' lang='lat' dir='ltr'><strong>Et</strong></span> <span class='ocrx_word' id='word_1_722' title='bbox 815 2633 875 2651; x_wconf 78' lang='lat' dir='ltr'><strong>cum</strong></span> <span class='ocrx_word' id='word_1_723' title='bbox 892 2625 972 2660; x_wconf 72' lang='lat' dir='ltr'><strong>legis-</strong></span> 
     </span>
    </p>
   </div>
   <div class='ocr_carea' id='block_1_101' title="bbox 179 2659 971 2693">
    <p class='ocr_par' dir='ltr' id='par_1_101' title="bbox 179 2659 971 2693">
     <span class='ocr_line' id='line_1_101' title="bbox 179 2659 971 2693; baseline 0.001 -7"><span class='ocrx_word' id='word_1_724' title='bbox 179 2664 228 2692; x_wconf 71' lang='lat' dir='ltr'><strong>set,</strong></span> <span class='ocrx_word' id='word_1_725' title='bbox 242 2659 311 2685; x_wconf 67' lang='lat' dir='ltr'><strong>dixit</strong></span> <span class='ocrx_word' id='word_1_726' title='bbox 324 2667 332 2684; x_wconf 91' lang='lat'><em>:</em></span> <span class='ocrx_word' id='word_1_727' title='bbox 345 2659 439 2685; x_wconf 82' lang='lat' dir='ltr'><strong>Dicam</strong></span> <span class='ocrx_word' id='word_1_728' title='bbox 461 2659 613 2690; x_wconf 63' lang='lat' dir='ltr'><strong>aliquanto.</strong></span> <span class='ocrx_word' id='word_1_729' title='bbox 630 2659 757 2693; x_wconf 71' lang='lat' dir='ltr'><strong>psalmos.</strong></span> <span class='ocrx_word' id='word_1_730' title='bbox 775 2665 798 2687; x_wconf 80' lang='lat' dir='ltr'><strong>et</strong></span> <span class='ocrx_word' id='word_1_731' title='bbox 812 2660 872 2693; x_wconf 86' lang='lat' dir='ltr'><strong>jam</strong></span> <span class='ocrx_word' id='word_1_732' title='bbox 897 2659 971 2687; x_wconf 70' lang='lat' dir='ltr'><strong>secu-</strong></span> 
     </span>
    </p>
   </div>
   <div class='ocr_carea' id='block_1_102' title="bbox 179 2693 970 2729">
    <p class='ocr_par' dir='ltr' id='par_1_102' title="bbox 179 2693 970 2729">
     <span class='ocr_line' id='line_1_102' title="bbox 179 2693 970 2729; baseline 0.001 -9"><span class='ocrx_word' id='word_1_733' title='bbox 179 2702 224 2721; x_wconf 76' lang='lat' dir='ltr'><strong>rus</strong></span> <span class='ocrx_word' id='word_1_734' title='bbox 237 2694 380 2720; x_wconf 77' lang='lat' dir='ltr'><strong>manduco.</strong></span> <span class='ocrx_word' id='word_1_735' title='bbox 395 2693 430 2719; x_wconf 83' lang='lat' dir='ltr'><strong>Et</strong></span> <span class='ocrx_word' id='word_1_736' title='bbox 443 2694 482 2720; x_wconf 85' lang='lat' dir='ltr'><strong>ita</strong></span> <span class='ocrx_word' id='word_1_737' title='bbox 492 2694 623 2728; x_wconf 80' lang='lat' dir='ltr'><strong>pauluttm</strong></span> <span class='ocrx_word' id='word_1_738' title='bbox 640 2694 793 2728; x_wconf 80' lang='lat' dir='ltr'><strong>proﬁciebat</strong></span> <span class='ocrx_word' id='word_1_739' title='bbox 811 2695 863 2721; x_wconf 84' lang='lat' dir='ltr'><strong>Deo</strong></span> <span class='ocrx_word' id='word_1_740' title='bbox 876 2703 970 2729; x_wconf 77' lang='lat' dir='ltr'><strong>coope-</strong></span> 
     </span>
    </p>
   </div>
   <div class='ocr_carea' id='block_1_103' title="bbox 179 2729 970 2760">
    <p class='ocr_par' dir='ltr' id='par_1_103' title="bbox 179 2729 970 2760">
     <span class='ocr_line' id='line_1_103' title="bbox 179 2729 970 2760; baseline 0.003 -6"><span class='ocrx_word' id='word_1_741' title='bbox 179 2734 264 2760; x_wconf 76' lang='lat' dir='ltr'><strong>rante,</strong></span> <span class='ocrx_word' id='word_1_742' title='bbox 282 2730 364 2756; x_wconf 82' lang='lat' dir='ltr'><strong>donec</strong></span> <span class='ocrx_word' id='word_1_743' title='bbox 376 2730 473 2756; x_wconf 76' lang='lat' dir='ltr'><strong>veniret</strong></span> <span class='ocrx_word' id='word_1_744' title='bbox 488 2729 522 2755; x_wconf 86' lang='lat' dir='ltr'><strong>ad</strong></span> <span class='ocrx_word' id='word_1_745' title='bbox 536 2729 653 2756; x_wconf 77' lang='lat' dir='ltr'><strong>ordinent</strong></span> <span class='ocrx_word' id='word_1_746' title='bbox 663 2738 751 2757; x_wconf 74' lang='lat' dir='ltr'><strong>suum.</strong></span> <span class='ocrx_word' id='word_1_747' title='bbox 768 2729 802 2756; x_wconf 87' lang='lat' dir='ltr'><strong>Et</strong></span> <span class='ocrx_word' id='word_1_748' title='bbox 819 2738 879 2756; x_wconf 83' lang='lat' dir='ltr'><strong>cum</strong></span> <span class='ocrx_word' id='word_1_749' title='bbox 897 2738 970 2757; x_wconf 85' lang='lat' dir='ltr'><strong>acce-</strong></span> 
     </span>
    </p>
   </div>
   <div class='ocr_carea' id='block_1_104' title="bbox 178 2765 970 2800">
    <p class='ocr_par' dir='ltr' id='par_1_104' title="bbox 178 2765 970 2800">
     <span class='ocr_line' id='line_1_104' title="bbox 178 2765 970 2800; baseline 0.003 -10"><span class='ocrx_word' id='word_1_750' title='bbox 178 2766 263 2800; x_wconf 75' lang='lat' dir='ltr'><strong>pisset</strong></span> <span class='ocrx_word' id='word_1_751' title='bbox 272 2765 400 2800; x_wconf 54' lang='lat' dir='ltr'><strong>ﬁduciam</strong></span> <span class='ocrx_word' id='word_1_752' title='bbox 414 2765 539 2791; x_wconf 69' lang='lat' dir='ltr'><strong>adversus</strong></span> <span class='ocrx_word' id='word_1_753' title='bbox 553 2765 725 2800; x_wconf 73' lang='lat' dir='ltr'><strong>cogitationes</strong></span> <span class='ocrx_word' id='word_1_754' title='bbox 743 2765 838 2798; x_wconf 84' lang='lat' dir='ltr'><strong>malas,</strong></span> <span class='ocrx_word' id='word_1_755' title='bbox 852 2766 970 2792; x_wconf 79' lang='lat' dir='ltr'><strong>vincebat</strong></span> 
     </span>
    </p>
   </div>
   <div class='ocr_carea' id='block_1_105' title="bbox 179 2799 971 2835">
    <p class='ocr_par' dir='ltr' id='par_1_105' title="bbox 179 2799 971 2835">
     <span class='ocr_line' id='line_1_105' title="bbox 179 2799 971 2835; baseline 0.001 -9"><span class='ocrx_word' id='word_1_756' title='bbox 179 2808 234 2828; x_wconf 72' lang='lat' dir='ltr'><strong>cas.</strong></span> <span class='ocrx_word' id='word_1_757' title='bbox 250 2799 314 2833; x_wconf 66' lang='lat' dir='ltr'><strong>Quae</strong></span> <span class='ocrx_word' id='word_1_758' title='bbox 325 2799 422 2835; x_wconf 68' lang='lat' dir='ltr'><strong>Graece</strong></span> <span class='ocrx_word' id='word_1_759' title='bbox 435 2800 522 2834; x_wconf 73' lang='lat' dir='ltr'><strong>reperi</strong></span> <span class='ocrx_word' id='word_1_760' title='bbox 535 2801 561 2826; x_wconf 94' lang='lat' dir='ltr'><strong>in</strong></span> <span class='ocrx_word' id='word_1_761' title='bbox 575 2808 627 2828; x_wconf 90' lang='lat' dir='ltr'><strong>ms.</strong></span> <span class='ocrx_word' id='word_1_762' title='bbox 645 2799 729 2835; x_wconf 80' lang='lat' dir='ltr'><strong>Regio</strong></span> <span class='ocrx_word' id='word_1_763' title='bbox 744 2800 826 2831; x_wconf 68' lang='lat'><strong>2615,</strong></span> <span class='ocrx_word' id='word_1_764' title='bbox 843 2801 875 2827; x_wconf 87' lang='lat' dir='ltr'><strong>ad</strong></span> <span class='ocrx_word' id='word_1_765' title='bbox 898 2801 971 2827; x_wconf 87' lang='lat' dir='ltr'><strong>hunc</strong></span> 
     </span>
    </p>
   </div>
   <div class='ocr_carea' id='block_1_106' title="bbox 180 2834 968 2870">
    <p class='ocr_par' dir='ltr' id='par_1_106' title="bbox 180 2834 968 2870">
     <span class='ocr_line' id='line_1_106' title="bbox 180 2834 968 2870; baseline -0.001 -8"><span class='ocrx_word' id='word_1_766' title='bbox 180 2835 289 2863; x_wconf 79' lang='lat' dir='ltr'><strong>modum</strong></span> <span class='ocrx_word' id='word_1_767' title='bbox 302 2845 309 2862; x_wconf 89' lang='lat'><strong>:</strong></span> <span class='ocrx_word' id='word_1_768' title='bbox 326 2835 383 2861; x_wconf 68' lang='grc' dir='ltr'><strong>Καὶ</strong></span> <span class='ocrx_word' id='word_1_769' title='bbox 395 2834 572 2870; x_wconf 21' lang='grc' dir='ltr'>ὡςνὲποίησεν</span> <span class='ocrx_word' id='word_1_770' title='bbox 588 2837 662 2870; x_wconf 81' lang='grc' dir='ltr'>τρεῖς</span> <span class='ocrx_word' id='word_1_771' title='bbox 677 2834 792 2870; x_wconf 79' lang='grc' dir='ltr'>ἡμέρας,</span> <span class='ocrx_word' id='word_1_772' title='bbox 808 2835 968 2870; x_wconf 80' lang='grc' dir='ltr'>ἡκηδίασεν·</span> 
     </span>
    </p>
   </div>
   <div class='ocr_carea' id='block_1_107' title="bbox 179 2844 969 2907">
    <p class='ocr_par' dir='ltr' id='par_1_107' title="bbox 179 2844 969 2907">
     <span class='ocr_line' id='line_1_107' title="bbox 180 2844 968 2870; baseline -0.001 -8"><span class='ocrx_word' id='word_1_773' title='bbox 180 2844 289 2863; x_wconf 84' lang='lat' dir='ltr'><strong>mootlm</strong></span> <span class='ocrx_word' id='word_1_774' title='bbox 302 2845 309 2862; x_wconf 77' lang='grc' dir='ltr'><strong><em>Ζ</em></strong></span> <span class='ocrx_word' id='word_1_775' title='bbox 327 2844 383 2861; x_wconf 70' lang='grc' dir='ltr'>κιαι</span> <span class='ocrx_word' id='word_1_776' title='bbox 395 2844 435 2865; x_wconf 84' lang='grc' dir='ltr'>ως</span> <span class='ocrx_word' id='word_1_777' title='bbox 447 2844 572 2869; x_wconf 82' lang='grc' dir='ltr'>εποιησεν</span> <span class='ocrx_word' id='word_1_778' title='bbox 588 2844 602 2861; x_wconf 80' lang='grc' dir='ltr'>τ</span> <span class='ocrx_word' id='word_1_779' title='bbox 622 2844 662 2866; x_wconf 86' lang='grc' dir='ltr'><strong>εις</strong></span> <span class='ocrx_word' id='word_1_780' title='bbox 677 2844 792 2870; x_wconf 82' lang='grc' dir='ltr'>ημερας,</span> <span class='ocrx_word' id='word_1_781' title='bbox 808 2844 968 2870; x_wconf 81' lang='grc' dir='ltr'>ηκηοιασεν·</span> 
     </span>
     <span class='ocr_line' id='line_1_108' title="bbox 179 2844 969 2907; baseline -0.003 -9"><span class='ocrx_word' id='word_1_782' title='bbox 179 2870 226 2898; x_wconf 72' lang='grc' dir='ltr'><strong>καὶ</strong></span> <span class='ocrx_word' id='word_1_783' title='bbox 250 2869 341 2907; x_wconf 74' lang='grc' dir='ltr'>εὑρὼν</span> <span class='ocrx_word' id='word_1_784' title='bbox 361 2869 450 2906; x_wconf 78' lang='grc' dir='ltr'>μικρὰ</span> <span class='ocrx_word' id='word_1_785' title='bbox 466 2869 572 2904; x_wconf 82' lang='grc' dir='ltr'>θαλλία,</span> <span class='ocrx_word' id='word_1_786' title='bbox 600 2844 707 2906; x_wconf 53' lang='grc' dir='ltr'>ἔσχισεν</span> <span class='ocrx_word' id='word_1_787' title='bbox 724 2871 807 2898; x_wconf 83' lang='grc' dir='ltr'>αὐτά·</span> <span class='ocrx_word' id='word_1_788' title='bbox 825 2871 872 2898; x_wconf 75' lang='grc' dir='ltr'><strong>καὶ</strong></span> <span class='ocrx_word' id='word_1_789' title='bbox 889 2871 969 2898; x_wconf 78' lang='grc' dir='ltr'>πάλιν</span> 
     </span>
    </p>
   </div>
   <div class='ocr_carea' id='block_1_108' title="bbox 1025 2263 1705 2300">
    <p class='ocr_par' dir='ltr' id='par_1_108' title="bbox 1025 2263 1705 2300">
     <span class='ocr_line' id='line_1_109' title="bbox 1025 2263 1705 2300; baseline -0.006 -7"><span class='ocrx_word' id='word_1_790' title='bbox 1025 2266 1201 2300; x_wconf 89' lang='lat' dir='ltr'><strong>interponere</strong></span> <span class='ocrx_word' id='word_1_791' title='bbox 1217 2273 1247 2292; x_wconf 86' lang='lat' dir='ltr'><strong>se</strong></span> <span class='ocrx_word' id='word_1_792' title='bbox 1262 2265 1377 2298; x_wconf 86' lang='lat' dir='ltr'><strong>debere;</strong></span> <span class='ocrx_word' id='word_1_793' title='bbox 1394 2264 1431 2291; x_wconf 87' lang='lat' dir='ltr'><strong>ita</strong></span> <span class='ocrx_word' id='word_1_794' title='bbox 1446 2263 1519 2292; x_wconf 90' lang='lat' dir='ltr'><strong>enim</strong></span> <span class='ocrx_word' id='word_1_795' title='bbox 1536 2264 1705 2298; x_wconf 88' lang='lat' dir='ltr'><strong>quieturum.</strong></span> 
     </span>
    </p>
   </div>
   <div class='ocr_carea' id='block_1_109' title="bbox 1021 2339 1813 2407">
    <p class='ocr_par' dir='ltr' id='par_1_109' title="bbox 1021 2339 1813 2407">
     <span class='ocr_line' id='line_1_110' title="bbox 1021 2339 1813 2381; baseline -0.006 -10"><span class='ocrx_word' id='word_1_796' title='bbox 1021 2346 1055 2379; x_wconf 83' lang='grc' dir='ltr'>τῆ</span> <span class='ocrx_word' id='word_1_797' title='bbox 1070 2345 1134 2379; x_wconf 78' lang='grc' dir='ltr'><strong>ἑξῆς</strong></span> <span class='ocrx_word' id='word_1_798' title='bbox 1149 2344 1251 2381; x_wconf 73' lang='grc' dir='ltr'>ἤρξατο</span> <span class='ocrx_word' id='word_1_799' title='bbox 1261 2343 1372 2370; x_wconf 82' lang='grc' dir='ltr'>πλέκειν</span> <span class='ocrx_word' id='word_1_800' title='bbox 1388 2343 1472 2370; x_wconf 77' lang='grc' dir='ltr'>αὑτά·</span> <span class='ocrx_word' id='word_1_801' title='bbox 1492 2343 1540 2369; x_wconf 75' lang='grc' dir='ltr'>καὶ</span> <span class='ocrx_word' id='word_1_802' title='bbox 1555 2342 1685 2373; x_wconf 86' lang='grc' dir='ltr'>πεινάσας</span> <span class='ocrx_word' id='word_1_803' title='bbox 1695 2362 1702 2373; x_wconf 93' lang='grc'><strong>,</strong></span> <span class='ocrx_word' id='word_1_804' title='bbox 1718 2339 1793 2367; x_wconf 83' lang='grc' dir='ltr'>εἶπεν</span> <span class='ocrx_word' id='word_1_805' title='bbox 1803 2349 1813 2356; x_wconf 72' lang='grc' dir='ltr'><strong>ι</strong></span> 
     </span>
     <span class='ocr_line' id='line_1_111' title="bbox 1029 2373 1813 2407; baseline -0.005 -1"><span class='ocrx_word' id='word_1_806' title='bbox 1029 2373 1094 2407; x_wconf 73' lang='grc' dir='ltr'>’Ϊδου</span> <span class='ocrx_word' id='word_1_807' title='bbox 1108 2380 1174 2407; x_wconf 74' lang='grc' dir='ltr'>ἄλλα</span> <span class='ocrx_word' id='word_1_808' title='bbox 1191 2379 1276 2407; x_wconf 78' lang='grc' dir='ltr'>μικρὰ</span> <span class='ocrx_word' id='word_1_809' title='bbox 1297 2379 1392 2405; x_wconf 85' lang='grc' dir='ltr'>Θαλλία</span> <span class='ocrx_word' id='word_1_810' title='bbox 1415 2378 1492 2407; x_wconf 74' lang='grc' dir='ltr'>εἰσὶν.</span> <span class='ocrx_word' id='word_1_811' title='bbox 1517 2378 1563 2404; x_wconf 81' lang='grc' dir='ltr'><strong>καὶ</strong></span> <span class='ocrx_word' id='word_1_812' title='bbox 1588 2377 1680 2404; x_wconf 78' lang='grc' dir='ltr'>ἐσθίω.</span> <span class='ocrx_word' id='word_1_813' title='bbox 1706 2376 1762 2403; x_wconf 73' lang='grc' dir='ltr'><strong>Καὶ</strong></span> <span class='ocrx_word' id='word_1_814' title='bbox 1774 2376 1813 2407; x_wconf 86' lang='grc' dir='ltr'><strong>ὡς</strong></span> 
     </span>
    </p>
   </div>
   <div class='ocr_carea' id='block_1_110' title="bbox 1021 2385 1816 2453">
    <p class='ocr_par' dir='ltr' id='par_1_110' title="bbox 1021 2385 1816 2453">
     <span class='ocr_line' id='line_1_112' title="bbox 1029 2385 1816 2440; baseline -0.006 -33"><span class='ocrx_word' id='word_1_815' title='bbox 1029 2385 1094 2407; x_wconf 77' lang='grc' dir='ltr'>Ἰοου</span> <span class='ocrx_word' id='word_1_816' title='bbox 1108 2385 1174 2407; x_wconf 74' lang='grc' dir='ltr'>ἀλλα</span> <span class='ocrx_word' id='word_1_817' title='bbox 1191 2385 1276 2440; x_wconf 50' lang='grc' dir='ltr'>μικρὰ</span> <span class='ocrx_word' id='word_1_818' title='bbox 1297 2385 1392 2405; x_wconf 71' lang='grc' dir='ltr'>θαΑΑια</span> <span class='ocrx_word' id='word_1_819' title='bbox 1415 2385 1492 2410; x_wconf 82' lang='grc' dir='ltr'>εισιν,</span> <span class='ocrx_word' id='word_1_820' title='bbox 1517 2385 1563 2404; x_wconf 84' lang='grc' dir='ltr'>και</span> <span class='ocrx_word' id='word_1_821' title='bbox 1588 2385 1680 2404; x_wconf 84' lang='grc' dir='ltr'>εσυιω.</span> <span class='ocrx_word' id='word_1_822' title='bbox 1707 2385 1762 2403; x_wconf 68' lang='lat' dir='ltr'><strong>nat</strong></span> <span class='ocrx_word' id='word_1_823' title='bbox 1774 2385 1816 2408; x_wconf 81' lang='grc' dir='ltr'>ως</span> 
     </span>
     <span class='ocr_line' id='line_1_113' title="bbox 1021 2411 1812 2453; baseline -0.006 -11"><span class='ocrx_word' id='word_1_824' title='bbox 1021 2415 1203 2453; x_wconf 50' lang='grc' dir='ltr'><strong>ιέτιςοίησενςιὸιΔ</strong></span> <span class='ocrx_word' id='word_1_825' title='bbox 1211 2415 1244 2441; x_wconf 87' lang='grc' dir='ltr'><strong>θα</strong></span> <span class='ocrx_word' id='word_1_826' title='bbox 1262 2414 1322 2453; x_wconf 56' lang='grc' dir='ltr'><strong>λίαι</strong></span> <span class='ocrx_word' id='word_1_827' title='bbox 1330 2412 1410 2453; x_wconf 65' lang='grc' dir='ltr'><strong>⁸εἶπεν</strong></span> <span class='ocrx_word' id='word_1_828' title='bbox 1429 2413 1528 2453; x_wconf 48' lang='grc' dir='ltr'><strong>’πά-λιν.⁸</strong></span> <span class='ocrx_word' id='word_1_829' title='bbox 1550 2411 1761 2453; x_wconf 32' lang='grc' dir='ltr'>,Ἀναγιινώσκωη</span> <span class='ocrx_word' id='word_1_830' title='bbox 1768 2420 1812 2452; x_wconf 63' lang='lat' dir='ltr'><strong>ut:</strong></span> 
     </span>
    </p>
   </div>
   <div class='ocr_carea' id='block_1_111' title="bbox 1021 2447 1815 2486">
    <p class='ocr_par' dir='ltr' id='par_1_111' title="bbox 1021 2447 1815 2486">
     <span class='ocr_line' id='line_1_114' title="bbox 1021 2447 1815 2486; baseline -0.006 -9"><span class='ocrx_word' id='word_1_831' title='bbox 1021 2447 1101 2486; x_wconf 71' lang='grc' dir='ltr'>χρὸν,</span> <span class='ocrx_word' id='word_1_832' title='bbox 1115 2450 1161 2477; x_wconf 82' lang='grc' dir='ltr'><strong>καὶ</strong></span> <span class='ocrx_word' id='word_1_833' title='bbox 1176 2449 1262 2481; x_wconf 79' lang='grc' dir='ltr'>οὕτως</span> <span class='ocrx_word' id='word_1_834' title='bbox 1278 2448 1370 2486; x_wconf 64' lang='grc' dir='ltr'><strong>ἐσθίωἶ</strong></span> <span class='ocrx_word' id='word_1_835' title='bbox 1389 2449 1442 2486; x_wconf 73' lang='grc' dir='ltr'><strong>Καὶ</strong></span> <span class='ocrx_word' id='word_1_836' title='bbox 1458 2448 1495 2480; x_wconf 87' lang='grc' dir='ltr'><strong>ὡς</strong></span> <span class='ocrx_word' id='word_1_837' title='bbox 1510 2447 1623 2486; x_wconf 73' lang='grc' dir='ltr'>ᾁνέγνω,</span> <span class='ocrx_word' id='word_1_838' title='bbox 1637 2447 1725 2486; x_wconf 77' lang='grc' dir='ltr'>λέγει·</span> <span class='ocrx_word' id='word_1_839' title='bbox 1738 2447 1815 2486; x_wconf 76' lang='grc' dir='ltr'><strong>Ποιῶ</strong></span> 
     </span>
    </p>
   </div>
   <div class='ocr_carea' id='block_1_112' title="bbox 1023 2481 1813 2523">
    <p class='ocr_par' dir='ltr' id='par_1_112' title="bbox 1023 2481 1813 2523">
     <span class='ocr_line' id='line_1_115' title="bbox 1023 2481 1813 2523; baseline -0.006 -11"><span class='ocrx_word' id='word_1_840' title='bbox 1023 2481 1177 2523; x_wconf 46' lang='grc' dir='ltr'>μου-’τους</span> <span class='ocrx_word' id='word_1_841' title='bbox 1193 2485 1307 2523; x_wconf 64' lang='grc' dir='ltr'>μικροὺς</span> <span class='ocrx_word' id='word_1_842' title='bbox 1323 2484 1457 2523; x_wconf 72' lang='grc' dir='ltr'>ψαλμοὺς,</span> <span class='ocrx_word' id='word_1_843' title='bbox 1478 2483 1524 2510; x_wconf 80' lang='grc' dir='ltr'><strong>καὶ</strong></span> <span class='ocrx_word' id='word_1_844' title='bbox 1551 2483 1620 2523; x_wconf 82' lang='grc' dir='ltr'>μετὰ</span> <span class='ocrx_word' id='word_1_845' title='bbox 1645 2481 1813 2523; x_wconf 63' lang='grc' dir='ltr'>ἀμεριμνίας</span> 
     </span>
    </p>
   </div>
   <div class='ocr_carea' id='block_1_113' title="bbox 1022 2517 1811 2555">
    <p class='ocr_par' dir='ltr' id='par_1_113' title="bbox 1022 2517 1811 2555">
     <span class='ocr_line' id='line_1_116' title="bbox 1022 2517 1811 2555; baseline -0.005 -8"><span class='ocrx_word' id='word_1_846' title='bbox 1022 2517 1113 2547; x_wconf 71' lang='grc' dir='ltr'>ἐσθίω.</span> <span class='ocrx_word' id='word_1_847' title='bbox 1129 2521 1183 2547; x_wconf 83' lang='grc' dir='ltr'><strong>Καὶ</strong></span> <span class='ocrx_word' id='word_1_848' title='bbox 1193 2517 1282 2551; x_wconf 70' lang='grc' dir='ltr'>οὕτως</span> <span class='ocrx_word' id='word_1_849' title='bbox 1298 2517 1478 2555; x_wconf 20' lang='grc' dir='ltr'>κεέτᾲνμικρὺν</span> <span class='ocrx_word' id='word_1_850' title='bbox 1491 2517 1733 2555; x_wconf 38' lang='grc' dir='ltr'>προέκοπτενητοιξ</span> <span class='ocrx_word' id='word_1_851' title='bbox 1743 2517 1811 2555; x_wconf 57' lang='lat' dir='ltr'><strong>650i}</strong></span> 
     </span>
    </p>
   </div>
   <div class='ocr_carea' id='block_1_114' title="bbox 1022 2550 1814 2590">
    <p class='ocr_par' dir='ltr' id='par_1_114' title="bbox 1022 2550 1814 2590">
     <span class='ocr_line' id='line_1_117' title="bbox 1022 2550 1814 2590; baseline -0.005 -8"><span class='ocrx_word' id='word_1_852' title='bbox 1022 2554 1227 2590; x_wconf 84' lang='grc' dir='ltr'>συνεργοῦντος,</span> <span class='ocrx_word' id='word_1_853' title='bbox 1243 2550 1342 2590; x_wconf 21' lang='grc' dir='ltr'><strong>ἓώςνοῦ</strong></span> <span class='ocrx_word' id='word_1_854' title='bbox 1353 2550 1438 2590; x_wconf 70' lang='grc' dir='ltr'>ἦλθεν</span> <span class='ocrx_word' id='word_1_855' title='bbox 1450 2554 1489 2585; x_wconf 85' lang='grc' dir='ltr'><strong>είς</strong></span> <span class='ocrx_word' id='word_1_856' title='bbox 1498 2550 1640 2590; x_wconf 18' lang='grc' dir='ltr'>τὴνγτᾴξιν</span> <span class='ocrx_word' id='word_1_857' title='bbox 1652 2552 1746 2590; x_wconf 59' lang='grc' dir='ltr'>αυτοῦ.</span> <span class='ocrx_word' id='word_1_858' title='bbox 1759 2551 1814 2579; x_wconf 67' lang='grc' dir='ltr'><strong>Καὶ</strong></span> 
     </span>
    </p>
   </div>
   <div class='ocr_carea' id='block_1_115' title="bbox 1021 2587 1757 2625">
    <p class='ocr_par' dir='ltr' id='par_1_115' title="bbox 1021 2587 1757 2625">
     <span class='ocr_line' id='line_1_118' title="bbox 1021 2587 1757 2625; baseline -0.004 -8"><span class='ocrx_word' id='word_1_859' title='bbox 1021 2587 1119 2625; x_wconf 68' lang='grc' dir='ltr'>θάρσοξ</span> <span class='ocrx_word' id='word_1_860' title='bbox 1140 2590 1229 2616; x_wconf 80' lang='grc' dir='ltr'>λαϐὼν</span> <span class='ocrx_word' id='word_1_861' title='bbox 1243 2589 1314 2616; x_wconf 84' lang='grc' dir='ltr'>κατὰ</span> <span class='ocrx_word' id='word_1_862' title='bbox 1328 2587 1382 2616; x_wconf 81' lang='grc' dir='ltr'>τῶν</span> <span class='ocrx_word' id='word_1_863' title='bbox 1394 2587 1540 2625; x_wconf 54' lang='grc' dir='ltr'>λογισμῶκρ</span> <span class='ocrx_word' id='word_1_864' title='bbox 1557 2588 1757 2625; x_wconf 30' lang='grc' dir='ltr'><strong>ὲνίκαᾲαὺϊοιὲςἶ</strong></span> 
     </span>
    </p>
   </div>
   <div class='ocr_carea' id='block_1_116' title="bbox 1057 2622 1774 2659">
    <p class='ocr_par' dir='ltr' id='par_1_116' title="bbox 1057 2622 1774 2659">
     <span class='ocr_line' id='line_1_119' title="bbox 1057 2622 1774 2659; baseline -0.006 -6"><span class='ocrx_word' id='word_1_865' title='bbox 1057 2622 1113 2659; x_wconf 78' lang='grc'>(55)</span> <span class='ocrx_word' id='word_1_866' title='bbox 1138 2625 1191 2652; x_wconf 79' lang='lat' dir='ltr'><strong>Vit.</strong></span> <span class='ocrx_word' id='word_1_867' title='bbox 1213 2625 1292 2653; x_wconf 82' lang='lat' dir='ltr'><strong>Patr.</strong></span> <span class='ocrx_word' id='word_1_868' title='bbox 1309 2633 1354 2657; x_wconf 86' lang='lat' dir='ltr'><strong>xv,</strong></span> <span class='ocrx_word' id='word_1_869' title='bbox 1373 2625 1387 2650; x_wconf 92' lang='lat' dir='ltr'><strong>&#39;l</strong></span> <span class='ocrx_word' id='word_1_870' title='bbox 1401 2633 1409 2659; x_wconf 86' lang='lat'><strong>;</strong></span> <span class='ocrx_word' id='word_1_871' title='bbox 1421 2622 1500 2651; x_wconf 73' lang='lat' dir='ltr'><strong>toan.</strong></span> <span class='ocrx_word' id='word_1_872' title='bbox 1514 2623 1612 2651; x_wconf 79' lang='lat' dir='ltr'><strong>Geom.</strong></span> <span class='ocrx_word' id='word_1_873' title='bbox 1629 2622 1733 2651; x_wconf 82' lang='lat' dir='ltr'><strong>Parad.</strong></span> <span class='ocrx_word' id='word_1_874' title='bbox 1747 2623 1774 2651; x_wconf 81' lang='lat'><strong>9.</strong></span> 
     </span>
    </p>
   </div>
   <div class='ocr_carea' id='block_1_117' title="bbox 1056 2659 1379 2696">
    <p class='ocr_par' dir='ltr' id='par_1_117' title="bbox 1056 2659 1379 2696">
     <span class='ocr_line' id='line_1_120' title="bbox 1056 2659 1379 2696; baseline -0.006 -8"><span class='ocrx_word' id='word_1_875' title='bbox 1056 2661 1113 2696; x_wconf 83' lang='lat'><strong>(56)</strong></span> <span class='ocrx_word' id='word_1_876' title='bbox 1135 2660 1192 2696; x_wconf 58' lang='grc' dir='ltr'><strong>νο,</strong></span> <span class='ocrx_word' id='word_1_877' title='bbox 1206 2660 1282 2687; x_wconf 82' lang='lat' dir='ltr'><strong>Patr.</strong></span> <span class='ocrx_word' id='word_1_878' title='bbox 1302 2667 1333 2692; x_wconf 84' lang='lat' dir='ltr'><strong>It,</strong></span> <span class='ocrx_word' id='word_1_879' title='bbox 1352 2659 1379 2687; x_wconf 73' lang='grc'><strong>4.</strong></span> 
     </span>
    </p>
   </div>
   <div class='ocr_carea' id='block_1_118' title="bbox 1056 2693 1199 2730">
    <p class='ocr_par' dir='ltr' id='par_1_118' title="bbox 1056 2693 1199 2730">
     <span class='ocr_line' id='line_1_121' title="bbox 1056 2693 1199 2730; baseline -0.007 -8"><span class='ocrx_word' id='word_1_880' title='bbox 1056 2693 1113 2730; x_wconf 74' lang='grc'>(57)</span> <span class='ocrx_word' id='word_1_881' title='bbox 1134 2693 1199 2730; x_wconf 90' lang='lat' dir='ltr'><strong>Ibid.</strong></span> 
     </span>
    </p>
   </div>
   <div class='ocr_carea' id='block_1_119' title="bbox 1055 2729 1379 2765">
    <p class='ocr_par' dir='ltr' id='par_1_119' title="bbox 1055 2729 1379 2765">
     <span class='ocr_line' id='line_1_122' title="bbox 1055 2729 1379 2765; baseline 0 -8"><span class='ocrx_word' id='word_1_882' title='bbox 1055 2731 1113 2765; x_wconf 80' lang='grc'>(58)</span> <span class='ocrx_word' id='word_1_883' title='bbox 1139 2729 1190 2757; x_wconf 89' lang='lat' dir='ltr'><strong>Vit.</strong></span> <span class='ocrx_word' id='word_1_884' title='bbox 1206 2729 1282 2757; x_wconf 85' lang='lat' dir='ltr'><strong>Patr.</strong></span> <span class='ocrx_word' id='word_1_885' title='bbox 1298 2738 1337 2762; x_wconf 84' lang='lat' dir='ltr'><strong>xl,</strong></span> <span class='ocrx_word' id='word_1_886' title='bbox 1354 2731 1379 2757; x_wconf 80' lang='lat' dir='ltr'><strong>l.</strong></span> 
     </span>
    </p>
   </div>
   <div class='ocr_carea' id='block_1_120' title="bbox 1057 2765 1198 2800">
    <p class='ocr_par' dir='ltr' id='par_1_120' title="bbox 1057 2765 1198 2800">
     <span class='ocr_line' id='line_1_123' title="bbox 1057 2765 1198 2800; baseline -0.007 -7"><span class='ocrx_word' id='word_1_887' title='bbox 1057 2766 1113 2800; x_wconf 81' lang='lat'><strong>(59)</strong></span> <span class='ocrx_word' id='word_1_888' title='bbox 1135 2765 1198 2792; x_wconf 90' lang='lat' dir='ltr'><strong>Ibid.</strong></span> 
     </span>
    </p>
   </div>
   <div class='ocr_carea' id='block_1_121' title="bbox 1056 2799 1411 2835">
    <p class='ocr_par' dir='ltr' id='par_1_121' title="bbox 1056 2799 1411 2835">
     <span class='ocr_line' id='line_1_124' title="bbox 1056 2799 1411 2835; baseline 0 -7"><span class='ocrx_word' id='word_1_889' title='bbox 1056 2801 1112 2835; x_wconf 85' lang='lat'><strong>(60)</strong></span> <span class='ocrx_word' id='word_1_890' title='bbox 1137 2799 1190 2827; x_wconf 88' lang='lat' dir='ltr'><strong>Vit.</strong></span> <span class='ocrx_word' id='word_1_891' title='bbox 1208 2799 1284 2826; x_wconf 84' lang='lat' dir='ltr'><strong>Patr.</strong></span> <span class='ocrx_word' id='word_1_892' title='bbox 1301 2808 1349 2833; x_wconf 86' lang='lat' dir='ltr'><strong>vn,</strong></span> <span class='ocrx_word' id='word_1_893' title='bbox 1366 2800 1411 2828; x_wconf 76' lang='lat'><strong>‘27.</strong></span> 
     </span>
    </p>
   </div>
   <div class='ocr_carea' id='block_1_122' title="bbox 1059 2802 1374 2871">
    <p class='ocr_par' dir='ltr' id='par_1_122' title="bbox 1059 2802 1374 2871">
     <span class='ocr_line' id='line_1_125' title="bbox 1059 2802 1374 2835; baseline -0.003 -7"><span class='ocrx_word' id='word_1_894' title='bbox 1059 2802 1101 2835; x_wconf 84' lang='grc'><strong>[60</strong></span> <span class='ocrx_word' id='word_1_895' title='bbox 1138 2802 1190 2827; x_wconf 86' lang='lat' dir='ltr'><strong>Vit.</strong></span> <span class='ocrx_word' id='word_1_896' title='bbox 1208 2802 1284 2826; x_wconf 84' lang='lat' dir='ltr'><strong>Patr.</strong></span> <span class='ocrx_word' id='word_1_897' title='bbox 1301 2808 1349 2833; x_wconf 87' lang='lat' dir='ltr'><strong>vtt,</strong></span> <span class='ocrx_word' id='word_1_898' title='bbox 1366 2802 1374 2827; x_wconf 74' lang='grc' dir='ltr'>ε</span> 
     </span>
     <span class='ocr_line' id='line_1_126' title="bbox 1059 2802 1374 2871; baseline 0.003 -9"><span class='ocrx_word' id='word_1_899' title='bbox 1059 2802 1113 2871; x_wconf 76' lang='grc'>(61)</span> <span class='ocrx_word' id='word_1_900' title='bbox 1138 2835 1190 2864; x_wconf 68' lang='lat' dir='ltr'><strong>tit.</strong></span> <span class='ocrx_word' id='word_1_901' title='bbox 1207 2835 1282 2862; x_wconf 84' lang='lat' dir='ltr'><strong>I&#39;att‘.</strong></span> <span class='ocrx_word' id='word_1_902' title='bbox 1299 2843 1326 2868; x_wconf 71' lang='grc' dir='ltr'>ι,</span> <span class='ocrx_word' id='word_1_903' title='bbox 1347 2835 1374 2863; x_wconf 85' lang='grc'><strong>6.</strong></span> 
     </span>
    </p>
   </div>
  </div>
