1971 3068
171 149 206 180 9|
761 150 934 179 APPENDIX
950 151 996 179 AD
1015 151 1229 180 PALLADIUM.
1774 149 1811 179 ΘΒ

207 208 252 237 15.
280 207 337 244 (62)
363 207 437 235 Dixit
461 207 546 236 abbas
574 207 684 237 Marcus
710 208 802 237 abbati
826 210 964 239 Arsenio:

1055 215 1099 245 ιγ’.
1124 209 1208 238 Εἶπεν
1224 212 1238 238 6
1259 210 1347 244 ἀὸὃᾶς
1364 211 1478 247 Μάρκος
1497 209 1537 246 τῷ
1558 208 1631 245 άὸσᾷ
1656 208 1809 245 Ἀρσινίῳι

172 254 263 288 Quare
278 262 330 282 nos
346 253 441 290 fugis?
457 254 610 290 Respondit
627 262 710 283 senex
723 264 730 281 :
753 255 826 284 Deus
840 257 904 289 scit,
918 264 967 284 vos

173 309 189 328 a
204 309 247 329 me
260 301 354 336 diligi;
372 301 420 329 sed
433 308 541 336 nequeo
551 309 612 330 esse
625 309 688 329 cum
705 301 760 330 Deo
769 305 797 330 et
811 310 872 330 cum
884 303 969 330 homi-

172 349 265 375 nibus.
294 347 428 376 Ctelestes
456 347 589 376 chiliades
605 355 638 375 ac
657 348 796 384 myriades
813 355 895 375 unam
919 349 969 375 ha-

175 394 240 421 bent
254 394 435 426 voluntatem,
454 394 580 421 homines
592 393 704 422 multas.
720 394 815 429 itaque
830 402 885 421 non
903 401 968 429 pos-

174 447 236 467 sum
252 440 389 468 dimittere
405 439 502 473 Deum,
520 447 553 467 ac
574 440 668 468 venire
692 440 720 467 in
736 440 878 467 hominum
902 447 970 467 con-

175 488 373 515 versationem.
451 509 453 511 .

213 533 256 560 14.
279 533 336 569 (6'5)
351 532 454 560 ltetulit
469 532 555 560 abbas
569 531 664 559 Daniel
679 532 712 559 de
729 531 827 559 abbate
841 531 968 565 Arsenio,

175 578 250 613 quod
262 583 370 605 noctem
388 582 472 605 totam
488 576 672 612 pertransibat
687 576 837 609 insomnis;
850 584 970 611 cumque

175 622 251 649 circa
266 623 428 649 matutinum
451 625 559 657 tempus
577 624 675 648 natura
691 621 847 656 impellente
867 621 972 648 dormi-

178 671 259 700 taret.
285 675 383 696 somno
401 668 528 695 dicebat:
548 666 604 701 (64)
632 665 711 699 Veni,
738 673 816 693 serve
835 673 971 701 nequam;

178 714 332 749 sedensque
344 715 484 749 paululum
499 713 626 748 capiebat
641 713 742 746 somni,
758 720 790 740 ac
803 713 897 741 statim
911 720 973 740 sur-

179 761 272 796 gebat.

215 805 259 832 15.
278 805 332 840 (65)
357 805 465 833 Dicebat
495 803 582 833 abbas
597 806 740 838 Arsenius,
762 803 897 831 monacho
913 803 973 830 suf-

179 850 263 878 ﬁcere
284 858 332 885 per
356 857 437 876 unam
463 849 559 877 horam
575 849 707 882 dormire,
726 849 807 876 modo
830 850 854 877 is
870 849 971 884 pugilis

180 904 217 923 no
221 904 282 923 men
297 900 432 924 ιιιθτετθιυ
437 904 458 923 1¹.

216 942 260 969 16.
281 941 338 978 (66)
365 942 484 969 Aiebant
507 949 602 970 senes:
632 942 704 969 aceti
731 940 879 977 aliquando
903 940 975 968 datae

181 993 247 1016 sunt
263 995 356 1023 pauca:
370 988 468 1015 caricae
481 997 488 1021 ;
503 991 530 1015 et
551 992 581 1015 ut
598 987 701 1015 nullius
717 987 808 1022 pretii,
821 995 877 1014 non
892 987 975 1014 mise-

180 1039 246 1063 runt
259 1035 293 1062 ad
314 1035 439 1062 abbatem
461 1036 618 1068 Arsenium,
644 1043 679 1063 ne
698 1035 894 1062 contumeliam
918 1033 975 1069 pati

179 1082 330 1109 videretur.
346 1082 379 1108 At
393 1089 476 1109 senex
492 1089 522 1109 re
538 1085 690 1117 comperta,
706 1088 762 1108 non
779 1080 855 1108 venit
870 1080 903 1107 ad
916 1081 975 1107 col-

181 1129 280 1155 lectam
301 1128 409 1155 dicens:
439 1126 706 1155 Excommunicastis
729 1134 783 1159 me,
804 1134 859 1154 non
885 1125 976 1153 dando

180 1174 248 1200 mihi
264 1174 399 1208 eulogiam
419 1181 501 1208 quant
523 1173 655 1200 fratribus
678 1173 754 1201 misit
769 1172 854 1205 Deus,
880 1176 909 1199 ut
927 1172 975 1207 qui

180 1227 240 1246 eain
269 1219 393 1254 accipere
419 1227 591 1255 nequaquam
616 1227 747 1247 mererer.
773 1218 806 1246 Et
831 1218 977 1246 audierunt

181 1266 286 1297 cuncti,
301 1269 487 1301 ceperuntque
506 1265 653 1293 utilitatem
675 1273 708 1293 ex
724 1265 878 1292 humilitate
891 1264 975 1292 senis.

182 1311 260 1338 Tunc
278 1311 421 1347 presbyter
446 1312 571 1344 veniens,
589 1312 696 1339 caricas
718 1312 744 1339 ei
762 1311 871 1345 detulit,
886 1318 918 1338 ac
933 1318 977 1338 re-

182 1358 261 1386 duxit
277 1366 418 1392 eum_cum
432 1358 533 1392 gaudio
551 1358 578 1385 in
597 1357 754 1385 ecclesiam.

218 1403 261 1430 l7.
287 1387 457 1437 (67).Abbas
480 1403 575 1431 Daniel
598 1403 722 1430 dicebat:
754 1402 806 1430 Per
827 1406 867 1430 tot
889 1409 978 1430 annOs

183 1450 285 1477 mansit
300 1450 455 1482 nobiscum,
473 1453 500 1476 et
513 1457 596 1476 unum
608 1450 741 1477 duntaxat
753 1450 888 1482 tballium,
901 1457 980 1477 men-

184 1503 277 1523 suram
299 1495 428 1522 frumenti
450 1495 475 1522 ei
490 1502 538 1530 per
562 1503 664 1522 annum
683 1495 839 1529 dabamus;
856 1503 976 1531 cumque

184 1542 389 1573 adveniremus,
409 1541 620 1569 comedebamus
635 1549 668 1569 ex
687 1541 744 1569 illo.

219 1588 264 1615 l8.
288 1588 345 1624 (68)
360 1587 433 1615 Dixit
455 1588 555 1615 iterum
572 1587 607 1615 de
621 1587 716 1615 eodem
733 1587 831 1615 abbate
843 1587 975 1615 Arsenio:

185 1634 259 1670 quod
271 1635 324 1662 nisi
336 1635 420 1662 semel
435 1634 462 1661 in
477 1641 550 1661 anno
562 1641 617 1661 non
630 1638 748 1661 mutaret
761 1641 859 1669 aquam
873 1634 978 1669 palma-

185 1689 257 1713 rum,
276 1680 323 1708 sed
340 1685 447 1707 tantum
464 1680 544 1707 aliam
562 1680 690 1707 adderet:
708 1679 843 1714 siquidem
861 1679 978 1714 plectam

185 1727 293 1755 texebat
308 1731 335 1754 et
353 1726 506 1754 consuebat
532 1734 620 1761 usque
630 1725 665 1753 ad
680 1726 776 1752 horam
790 1729 907 1753 sextam.
923 1724 980 1751 Μο-

186 1777 306 1801 nuerunt
319 1781 383 1808 ergo
395 1781 459 1800 eum
476 1780 567 1804 senes,
581 1772 714 1800 dicendo:
737 1771 793 1800 Cur
805 1779 904 1807 aquam
920 1771 979 1806 pal-

187 1826 294 1845 marum
315 1827 369 1846 non
390 1823 492 1850 mutas,
515 1817 663 1845 fmtidam?
688 1818 788 1853 Aitque
811 1818 883 1845 illis:
910 1817 979 1850 Quia

187 1872 238 1900 pro
249 1865 410 1893 sullimentis
422 1869 449 1892 et
460 1865 639 1896 aromatibus,
651 1865 752 1900 quibus
764 1865 791 1892 in
803 1864 904 1892 saeculo
912 1871 980 1892 usus

186 1918 262 1944 sum,
277 1918 347 1952 opus
359 1914 400 1938 est
413 1915 444 1938 ut
457 1910 568 1938 odorem
583 1910 657 1938 hunc
672 1911 790 1946 capiam.

224 1999 269 2026 19.
285 1999 342 2035 (69)
365 1999 461 2027 Adhuc
485 1999 589 2032 retulit,
615 1999 679 2034 quia
702 1999 749 2027 ubi
780 1999 883 2027 audivit
900 2007 982 2027 omne

189 2053 336 2082 pomorum
353 2054 438 2081 genus
456 2046 489 2073 ad
511 2046 694 2074 maturitatem
713 2046 880 2082 pervenisse,
902 2054 934 2074 ex
952 2054 981 2073 se

188 2092 276 2120 dixit:
291 2092 392 2119 All'erte
404 2092 481 2119 mihi.
496 2092 527 2119 Et
539 2092 623 2120 semel
635 2096 740 2119 tantum
751 2099 784 2120 ex
800 2092 928 2120 omnibus
939 2099 982 2128 pa-

191 2147 251 2167 rum
264 2141 394 2175 gustavit,
412 2141 515 2175 gratias
529 2147 613 2174 agens
627 2138 692 2166 Deo.

225 2185 269 2213 20.
287 2185 343 2219 (70)
363 2185 517 2220 Aigrotavit
534 2184 683 2219 aliquando
700 2183 786 2211 abbas
803 2184 936 2212 Arsenius
954 2184 981 2211 in

1018 257 1095 283 Διατί
1120 257 1232 292 φεύγεις
1252 258 1345 293 ήμᾶς;
1368 257 1448 292 Λέγει
1465 255 1539 292 αὐτῷ
1553 256 1568 283 6
1580 255 1683 291 γέρων*
1702 255 1731 282 '0
1744 255 1811 288 θεὸς

1019 301 1099 334 οἶδεν,
1121 304 1162 330 ὅτι
1184 304 1282 338 ἀγαπῶ
1299 304 1384 339 ὑμᾶς·
1406 303 1462 330 ἀλλ’
1481 303 1512 329 οὐ
1527 301 1644 337 δύναμαι
1659 299 1729 328 εἶναι
1744 301 1811 336 μετά

1019 349 1067 376 τοῦ
1080 349 1148 375 Θεοῦ
1166 350 1213 376 καὶ
1236 349 1305 386 μετὰ
1325 349 1380 376 τῶν
1400 347 1562 384 ἀνθρώπων.
1583 348 1616 374 Δί
1629 347 1684 374 ἄνω
1695 347 1812 382 χιλιάδες

1020 395 1067 422 καὶ
1082 395 1211 431 μυριάδες
1221 395 1249 422 ἓν
1261 395 1363 431 θέλημα
1374 395 1492 430 ἔχουσιν,
1501 394 1525 420 οἱ
1538 393 1568 420 δὲ
1579 393 1716 430 ἄνθρωποι
1727 392 1813 420 πολλὰ

1022 441 1162 477 θελήματα
1174 441 1290 477 ἔχουσιν.
1308 442 1345 468 Οὐ
1356 441 1479 476 ,δύναμαι
1495 437 1542 467 οὖν
1552 441 1661 475 ἀφεῖναι
1672 440 1718 466 τὸν
1734 438 1813 472 Θεδν,

1023 488 1070 514 καὶ
1081 487 1169 514 ἐλθεῖν
1183 488 1252 523 μετὰ
1263 487 1318 514 τῶν
1332 487 1379 514 ἀνθ
1385 487 1493 522 ρώπων.

1059 533 1216 568 ιδ’.¹Ελεγεν
1226 535 1240 561 6
1249 534 1335 565 ἁὸὃᾶς
1344 533 1440 568 Δανιὴλ
1452 532 1516 568 περὶ
1524 531 1571 558 τοῦ
1581 532 1652 559 άόὅᾶ
1666 531 1814 568 Ἀρσενίου,

1022 579 1062 606 ὅτι
1072 579 1136 616 ὃλην
1148 580 1197 615 τὴν
1210 579 1296 606 νύκτα
1306 579 1417 606 διετέλει
1429 578 1576 614 ἀγρυπνῶν
1586 587 1593 593 ·
1607 578 1654 605 καὶ
1664 579 1708 605 ὅτε
1719 575 1784 614 ἦλθε
1791 579 1816 594 ⁸⁵

1023 625 1086 660 περὶ
1099 625 1130 651 τὸ
1154 624 1226 660 πρωῒ
1244 625 1289 651 διὰ
1310 625 1360 660 τὴν
1380 623 1460 659 φύσιν
1485 623 1661 659 καθευδῆσαι,
1684 623 1761 658 ἔλεγε
1777 623 1816 658 τῷ

1023 670 1108 706 ὕπνῳ⁴
1119 671 1214 707 Δεῦρο,
1230 671 1299 698 κακὲ
1310 670 1386 697 δοῦλε
1395 679 1402 686 ·
1413 670 1460 698 καὶ
1470 669 1579 706 ἥρπαζε
1593 669 1690 706 μικρὸν
1703 669 1815 703 καθεξό-

1025 726 1115 753 μενος,
1130 718 1177 744 καὶ
1189 716 1290 750 εὐθέως
1307 717 1443 753 ἠγείρετο.

1060 809 1102 832 ιε’.
1130 805 1244 841 Ἔλεγεν
1266 806 1280 832 6
1300 805 1388 837 ἀὸϐἄς
1413 805 1562 842 Ἀρσὲνιος,
1586 806 1627 833 ὅτι
1649 806 1762 842 ἀρκετὸν
1779 805 1817 842 τῷ

1026 851 1146 888 μοναχῷ,
1161 852 1204 879 ῐνα
1217 853 1346 888 κοιμᾶται
1362 851 1426 888 μίαν
1444 851 1529 888 ὥραν,
1554 850 1632 888 ἐὰνῇ
1654 853 1807 889 ἀγωνιστής

1063 943 1111 973 ις’.
1125 940 1238 974 Ἔλεγον
1251 940 1276 966 οἱ
1291 939 1430 975 γέροντες,
1443 940 1484 966 ὅτι
1500 939 1577 974 ἐδόθη
1588 940 1653 966 ποτὲ
1669 940 1708 970 εις
1720 939 1817 975 Σκῆτη

1024 986 1095 1022 πρὸς
1106 986 1184 1020 ὀλίγα
1201 985 1318 1021 ἰσχάδια,
1335 986 1382 1012 καὶ
1398 985 1436 1017 ὡς
1451 985 1533 1021 μηδὲν
1547 986 1621 1018 ὄντα,
1633 987 1683 1013 οὐκ
1697 987 1823 1014 ἀπέστει-

1024 1032 1074 1059 λαν
1089 1032 1128 1067 τῷ
1143 1032 1216 1068 ὰσϐᾷ
1237 1032 1379 1068 Ἀρσενίῳ,
1405 1032 1443 1063 ὡς
1463 1033 1506 1059 ἵνα
1530 1033 1567 1069 μὴ
1589 1032 1667 1068 ὕϐριν
1680 1033 1765 1069 πάθῃ.
1789 1034 1818 1060 'U

1024 1079 1054 1106 δὲ
1068 1079 1157 1114 γέρων
1174 1078 1294 1110 ἀκούσας
1309 1079 1359 1106 οὐκ
1372 1077 1454 1115 ἦλθεν
1469 1080 1491 1095 ³³
1513 1080 1552 1111 είς
1571 1079 1620 1114 τὴν
1639 1079 1757 1112 σύναξιν,
1775 1079 1814 1106 λέ-

1026 1132 1100 1159 γων·
1121 1123 1280 1160 Ἀφορίσατὲ
1297 1133 1330 1160 με
1349 1125 1396 1151 τοῦ
1413 1123 1451 1160 μὴ
1462 1124 1553 1151 δοῦναί
1571 1133 1617 1160 μοι
1631 1125 1680 1160 τὴν
1694 1125 1818 1160 εὐλογίαν

1028 1171 1085 1207 (Ἡ)
1105 1171 1139 1207 ἢν
1156 1172 1278 1207 ἐπεμψεν
1290 1173 1303 1198 6
1319 1172 1384 1202 Θεὸς
1397 1173 1454 1204 τοῖς
1471 1172 1606 1207 ἀδελφοῖς,
1628 1172 1661 1208 ἣν
1680 1173 1730 1199 οὐκ
1745 1174 1819 1208 ήμην

1031 1217 1106 1249 ἄξιος
1120 1217 1220 1244 λαεεῑν.
1247 1217 1302 1245 Kal
1322 1218 1441 1254 ἤκουσαν
1458 1219 1557 1251 πάντες
1581 1219 1628 1246 καὶ
1638 1219 1819 1255 ὠφελήθησαν

1027 1265 1068 1295 εὶς
1093 1263 1142 1299 τὴν
1161 1264 1326 1291 ταπείνωσιν
1351 1263 1398 1291 τοῦ
1411 1264 1547 1300 γέροντος.
1577 1265 1632 1292 Καὶ
1656 1265 1781 1292 ἀπελθὼν
1805 1265 1819 1291 ὁ

1028 1310 1213 1346 πρεσϐύτερος
1227 1311 1382 1346 ἀπήνεγκεν
1395 1310 1468 1346 αὐτῷ
1478 1311 1512 1338 τὰ
1526 1310 1698 1346 ἰσχάδια,καὶ
1706 1312 1822 1347 ἡνεγκεν

1028 1356 1110 1383 αὑτὸν
1126 1357 1166 1388 εἰς
1181 1357 1231 1392 τὴν
1249 1356 1358 1390 σύναξιν
1377 1357 1447 1392 μετὰ
1461 1357 1558 1392 χαρᾶς.

1065 1401 1108 1435 ιζ’.
1136 1402 1252 1437 Ἔλεγεν
1280 1403 1294 1428 6
1318 1402 1405 1434 ἀϐὁᾶς
1429 1402 1538 1438 Δανιὴλ,
1565 1403 1608 1430 ὅτι
1629 1402 1756 1430 Τοσαῦτα
1774 1402 1822 1439 ἐτη

1029 1447 1120 1483 ἔμεινε
1137 1447 1195 1483 μεθ’
1210 1447 1352 1483 ﬁnitimam).
1368 1448 1447 1484 μόνον
1463 1448 1555 1475 θαλλὶν
1568 1448 1706 1484 σίτου(72)
1715 1448 1822 1476 ἐποιοῦ-

1031 1502 1081 1530 μεν
1093 1493 1166 1529 αὺτῴ
1185 1493 1232 1520 τοῦ
1252 1493 1373 1520 ἐνιαυτοῦ
1384 1503 1390 1508 ·
1407 1494 1453 1520 καὶ
1471 1494 1516 1520 ὅτε
1533 1494 1724 1530 παρεϐάλομεν
1736 1495 1822 1531 αὐτῷ,

1032 1539 1061 1572 ea
1078 1539 1160 1566 αὐτοῦ
1176 1539 1315 1575 ¹ἡσθίομεν.

1068 1589 1112 1622 ιη’.
1131 1585 1227 1620 Ἔλεγε
1248 1586 1329 1613 πάλιν
1343 1586 1407 1621 περὶ
1423 1585 1469 1613 τοῦ
1482 1586 1563 1613 αὐτοῦ
1581 1586 1653 1614 ἀδεᾶ
1672 1587 1821 1623 Ἀρσενίου,

1028 1633 1070 1659 ὅτι
1085 1633 1108 1659 εἰ
1135 1632 1172 1667 μὴ
1195 1631 1267 1663 ἆπαε
1286 1633 1332 1658 τοῦ
1357 1632 1481 1659 ἐνιαυτοῦ
1500 1633 1549 1659 οὐκ
1567 1633 1683 1669 ἦλλασσε
1699 1634 1729 1661 τὸ
1749 1633 1822 1671 ὕδωρ

1029 1678 1082 1705 τῶν
1098 1678 1192 1713 βατων,
1212 1678 1282 1704 ἀλλὰ
1293 1678 1374 1713 μόνον
1393 1679 1564 1714 προσετίθει·
1585 1679 1683 1707 ἐπλεκε
1700 1680 1753 1717 γὰρ
1768 1689 1823 1708 σειρ-

1031 1724 1080 1760 ρὰν
1093 1725 1140 1750 καὶ
1154 1724 1290 1759 ἐῤῥαπτεν
1299 1724 1350 1755 ἕως
1364 1724 1438 1760 ὥρας
1452 1725 1545 1760 ἕκτης.
1564 1726 1619 1752 Καὶ
1633 1727 1822 1761 παρεκάλεσαν

1030 1771 1109 1797 αὑτὸν
1124 1771 1148 1797 oi
1161 1771 1287 1807 γέροντες
1302 1772 1441 1808 λέγοντες·
1465 1774 1542 1800 Διατί
1558 1774 1607 1800 οὐκ
1623 1774 1767 1806 ἀλλάσσεις
1791 1775 1823 1802 τδ

1031 1817 1102 1852 ὓδωρ
1121 1817 1175 1844 τῶν
1196 1817 1290 1852 βαῖων,
1310 1819 1350 1845 ὅτι
1365 1819 1438 1852 Mat;
1456 1821 1512 1847 Kal
1537 1820 1612 1847 εἶπεν
1627 1821 1717 1853 αὐτοῖς
1729 1829 1736 1836 ·
1760 1821 1822 1848 Ὀτι

1030 1863 1091 1890 ἀντὶ
1105 1862 1160 1889 τῶν
1177 1862 1357 1898 θυμιαμάτων
1376 1865 1423 1892 καὶ
1443 1865 1497 1892 τῶν
1512 1866 1666 1902 ἀρωμάτων
1678 1867 1701 1882 ’⁸
1716 1863 1754 1893 ὧν
1769 1867 1823 1894 ἀπ-

1030 1909 1131 1935 έλαυσα
1147 1908 1175 1935 ὲν
1189 1908 1228 1944 τῷ
1251 1908 1357 1945 κόσμῳ,
1374 1911 1427 1947 χρὴ
1447 1912 1593 1939 ἀπολαϐεῖν
1613 1921 1647 1948 με
1661 1913 1711 1949 τὴν
1734 1913 1823 1950 ὀσμὴν

1029 1954 1133 1990 ταύτην
1144 1955 1211 1990 (75).

1067 2001 1110 2028 ιϐ’.
1132 1999 1199 2027 Εἴπε
1217 2001 1308 2034 πάλιν,
1330 2003 1371 2029 ὅτι
1388 2003 1425 2035 ὠς
1442 2003 1540 2039 ηκουεν
1565 2005 1606 2031 ὅτι
1620 2004 1748 2041 ἐτελέσθη
1768 2006 1823 2032 πᾶν

1031 2048 1109 2082 γένος
1129 2047 1250 2083 ὀπώρας.
1266 2048 1360 2083 ἔλεγεν
1378 2050 1424 2084 ἀφ’
1440 2050 1536 2077 ἑαυτοῦ
1546 2059 1553 2066 ·
1569 2051 1669 2087 Φέρετέ
1690 2060 1745 2087 μοι.
1769 2052 1824 2079 Kal

1032 2094 1144 2128 ἐγεύετο
1161 2094 1235 2127 ἅπαξ
1248 2095 1329 2130 μόνον
1339 2096 1393 2123 ἀπὸ
1408 2097 1516 2124 πάντων
1531 2098 1638 2134 μικρὸν,
1654 2098 1823 2135 εὐχαριστῶν

1031 2140 1070 2176 τῷ
1081 2140 1152 2175 Θεῷ.

1069 2185 1103 2213 κ’.
1124 2186 1271 2222 Ἦσθένησέ
1287 2196 1352 2214 ποτε
1368 2189 1382 2215 6
1399 2188 1485 2221 ἀὸὅᾶς
1507 2188 1644 2224 Ἀρσένιος
1657 2189 1697 2221 είς
1713 2188 1822 2224 Σκῆτιν,

192 2232 276 2264 Sreti,
293 2240 380 2267 eoque
400 2232 570 2267 paupertatis
584 2231 732 2259 devenerat
746 2235 776 2258 ut
794 2231 928 2267 indigeret
945 2231 975 2258 lii

1035 2233 1080 2258 καὶ
1096 2232 1209 2268 ἔχρῃζεν
1223 2234 1263 2265 εἰς
1277 2235 1392 2269 πρᾶγμα
1405 2235 1456 2266 ἕως
1470 2235 1543 2261 λίνου
1558 2235 1618 2267 ἑνός
1629 2235 1684 2268 (74)
1695 2243 1702 2250 ·
1719 2235 1766 2262 καὶ
1784 2234 1822 2270 μὴ

192 2286 241 2306 nea
267 2278 400 2305 interula:
428 2282 456 2305 et
477 2285 540 2304 cum
565 2285 619 2304 non
635 2276 748 2304 haberet
775 2277 847 2304 unde
868 2281 980 2310 emeret,

227 2356 250 2372 ιι
264 2356 307 2383 Al.
323 2355 412 2391 ηοελε.
449 2356 472 2371 ιι
487 2355 531 2383 At.
545 2355 668 2391 ἐξῆλθεν.
708 2355 731 2370 ι·
747 2354 790 2382 Al.
805 2354 910 2390 μύρων.

229 2445 283 2482 (62)
308 2445 362 2474 Vit.
389 2445 464 2474 Patr.
482 2454 551 2480 xvtt,
575 2446 610 2481 5;
625 2444 657 2472 L.
683 2444 798 2472 Climac.
821 2443 905 2473 Grad.
923 2445 978 2480 27;

192 2481 287 2510 Anast.
305 2487 401 2510 (tumst.
415 2481 459 2509 60.

228 2517 284 2552 (65)
309 2516 361 2552 Vit.
376 2516 452 2544 Patr.
469 2525 506 2548 Iv,
522 2517 550 2544 2.

228 2550 285 2587 (64)
306 2551 440 2587 Eulhymt't'
464 2553 526 2579 Vita
546 2560 575 2579 n.
591 2550 636 2579 58.

240 2587 284 2620 65)
310 2586 361 2614 Vit.
376 2586 453 2614 Patr.
471 2595 507 2619 tv,
523 2588 550 2615 5.

240 2622 284 2657 66)
310 2622 362 2649 Vit.
377 2622 451 2657 Patr.
468 2631 513 2653 xv.
525 2622 551 2651 8.

229 2656 284 2692 (67)
309 2657 362 2684 Vit.
379 2656 454 2684 Patr.
469 2665 505 2691 tv,
518 2657 546 2685 4.

241 2693 285 2725 68)
311 2692 363 2719 Vit.
378 2692 455 2719 Patr.
469 2701 505 2725 tv,
516 2693 543 2720 5.

241 2696 275 2719 68
313 2696 363 2719 Vit.
378 2696 455 2719 Patr.
469 2701 505 2725 Iv,
516 2696 543 2720 5.

229 2696 287 2795 Ξϐ9ξ
311 2727 365 2769 Vit.
378 2727 455 2754 Patr.
469 2737 506 2761 tv,
526 2728 552 2755 6.

243 2763 276 2790 70
313 2762 366 2790 γυ.
387 2763 464 2790 Patr.
480 2772 518 2795 vt.
537 2764 552 2791 5

243 2762 287 2795 70)
313 2762 366 2790 Vit.
387 2763 464 2790 Patr.
480 2772 518 2795 vr,
537 2764 564 2791 5.

229 2798 285 2832 (71)
307 2798 367 2832 Τὴν
377 2799 529 2833 εὐλογίαν.
541 2799 652 2827 Caesarii
661 2799 828 2827 Arelatensis
836 2802 983 2828 testamen-

195 2836 262 2864 tum.
279 2833 305 2860 in
319 2833 417 2870 Codice
431 2833 612 2869 Regularum:
633 2835 666 2862 Et
683 2843 713 2862 ne
730 2835 798 2870 forte
807 2840 867 2866 post
882 2835 982 2862 obitum

196 2875 281 2897 meum
295 2869 379 2905 aliqui
392 2869 424 2897 de
443 2870 597 2905 parentibus
617 2871 693 2903 meis,
709 2869 822 2905 exceptis
835 2871 867 2899 iis
887 2869 962 2898 rebus

1035 2277 1105 2313 ἒχων
1118 2278 1179 2304 ὅθεν
1197 2277 1342 2314 ἀγοράσαι,
1361 2278 1440 2305 ἔλαϐε
1455 2280 1531 2315 παρά
1550 2287 1621 2311 τινος
1639 2279 1760 2314 ἀγάπην,
1775 2277 1823 2305 καὶ

1031 2453 1097 2480 quas
1119 2445 1173 2472 illis
1190 2453 1237 2480 pro
1253 2444 1344 2479 elogiis
1355 2443 1638 2480 donaro,_inquietare
1660 2448 1821 2480 armorumaut

1033 2478 1075 2507 oui
1087 2478 1201 2514 prazsunt
1214 2478 1376 2510 Ecclesium;
1391 2483 1442 2506 etc.
1460 2478 1560 2510 Malim,
1574 2487 1621 2513 pra
1635 2479 1757 2513 rulagiis.

1069 2516 1077 2543 ί
1082 2516 1126 2543 72)
1145 2516 1246 2543 Μόνον
1255 2515 1365 2542 θαλλίν
1378 2514 1475 2541 σίτου.
1497 2513 1557 2540 Vita
1569 2514 1674 2541 Arsenii
1688 2522 1697 2541 :
1710 2513 1792 2540 Θαλλί

1191 2524 1246 2542 νον
1255 2522 1365 2542 θαλλιν
1378 2522 1475 2541 σίτου.
1500 2522 1557 2540 γιια
1569 2522 1674 2541 arserit:
1688 2522 1697 2541 .'
1710 2522 1822 2541 θαλλίαν

1069 2516 1126 2551 (72)
1145 2516 1246 2543 Μόνον
1255 2516 1365 2542 θαλλίν
1378 2516 1475 2541 σίτου.
1498 2516 1557 2540 Vita
1569 2516 1674 2541 Arsenii
1688 2522 1697 2541 :
1710 2516 1789 2540 Θαλλί

1032 2551 1063 2578 ἐν
1076 2551 1151 2577 σίτου
1164 2559 1170 2566 '
1180 2550 1226 2585 ,δεῖ
1238 2550 1291 2585 γὰρ
1301 2551 1356 2581 τοῖς
1367 2550 1508 2585 πατρικοῖς
1519 2550 1623 2581 τούτοις
1630 2549 1744 2584 ὀνόμασι
1754 2558 1789 2584 χρ

1034 2558 1063 2578 εν
1076 2558 1151 2577 σιτου
1164 2559 1170 2566 ν
1184 2558 1224 2577 οει
1238 2558 1273 2585 γα
1301 2558 1356 2581 τοις
1367 2558 1508 2611 tta-ritum;
1519 2558 1623 2581 τούτοις
1630 2558 1744 2584 ονομασι
1754 2558 1821 2591 χρη.

1034 2586 1143 2613 σασθαι.
1164 2584 1251 2612 Unum
1266 2558 1392 2620 ἔοικεπῑὶ
1411 2590 1418 2611 t
1439 2585 1532 2620 allium
1544 2593 1553 2611 :
1574 2589 1676 2618 oportet
1699 2584 1821 2620 enituit":

1033 2623 1073 2648 uti
1088 2621 1183 2656 patriis
1198 2621 1360 2651 nominibus.
1375 2620 1447 2647 edita
1460 2619 1648 2654 lnterpretatio
1660 2619 1822 2656 n.718.7\7’er-

1033 2657 1099 2684 titur
1113 2664 1128 2683 a
1145 2656 1262 2691 Pelagio.
1280 2664 1430 2683 mensuram
1449 2656 1665 2691 parvamivictus.
1689 2655 1821 2691 Intellige,

1032 2700 1066 2720 ex
1080 2691 1152 2720 foliis
1172 2690 1322 2726 palmarum
1337 2691 1499 2726 confectam,
1514 2695 1543 2717 ut
1560 2690 1802 2726 Etytnonrindica}.

1068 2727 1126 2762 (75)
1145 2724 1207 2761 Χρὴ
1225 2726 1389 2755 ἀπολαϐεῖν
1400 2735 1439 2760 με
1451 2725 1509 2759 τὴν
1522 2724 1623 2760 ὀσμὴν
1632 2724 1824 2762 ταύτηνηΡε-

1033 2760 1122 2797 lagius
1136 2760 1214 2789 vetus
1227 2762 1361 2796 interpres
1375 2771 1381 2788 :
1399 2761 1470 2796 Opus
1481 2766 1520 2788 est
1541 2762 1580 2797 uti
1598 2769 1639 2787 me
1654 2760 1746 2795 fwtore
1758 2760 1820 2792 ista,

1034 2796 1101 2825 ac’si
1117 2797 1266 2825 invenisset
1277 2800 1429 2829 exaratum,
1443 2796 1601 2823 ἀπολαύειν.

1071 2832 1126 2868 (74)
1148 2832 1226 2865 Ἐως
1240 2832 1329 2859 ,λίνου
1340 2831 1419 2868 ἑνός.
1443 2831 1543 2868 Eadem
1556 2831 1661 2868 aversio.
1680 2838 1766 2868 usque
1787 2830 1822 2868 ad

1035 2865 1121 2896 mm
1128 2868 1254 2904 siliquam
1265 2867 1377 2895 nummi.
1393 2866 1544 2903 Legebatne
1554 2866 1606 2898 ἓως
1616 2865 1713 2900 νούμου
1725 2865 1783 2899 ἐνὸς
1794 2865 1806 2892 t
