1971 3068
120 142 158 172 95
687 147 994 177 APOPHTHEGMATA
1012 150 1168 181 PATRUM.
1721 153 1758 182 Μ

120 195 214 246 εἶτεεν·
229 197 394 246 Εὒ-χιιριστῷ
404 208 456 234 σοι,
472 200 569 237 Κύριε,
586 202 628 230 ὅτι
640 202 760 238 ὴξίωσάς
772 214 806 241 με
822 207 913 234 λαϐεῖν

970 207 1070 243 accepit
1084 216 1099 235 a
1113 208 1231 244 quodam
1256 208 1474 245 eleemosynam;
1489 210 1630 246 dixitque:
1648 210 1757 239 Gratias

121 243 232 279 ἀγάπην
248 244 304 279 (75)
319 245 364 272 διὰ
373 245 404 272 τὸ
417 245 504 282 ὄνομά
515 256 573 274 σου.

159 339 212 363 κα¹.
234 335 347 370 Ἔλεγον
360 336 424 372 περὶ
436 336 529 368 αὐτοῦ,
546 337 587 364 ὃτι
601 336 658 374 εἷχε
677 339 707 366 τὸ
718 339 854 376 διάστημα
866 342 914 368 τοῦ

124 381 229 409 κελλίου
246 382 328 409 αὐτοῦ
347 383 423 418 μίλια
443 384 651 419 τριακονταδύο·
677 387 726 412 οὐκ
746 387 875 423 ἐξήρχετο
886 388 915 414 δὲ

122 427 242 463 ταχέως·
259 428 334 455 ἄλλοι
346 428 401 464 γὰρ
415 429 522 456 ἐποίουν
541 430 614 466 αὑτῷ
630 431 660 457 τὸ
669 431 831 468 διακόνημα.
850 434 914 460 Ὅτε

123 475 153 502 δὲ
168 475 303 511 ἠρημώθη
318 476 335 511 ἡ
351 476 461 511 Σκῆτις,
482 476 577 512 ἐξῆλθε
597 478 709 511 κλαίων,
733 480 780 506 καὶ
805 479 912 514 ἔλεγεν·

129 522 283 550 ’Δπώλεσεν
295 523 310 549 ὁ
326 522 428 559 κόσμος
442 523 491 559 τὴν
507 523 625 560 Ῥώμην,
634 525 682 551 xal
696 525 721 552 οἱ
737 526 849 561 μοναχοὶ
867 525 915 563 τὴν

124 570 234 605 Σκῆτιν.

160 615 211 651 κβ’.
229 615 386 651 Ἦρώτησεν
401 616 416 642 ὁ
431 616 516 648 ἀὸῧᾶς
535 616 648 652 Μάρκος
662 616 708 644 τὸν
719 617 806 644 ἁῦὃᾶν
822 618 916 654 Ἀρσέ-

124 671 180 689 νιον
193 662 281 696 λέγων
292 670 298 676 ·
311 662 402 689 Καλὸν
414 662 444 689 τὸ
459 663 495 698 μὴ
506 662 578 698 ἔχειν
590 663 652 690 τινὰ
667 664 696 691 ἐν
707 663 746 699 τῷ
759 663 856 698 κελλίῳ
870 665 917 691 αὺ-

124 706 172 734 τοῦ
184 707 357 743 παράκλησιν
370 716 377 740 ;
402 705 471 734 εἶδον
486 707 540 743 γὰρ
553 708 667 743 ἀδελφόν
680 717 740 736 τινα
755 709 853 743 ἔχοντα
868 718 914 744 μι-

125 753 181 788 κρὰ
196 752 310 788 λάχανα,
327 753 374 780 καὶ
390 752 554 789 ὲκριζοῦντα
571 754 652 782 αὑτά.
672 755 728 781 Καὶ
742 752 819 781 εἶπεν
836 756 850 781 ὁ
867 754 916 781 ἁϐ-

125 799 176 832 6ἇς
194 799 344 835 Ἀρσένιος·
363 799 452 826 Καλὸν
463 800 513 834 μέν
528 801 613 832 ἐστιν,
630 800 699 827 ἀλλὰ
717 801 786 837 πρὸς
799 801 848 837 τὴν
859 800 915 833 ἕξιν

123 846 171 873 τοῦ
185 845 344 882 ἀνθρώπου’
369 846 416 873 ἐὰν
429 846 483 882 γὰρ
502 847 539 882 μὴ
556 847 605 883 ἔχῃ
624 848 701 883 ἰσχὺν
722 849 751 874 ὲν
768 847 808 884 τῷ
825 847 914 874 τοιού-

123 900 163 927 τῳ
177 892 280 928 τρόπῳ,
300 891 382 918 πάλιν
396 891 507 926 φυτεύει
521 892 598 920 ἄλλα.

159 950 212 981 κγ’.
244 948 399 983 Διηγήσατο
418 948 432 974 ό
455 948 542 980 ἀῦΰᾶς
561 949 660 985 Δανιὴλ
679 950 693 976 ὁ
719 949 843 985 μαθητὴς
867 950 914 977 τοῦ

123 993 198 1021 ὰὸδᾶ
215 994 352 1029 Ἀρσενὶου
379 993 475 1028 λέγων,
495 995 536 1022 ὅτι
550 995 672 1031 Εὑρέθην
689 996 754 1023 ποτὲ
769 997 853 1030 ἐγγὺς
867 996 915 1023 τοῦ

124 1040 198 1068 assa
218 1041 410 1077 Ἀλεξάνδρου·
433 1042 480 1069 καὶ
501 1042 653 1078 ἐκράτησεν
671 1043 751 1070 αὐτὸν
766 1043 855 1076 πόνος,
868 1044 916 1071 καὶ

123 1087 251 1122 ἥπλωσεν
265 1087 345 1114 αὐτὸν
359 1087 415 1114 ἄνω
430 1087 534 1122 βλέπων
549 1088 593 1115 διὰ
605 1088 651 1116 τὸν
665 1089 755 1117 πόνον.
772 1089 876 1126 Συνέϐη
888 1090 916 1117 δὲ

123 1133 170 1160 τὸν
184 1133 317 1169 μακάριον
325 1134 464 1169 Ἀρσένιον
478 1133 564 1160 ἐλθεῖν
575 1135 620 1161 τοῦ
633 1135 748 1171 λαλῆσαι
762 1135 837 1171 αὑτῷ
848 1145 855 1151 ·
869 1136 917 1162 καὶ

124 1176 196 1206 εἶδεν
205 1180 286 1206 αὐτὸν
299 1180 470 1215 ἡπλωμένον.
486 1180 530 1212 Ὦς
540 1179 586 1208 οὖν
599 1181 724 1217 ὲλάλησε,
738 1182 812 1216 λέγει
824 1182 898 1218 αὐτῷ
907 1192 915 1199 ·

123 1225 181 1252 Καὶ
197 1225 238 1257 τίς
252 1223 286 1261 ἦν
301 1227 434 1262 κοσμικδς
446 1226 476 1254 ὃν
490 1225 560 1254 εἶδον
570 1225 639 1261 ὦδε;
656 1228 737 1263 Λέγει
752 1228 827 1264 αὐτῷ
840 1230 853 1256 ὁ
866 1229 916 1256 ἀσ-

124 1270 176 1302 ϐᾶς
197 1270 384 1307 Ἀλέξανδρος*
406 1271 462 1298 Ποῦ
481 1271 606 1308 ἑώρακας
629 1272 727 1307 abs-civ;
750 1274 805 1300 Kal
822 1272 915 1301 εἶπεν·

129 1317 175 1349 Ὠς
196 1318 373 1354 κατηρχόμην
401 1319 455 1345 ἀπὸ
468 1319 514 1346 τοῦ
537 1319 626 1354 ὅρους,
643 1320 793 1356 προσέσχον
808 1317 859 1347 ὧδε
870 1321 917 1347 ἐπὶ

124 1363 155 1389 τὸ
166 1364 309 1398 σπήλαιον,
317 1365 365 1392 καὶ
379 1362 449 1392 εἶδόν
458 1373 519 1392 τινα.
529 1365 690 1401 ήπλωμένον
704 1367 760 1394 ἄνω
773 1366 915 1402 βλέποντα.

124 1410 181 1437 Καὶ
206 1409 299 1437 ἔϐαλεν
327 1411 402 1447 αὐτῷ
431 1411 575 1447 μετάνοιαν
603 1411 709 1446 λέγων·
735 1412 917 1448 Συγχώρησόν

126 1464 172 1490 μοι
184 1455 252 1492 (76),
270 1455 325 1489 ἐγὼ
352 1457 442 1492 ήμην·
474 1457 554 1488 πόνος
573 1457 627 1492 γάρ
645 1466 678 1492 με
703 1458 830 1494 κατέσχε.
862 1460 917 1487 Καὶ

124 1502 199 1536 λέγει
216 1502 290 1538 αὐτῷ
305 1504 320 1530 ὁ
342 1503 430 1538 γέρων
442 1511 449 1519 ·
473 1503 578 1530 Οὐκοῦν
598 1504 630 1530 σὺ
646 1501 697 1539 ἧς;
725 1505 825 1537 καλῶς.
847 1506 917 1541 Ἐγὼ

125 1549 264 1585 ὐπενόησα
277 1550 318 1576 ὅτι
334 1550 465 1585 κοσμικός
483 1551 552 1584 ὲστι,
568 1550 616 1577 καὶ
627 1550 671 1577 διὰ.
682 1550 762 1578 τοῦτο
775 1551 917 1589 ἠρώτησα.
931 1564 953 1593 C

161 1652 211 1679 κδ’.
227 1652 337 1679 Ἀλλοτε
346 1650 422 1679 εἶπεν
434 1653 448 1679 ό
459 1653 546 1685 acea;
558 1653 696 1689 ’Δρσένιος
709 1653 749 1688 τῷ
759 1653 830 1689 ἁϐὃᾷ
842 1653 917 1680 Ἀλε-

125 1698 288 1734 ξάνδρῳ,ὄτι
298 1699 346 1726 Ἂν
353 1699 502 1736 ἅποσχίσῃς
510 1700 531 1715 ⁸⁷
539 1699 574 1726 τὰ
582 1699 675 1726 θαλλια
685 1708 742 1731 σου,
752 1699 811 1726 ἐλθὲ
821 1699 917 1733 γεῦσαι

127 1746 186 1780 μετ’
199 1745 265 1781 ἐμοῦ
277 1754 284 1760 ·
302 1745 349 1772 ἐὰν
358 1745 386 1772 δὲ
401 1745 497 1772 ἔλθωσι
511 1745 590 1778 ξένοι,
609 1746 678 1781 φάγε
695 1746 753 1781 μετ’
766 1745 864 1772 αὐτῶν.
887 1746 917 1772 '0

125 1790 172 1819 οὖν
198 1791 285 1824 ἀϐὗᾶς
311 1792 482 1827 Ἀλέξανδρος
503 1792 612 1828 ὁμαλῶς
628 1792 770 1828 εἰργάζετο
789 1792 835 1819 καὶ
855 1793 917 1819 ὲπι-

126 1837 219 1869 εικῶς.
249 1838 303 1864 Καὶ
316 1838 354 1869 ὡς
377 1837 488 1873 γέγονεν
504 1839 520 1873 ἡ
535 1839 604 1874 ὥρα,
623 1839 715 1874 ἀκμὴν
728 1836 785 1874 εἶχε
801 1838 896 1866 θαλλια
908 1847 915 1854 ·

126 1884 173 1910 καὶ
184 1883 270 1910 θέλων
284 1884 402 1919 τηρῆσαι
421 1884 466 1911 τὸν
488 1883 566 1919 λόγον
581 1884 627 1910 τοῦ
645 1885 781 1919 γέροντος,
794 1884 918 1920 ἀνέμεινε

127 1928 270 1963 πληρῶσαι
289 1927 322 1955 τὰ
337 1928 431 1955 θαλλία
442 1929 473 1955 ’⁸.
498 1929 528 1955 '0
544 1926 590 1955 οὖν
604 1928 689 1960 ἀὸὃᾶς
710 1929 860 1964 ’Δρσένιος,
879 1929 917 1961 ὡς

127 1970 197 1999 εἶδεν
214 1973 255 1999 ὃτι
274 1973 422 2008 ἐχρόνισεν,
441 1973 583 2007 ἐγεύσατο,
610 1973 788 2009 λογισάμενος
812 1974 917 2009 μήποτε

129 2019 221 2052 ξένους
240 2018 328 2054 ἔσχεν.
353 2020 381 2046 '0
397 2019 425 2045 δὲ
439 2019 525 2051 ἀῆὒᾶς
551 2019 724 2056 Ἀλέξανδρος
738 2020 777 2052 ὡς
793 2020 917 2047 ἐτέλεσεν

127 2064 187 2099 ὀψὲ,
198 2064 314 2098 ἀπῆλθε.
327 2064 383 2090 Καὶ
394 2064 467 2098 λέγει
479 2064 553 2100 αὐτῷ
567 2066 581 2092 ὁ
593 2065 693 2101 γέρων·
709 2064 807 2098 Ξένους
821 2065 914 2101 ἐσχες;

127 2112 227 2146 Λέγει·
245 2111 321 2146 Οὐχί.
343 2109 408 2137 Eine
429 2111 457 2138 δὲ
480 2111 572 2146 αὐτῷ·
598 2111 660 2143 Πῶς
681 2109 726 2138 οὖν
747 2111 797 2138 οὐκ
812 2108 914 2147 ἦλθες;

161 2203 185 2220 ’⁷
205 2202 247 2229 ΑΙ.
261 2202 378 2239 ἀπόσχῃ.
415 2202 439 2218 ’⁸
456 2202 498 2229 Ai.
520 2201 594 2237 βαΐα.

163 2283 220 2319 (τε)
241 2282 267 2319 ῘΑ

964 261 1015 289 ago
1030 254 1223 286 tibi,Domine,
1241 255 1314 290 quod
1330 256 1397 283 mihi
1409 258 1579 284 concesseris
1599 261 1630 284 ut
1643 257 1758 284 eleemo-

963 306 1058 334 synam
1076 307 1126 334 pro
1141 300 1253 328 nomine
1267 305 1314 328 tuo
1328 302 1481 336 acciperem

998 346 1043 374 21.
1057 346 1113 382 (77)
1126 345 1258 374 Dicebant
1274 347 1308 374 de
1326 348 1382 379 illo,
1394 348 1467 382 quod
1483 348 1569 383 ipsius
1580 348 1648 376 cella
1660 347 1757 376 dissita

963 395 1022 418 erat
1035 392 1122 426 spatio
1135 392 1291 419 milliarium
1307 392 1417 427 triginta
1431 393 1503 426 duo;
1520 401 1574 420 non
1594 393 1650 420 cito
1664 398 1756 421 autem

964 437 1176 473 egrediebatur;
1202 438 1247 465 alii
1268 439 1341 465 enim
1362 439 1546 467 ministerium
1569 439 1594 467 ei
1609 439 1756 467 faciebant.

965 484 1080 518 Quando
1101 489 1191 512 autent
1215 489 1322 512 vastata
1349 490 1390 513 est
1415 485 1515 517 Sectis,
1545 486 1611 514 exiit
1634 486 1756 521 plorans.

965 531 1106 566 dixitque:
1137 530 1256 559 Mundus
1283 530 1398 558 Romam
1421 531 1549 566 perdidit,
1580 536 1606 560 et
1629 533 1757 560 monachi

966 575 1079 604 Scetim.

1000 622 1045 649 22.
1067 621 1123 657 (78)
1146 621 1326 650 Percontatus
1345 627 1385 650 est
1403 623 1487 650 abbas
1503 622 1611 650 Marcus
1630 623 1756 650 abbatem

965 666 1111 694 Arsenium
1132 667 1174 694 his
1196 667 1304 694 verbis:
1347 667 1489 694 Ronumne
1504 673 1556 700 est,
1587 668 1691 695 nullum
1709 668 1757 694 ha-

965 712 1030 740 bere
1039 713 1066 740 in
1077 713 1145 740 cella
1156 720 1205 740 sua
1220 713 1367 740 solatium?
1378 713 1436 741 Vidi
1449 714 1520 741 enim
1537 713 1649 741 fratrem
1661 721 1757 749 quem-

965 759 1027 786 dam
1044 759 1090 794 qui
1101 759 1225 786 oluscula
1242 759 1355 791 habens.
1373 760 1530 787 eradicahat
1548 767 1591 787 ea.
1606 760 1758 795 Respondit

966 803 1049 830 abbas
1070 804 1220 830 Arsenius:
1245 803 1348 830 Bonum
1367 804 1476 838 quidem
1497 808 1551 836 est,
1569 807 1597 829 at
1612 803 1691 838 juxta
1709 803 1758 829 ho-

967 849 1049 876 minis
1058 848 1190 876 habitum.
1203 848 1271 875 Nam
1286 848 1308 877 si
1323 856 1377 876 non
1389 849 1515 876 habuerit
1528 848 1602 876 vires
1616 849 1644 876 in
1659 849 1758 884 hujus-

929 884 951 911 Β
965 895 1038 922 modi
1055 896 1173 929 inceptu,
1186 895 1285 922 iterum
1300 895 1353 922 alia
1368 895 1541 930 plantaturus
1555 898 1608 922 est.

1001 952 1046 980 25.
1058 951 1186 979 Narravit
1208 952 1260 979 hoc
1284 951 1366 979 modo
1386 952 1471 979 abbas
1493 952 1588 979 Daniel
1605 951 1759 987 discipulus

966 998 1073 1026 abbatis
1095 997 1221 1025 Arscnii:
1246 998 1344 1026 Exstiti
1367 998 1515 1032 aliquando
1532 1006 1616 1033 prope
1633 998 1757 1025 abbatem

965 1044 1164 1077 Alexandrum;
1177 1048 1205 1072 et
1216 1043 1311 1071 dolore
1321 1048 1466 1078 correptus
1479 1049 1531 1076 est,
1541 1051 1625 1078 seque
1634 1043 1670 1071 ob
1680 1043 1760 1078 πει-ἰ-

967 1091 1087 1118 tudinem
1099 1090 1233 1122 extendit,
1245 1098 1356 1118 sursum
1375 1090 1521 1125 aspiciens.
1532 1089 1653 1124 Contigit
1666 1093 1758 1116 autem

967 1139 997 1162 ut
1010 1135 1106 1163 beatus
1118 1136 1250 1163 Arsenius
1266 1136 1370 1163 veniret
1385 1135 1418 1162 ad
1435 1136 1601 1170 loquendum
1616 1135 1640 1162 ei
1654 1143 1662 1168 ;
1677 1134 1760 1162 vidit-

966 1189 1020 1217 que
1036 1182 1111 1209 illum
1126 1186 1282 1210 extensum.
1316 1181 1466 1218 Postquam
1489 1189 1554 1217 ergo
1573 1182 1682 1209 locutus
1705 1185 1758 1208 est.

967 1227 1032 1254 dicit
1046 1227 1071 1254 ei
1085 1236 1092 1254 :
1104 1226 1137 1253 Et
1149 1227 1210 1262 quis
1229 1231 1289 1254 erat
1304 1227 1386 1254 honto
1401 1228 1542 1255 saecularis
1562 1235 1642 1263 quem
1656 1227 1699 1254 hic
1719 1226 1761 1253 vi-

967 1273 1014 1300 di?
1036 1272 1187 1308 Respondit
1207 1273 1292 1301 abbas
1311 1274 1482 1302 Alexander:
1504 1272 1622 1301 Ubinam
1641 1281 1759 1309 conspe-

968 1319 1032 1347 xisti
1048 1319 1202 1347 eumlAit:
1219 1319 1287 1346 Cum
1301 1324 1415 1347 emonte
1430 1320 1636 1349 descenderem.
1652 1319 1761 1355 respexi

967 1365 1022 1393 huc
1039 1365 1072 1392 ad
1089 1366 1257 1401 speluncam,
1280 1369 1307 1393 et
1323 1366 1377 1393 vidi
1400 1366 1517 1400 aliquem
1535 1370 1678 1397 extensum
1695 1373 1755 1393 cer~

968 1416 1077 1439 nentem
1100 1420 1221 1440 sursum.
1255 1412 1326 1440 Tum
1358 1413 1465 1440 veniam
1488 1420 1603 1447 corpore
1627 1412 1762 1439 inclinato

968 1456 1044 1491 petiit
1057 1457 1092 1484 ab
1105 1457 1163 1490 illo,
1174 1456 1287 1485 dicens:
1314 1457 1399 1484 Parce
1414 1457 1479 1484 mihi
1491 1466 1498 1491 ;
1511 1465 1562 1492 ego
1573 1464 1647 1484 erant
1661 1465 1667 1484 :
1683 1456 1763 1484 dolor

968 1502 1040 1529 enim
1049 1510 1093 1530 me
1105 1502 1322 1538 comprehendit.
1336 1501 1406 1529 Tum
1419 1510 1518 1530 senex:
1530 1502 1572 1529 Tu
1587 1502 1670 1538 igitur
1682 1502 1763 1531 eras?

969 1548 1041 1577 Bene
1055 1549 1146 1585 habet.
1162 1550 1218 1586 Ego
1233 1550 1326 1585 putavi
1343 1549 1436 1577 sarculi
1454 1550 1593 1577 hominem
1611 1549 1708 1582 fuisse,
1720 1553 1764 1576 at-

969 1603 1024 1631 que
1038 1596 1099 1623 ideo
1111 1596 1270 1624 sciscitatus
1285 1603 1358 1624 sum.

1004 1651 1050 1678 24.
1068 1651 1124 1687 (79)
1137 1651 1197 1679 Alia
1209 1652 1269 1680 vice
1284 1652 1369 1680 abbas
1379 1651 1513 1679 Arsenius
1524 1651 1593 1679 dixit
1602 1650 1694 1679 abbati
1703 1649 1764 1677 Ale-

969 1700 1092 1727 xandro:
1106 1700 1256 1736 Postquam
1270 1701 1414 1729 discideris
1430 1700 1552 1735 palmeos
1569 1706 1661 1726 ramos
1684 1701 1760 1731 tuos,

971 1748 1031 1774 veni
1051 1746 1220 1774 manducare
1242 1755 1366 1775 mecum:
1391 1746 1464 1782 quod
1489 1746 1511 1773 si
1533 1744 1655 1780 hospites
1670 1751 1764 1779 super-

970 1791 1107 1824 venerint,
1120 1798 1182 1818 cum
1197 1791 1251 1818 illis
1265 1791 1387 1819 comede.
1404 1790 1488 1826 Igitur
1501 1790 1586 1818 abbas
1597 1790 1762 1823 Alexander,

970 1837 1042 1865 lente
1058 1837 1223 1872 operabatur
1236 1841 1318 1873 atque
1333 1838 1484 1865 moderate.
1495 1837 1583 1872 thue
1595 1837 1660 1864 hora
1675 1836 1761 1871 venit,

971 1882 1060 1910 adhuc
1075 1883 1192 1911 habebat
1207 1891 1311 1911 ramos.
1325 1883 1358 1910 Et
1371 1883 1466 1912 volens
1480 1883 1555 1911 senis
1571 1878 1698 1910 mandato
1710 1881 1761 1909 ob-

967 1932 1132 1963 temperare,
1150 1929 1321 1964 exspectavit
1333 1929 1421 1956 donec
1436 1936 1506 1965 opus
1519 1936 1599 1956 suum
1614 1929 1762 1964 explesset.

966 1974 1001 2001 At
1020 1974 1105 2002 abbas
1123 1974 1268 2008 Arsenius,
1294 1980 1440 2010 postquam
1464 1974 1531 2002 vidit
1555 1982 1617 2002 eum
1642 1974 1761 2006 tardare,

966 2020 1096 2051 comedit.
1115 2028 1208 2047 secum
1228 2025 1371 2056 reputans,
1395 2018 1466 2048 forte
1482 2020 1604 2055 hospites
1618 2020 1657 2047 illi
1673 2020 1763 2048 conti-

966 2066 1050 2101 gisse.
1064 2066 1157 2094 Abbas
1172 2073 1239 2094 vero
1252 2066 1418 2100 Alexander,
1433 2067 1570 2102 completo
1584 2074 1668 2101 opere
1684 2067 1761 2094 circa

965 2120 1117 2147 vesperam,
1132 2113 1260 2148 perrexit.
1273 2112 1343 2140 Dicit
1357 2113 1382 2140 ei
1392 2120 1493 2141 senex:
1509 2111 1672 2140 Habuistine
1684 2119 1762 2148 pete-

330 2290 380 2316 ην.
397 2281 609 2317 Ειεεηιοεῃηαπι.
639 2281 751 2309 Canone
769 2281 802 2307 ﬂ
814 2280 915 2308 Conci-
932 2285 955 2314 ι)
969 2279 1021 2306 tari
1037 2279 1064 2317 in
1076 2277 1173 2317 primis
1184 2275 1480 2317 debetnApcphthegma
1496 2274 1663 2317 ﬁiTheodori
1676 2273 1762 2317 Pher-

129 2309 250 2353 lii‘ap'nd
266 2309 431 2352 saponarias
445 2327 451 2344 :
477 2309 700 2353 Utvhospitalia,
720 2316 917 2351 peregrinorum
933 2309 952 2314 ⁷
970 2309 1171 2353 mensis'inira,
1184 2320 1251 2353 cum.
1260 2309 1475 2353 Soioinenniloco
1487 2310 1543 2353 llib:
1558 2317 1699 2353 vnthcap.
1715 2309 1760 2353 l7;

128 2351 258 2385 videlicet.
277 2351 429 2380 et’aliorum
441 2361 488 2387 pro
503 2351 617 2379 remedio
637 2353 788 2379 animarum
801 2357 917 2386 recepta-

128 2390 200 2419 cula.
213 2398 230 2415 a
241 2389 292 2422 piis
306 2388 520 2422 imperatoribus,
534 2388 648 2414 Patrum
660 2387 770 2419 scilicet,
787 2392 812 2414 et
821 2392 918 2414 vestro-

128 2433 186 2452 rum
199 2425 228 2450 in
243 2425 334 2450 timore
347 2428 371 2450 et
384 2432 474 2450 amore
492 2423 539 2450 Dei
558 2427 720 2456 prteparata,
733 2423 765 2449 ab
780 2423 852 2449 omni
866 2430 917 2448 usu

127 2465 153 2487 et
167 2460 246 2486 libilu
261 2460 385 2486 humana:
410 2459 567 2486 temeritatis
586 2457 720 2488 absoluta.
739 2459 765 2484 in
776 2465 819 2484 eos
840 2465 916 2489 usus,

127 2495 222 2530 quibus
239 2499 300 2521 sunt
317 2493 473 2526 constituta,
492 2494 615 2530 pietatem
636 2493 859 2527 prwdecesxorunt
878 2500 919 2519 se-

128 2529 246 2565 quentes,
259 2530 306 2556 sub
318 2529 466 2562 patrocinio
478 2534 562 2556 vestra
575 2529 684 2564 dignum
696 2533 734 2555 est
749 2532 833 2565 vestro
853 2532 917 2565 tem-

128 2563 191 2600 pore
215 2570 241 2592 et
267 2571 353 2592 vestra
366 2564 548 2592 sollicitudine
566 2563 759 2591 restaurentur.
778 2563 831 2600 Qui
850 2563 918 2589 enim

130 2599 230 2636 agapen
249 2608 405 2634 pauperum,
425 2605 450 2627 et
471 2600 687 2636 sustentationem
709 2599 917 2636 peregrinorum,

130 2634 155 2663 el
168 2638 362 2670 eleemosynam
377 2636 561 2670 defunctorum
573 2634 745 2670 defraudant,
764 2634 836 2670 apud
856 2641 918 2670 san:

130 2676 186 2698 etot
202 2667 298 2698 Patris
312 2667 552 2698 eorum-necaturas
567 2667 702 2697 vocantur.
720 2669 806 2703 Cujus
815 2667 919 2696 decreti

132 2708 204 2740 prior
223 2714 289 2741 pars
314 2706 347 2733 ad
369 2706 469 2733 bonum
499 2713 610 2733 sensum
636 2704 919 2741 «constructionem

132 2739 337 2777 grammaticam
354 2741 405 2777 hoc
421 2740 501 2777 modo
517 2740 638 2777 revocari
664 2740 754 2777 debet.
775 2739 920 2767 scribendo

132 2775 270 2808 nimirum,
293 2775 422 2803 Patribus
434 2776 534 2803 scilicet
552 2776 656 2807 uestris,
671 2780 699 2803 et
713 2775 834 2809 pietatem
851 2781 920 2809 prte-

132 2811 297 2839 decessorum
309 2811 453 2846 sequendo.

164 2847 220 2882 (70)
240 2843 448 2882 Συγχῶρησόν
455 2854 516 2880 μοι.
526 2845 561 2872 Ea
576 2845 704 2880 loquendi
720 2844 834 2882 formula
849 2843 919 2882 pleni

133 2879 194 2911 sunt
208 2879 462 2918 libri,'praasertim
475 2881 596 2914 ascetici,
614 2879 646 2908 ac
664 2880 791 2917 liturgici.
803 2879 857 2908 Sed
868 2888 919 2906 no-

970 2350 1025 2377 Kal
1045 2349 1146 2383 κύκλῳ,
1166 2344 1213 2374 ait
1235 2347 1355 2383 Symeon‘
1381 2345 1634 2383 Thessalonicensis
1654 2352 1714 2383 cap.
1744 2344 1760 2371 7

970 2385 1018 2412 lib.
1035 2384 1072 2411 De
1084 2379 1394 2420 sacrisprdin'ationt'bua
1403 2390 1412 2408 :
1424 2381 1490 2416 Τρὶς
1506 2380 1555 2420 τὴν
1568 2379 1643 2416 ἱερὰν
1657 2379 1761 2420 ἶρέπεφ

970 2419 1021 2452 ζαν
1035 2419 1145 2446 διελθὼν
1171 2418 1246 2449 θείας
1269 2417 1377 2453 χορείας
1398 2415 1606 2453 συνισταμένης,
1626 2415 1678 2453 ,τοῦ
1694 2415 1760 2453 ἦχοι)

970 2424 1021 2452 ζαν
1035 2424 1145 2446 διελθὼν
1171 2424 1246 2449 ﬂeta;
1269 2425 1377 2453 χορειας
1398 2424 1606 2476 συνισταμενὲς,
1631 2424 1678 2441 του
1694 2424 1760 2450 ηχου

967 2455 1022 2482 τῶν
1036 2453 1217 2491 ἑορταζόντων
1231 2453 1278 2480 καὶ
1295 2450 1535 2491 πανῃγυριζόντῳν
1583 2449 1692 2491 ομένου,
1713 2450 1761 2491 uel

967 2490 1023 2517 τῶν
1041 2484 1188 2526 μᾷρτῦρων
1214 2484 1705 2526 σμγχωρεόέινἦμῖνξπιόοώμένωγ.
1731 2484 1760 2511 id

968 2530 1010 2554 est
1024 2520 1057 2553 ex
1069 2520 1293 2558 interpretatione
1306 2520 1357 2549 viri
1379 2520 1470 2549 docti:
1490 2520 1541 2558 Ter
1563 2525 1650 2558 autem
1666 2520 1760 2547 chorea

969 2561 1043 2594 facta
1068 2556 1190 2587 circumit
1212 2566 1318 2594 sacrant
1339 2563 1475 2594 mensam;
1495 2556 1600 2583 interim
1618 2559 1761 2594 cantantur

969 2591 1059 2631 llymni
1070 2597 1097 2622 in
1113 2600 1174 2622 tono
1187 2594 1256 2620 diem
1268 2593 1363 2627 festum
1379 2591 1511 2631 agentium
1521 2596 1546 2631 et
1555 2591 1762 2631 panegyrimfe-

971 2625 1151 2661 lebrantium;
1169 2625 1349 2664 martyresqtte
1363 2625 1480 2654 ut‘nobis
1497 2625 1691 2664 indalgentt'am
1708 2626 1761 2651 im-

970 2671 1071 2701 petrent
1094 2673 1189 2700 magno
1207 2661 1323 2690 clamore
1348 2664 1516 2701 invocantur.
1541 2661 1604 2701 Mihi
1623 2668 1688 2688 vero
1701 2668 1761 2701 ⁵ιιοη

970 2695 1014 2729 est
1034 2695 1150 2728 dubium'
1177 2700 1243 2734 quin
1267 2705 1400 2734 reponere
1426 2700 1551 2731 oporteat
1575 2695 1761 2734 euyxopsdatv,

971 2731 1235 2770 nullatenusque‘ad
1252 2731 1448 2769 indulgentiam
1473 2739 1505 2759 ac
1522 2732 1629 2759 veniant
1649 2731 1761 2758 verbum

972 2772 1116 2808 redirent:

1007 2807 1064 2842 (77)
1087 2806 1139 2833 Vit.
1160 2805 1234 2842 Eutr.
1253 2812 1282 2833 tl.

1021 2842 1065 2875 78)
1088 2841 1141 2868 Vit.
1162 2840 1235 2866 Patr.
1254 2847 1280 2868 x.
1298 2839 1323 2866 7.

1021 2848 1065 2875 ‘15)
1091 2848 1141 2868 vu.
1162 2848 1235 2866 mur.
1254 2848 1280 2868 χ,
1302 2848 1323 2866 ι.

1008 2848 1065 2914 ἱ79)
1089 2876 1143 2904 Vit.
1158 2875 1225 2902 Patr
1250 2883 1305 2907 xiv,
1323 2875 1333 2901 l
