1971 3068
412 165 428 174 ο

125 173 159 201 97
710 173 1014 202 APOPHTHEGMATA
1035 174 1190 202 PATllUM.
1732 175 1769 204 9d

127 229 181 257 ἰδοὺ
204 229 300 265 βλέπε.
324 230 357 256 'ﬂ
386 230 414 256 δὲ
436 230 491 257 ἀπὸ
517 230 648 266 αἰσχύνης
671 231 702 256 οὐ
729 231 877 266 κατενόησε
894 231 922 257 τὸ

977 231 1065 258 dixit:
1095 230 1123 258 Si
1147 231 1244 259 faelem
1268 239 1356 259 meam
1383 231 1462 267 cupis
1487 232 1621 266 aspicere,
1636 230 1679 261 'en
1695 233 1763 263 vide.

128 273 275 309 πρόσωπον
285 274 380 301 αὑτοῦ.
392 274 447 301 Kal
459 274 533 309 λέγει
550 275 619 310 αὐτῇ
632 276 645 301 6
655 275 759 311 γέρων·
777 276 832 302 Οὐκ
843 276 924 310 ἣκου-

128 328 176 352 σας
187 320 222 346 τὰ
236 319 306 356 ἔργα
320 329 386 355 μου;
403 320 489 347 ταῦτα
501 321 609 356 βλέπειν
623 321 771 355 ἀναγκαῖόν
785 323 852 348 ἐστι.
863 321 925 352 Πῶς

127 365 155 392 δὲ
170 366 325 402 ἐτόλμησας
341 367 468 393 τοσοῦτον
487 367 602 402 ποιῆσαι
618 367 718 399 πλοῡν;
735 367 784 394 οὐκ
799 366 872 399 οἶδας
883 367 923 394 ὅτι

127 413 197 448 γυνὴ
219 410 244 438 εἴ
258 421 266 445 ;
291 413 341 439 οὐκ
355 412 471 447 ὀφείλεις
491 413 649 449 ἐξέρχεσθαί
666 413 717 439 πού
732 421 814 445 mea;
829 413 864 439 ‘H
880 413 925 440 ἵνα

127 459 250 496 ἀπέλθῃς
264 459 305 490 είς
317 458 439 494 Ῥώμην,
455 460 591 494 καὶεί-[της
609 461 670 490 ταῖς
684 459 778 491 ἄλλαις
790 459 923 493 γυναιξὶν,

128 506 171 532 ὄτι
190 505 318 541 Ἑώρακα
339 505 486 540 Ἀρσὲνιον,
509 506 556 532 καὶ
575 506 707 540 ποιήσωσι
723 505 772 541 τὴν
786 505 923 532 Θάλασσαν

127 551 187 577 ὁδὸν
203 550 342 584 γυναικῶν
357 551 513 586 ἐρχομένων
525 551 592 585 πρὸς
608 551 658 586 μές
675 551 742 578 Ἡδὲ
755 549 843 577 εἶπεν⁸
862 551 923 578 Ἐὰν

128 596 196 633 θέλῃ
208 596 222 622 6
238 596 349 632 Κύριος,
365 597 414 623 οὐκ
434 597 495 630 ἀφῶ
511 605 572 622 τινα
593 597 679 623 ἐλθεῖν
697 594 764 624 ὦδε·
795 597 852 623 ἀλλ’
879 597 924 623 εῦ-

128 651 177 677 χου
201 643 271 678 ὑπὲρ
293 642 373 677 ἐμοῦ,
391 643 437 669 καὶ
457 642 608 677 μνημόνευὲ
637 652 686 678 μου
709 643 863 674 διαπαντός.
891 643 922 670 '0

129 688 158 714 δὲ
175 688 333 724 ἀποκριθεὶς
347 687 423 715 εἶπεν
440 689 507 724 αὐτῇ
521 698 527 705 ·
545 688 666 724 Εῠχομαι
681 689 719 724 τῷ
739 688 809 724 Θεῷ,
824 689 867 716 ἵνα
879 688 922 721 ὲξ-

129 734 228 771 αλείψῃ
240 735 270 761 τὸ
285 735 455 770 μνημόσυνόν
469 743 516 761 σου
532 735 564 762 ὲκ
585 735 636 770 τῆς
651 735 765 771 καρδίας
786 743 846 770 μου.
867 735 923 761 Καὶ

129 780 216 807 ταῦτα
227 780 376 812 ἀκούσασα,
395 779 490 814 ἐξῆλθε
502 781 704 816 τεταραγμένη.
725 781 778 807 Kal
792 780 829 811 ὡς
841 778 923 815 ἦλθεν

130 826 170 857 είς
189 825 238 861 τὴν
250 825 336 856 πόλιν,
355 826 409 852 ἀπὸ
422 826 471 860 τῆς
487 825 575 861 λύπης
590 825 670 852 ἔϐαλε
685 826 831 860 πυρέσσειν
841 834 847 840 ·
876 826 923 852 καὶ

131 871 269 906 ἀνηγγέλη
292 871 331 905 τῷ
362 871 490 906 μακαρίῳ
515 871 635 906 θεοφίλῳ
657 870 697 906 τῷ
716 871 924 906 ἀρχιεπισκόπῳ

975 276 1021 303 illa
1038 284 1093 312 pra:
1108 277 1272 304 verecundia
1287 277 1391 304 vultum
1410 277 1497 312 ipsius
1518 278 1702 313 contemplata
1715 287 1768 308 non

974 325 1026 348 est.
1056 322 1124 348 'I'um
1146 329 1245 350 senex:
1260 322 1357 349 Nonne
1371 323 1480 350 audiisti
1499 330 1581 358 opera
1601 324 1678 351 mea?
1702 323 1765 352 llaec

974 367 1150 395 considerare
1177 368 1308 402 oportuit.
1338 368 1480 401 Quomodo
1516 371 1606 395 autem
1643 376 1708 396 ausa
1738 378 1768 398 es

974 416 1077 439 tantam
1091 414 1289 448 navigationem
1306 415 1458 442 coniicere?
1485 414 1581 442 Nonne
1597 415 1652 443 scis
1666 419 1692 443 te
1705 424 1768 444 esse

975 457 1129 489 mulierem,
1151 466 1202 485 nec
1225 459 1324 486 debere
1346 467 1483 494 quoquam
1499 460 1594 487 exire?
1615 460 1655 487 An
1673 465 1701 488 ιιι
1712 461 1768 489 Ro-

974 510 1047 529 mam
1065 510 1188 537 reversa,
1202 504 1279 532 dit-as
1292 505 1397 532 czeteris
1412 505 1585 532 mulieribus:
1610 504 1668 533 Vidi
1683 507 1767 534 Arse-

974 548 1069 581 nium;
1096 549 1196 585 ﬁatque
1218 558 1293 577 mare
1310 551 1360 578 iter
1373 551 1518 577 mulierum
1531 550 1689 578 adeuntium
1707 553 1767 580 me!

973 593 1008 619 At
1034 593 1078 620 illa
1102 595 1223 630 excepit:
1249 595 1277 622 Si
1308 595 1362 623 Deo
1388 596 1508 629 libuerit,
1532 605 1585 624 non
1610 598 1767 632 permittam

973 646 1110 674 quamque
1132 641 1186 668 huc
1204 642 1350 676 appellere.
1375 641 1474 669 Verum
1491 650 1539 669 ora
1559 651 1609 678 pro
1627 651 1680 675 me,
1699 646 1766 672 mei-

973 693 1027 719 que
1047 693 1154 721 semper
1171 693 1317 715 memenlo.
1341 689 1494 724 Respondit
1508 691 1657 718 Arscnius:
1680 690 1764 719 Deum

974 738 1083 765 precor,
1108 735 1138 758 ut
1163 733 1322 760 memoriam
1351 735 1389 761 tui
1416 735 1505 762 deleat
1531 736 1565 763 de
1588 737 1669 763 corde
1693 745 1762 765 meo.

975 776 1081 808 Quibus
1097 778 1198 805 auditis
1214 779 1290 813 virgo
1310 780 1468 814 perturbata
1485 782 1624 809 discessit.
1640 783 1764 816 Cumque

973 822 1006 848 ad
1023 823 1117 850 urbem
1135 824 1264 857 venisset,
1283 833 1337 859 pne
1353 826 1462 852 tristitia
1478 826 1504 853 in
1528 826 1630 854 febrem
1647 828 1763 863 incidit;

974 869 1173 904 nuntiatusque
1198 874 1241 897 est
1268 871 1346 897 beato
1373 870 1525 905 Tltcopbilo
1557 873 1764 909 arcbiepiscolio

130 917 172 942 ὅτι
186 916 301 943 ἀσθενεῖ.
321 917 376 943 Kal
392 916 477 943 ἐλθὼν
496 917 564 952 πρὸς
586 917 680 951 αὐτὴν,
702 917 849 952 παρεκάλει
866 926 918 952 μα-

976 913 1081 941 morbus
1098 914 1167 948 ejus.
1187 914 1239 947 Qui
1256 914 1290 941 ad
1316 915 1389 942 illam
1410 917 1559 950 profectus,
1576 914 1704 953 pre—cibus
1720 921 1762 946 di-

131 961 188 989 θείν
201 962 227 988 τί
241 964 313 989 ἐστιν
326 962 340 989 ὃ
354 962 420 998 ἔχει.
441 963 472 989 Ἦ
483 962 510 989 δὲ
525 961 600 990 εἷπεν
612 963 700 998 αὐτῷ·
716 963 778 990 Εἴθε
789 964 826 999 μὴ
835 964 921 999 ἀπήν-

130 1016 202 1042 τησα
214 1004 282 1034 ὧδε”
305 1005 381 1034 εἷπον
395 1007 449 1043 γὰρ
468 1007 507 1043 τῷ
525 1007 649 1043 γέροντι·
673 1009 834 1044 Μνημόνευέ
853 1018 919 1044 μοψ

132 1053 178 1080 καὶ
191 1052 250 1080 εἶπέ
262 1062 321 1088 μοι·
336 1053 457 1089 Εὕχομαι
468 1053 507 1088 τῷ
515 1053 584 1089 Θεῷ,
601 1055 644 1081 ἵνα
659 1054 804 1090 ἐξαλειφθῇ
814 1055 844 1081 τὸ
856 1064 922 1091 μνη-

133 1098 247 1133 μόσυνόν
261 1106 307 1124 σου
323 1099 355 1125 ὲκ
365 1099 415 1134 τῆς
432 1099 543 1134 καρδίας
560 1107 620 1133 μου.
639 1099 694 1125 Καὶ
710 1099 764 1126 ίδοὺ
778 1099 834 1133 ἐγὼ
851 1100 921 1126 ἀπο-

132 1145 244 1180 θνήσκω
255 1145 287 1171 ὲκ
299 1145 349 1179 τῆς
364 1144 462 1180 λύπης.
479 1145 532 1171 Kal.
544 1145 618 1179 λέγει
633 1145 699 1180 αὐτῇ
716 1146 730 1172 6
746 1145 920 1181 dpxtsnloxo-

132 1199 199 1222 πος·
220 1191 277 1217 οὐκ
286 1188 359 1222 οἶδας
376 1191 417 1217 ὅτι
437 1191 504 1226 γυνὴ
521 1188 556 1220 εἴ.
571 1192 618 1217 καὶ
629 1191 673 1217 διὰ
688 1191 742 1217 τῶν
758 1192 894 1225 γυναικῶν
908 1192 922 1217 ὁ

133 1236 230 1272 ἐχθρὸς
241 1236 356 1271 πολεμεῖ
366 1237 429 1268 τοὺς
441 1237 549 1271 ἁγίους;
561 1237 605 1263 διὰ
618 1237 696 1263 τοῦτο
707 1235 783 1264 εἶπεν
797 1239 811 1264 ὸ
821 1238 920 1273 γέρων·

132 1283 197 1318 περὶ
226 1282 279 1318 γὰρ
300 1282 352 1317 τῆς
371 1282 460 1317 ψυχῆς
483 1291 530 1309 σου
555 1283 662 1318 εὔχεται
684 1284 838 1315 διαπαντός.
868 1285 922 1311 Kal

134 1328 222 1360 οὕτως
241 1329 410 1364 ἐθεραπεύθη
434 1329 448 1355 ὁ
477 1329 605 1365 λογισμὸς
625 1330 720 1365 αὐτῆς,
746 1329 794 1356 καὶ
817 1330 921 1366 ἀπῆλθε

136 1375 205 1408 μετὰ
222 1376 308 1412 χαρᾶς
324 1376 364 1407 είς
378 1375 412 1402 τὰ
432 1375 496 1404 ίδια.

169 1464 220 1492 κθ’.
236 1465 387 1500 Διηγήσατο
400 1466 415 1492 6
429 1464 516 1497 assa;
533 1465 629 1501 Δανιὴλ
640 1465 704 1501 περὶ
719 1465 766 1492 τοῦ
782 1465 922 1501 ἁὸϐᾶἋρ-

140 1510 240 1542 σενίου,
251 1511 290 1536 ὅτι
301 1508 367 1546 ἦλθέ
384 1518 448 1536 ποτε
462 1510 666 1545 μαγιστριανδς,
683 1509 772 1545 φέρων
783 1509 858 1546 αὐτῷ
866 1509 922 1537 δια-

134 1556 223 1592 θήκην
236 1556 309 1588 τινδς
328 1556 511 1592 συγκλητικοῦ
529 1556 675 1590 συγγενοῦς
701 1556 792 1587 αὐτοῦ,
810 1556 839 1588 ὃς
856 1564 922 1582 κατ-

136 1603 228 1629 έλιπεν
241 1601 314 1637 αὐτῷ
324 1601 507 1638 κληρονομίαν
521 1601 620 1637 πολλὴν
637 1602 738 1636 σφόδρα
748 1609 755 1617 ·
771 1601 818 1628 καὶ
832 1600 921 1628 λαὸὼν

135 1648 231 1681 αὐτὴν,
248 1647 327 1683 ἢθελε
341 1647 442 1683 σχίσαι.
457 1648 510 1675 Kal
526 1647 623 1674 ἔπεσεν
633 1649 648 1675 6
662 1648 856 1683 μαγιστριανδς
867 1647 922 1683 (86)

134 1695 176 1726 ιίς
187 1694 250 1725 τοὺς
267 1693 350 1725 πόδας
366 1693 459 1725 αὑτοῦ,
481 1693 584 1728 λέγων·
617 1693 716 1730 Δέομαί
733 1702 790 1726 σου,
809 1694 846 1729 μὴ
863 1693 921 1728 σχί-

136 1747 186 1776 σῃς
203 1740 298 1775 αὐτὴν,
315 1741 376 1766 ἐπεὶ
397 1740 503 1776 αι’ρεταί
524 1749 574 1775 μου
595 1741 613 1775 ὴ
635 1740 752 1775 κεφαλή.
778 1740 832 1766 Καὶ
847 1739 922 1774 λέγει

135 1784 210 1820 αὐτῷ
228 1786 242 1812 6
255 1785 342 1817 ὰσσᾶς
363 1785 514 1821 Ἀρσένιος·
541 1785 612 1820 Ἐγὼ
628 1786 682 1821 πρὸ
698 1785 803 1813 ἐκείνου
817 1785 922 1812 ἀπέθα-

134 1839 197 1858 νον”
211 1831 291 1863 αὐτὸς
305 1831 333 1858 δὲ
344 1831 406 1868 ἄρτι
418 1831 546 1858 ἀπέθανε.
568 1832 622 1858 Kal
641 1831 812 1867 ἀντέπεμψεν
825 1831 921 1866 αὐτὴν,

137 1876 222 1912 μηδὲν
232 1876 384 1913 δεξάμενος.

170 1923 202 1950 λ’.
223 1923 334 1958 Ἔλεγον
350 1924 429 1951 πάλιν
449 1923 514 1959 περὶ
534 1923 627 1958 αὐτοῦ,
649 1924 691 1951 ὅτι
712 1923 761 1959 ὀψὲ
779 1924 921 1951 σαϐϐάτων

136 1969 345 2005 ἑπιφωσκούσης
361 1969 514 2005 Κυριακῆς,
535 1969 599 2004 ἧφιε
616 1969 663 1996 τὴν
679 1969 754 2005 ἥλιον
770 1970 858 1996 ὀπίσω
872 1969 921 1996 αὑ-

134 2014 195 2047 τοῦ,
209 2015 256 2041 καὶ
269 2014 353 2042 ἔτεινε
370 2016 419 2046 τὰς
431 2016 526 2051 χεῖρας
539 2015 623 2042 αὑτοῦ
637 2016 677 2047 είς
691 2015 736 2042 τὸν
751 2016 863 2051 οὐρανὸν
875 2016 921 2042 εὐ-

135 2060 259 2095 χόμενος,
273 2061 325 2092 ἕως
338 2060 419 2087 πάλιν
436 2060 555 2094 ἔλαμψεν
567 2061 582 2086 6
595 2059 669 2095 ἥλιος
684 2061 724 2091 εἰς
736 2060 767 2086 τὸ
777 2059 920 2096 πρόσωπον

136 2105 219 2132 αὑτοῦ
230 2113 238 2121 ’
254 2107 301 2132 καί¹
317 2105 404 2138 οὕτως
415 2105 559 2137 ἐκαθέζετο
570 2106 603 2131 ³¹.

171 2151 222 2177 λα’.
237 2151 350 2185 Ἔλεγον
359 2152 424 2186 περὶ
435 2151 482 2178 τοῦ
496 2151 568 2178 assa
585 2151 722 2186 Ἀρσενίου
734 2150 838 2177 καὶτοῦ
850 2149 922 2177 ἀδεᾶ

135 2196 271 2233 Θεοδώρου
282 2197 329 2224 τοῦ
340 2198 390 2233 τῆς
401 2197 522 2233 Φέρμης,
534 2197 574 2223 ὅτι
589 2197 658 2232 ὑπὲρ
672 2196 776 2228 πάντας
786 2196 844 2231 (87)
858 2195 920 2232 ἐμί-

137 2250 201 2269 σουν
215 2243 265 2277 τὴν
286 2242 341 2269 τῶν
362 2242 514 2277 ἀνθρώπων
536 2242 625 2274 δόξαν.
653 2242 682 2268 ὐ
702 2241 752 2277 μὲν
769 2239 815 2269 οὗν
833 2242 920 2274 ἀῦὃᾰς

143 2288 277 2324 ’Δρσένιος
289 2288 339 2323 οὐχ
353 2289 460 2323 ὑπήντα
470 2288 574 2323 ταχέως
582 2287 635 2314 τινί
640 2296 645 2303 ’
655 2288 670 2314 6
682 2287 709 2314 δὲ
721 2287 806 2319 asas;
819 2287 921 2314 Θεόδω-

137 2342 184 2369 ρος
200 2334 304 2369 ὑπήντα
323 2334 382 2369 μὲν,
397 2334 465 2360 ἀλλὰ
474 2334 511 2365 ὡς
526 2334 646 2369 ῥομφαία
660 2331 704 2369 ἦν.

171 2379 221 2406 λθ.
234 2379 422 2415 Καθεζομένου
435 2379 489 2414 (88)
503 2380 567 2406 ποτὲ
581 2379 629 2406 τοῦ
647 2379 719 2406 assa
739 2379 876 2414 Ἀρσενίου
891 2379 920 2405 ὲν

136 2425 194 2455 τοῖς
207 2424 280 2452 κάτω
292 2424 398 2460 μέρεσι,
410 2425 456 2451 καὶ
465 2424 627 2460 ὀχλουμένου
640 2425 740 2457 ἐκεῖσε,
752 2423 840 2457 ἔδοξεν
848 2423 922 2459 αὐτῷ

163 2503 186 2518 ³⁸
197 2503 239 2529 ΑΙ.
253 2503 335 2530 inscr.
356 2502 456 2530 λοιπόν.

172 2579 229 2615 (86)
248 2580 476 2614 Ματιστριανός.
496 2578 690 2614 Magistrianus
715 2578 773 2606 sive
795 2578 924 2613 magiste-

137 2615 244 2646 rianus,
259 2615 378 2650 dignitas
391 2623 404 2641 a
422 2615 559 2642 veteribus
576 2622 648 2649 sape
663 2618 822 2650 memorata,
835 2619 861 2640 et
876 2620 923 2646 per

137 2649 303 2677 recentiores
333 2650 433 2677 multos
458 2650 594 2683 exposita;
617 2650 730 2683 ideoque
751 2649 793 2675 hic
809 2652 922 2682 prmter-

138 2685 281 2714 mittenda.
309 2685 360 2711 nisi
382 2684 544 2711 monendum
565 2685 672 2715 fuisset,
692 2684 761 2710 male
781 2683 922 2717 epistolam

136 2720 168 2747 81
187 2721 235 2747 lib.
256 2727 281 2746 Iv
295 2718 391 2746 lsitlori
403 2719 545 2746 Pelusiotae
571 2719 679 2744 titulum
709 2716 818 2749 habere,
836 2716 922 2752 μεμε-

138 2754 189 2790 σίῳ
209 2753 379 2790 μαστριανῷῖ
395 2762 443 2788 pro
463 2753 659 2790 μαγιστριανῷ.
679 2753 808 2790 Μειλιιυιτιί
834 2751 922 2790 Theo-

137 2787 256 2821 doi'itus,
269 2787 356 2823 epist.
366 2787 409 2822 79’,
428 2787 473 2815 τὸν
489 2787 695 2823 καθωσιωμένον
711 2787 858 2822 Εὑφρόνιον
875 2788 925 2813 τὸν

138 2824 377 2860 στρατηλατιανόν.

176 2857 241 2894 (87)’
256 2859 340 2892 ’Υπὲρ
357 2858 481 2891 πάντας.
497 2857 630 2893 Pelagius,
646 2857 714 2893 ὑπὲρ
726 2857 813 2884 πάντα
823 2878 829 2889 ,
845 2864 922 2891 super

141 2902 239 2922 oumta.

974 966 1050 986 srere
1073 960 1254 987 contendebat
1283 961 1413 995 quidnam
1442 966 1515 989 esset
1537 964 1610 998 quod
1637 965 1761 994 haberet.

974 1004 1123 1038 Respondit
1141 1006 1215 1040 ipsa:
1240 1005 1349 1033 Utinam
1366 1015 1409 1034 me
1434 1008 1487 1035 huc
1505 1016 1558 1036 non
1572 1011 1760 1039 contulissem!

974 1050 1033 1077 Dixi
1049 1051 1149 1086 quippe
1162 1052 1238 1079 seni:
1258 1051 1360 1079 Memor
1378 1054 1428 1080 mei
1440 1058 1517 1086 esto;
1537 1063 1567 1082 ac
1583 1056 1631 1082 tuli
1650 1065 1763 1092 respon-

973 1104 1051 1124 sum:
1074 1097 1157 1124 l)eum
1180 1106 1287 1133 precor;
1308 1102 1337 1125 ιιι
1359 1101 1489 1127 memoria
1507 1102 1546 1127 tui
1565 1109 1581 1128 e
1603 1102 1686 1129 corde
1703 1111 1763 1130 meo

973 1141 1104 1170 deleatur.
1133 1143 1166 1170 Et
1182 1152 1244 1171 ecce
1265 1152 1321 1179 prae
1349 1145 1457 1173 tristitia
1484 1154 1533 1182 ego
1553 1149 1664 1175 morior.
1685 1147 1762 1176 Tunc

973 1188 1212 1223 archiepiscopus:
1232 1189 1286 1224 (89)
1303 1189 1407 1222 Nescis,
1425 1190 1524 1225 inquit,
1543 1195 1568 1218 lc
1585 1200 1646 1219 esse
1663 1194 1758 1220 mulie-

974 1241 1042 1264 rem,
1051 1238 1215 1269 sanctosque
1228 1243 1275 1269 per
1284 1235 1413 1262 mulieres
1424 1237 1458 1263 ab
1468 1237 1579 1264 inimico
1591 1238 1764 1273 impugnari?

975 1277 1125 1312 Eapropter
1142 1279 1178 1305 ita
1200 1280 1386 1313 pronuntiavit
1401 1289 1494 1308 senex.
1520 1281 1587 1308 Nam
1607 1290 1656 1316 pro
1671 1284 1761 1311 anima

973 1327 1018 1349 tua
1035 1325 1123 1350 orabit
1151 1333 1268 1359 semper.
1288 1325 1376 1361 Atque
1396 1328 1468 1353 hunc
1487 1328 1513 1354 in
1539 1329 1650 1355 modmn
1667 1335 1761 1356 curata

972 1373 1014 1396 est
1033 1377 1110 1397 mens
1133 1371 1256 1405 femini»;
1281 1377 1309 1398 et
1333 1380 1395 1399 cum
1410 1373 1508 1408 gaudio
1527 1375 1560 1401 ad
1582 1375 1699 1410 patriam
1719 1383 1760 1403 re-

974 1421 1086 1442 meavnt.

972 1463 974 1469 ‘
1007 1459 1050 1488 29.
1067 1461 1123 1496 (90)
1136 1461 1260 1490 Narravit
1277 1463 1361 1491 abbas
1370 1463 1463 1492 Daniel
1477 1464 1510 1492 de
1525 1465 1623 1493 abbate
1634 1467 1759 1499 Arsenio.

973 1507 1045 1541 quod
1062 1509 1166 1535 venerit
1183 1508 1331 1542 aliquando
1355 1510 1562 1544 magistrianus.
1582 1512 1708 1540 deferens
1725 1518 1761 1540 te-

973 1558 1138 1581 stamentum
1151 1554 1293 1589 cujusdatn
1314 1556 1450 1584 senatoris
1464 1558 1608 1593 propinqui
1630 1559 1701 1592 ejus,
1713 1560 1760 1595 qui

973 1600 998 1627 ei
1020 1599 1164 1626 maximam
1183 1600 1366 1628 bzereditatem
1393 1602 1558 1637 reliquerat:
1585 1604 1659 1638 quod
1679 1609 1759 1633 testa-

974 1648 1096 1672 mentum
1119 1645 1164 1672 ubi
1185 1646 1300 1680 accepit,
1319 1646 1404 1674 voluit
1421 1647 1552 1675 lacerare.
1583 1649 1619 1675 At
1643 1650 1761 1684 procidit

973 1690 1169 1724 magistrianus
1190 1690 1223 1718 ad
1238 1691 1320 1725 pedes
1347 1691 1418 1726 ejus.
1439 1691 1552 1720 dicens:
1584 1693 1706 1723 Obsecro
1720 1699 1758 1727 te.

972 1735 1029 1762 noli
1042 1735 1214 1768 discindere;
1228 1737 1330 1772 alioqui
1345 1738 1432 1773 capite
1448 1739 1607 1767 truncabor.
1631 1739 1700 1767 Tum
1711 1742 1759 1767 ab-

971 1780 1020 1808 bas
1035 1782 1168 1809 Arsenius
1184 1783 1222 1809 ait
1233 1783 1271 1809 illi
1283 1793 1290 1810 ;
1303 1783 1358 1818 Ego
1370 1789 1434 1810 ante
1447 1784 1535 1818 ipsttm
1548 1790 1672 1813 mortuus
1685 1794 1758 1820 sum;

972 1826 996 1854 is
1017 1831 1106 1854 autem
1120 1827 1202 1855 modo
1214 1828 1292 1857 obiit.
1320 1828 1410 1864 Atque
1432 1830 1538 1857 retnisit
1553 1834 1758 1865 testamentum,

971 1879 1022 1900 nec
1035 1873 1182 1908 quidquam
1198 1874 1278 1907 cepit.

1007 1918 1052 1945 50.
1074 1918 1130 1954 (9t)
1159 1919 1274 1946 Aiebam
1292 1923 1421 1954 pra-terea
1437 1919 1471 1948 de
1484 1920 1540 1954 illo,
1560 1921 1632 1954 quod
1646 1929 1760 1957 vespere

973 1962 1153 1991 Sabbatorum
1170 1964 1345 1992 illucescente
1360 1965 1510 1999 Dominica,
1525 1967 1609 1994 solem
1622 1968 1760 2003 relinque-

972 2009 1019 2037 bat
1034 2015 1118 2042 retro,
1135 2017 1286 2045 manusque
1301 2011 1335 2037 ad
1353 2012 1451 2038 coelum
1470 2013 1644 2045 extendebat.
1661 2022 1755 2045 orans.

971 2062 1114 2090 quousque
1123 2056 1220 2090 iterum
1233 2057 1275 2084 sol
1285 2057 1389 2084 vultum
1399 2057 1459 2093 ejus
1470 2058 1662 2092 collustraret;
1677 2063 1759 2094 atque

973 2101 1009 2128 ita
1026 2102 1163 2129 residebat

1006 2147 1049 2175 5|.
1070 2148 1126 2183 (92)
1143 2147 1274 2176 Dicebant
1297 2149 1331 2176 de
1352 2150 1449 2177 abbate
1470 2149 1587 2178 Arsemo
1607 2150 1757 2184 et.abbate

972 2192 1115 2220 Theodoro
1129 2193 1300 2227 Phermensi,
1317 2195 1389 2229 quod
1408 2203 1491 2230 supra
1511 2201 1628 2223 cunctos
1642 2196 1756 2231 gloriam

972 2239 1114 2266 hominum
1133 2241 1196 2267 odio
1215 2240 1356 2267 baberent.
1380 2240 1514 2274 Quocirca
1529 2243 1612 2270 abbas
1624 2242 1757 2269 Arsenius

973 2293 1028 2312 non
1048 2285 1127 2313 facile
1145 2286 1306 2313 occurrebat
1318 2287 1456 2322 cuiquam.
1481 2288 1573 2315 Abbas
1594 2295 1658 2315 vero
1672 2287 1758 2315 Theo-

973 2332 1067 2366 dorus,
1079 2334 1241 2360 Occurrebat
1252 2333 1372 2368 quidem.
1386 2334 1433 2361 sed
1450 2334 1520 2360 velut
1530 2334 1635 2369 gladius
1648 2338 1717 2361 erat.

1008 2378 1053 2404 32.
1071 2378 1127 2412 (95)
1143 2378 1253 2406 Sedenti
1266 2379 1414 2412 aliquando
1430 2379 1517 2406 abbati
1535 2378 1652 2406 Arsenio
1667 2379 1693 2406 in
1713 2379 1758 2406 in-

973 2423 1120 2451 ferioribus
1132 2424 1256 2458 partibus
1271 2423 1416 2460 [Egypti],
1430 2429 1511 2460 atque
1521 2425 1577 2452 illic
1586 2424 1756 2460 interpellari

1009 2576 1066 2612 (88)
1085 2575 1296 2610 Καθεζσμένου.
1311 2575 1446 2611 Prteponit
1462 2575 1586 2607 Pelagius
1601 2584 1608 2602 :
1631 2575 1756 2612 Dicebant

973 2611 1059 2639 autem
1073 2611 1105 2639 de
1120 2620 1159 2644 eo,
1175 2613 1237 2646 quia
1249 2620 1324 2638 nemo
1334 2612 1448 2645 potuerit
1465 2611 1680 2646 comprehendere
1701 2619 1756 2636 mo-

972 2647 1036 2673 dum
1051 2647 1257 2674 conversationis
1267 2646 1332 2680 ejus.
1344 2646 1436 2673 Graece
1446 2654 1477 2673 ex
1489 2646 1651 2673 Colbertinis
1660 2646 1754 2673 libris:

979 2681 1101 2716 ἶΕλέγετο
1115 2682 1142 2708 δὲ
1154 2682 1218 2716 περὶ⁹
1233 2680 1324 2712 αὐτοῦ,
1346 2682 1385 2707 ὅτι
1400 2681 1449 2707 οὐκ
1458 2681 1577 2716 ἠδυνήθη
1588 2689 1628 2712 τις
1639 2681 1754 2708 καταλα-

973 2715 1030 2742 ϐεῖν
1039 2716 1088 2749 τὴν
1100 2715 1236 2750 διαγωγὴν
1245 2716 1294 2750 τῆς
1304 2715 1438 2747 πολιτείας
1450 2715 1544 2742 αὐτοῦ.

1010 2750 1065 2785 (89)
1085 2750 1149 2783 Sup.
1164 2750 1278 2785 Νοιηοε.
1297 2759 1324 2777 n.
1341 2751 1386 2777 Η.

1021 2785 1066 2820 90)
1091 2785 1142 2820 Vit.
1159 2784 1234 2820 Ifatr.
1256 2792 1294 2815 vt.
1308 2786 1335 2811 2.

1021 2818 1066 2853 9i)
1091 2819 1145 2847 Vit.
1166 2818 1242 2846 Patr.
1259 2827 1307 2851 xu,
1324 2820 1337 2846 Ι
1349 2829 1356 2853 ;
1369 2819 1447 2848 Joan.
1461 2820 1555 2849 Geom.
1571 2818 1673 2847 Parad.
1690 2818 1720 2847 2.

1010 2854 1065 2890 (9'2)
1090 2854 1143 2890 Vit.
1162 2854 1237 2890 Patr.
1253 2862 1312 2887 νιιι,
1325 2855 1353 2882 5.

1011 2890 1067 2925 (95)
1092 2889 1143 2917 Vit.
1156 2889 1233 2918 Patr.
1247 2897 1292 2923 1v,
1308 2890 1334 2917 9.

1557 2963 1893 2989 Η
