1971 3068
186 173 234 201 101

769 170 1075 199 ΑΡΟΡΙΙἸΙΙΕΟΜΑΤΛ
1096 171 1248 199 PATRL'M.

1767 173 1820 202 102

182 226 278 263 ἐτέρου
293 227 404 262 ἐνέγκαι
420 226 450 254 τὸ
466 225 544 258 ξύλον
563 227 605 253 ἐπ’
619 226 737 258 εὸθείαςι
759 227 807 254 καὶ
827 227 872 254 διὰ
890 226 970 254 τοῦτο

1028 233 1106 261 retro,
1123 233 1153 255 ut
1173 229 1277 264 lignum
1300 228 1384 256 ferret
1406 229 1434 256 in
1458 233 1583 261 rectum;
1603 229 1720 265 ideoque
1739 235 1818 259 extra

183 275 295 309 ἔμειναν
307 274 360 306 ἐξω
373 273 422 308 τῆς
439 273 537 308 πύλης.
553 270 633 300 Οὗτοί
645 274 709 305 εἰσι,
727 274 820 308 φησὶν,
832 274 856 300 οἱ
875 273 975 308 βαστά-

183 319 277 352 ζοντες
293 319 330 350 ὡς
343 318 517 354 δικαιοσύνης
531 318 612 352 ςυγὺν
626 318 695 352 μετὰ
713 318 912 353 ὑπερηφανίας,
929 319 976 344 καὶ

183 367 235 393 οὐκ
251 364 473 400 ἐταπεινώθησαν
492 364 540 391 τοῦ
563 363 762 400 διορθώσασθαι
786 365 908 396 ἑαυτοὺς,
929 365 976 390 καὶ

186 411 351 447 πορευθῆναι
365 411 398 446 τῇ
410 407 526 446 ταπεινῇ
540 410 591 445 όδῷ
604 409 650 436 τοῦ
664 410 792 445 Χριστοῦ·
807 410 847 437 διὸ
864 411 912 436 καὶ
926 410 975 445 μέ-

185 464 274 483 νουσιν
292 455 345 488 ἐξω
357 455 406 491 τῆς
422 454 559 489 βασιλείας
571 454 617 481 τοῦ
633 455 711 483 Θεοῦ,
733 456 763 482 ’0
775 456 802 481 δὲ
818 455 924 482 κόπτων
940 455 975 482 τὰ

185 502 251 535 ξύλα
265 501 409 537 ἄνθρωπός
421 503 495 528 ἐστιν
510 502 539 528 ἐν
553 501 700 537 ἁμαρτίαις
715 501 835 532 πολλαῖς·
854 501 901 528 καὶ
914 501 975 528 ἀντὶ

183 548 231 575 τοῦ
249 548 422 583 μετανοῆσαι,
438 547 521 578 ἄλλας
538 547 652 582 ἀνομίας
666 547 806 582 προσ-τιθεῖ
817 547 908 573 ἐπάνω
921 547 975 573 τῶν

184 595 326 631 ἁμαρτιῶν
347 594 440 621 αὐτοῦ.
457 595 512 621 Kal
527 595 541 620 6
563 594 593 620 τὸ
617 593 688 629 ὕδωρ
707 594 811 621 ἁντλὼν
832 594 975 630 ἄνθρωπός

185 644 242 669 ἐστι
263 642 333 669 καλὰ
347 641 396 677 μὲν
409 641 477 677 ἔργα
495 640 591 670 ποιῶν,
609 640 665 667 ἀλλ’
687 640 780 676 ἐπειδὴ
800 638 870 675 εἶχεν
884 641 912 666 ὲν
924 641 974 667 αὺ-

183 689 240 719 τοῖς
261 685 382 722 πονηρὰν
399 685 550 721 συμμιγὴν.
572 685 601 711 ὲν
618 684 705 720 τούτῳ
727 684 851 712 ἀπώλεσε
876 685 921 711 καὶ
940 684 976 711 τὰ

185 733 256 760 καλὰ.
271 731 354 758 αὑτοῦ
374 731 451 767 ἔργα.
474 731 534 766 Χρὴ
555 728 601 757 οὖν
617 731 710 766 νήφειν
725 730 814 757 πάντα
834 730 975 766 ἄνθρωπον

184 779 224 810 εἰς
237 778 270 804 τὰ
284 777 353 812 ἔργα
369 775 464 808 αὐτοῦ,
482 776 526 802 ἵνα
539 775 576 810 μὴ
589 776 628 807 εἰς
643 775 721 802 κενὸν
737 776 868 811 κοπιάσῃ.

219 822 266 848 λδ¹.
289 822 318 849 ’0
335 821 414 852 αὐτὸς
429 821 587 856 διηγήσατο.
602 821 642 847 ὃτι
660 821 726 847 ποτὲ
740 818 821 856 ἦλθόν
835 829 906 852 τινες
921 821 975 847 τῶν

184 867 315 903 Πατέρων
330 867 383 894 ἀπὸ
403 866 616 901 Ἀλεξανδρείας,
634 866 697 892 [δεῖν
712 866 757 892 τὸν
771 866 857 892 ἁϐϐᾶν
880 865 974 901 Ἀρσέ-

1027 279 1132 309 portam
1149 277 1351 301 remanserunt.
1369 273 1413 306 Hi.
1429 274 1528 309 inquit,
1545 279 1610 302 sunt
1625 275 1750 304 homines
1765 277 1814 311 qui

1026 319 1099 346 velut
1110 319 1225 354 justitiae
1236 319 1332 354 jugum
1345 324 1455 354 portant
1466 328 1528 347 cum
1540 321 1680 356 superbia.
1691 330 1743 349 nec
1755 330 1817 351 sese

1026 363 1194 391 demiserunt
1211 368 1239 390 ut
1256 365 1470 400 corrigerentur,
1494 366 1707 402 incederentque
1722 368 1749 395 in
1766 369 1816 395 hu-

1026 408 1082 435 mili
1103 408 1206 436 Christi
1226 410 1269 436 via
1290 420 1296 437 :
1319 410 1391 437 unde
1412 415 1490 438 extra
1507 420 1621 447 regnum
1643 412 1689 440 Dei
1707 421 1816 448 perma-

1026 458 1101 480 nent.
1120 453 1171 486 Qui
1196 462 1260 481 vero
1277 455 1350 489 ligna
1367 455 1499 487 czedebat,
1526 456 1608 483 homo
1631 461 1674 483 est
1697 461 1816 484 onustus

1027 500 1164 534 peccatis;
1181 500 1226 535 qui
1246 500 1306 526 loco
1321 501 1497 535 pmnitentiae,
1514 501 1583 528 alias
1603 501 1695 535 adjicit
1715 502 1818 537 iniqui-

1026 548 1096 572 tates
1107 545 1139 571 ad
1156 549 1266 579 peccata
1281 553 1341 572 sua.
1357 545 1403 573 Ille
1417 553 1481 574 vero
1492 547 1539 581 qui
1550 546 1694 574 hauriebat
1704 555 1814 582 aquam.

1026 590 1106 617 homo
1125 596 1177 622 est,
1199 592 1245 626 qui
1261 591 1371 626 quidem
1394 593 1463 619 bona
1485 601 1567 627 opera
1589 593 1663 623 facit.
1684 595 1731 620 sed
1749 594 1814 629 quia

1026 643 1088 662 cum
1109 636 1163 664 illis
1185 637 1255 663 mala
1278 637 1408 671 permista
1433 637 1524 670 habet,
1549 638 1576 664 in
1597 645 1630 665 eo
1645 639 1727 665 etiam
1744 639 1815 665 bona

1026 687 1108 714 opera
1127 681 1253 715 perdidit.
1272 681 1384 716 Oportet
1404 683 1486 716 igitur
1502 687 1531 710 ut
1543 684 1657 718 quilibct
1671 684 1816 718 vigilanter

1026 726 1146 753 altendat
1161 727 1194 753 ad
1209 734 1290 761 opera
1309 735 1369 759 sua.
1387 735 1440 762 quo
1461 735 1515 755 non
1535 729 1641 756 laboret
1659 729 1685 756 in
1701 736 1814 756 vanum.

1061 815 1105 843 54,
1123 814 1180 850 (95)
1196 815 1268 843 ldem
1285 817 1376 843 retulit
1402 817 1476 852 quod
1491 818 1583 852 aliquo
1595 822 1716 853 tempore
1730 826 1814 846 vene-

1025 861 1081 888 rint
1095 861 1204 896 quidam
1220 861 1333 889 Patrum
1350 863 1384 889 ab
1399 864 1575 896 Alexandria,
1586 869 1617 891 ut
1632 864 1756 892 viderent
1767 867 1816 892 ah-

185 922 250 940 νιον·
263 913 310 939 καὶ
318 911 352 948 ἦν
363 909 402 944 εἷς
413 912 442 945 ἐξ
454 912 544 939 αὐτῶν
570 911 640 943 θεῖος
652 910 699 938 τοῦ
710 911 826 938 παλαιοῦ
842 911 974 946 Τιμοθέου

1028 908 1116 935 batem
1132 907 1297 941 Arsenium;
1316 916 1349 935 ex
1370 909 1471 943 quibus
1491 918 1561 937 unus
1578 916 1636 938 erat
1654 912 1752 938 veteris
1768 911 1814 938 Ti-

184 959 398 994 ἁρχιεπισκόπου
419 957 622 994 Ἀλεξανδρείας
632 957 679 983 τοῦ
693 957 839 992 λεγομένου
855 957 976 992 ἀκτήμο-

185 1013 241 1037 νος,
259 1004 305 1031 καὶ
317 1002 389 1039 εἶχεν
402 1003 450 1031 ἐνα
460 1004 492 1030 ἐκ
501 1003 555 1030 τῶν
565 1003 751 1037 τεκναδέλφων
763 1002 854 1029 αὐτοῦ.
872 1001 935 1038 Εἶχε
948 1003 976 1029 δὲ

183 1050 246 1077 τότε
263 1052 277 1077 6
287 1049 375 1085 γέρων
387 1049 539 1081 ἀσθένειαν,
553 1050 600 1076 καὶ
613 1049 662 1076 οὐκ
674 1048 804 1084 ἠθέλησεν
819 1048 975 1083 ἀπαντῆσαι

184 1096 288 1128 αὐτοῖς,
300 1096 343 1122 ῑνα
356 1094 393 1130 μὴ
404 1095 452 1122 καὶ
467 1095 540 1122 ἄλλοι
557 1095 654 1121 ἐλθωσι
671 1095 718 1122 καὶ
736 1094 975 1130 παρενοχλήσωσιν

185 1141 276 1168 αὐτόν.
287 1139 340 1167 Ἦν
355 1140 383 1168 δὲ
399 1140 458 1167 τότε
476 1141 515 1172 είς
531 1141 579 1176 τὴν
597 1141 702 1175 Πέτραν
718 1140 768 1176 τῆς
792 1139 898 1175 Τρώης.
920 1140 976 1166 Καὶ

184 1186 347 1222 ἀνέκαμψαν
354 1186 438 1213 λυπού
441 1194 528 1222 μενοι.
538 1187 641 1221 Συνέϐη
647 1186 675 1213 δὲ
683 1186 824 1213 ἐπίστασιν
831 1185 975 1222 βαρϐάρων

184 1231 322 1265 γενέσθαι,
331 1233 379 1258 καὶ
387 1231 472 1258 θέλων
479 1232 500 1247 ³⁸
508 1231 613 1266 ἔμεινεν
621 1233 650 1258 ἐν
658 1233 714 1263 τοῖς
722 1232 796 1258 κάτω
806 1231 910 1267 μέρεσι.
920 1232 975 1258 Καὶ

184 1275 352 1308 ἀκούσαντες
365 1276 446 1303 πάλιν
460 1274 540 1311 ἦλθον
553 1277 618 1303 ιδεῖν
630 1276 721 1303 αὐτόν.
738 1277 793 1303 Kal
809 1276 877 1311 μετὰ
887 1276 974 1312 χαρᾶς

188 1321 369 1356 προσελάϐετο
388 1321 495 1354 αὐτούς.
508 1322 562 1348 Kal
573 1321 645 1356 λέγει
658 1321 732 1357 αὐτῷ
743 1323 757 1348 6
769 1321 882 1357 ἁδελφὸς
895 1321 924 1353 6‘;
939 1319 974 1357 ἦν

186 1369 246 1404 μετ’
257 1368 356 1395 αὐτῶν·
372 1369 428 1395 οὐκ
438 1366 522 1400 οἶδας,
533 1368 615 1400 assa,
627 1369 667 1395 ὅτι
677 1369 794 1404 ἦλθομεν
806 1368 974 1404 παραϐαλεῖν

186 1421 229 1439 σοι
244 1414 283 1445 εις
297 1413 404 1449 Τρὼην,
419 1413 467 1440 καὶ
480 1413 530 1439 οὐκ
544 1412 626 1446 ἐδέξω
640 1414 729 1449 ἡμᾶς
746 1412 800 1440 Καὶ
814 1413 889 1447 λέγει
899 1412 974 1447 αὑτῷ

185 1461 199 1486 ὁ
219 1460 318 1496 γέρων·
342 1460 435 1494 Ὑμεῖς
454 1459 601 1493 ἐγεύσασθε
616 1460 699 1495 ἄρτου
713 1460 760 1486 καὶ
775 1460 867 1487 ἐπίετε
891 1459 972 1496 ὕδωρ·

185 1505 266 1540 φύσει
282 1504 310 1532 δὲ
323 1505 389 1540 ἐγὼ,
402 1505 506 1536 τέκνον,
527 1504 589 1532 οὔτε
605 1505 687 1541 ἄρτου
704 1505 764 1532 οὔτε
783 1505 878 1538 ὕδατος
897 1506 975 1540 ἐγευ-

186 1552 288 1587 σάμην,
302 1551 364 1578 οὔτε
383 1551 435 1587 μὴν
448 1551 572 1584 ἐκάθισα,
594 1552 715 1584 κολάζων
732 1552 861 1587 ἐμαυτὸν,
876 1551 928 1583 ἐως
942 1549 973 1578 οὗ

185 1598 335 1632 ἐδῡκίμασα
352 1598 393 1625 ὅτι
410 1597 545 1633 ὲφθάσατε
559 1599 599 1629 εὶς
612 1598 658 1624 τὸν
675 1598 755 1625 τόπον
776 1598 862 1634 ὑμῶν,
881 1598 921 1625 ὅτι
940 1598 975 1624 δι’

185 1644 236 1679 ἐμὲ
260 1644 307 1671 καὶ
332 1644 411 1679 ὑμεῖς
435 1643 577 1680 ἐσκύλητε·
603 1644 671 1671 ἀλλὰ
694 1643 889 1680 συγχωρήσατέ
916 1652 972 1680 μοι,

185 1689 304 1724 ἀδελφοί.
317 1690 372 1717 Καὶ
384 1689 604 1725 παρακληθέντες
613 1689 798 1726 ἀνεχώρησαν.

221 1781 269 1809 λε’.
292 1781 322 1808 ’0
332 1782 413 1814 αὐτὸς
426 1782 528 1816 ἔλεγεν,
540 1783 581 1810 ὃτι
595 1783 721 1811 Ἐκάλεσέ
739 1793 772 1820 με
786 1785 849 1820 μίαν
860 1787 874 1812 6
887 1786 975 1819 ἀϐϐᾶς

191 1828 339 1862 Ἀρσένιος,
349 1828 396 1854 καὶ
407 1827 481 1862 λέγει
494 1837 547 1863 μοι·
564 1829 732 1856 Ἀνάπαυσον
741 1829 787 1856 τὸν
799 1831 904 1866 πατέρα
915 1840 974 1863 σου.

184 1874 230 1900 ἵνα
243 1874 307 1900 ὅταν
320 1873 425 1911 ἀπέλθῃ
440 1874 507 1910 πρδς
520 1875 632 1911 Κύριον,
646 1875 822 1912 παρακαλέσῃ
833 1876 903 1913 ὑπὲρ
914 1877 973 1912 σοῦ,

185 1920 233 1946 καὶ
245 1920 277 1946 εὖ
295 1928 336 1946 σοι
348 1920 470 1956 γένηται.

221 1965 275 1998 λς’.
295 1966 408 2000 Ἔλεγον
419 1966 538 2002 περὶτοῦ
549 1966 622 1994 ὰϐϐἆ
640 1967 787 2002 ’Δρσενίου,
801 1968 854 2001 ὅτι,
865 1968 976 2005 ἀσθενή-

185 2020 282 2044 σαντος
303 2012 386 2039 αὑτοῦ
410 2021 474 2040 ποτε
493 2015 533 2046 εἰς
552 2013 662 2048 Σκῆτιν,
693 2014 814 2050 ἀπῆλθεν
827 2015 842 2040 6
856 2015 976 2050 πρεσϐύ-

185 2067 276 2094 τερος,
302 2059 349 2085 καὶ
371 2059 486 2094 ἦνεγκεν
504 2061 584 2087 αὐτον
613 2060 654 2092 εἰς
678 2060 728 2095 τὴν
753 2061 910 2096 ἐκκλησίαν,
927 2062 975 2089 καὶ

184 2104 284 2138 ἔθηκεν
304 2105 385 2131 αὑτὸν
402 2106 441 2137 εἰς
465 2106 618 2142 χαλάδριον,
641 2107 738 2142 μικρὸν
755 2108 974 2142 προσκεφάλαιον

186 2149 256 2184 πρὸς
279 2151 313 2184 τῇ
340 2150 444 2186 κεφαλῇ
461 2151 553 2178 αὑτοῦ.
569 2152 624 2178 Kal
640 2152 694 2178 ιδοὺ
709 2149 749 2183 εἴς
762 2152 816 2178 τῶν
839 2153 974 2189 γερόντων

186 2194 271 2221 ἐλθὼν
305 2195 503 2229 ἐπισκέψασθαι
536 2196 628 2228 αὑτὸν,
665 2197 712 2224 καὶ
737 2197 799 2224 ἰδὼν
825 2198 906 2225 αὑτὸν
934 2200 976 2231 εις

1027 953 1131 980 mothei
1148 953 1348 989 archiepiscopi
1362 954 1552 986 Alexandrini.
1565 957 1694 991 pauperis
1707 965 1815 985 nuncu-

1026 999 1093 1032 pati.
1112 999 1277 1029 avunculus.
1293 999 1475 1034 comitemque
1492 1000 1610 1028 habebat
1626 1009 1641 1028 e
1659 1001 1754 1030 fratris
1769 1003 1813 1029 sui

1027 1042 1121 1071 liberis
1142 1052 1236 1070 unum.
1256 1043 1333 1071 Tunc
1350 1052 1413 1072 vero
1429 1046 1580 1080 :egrotabat
1599 1054 1695 1078 senex.
1711 1047 1814 1074 noluit-

1026 1096 1080 1123 que
1093 1089 1134 1116 eis
1149 1097 1305 1121 occurrere.
1332 1097 1366 1117 ne
1392 1090 1438 1116 alii
1462 1091 1565 1125 pariter
1588 1092 1759 1122 accederent.
1781 1100 1815 1120 ac

1026 1143 1087 1163 eum
1103 1135 1327 1164 interlurbarent.
1345 1136 1411 1163 Erat
1426 1145 1508 1172 porro
1527 1138 1553 1164 in
1569 1137 1648 1165 Petra
1665 1138 1752 1166 Time.
1771 1139 1813 1166 Illi

1026 1181 1121 1209 tristes
1143 1186 1312 1209 remearunt.
1334 1183 1455 1219 Contigit
1473 1188 1562 1211 autem
1585 1189 1614 1211 ut
1632 1184 1813 1212 barbarorum

1026 1228 1140 1264 irruptio
1159 1229 1250 1259 ﬁeret;
1268 1229 1340 1257 unde
1356 1232 1456 1258 mansit
1474 1234 1570 1266 sponte
1588 1231 1615 1258 in
1634 1231 1812 1259 inferioribus

1025 1275 1159 1309 partibus.
1180 1274 1239 1308 Quo
1255 1275 1358 1307 audito.
1376 1276 1473 1303 iterum
1491 1282 1626 1304 venerunt
1643 1277 1719 1304 illum
1740 1278 1813 1304 invi-

1025 1329 1096 1350 sere.
1111 1321 1142 1348 Et
1155 1322 1282 1350 alacriter
1296 1323 1417 1358 suseepit
1429 1331 1486 1350 eos.
1508 1323 1578 1350 Dicit
1599 1324 1637 1351 illi
1661 1324 1745 1352 frater
1761 1326 1807 1360 qui

1025 1375 1079 1395 una
1096 1375 1157 1395 cum
1171 1368 1224 1395 illis
1236 1373 1313 1397 erat:
1330 1369 1423 1396 Nonne
1439 1371 1504 1401 scis.
1522 1370 1601 1403 abba,
1615 1378 1666 1398 nos
1680 1378 1812 1405 congreso

1024 1421 1106 1441 suros
1124 1418 1224 1445 tecum.
1246 1415 1398 1450 perrexisse
1414 1415 1515 1448 Troen.
1533 1424 1582 1444 nec
1598 1424 1614 1443 a
1632 1421 1659 1443 te
1674 1417 1811 1446 admissos

1025 1458 1132 1487 fuisse?
1155 1459 1304 1494 Respondit
1329 1468 1411 1488 senex
1425 1469 1431 1488 :
1447 1459 1502 1488 Vos
1523 1468 1620 1495 panem
1640 1461 1811 1492 comedistis.

1024 1513 1056 1532 ac
1072 1505 1179 1533 bibistis
1193 1513 1309 1541 aquam;
1325 1514 1375 1541 ego
1394 1514 1469 1537 vero.
1487 1506 1534 1538 ﬁli.
1553 1514 1620 1534 sane
1638 1515 1690 1535 nec
1710 1516 1810 1543 panem

1026 1560 1076 1580 nec
1089 1559 1186 1587 aquam
1203 1553 1321 1587 gustavi,
1343 1560 1431 1587 neque
1444 1552 1513 1584 sedi.
1531 1553 1665 1588 meipsum
1683 1554 1812 1588 puniens.

1026 1598 1114 1626 donec
1139 1599 1311 1633 exploratum
1338 1598 1432 1630 habui.
1453 1606 1502 1626 vos
1524 1598 1557 1625 ad
1582 1599 1672 1626 locum
1690 1604 1812 1627 vestrum

1025 1644 1193 1680 pervenisse.
1211 1645 1275 1679 quia
1294 1648 1405 1680 propter
1419 1652 1462 1672 me
1484 1644 1589 1680 fatigati
1614 1644 1747 1679 fueratis;
1764 1646 1813 1673 sed

1024 1691 1133 1718 veniam
1152 1691 1219 1718 mihi
1231 1690 1344 1723 donate,
1362 1690 1472 1718 fratres.
1489 1689 1529 1717 Illi
1544 1690 1660 1718 recreati
1676 1690 1814 1719 discesse.

1025 1740 1100 1764 runt.

1060 1783 1105 1811 55.
1124 1782 1198 1810 Idem
1210 1782 1364 1810 referebat:
1379 1781 1502 1815 Quodam
1519 1781 1563 1809 die
1582 1781 1690 1808 vocavit
1707 1789 1749 1809 me
1763 1782 1812 1810 ab~

1025 1829 1075 1856 bas
1087 1829 1232 1860 Arsenius,
1249 1829 1372 1863 dixitque
1386 1828 1471 1855 mihi:
1491 1827 1594 1855 Solatio
1610 1828 1648 1855 sis
1665 1827 1739 1855 Patri
1752 1832 1810 1860 tuo.

1026 1879 1056 1902 ut
1075 1879 1222 1909 postquam
1238 1874 1272 1901 ad
1288 1874 1432 1901 Dominum
1449 1873 1622 1906 discesserit,
1636 1877 1697 1901 oret
1708 1880 1757 1908 pro
1774 1877 1810 1906 te,

1027 1928 1060 1948 ac
1080 1920 1149 1947 bene
1164 1920 1200 1947 sit
1217 1919 1276 1947 tibi.

1060 1966 1105 1994 56.
1126 1966 1183 2001 (96)
1196 1965 1325 1992 Dixerunt
1342 1964 1376 1992 de
1395 1964 1493 1992 abbate
1509 1964 1624 1992 Arsenio
1635 1984 1642 1997 .
1656 1964 1728 2000 quod
1748 1971 1810 1991 cum

1026 2011 1098 2040 Secti
1113 2016 1269 2047 aegrotaret.
1291 2010 1429 2046 profectus
1444 2011 1595 2046 presbyter,
1616 2017 1679 2037 eum
1699 2009 1813 2036 adduxit

1026 2060 1059 2086 ad
1078 2058 1233 2090 ecclesiam.
1251 2057 1395 2092 posuitque
1411 2057 1439 2084 in
1454 2061 1550 2089 strato,
1567 2064 1630 2083 cum
1650 2063 1734 2090 parvo
1752 2063 1813 2082 cer-

1025 2103 1105 2131 vicali
1130 2104 1182 2131 sub
1201 2103 1289 2138 capite
1305 2103 1375 2137 eius.
1399 2101 1468 2129 Tum
1492 2109 1557 2130 ecce
1573 2110 1589 2129 e
1607 2102 1720 2129 senibus
1739 2107 1812 2128 unus

1025 2150 1137 2178 veniens
1161 2149 1194 2176 ad
1217 2148 1382 2176 visitandum
1403 2155 1476 2180 eum,
1499 2148 1545 2174 ubi
1562 2147 1677 2174 vidisset
1691 2147 1766 2174 illum
1780 2147 1810 2174 in

1026 2200 1124 2226 strato.
1137 2203 1198 2222 cum
1213 2195 1340 2222 cervicali
1356 2195 1464 2226 subtus.
1481 2193 1638 2222 scandalum
1652 2200 1750 2227 passus
1758 2195 1811 2224 est,

184 2240 217 2266 τὸ
240 2240 463 2276 χαλάδριον(94),
485 2242 533 2268 καὶ
552 2242 584 2269 τὸ
608 2242 824 2278 προσκεφάλαιον
847 2244 974 2272 ὑποκάτω

1028 2241 1150 2276 dixitque
1167 2251 1173 2268 :
1191 2240 1304 2268 Hiccine
1317 2245 1359 2268 est
1369 2241 1453 2268 abbas
1469 2239 1622 2267 Arsenius?
1634 2243 1661 2266 et
1679 2247 1712 2266 eo
1731 2239 1812 2266 modo

184 2287 281 2318 αὐτοῦ,
306 2287 512 2322 ἐσκανδαλίσθη,
535 2288 633 2322 λέγων·
653 2285 736 2320 οὗτός
760 2290 832 2316 ἐστιν
854 2291 868 2317 ὸ
888 2291 975 2322 ἀϐϐἇς

193 2333 329 2368 Ἀρσένιος
340 2342 347 2366 ;
365 2334 413 2360 καί
424 2334 464 2365 εἰς
475 2333 560 2361 ταῦτα
570 2334 727 2366 ἀνάκειταις
744 2335 839 2361 Λαϐὼν
849 2335 877 2362 δέ
892 2336 973 2363 αὐτὸν

187 2379 372 2415 πρεσϐύτερος
388 2380 448 2406 κατ’
465 2380 541 2410 ἰδίαν,
559 2379 632 2413 λέγει
648 2379 732 2414 αὐτῷ’
749 2380 781 2406 Τί
798 2377 831 2415 ἦν
849 2381 878 2406 τὸ
894 2380 973 2415 ἔργον

187 2433 236 2451 σου
247 2426 276 2451 ἐν
285 2426 318 2460 τῇ
333 2424 414 2461 κώμῃ
435 2433 497 2458 σου;
514 2425 543 2451 ’0
555 2425 583 2451 δὲ
601 2423 672 2451 εἷπε·
692 2425 796 2460 Ποιμήν
811 2425 894 2461 ἢμην.
911 2426 974 2458 Πῶς

185 2468 244 2501 οὖν,
258 2471 334 2505 φησὶ,
351 2471 443 2506 διῆγες
456 2471 502 2498 τὸν
519 2471 575 2506 βίον
587 2479 649 2502 σου;
668 2470 696 2502 'Q
706 2471 733 2497 δὲ
746 2471 807 2505 ἔφη’
830 2472 874 2497 Ἐν
885 2471 975 2507 πολλῷ

185 2517 264 2552 adn-ip
278 2517 379 2552 διῆγον.
391 2517 445 2543 Kal
455 2516 529 2551 λέγει
541 2517 625 2551 αὐτῷ·
640 2516 696 2543 Νῦν
709 2514 755 2542 οὖν
768 2516 825 2548 πῶς
835 2516 937 2550 διάγεις
948 2519 977 2544 ἐν

184 2562 225 2596 τῷ
241 2562 354 2597 κελλίιίη
373 2562 402 2588 '0
414 2562 442 2588 δὲ
458 2562 519 2596 ἐφη·
537 2562 645 2588 Μᾶλλον
658 2561 845 2596 ἀναπαύομαι.
864 2563 918 2589 Kal
933 2562 976 2588 λέ-

185 2616 230 2642 γει
243 2607 326 2642 αὐτῷ·
343 2607 455 2640 Βλέπεις
474 2607 568 2634 τοῦτον
584 2607 631 2633 τὸν
647 2607 734 2634 ἁϐϐᾶν
752 2607 902 2642 Ἀρσένιον;
921 2616 975 2634 πα-

223 2684 246 2700 ³³
262 2684 304 2711 ΑΙ.
321 2683 418 2711 ἐλθών.

222 2740 278 2773 (91)
299 2740 477 2777 Χαλὰδριον.
493 2741 625 2772 Stratum.
646 2741 734 2768 instar
753 2742 843 2769 lectuli
861 2743 978 2777 pellibus

185 2775 304 2803 instrati.
324 2775 402 2803 Unde
414 2784 430 2803 a
444 2775 547 2804 Joanne
570 2777 712 2804 Geometra
731 2785 778 2812 per
793 2775 868 2804 κώεα
888 2780 978 2813 expri-

185 2818 289 2838 ιιιιιηνε

220 2856 359 2890 Μέμρετο
373 2856 525 2889 Ἀρσένιόν
538 2865 581 2889 τις
592 2855 662 2883 26d»-
671 2856 720 2883 ἐπὶ
733 2855 844 2883 κώεσιν
857 2857 940 2884 ὄντα.

188 2901 296 2930 Dictum
313 2907 405 2930 autem
426 2902 532 2930 videtur
545 2902 699 2938 χαλάδοιον,
726 2906 771 2929 aut
789 2910 803 2929 ιι
822 2903 903 2932 verbo
925 2912 976 2939 χα-

1027 2287 1179 2314 recumbit?
1200 2286 1316 2314 Sumens
1332 2290 1421 2314 autem
1438 2286 1513 2312 illum
1529 2286 1644 2313 seorsim
1659 2286 1812 2320 presbyter.

1026 2333 1082 2360 ait:
1101 2332 1243 2365 Quodnam
1265 2337 1324 2359 erat.
1347 2340 1416 2367 opus
1440 2335 1515 2358 tuum
1539 2331 1566 2358 in
1588 2335 1636 2358 tuo
1655 2331 1743 2366 pago?
1762 2329 1813 2357 Re-

1026 2378 1137 2412 spondit
1154 2377 1217 2404 ille:
1230 2375 1310 2403 Eram
1327 2380 1429 2411 pastor.
1444 2376 1567 2408 QuOnam
1584 2383 1649 2410 ergo
1661 2375 1753 2408 modo,
1770 2375 1813 2402 in-

1025 2425 1095 2459 quit.
1109 2424 1192 2451 vitam
1205 2423 1394 2458 trausigebas?
1408 2423 1453 2449 Ait
1467 2432 1473 2450 :
1488 2423 1515 2449 In
1532 2423 1625 2449 labore
1636 2422 1733 2449 multo.
1743 2421 1811 2449 Tum

1026 2469 1168 2505 presbyter
1190 2478 1201 2496 ζ»
1218 2468 1298 2495 Nune
1318 2476 1382 2496 vero
1404 2476 1485 2503 quem
1507 2468 1540 2495 ad
1560 2468 1670 2495 modum
1699 2468 1726 2495 in
1745 2468 1812 2495 cella

1028 2515 1106 2550 agis?
1121 2514 1210 2542 Senex
1225 2513 1274 2541 :ln
1289 2513 1386 2548 majori
1404 2514 1473 2548 dego
1488 2513 1589 2548 quiete.
1607 2513 1677 2540 Dicit
1692 2513 1731 2540 illi
1745 2523 1752 2541 :
1769 2513 1814 2540 Vi—

1026 2562 1076 2589 des
1096 2561 1168 2588 hunc
1188 2560 1313 2588 abbatem
1339 2559 1503 2587 Arsenium?
1527 2559 1642 2592 Quando
1664 2560 1690 2586 in
1712 2560 1813 2586 mundo

1027 2608 1201 2640 versabatur,
1216 2612 1293 2642 pater
1303 2606 1408 2634 exstitit
1422 2607 1638 2642 imperatorum;
1654 2606 1729 2634 mille
1742 2607 1813 2634 servi

1028 2741 1095 2768 λάω.
1110 2744 1157 2766 aut
1173 2739 1250 2774 quasi
1265 2739 1422 2775 χαράδριον.
1439 2739 1501 2766 Vita
1526 2740 1634 2768 Arsenii
1653 2741 1744 2769 Graeca
1761 2747 1812 2767 ms.

1028 2775 1135 2807 εὐτελές
1147 2783 1172 2801 τι
1184 2775 1307 2811 στρῶμα.
1323 2775 1402 2808 Quod
1422 2775 1494 2810 apud
1512 2775 1671 2809 Surium,n.
1695 2775 1740 2808 2|.
1765 2775 1814 2802 vile

1028 2811 1187 2844 stragulum.

1064 2846 1120 2878 (95)
1143 2845 1202 2873 Vid.
1220 2844 1308 2872 Vitam
1327 2845 1438 2876 Arrenii,
1455 2853 1482 2872 ιι.
1497 2845 1544 2872 22.

1068 2881 1124 2916 (96)
1143 2880 1221 2909 Joan.
1236 2880 1330 2909 Geom.
1347 2880 1447 2908 Parad.
1466 2882 1506 2908 f0.
