1971 3068
154 168 206 197 105

709 167 1023 200 APOPBTHEGMATA
1043 173 1195 202 PATRUM.

1727 178 1776 208 l06

154 226 321 261 καταστῆσαι
334 225 424 257 αὑτὸν,
437 225 477 252 ὅτι
492 225 601 261 μακρὰν
613 223 647 261 ἦν
659 227 676 261 ἡ
686 227 768 254 κέλλα
779 228 871 255 αὑτοῦ.
884 229 934 255 Kal

991 235 1070 262 trem,
1087 231 1133 266 qui
1153 237 1215 257 eum
1232 230 1351 264 sisteret,
1369 231 1498 266 quoniam
1513 233 1610 268 procul
1627 238 1687 261 erat
1705 237 1775 264 cella

153 273 318 306 κρούσαντες
331 271 380 307 τὴν
395 271 478 307 θύραν
489 271 623 306 εἰσῆλθον,
637 273 683 298 καὶ
694 274 883 309 ἀσπασάμενοι
894 276 940 301 τὸν

153 321 266 354 γέροντα
283 318 413 344 ἐκάθισαν
430 317 596 349 σιωπῶντες.
613 317 696 345 Εἶπεν
709 318 755 347 οὖν
771 321 785 346 ὁ
800 320 912 355 ἀδελφὸς
926 323 940 348 ὁ

152 364 201 398 τῆς
221 363 392 398 Ἑκκλησῑας-
412 363 482 397 Ἐγὼ
495 363 602 396 ὑπάγω,
611 363 724 396 εὔξασθε
738 366 808 401 ὑπὲρ
820 366 897 401 ἐμοῦ,
911 367 941 393 Ὀ

153 409 180 436 δὲ
195 409 309 443 ἀδελφὸς
324 409 339 435 6
357 408 441 440 ξένος.
465 409 502 444 μὴ
519 409 607 445 εὑρὼν
623 411 780 446 παρρησίαν
802 411 870 447 πρὸς
892 413 939 439 τὸν

154 454 276 489 γέροντα,
291 452 350 480 εἷπε
362 455 400 489 τῷ
412 455 528 490 ἀδελφῷ-
545 456 681 492 Ἔρχομαι
701 457 778 491 κάγὼ
795 460 864 493 μετὰ
879 459 936 485 σοῦ.

155 501 207 526 Καὶ
228 500 339 535 ἐξῆλθον
359 500 437 535 ὁμοῦ.
457 501 646 536 Παρεκάλεσεν
667 501 713 529 οὖν
729 503 819 535 αὑτὸν,
840 504 937 538 λέγων·

153 549 224 572 uates
242 555 275 580 με
291 546 338 572 καὶ
354 546 422 581 πρὸς
437 546 482 573 τὸν
492 547 580 573 ἀῦϐἇν
587 548 688 583 Μωσῆν
698 549 743 575 τὸν
754 550 808 576 ἀπὸ
821 549 936 586 λῃστῶν.

153 592 207 618 Καὶ
217 592 349 618 ἐλθόντων
360 592 449 619 αὐτῶν
460 593 527 628 πρὸς
538 593 628 626 αὑτὸν,
639 594 747 626 ἐδέξατο
759 596 856 628 αὐτοὺς
869 596 938 631 μετὰ

153 642 248 677 χαρᾶς,
266 641 312 667 καὶ
327 641 526 676 φιλοφρονήσεις
537 642 559 658 ³ο
577 642 674 674 αὐτοὺς
685 642 813 670 ἀπέλυσε.
827 644 882 670 Καὶ
891 644 934 670 λέ-

152 694 194 720 γει
211 686 283 721 αὐτῷ
296 687 310 713 ὁ
324 686 437 720 ἀδελφὸς
448 688 462 713 ὁ
474 686 593 721 ἐνεγκὼν
606 688 699 714 αὐτόν·
721 689 786 716 Ἰδοὺ
797 690 937 724 ἀπένεγκά

153 740 181 758 σε
202 731 268 766 πρὸς
284 732 330 758 τὸν
347 731 452 763 ξενικὸν
466 732 514 759 καὶ
527 733 596 768 πρὸς
609 733 655 760 τὸν
668 734 826 768 Αἰγύπτιον.
844 736 890 767 Τίς
904 737 936 762 ἐκ

151 776 204 803 τῶν
224 777 271 803 δύο
291 777 373 812 ἤρεσέ
390 786 446 810 σοι;
468 778 497 805 '0
516 778 545 805 δὲ
566 779 726 815 ἀποκριθεὶς
745 778 833 806 εῖπεν-
859 781 935 816 Ἑμοὶ

152 823 220 854 τέως
233 824 247 849 ὁ
260 824 407 857 Αἰγύπτιος
421 825 527 859 ἢρεσεν.
547 825 677 857 Ἀκούσας
687 825 715 852 δέ
729 835 770 858 τις
784 827 837 853 τῶν
852 827 931 853 Πατέ-

153 877 206 905 ρων
215 868 310 899 ταῦτα,
324 869 419 901 εὒξιτο
434 869 473 905 τῷ
484 870 553 905 Θεῷ,
571 871 669 904 λέγων’
683 871 778 907 Κύριε,
793 872 877 906 δεῖξόν
889 882 934 908 μοι

990 276 1088 310 ipsius.
1107 276 1230 310 Cumque
1243 276 1343 303 ostium
1359 277 1525 312 pulsassent,
1548 278 1696 306 intrarunt.
1721 281 1777 308 Sa-

990 322 1130 356 lutatoque
1145 329 1211 349 sene
1227 322 1357 349 sederunt
1374 323 1461 350 taciti.
1483 323 1556 350 Disit
1578 324 1623 352 ille
1644 325 1775 353 Ecclesiae

990 368 1094 395 frater:
1112 367 1167 403 Ego
1183 368 1261 400 abeo,
1279 373 1355 395 orate
1371 377 1420 404 pro
1434 377 1486 396 me.
1503 369 1599 397 Frater
1615 379 1680 398 vero
1696 379 1774 406 pere-

988 415 1096 449 grinus,
1114 417 1187 449 quod
1211 422 1276 448 erga
1299 422 1390 442 senem
1414 415 1539 442 fiduciam
1568 417 1695 451 loquendi
1711 425 1774 445 .non

987 460 1113 492 haberet,
1129 460 1199 487 dixit
1211 461 1290 487 fratri
1304 469 1310 487 :
1327 458 1383 496 Ego
1399 461 1480 488 etiam
1501 466 1590 489 tecum
1603 463 1771 497 proﬁciscor.

989 505 1131 541 Simulque
1153 506 1290 533 exierunt.
1311 506 1478 541 Deprecatus
1495 515 1560 543 ergo
1580 516 1641 536 eum
1660 513 1712 542 est,
1732 511 1774 536 di-

987 559 1072 578 cens:
1090 551 1147 578 Duc
1162 559 1205 578 me
1227 552 1260 578 ad
1281 552 1405 580 abbatem
1431 552 1532 581 Mosem
1557 554 1603 589 qui
1621 554 1672 582 fuit
1689 556 1770 582 latro.

986 596 1047 629 Quo
1060 604 1121 624 cum
1138 597 1338 630 pervenissent,
1363 598 1484 632 suscepit
1508 597 1568 624 illos
1587 598 1674 629 laztus,
1690 599 1772 625 dimi~

987 643 1077 678 sitque
1089 646 1212 670 amanter
1224 647 1366 670 tractatos.
1384 643 1455 670 Dixit
1470 643 1554 671 frater
1568 644 1614 678 qui
1627 644 1711 670 alium
1726 644 1773 671 ad~

986 688 1120 716 duxerat:
1135 687 1204 715 Ecce
1225 688 1290 715 duxi
1314 694 1341 715 te
1358 688 1392 715 ad
1413 692 1572 716 extraneum
1591 694 1618 716 et
1638 690 1670 716 ad
1686 689 1770 725 ὦπα

985 735 1072 769 ptium
1085 743 1092 761 :
1108 734 1168 769 quis
1181 741 1196 761 e
1210 734 1316 761 duobus
1332 735 1434 768 placuit
1452 735 1521 762 tibi?
1538 735 1686 770 Respondit
1700 736 1747 763 ille
1761 745 1767 763 :

986 779 1050 805 Mihi
1073 779 1167 814 utique
1189 778 1291 813 placuit
1313 778 1468 814 Egyptius.
1488 779 1610 808 Audiens
1632 784 1698 808 v'ero
1716 781 1769 808 ista

985 824 1096 852 Patrum
1111 825 1220 859 aliquis,
1232 825 1320 851 oravit
1336 823 1421 851 Deum
1436 825 1476 852 sic
1491 835 1497 852 :
1516 825 1640 858 Domine,
1655 827 1769 854 ostende

985 871 1051 898 mihi
1076 871 1145 897 hanc
1169 877 1236 903 rem,
1257 870 1321 905 quia
1345 870 1391 897 ille
1413 871 1523 905 quidem
1544 876 1654 906 propter
1668 879 1766 898 nomen

150 914 180 941 τὸ
190 915 306 949 πρᾶγμα
317 915 407 941 τοῦτο’
419 915 460 941 ὅτι
472 915 501 947 ὃς
513 916 563 951 μὲν
575 917 671 951 φεύγει
680 917 725 944 διὰ
735 918 766 944 τὸ
777 918 862 954 ὄνομά
875 928 931 946 σου·

987 920 1062 943 tuum
1080 916 1157 950 fugit,
1171 915 1215 942 hic
1231 922 1296 942 vero
1312 918 1423 950 propter
1438 915 1508 942 idem
1525 923 1625 943 nomen
1637 917 1768 944 ambabus

150 960 178 992 ὗς
190 960 219 987 δὲ
228 960 433 994 ἐναγκαλίζεται
444 961 489 988 διὰ
498 962 528 987 τὸ
539 961 625 997 ὄνομά
633 971 689 989 σου.
700 964 755 990 Kal.
765 964 818 991 ἰδοὺ
827 964 932 1000 ἐδείχθη

151 1006 223 1041 αὑτῷ
232 1006 278 1032 δύο
293 1006 373 1032 πλοῖα
383 1007 487 1042 μεγάλα
497 1009 527 1033 ἐν
539 1008 577 1043 τῷ
589 1016 656 1034 ποτα
661 1008 713 1043 μῷ,
724 1010 772 1035 καὶ
782 1010 880 1046 θεωρεῖ
888 1011 934 1038 τὸν

149 1051 236 1078 ἁὸῧᾶν
244 1051 380 1086 ’Δρσένιον
386 1052 630 1087 καὶτὸῐινεῢματοῦ
639 1053 706 1080 Θεοῦ
714 1054 793 1081 πλέον
801 1056 829 1081 ὲν
836 1056 934 1092 ἡσυχίᾳ

150 1097 189 1128 εἰς
198 1097 248 1123 ἕνα
257 1097 290 1112 ⁸⁸·
305 1097 373 1124 καὶὸ
382 1096 468 1128 ἀὸϐἇς
476 1098 578 1133 Μωσῆς
591 1099 640 1125 καὶ
649 1100 673 1126 οι
684 1099 795 1134 ἄγγελοι
807 1101 854 1127 τοῦ
866 1101 934 1128 Θεοῦ

149 1141 278 1174 πλέοντες
288 1143 329 1174 εις
338 1142 425 1174 Eva“,
439 1143 486 1170 καὶ
499 1142 636 1179 ἐψώμιζον
649 1145 730 1171 αὑτὸν
748 1145 843 1181 μελικη
849 1146 932 1182 ρίδας.

183 1187 233 1214 λο¹.
250 1188 363 1222 Ἔλεγεν
376 1189 390 1215 ὁ
405 1189 492 1220 eaea;
508 1189 618 1225 Δανιὴλ,
631 1190 673 1217 ὅτι
693 1190 796 1226 μέλλων
807 1192 934 1228 τελευτᾷν

146 1233 162 1259 ὁ
184 1232 274 1264 esse;
301 1232 446 1268 ‘Apcévrog,
476 1234 657 1269 παρήγγειλεν
678 1235 744 1269 ἡμῖν
765 1234 862 1269 λέγων’
888 1236 933 1272 Μὴ

147 1279 312 1314 φροντίσητε
330 1280 417 1305 ποιεῖν
433 1279 542 1314 ἀγάπας
551 1280 575 1295 ⁵⁸
592 1279 661 1315 ὑπὲρ
676 1280 754 1315 ἐμοῦ·
769 1281 824 1315 ἐγὼ
840 1289 894 1316 γαρ
909 1282 934 1308 ει

145 1324 266 1360 ἐποίησα
279 1324 389 1360 ἐμαυτῷ
399 1325 518 1360 ἀγάπην,
533 1325 635 1361 ταύτην
649 1325 703 1360 ἔχω
718 1326 817 1361 εὑρεῖν.

183 1373 225 1405 μ’.
239 1370 389 1403 Μέλλοντος
408 1371 536 1407 τελευτᾷν
554 1372 602 1398 τοῦ
620 1372 692 1399 ἀϐὃᾶ
711 1371 857 1407 ’Δρσενίου,
874 1374 934 1399 ἐτα-

146 1414 288 1451 ράχθησαν
303 1417 327 1442 οἱ
341 1416 459 1451 μαθηταὶ
471 1417 564 1444 αὑτοῦ.
582 1417 636 1444 Καὶ
648 1417 722 1452 λέγει
737 1419 838 1450 αὐτοῖς*
852 1417 934 1445 οὔπω

143 1459 229 1495 ἦλθεν
245 1463 262 1497 ἡ
277 1461 345 1497 ὥρα·
361 1463 405 1489 ὅτε
418 1463 446 1489 δὲ
463 1463 528 1500 ἔλθῃ
543 1463 612 1498 ὥρα,
627 1463 697 1498 λέγω
710 1464 784 1499 ὑμῖν.
798 1464 934 1500 Κριθῆναι

143 1505 175 1532 δὲ
188 1505 245 1541 ἔχω
259 1506 317 1541 μεθ’
335 1505 412 1541 ὑμῶν
432 1507 479 1533 ἐπὶ
499 1507 545 1533 τοῦ
561 1507 682 1542 βήματος
704 1507 752 1533 τοῦ
776 1507 890 1543 φοὸεροῦ
899 1508 933 1540 ⁸³,

142 1550 196 1578 ἐὰν
210 1550 279 1577 δῶτε
298 1551 328 1577 τὺ
348 1550 474 1586 λείψανόν
495 1551 544 1587 μού
563 1559 624 1578 τινι.
641 1553 671 1578 Οἱ
686 1552 715 1578 δὲ
733 1550 819 1579 εἷπονο
839 1553 871 1578 Τί
887 1550 933 1579 οὖν

143 1595 311 1631 ποιήσομεν,
331 1597 373 1624 ὅτι
388 1597 440 1624 οὐκ
458 1597 569 1633 οἴδαμεν
588 1598 762 1632 ἐνταφιάσαι;
783 1598 839 1625 Καὶ
859 1598 932 1632 λέγει

141 1642 241 1673 αὐτοῖς
256 1643 272 1668 ὸ
289 1641 388 1677 γέρων
409 1643 466 1670 Οὐκ
479 1643 568 1670 οῐδατε
586 1643 676 1679 βαλεῖν
697 1643 811 1679 σχοινίον
832 1644 872 1676 εὶς
888 1644 933 1671 τὸν

141 1688 217 1715 πόδα
237 1697 300 1724 μου,
317 1690 364 1716 καὶ
378 1687 444 1725 ἆραι
460 1698 494 1725 με
507 1690 546 1721 εις
558 1690 590 1716 τὸ
603 1690 680 1725 ὕρος;
694 1683 778 1722 Οὗτος
792 1690 820 1716 δὲ
833 1691 847 1717 ό
857 1690 934 1725 λόγος

137 1734 192 1761 τοῦ
219 1734 347 1771 γέροντος
363 1733 407 1771 ἦν·
434 1736 567 1771 ’Δρσένιε,
591 1736 632 1763 διὸ
654 1736 779 1772 ἐξῆλθες;
803 1736 933 1772 λαλήσας,

139 1781 279 1812 πολλάκις
291 1781 491 1817 μετεμελήθην,
500 1782 640 1817 σιωπήσας
653 1782 681 1809 δὲ
693 1783 830 1811 οὐδέποτε.
847 1783 891 1815 Ὠς
905 1783 933 1809 δὲ

138 1827 231 1861 ἐγγὺς
250 1825 284 1862 ἦν
304 1826 352 1854 τοῦ
375 1827 505 1864 τελευτᾷν
515 1828 548 1860 ⁸⁸,
573 1826 643 1854 εἶδον
669 1828 749 1855 αὑτὸν
773 1830 797 1855 οἱ
825 1828 933 1863 ἀδελφοὶ

137 1873 286 1900 κλαίοντα·
309 1873 357 1900 καὶ
376 1873 500 1907 λέγουσιν
524 1872 607 1908 αὐτῷ·
635 1874 679 1900 Ἐν
697 1873 810 1909 ἀληθείᾳ
831 1874 879 1901 καὶ
900 1875 932 1900 σὺ

136 1918 228 1953 φοϐῇ,
243 1918 350 1953 Πάτερ;
364 1918 418 1945 Kal.
429 1916 505 1945 εἶπεν
517 1919 617 1950 αὐτοῖς·
637 1919 681 1945 Ἐν
690 1919 813 1954 ἀληθείᾳ,
824 1921 838 1946 ό
851 1918 933 1954 φόϐος

134 1964 217 1992 ὁνῦν
235 1965 294 1999 μετ’
309 1964 378 2000 ἐμοῦ
392 1966 420 1992 ἐν
437 1966 470 2000 τῇ
491 1965 550 2000 ὥρα
565 1964 660 2001 ταύτῃ,
687 1966 745 2000 μετ’
771 1965 837 2001 ἐμοῦ
859 1966 932 1991 ἐστιν

133 2011 188 2047 ἀφ’
203 2007 238 2037 οὗ
253 2011 386 2046 ἐγενόμην
398 2010 522 2046 μναχός.
537 2012 592 2038 Kal.
603 2011 689 2041 οὓτως
699 2011 844 2047 ἐκοιμήθη.

176 2059 241 2092 μα’.
262 2054 375 2090 Ἔλεγον
387 2055 415 2082 δὲ
433 2056 474 2082 ὅτι
489 2056 548 2082 ὅλον
561 2056 607 2082 τὸν
623 2056 718 2092 χρόνον
731 2057 781 2092 τῆς
796 2057 869 2093 ζωῆς
882 2058 932 2084 αὑ-

132 2101 200 2134 τοῦ,
224 2100 408 2136 καθεζόμενος
428 2102 469 2133 εἰς
490 2101 520 2128 τδ
540 2102 696 2138 ἐργόχειρον
717 2103 810 2136 αὑτοῦ,
833 2104 933 2138 primo;

132 2146 217 2183 εἶχεν
231 2148 263 2173 ἐν
275 2146 314 2182 τῷ
326 2147 428 2182 κόλπῳ,
450 2147 528 2183 χάριν
545 2147 600 2174 τῶν
616 2148 740 2184 δακρύων
754 2148 932 2176 τῶνπιπτόν-

130 2202 194 2220 των
213 2192 274 2220 ἀπὸ
291 2193 346 2219 τῶν
357 2193 506 2228 ὀφθαλμῶν
515 2193 608 2221 αὐτοῦ.
633 2194 763 2225 Ἀκούσας
775 2194 805 2221 δὲ
819 2195 834 2221 ὁ
846 2195 932 2226 ἀὸὁᾶς

986 963 1059 990 ulnis
1072 961 1196 996 suscipit.
1215 961 1248 987 Et
1265 969 1330 988 ecce
1345 965 1463 989 ostensa:
1477 966 1542 988 sunt
1553 962 1578 989 ei
1592 962 1652 989 duae
1664 970 1767 997 magna!

985 1016 1067 1036 naves
1081 1008 1108 1034 in
1123 1007 1223 1039 fluvio;
1241 1006 1469 1042 conspicaturque
1482 1007 1606 1035 abbatem
1621 1007 1766 1036 Arsenium

985 1060 1012 1081 et
1023 1054 1153 1089 Spiritum
1169 1053 1216 1079 Dei
1234 1053 1261 1079 in
1278 1060 1331 1079 una
1347 1053 1436 1087 quiete
1450 1054 1618 1088 navigantes.
1633 1053 1700 1082 Cum
1717 1055 1766 1082 ab-

985 1097 1048 1124 bate
1073 1104 1137 1124 vero
1159 1097 1232 1124 Mose
1254 1096 1340 1131 angeli
1363 1096 1411 1124 Dei
1435 1097 1463 1124 in
1483 1097 1566 1125 altera
1587 1098 1765 1132 vehebantur,

985 1148 1102 1176 eumque
1121 1141 1200 1168 melle
1214 1148 1229 1168 e
1245 1140 1314 1167 favis
1328 1141 1478 1168 distillante
1487 1142 1625 1169 cibabaut.

1020 1187 1064 1214 59.
1089 1186 1127 1222 (2)
1150 1186 1247 1213 Aiebat
1269 1186 1353 1214 abbas
1375 1186 1470 1214 Daniel
1491 1197 1497 1214 :
1515 1187 1662 1216 Moriturus
1683 1189 1767 1216 abbas

987 1233 1127 1263 Arsenius,
1155 1231 1328 1259 denuntiavit
1352 1232 1431 1261 nobis
1457 1233 1574 1261 dicens:
1591 1233 1679 1261 Nolite
1702 1234 1768 1262 dare

985 1286 1095 1314 operam
1111 1281 1140 1305 ut
1154 1286 1206 1313 pro
1214 1285 1257 1305 me
1271 1285 1372 1313 agapas
1386 1278 1504 1306 faciatis.
1516 1278 1571 1314 Ego
1581 1279 1653 1306 enim
1663 1280 1687 1306 si
1700 1280 1766 1307 mihi

985 1331 1088 1359 agapen
1106 1323 1169 1356 feci,
1186 1324 1350 1351 inventurus
1364 1331 1424 1351 sum
1440 1331 1511 1351 eam.

1019 1368 1064 1395 40.
1089 1368 1128 1404 (5)
1143 1368 1212 1396 Cum
1235 1367 1320 1395 abbas
1348 1368 1481 1396 Arsenius
1508 1369 1659 1396 moriturus
1681 1373 1765 1401 esset.

984 1415 1086 1442 turbati
1102 1418 1166 1442 sunt
1181 1414 1269 1455 ipsiu_s
1284 1413 1420 1449 discipuli.
1436 1413 1470 1440 Et
1487 1415 1555 1441 dixit
1567 1415 1607 1442 eis
1620 1425 1626 1442 :
1639 1415 1765 1442 Nondum

984 1460 1058 1487 venit
1076 1459 1159 1492 hora;
1171 1459 1280 1493 quando
1294 1463 1384 1486 autem
1398 1459 1515 1492 venerit,
1532 1460 1609 1487 vobis
1622 1461 1764 1489 nuntiabo.

983 1506 1116 1533 Caeterum
1126 1505 1294 1540 judicandus
1304 1513 1364 1533 sum
1372 1505 1513 1534 vobiscum
1524 1510 1586 1534 ante
1596 1508 1764 1534 tremendum

985 1550 1115 1583 tribunal,
1128 1550 1152 1577 si
1165 1557 1265 1585 corpus
1276 1557 1367 1577 meum
1383 1551 1510 1585 cuiquam
1528 1551 1667 1579 dederitis.
1685 1552 1766 1579 Dixe-

984 1601 1047 1624 runt
1057 1597 1075 1624 ii
1092 1606 1098 1624 :
1112 1596 1182 1629 Quid
1194 1596 1466 1635 ergo-faciemus,qui
1478 1597 1615 1624 nescimus
1630 1597 1765 1632 sepelire?

981 1643 1134 1679 Respondit
1151 1650 1235 1670 senex
1249 1652 1256 1670 :
1272 1642 1390 1670 Nescitis
1405 1643 1511 1671 mittere
1523 1643 1612 1670 funem
1628 1643 1654 1670 in
1667 1643 1763 1678 pedem

982 1697 1084 1722 meum,
1101 1694 1127 1717 et
1146 1690 1256 1717 trahere
1273 1696 1316 1716 me
1331 1689 1359 1716 in
1377 1689 1518 1716 montem?
1533 1689 1570 1724 (4)
1587 1688 1697 1717 Solebat
1714 1697 1764 1716 au-

982 1739 1038 1762 tem
1052 1734 1143 1761 dicere
1157 1743 1163 1761 :
1181 1733 1290 1766 Arseni,
1307 1733 1484 1768 quamobrem
1498 1740 1514 1760 e
1525 1733 1623 1761 saa-ulo
1635 1741 1763 1768 egressus

982 1780 1030 1808 es?
1045 1779 1143 1814 Loqui,
1157 1779 1286 1814 paenituit
1299 1786 1341 1806 me
1358 1787 1444 1813 szepe;
1462 1779 1590 1811 tacuisse,
1611 1786 1761 1813 nunquam.

982 1826 1017 1854 Ut
1027 1830 1118 1853 autem
1131 1826 1212 1852 morti
1226 1825 1277 1852 fuit
1290 1825 1442 1859 proximus,
1459 1824 1556 1852 fratres
1565 1824 1690 1852 viderunt
1701 1832 1762 1852 eum

981 1871 1061 1905 ﬂere;
1081 1877 1108 1899 et
1130 1872 1207 1898 aiunt
1225 1871 1249 1898 ei
1266 1880 1272 1897 :
1290 1870 1319 1897 In
1340 1871 1464 1903 veritate,
1489 1874 1518 1897 tu
1545 1877 1654 1905 quoque
1671 1870 1760 1902 times,

981 1918 1080 1946 Pater?
1093 1917 1118 1946 Is
1135 1917 1190 1945 illis
1206 1926 1213 1944 :
1240 1916 1355 1948 Revera,
1379 1917 1461 1943 timor
1478 1923 1532 1951 quo
1551 1916 1603 1942 hac
1619 1916 1686 1943 hora
1700 1923 1762 1943 cor-

981 1963 1077 1999 ripior,
1093 1970 1198 1990 mecum
1215 1970 1275 1989 esse
1289 1969 1344 1989 non
1359 1962 1462 1990 destitit
1476 1969 1492 1989 a
1503 1966 1624 1997 tempore
1635 1969 1689 1997 quo
1701 1969 1762 1989 mo-

982 2010 1115 2037 nasticam
1131 2010 1215 2040 vitam
1232 2008 1352 2043 suscepi.
1368 2009 1458 2043 Atque
1474 2009 1512 2035 ita
1523 2007 1698 2035 obdormivit.

1015 2057 1061 2084 4i.
1075 2056 1113 2092 (5)
1130 2055 1308 2082 Afﬁrmabant
1325 2059 1427 2087 autem,
1442 2054 1515 2090 quod
1532 2062 1581 2090 per
1593 2061 1674 2082 omne
1691 2058 1762 2081 tem-

981 2110 1033 2138 pus
1043 2103 1105 2130 vitaa
1115 2109 1181 2133 sua),
1191 2101 1288 2129 sedens
1299 2102 1332 2129 ad
1344 2101 1518 2128 manuficium
1535 2109 1625 2133 suum,
1641 2108 1761 2136 pannum

982 2149 1008 2175 in
1026 2148 1087 2176 sinu
1098 2147 1258 2183 gestaverit,
1270 2147 1306 2175 ob
1320 2147 1457 2182 laerymas
1472 2155 1504 2174 ex
1516 2147 1604 2174 oeulis
1617 2147 1677 2181 ejus
1689 2147 1749 2175 deci

982 2195 1087 2222 dentes.
1111 2193 1147 2229 (6)
1170 2193 1306 2221 Caeterum
1329 2193 1414 2220 abbas
1431 2193 1552 2225 Pt‘emen,
1581 2192 1673 2220 audita
1688 2192 1761 2220 illius

130 2238 255 2273 Ποιμὴν
273 2239 314 2265 ὅτι
334 2238 478 2274 ἐκοιμήθη,
497 2238 636 2274 δακρύσας
654 2237 723 2266 εἷπε·
738 2240 879 2275 Μακάριος
896 2238 932 2272 εἷ,

987 2239 1155 2272 dormitione,
1171 2238 1239 2266 ﬂens
1254 2237 1312 2265 infit
1321 2246 1327 2265 ε
1337 2237 1454 2265 Felicem
1468 2242 1504 2270 te,
1513 2238 1582 2265 abba
1593 2238 1701 2270 Arseni,
1713 2238 1760 2273 qui

129 2283 214 2312 ἀόὃᾶ
237 2283 371 2320 Ἀρσένιε,
386 2284 427 2310 ὅτι
443 2283 575 2316 ἔκλαυσας
586 2284 682 2312 ἑαυτὸν
694 2286 733 2317 εἰς
746 2286 792 2312 τὸν
811 2282 861 2312 ὧδε
884 2286 931 2312 κό-

129 2339 222 2365 σμον.
242 2329 276 2355 '0
297 2328 352 2364 γὰρ
376 2329 412 2364 μὴ
433 2328 533 2366 κλαίων
554 2329 649 2357 ἑαυτὸν
668 2326 728 2360 ὦδε.
744 2330 859 2362 αἰωνίως
874 2331 933 2357 ἐκεῖ

126 2375 306 2403 κλαύσεται,
319 2374 381 2401 Εἴτε
390 2373 436 2401 οὖν
448 2372 498 2401 ὧδε
507 2374 650 2406 summates
658 2375 716 2402 ἐκεῖ
728 2375 782 2402 ἀπὸ
797 2375 929 2410 βασάνων,

124 2421 279 2449 ἀδύνατον
297 2421 333 2456 μὴ
347 2420 472 2447 κλαῦσαι.

166 2478 232 2514 μβ¹.
254 2477 409 2512 Διηγήσατο
423 2477 451 2504 δὲ
466 2478 480 2504 6
493 2477 580 2508 ἁὸϐἄς
595 2477 692 2512 Δανιὴλ
708 2478 771 2513 περὶ
786 2477 879 2509 αὑτοῦ,
891 2479 931 2505 ὅτι

121 2525 275 2552 οὐδέποτε
298 2523 377 2558 ἤθελε
396 2523 486 2550 λαλεῖν
506 2531 532 2549 τι
555 2522 664 2558 ζήτημα
687 2524 720 2550 ἐκ
741 2523 790 2559 τῆς
811 2524 933 2559 Γραφῆς,

121 2569 243 2604 καίπερ
266 2567 415 2602 δυνάμενος
431 2567 545 2603 λαλῆσαι
559 2568 582 2593 ει
599 2567 703 2602 ἤθελεν·
723 2567 780 2594 ἀλλ’
796 2568 857 2595 οὐδὲ
874 2569 934 2595 ἐπι-

123 2615 238 2650 στολὴν
261 2613 367 2648 ταχέως
382 2613 510 2649 ἔγραφεν.
529 2614 593 2641 Ὅτε
607 2614 636 2641 δὲ
654 2614 753 2649 ἤρχετο
773 2615 812 2644 εις
827 2613 874 2647 τὴν
889 2622 934 2641 εκ-

121 2660 261 2696 κλησὶαν
274 2659 320 2685 διὰ
333 2659 442 2694 χρόνου,
453 2659 541 2685 ὀπίσω
554 2658 602 2686 τοῦ
617 2659 712 2685 στύλου
724 2659 877 2691 ἐκαθέζετο,
890 2660 934 2686 ἵνα

162 2718 189 2734 ³³
210 2717 261 2743 AI.
280 2715 459 2750 φιλοξενὶσας.
499 2716 521 2732 ⁵⁸
532 2717 574 2743 Al.
592 2716 631 2744 ἓν.

119 2752 153 2780 τὸ
169 2752 311 2786 πνεῦμα.

158 2811 207 2859 (2)
229 2821 292 2859 [ἧι.
306 2820 383 2859 P_alr.
397 2829 424 2853 κ,

158 2856 205 2893 (5)
230 2856 298 2893 7V“.
315 2856 392 2893 Patr:
406 2863 432 2886 ι.
448 2856 503 2893 9.__
547 2890 565 2893 _
601 2890 614 2893 ν

158 2890 206 2930 (ι)
227 2891 350 2919 Doroth.
367 2890 458 2917 Doctr.
474 2891 525 2925 10;
542 2890 677 2927 Euthymit'
696 2891 767 2925 Vita,
784 2900 810 2919 ιι.
829 2892 873 2920 59.

287 2937 423 2967 Ρλτιιοι..
447 2937 505 2968 Gn.
531 2939 623 2970 LXV.

982 2285 1067 2312 hocce
1080 2284 1107 2311 in
1122 2284 1224 2311 mundo
1241 2283 1357 2318 teipsum
1378 2283 1495 2310 ﬂeveris.
1517 2283 1586 2310 Nam
1600 2284 1646 2318 qui
1662 2288 1762 2311 semet-

981 2331 1071 2365 ipsum
1082 2330 1127 2357 bic
1140 2337 1196 2357 non
1208 2328 1301 2362 deﬂet,
1313 2328 1478 2363 sempiterne
1489 2328 1543 2355 illic
1558 2328 1685 2363 plorabit.
1698 2327 1762 2356 Sive

980 2383 1046 2410 ergo
1058 2375 1102 2402 hic
1120 2379 1227 2410 sponte,
1243 2375 1301 2401 sive
1316 2374 1351 2401 ibi
1370 2381 1417 2409 per
1433 2378 1578 2406 tormenta,
1594 2373 1651 2401 fleri
1668 2375 1762 2409 nequit

980 2421 1046 2456 quin
1059 2422 1210 2457 lugeamus.

1018 2478 1062 2506 4‘2.
1081 2478 1119 2513 (7)
1137 2477 1263 2504 Narravit
1287 2477 1321 2504 dc
1346 2476 1440 2504 eodem
1464 2476 1549 2503 abbas
1565 2476 1670 2508 Daniel,
1689 2476 1762 2511 quod

983 2532 1121 2559 nunquam
1135 2523 1168 2551 de
1185 2523 1240 2550 ulla
1254 2521 1401 2557 Scriptura:
1415 2521 1565 2556 quaestione
1579 2521 1652 2556 loqui
1669 2521 1763 2549 volue-

983 2571 1029 2602 rit,
1048 2570 1112 2597 licet
1131 2569 1250 2604 potuerit
1267 2569 1290 2596 si
1306 2568 1448 2595 voluisset.
1466 2567 1520 2595 Sed
1535 2575 1585 2595 nec
1599 2567 1705 2596 litteras
1721 2567 1762 2595 fa-

981 2615 1034 2642 cile
1050 2615 1199 2643 scribebat.
1217 2613 1332 2647 Quando
1345 2617 1436 2641 autem
1455 2613 1489 2640 ad
1500 2613 1643 2641 ecclesiam
1659 2621 1708 2649 per
1720 2613 1762 2640 in-

982 2661 1093 2688 tervalla
1107 2659 1243 2692 veniebat,
1257 2659 1369 2686 sedebat
1382 2665 1398 2685 a
1413 2663 1489 2694 tergo
1502 2658 1644 2692 columnae,
1656 2665 1689 2686 ne
1699 2658 1762 2694 quis

670 2717 690 2732 ⁸¹
708 2717 750 2744 Al.
763 2717 802 2744 ἓν.
838 2718 860 2733 ⁸³
877 2718 919 2744 Al.
939 2718 1058 2754 ἀγάπην.
1099 2718 1121 2734 ⁵³
1139 2718 1180 2745 Al.
1196 2717 1324 2754 Χριστοῦ.
1364 2717 1387 2733 ⁸*
1403 2717 1443 2744 ΔΙ.
1455 2717 1570 2752 ἤμελλεν
1586 2717 1762 2753 παραδιδόναι

1143 2819 1218 2860 ξων.
1235 2827 1275 2851 ιιι,
1295 2820 1325 2860 ες
1345 2820 1530 2856 Μανιψοιοθη
1544 2820 1597 2848 Jul.
1615 2821 1657 2848 i9.

1028 2857 1044 2882 6
1076 2855 1129 2883 Vit.
1142 2855 1217 2882 Patr.
1235 2863 1279 2885 xv,
1298 2855 1324 2882 9.

1017 2856 1057 2926 l7;
1076 2890 1129 2917 Vit.
1142 2889 1218 2917 Patr.
1230 2897 1275 2923 xv,
1289 2889 1330 2916 10.

1609 2937 1626 2965 ἐ-
