1971 3068
179 175 231 205 107

755 173 927 202 APPENDIX
945 174 991 201 AD
1004 172 1215 202 PALLADIUM.

1745 172 1797 200 108

178 231 283 259 videret
302 229 400 258 faciem
420 229 529 265 ipsiusy
547 236 598 257 nec
625 228 685 264 ipse
710 228 771 256 aliis
794 229 955 257 intenderet.

1018 229 1105 265 ιηδεὶς
1128 229 1168 264 ἰδῇ
1190 228 1221 255 τὸ
1243 228 1387 263 πρόσωπον
1418 227 1512 259 αὐτοῦ,
1535 227 1601 263 μηδὲ
1623 227 1704 259 αὐτὸς
1725 228 1798 265 ἄλλῳ

178 275 265 305 Porro
278 276 368 311 specie
385 281 444 302 erat
462 275 596 311 angelica,
618 275 690 302 sicut
707 273 809 308 Jacob;
824 279 898 302 totus
911 282 959 302 ca-

178 331 242 354 nus,
258 324 371 357 corpore
385 322 502 357 eleganti
520 331 526 348 :
542 320 594 348 fuit
607 325 697 348 autem
718 321 827 354 aridus;
843 321 960 356 gestavit

178 367 290 394 barbam
308 367 416 400 longam
432 374 493 402 quae
508 367 542 393 ad
562 369 682 394 ventrem
707 366 886 402 pertingeret;
912 366 960 402 pili

178 412 321 439 oculorum
335 420 391 447 prae
403 412 480 439 ﬂetus
491 411 660 439 vehementia
671 411 838 438 deciderant.
850 410 961 438 Statura

178 461 237 483 erat
252 457 317 488 alta,
330 457 378 484 sed
393 456 470 484 senio
484 463 595 483 curvus.
612 456 705 483 Annos
717 461 799 483 natus
814 457 961 491 nonaginta

178 502 310 538 quinque.
329 502 361 529 Et
375 510 440 529 vero
454 502 553 529 mansit
567 502 593 528 in
607 501 707 529 divinae
722 502 858 529 memoriae
873 501 962 530 Theo-

178 548 251 575 dosii
270 548 384 583 majoris
400 548 500 582 palatio
516 554 603 574 annos
620 547 812 582 quadraginta,
831 551 907 582 pater
918 546 961 574 fa-

179 597 240 621 ctus
254 593 490 621 divinissimorum
505 592 615 619 Arcadii
630 596 656 619 et
667 592 795 627 Honnrii;
810 593 884 621 Sceti
893 593 962 620 alios

179 639 375 674 quadraginta;
391 639 418 665 in
437 637 509 665 Troe
526 637 678 672 superioris
691 637 850 673 Babylonis,
865 645 962 665 versus

180 685 336 719 Memphim,
353 684 466 717 decem;
482 687 538 710 tres
556 683 583 710 in
597 682 715 717 Canopo'
727 683 915 717 Alexandria;
928 684 962 712 ad

180 731 301 765 reliquos
313 734 403 756 autem
419 729 488 756 duos
501 736 600 759 annos.
614 729 694 755 rediit
710 728 817 762 Troen;
835 729 879 756 ubi
891 737 963 757 mor—

180 784 244 805 tuus
263 782 322 810 est;
339 780 482 811 postquam
502 777 527 802 in
544 783 610 810 pace
628 783 660 802 ac
676 775 775 803 timore
793 775 838 803 Dei
851 783 962 803 cursum

181 832 260 852 suum
271 821 489 850 consummasset.
505 831 511 848 :
527 822 596 854 Quia
611 826 669 848 erat
687 822 725 849 vir
737 821 818 849 bonus
831 826 855 848 et
871 823 962 856 plenus

182 870 283 904 Spiritu
293 873 384 896 sancto
394 876 419 895 ει
433 868 484 903 [ide
492 868 525 894 ⁸⁵.
538 867 657 903 Reliquit
667 875 733 895 vero
744 868 809 895 milii
823 869 962 903 pelliceam

1013 276 1130 311 πρόσχῃ.
1144 273 1198 301 ’Ἦν
1206 275 1234 301 δὲ
1247 274 1278 300 τὸ
1292 272 1361 305 εἶδος
1370 274 1463 305 αὐτοῦ,
1475 273 1630 308 ἀγγελικὺν,
1643 273 1737 309 ὥσπερ
1749 274 1798 302 τοῦ

1019 321 1124 349 ’1ακώ6’
1136 321 1283 352 ὁλοπόλιος,
1294 321 1400 351 ἀστεῖος
1407 320 1445 355 τῷ
1457 319 1572 355 σώματι·
1584 319 1664 356 ξηρὸς
1673 320 1701 346 δὲ
1711 321 1799 357 ὑπῆρ-

1013 375 1069 403 χεν·
1083 364 1139 402 εἶχε
1153 366 1182 393 δὲ
1194 366 1238 393 τὸν
1247 366 1364 400 πώγωνα
1377 365 1462 401 μέγαν
1475 365 1608 400 φθάνοντα
1621 365 1673 397 ἕως
1682 366 1730 401 τῆς
1741 374 1799 392 κοι-

1013 412 1083 445 λιας·
1099 414 1127 439 at
1145 413 1174 439 δὲ
1189 412 1281 448 τρίχες
1297 411 1351 438 τῶν
1369 411 1515 446 ὀφθαλμῶν
1531 411 1613 438 αὑτοῦ
1632 411 1728 438 ἔπεσον
1744 412 1799 438 ἀπὸ

1013 457 1061 485 τοῦ
1077 457 1227 492 κλαυθμοῦ·
1243 457 1346 492 μακρὸς
1356 457 1384 484 δὲ
1395 454 1440 492 ἦν,
1457 457 1514 484 ἀλλ’
1528 457 1670 493 ὲκυρτώθη
1687 457 1796 484 ἀπὸτοῦ

1013 505 1115 540 γήρως.
1131 504 1253 537 Ἐγένετο
1265 503 1287 519 ⁸⁸
1297 503 1325 530 δὲ
1334 502 1402 529 έτῶν
1414 504 1574 539 ἐνενήκοντα
1583 503 1673 530 πέντε.
1689 503 1798 539 Ἐποίη-

1015 559 1046 578 σε
1061 551 1090 577 δὲ
1106 551 1145 582 εἰς
1163 550 1194 576 τὸ
1217 549 1347 576 παλάτιον
1371 547 1417 575 τοῦ
1431 547 1481 583 τῆς
1494 547 1568 579 θείας
1581 549 1690 584 μνήμης
1704 548 1798 575 Θεοδο-

1016 596 1074 623 σίου
1090 596 1136 622 τοῦ
1153 595 1269 631 μεγάλου
1293 594 1339 630 ἔτη
1352 593 1566 630 τεσσαράκοντα,
1579 594 1670 629 πατὴρ
1683 594 1798 628 γενόμε-

1014 651 1059 674 νος
1073 642 1127 669 τῶν
1141 641 1284 668 θειοτάτων
1300 639 1441 675 ’Δρκαδίου
1452 639 1500 666 καὶ
1516 639 1654 675 ὀνωρίουσ
1666 639 1713 666 καὶ
1725 640 1754 666 ἐν
1764 640 1800 675 τῇ

1015 688 1113 724 Σκήτει
1136 687 1262 721 ἐποίησεν
1287 685 1334 720 έτη
1357 685 1571 720 τεσσαράκοντα·
1599 684 1645 711 καὶ
1669 684 1734 711 δέκα
1759 686 1799 715 εἰς

1016 733 1113 769 Τρώην
1127 733 1176 768 τῆς
1195 733 1251 759 ἄνω
1265 731 1422 762 Βαϐυλῶνος
1439 731 1477 765 (9)
1494 730 1637 757 κατέναντι
1650 730 1798 765 Μέμφεωςο

1016 779 1064 806 καὶ
1076 779 1138 814 τρία
1152 778 1200 813 ἐτη
1212 779 1251 808 εις
1264 777 1308 803 τὸν
1325 777 1459 803 Κάνωπον
1478 775 1687 811 ’Δλεξανδρείαςι
1703 776 1750 802 καὶ
1763 775 1801 803 τὰ

1016 824 1082 851 ἄλλα
1098 824 1143 850 δύο
1161 823 1219 858 έτη,
1236 820 1302 858 ἦλθε
1317 822 1397 849 πάλιν
1414 823 1453 853 εἰς
1467 820 1573 856 Τρώην,
1591 822 1638 848 καὶ
1657 822 1715 848 ἐκεῖ
1728 823 1800 848 ὲκοι-

1018 870 1102 905 μήθη,
1113 869 1224 900 τελέσας
1234 869 1256 884 ⁸⁷
1267 870 1297 895 ὲν
1309 868 1402 904 εἰρήνῃ
1417 869 1464 895 καὶ
1476 869 1504 895 ὲν
1516 868 1590 902 φόὸῳ
1601 867 1669 894 Θεοῦ
1683 867 1727 894 τὸν
1737 867 1800 903 δρό-

181 923 259 943 suam
284 916 418 946 tunicam,
443 914 584 941 cilicinum
607 921 747 941 camasum
771 915 874 946 album,
901 923 962 941 cum

1018 925 1065 952 μον
1082 915 1175 942 αὑτοῦ·
1198 915 1238 941 ὅτι
1258 912 1292 950 ἦν
1307 913 1376 948 ἀνὴρ
1394 913 1494 948 ἀγαθὸς
1511 914 1557 940 καὶ
1570 913 1689 948 πλήρης
1704 914 1798 940 Πνεύ-

180 962 313 990 sandaliis
342 961 465 996 palmeis.
492 961 558 994 Quae
580 968 630 996 ego
654 960 782 996 indignus
803 961 916 996 gestavi,
934 966 963 988 ut

180 1016 229 1044 per
241 1015 273 1036 ea
287 1007 473 1035 benedicerer.

217 1143 261 1170 45.
281 1143 378 1169 lterum
397 1142 520 1170 narravit
540 1141 624 1169 abbas
639 1141 732 1169 Daniel
751 1141 786 1169 de
800 1141 897 1168 abbate
914 1140 964 1167 Ar-

183 1188 276 1214 senio:
296 1186 408 1213 Vocavit
435 1187 581 1221 aliquando
606 1186 702 1214 Patres
728 1193 823 1218 meos,
840 1186 963 1213 abbatem

182 1233 366 1260 Alexandrum
380 1240 411 1259 ac
420 1232 535 1266 Zoilum,
546 1236 574 1260 et
589 1241 643 1268 prae
656 1233 806 1261 humilitate
820 1234 964 1262 demittens

182 1287 212 1306 se
223 1299 230 1310 ,
246 1278 316 1305 dixit
333 1279 389 1306 eis:
408 1279 633 1314 Quandoquidem
649 1279 786 1307 damones
804 1280 965 1315 impugnant

183 1331 236 1355 me.
250 1332 281 1351 ac
296 1325 389 1351 nescio
403 1332 437 1350 an
451 1324 477 1351 iu
493 1332 588 1351 somno
604 1325 762 1360 subrepant,
773 1330 881 1352 noctem
896 1326 965 1352 hanc

181 1370 290 1405 vigilate
305 1377 427 1401 mecum.
444 1373 471 1397 et
495 1370 654 1404 observate,
681 1378 746 1397 num
772 1371 799 1398 iu
825 1371 965 1406 pervigilio

182 1415 337 1443 dormitem.
352 1414 435 1450 igitur
450 1422 465 1441 a
478 1416 634 1450 vespertino
647 1419 768 1451 tempore
780 1416 910 1443 sederunt
925 1421 965 1443 ta-

182 1461 228 1488 citi
240 1481 246 1492 ,
259 1469 328 1488 unus
354 1469 369 1487 a
395 1461 498 1488 dextris
513 1461 603 1494 illius,
617 1462 684 1489 alter
709 1470 724 1489 a
743 1462 871 1490 sinistris.
887 1462 965 1490 Dixe-

182 1511 300 1542 runtque
312 1506 406 1534 Patres
423 1506 492 1533 mei:
505 1505 560 1534 Nos
573 1507 752 1535 dormivimus
767 1515 799 1534 ac
812 1508 963 1542 experrecti

183 1560 278 1579 sumus
289 1571 295 1582 ,
311 1560 360 1579 nec
379 1552 515 1580 sensimus
531 1559 593 1579 eum
609 1552 766 1579 uictantem.
781 1552 860 1580 Mane
874 1558 963 1580 autem

183 1598 192 1632 (
206 1597 276 1624 Deus
293 1597 367 1624 novit
377 1617 385 1629 .
407 1601 498 1624 utrum
512 1597 571 1632 ipse
585 1597 754 1625 simulaverit
764 1619 771 1630 ,
787 1605 842 1633 quo
857 1603 966 1633 putare-
978 1583 1000 1612 θ

183 1649 244 1669 mus
265 1649 326 1668 eum
344 1642 564 1673 dormituriisse,
580 1650 627 1670 seu
643 1649 707 1670 vere
730 1649 842 1670 somnus
869 1648 967 1670 natura

184 1691 296 1722 cogente
312 1687 470 1722 advenerit)
493 1691 535 1714 ter
546 1686 622 1714 ﬂavit
634 1707 642 1719 ,
660 1687 858 1723 confestimque
874 1696 967 1716 surre-

183 1732 242 1764 xit,
269 1732 362 1760 aiens:
382 1732 483 1760 Dormii
506 1732 609 1768 utique.
624 1732 657 1760 Et
680 1733 872 1769 respondimus
898 1742 966 1762 nos:

183 1777 336 1806 Nescimus.

218 1825 263 1852 44.
279 1825 416 1852 Venerunt
428 1825 574 1859 aliquando
590 1832 669 1852 senes
690 1824 722 1852 ad
741 1824 864 1852 abbatem
884 1825 967 1853 Arse-

184 1870 271 1903 nium,
279 1870 449 1905 multumque
462 1873 625 1904 rogaverunt
638 1873 666 1896 ut
675 1870 894 1904 colloquerentur
905 1877 968 1897 cum

184 1923 227 1943 eo.
242 1915 289 1942 llle
306 1915 396 1943 autem
421 1919 527 1950 portam
544 1917 659 1950 aperuit.
675 1914 743 1942 Tum
768 1915 868 1943 hortati
893 1921 967 1949 sunt,

184 1966 214 1989 ut
228 1961 261 1988 ad
278 1969 325 1989 eos
345 1968 496 1988 sermonem
521 1961 634 1988 haberet
655 1960 689 1988 de
703 1961 835 1989 solitariis
857 1962 903 1996 qui
917 1970 968 1990 tte-

184 2007 284 2034 minem
301 2007 456 2035 admittunt.
471 2006 514 2033 Ait
532 2014 632 2034 senex:
651 2006 778 2039 Quandiu
803 2007 879 2042 virgo
895 2008 969 2043 degit

184 2054 214 2081 in
228 2053 310 2080 domo
329 2052 415 2087 patris
431 2053 490 2084 sui,
512 2053 623 2087 plurimi
644 2055 757 2087 cupiunt
780 2053 872 2087 sponsi
895 2053 968 2081 illius

184 2098 260 2131 ﬁeri;
286 2106 348 2125 cum
375 2105 440 2125 vero
469 2099 597 2125 maritum
619 2099 768 2133 acceperit,
798 2106 967 2134 nequaquam

183 2145 272 2181 placet
293 2145 420 2176 cunctis,
444 2144 490 2172 sed
508 2144 546 2171 illi
570 2144 677 2180 quidem
703 2148 896 2176 contemnunt,
922 2144 968 2171 alii

183 2198 248 2218 vero
261 2190 427 2225 praedicant;
444 2198 493 2217 nec
507 2190 534 2217 in
549 2190 595 2217 tali
611 2190 714 2217 honore
727 2194 778 2221 est.
799 2190 871 2224 quali
889 2195 968 2218 antea

184 2237 345 2268 fruebatur,
373 2236 483 2271 quando
515 2235 641 2263 manebat
673 2235 842 2263 abscondita.
867 2234 966 2263 Eodem
983 2256 1004 2284 Β

183 2288 264 2318 pacto
277 2303 285 2316 ,
300 2286 327 2309 ct
342 2282 439 2309 animae
453 2289 497 2309 res
512 2292 517 2309 :
533 2290 566 2309 ex
589 2289 644 2317 quo
657 2282 802 2317 vulgantur
813 2302 820 2314 ,
840 2282 966 2309 omnibus

183 2333 322 2364 nequeunt
339 2328 502 2356 satisfacere.

428 2395 465 2422 De
486 2394 579 2422 abbate
595 2394 737 2429 Agathone.

222 2453 248 2479 1.
266 2453 304 2487 (8)
325 2453 397 2479 Dixit
419 2452 503 2479 abbas
519 2451 627 2483 Petrus,
643 2452 687 2478 ille
697 2451 802 2478 abbatis
814 2451 864 2478 Lot
877 2451 968 2487 [disci-

183 2498 295 2535 pulus]:
313 2499 392 2526 Eram
407 2498 553 2533 aliquando
565 2498 592 2524 in
607 2498 673 2525 cella
686 2498 792 2525 abbatis
806 2498 965 2532 Agathonis,

221 2579 243 2594 ⁵⁸
255 2579 317 2605 Act.
333 2586 369 2610 xt,
385 2577 430 2604 24.
470 2577 491 2592 ⁸⁸
503 2576 545 2602 Al.
567 2576 688 2612 τελευτᾷ.
726 2576 748 2591 ’⁸⁷
765 2576 807 2603 Al.
825 2575 979 2607 τελειώσας.

217 2655 258 2691 (8)
275 2655 329 2682 Vit.
347 2654 419 2691 Patr.
436 2663 463 2687 ι,
478 2655 504 2691 8.

220 2689 256 2726 (9)
272 2692 324 2726 Et;
345 2690 445 2724 Τρώην·
469 2690 524 2726 τῆς
537 2725 540 2726 ν
553 2690 629 2726 ἄνω-
639 2689 834 2726 Βᾳιῗυλῶνοςἒ
853 2690 965 2726 Patrum

189 2724 273 2752 vae.-
296 2725 329 2752 lu
349 2726 405 2751 loco
424 2725 468 2759 qui
489 2725 587 2751 dicitur
608 2724 708 2751 Tro/ie"
723 2725 794 2759 (ms.
819 2724 962 2751 Suession.

183 2760 325 2788 etFossat.
342 2760 439 2793 Tmen)
456 2768 535 2794 supra
551 2759 735 2794 Babyloniam.
753 2759 829 2792 Quod
849 2763 907 2791 est,
926 2759 966 2790 εἰς

183 2795 281 2830 Τρὼ-ιν
292 2796 341 2830 τὴν
354 2795 409 2822 ἄνω
428 2795 594 2826 Βαϐυλῶνος,
609 2798 655 2820 aut
670 2795 709 2825 εἰς
726 2794 836 2829 Τρώην⁶
847 2794 903 2820 ἄνω
916 2794 966 2828 τῆς

184 2829 351 2861 Βαϐυλῶνος.
364 2830 505 2856 Lectiones
516 2837 686 2863 nequaquam
702 2829 894 2863 improbandae.

221 2866 275 2901 ιιο)
285 2866 434 2893 Σεδένινα.
442 2865 539 2892 lterum
550 2864 620 2891 inira
632 2864 658 2891 in
668 2863 759 2891 lsaaco
765 2865 879 2892 Celliota
889 2871 965 2891 num.

1011 971 1106 997 ματος
1119 962 1205 996 ἁγίου
1224 961 1274 987 καὶ
1291 961 1430 993 πίστεως,
1448 960 1585 987 Κατέλιπε
1599 960 1627 986 δέ
1642 969 1687 995 μοι
1701 960 1745 987 τὸν
1758 969 1801 995 χι-

1013 1008 1086 1035 τῶνα
1108 1007 1190 1034 αὑτοῦ
1210 1007 1256 1033 τὸν
1279 1006 1451 1042 δερμάτινον.
1475 1005 1521 1032 καὶ
1541 1005 1659 1040 τρίχινον
1680 1006 1802 1041 καμάσιν

1013 1053 1118 1085 λευκὸν,
1139 1053 1186 1079 καὶ
1198 1052 1326 1079 σανδάλια
1339 1051 1460 1078 σεὸένινα
1471 1051 1536 1086 (10).
1554 1052 1609 1078 Καὶ
1621 1050 1677 1085 ἐγὼ
1691 1051 1800 1084 ἀνάξιος

1014 1098 1131 1134 ὲφόρεσα
1145 1097 1224 1129 αὐτὰ,
1245 1097 1288 1123 ἵνα
1304 1095 1453 1131 εὐλογηθῶ.

1051 1147 1106 1180 μγ’.
1124 1144 1276 1178 Διηγήσατο
1301 1142 1381 1168 πάλιν
1404 1143 1419 1168 ὀ
1438 1141 1524 1173 ἀϐὃᾶς
1544 1141 1642 1177 Δανιὴλ
1662 1142 1726 1177 περὶ
1751 1142 1800 1168 τοῦ

1014 1190 1086 1216 ἀδεᾶ
1103 1189 1250 1225 Ἀρσενίου,
1267 1189 1308 1214 ὄτι
1321 1187 1385 1214 ποτὲ
1400 1187 1513 1214 ἐκάλεσε
1522 1189 1585 1218 τοὺς
1597 1188 1721 1224 Πατέρας
1736 1196 1798 1222 μου,

1014 1236 1060 1262 τόν
1075 1244 1106 1262 τε
1118 1234 1204 1262 ἀΰόᾶν
1231 1232 1402 1268 Ἀλέξανδρον
1417 1232 1464 1259 καὶ
1476 1233 1573 1259 Ζώῐλον
1583 1241 1589 1248 -
1608 1233 1655 1259 καὶ
1665 1231 1801 1258 ταπεινῶν

1015 1282 1109 1309 ἑαυτὸν
1122 1279 1197 1307 εἶπεν
1213 1279 1304 1310 αὺτοῖς
1315 1286 1322 1293 ·
1347 1278 1455 1313 Ἐπειδὴ
1472 1279 1496 1304 οἱ
1512 1278 1637 1312 δαίμονες
1651 1276 1800 1312 πολεμοῦσί

1017 1335 1050 1362 με
1062 1347 1069 1359 ,
1082 1327 1129 1353 καὶ
1141 1326 1191 1353 οὐκ
1206 1323 1263 1352 οἶδα
1279 1326 1302 1351 ει
1314 1324 1459 1351 κλέπτουσι
1472 1332 1505 1359 με
1521 1324 1549 1350 ἐν
1562 1323 1639 1358 ὕπνῳ
1649 1344 1656 1355 ,
1672 1323 1740 1350 ἀλλὰ
1752 1322 1801 1358 τὴν

1016 1373 1100 1400 νύκτα
1113 1371 1214 1407 ταύτην
1226 1371 1374 1398 κοπιάσατε
1388 1370 1445 1405 μετ’
1459 1369 1537 1404 ἐμοῦ,
1554 1369 1601 1396 καὶ
1614 1368 1751 1404 τηρήσατέ
1765 1376 1800 1404 με

1015 1421 1040 1446 ει
1055 1418 1179 1450 νυστάζω
1195 1419 1223 1444 ὲν
1237 1419 1270 1453 τῇ
1286 1417 1433 1452 ἀγρυπνίᾳ·
1445 1416 1499 1443 Kal.
1516 1416 1639 1442 ἐκάθισεν
1655 1412 1694 1447 εἷς
1708 1416 1740 1442 ὲκ
1755 1415 1798 1441 6:-

1017 1465 1080 1498 ξιῶν
1096 1464 1190 1496 αὑτοῦ,
1206 1465 1252 1491 καὶ
1270 1462 1309 1495 εἷς
1326 1463 1355 1496 ἐξ
1369 1462 1531 1497 εὐωνύμων,
1546 1462 1600 1488 ἀπὸ
1614 1462 1661 1496 ἀψὲ
1678 1461 1801 1488 σιωπῶν-

1015 1520 1070 1544 τες.
1089 1511 1143 1538 Καὶ
1157 1508 1231 1537 εῐπον
1243 1510 1267 1536 οι
1279 1509 1397 1544 Πατέρες
1409 1517 1470 1543 μου,
1483 1508 1524 1534 ὃτι
1545 1508 1639 1543 Ἡμεῖς
1654 1507 1802 1543 ἐκοιμήθη-

1017 1566 1068 1593 μεν
1092 1556 1139 1583 καὶ
1156 1555 1307 1590 ἀνέστημεν
1317 1574 1324 1587 ,
1341 1554 1387 1580 καὶ
1401 1553 1450 1580 οὐκ
1473 1552 1645 1588 ᾐσθάνοημεν
1658 1552 1738 1579 αὑτὸν
1754 1560 1801 1580 νυ·

1018 1602 1163 1635 στάξαντα.
1179 1602 1233 1628 Καὶ
1247 1601 1293 1627 ἐπὶ
1304 1599 1334 1626 τὺ
1349 1598 1421 1634 πρωῒ
1435 1599 1460 1634 (ὁ
1472 1597 1537 1628 Θεδς
1553 1596 1622 1624 οἶδεν
1637 1598 1661 1624 εἰ
1676 1597 1722 1631 ἀφ’
1736 1597 1800 1624 ἐαυ-

1016 1648 1064 1675 τοῦ
1079 1648 1205 1683 ἐποίησεν
1217 1666 1225 1678 ,
1243 1646 1285 1672 ἵνα
1300 1645 1440 1679 νοήσωμεν
1455 1644 1495 1670 ὅτι
1511 1643 1654 1675 ὲνύσταξεν
1667 1663 1674 1676 ,
1699 1643 1716 1678 ἢ
1730 1642 1801 1670 κατὰ

1017 1694 1145 1730 ἀλήθειαν
1168 1693 1185 1728 ἡ
1200 1692 1280 1728 φύσις
1304 1690 1351 1718 τοῦ
1366 1689 1451 1716 ὕπνου
1463 1686 1554 1724 ἦλθεν)
1585 1688 1704 1724 ὲφύσησε
1727 1689 1801 1724 τρεῖς

1017 1741 1101 1772 πνοὰς
1113 1759 1121 1772 ,
1139 1739 1186 1766 καὶ
1209 1738 1310 1769 εὐθέως
1327 1736 1427 1771 ἀνέστη
1446 1735 1532 1769 λέγων
1543 1743 1550 1750 ·
1575 1734 1732 1768 Ἐνύσταξα.
1744 1735 1799 1761 ναι.

1017 1787 1072 1814 Kal.
1085 1784 1272 1821 ἁπεκρίθημεν
1295 1783 1374 1818 ἡμεῖς
1385 1801 1393 1815 ,
1413 1781 1537 1816 λέγοντες
1548 1789 1555 1796 ’
1571 1781 1628 1807 οὐκ
1644 1780 1763 1816 οἴδαμεν.

1055 1833 1106 1867 μδν.
1119 1830 1219 1858 Ἧλθόν
1233 1838 1297 1856 ποτε
1313 1828 1438 1863 γέροντες
1455 1826 1522 1862 πρὸς
1543 1826 1589 1853 τὸν
1605 1826 1691 1853 ἁϐὁᾶν
1709 1825 1802 1862 Ἀρσά-

1018 1885 1083 1908 νιον,
1101 1876 1148 1903 καὶ
1162 1874 1246 1901 πολλὰ
1263 1872 1449 1909 παρεκάλεσαν
1470 1871 1514 1898 ἵνα
1536 1870 1702 1906 συντύχωσιν
1716 1869 1799 1906 αὐτῷ.

1024 1924 1053 1950 '0
1066 1923 1094 1949 δὲ
1109 1921 1213 1958 ἤνοιξεν
1230 1920 1329 1951 αὐτοῖς.
1346 1918 1400 1945 Καὶ
1417 1916 1606 1953 παρεκάλεσαν
1617 1916 1699 1943 αὑτὸν
1713 1917 1801 1944 εἰπεῖν

1018 1970 1107 2000 αὐτοῖς
1135 1967 1212 2002 λόγον
1242 1966 1306 2001 περὶ
1340 1964 1393 1990 τῶν
1420 1963 1610 1998 ἡσυχαζόντων
1635 1963 1682 1989 καὶ
1707 1962 1800 1998 μηδενὶ

1018 2013 1209 2042 ἀπαντώντων.
1224 2011 1304 2045 Λέγει
1320 2010 1411 2041 αὐτοῖς
1425 2010 1439 2035 ὸ
1464 2009 1553 2044 γέρων
1563 2017 1571 2024 ·
1588 2008 1671 2034 Ὅταν
1692 2009 1708 2043 ὴ
1727 2016 1800 2044 παρ-

1019 2060 1095 2091 θένος
1111 2060 1139 2085 ὲν
1154 2058 1192 2094 τῷ
1208 2057 1274 2092 οἴκῳ
1290 2055 1337 2083 τοῦ
1353 2054 1454 2091 πατρὸς
1467 2054 1551 2089 αὐτῆς
1564 2051 1593 2089 ᾗ,
1608 2053 1700 2080 πολλοὶ
1713 2053 1800 2080 θέλου-

1020 2115 1063 2132 σιν
1088 2105 1156 2140 αὺτῇ
1182 2101 1397 2139 μνηπευθῆναι·
1422 2100 1491 2127 ἐπὰν
1513 2100 1541 2126 δὲ
1566 2099 1636 2136 λάϐῃ
1652 2098 1751 2135 ἄνδρα,
1768 2099 1800 2126 οὺ

1019 2152 1100 2178 πᾶσιν
1115 2149 1241 2184 ἀρέσκει·
1259 2149 1283 2174 οἱ
1299 2148 1348 2183 μὲν
1363 2145 1547 2179 ὲξουθενοῦσιν
1559 2165 1566 2176 ,
1586 2145 1659 2173 ἄλλοι
1672 2145 1700 2172 δὲ
1719 2146 1799 2172 ὲπαι-

1019 2197 1108 2224 νοῦσι-
1122 2195 1169 2222 καὶ
1187 2194 1236 2229 οὺχ
1250 2192 1334 2224 οὕτως
1348 2192 1404 2228 ἔχει
1420 2191 1501 2227 τιμὴν
1520 2190 1557 2223 ὡς
1569 2191 1598 2218 τὸ
1612 2190 1718 2226 πρῶτον
1730 2210 1737 2220 .
1754 2191 1799 2217 ὅτε

1018 2237 1052 2275 ἦν
1068 2238 1255 2274 κεκρυμμένη.
1273 2237 1363 2268 Οὕτως
1388 2236 1436 2263 καὶ
1453 2235 1487 2262 τὰ
1508 2235 1558 2270 τῆς
1573 2235 1660 2270 ψυχῆς
1671 2243 1678 2251 ·
1697 2236 1743 2270 ἀφ’
1754 2235 1798 2261 ὅτι

1018 2284 1222 2320 δημοσιεύεται,
1232 2284 1261 2310 οὐ
1279 2283 1381 2314 πάντας
1395 2281 1506 2309 δύναται
1520 2282 1732 2318 πληροφορῆσαι.

1194 2395 1262 2428 Περὶ
1276 2392 1329 2421 τοῦ
1348 2390 1421 2419 ἀέϐᾶ
1445 2391 1617 2426 Ἀγάθωνος.

1055 2455 1089 2478 α’.
1107 2450 1188 2478 Εἶπεν
1203 2452 1217 2478 ὁ
1231 2451 1316 2483 assa;
1329 2451 1429 2487 Πέτρος
1441 2453 1455 2477 ὁ
1469 2449 1516 2477 τού
1538 2448 1612 2477 ἀεδα
1622 2447 1691 2480 Λὼτ,
1703 2447 1743 2474 ὅτι
1757 2447 1802 2474 Ἐν

1020 2497 1058 2532 τῷ
1074 2497 1171 2532 κελλίῳ
1186 2497 1233 2523 τοῦ
1253 2497 1324 2523 ἀδεᾶ
1343 2497 1493 2531 Ἀγάθωνος
1507 2497 1580 2532 ἢμην
1593 2497 1666 2528 ποτὲ,
1682 2496 1799 2531 καὶὴλθε

1018 2653 1045 2685 7,
1061 2660 1167 2680 necnon
1180 2652 1206 2679 in
1223 2651 1336 2679 Joannis
1355 2651 1463 2679 Meursii
1478 2650 1623 2685 Glossagio.
1640 2649 1802 2676 Ammonius

1019 2688 1171 2715 monachus
1190 2687 1228 2714 De
1245 2687 1370 2713 Panibus
1393 2686 1504 2713 Smaitis
1519 2691 1543 2712 et
1565 2684 1761 2713 Raithensibtu.
1785 2693 1799 2709 κ

1019 2723 1052 2750 ﬂ.
1068 2722 1098 2749 P.
1113 2722 1277 2750 Combetislo
1285 2722 1383 2750 editus.
1397 2729 1423 2756 p.
1438 2721 1488 2748 100
1500 2719 1605 2756 ιἯν-δὲ
1617 2718 1800 2756 ἡᾲτροῳὴ-αῠτ

1019 2758 1077 2786 τοῦ.
1094 2757 1165 2793 ὕδωρ
1181 2758 1228 2793 καὶ
1255 2757 1347 2793 μικροὶ
1367 2752 1497 2793 φοινικές,
1517 2755 1546 2793 ἐξ
1561 2752 1598 2782 ὦν
1621 2752 1801 2793 έῖχένοιαςιλτὰ

1019 2787 1156 2828 ένδύματᾰ
1170 2792 1223 2819 ἀπὸ
1235 2787 1362 2828 σὶὄιννίγου
1371 2787 1411 2828 vel
1428 2787 1572 2828 ct6tvvtuiv,
1588 2787 1800 2828 ca_p.‘12_0_,_125,

1020 2822 1097 2854 Praii
1111 2828 1275 2861 rpirituatis,
1289 2827 1342 2854 ἀπὸ
1354 2826 1465 2853 σισίνου.
1484 2826 1534 2852 Adi
1560 2822 1678 2853 Lexicon
1699 2822 1800 2858 Hippo-

1020 2867 1141 2888 crateunt
1159 2861 1257 2888 Foesii.

1020 2867 1141 2890 eratcum
1159 2863 1257 2889 Foesii.
