1971 3068
185 178 234 206 1’39

744 174 1048 203 APOPHTIIEGMATA
1066 173 1220 202 PATRUM.

1745 175 1796 202 “0

187 235 251 271 πρὸς
266 234 346 262 αὐτὸν
360 234 472 269 ἁδελφὸς
483 234 584 268 λέγων·
599 233 674 260 Θέλω
687 233 796 268 οἰκῆσαι
812 233 880 268 μετὰ
892 232 966 259 ἁδελ-

1022 232 1090 259 venit
1117 232 1149 258 ad
1170 239 1233 259 eum
1255 230 1356 264 frater,
1371 230 1563 259 dicens:Volo
1586 231 1709 260 habitare
1733 241 1797 262 cum

185 282 256 316 φῶν·
268 279 343 307 εἶπόν
359 289 404 315 μοι
419 280 477 311 πῶς
494 281 552 314 μετ’
572 279 660 306 αὐτῶν
672 279 783 314 οἰκήσω.
798 279 876 312 Λέγει
891 278 965 314 αὐτῷ

185 330 198 355 ό
214 328 319 364 γέρων·
341 327 384 359 Ὠς
399 328 428 353 ὲν
440 328 473 362 τῇ
488 326 584 362 πρώτῃ
604 326 694 362 ἡμέρᾳ
714 326 757 352 ὅτε
772 325 882 361 εἰσέρχῃ
896 325 965 360 πρὸς

185 374 281 405 αὐτοὺς
293 394 301 407 ,
314 373 399 405 οὕτως
412 372 528 408 φύλαξον
542 373 592 408 τὴν
612 372 741 404 ξενιτείαν
760 380 806 398 σου
819 371 907 402 πάσας
916 370 966 401 τὰς

185 420 290 455 ἡμέρας
305 419 353 453 τῆς
372 418 442 453 ζωῆς
460 427 507 444 σου
520 438 528 449 ,
555 418 599 444 ἵνα
627 418 663 453 μὴ
683 416 890 453 παρῤησιασθῇς
908 417 964 451 μετ’

186 465 281 493 αὐτῶν.
297 465 377 499 Λέγει
390 463 463 498 αὐτῷ
478 465 492 490 ὁ
503 463 588 493 άϐὃᾶς
604 464 746 498 Μακάριος
757 471 764 479 ι
782 463 814 489 Τί
828 462 882 497 γὰρ
896 463 966 488 ποιεῖ

185 512 201 546 ὴ
217 510 374 547 παρῤησία;
392 510 474 544 Λέγει
499 508 572 543 αὐτῷ
586 509 600 535 ό
622 508 710 543 γέρων
721 516 728 522 ·
747 508 853 533 Ἔοικεν
867 507 884 541 ὴ
897 507 967 542 παῤ-

183 555 266 591 ρησία
287 555 405 583 καύσωνι
431 554 540 590 μεγάλῳ
554 562 561 569 ·
584 553 613 585 ὃς
634 553 697 580 ὅταν
715 553 843 588 γένηται,
867 551 965 583 πάντες

186 601 329 636 φεύγουσιν
345 600 400 627 άπὸ
416 600 561 636 προσώπου
582 599 663 626 αὐτοῦ
676 619 684 630 ,
711 599 758 625 καὶ
779 598 833 624 τῶν
853 597 966 632 δένδρων

185 643 229 671 τὸν
245 644 349 679 καρπὸν
364 643 522 679 διαφθείρει.
540 643 619 677 Λέγει
639 642 714 678 αὐτῷ
729 643 743 668 ὁ
767 641 852 673 άϐΰᾶς
870 641 966 668 Μακά-

188 697 258 728 ριος·
275 689 368 721 Οὕτως
393 689 497 724 χαλεπή
514 689 587 715 ἐστιν
609 689 626 724 ἡ
646 687 800 724 naM-qam;
816 687 871 714 Kal.
890 685 966 714 εἶπεν

185 736 200 762 6
214 735 301 767 άὸΰᾶς
323 735 458 769 Ἀγάθων*
475 734 532 761 Οὐκ
543 733 616 760 ἐστιν
631 733 723 769 ἓτερον
745 733 829 765 πάθος
844 733 966 768 χαλεπώ-

186 790 262 817 τερον
277 781 327 816 τῆς
353 780 524 816 παρρησίας·
547 781 692 814 γεννήτρια
703 779 756 814 γάρ
777 779 836 805 ἐστι
858 778 966 805 πάντων

185 827 239 854 τῶν
262 826 365 854 παθῶν.
381 826 483 862 Πρέπει
499 826 527 853 δὲ
550 825 590 861 τῷ
604 825 706 861 ἐργάτῃ
726 825 763 860 μὴ
780 825 964 860 παρρησιάζε-

186 872 257 905 σθαι,
273 872 323 899 κᾶν
340 870 447 908 μόνοςῇ
464 873 493 898 ἐν
508 870 547 907 τῷ
559 871 665 906 κελλιῳ.
683 868 748 897 Οἶδα
761 869 815 905 γάρ
831 870 871 896 ὅτι
889 869 966 896 ἁδελ-

1016 277 1168 311 fratribus;
1194 279 1262 306 doce
1287 286 1331 305 me
1347 286 1402 313 quo
1425 283 1503 314 pacto
1521 287 1582 307 cum
1597 280 1637 307 eis
1662 288 1797 309 maneam.

1015 323 1164 359 Respondit
1178 332 1276 352 senex:
1293 323 1525 357 Quemadmodum
1537 326 1625 360 primo
1639 325 1683 353 die
1693 327 1798 362 ingresv

1016 378 1064 398 sus
1077 371 1127 402 tui,
1147 371 1187 398 sic
1198 371 1334 398 custodito
1349 370 1497 406 hospitium
1514 375 1589 398 tuum
1604 372 1798 407 peregrinatio-

1016 423 1132 450 nemque
1147 417 1252 443 cunctis
1267 416 1363 443 diebus
1378 417 1438 443 vitae
1455 420 1507 443 tum
1518 437 1526 448 ,
1554 417 1590 443 ita
1612 421 1641 444 ut
1660 425 1722 452 erga
1737 417 1797 445 illos

1016 469 1070 488 non
1088 462 1174 488 utaris
1190 461 1297 488 ﬁducia.
1312 461 1381 488 Dicit
1403 461 1427 488 ei
1454 461 1538 488 abbas
1555 461 1706 490 Macarius:
1724 462 1796 496 Quid

1015 507 1086 534 enim
1101 508 1225 542 designat
1241 507 1356 534 ﬁducia?
1369 506 1424 542 (11)
1441 506 1509 534 Tum
1525 515 1606 535 senex
1620 517 1626 534 :
1641 507 1743 536 Similis
1754 515 1797 537 est

1017 551 1115 578 ﬁducia
1129 553 1204 578 aestui
1222 559 1336 586 magno;
1347 552 1392 586 qui
1402 552 1512 586 quando
1526 553 1679 588 contigerit,
1690 553 1797 589 fugiunt

1016 604 1111 624 omnes
1126 605 1141 624 a
1165 597 1232 625 facie
1251 597 1326 632 ejus,
1344 597 1445 632 quique
1467 598 1593 625 arborum
1614 598 1719 626 fructus
1736 607 1797 626 cor-

1016 643 1125 678 rumpit.
1143 642 1212 670 Dicit
1235 643 1319 670 abbas
1348 643 1498 671 Macarius:
1514 643 1623 671 Adeone
1635 645 1711 672 s;cvit
1727 645 1797 672 ﬁdu-

1016 689 1079 715 cia?
1094 688 1184 715 Ahbas
1197 688 1300 723 Agatho
1311 698 1317 715 ι
1330 688 1426 716 Nullus
1441 693 1493 721 est,
1506 689 1603 724 inquit,
1620 689 1732 718 allectus
1747 698 1797 718 sae-

1015 732 1075 759 vior
1088 733 1203 760 ﬁducia:
1217 733 1337 760 omnium
1351 733 1450 768 quippe
1462 733 1696 768 perturbationum
1710 739 1796 762 mater

1015 781 1067 804 est.
1081 776 1161 804 Decet
1176 781 1264 804 autem
1278 777 1410 804 cultorem
1420 777 1472 809 sui,
1491 777 1589 805 ﬁducia
1600 785 1702 810 carere,
1714 779 1796 806 etiam

1017 823 1039 850 si
1056 823 1131 850 solus
1148 823 1174 849 in
1203 823 1271 850 cella
1287 827 1417 851 versetur.
1440 823 1508 851 Novi
1531 824 1629 851 etenim
1651 825 1795 859 quemdam

1017 867 1145 900 fratrem,
1161 869 1207 903 qui
1227 869 1273 896 diu
1301 869 1328 896 in
1344 869 1410 896 cella
1437 875 1655 904 perseveraverat
1667 890 1674 902 ,
1694 871 1796 899 habens

185 918 234 952 φὺς
250 902 374 953 ’ποιήσας
386 902 480 953 χρόνον
504 902 540 943 ἐν.
556 915 596 951 τῷ
622 902 719 950 κελλίῳ
742 902 823 941 οιιαῖλν
836 934 843 946 ,
860 913 928 949 ἔχων
941 922 966 940 τι

1022 913 1145 940 lectulum
1156 933 1165 946 ,
1180 913 1299 940 dixisse:
1316 913 1337 939 E
1351 913 1419 940 cella
1443 914 1633 950 emigrassem,
1659 923 1713 943 non
1734 923 1798 951 per-

185 963 359 998 κοιτωνάριον
368 982 375 993 ,
390 959 465 988 εἶπεν
475 980 482 993 ,
499 962 540 988 ὅτι
555 959 680 995 Μετέϐην
694 961 725 986 ἐκ
738 959 783 986 τοῦ
797 958 912 988 κελλιου,
930 957 967 993 μὴ

184 1009 264 1043 γνοὺς
276 1008 342 1035 αὐτὸ
362 1007 393 1033 τὸ
415 1006 606 1042 κοιτωνάριον,
621 1006 645 1032 ει
665 1005 703 1042 μὴ
719 1004 811 1039 ἕτερός
824 1012 869 1039 μοι
881 1001 966 1030 εἶπεν.

192 1055 221 1081 Ὀ
232 1053 351 1085 τοιοῦτος
361 1053 479 1089 ἐργάτης
492 1051 550 1078 ἐστὶ
569 1051 616 1078 καὶ
632 1050 809 1086 πολεμιστής.

220 1100 253 1136 β’.
269 1097 352 1127 Εἶπεν
368 1101 382 1126 ό
397 1099 484 1130 ἀϐὃᾶς
503 1097 638 1132 Ἀγάθωψ
656 1096 717 1132 Χρὴ
736 1096 782 1123 τὸν
799 1094 913 1130 μοναχδν
930 1094 967 1129 μὴ

182 1146 263 1173 ἐάσαι
288 1145 336 1181 τὴν
350 1144 499 1180 συνείδησιν
512 1143 593 1171 αὑτοῦ
616 1141 805 1178 κατηγορῆσαι
823 1139 905 1168 αὑτοῦ
928 1140 968 1171 εἰς

184 1192 338 1226 οιονδήππε
357 1191 483 1226 πρᾶγμα.

219 1237 254 1271 Υ.
271 1235 339 1264 Εἷπε
356 1236 446 1269 πάλιν,
464 1236 505 1262 ὅτι
517 1235 581 1263 ἄνευ
596 1233 720 1269 φυλακῆς
731 1232 785 1259 τῶν
799 1231 879 1258 θείων
894 1231 967 1258 ἐντο-

183 1282 237 1310 λῶν
253 1282 284 1309 οὐ
298 1282 438 1318 προϐαίνει
449 1281 593 1316 ἅνθρωπος
609 1279 670 1306 οὐδὲ
686 1280 726 1310 εἰς
744 1279 807 1314 μίαν
823 1277 935 1313 ἀρετήν.

219 1372 250 1398 δ’.
264 1368 332 1398 Εἶπε
346 1370 438 1402 πάλιν,
453 1370 494 1396 ὅτι
510 1368 643 1396 Οὐδέποτε
658 1366 807 1401 ὲκοιμήθην
820 1363 969 1413 Excipi-atat}

185 1425 256 1448 τινος
267 1425 274 1432 ·
285 1416 345 1443 οὐδὲ
357 1415 451 1450 ἀφῆκά
460 1423 520 1441 τινα
536 1413 697 1449 κοιμηθῆναι
709 1411 804 1447 ἔχοντα
816 1410 876 1437 κατ’
888 1410 967 1444 ἐμοῦ,

184 1461 255 1488 κατὰ
266 1460 315 1497 τὴν
328 1459 441 1495 δύναμιν
457 1467 518 1494 μου.

1016 964 1094 994 cepto
1112 959 1158 987 illo
1183 959 1305 992 lectulo,
1337 960 1390 986 nisi
1417 960 1486 987 alius
1511 960 1662 989 monuisset
1688 969 1742 989 me.
1770 961 1796 989 Is

1017 1005 1109 1037 homo,
1127 1012 1191 1033 vere
1204 1009 1247 1032 est
1261 1004 1405 1040 Operarius
1416 1012 1449 1032 ac
1465 1005 1588 1033 bellator.

1051 1093 1078 1121 2.
1096 1093 1151 1129 (12)
1164 1093 1268 1121 Monuit
1288 1094 1373 1123 abbas
1387 1094 1510 1130 Agatho:
1531 1095 1642 1130 Oportet
1657 1101 1687 1124 ut
1704 1104 1798 1124 mona-

1017 1139 1085 1167 chus
1099 1147 1151 1166 non
1163 1140 1303 1174 permittat
1315 1141 1491 1169 conscientiae
1503 1149 1560 1169 sua:
1570 1149 1699 1170 accusare
1709 1143 1798 1178 ipsum

1017 1185 1072 1212 ulla
1086 1185 1113 1212 in
1127 1193 1166 1213 re.

1052 1230 1069 1257 ὅ
1088 1230 1143 1266 (15)
1167 1230 1239 1257 Dixit
1263 1231 1382 1259 iterum:
1401 1231 1467 1259 Sine
1483 1232 1673 1261 observatione
1688 1234 1799 1262 manda-

1018 1281 1106 1304 torum
1126 1277 1188 1310 Dei,
1205 1285 1238 1305 ne
1249 1277 1282 1305 ad
1299 1286 1380 1306 unam
1398 1279 1505 1314 quidem
1521 1279 1649 1308 virtutem
1663 1281 1798 1309 hominem

1019 1322 1173 1358 procedere.

1053 1369 1080 1396 4.
1099 1370 1154 1404 (lt)
1172 1370 1290 1398 Rursum
1305 1370 1389 1398 dixit:
1403 1370 1547 1407 Nunquam
1561 1380 1657 1400 somno
1671 1380 1714 1401 me
1725 1372 1798 1405 dedi.

1018 1415 1121 1442 habens
1145 1415 1275 1443 adversus
1294 1415 1411 1451 aliquem
1428 1417 1451 1433 δ’
1465 1437 1472 1449 ,
1498 1425 1547 1445 nec
1563 1417 1613 1445 sivi
1637 1426 1798 1453 quemquam

1019 1460 1058 1488 ire
1081 1461 1202 1488 cubitum
1214 1480 1222 1493 ,
1239 1461 1286 1496 qui
1306 1461 1438 1490 adversus
1454 1469 1496 1490 me
1519 1462 1629 1490 haberet
1640 1483 1648 1495 ,
1665 1467 1797 1498 quantum

1019 1505 1128 1541 quidem
1142 1506 1225 1534 valui.

220 1552 250 1576 ε’.
269 1548 380 1582 Ἔλεγον
403 1546 466 1582 περὶ
480 1545 527 1572 τοῦ
542 1544 614 1572 άὸϐἄ
633 1543 784 1577 Ἀγάθωνος
795 1562 803 1575 ,
820 1542 860 1596 ait
881 1541 968 1596 άιξῆλ-

1054 1552 1080 1579 5.
1091 1551 1146 1587 (15)
1163 1551 1278 1579 Aiebant
1292 1551 1326 1580 de
1337 1552 1433 1580 abbate
1446 1553 1596 1588 Agathone,
1610 1553 1682 1589 quod
1693 1554 1726 1582 ad
1736 1562 1800 1582 eum

184 1594 231 1621 θόν
245 1602 317 1624 τινες
332 1580 400 1628 ἆτρδς
414 1580 493 1618 utith
507 1610 515 1622 ,
529 1589 693 1619 ἀκούσαντες
708 1588 749 1615 ὅτι
774 1587 893 1622 μεγάλην
904 1580 966 1614 ’διά-

185 1648 275 1675 κρίσιν
289 1639 343 1674 ἔχει
352 1646 358 1654 υ
376 1637 422 1665 καὶ
436 1636 556 1667 θέλοντες
570 1634 714 1670 δοκιμάσαι
727 1634 751 1649 ⁸⁸
778 1634 803 1660 ει
815 1632 965 1668 ὀργίζεται,

184 1686 308 1720 λέγουσιν
323 1683 398 1719 αὐτῷ
409 1693 417 1700 ·
429 1684 465 1710 Σὺ
488 1681 513 1709 εῐ
531 1681 668 1716 Ἀγάθων;
686 1679 820 1715 ἀκούομεν
834 1679 898 1714 περὶ
919 1677 966 1704 σοῦ

185 1732 227 1758 ὅτι
246 1731 344 1766 πόρνος
365 1727 406 1761 ει,
424 1728 471 1755 καὶ
488 1728 670 1763 ὑπερήφανος.
694 1726 723 1752 Ὁ
741 1725 770 1752 δὲ
792 1722 884 1751 εἶπεν·
902 1723 967 1755 Ναὶ,

183 1776 271 1807 οὕτως
295 1775 361 1810 ἔχει.
376 1774 432 1802 Καὶ
446 1773 569 1807 λέγουσιν
595 1771 683 1806 αὐτῷ·
701 1771 738 1797 Σὺ
757 1767 783 1796 εἴ
810 1769 931 1804 Ἀγάθων
954 1770 968 1796 ό

186 1825 305 1859 φλύαρος
329 1822 377 1850 καὶ
399 1821 565 1853 κατάλαλος;
586 1820 615 1846 '0
637 1819 665 1846 δὲ
682 1816 776 1845 εἶπεν·
806 1816 877 1851 Ἐγώ
900 1817 967 1851 ειμι.

186 1871 301 1904 Λέγουσι
319 1869 416 1896 πάλιν·
444 1868 480 1894 Σὺ
504 1865 529 1894 εῐ
546 1865 668 1900 ’Λγάθων
694 1866 709 1891 ό
734 1862 887 1899 αἰρετικός;
913 1862 969 1889 Καὶ

186 1915 321 1952 ἀπεκρίθη
335 1924 342 1930 ·
364 1915 420 1942 Οὐκ
444 1914 502 1948 εἰμὶ
529 1911 675 1948 αἱρετικός.
700 1910 755 1937 Καὶ
779 1908 968 1945 παρεκάλεσαν

185 1963 268 1990 αὐτὸν
281 1983 288 1995 ,
310 1962 450 1996 λέγοντες·
470 1959 538 1987 Εἰπὲ
561 1959 625 1994 ἡμῖν
639 1957 708 1984 διατι
725 1955 844 1983 τοσαῦτα
857 1953 969 1990 εἴπομέν

188 2017 240 2040 σοι,
254 2007 301 2034 καὶ
320 2005 469 2037 κατεδέξω,
483 2005 529 2032 τὸν
543 2004 572 2030 δὲ
585 2003 663 2037 λόγον
675 2001 769 2029 τοῦτον
790 2001 840 2028 οὑκ
853 2000 968 2027 ἐϐάστα-

187 2061 255 2086 σας;
276 2053 357 2086 Λέγει
373 2052 479 2082 αὐτοῖς·
498 2050 538 2077 Τά
559 2048 655 2085 πρῶτα
678 2046 788 2083 ἐμαυτῷ
802 2044 946 2080 ὲπιγράφω
959 2052 966 2059 ·

185 2098 281 2134 ὄφελος
300 2097 355 2133 γάρ
369 2097 427 2123 ἐστι
440 2097 473 2131 τῇ
490 2095 561 2129 ψυχῇ
577 2101 627 2128 μου
641 2101 647 2108 ·
665 2092 695 2119 τὸ
710 2092 738 2118 δὲ
755 2090 902 2126 αἰρετικὺς,
917 2098 970 2125 χω-

189 2143 285 2179 ρισμός
303 2143 376 2169 ἐστιν
392 2141 445 2168 ἀπὸ
463 2140 509 2167 τοῦ
525 2139 603 2171 Θεοῦ,
620 2139 667 2165 καὶ
678 2138 709 2164 οὐ
722 2137 791 2164 θέλω
805 2134 970 2172 χωρισθῆναι

186 2189 242 2216 άπδ
254 2188 331 2215 Θεοῦ.
348 2188 380 2214 οι
395 2187 424 2213 δὲ
437 2186 602 2216 ἀκούσαντες
612 2204 619 2215 ,
633 2183 791 2218 ἐθαύμασαν
801 2181 850 2217 τὴν
864 2181 971 2215 διάκρι-

188 2244 231 2262 σιν
245 2234 341 2267 αὺτοῦ,
357 2234 404 2260 καὶ
417 2232 537 2268 ἀπῆλθον
550 2230 784 2266 οἰκοδομηθέντες.

224 2284 261 2313 ς’.
282 2280 450 2315 Διηγήσαντο
473 2277 536 2313 περὶ
563 2276 609 2304 τοῦ
634 2275 706 2302 άόὁᾶ
730 2273 903 2308 Ἀγάθωνος,
928 2272 970 2299 ὅτι

188 2323 279 2359 ἔμεινε
302 2323 396 2359 χρόνον
413 2321 503 2348 ἱκανὸν
527 2320 674 2355 οἰκοδομῶν
697 2319 801 2346 κελλίον
824 2318 892 2353 μετὰ
915 2317 988 2344 τῶν,

190 2369 318 2405 μαθητῶν
330 2369 411 2395 αὑτοῦ
419 2377 426 2384 ·
441 2368 488 2395 καὶ
499 2367 698 2394 τελειωσάντων
715 2364 803 2392 αὐτῶν
812 2364 842 2390 τὸ
855 2363 969 2395 κελλίον,

187 2413 269 2450 ἦλθον
293 2413 385 2440 λοιπὸν
401 2412 448 2439 τοῦ
465 2412 582 2439 καθίσαι.
599 2408 659 2437 Εἷδε
675 2410 703 2436 δὲ
725 2409 764 2440 εἰς
788 2409 837 2443 τὴν
860 2407 970 2443 πρώτην

188 2461 324 2496 ὲεδομάδα
338 2461 453 2495 πρᾶγμα
466 2459 503 2496 μὴ
521 2458 641 2493 ὠφελοῦν
656 2456 736 2483 αὑτὸν
746 2476 754 2488 ,
768 2456 815 2483 καὶ
828 2454 902 2489 λέγει
916 2455 971 2486 τοῖς

190 2505 326 2541 μαθηταῖς
354 2504 435 2532 αὐτοῦ
450 2513 457 2520 ·
493 2502 646 2539 Ἐγείρεσθε
661 2522 668 2534 ,
698 2501 808 2536 ἄγωμεν
837 2499 970 2526 ἐντεῦθεν.

196 2551 400 2587 Ἐταράχθησαν
419 2550 447 2577 δὲ
473 2550 588 2585 σςρόδρα,
602 2549 742 2583 λέγοντες·
758 2548 790 2574 Et
812 2546 879 2578 ὅλως
900 2546 971 2580 λογι-

189 2596 259 2631 σμὺν
272 2594 342 2631 εἶχες
360 2596 407 2622 τοῦ
434 2595 598 2631 μεταδιῆναι,
619 2594 645 2620 τί
661 2592 786 2620 τοσοῦτον
810 2591 894 2618 κόπον
917 2591 971 2617 ὐπ-

187 2642 338 2676 ιμεὶναμεν
353 2640 578 2676 οἰκοδομήσαντες
591 2639 621 2666 τὸ
643 2638 764 2671 κελλιον;
782 2638 830 2665 καὶ
844 2636 970 2673 μέλλουσι

228 2733 251 2749 ⁸⁸
263 2734 305 2761 Al.
322 2734 407 2760 inser.
422 2731 512 2759 αὐτόν.
551 2730 574 2748 ⁸⁸
590 2731 683 2759 Matth.
702 2739 729 2765 v,
743 2730 794 2765 23;
812 2729 894 2757 Marc.
912 2736 951 2761 xi,
964 2727 1009 2756 25.

228 2811 283 2846 (11)
299 2811 411 2838 Doroth.
428 2811 526 2846 Doctr.
536 2810 562 2836 1.

240 2847 282 2881 12)
302 2847 355 2873 Vit.
371 2846 447 2873 Patr.
463 2853 501 2877 XI,
515 2845 543 2872 2.

242 2883 286 2917 is)
302 2882 370 2909 una.

1019 1597 1186 1631 perrexerint
1203 1597 1341 1630 nonnulli,
1355 1598 1401 1633 qui
1413 1598 1554 1626 audierant
1564 1619 1571 1630 ,
1588 1606 1684 1634 magna
1699 1600 1797 1636 praedi-

1019 1648 1076 1670 tum
1090 1651 1151 1671 esse
1164 1643 1344 1677 discretione;
1359 1647 1385 1672 et
1399 1645 1522 1672 volentes
1537 1645 1680 1679 explorare
1698 1652 1732 1672 an
1746 1646 1801 1672 ira-

1019 1693 1157 1721 sceretur,
1179 1689 1297 1716 dixerint
1319 1690 1362 1717 ei:
1392 1689 1468 1718 Tune
1489 1697 1519 1718 es
1532 1690 1656 1725 Agatho?
1669 1689 1800 1718 Audimus

1018 1736 1053 1763 de
1070 1739 1107 1766 te,
1125 1735 1197 1770 quod
1212 1735 1250 1763 sis
1265 1735 1412 1763 fornicator
1429 1743 1460 1763 ac
1475 1737 1619 1771 superbus.
1631 1735 1799 1771 Respondit:

1019 1781 1118 1813 Etiam,
1134 1781 1171 1808 ita
1187 1781 1277 1809 habet.
1295 1782 1395 1809 lterum
1419 1782 1514 1809 aiunt:
1542 1781 1583 1809 Tu
1595 1790 1625 1809 es
1637 1782 1743 1817 Agatho
1757 1781 1802 1809 ille

1018 1834 1109 1863 nugax
1125 1831 1151 1854 et
1166 1827 1466 1855 oblocutor'IAssensus
1480 1831 1521 1854 est
1532 1835 1561 1855 se
1573 1835 1643 1855 esse.
1659 1827 1755 1855 Adhuc
1769 1827 1799 1855 ii:

1020 1872 1060 1899 Tu
1074 1880 1104 1900 es
1127 1872 1232 1907 Agatho
1253 1873 1416 1900 haereticus?
1432 1873 1463 1900 Et
1492 1873 1651 1908 respondit:
1667 1872 1725 1900 Non
1739 1881 1802 1901 sum

1020 1918 1174 1946 haereticus.
1188 1918 1266 1946 Tunc
1291 1923 1455 1954 rogaverunt
1479 1926 1541 1946 eum
1564 1919 1607 1946 bis
1625 1919 1734 1946 verbis:
1758 1918 1802 1946 ln-

1019 1965 1079 1992 dica
1093 1965 1172 1992 nobis
1183 1985 1191 1996 ,
1207 1973 1256 1992 cur
1283 1966 1328 1993 ubi
1345 1969 1419 1992 tanta
1434 1965 1483 1992 tibi
1500 1965 1695 2001 imposuimus,
1716 1972 1802 2000 agno-

1019 2010 1101 2042 veris,
1117 2015 1282 2044 postremum
1300 2018 1365 2037 vero
1381 2017 1535 2038 sermonem
1549 2018 1603 2038 non
1619 2011 1804 2039 sustinueris?

1019 2058 1065 2085 Ait
1090 2058 1164 2085 illis:
1182 2056 1277 2084 Priora
1303 2057 1412 2085 ascribo
1437 2058 1521 2090 mihi,
1539 2059 1602 2093 quia
1628 2058 1655 2086 id
1674 2058 1803 2086 conducit

1021 2102 1117 2130 animat
1128 2110 1194 2130 mea:
1206 2111 1213 2135 ;
1229 2105 1256 2128 at
1270 2102 1391 2135 haeresis,
1410 2103 1547 2137 separatio
1561 2106 1604 2130 est
1614 2110 1629 2130 a
1641 2102 1705 2135 Deo,
1721 2110 1736 2130 a
1748 2110 1803 2138 quo

1021 2147 1142 2182 separari
1157 2155 1328 2182 nequaquam
1344 2148 1416 2176 volo.
1431 2147 1538 2182 Quibus
1549 2149 1660 2182 auditis,
1677 2149 1803 2176 admirati

1021 2196 1086 2219 sunt
1099 2192 1138 2219 illi
1152 2192 1344 2221 discretionem
1361 2194 1440 2229 ejus,
1457 2199 1538 2230 atque
1554 2195 1804 2223 instructi'disces-

987 2247 1010 2274 ι)
1024 2243 1130 2274 serunt.

1058 2273 1084 2300 6.
1099 2273 1155 2309 (16)
1177 2273 1215 2301 De
1231 2274 1328 2302 abbate
1352 2275 1492 2310 Agathone
1511 2280 1708 2309 narraverunt,
1730 2277 1803 2312 quod

1024 2320 1091 2346 satis
1101 2318 1148 2346 diu
1162 2321 1375 2353 perseveraverit
1388 2321 1525 2348 azdiﬁcans
1537 2321 1631 2349 cellam
1647 2329 1708 2349 cum
1720 2322 1804 2349 disci-

1024 2363 1095 2398 pulis
1108 2364 1166 2392 suis
1179 2373 1185 2391 :
1201 2372 1281 2399 quam
1297 2373 1358 2392 cum
1370 2367 1579 2398 exstruxissent,
1595 2371 1726 2394 venerunt
1740 2368 1804 2395 dein

1024 2410 1080 2438 illic
1097 2418 1232 2438 mansum.
1251 2411 1324 2438 Vidit
1341 2416 1430 2439 autem
1452 2412 1539 2447 prima
1562 2412 1729 2440 hebdomada
1745 2421 1802 2440 rem

1024 2455 1077 2482 sibi
1090 2455 1216 2488 noxiam,
1232 2460 1259 2482 et
1271 2456 1411 2490 discipulis
1427 2457 1484 2483 suis
1504 2457 1556 2483 ait:
1576 2456 1684 2492 Surgite
1697 2478 1704 2489 ,
1724 2458 1804 2485 abea-

1026 2508 1088 2527 mus
1105 2500 1179 2527 hinc.
1197 2500 1236 2527 llli
1253 2500 1424 2528 vehementer
1449 2501 1548 2528 turbati
1573 2507 1654 2534 sunt,
1680 2509 1713 2529 ac
1728 2501 1807 2529 dixe-

1025 2551 1108 2573 runt:
1127 2544 1156 2572 Si
1171 2545 1282 2572 omnino
1298 2545 1407 2573 sedebat
1422 2547 1516 2578 menti,
1531 2547 1662 2581 migrare,
1678 2555 1728 2574 cur
1745 2551 1806 2574 tan-

1025 2595 1083 2618 tum
1099 2591 1201 2619 laboris
1213 2593 1380 2627 sumpsimus
1392 2593 1419 2620 in
1427 2593 1494 2620 cella
1510 2593 1714 2621 construenda!
1725 2593 1808 2622 Scau-

1024 2637 1116 2664 dalum
1129 2637 1216 2664 adhuc
1231 2641 1341 2673 propter
1351 2646 1401 2666 nos
1417 2639 1524 2674 passuri
1540 2644 1607 2668 sunt
1621 2640 1763 2673 homines.
1778 2643 1807 2669 et

1137 2805 1191 2831 Vit.
1204 2805 1278 2831 Patr.
1293 2813 1361 2836 xvn,
1377 2805 1403 2833 6.

1140 2840 1192 2867 Vit.
1213 2839 1288 2867 Patr.
1306 2848 1333 2872 ι,
1347 2840 1390 2868 10.

1078 2805 1108 2831 14

1076 2841 1108 2868 15

1062 2805 1108 2839 (IL
1137 2805 1191 2831 Vit.
1204 2805 1278 2831 Patr.
1293 2813 1361 2836 xvn,

1076 2841 1108 2868 15
1140 2840 1192 2867 Vit.
1213 2839 1288 2867 Patr.
1306 2848 1333 2872 ι,
1347 2840 1376 2867 10

1062 2805 1120 2912 ἒίϐξ
1141 2875 1191 2902 Vit.
1208 2874 1284 2902 Patr.
1301 2883 1338 2908 vi,
1350 2875 1376 2902 4.
