  <div class='ocr_page' id='page_1' title='image "/cluster/home/n/w/nwhite01/storage/ocr_20150623/65/njp.32101077772687/061.png"; bbox 0 0 1971 3068; ppageno 0'>
   <div class='ocr_carea' id='block_1_1' title="bbox 154 173 203 203">
    <p class='ocr_par' dir='ltr' id='par_1_1' title="bbox 154 173 203 203">
     <span class='ocr_line' id='line_1_1' title="bbox 154 173 203 203; baseline -0.02 0"><span class='ocrx_word' id='word_1_1' title='bbox 154 173 203 203; x_wconf 81' lang='grc' dir='ltr'><strong>ΙΗ</strong></span> 
     </span>
    </p>
   </div>
   <div class='ocr_carea' id='block_1_2' title="bbox 731 175 1199 206">
    <p class='ocr_par' dir='ltr' id='par_1_2' title="bbox 731 175 1199 206">
     <span class='ocr_line' id='line_1_2' title="bbox 731 175 1199 206; baseline 0.011 -5"><span class='ocrx_word' id='word_1_2' title='bbox 731 175 842 202; x_wconf 73' lang='lat' dir='ltr'><strong>APPEN</strong></span> <span class='ocrx_word' id='word_1_3' title='bbox 849 175 905 202; x_wconf 78' lang='lat' dir='ltr'><strong>DIX</strong></span> <span class='ocrx_word' id='word_1_4' title='bbox 925 175 971 202; x_wconf 82' lang='lat' dir='ltr'><strong>AD</strong></span> <span class='ocrx_word' id='word_1_5' title='bbox 988 176 1199 206; x_wconf 79' lang='lat' dir='ltr'><strong>PALLADIUM.</strong></span> 
     </span>
    </p>
   </div>
   <div class='ocr_carea' id='block_1_3' title="bbox 1721 179 1773 206">
    <p class='ocr_par' dir='ltr' id='par_1_3' title="bbox 1721 179 1773 206">
     <span class='ocr_line' id='line_1_3' title="bbox 1721 179 1773 206; baseline 0 0"><span class='ocrx_word' id='word_1_6' title='bbox 1721 179 1773 206; x_wconf 67' lang='lat' dir='ltr'><strong>fi?</strong></span> 
     </span>
    </p>
   </div>
   <div class='ocr_carea' id='block_1_4' title="bbox 154 232 936 275">
    <p class='ocr_par' dir='ltr' id='par_1_4' title="bbox 154 232 936 275">
     <span class='ocr_line' id='line_1_4' title="bbox 154 232 936 275; baseline 0 -15"><span class='ocrx_word' id='word_1_7' title='bbox 154 232 272 260; x_wconf 87' lang='lat' dir='ltr'><strong>dicturi:</strong></span> <span class='ocrx_word' id='word_1_8' title='bbox 292 232 360 260; x_wconf 78' lang='lat' dir='ltr'><strong>Ecce</strong></span> <span class='ocrx_word' id='word_1_9' title='bbox 381 232 477 260; x_wconf 87' lang='lat' dir='ltr'><strong>iterum</strong></span> <span class='ocrx_word' id='word_1_10' title='bbox 495 232 586 260; x_wconf 82' lang='lat' dir='ltr'><strong>sedem</strong></span> <span class='ocrx_word' id='word_1_11' title='bbox 605 234 805 275; x_wconf 40' lang='lat' dir='ltr'><strong>mutarunt&#39;isti</strong></span> <span class='ocrx_word' id='word_1_12' title='bbox 821 235 878 270; x_wconf 78' lang='lat' dir='ltr'><strong>vagi</strong></span> <span class='ocrx_word' id='word_1_13' title='bbox 894 238 936 260; x_wconf 89' lang='lat' dir='ltr'><strong>at-</strong></span> 
     </span>
    </p>
   </div>
   <div class='ocr_carea' id='block_1_5' title="bbox 990 232 1762 275">
    <p class='ocr_par' dir='ltr' id='par_1_5' title="bbox 990 236 1762 272">
     <span class='ocr_line' id='line_1_5' title="bbox 990 236 1762 272; baseline 0.001 -10"><span class='ocrx_word' id='word_1_14' title='bbox 990 236 1068 263; x_wconf 84' lang='grc' dir='ltr'>πάλιν</span> <span class='ocrx_word' id='word_1_15' title='bbox 1083 237 1107 262; x_wconf 85' lang='grc' dir='ltr'><strong>οἱ</strong></span> <span class='ocrx_word' id='word_1_16' title='bbox 1125 237 1261 272; x_wconf 76' lang='grc' dir='ltr'>ἄνθρωποι</span> <span class='ocrx_word' id='word_1_17' title='bbox 1272 258 1279 269; x_wconf 88' lang='lat'><strong>,</strong></span> <span class='ocrx_word' id='word_1_18' title='bbox 1298 237 1535 268; x_wconf 80' lang='grc' dir='ltr'>σκανδαλισοέντες</span> <span class='ocrx_word' id='word_1_19' title='bbox 1559 237 1598 268; x_wconf 83' lang='grc' dir='ltr'><strong>είς</strong></span> <span class='ocrx_word' id='word_1_20' title='bbox 1621 237 1692 270; x_wconf 82' lang='grc' dir='ltr'>ἡμᾶς</span> <span class='ocrx_word' id='word_1_21' title='bbox 1703 256 1710 266; x_wconf 83' lang='grc'>,</span> <span class='ocrx_word' id='word_1_22' title='bbox 1728 237 1762 263; x_wconf 71' lang='grc' dir='ltr'>λὲε</span> 
     </span>
    </p>
   </div>
   <div class='ocr_carea' id='block_1_6' title="bbox 153 278 936 315">
    <p class='ocr_par' dir='ltr' id='par_1_6' title="bbox 153 278 936 315">
     <span class='ocr_line' id='line_1_6' title="bbox 153 278 936 315; baseline 0.003 -10"><span class='ocrx_word' id='word_1_23' title='bbox 153 286 206 312; x_wconf 84' lang='lat' dir='ltr'><strong>que</strong></span> <span class='ocrx_word' id='word_1_24' title='bbox 231 278 382 306; x_wconf 76' lang='lat' dir='ltr'><strong>instabiles.</strong></span> <span class='ocrx_word' id='word_1_25' title='bbox 405 279 525 306; x_wconf 86' lang='lat' dir='ltr'><strong>Cernens</strong></span> <span class='ocrx_word' id='word_1_26' title='bbox 553 279 633 314; x_wconf 88' lang='lat' dir='ltr'><strong>igitur</strong></span> <span class='ocrx_word' id='word_1_27' title='bbox 650 288 696 307; x_wconf 90' lang='lat' dir='ltr'><strong>eos</strong></span> <span class='ocrx_word' id='word_1_28' title='bbox 714 280 936 315; x_wconf 77' lang='lat' dir='ltr'><strong>pusillanimitate</strong></span> 
     </span>
    </p>
   </div>
   <div class='ocr_carea' id='block_1_7' title="bbox 153 323 936 359">
    <p class='ocr_par' dir='ltr' id='par_1_7' title="bbox 153 323 936 359">
     <span class='ocr_line' id='line_1_7' title="bbox 153 323 936 359; baseline 0 -8"><span class='ocrx_word' id='word_1_29' title='bbox 153 323 276 359; x_wconf 85' lang='lat' dir='ltr'><strong>dejectos</strong></span> <span class='ocrx_word' id='word_1_30' title='bbox 287 344 295 356; x_wconf 88' lang='lat'><strong>,</strong></span> <span class='ocrx_word' id='word_1_31' title='bbox 311 324 348 351; x_wconf 87' lang='lat' dir='ltr'><strong>ita</strong></span> <span class='ocrx_word' id='word_1_32' title='bbox 364 324 524 358; x_wconf 79' lang='lat' dir='ltr'><strong>prolocutus</strong></span> <span class='ocrx_word' id='word_1_33' title='bbox 541 330 598 351; x_wconf 88' lang='lat' dir='ltr'><strong>est:</strong></span> <span class='ocrx_word' id='word_1_34' title='bbox 617 325 691 352; x_wconf 88' lang='lat' dir='ltr'><strong>Licet</strong></span> <span class='ocrx_word' id='word_1_35' title='bbox 704 325 841 352; x_wconf 83' lang='lat' dir='ltr'><strong>nonnullis</strong></span> <span class='ocrx_word' id='word_1_36' title='bbox 856 333 936 353; x_wconf 88' lang='lat' dir='ltr'><strong>scan-</strong></span> 
     </span>
    </p>
   </div>
   <div class='ocr_carea' id='block_1_8' title="bbox 153 368 934 405">
    <p class='ocr_par' dir='ltr' id='par_1_8' title="bbox 153 368 934 405">
     <span class='ocr_line' id='line_1_8' title="bbox 153 368 934 405; baseline 0.004 -10"><span class='ocrx_word' id='word_1_37' title='bbox 153 369 215 396; x_wconf 83' lang='lat' dir='ltr'><strong>dalo</strong></span> <span class='ocrx_word' id='word_1_38' title='bbox 227 368 311 396; x_wconf 84' lang='lat' dir='ltr'><strong>futuri</strong></span> <span class='ocrx_word' id='word_1_39' title='bbox 327 369 414 396; x_wconf 90' lang='lat' dir='ltr'><strong>simus</strong></span> <span class='ocrx_word' id='word_1_40' title='bbox 425 390 432 401; x_wconf 87' lang='lat'><strong>,</strong></span> <span class='ocrx_word' id='word_1_41' title='bbox 448 373 476 396; x_wconf 87' lang='lat' dir='ltr'><strong>al</strong></span> <span class='ocrx_word' id='word_1_42' title='bbox 492 370 553 396; x_wconf 89' lang='lat' dir='ltr'><strong>aliis</strong></span> <span class='ocrx_word' id='word_1_43' title='bbox 568 371 671 398; x_wconf 87' lang='lat' dir='ltr'><strong>erimus</strong></span> <span class='ocrx_word' id='word_1_44' title='bbox 685 371 875 401; x_wconf 68' lang='lat' dir='ltr'><strong>mdilicationi.</strong></span> <span class='ocrx_word' id='word_1_45' title='bbox 889 372 934 405; x_wconf 91' lang='lat' dir='ltr'><strong>qni</strong></span> 
     </span>
    </p>
   </div>
   <div class='ocr_carea' id='block_1_9' title="bbox 154 414 934 451">
    <p class='ocr_par' dir='ltr' id='par_1_9' title="bbox 154 414 934 451">
     <span class='ocr_line' id='line_1_9' title="bbox 154 414 934 451; baseline 0.004 -11"><span class='ocrx_word' id='word_1_46' title='bbox 154 414 267 441; x_wconf 85' lang='lat' dir='ltr'><strong>dicent:</strong></span> <span class='ocrx_word' id='word_1_47' title='bbox 296 414 370 442; x_wconf 85' lang='lat' dir='ltr'><strong>Beati</strong></span> <span class='ocrx_word' id='word_1_48' title='bbox 398 415 442 442; x_wconf 89' lang='lat' dir='ltr'><strong>isti</strong></span> <span class='ocrx_word' id='word_1_49' title='bbox 468 415 609 448; x_wconf 92' lang='lat' dir='ltr'><strong>homines,</strong></span> <span class='ocrx_word' id='word_1_50' title='bbox 637 417 701 451; x_wconf 84' lang='lat' dir='ltr'><strong>quia</strong></span> <span class='ocrx_word' id='word_1_51' title='bbox 727 420 836 451; x_wconf 86' lang='lat' dir='ltr'><strong>propter</strong></span> <span class='ocrx_word' id='word_1_52' title='bbox 851 415 934 443; x_wconf 89' lang='lat' dir='ltr'><strong>Deum</strong></span> 
     </span>
    </p>
   </div>
   <div class='ocr_carea' id='block_1_10' title="bbox 154 461 934 496">
    <p class='ocr_par' dir='ltr' id='par_1_10' title="bbox 154 461 934 496">
     <span class='ocr_line' id='line_1_10' title="bbox 154 461 934 496; baseline 0.001 -9"><span class='ocrx_word' id='word_1_53' title='bbox 154 461 404 495; x_wconf 80' lang='lat' dir='ltr'><strong>transmigrarunt,</strong></span> <span class='ocrx_word' id='word_1_54' title='bbox 428 462 555 489; x_wconf 88' lang='lat' dir='ltr'><strong>omnibus</strong></span> <span class='ocrx_word' id='word_1_55' title='bbox 583 463 724 496; x_wconf 72' lang='lat' dir='ltr'><strong>neglectis.</strong></span> <span class='ocrx_word' id='word_1_56' title='bbox 745 461 934 489; x_wconf 79' lang='lat' dir='ltr'><strong>Verumlamen</strong></span> 
     </span>
    </p>
   </div>
   <div class='ocr_carea' id='block_1_11' title="bbox 155 506 936 543">
    <p class='ocr_par' dir='ltr' id='par_1_11' title="bbox 155 506 936 543">
     <span class='ocr_line' id='line_1_11' title="bbox 155 506 936 543; baseline 0.001 -10"><span class='ocrx_word' id='word_1_57' title='bbox 155 507 202 541; x_wconf 85' lang='lat' dir='ltr'><strong>qui</strong></span> <span class='ocrx_word' id='word_1_58' title='bbox 218 507 335 534; x_wconf 88' lang='lat' dir='ltr'><strong>voluerit</strong></span> <span class='ocrx_word' id='word_1_59' title='bbox 350 508 454 539; x_wconf 86' lang='lat' dir='ltr'><strong>venire,</strong></span> <span class='ocrx_word' id='word_1_60' title='bbox 470 508 571 538; x_wconf 81' lang='lat' dir='ltr'><strong>veniat.</strong></span> <span class='ocrx_word' id='word_1_61' title='bbox 588 515 638 543; x_wconf 88' lang='lat' dir='ltr'><strong>ego</strong></span> <span class='ocrx_word' id='word_1_62' title='bbox 651 508 706 541; x_wconf 88' lang='lat' dir='ltr'><strong>jam</strong></span> <span class='ocrx_word' id='word_1_63' title='bbox 721 507 827 534; x_wconf 78' lang='lat' dir='ltr'><strong>recedo.</strong></span> <span class='ocrx_word' id='word_1_64' title='bbox 844 506 936 542; x_wconf 83' lang='lat' dir='ltr'><strong>itaque</strong></span> 
     </span>
    </p>
   </div>
   <div class='ocr_carea' id='block_1_12' title="bbox 156 553 934 588">
    <p class='ocr_par' dir='ltr' id='par_1_12' title="bbox 156 553 934 588">
     <span class='ocr_line' id='line_1_12' title="bbox 156 553 934 588; baseline -0.001 -9"><span class='ocrx_word' id='word_1_65' title='bbox 156 560 185 580; x_wconf 87' lang='lat' dir='ltr'><strong>se</strong></span> <span class='ocrx_word' id='word_1_66' title='bbox 195 553 222 579; x_wconf 92' lang='lat' dir='ltr'><strong>in</strong></span> <span class='ocrx_word' id='word_1_67' title='bbox 235 553 323 580; x_wconf 91' lang='lat' dir='ltr'><strong>solum</strong></span> <span class='ocrx_word' id='word_1_68' title='bbox 340 557 556 588; x_wconf 83' lang='lat' dir='ltr'><strong>prostraverunt,</strong></span> <span class='ocrx_word' id='word_1_69' title='bbox 574 553 753 588; x_wconf 73' lang='lat' dir='ltr'><strong>postulantes,</strong></span> <span class='ocrx_word' id='word_1_70' title='bbox 768 553 854 580; x_wconf 89' lang='lat' dir='ltr'><strong>donec</strong></span> <span class='ocrx_word' id='word_1_71' title='bbox 873 560 934 588; x_wconf 88' lang='lat' dir='ltr'><strong>per-</strong></span> 
     </span>
    </p>
   </div>
   <div class='ocr_carea' id='block_1_13' title="bbox 155 599 607 634">
    <p class='ocr_par' dir='ltr' id='par_1_13' title="bbox 155 599 607 634">
     <span class='ocr_line' id='line_1_13' title="bbox 155 599 607 634; baseline 0.002 -8"><span class='ocrx_word' id='word_1_72' title='bbox 155 599 231 626; x_wconf 87' lang='lat' dir='ltr'><strong>missi</strong></span> <span class='ocrx_word' id='word_1_73' title='bbox 247 603 311 626; x_wconf 85' lang='lat' dir='ltr'><strong>sunt</strong></span> <span class='ocrx_word' id='word_1_74' title='bbox 326 607 388 626; x_wconf 92' lang='lat' dir='ltr'><strong>cum</strong></span> <span class='ocrx_word' id='word_1_75' title='bbox 405 607 438 627; x_wconf 88' lang='lat' dir='ltr'><strong>eo</strong></span> <span class='ocrx_word' id='word_1_76' title='bbox 451 600 502 627; x_wconf 91' lang='lat' dir='ltr'><strong>iter</strong></span> <span class='ocrx_word' id='word_1_77' title='bbox 519 607 607 634; x_wconf 85' lang='lat' dir='ltr'><strong>agere.</strong></span> 
     </span>
    </p>
   </div>
   <div class='ocr_carea' id='block_1_14' title="bbox 190 645 934 681">
    <p class='ocr_par' dir='ltr' id='par_1_14' title="bbox 190 645 934 681">
     <span class='ocr_line' id='line_1_14' title="bbox 190 645 934 681; baseline 0.003 -9"><span class='ocrx_word' id='word_1_78' title='bbox 190 645 214 672; x_wconf 94' lang='lat'><strong>7.</strong></span> <span class='ocrx_word' id='word_1_79' title='bbox 231 645 361 673; x_wconf 82' lang='lat' dir='ltr'><strong>Dixerunt</strong></span> <span class='ocrx_word' id='word_1_80' title='bbox 374 653 471 674; x_wconf 83' lang='lat' dir='ltr'><strong>rursus</strong></span> <span class='ocrx_word' id='word_1_81' title='bbox 484 646 518 673; x_wconf 90' lang='lat' dir='ltr'><strong>de</strong></span> <span class='ocrx_word' id='word_1_82' title='bbox 531 646 587 678; x_wconf 85' lang='lat' dir='ltr'><strong>illo,</strong></span> <span class='ocrx_word' id='word_1_83' title='bbox 597 646 696 680; x_wconf 73' lang='lat' dir='ltr'><strong>saepius</strong></span> <span class='ocrx_word' id='word_1_84' title='bbox 706 645 863 681; x_wconf 88' lang='lat' dir='ltr'><strong>emigrasse,</strong></span> <span class='ocrx_word' id='word_1_85' title='bbox 872 654 934 674; x_wconf 89' lang='lat' dir='ltr'><strong>cum</strong></span> 
     </span>
    </p>
   </div>
   <div class='ocr_carea' id='block_1_15' title="bbox 156 689 725 725">
    <p class='ocr_par' dir='ltr' id='par_1_15' title="bbox 156 689 725 725">
     <span class='ocr_line' id='line_1_15' title="bbox 156 689 725 725; baseline 0 -9"><span class='ocrx_word' id='word_1_86' title='bbox 156 690 266 718; x_wconf 85' lang='lat' dir='ltr'><strong>haberet</strong></span> <span class='ocrx_word' id='word_1_87' title='bbox 281 689 414 718; x_wconf 76' lang='lat' dir='ltr'><strong>duntaxat</strong></span> <span class='ocrx_word' id='word_1_88' title='bbox 430 690 587 725; x_wconf 82' lang='lat' dir='ltr'><strong>scalpellum</strong></span> <span class='ocrx_word' id='word_1_89' title='bbox 602 691 629 718; x_wconf 93' lang='lat' dir='ltr'><strong>in</strong></span> <span class='ocrx_word' id='word_1_90' title='bbox 646 691 725 718; x_wconf 89' lang='lat' dir='ltr'><strong>cista.</strong></span> 
     </span>
    </p>
   </div>
   <div class='ocr_carea' id='block_1_16' title="bbox 189 735 934 772">
    <p class='ocr_par' dir='ltr' id='par_1_16' title="bbox 189 735 934 772">
     <span class='ocr_line' id='line_1_16' title="bbox 189 735 934 772; baseline 0.003 -10"><span class='ocrx_word' id='word_1_91' title='bbox 189 735 215 763; x_wconf 88' lang='lat'><strong>8.</strong></span> <span class='ocrx_word' id='word_1_92' title='bbox 231 736 286 771; x_wconf 83' lang='lat' dir='ltr'><strong>(l7)</strong></span> <span class='ocrx_word' id='word_1_93' title='bbox 303 735 487 771; x_wconf 83' lang='lat' dir='ltr'><strong>Interrogatus</strong></span> <span class='ocrx_word' id='word_1_94' title='bbox 500 740 542 764; x_wconf 88' lang='lat' dir='ltr'><strong>est</strong></span> <span class='ocrx_word' id='word_1_95' title='bbox 556 736 640 764; x_wconf 85' lang='lat' dir='ltr'><strong>abbas</strong></span> <span class='ocrx_word' id='word_1_96' title='bbox 655 737 757 772; x_wconf 80' lang='lat' dir='ltr'><strong>Agatho</strong></span> <span class='ocrx_word' id='word_1_97' title='bbox 772 758 779 770; x_wconf 91' lang='lat'><strong>,</strong></span> <span class='ocrx_word' id='word_1_98' title='bbox 806 737 934 772; x_wconf 84' lang='lat' dir='ltr'><strong>quidnam</strong></span> 
     </span>
    </p>
   </div>
   <div class='ocr_carea' id='block_1_17' title="bbox 155 781 936 816">
    <p class='ocr_par' dir='ltr' id='par_1_17' title="bbox 155 781 936 816">
     <span class='ocr_line' id='line_1_17' title="bbox 155 781 936 816; baseline 0.001 -8"><span class='ocrx_word' id='word_1_99' title='bbox 155 782 244 815; x_wconf 84' lang='lat' dir='ltr'><strong>majus</strong></span> <span class='ocrx_word' id='word_1_100' title='bbox 257 786 328 809; x_wconf 82' lang='lat' dir='ltr'><strong>esset</strong></span> <span class='ocrx_word' id='word_1_101' title='bbox 340 802 348 814; x_wconf 93' lang='lat'><strong>,</strong></span> <span class='ocrx_word' id='word_1_102' title='bbox 364 781 440 809; x_wconf 87' lang='lat' dir='ltr'><strong>labor</strong></span> <span class='ocrx_word' id='word_1_103' title='bbox 448 782 571 816; x_wconf 87' lang='lat' dir='ltr'><strong>corporis</strong></span> <span class='ocrx_word' id='word_1_104' title='bbox 582 803 590 815; x_wconf 92' lang='lat'><strong>,</strong></span> <span class='ocrx_word' id='word_1_105' title='bbox 607 786 653 810; x_wconf 86' lang='lat' dir='ltr'><strong>aut</strong></span> <span class='ocrx_word' id='word_1_106' title='bbox 665 782 826 810; x_wconf 88' lang='lat' dir='ltr'><strong>interiorum</strong></span> <span class='ocrx_word' id='word_1_107' title='bbox 844 787 936 810; x_wconf 83' lang='lat' dir='ltr'><strong>custo-</strong></span> 
     </span>
    </p>
   </div>
   <div class='ocr_carea' id='block_1_18' title="bbox 155 826 935 862">
    <p class='ocr_par' dir='ltr' id='par_1_18' title="bbox 155 826 935 862">
     <span class='ocr_line' id='line_1_18' title="bbox 155 826 935 862; baseline 0.004 -9"><span class='ocrx_word' id='word_1_108' title='bbox 155 827 209 854; x_wconf 88' lang='lat' dir='ltr'><strong>dia.</strong></span> <span class='ocrx_word' id='word_1_109' title='bbox 228 826 317 854; x_wconf 86' lang='lat' dir='ltr'><strong>Senex</strong></span> <span class='ocrx_word' id='word_1_110' title='bbox 337 831 427 854; x_wconf 85' lang='lat' dir='ltr'><strong>autem</strong></span> <span class='ocrx_word' id='word_1_111' title='bbox 451 828 638 862; x_wconf 87' lang='lat' dir='ltr'><strong>pronuntiavit</strong></span> <span class='ocrx_word' id='word_1_112' title='bbox 655 838 660 855; x_wconf 93' lang='lat'>:</span> <span class='ocrx_word' id='word_1_113' title='bbox 676 828 761 856; x_wconf 89' lang='lat' dir='ltr'><strong>Homo</strong></span> <span class='ocrx_word' id='word_1_114' title='bbox 783 829 881 856; x_wconf 83' lang='lat' dir='ltr'><strong>similis</strong></span> <span class='ocrx_word' id='word_1_115' title='bbox 893 832 935 856; x_wconf 85' lang='lat' dir='ltr'><strong>est</strong></span> 
     </span>
    </p>
   </div>
   <div class='ocr_carea' id='block_1_19' title="bbox 155 872 934 908">
    <p class='ocr_par' dir='ltr' id='par_1_19' title="bbox 155 872 934 908">
     <span class='ocr_line' id='line_1_19' title="bbox 155 872 934 908; baseline 0.003 -10"><span class='ocrx_word' id='word_1_116' title='bbox 155 873 261 905; x_wconf 44' lang='lat' dir='ltr'><strong>arbori;</strong></span> <span class='ocrx_word' id='word_1_117' title='bbox 286 876 313 900; x_wconf 86' lang='lat' dir='ltr'><strong>et</strong></span> <span class='ocrx_word' id='word_1_118' title='bbox 328 873 478 908; x_wconf 85' lang='lat' dir='ltr'><strong>corporalis</strong></span> <span class='ocrx_word' id='word_1_119' title='bbox 500 872 607 908; x_wconf 84' lang='lat' dir='ltr'><strong>quidem</strong></span> <span class='ocrx_word' id='word_1_120' title='bbox 628 873 725 907; x_wconf 87' lang='lat' dir='ltr'><strong>labor,</strong></span> <span class='ocrx_word' id='word_1_121' title='bbox 747 873 810 900; x_wconf 85' lang='lat' dir='ltr'><strong>folia</strong></span> <span class='ocrx_word' id='word_1_122' title='bbox 833 874 934 907; x_wconf 81' lang='lat' dir='ltr'><strong>refert;</strong></span> 
     </span>
    </p>
   </div>
   <div class='ocr_carea' id='block_1_20' title="bbox 154 917 935 953">
    <p class='ocr_par' dir='ltr' id='par_1_20' title="bbox 154 917 935 953">
     <span class='ocr_line' id='line_1_20' title="bbox 154 917 935 953; baseline 0.001 -9"><span class='ocrx_word' id='word_1_123' title='bbox 154 917 314 945; x_wconf 74' lang='lat' dir='ltr'><strong>interiorum</strong></span> <span class='ocrx_word' id='word_1_124' title='bbox 330 925 394 946; x_wconf 88' lang='lat' dir='ltr'><strong>vero</strong></span> <span class='ocrx_word' id='word_1_125' title='bbox 408 919 541 950; x_wconf 81' lang='lat' dir='ltr'><strong>custodia,</strong></span> <span class='ocrx_word' id='word_1_126' title='bbox 557 918 685 946; x_wconf 88' lang='lat' dir='ltr'><strong>fructum.</strong></span> <span class='ocrx_word' id='word_1_127' title='bbox 698 918 767 952; x_wconf 83' lang='lat' dir='ltr'><strong>Quia</strong></span> <span class='ocrx_word' id='word_1_128' title='bbox 781 927 847 946; x_wconf 90' lang='lat' dir='ltr'><strong>vero</strong></span> <span class='ocrx_word' id='word_1_129' title='bbox 859 919 935 953; x_wconf 91' lang='lat' dir='ltr'><strong>juxta</strong></span> 
     </span>
    </p>
   </div>
   <div class='ocr_carea' id='block_1_21' title="bbox 156 961 936 998">
    <p class='ocr_par' dir='ltr' id='par_1_21' title="bbox 156 961 936 998">
     <span class='ocr_line' id='line_1_21' title="bbox 156 961 936 998; baseline 0.001 -9"><span class='ocrx_word' id='word_1_130' title='bbox 156 961 326 996; x_wconf 78' lang='lat' dir='ltr'><strong>Scripturam</strong></span> <span class='ocrx_word' id='word_1_131' title='bbox 337 983 346 995; x_wconf 88' lang='lat'><strong>,</strong></span> <span class='ocrx_word' id='word_1_132' title='bbox 363 961 456 990; x_wconf 73' lang='lat' dir='ltr'><strong>Omnis</strong></span> <span class='ocrx_word' id='word_1_133' title='bbox 479 962 557 990; x_wconf 82' lang='lat' dir='ltr'><strong>arbor</strong></span> <span class='ocrx_word' id='word_1_134' title='bbox 568 983 575 994; x_wconf 93' lang='lat'><strong>,</strong></span> <span class='ocrx_word' id='word_1_135' title='bbox 592 971 648 998; x_wconf 74' lang='lat' dir='ltr'><strong>qum</strong></span> <span class='ocrx_word' id='word_1_136' title='bbox 663 971 714 990; x_wconf 83' lang='lat' dir='ltr'><strong>non</strong></span> <span class='ocrx_word' id='word_1_137' title='bbox 736 963 801 997; x_wconf 76' lang='lat' dir='ltr'><strong>facit</strong></span> <span class='ocrx_word' id='word_1_138' title='bbox 821 963 936 996; x_wconf 76' lang='lat' dir='ltr'><strong>fructum</strong></span> 
     </span>
    </p>
   </div>
   <div class='ocr_carea' id='block_1_22' title="bbox 155 1007 937 1043">
    <p class='ocr_par' dir='ltr' id='par_1_22' title="bbox 155 1007 937 1043">
     <span class='ocr_line' id='line_1_22' title="bbox 155 1007 937 1043; baseline 0.003 -10"><span class='ocrx_word' id='word_1_139' title='bbox 155 1007 267 1037; x_wconf 83' lang='lat' dir='ltr'><strong>bonum,</strong></span> <span class='ocrx_word' id='word_1_140' title='bbox 286 1007 439 1038; x_wconf 69' lang='lat' dir='ltr'><strong>excidelur.</strong></span> <span class='ocrx_word' id='word_1_141' title='bbox 464 1012 488 1034; x_wconf 80' lang='lat' dir='ltr'><strong>et</strong></span> <span class='ocrx_word' id='word_1_142' title='bbox 513 1007 542 1034; x_wconf 79' lang='lat' dir='ltr'><strong>in</strong></span> <span class='ocrx_word' id='word_1_143' title='bbox 564 1008 648 1042; x_wconf 78' lang='lat' dir='ltr'><strong>ignem</strong></span> <span class='ocrx_word' id='word_1_144' title='bbox 675 1007 792 1034; x_wconf 68' lang='lat' dir='ltr'><strong>mittetur</strong></span> <span class='ocrx_word' id='word_1_145' title='bbox 806 1009 839 1040; x_wconf 81' lang='lat'><strong>“,</strong></span> <span class='ocrx_word' id='word_1_146' title='bbox 863 1013 937 1043; x_wconf 88' lang='lat' dir='ltr'><strong>patet</strong></span> 
     </span>
    </p>
   </div>
   <div class='ocr_carea' id='block_1_23' title="bbox 155 1053 936 1088">
    <p class='ocr_par' dir='ltr' id='par_1_23' title="bbox 155 1053 936 1088">
     <span class='ocr_line' id='line_1_23' title="bbox 155 1053 936 1088; baseline 0.003 -8"><span class='ocrx_word' id='word_1_147' title='bbox 155 1061 234 1080; x_wconf 90' lang='lat' dir='ltr'><strong>omne</strong></span> <span class='ocrx_word' id='word_1_148' title='bbox 252 1053 371 1080; x_wconf 86' lang='lat' dir='ltr'><strong>studium</strong></span> <span class='ocrx_word' id='word_1_149' title='bbox 387 1057 510 1080; x_wconf 80' lang='lat' dir='ltr'><strong>nostrum</strong></span> <span class='ocrx_word' id='word_1_150' title='bbox 533 1058 656 1088; x_wconf 89' lang='lat' dir='ltr'><strong>spectare</strong></span> <span class='ocrx_word' id='word_1_151' title='bbox 675 1054 708 1081; x_wconf 90' lang='lat' dir='ltr'><strong>ad</strong></span> <span class='ocrx_word' id='word_1_152' title='bbox 731 1053 866 1086; x_wconf 87' lang='lat' dir='ltr'><strong>fructum,</strong></span> <span class='ocrx_word' id='word_1_153' title='bbox 885 1055 936 1082; x_wconf 87' lang='lat' dir='ltr'><strong>hoc</strong></span> 
     </span>
    </p>
   </div>
   <div class='ocr_carea' id='block_1_24' title="bbox 154 1098 936 1134">
    <p class='ocr_par' dir='ltr' id='par_1_24' title="bbox 154 1098 936 1134">
     <span class='ocr_line' id='line_1_24' title="bbox 154 1098 936 1134; baseline 0.003 -8"><span class='ocrx_word' id='word_1_154' title='bbox 154 1105 215 1131; x_wconf 89' lang='lat' dir='ltr'><strong>est,</strong></span> <span class='ocrx_word' id='word_1_155' title='bbox 237 1099 270 1126; x_wconf 90' lang='lat' dir='ltr'><strong>ad</strong></span> <span class='ocrx_word' id='word_1_156' title='bbox 296 1099 397 1126; x_wconf 85' lang='lat' dir='ltr'><strong>mentis</strong></span> <span class='ocrx_word' id='word_1_157' title='bbox 409 1098 574 1127; x_wconf 80' lang='lat' dir='ltr'><strong>custodiam.</strong></span> <span class='ocrx_word' id='word_1_158' title='bbox 596 1099 670 1134; x_wconf 87' lang='lat' dir='ltr'><strong>Opus</strong></span> <span class='ocrx_word' id='word_1_159' title='bbox 687 1104 777 1127; x_wconf 89' lang='lat' dir='ltr'><strong>tamen</strong></span> <span class='ocrx_word' id='word_1_160' title='bbox 806 1100 936 1128; x_wconf 73' lang='lat' dir='ltr'><strong>habemus</strong></span> 
     </span>
    </p>
   </div>
   <div class='ocr_carea' id='block_1_25' title="bbox 154 1145 936 1180">
    <p class='ocr_par' dir='ltr' id='par_1_25' title="bbox 154 1145 936 1180">
     <span class='ocr_line' id='line_1_25' title="bbox 154 1145 936 1180; baseline 0 -8"><span class='ocrx_word' id='word_1_161' title='bbox 154 1145 235 1172; x_wconf 87' lang='lat' dir='ltr'><strong>etiam</strong></span> <span class='ocrx_word' id='word_1_162' title='bbox 250 1149 406 1180; x_wconf 74' lang='lat' dir='ltr'><strong>tegumenta</strong></span> <span class='ocrx_word' id='word_1_163' title='bbox 422 1149 448 1172; x_wconf 87' lang='lat' dir='ltr'><strong>et</strong></span> <span class='ocrx_word' id='word_1_164' title='bbox 462 1149 559 1172; x_wconf 81' lang='lat' dir='ltr'><strong>ornatu</strong></span> <span class='ocrx_word' id='word_1_165' title='bbox 574 1152 606 1172; x_wconf 77' lang='lat' dir='ltr'><strong>ex</strong></span> <span class='ocrx_word' id='word_1_166' title='bbox 624 1145 712 1178; x_wconf 86' lang='lat' dir='ltr'><strong>foliis;</strong></span> <span class='ocrx_word' id='word_1_167' title='bbox 731 1145 858 1172; x_wconf 90' lang='lat' dir='ltr'><strong>nimirum</strong></span> <span class='ocrx_word' id='word_1_168' title='bbox 875 1153 936 1173; x_wconf 90' lang='lat' dir='ltr'><strong>cor-</strong></span> 
     </span>
    </p>
   </div>
   <div class='ocr_carea' id='block_1_26' title="bbox 155 1192 344 1226">
    <p class='ocr_par' dir='ltr' id='par_1_26' title="bbox 155 1192 344 1226">
     <span class='ocr_line' id='line_1_26' title="bbox 155 1192 344 1226; baseline 0 -8"><span class='ocrx_word' id='word_1_169' title='bbox 155 1193 229 1226; x_wconf 83' lang='lat' dir='ltr'><strong>poris</strong></span> <span class='ocrx_word' id='word_1_170' title='bbox 243 1192 344 1218; x_wconf 86' lang='lat' dir='ltr'><strong>labore.</strong></span> 
     </span>
    </p>
   </div>
   <div class='ocr_carea' id='block_1_27' title="bbox 189 1236 936 1272">
    <p class='ocr_par' dir='ltr' id='par_1_27' title="bbox 189 1236 936 1272">
     <span class='ocr_line' id='line_1_27' title="bbox 189 1236 936 1272; baseline -0.001 -7"><span class='ocrx_word' id='word_1_171' title='bbox 189 1237 216 1265; x_wconf 89' lang='lat'><strong>9.</strong></span> <span class='ocrx_word' id='word_1_172' title='bbox 233 1238 288 1272; x_wconf 71' lang='lat'><strong>(18)</strong></span> <span class='ocrx_word' id='word_1_173' title='bbox 305 1237 542 1272; x_wconf 85' lang='lat' dir='ltr'><strong>interrogaverunt</strong></span> <span class='ocrx_word' id='word_1_174' title='bbox 568 1244 629 1264; x_wconf 91' lang='lat' dir='ltr'><strong>eum</strong></span> <span class='ocrx_word' id='word_1_175' title='bbox 656 1236 744 1263; x_wconf 87' lang='lat' dir='ltr'><strong>adhuc</strong></span> <span class='ocrx_word' id='word_1_176' title='bbox 766 1236 879 1268; x_wconf 82' lang='lat' dir='ltr'><strong>fratres,</strong></span> <span class='ocrx_word' id='word_1_177' title='bbox 896 1237 936 1264; x_wconf 88' lang='lat' dir='ltr'><strong>di-</strong></span> 
     </span>
    </p>
   </div>
   <div class='ocr_carea' id='block_1_28' title="bbox 147 1281 935 1316">
    <p class='ocr_par' dir='ltr' id='par_1_28' title="bbox 147 1281 935 1316">
     <span class='ocr_line' id='line_1_28' title="bbox 147 1281 935 1316; baseline -0.004 -5"><span class='ocrx_word' id='word_1_178' title='bbox 147 1289 264 1312; x_wconf 78' lang='lat' dir='ltr'><strong>centes:</strong></span> <span class='ocrx_word' id='word_1_179' title='bbox 281 1283 347 1316; x_wconf 66' lang='lat' dir='ltr'><strong>Quae</strong></span> <span class='ocrx_word' id='word_1_180' title='bbox 360 1283 463 1313; x_wconf 82' lang='lat' dir='ltr'><strong>virtus,</strong></span> <span class='ocrx_word' id='word_1_181' title='bbox 477 1281 575 1314; x_wconf 87' lang='lat' dir='ltr'><strong>Pater,</strong></span> <span class='ocrx_word' id='word_1_182' title='bbox 590 1282 661 1309; x_wconf 86' lang='lat' dir='ltr'><strong>inter</strong></span> <span class='ocrx_word' id='word_1_183' title='bbox 678 1287 790 1309; x_wconf 77' lang='lat' dir='ltr'><strong>caeteras</strong></span> <span class='ocrx_word' id='word_1_184' title='bbox 805 1282 935 1316; x_wconf 83' lang='lat' dir='ltr'><strong>majorem</strong></span> 
     </span>
    </p>
   </div>
   <div class='ocr_carea' id='block_1_29' title="bbox 153 1327 937 1365">
    <p class='ocr_par' dir='ltr' id='par_1_29' title="bbox 153 1327 937 1365">
     <span class='ocr_line' id='line_1_29' title="bbox 153 1327 937 1365; baseline -0.003 -9"><span class='ocrx_word' id='word_1_185' title='bbox 153 1330 237 1365; x_wconf 78' lang='lat' dir='ltr'><strong>exigit</strong></span> <span class='ocrx_word' id='word_1_186' title='bbox 252 1329 390 1357; x_wconf 79' lang='lat' dir='ltr'><strong>laborem?</strong></span> <span class='ocrx_word' id='word_1_187' title='bbox 404 1328 474 1355; x_wconf 87' lang='lat' dir='ltr'><strong>Dicit</strong></span> <span class='ocrx_word' id='word_1_188' title='bbox 488 1329 542 1356; x_wconf 90' lang='lat' dir='ltr'><strong>eis:</strong></span> <span class='ocrx_word' id='word_1_189' title='bbox 559 1327 692 1363; x_wconf 84' lang='lat' dir='ltr'><strong>Ignoscite</strong></span> <span class='ocrx_word' id='word_1_190' title='bbox 708 1328 773 1354; x_wconf 87' lang='lat' dir='ltr'><strong>mihi</strong></span> <span class='ocrx_word' id='word_1_191' title='bbox 785 1348 792 1360; x_wconf 92' lang='lat'><strong>,</strong></span> <span class='ocrx_word' id='word_1_192' title='bbox 810 1329 937 1355; x_wconf 88' lang='lat' dir='ltr'><strong>existimo</strong></span> 
     </span>
    </p>
   </div>
   <div class='ocr_carea' id='block_1_30' title="bbox 154 1372 936 1408">
    <p class='ocr_par' dir='ltr' id='par_1_30' title="bbox 154 1372 936 1408">
     <span class='ocr_line' id='line_1_30' title="bbox 154 1372 936 1408; baseline -0.004 -6"><span class='ocrx_word' id='word_1_193' title='bbox 154 1375 259 1402; x_wconf 91' lang='lat' dir='ltr'><strong>nullum</strong></span> <span class='ocrx_word' id='word_1_194' title='bbox 279 1374 399 1402; x_wconf 86' lang='lat' dir='ltr'><strong>laborem</strong></span> <span class='ocrx_word' id='word_1_195' title='bbox 419 1373 521 1408; x_wconf 70' lang='lat' dir='ltr'><strong>aequari</strong></span> <span class='ocrx_word' id='word_1_196' title='bbox 546 1372 672 1407; x_wconf 86' lang='lat' dir='ltr'><strong>precibus</strong></span> <span class='ocrx_word' id='word_1_197' title='bbox 698 1373 731 1399; x_wconf 90' lang='lat' dir='ltr'><strong>ad</strong></span> <span class='ocrx_word' id='word_1_198' title='bbox 747 1372 841 1400; x_wconf 91' lang='lat' dir='ltr'><strong>Deum.</strong></span> <span class='ocrx_word' id='word_1_199' title='bbox 861 1373 936 1406; x_wconf 85' lang='lat' dir='ltr'><strong>Quo-</strong></span> 
     </span>
    </p>
   </div>
   <div class='ocr_carea' id='block_1_31' title="bbox 154 1418 935 1455">
    <p class='ocr_par' dir='ltr' id='par_1_31' title="bbox 154 1418 935 1455">
     <span class='ocr_line' id='line_1_31' title="bbox 154 1418 935 1455; baseline -0.003 -7"><span class='ocrx_word' id='word_1_200' title='bbox 154 1421 314 1455; x_wconf 87' lang='lat' dir='ltr'><strong>tiescunque</strong></span> <span class='ocrx_word' id='word_1_201' title='bbox 328 1419 402 1447; x_wconf 89' lang='lat' dir='ltr'><strong>enim</strong></span> <span class='ocrx_word' id='word_1_202' title='bbox 423 1419 504 1446; x_wconf 91' lang='lat' dir='ltr'><strong>homo</strong></span> <span class='ocrx_word' id='word_1_203' title='bbox 517 1418 634 1445; x_wconf 82' lang='lat' dir='ltr'><strong>voluerit</strong></span> <span class='ocrx_word' id='word_1_204' title='bbox 647 1426 743 1452; x_wconf 85' lang='lat' dir='ltr'><strong>orare,</strong></span> <span class='ocrx_word' id='word_1_205' title='bbox 764 1419 867 1445; x_wconf 91' lang='lat' dir='ltr'><strong>inimici</strong></span> <span class='ocrx_word' id='word_1_206' title='bbox 887 1427 935 1446; x_wconf 90' lang='lat' dir='ltr'><strong>seu</strong></span> 
     </span>
    </p>
   </div>
   <div class='ocr_carea' id='block_1_32' title="bbox 153 1463 934 1499">
    <p class='ocr_par' dir='ltr' id='par_1_32' title="bbox 153 1463 934 1499">
     <span class='ocr_line' id='line_1_32' title="bbox 153 1463 934 1499; baseline -0.004 -6"><span class='ocrx_word' id='word_1_207' title='bbox 153 1467 290 1493; x_wconf 74' lang='lat' dir='ltr'><strong>daunones</strong></span> <span class='ocrx_word' id='word_1_208' title='bbox 302 1465 426 1493; x_wconf 84' lang='lat' dir='ltr'><strong>nituntur</strong></span> <span class='ocrx_word' id='word_1_209' title='bbox 436 1472 498 1492; x_wconf 90' lang='lat' dir='ltr'><strong>eum</strong></span> <span class='ocrx_word' id='word_1_210' title='bbox 509 1469 640 1491; x_wconf 84' lang='lat' dir='ltr'><strong>avertere.</strong></span> <span class='ocrx_word' id='word_1_211' title='bbox 656 1463 753 1492; x_wconf 86' lang='lat' dir='ltr'><strong>Scidnt</strong></span> <span class='ocrx_word' id='word_1_212' title='bbox 769 1464 868 1499; x_wconf 86' lang='lat' dir='ltr'><strong>quippe</strong></span> <span class='ocrx_word' id='word_1_213' title='bbox 881 1472 934 1491; x_wconf 92' lang='lat' dir='ltr'><strong>non</strong></span> 
     </span>
    </p>
   </div>
   <div class='ocr_carea' id='block_1_33' title="bbox 154 1510 932 1546">
    <p class='ocr_par' dir='ltr' id='par_1_33' title="bbox 154 1510 932 1546">
     <span class='ocr_line' id='line_1_33' title="bbox 154 1510 932 1546; baseline -0.004 -8"><span class='ocrx_word' id='word_1_214' title='bbox 154 1513 232 1538; x_wconf 82' lang='lat' dir='ltr'><strong>aliter</strong></span> <span class='ocrx_word' id='word_1_215' title='bbox 247 1511 371 1546; x_wconf 88' lang='lat' dir='ltr'><strong>impediri</strong></span> <span class='ocrx_word' id='word_1_216' title='bbox 389 1518 436 1543; x_wconf 84' lang='lat' dir='ltr'><strong>se,</strong></span> <span class='ocrx_word' id='word_1_217' title='bbox 460 1510 513 1538; x_wconf 89' lang='lat' dir='ltr'><strong>nisi</strong></span> <span class='ocrx_word' id='word_1_218' title='bbox 538 1517 586 1544; x_wconf 83' lang='lat' dir='ltr'><strong>per</strong></span> <span class='ocrx_word' id='word_1_219' title='bbox 611 1510 762 1537; x_wconf 89' lang='lat' dir='ltr'><strong>orationem</strong></span> <span class='ocrx_word' id='word_1_220' title='bbox 788 1510 821 1536; x_wconf 87' lang='lat' dir='ltr'><strong>ad</strong></span> <span class='ocrx_word' id='word_1_221' title='bbox 839 1510 932 1536; x_wconf 89' lang='lat' dir='ltr'><strong>Deum.</strong></span> 
     </span>
    </p>
   </div>
   <div class='ocr_carea' id='block_1_34' title="bbox 154 1555 934 1592">
    <p class='ocr_par' dir='ltr' id='par_1_34' title="bbox 154 1555 934 1592">
     <span class='ocr_line' id='line_1_34' title="bbox 154 1555 934 1592; baseline -0.003 -8"><span class='ocrx_word' id='word_1_222' title='bbox 154 1557 232 1584; x_wconf 83' lang='lat' dir='ltr'><strong>Certe</strong></span> <span class='ocrx_word' id='word_1_223' title='bbox 257 1555 388 1592; x_wconf 81' lang='lat' dir='ltr'><strong>quidquid</strong></span> <span class='ocrx_word' id='word_1_224' title='bbox 407 1555 481 1582; x_wconf 87' lang='lat' dir='ltr'><strong>aliud</strong></span> <span class='ocrx_word' id='word_1_225' title='bbox 497 1555 560 1582; x_wconf 91' lang='lat' dir='ltr'><strong>boni</strong></span> <span class='ocrx_word' id='word_1_226' title='bbox 577 1555 668 1590; x_wconf 83' lang='lat' dir='ltr'><strong>operis</strong></span> <span class='ocrx_word' id='word_1_227' title='bbox 683 1555 764 1582; x_wconf 89' lang='lat' dir='ltr'><strong>homo</strong></span> <span class='ocrx_word' id='word_1_228' title='bbox 790 1562 934 1590; x_wconf 77' lang='lat' dir='ltr'><strong>aggressus</strong></span> 
     </span>
    </p>
   </div>
   <div class='ocr_carea' id='block_1_35' title="bbox 155 1601 935 1636">
    <p class='ocr_par' dir='ltr' id='par_1_35' title="bbox 155 1601 935 1636">
     <span class='ocr_line' id='line_1_35' title="bbox 155 1601 935 1636; baseline -0.004 -6"><span class='ocrx_word' id='word_1_229' title='bbox 155 1604 247 1634; x_wconf 81' lang='lat' dir='ltr'><strong>fuerit,</strong></span> <span class='ocrx_word' id='word_1_230' title='bbox 263 1603 291 1629; x_wconf 92' lang='lat' dir='ltr'><strong>in</strong></span> <span class='ocrx_word' id='word_1_231' title='bbox 307 1610 340 1629; x_wconf 90' lang='lat' dir='ltr'><strong>eo</strong></span> <span class='ocrx_word' id='word_1_232' title='bbox 353 1608 540 1636; x_wconf 82' lang='lat' dir='ltr'><strong>perseverans,</strong></span> <span class='ocrx_word' id='word_1_233' title='bbox 556 1607 677 1635; x_wconf 82' lang='lat' dir='ltr'><strong>requiem</strong></span> <span class='ocrx_word' id='word_1_234' title='bbox 693 1601 816 1632; x_wconf 80' lang='lat' dir='ltr'><strong>obtinet;</strong></span> <span class='ocrx_word' id='word_1_235' title='bbox 832 1605 860 1627; x_wconf 90' lang='lat' dir='ltr'><strong>at</strong></span> <span class='ocrx_word' id='word_1_236' title='bbox 873 1608 935 1628; x_wconf 58' lang='lat' dir='ltr'><strong>ora-</strong></span> 
     </span>
    </p>
   </div>
   <div class='ocr_carea' id='block_1_36' title="bbox 155 1647 881 1682">
    <p class='ocr_par' dir='ltr' id='par_1_36' title="bbox 155 1647 881 1682">
     <span class='ocr_line' id='line_1_36' title="bbox 155 1647 881 1682; baseline -0.006 -5"><span class='ocrx_word' id='word_1_237' title='bbox 155 1650 192 1677; x_wconf 85' lang='lat' dir='ltr'><strong>tiu</strong></span> <span class='ocrx_word' id='word_1_238' title='bbox 204 1650 238 1676; x_wconf 86' lang='lat' dir='ltr'><strong>ad</strong></span> <span class='ocrx_word' id='word_1_239' title='bbox 262 1649 387 1676; x_wconf 87' lang='lat' dir='ltr'><strong>ultimum</strong></span> <span class='ocrx_word' id='word_1_240' title='bbox 410 1655 496 1682; x_wconf 87' lang='lat' dir='ltr'><strong>usque</strong></span> <span class='ocrx_word' id='word_1_241' title='bbox 510 1647 636 1682; x_wconf 83' lang='lat' dir='ltr'><strong>spiritum</strong></span> <span class='ocrx_word' id='word_1_242' title='bbox 651 1651 711 1682; x_wconf 84' lang='lat' dir='ltr'><strong>eget</strong></span> <span class='ocrx_word' id='word_1_243' title='bbox 724 1647 881 1674; x_wconf 86' lang='lat' dir='ltr'><strong>certamine.</strong></span> 
     </span>
    </p>
   </div>
   <div class='ocr_carea' id='block_1_37' title="bbox 194 1734 934 1773">
    <p class='ocr_par' dir='ltr' id='par_1_37' title="bbox 194 1734 934 1773">
     <span class='ocr_line' id='line_1_37' title="bbox 194 1734 934 1773; baseline -0.007 -8"><span class='ocrx_word' id='word_1_244' title='bbox 194 1738 237 1765; x_wconf 81' lang='grc'><strong>10.</strong></span> <span class='ocrx_word' id='word_1_245' title='bbox 253 1737 309 1773; x_wconf 76' lang='grc'><strong>(19)</strong></span> <span class='ocrx_word' id='word_1_246' title='bbox 321 1736 385 1764; x_wconf 86' lang='lat' dir='ltr'><strong>Erat</strong></span> <span class='ocrx_word' id='word_1_247' title='bbox 399 1742 488 1764; x_wconf 88' lang='lat' dir='ltr'><strong>autem</strong></span> <span class='ocrx_word' id='word_1_248' title='bbox 501 1735 586 1762; x_wconf 87' lang='lat' dir='ltr'><strong>abbas</strong></span> <span class='ocrx_word' id='word_1_249' title='bbox 598 1734 703 1770; x_wconf 80' lang='lat' dir='ltr'><strong>Agatho</strong></span> <span class='ocrx_word' id='word_1_250' title='bbox 713 1735 822 1770; x_wconf 85' lang='lat' dir='ltr'><strong>sapiens</strong></span> <span class='ocrx_word' id='word_1_251' title='bbox 837 1738 934 1764; x_wconf 75' lang='lat' dir='ltr'><strong>mente.</strong></span> 
     </span>
    </p>
   </div>
   <div class='ocr_carea' id='block_1_38' title="bbox 156 1781 935 1820">
    <p class='ocr_par' dir='ltr' id='par_1_38' title="bbox 156 1781 935 1820">
     <span class='ocr_line' id='line_1_38' title="bbox 156 1781 935 1820; baseline -0.006 -8"><span class='ocrx_word' id='word_1_252' title='bbox 156 1786 270 1820; x_wconf 76' lang='lat' dir='ltr'><strong>impiger</strong></span> <span class='ocrx_word' id='word_1_253' title='bbox 287 1791 412 1819; x_wconf 87' lang='lat' dir='ltr'><strong>corpore.</strong></span> <span class='ocrx_word' id='word_1_254' title='bbox 430 1786 457 1810; x_wconf 89' lang='lat' dir='ltr'><strong>et</strong></span> <span class='ocrx_word' id='word_1_255' title='bbox 473 1783 500 1809; x_wconf 92' lang='lat' dir='ltr'><strong>in</strong></span> <span class='ocrx_word' id='word_1_256' title='bbox 517 1781 623 1809; x_wconf 84' lang='lat' dir='ltr'><strong>cunctis</strong></span> <span class='ocrx_word' id='word_1_257' title='bbox 640 1781 771 1813; x_wconf 88' lang='lat' dir='ltr'><strong>idoneus,</strong></span> <span class='ocrx_word' id='word_1_258' title='bbox 786 1787 867 1815; x_wconf 86' lang='lat' dir='ltr'><strong>opere</strong></span> <span class='ocrx_word' id='word_1_259' title='bbox 880 1788 935 1806; x_wconf 82' lang='lat' dir='ltr'><strong>Ina-</strong></span> 
     </span>
    </p>
   </div>
   <div class='ocr_carea' id='block_1_39' title="bbox 153 1829 462 1863">
    <p class='ocr_par' dir='ltr' id='par_1_39' title="bbox 153 1829 462 1863">
     <span class='ocr_line' id='line_1_39' title="bbox 153 1829 462 1863; baseline -0.016 -4"><span class='ocrx_word' id='word_1_260' title='bbox 153 1839 250 1863; x_wconf 87' lang='lat' dir='ltr'><strong>nuum,</strong></span> <span class='ocrx_word' id='word_1_261' title='bbox 264 1831 336 1863; x_wconf 89' lang='lat' dir='ltr'><strong>cibo,</strong></span> <span class='ocrx_word' id='word_1_262' title='bbox 353 1829 462 1858; x_wconf 87' lang='lat' dir='ltr'><strong>vestitu.</strong></span> 
     </span>
    </p>
   </div>
   <div class='ocr_carea' id='block_1_40' title="bbox 191 1908 935 1957">
    <p class='ocr_par' dir='ltr' id='par_1_40' title="bbox 191 1908 935 1957">
     <span class='ocr_line' id='line_1_40' title="bbox 191 1908 935 1957; baseline -0.013 -6"><span class='ocrx_word' id='word_1_263' title='bbox 191 1923 236 1950; x_wconf 81' lang='lat' dir='ltr'><strong>H.</strong></span> <span class='ocrx_word' id='word_1_264' title='bbox 253 1908 312 1957; x_wconf 68' lang='grc' dir='ltr'><strong>(ΞΟ)Δ</strong></span> <span class='ocrx_word' id='word_1_265' title='bbox 324 1920 395 1948; x_wconf 88' lang='lat' dir='ltr'><strong>Idem</strong></span> <span class='ocrx_word' id='word_1_266' title='bbox 413 1920 465 1946; x_wconf 88' lang='lat' dir='ltr'><strong>iter</strong></span> <span class='ocrx_word' id='word_1_267' title='bbox 491 1917 588 1953; x_wconf 84' lang='lat' dir='ltr'><strong>agebat</strong></span> <span class='ocrx_word' id='word_1_268' title='bbox 614 1924 675 1944; x_wconf 92' lang='lat' dir='ltr'><strong>cum</strong></span> <span class='ocrx_word' id='word_1_269' title='bbox 703 1915 844 1950; x_wconf 79' lang='lat' dir='ltr'><strong>discipulis</strong></span> <span class='ocrx_word' id='word_1_270' title='bbox 860 1914 935 1946; x_wconf 84' lang='lat' dir='ltr'><strong>suis;</strong></span> 
     </span>
    </p>
   </div>
   <div class='ocr_carea' id='block_1_41' title="bbox 153 1961 935 2004">
    <p class='ocr_par' dir='ltr' id='par_1_41' title="bbox 153 1961 935 2004">
     <span class='ocr_line' id='line_1_41' title="bbox 153 1961 935 2004; baseline -0.014 -6"><span class='ocrx_word' id='word_1_271' title='bbox 153 1972 304 2004; x_wconf 82' lang='lat' dir='ltr'><strong>eorumqbe</strong></span> <span class='ocrx_word' id='word_1_272' title='bbox 324 1974 397 1994; x_wconf 89' lang='lat' dir='ltr'><strong>unus</strong></span> <span class='ocrx_word' id='word_1_273' title='bbox 424 1966 532 1992; x_wconf 87' lang='lat' dir='ltr'><strong>inventa</strong></span> <span class='ocrx_word' id='word_1_274' title='bbox 547 1963 580 1991; x_wconf 88' lang='lat' dir='ltr'><strong>ad</strong></span> <span class='ocrx_word' id='word_1_275' title='bbox 604 1964 675 1990; x_wconf 84' lang='lat' dir='ltr'><strong>viam</strong></span> <span class='ocrx_word' id='word_1_276' title='bbox 692 1962 826 1989; x_wconf 87' lang='lat' dir='ltr'><strong>cicercula</strong></span> <span class='ocrx_word' id='word_1_277' title='bbox 844 1961 935 1990; x_wconf 86' lang='lat' dir='ltr'><strong>viridi.</strong></span> 
     </span>
    </p>
   </div>
   <div class='ocr_carea' id='block_1_42' title="bbox 155 2006 937 2046">
    <p class='ocr_par' dir='ltr' id='par_1_42' title="bbox 155 2006 937 2046">
     <span class='ocr_line' id='line_1_42' title="bbox 155 2006 937 2046; baseline -0.014 -3"><span class='ocrx_word' id='word_1_278' title='bbox 155 2016 193 2042; x_wconf 87' lang='lat' dir='ltr'><strong>ait</strong></span> <span class='ocrx_word' id='word_1_279' title='bbox 217 2015 274 2043; x_wconf 79' lang='lat' dir='ltr'><strong>seni</strong></span> <span class='ocrx_word' id='word_1_280' title='bbox 295 2023 301 2041; x_wconf 95' lang='lat'>:</span> <span class='ocrx_word' id='word_1_281' title='bbox 321 2013 421 2044; x_wconf 82' lang='lat' dir='ltr'><strong>Pater,</strong></span> <span class='ocrx_word' id='word_1_282' title='bbox 445 2011 524 2046; x_wconf 89' lang='lat' dir='ltr'><strong>jubes</strong></span> <span class='ocrx_word' id='word_1_283' title='bbox 549 2010 622 2036; x_wconf 87' lang='lat' dir='ltr'><strong>illam</strong></span> <span class='ocrx_word' id='word_1_284' title='bbox 647 2008 797 2042; x_wconf 76' lang='lat' dir='ltr'><strong>accipiam?</strong></span> <span class='ocrx_word' id='word_1_285' title='bbox 819 2006 937 2033; x_wconf 82' lang='lat' dir='ltr'><strong>intendit</strong></span> 
     </span>
    </p>
   </div>
   <div class='ocr_carea' id='block_1_43' title="bbox 155 2052 936 2096">
    <p class='ocr_par' dir='ltr' id='par_1_43' title="bbox 155 2052 936 2096">
     <span class='ocr_line' id='line_1_43' title="bbox 155 2052 936 2096; baseline -0.013 -8"><span class='ocrx_word' id='word_1_286' title='bbox 155 2069 219 2096; x_wconf 82' lang='lat' dir='ltr'><strong>ergo</strong></span> <span class='ocrx_word' id='word_1_287' title='bbox 241 2060 270 2087; x_wconf 91' lang='lat' dir='ltr'><strong>in</strong></span> <span class='ocrx_word' id='word_1_288' title='bbox 288 2066 350 2087; x_wconf 89' lang='lat' dir='ltr'><strong>eum</strong></span> <span class='ocrx_word' id='word_1_289' title='bbox 378 2065 460 2085; x_wconf 81' lang='lat' dir='ltr'><strong>senex</strong></span> <span class='ocrx_word' id='word_1_290' title='bbox 484 2056 617 2088; x_wconf 83' lang='lat' dir='ltr'><strong>miratus,</strong></span> <span class='ocrx_word' id='word_1_291' title='bbox 642 2054 776 2088; x_wconf 85' lang='lat' dir='ltr'><strong>dicitque:</strong></span> <span class='ocrx_word' id='word_1_292' title='bbox 802 2052 879 2080; x_wconf 84' lang='lat' dir='ltr'><strong>Tune</strong></span> <span class='ocrx_word' id='word_1_293' title='bbox 903 2053 936 2079; x_wconf 89' lang='lat' dir='ltr'><strong>il-</strong></span> 
     </span>
    </p>
   </div>
   <div class='ocr_carea' id='block_1_44' title="bbox 156 2097 934 2138">
    <p class='ocr_par' dir='ltr' id='par_1_44' title="bbox 156 2097 934 2138">
     <span class='ocr_line' id='line_1_44' title="bbox 156 2097 934 2138; baseline -0.013 -6"><span class='ocrx_word' id='word_1_294' title='bbox 156 2107 208 2132; x_wconf 84' lang='lat' dir='ltr'><strong>lam</strong></span> <span class='ocrx_word' id='word_1_295' title='bbox 237 2105 273 2132; x_wconf 91' lang='lat' dir='ltr'><strong>ibi</strong></span> <span class='ocrx_word' id='word_1_296' title='bbox 299 2102 434 2138; x_wconf 82' lang='lat' dir='ltr'><strong>posuisti?</strong></span> <span class='ocrx_word' id='word_1_297' title='bbox 457 2099 608 2136; x_wconf 83' lang='lat' dir='ltr'><strong>Respondit</strong></span> <span class='ocrx_word' id='word_1_298' title='bbox 632 2099 734 2126; x_wconf 87' lang='lat' dir='ltr'><strong>frater:</strong></span> <span class='ocrx_word' id='word_1_299' title='bbox 750 2097 934 2132; x_wconf 85' lang='lat' dir='ltr'><strong>Nequaquam.</strong></span> 
     </span>
    </p>
   </div>
   <div class='ocr_carea' id='block_1_45' title="bbox 155 2144 937 2182">
    <p class='ocr_par' dir='ltr' id='par_1_45' title="bbox 155 2144 937 2182">
     <span class='ocr_line' id='line_1_45' title="bbox 155 2144 937 2182; baseline -0.012 -3"><span class='ocrx_word' id='word_1_300' title='bbox 155 2151 225 2179; x_wconf 84' lang='lat' dir='ltr'><strong>Tum</strong></span> <span class='ocrx_word' id='word_1_301' title='bbox 242 2157 342 2178; x_wconf 84' lang='lat' dir='ltr'><strong>senex:</strong></span> <span class='ocrx_word' id='word_1_302' title='bbox 364 2148 424 2182; x_wconf 82' lang='lat' dir='ltr'><strong>Quo</strong></span> <span class='ocrx_word' id='word_1_303' title='bbox 437 2147 518 2175; x_wconf 89' lang='lat' dir='ltr'><strong>modo</strong></span> <span class='ocrx_word' id='word_1_304' title='bbox 535 2147 616 2182; x_wconf 77' lang='lat' dir='ltr'><strong>igitur</strong></span> <span class='ocrx_word' id='word_1_305' title='bbox 634 2145 727 2173; x_wconf 87' lang='lat' dir='ltr'><strong>tollere</strong></span> <span class='ocrx_word' id='word_1_306' title='bbox 739 2145 780 2172; x_wconf 88' lang='lat' dir='ltr'><strong>vis</strong></span> <span class='ocrx_word' id='word_1_307' title='bbox 795 2144 867 2179; x_wconf 93' lang='lat' dir='ltr'><strong>quod</strong></span> <span class='ocrx_word' id='word_1_308' title='bbox 882 2151 937 2171; x_wconf 92' lang='lat' dir='ltr'><strong>non</strong></span> 
     </span>
    </p>
   </div>
   <div class='ocr_carea' id='block_1_46' title="bbox 156 2196 292 2233">
    <p class='ocr_par' dir='ltr' id='par_1_46' title="bbox 156 2196 292 2233">
     <span class='ocr_line' id='line_1_46' title="bbox 156 2196 292 2233; baseline -0.015 -9"><span class='ocrx_word' id='word_1_309' title='bbox 156 2196 292 2233; x_wconf 82' lang='lat' dir='ltr'><strong>posuisti?</strong></span> 
     </span>
    </p>
   </div>
   <div class='ocr_carea' id='block_1_47' title="bbox 191 2235 973 2278">
    <p class='ocr_par' dir='ltr' id='par_1_47' title="bbox 191 2235 973 2278">
     <span class='ocr_line' id='line_1_47' title="bbox 191 2235 973 2278; baseline -0.012 -8"><span class='ocrx_word' id='word_1_310' title='bbox 191 2243 234 2270; x_wconf 70' lang='grc'><strong>12.</strong></span> <span class='ocrx_word' id='word_1_311' title='bbox 251 2242 306 2278; x_wconf 76' lang='lat'><strong>(&#39;21)</strong></span> <span class='ocrx_word' id='word_1_312' title='bbox 323 2240 402 2268; x_wconf 85' lang='lat' dir='ltr'><strong>Venit</strong></span> <span class='ocrx_word' id='word_1_313' title='bbox 418 2239 501 2266; x_wconf 82' lang='lat' dir='ltr'><strong>frater</strong></span> <span class='ocrx_word' id='word_1_314' title='bbox 516 2238 548 2265; x_wconf 89' lang='lat' dir='ltr'><strong>ad</strong></span> <span class='ocrx_word' id='word_1_315' title='bbox 564 2238 688 2264; x_wconf 84' lang='lat' dir='ltr'><strong>abbatem</strong></span> <span class='ocrx_word' id='word_1_316' title='bbox 702 2236 879 2271; x_wconf 80' lang='lat' dir='ltr'><strong>Agathonem,</strong></span> <span class='ocrx_word' id='word_1_317' title='bbox 894 2235 935 2262; x_wconf 89' lang='lat' dir='ltr'><strong>di-</strong></span> <span class='ocrx_word' id='word_1_318' title='bbox 953 2245 973 2272; x_wconf 73' lang='grc' dir='ltr'><strong>ι)</strong></span> 
     </span>
    </p>
   </div>
   <div class='ocr_carea' id='block_1_48' title="bbox 154 2280 932 2323">
    <p class='ocr_par' dir='ltr' id='par_1_48' title="bbox 154 2280 932 2323">
     <span class='ocr_line' id='line_1_48' title="bbox 154 2280 932 2323; baseline -0.013 -7"><span class='ocrx_word' id='word_1_319' title='bbox 154 2289 262 2323; x_wconf 80' lang='lat' dir='ltr'><strong>xitque:</strong></span> <span class='ocrx_word' id='word_1_320' title='bbox 278 2286 406 2314; x_wconf 87' lang='lat' dir='ltr'><strong>Permitte</strong></span> <span class='ocrx_word' id='word_1_321' title='bbox 420 2289 448 2311; x_wconf 91' lang='lat' dir='ltr'><strong>ut</strong></span> <span class='ocrx_word' id='word_1_322' title='bbox 460 2288 549 2310; x_wconf 86' lang='lat' dir='ltr'><strong>tecum</strong></span> <span class='ocrx_word' id='word_1_323' title='bbox 567 2289 699 2309; x_wconf 89' lang='lat' dir='ltr'><strong>maneam.</strong></span> <span class='ocrx_word' id='word_1_324' title='bbox 710 2280 932 2311; x_wconf 78' lang='lat' dir='ltr'><strong>Venieusautem.</strong></span> 
     </span>
    </p>
   </div>
   <div class='ocr_carea' id='block_1_49' title="bbox 155 2325 933 2368">
    <p class='ocr_par' dir='ltr' id='par_1_49' title="bbox 155 2325 933 2368">
     <span class='ocr_line' id='line_1_49' title="bbox 155 2325 933 2368; baseline -0.012 -7"><span class='ocrx_word' id='word_1_325' title='bbox 155 2333 254 2368; x_wconf 87' lang='lat' dir='ltr'><strong>reperit</strong></span> <span class='ocrx_word' id='word_1_326' title='bbox 269 2333 295 2359; x_wconf 94' lang='lat' dir='ltr'><strong>in</strong></span> <span class='ocrx_word' id='word_1_327' title='bbox 310 2332 407 2358; x_wconf 79' lang='lat' dir='ltr'><strong>itinere</strong></span> <span class='ocrx_word' id='word_1_328' title='bbox 424 2336 518 2364; x_wconf 83' lang='lat' dir='ltr'><strong>parum</strong></span> <span class='ocrx_word' id='word_1_329' title='bbox 537 2327 600 2354; x_wconf 91' lang='lat' dir='ltr'><strong>nitri</strong></span> <span class='ocrx_word' id='word_1_330' title='bbox 616 2347 623 2358; x_wconf 89' lang='lat'><strong>,</strong></span> <span class='ocrx_word' id='word_1_331' title='bbox 644 2326 764 2360; x_wconf 84' lang='lat' dir='ltr'><strong>illudque</strong></span> <span class='ocrx_word' id='word_1_332' title='bbox 776 2326 875 2353; x_wconf 85' lang='lat' dir='ltr'><strong>attulit.</strong></span> <span class='ocrx_word' id='word_1_333' title='bbox 894 2325 933 2352; x_wconf 88' lang='lat' dir='ltr'><strong>Ad</strong></span> 
     </span>
    </p>
   </div>
   <div class='ocr_carea' id='block_1_50' title="bbox 155 2371 936 2415">
    <p class='ocr_par' dir='ltr' id='par_1_50' title="bbox 155 2371 936 2415">
     <span class='ocr_line' id='line_1_50' title="bbox 155 2371 936 2415; baseline -0.013 -7"><span class='ocrx_word' id='word_1_334' title='bbox 155 2387 234 2415; x_wconf 91' lang='lat' dir='ltr'><strong>quem</strong></span> <span class='ocrx_word' id='word_1_335' title='bbox 248 2385 329 2407; x_wconf 82' lang='lat' dir='ltr'><strong>senex</strong></span> <span class='ocrx_word' id='word_1_336' title='bbox 342 2387 349 2405; x_wconf 88' lang='lat'><strong>:</strong></span> <span class='ocrx_word' id='word_1_337' title='bbox 361 2375 438 2404; x_wconf 88' lang='lat' dir='ltr'><strong>Unde</strong></span> <span class='ocrx_word' id='word_1_338' title='bbox 451 2375 579 2410; x_wconf 87' lang='lat' dir='ltr'><strong>accepisti</strong></span> <span class='ocrx_word' id='word_1_339' title='bbox 592 2375 691 2401; x_wconf 87' lang='lat' dir='ltr'><strong>nitrum</strong></span> <span class='ocrx_word' id='word_1_340' title='bbox 701 2373 712 2399; x_wconf 89' lang='lat'><strong>?</strong></span> <span class='ocrx_word' id='word_1_341' title='bbox 722 2373 869 2406; x_wconf 81' lang='lat' dir='ltr'><strong>Respondit</strong></span> <span class='ocrx_word' id='word_1_342' title='bbox 885 2371 936 2398; x_wconf 85' lang='lat' dir='ltr'><strong>fra-</strong></span> 
     </span>
    </p>
   </div>
   <div class='ocr_carea' id='block_1_51' title="bbox 154 2417 935 2456">
    <p class='ocr_par' dir='ltr' id='par_1_51' title="bbox 154 2417 935 2456">
     <span class='ocr_line' id='line_1_51' title="bbox 154 2417 935 2456; baseline -0.013 -3"><span class='ocrx_word' id='word_1_343' title='bbox 154 2431 211 2453; x_wconf 78' lang='lat' dir='ltr'><strong>ter;</strong></span> <span class='ocrx_word' id='word_1_344' title='bbox 233 2425 262 2452; x_wconf 86' lang='lat' dir='ltr'><strong>in</strong></span> <span class='ocrx_word' id='word_1_345' title='bbox 276 2424 319 2451; x_wconf 81' lang='lat' dir='ltr'><strong>via</strong></span> <span class='ocrx_word' id='word_1_346' title='bbox 336 2421 464 2450; x_wconf 89' lang='lat' dir='ltr'><strong>incedens</strong></span> <span class='ocrx_word' id='word_1_347' title='bbox 482 2424 616 2456; x_wconf 87' lang='lat' dir='ltr'><strong>repertum</strong></span> <span class='ocrx_word' id='word_1_348' title='bbox 633 2419 746 2454; x_wconf 85' lang='lat' dir='ltr'><strong>sumpsi.</strong></span> <span class='ocrx_word' id='word_1_349' title='bbox 764 2417 850 2445; x_wconf 87' lang='lat' dir='ltr'><strong>Senex</strong></span> <span class='ocrx_word' id='word_1_350' title='bbox 869 2417 935 2444; x_wconf 86' lang='lat' dir='ltr'><strong>dicit</strong></span> 
     </span>
    </p>
   </div>
   <div class='ocr_carea' id='block_1_52' title="bbox 191 2495 946 2541">
    <p class='ocr_par' dir='ltr' id='par_1_52' title="bbox 191 2495 946 2541">
     <span class='ocr_line' id='line_1_52' title="bbox 191 2495 946 2541; baseline -0.008 -13"><span class='ocrx_word' id='word_1_351' title='bbox 191 2503 214 2518; x_wconf 78' lang='lat'><strong>&#39;°</strong></span> <span class='ocrx_word' id='word_1_352' title='bbox 232 2500 326 2528; x_wconf 77' lang='lat' dir='ltr'><strong>Matth.</strong></span> <span class='ocrx_word' id='word_1_353' title='bbox 348 2506 388 2531; x_wconf 87' lang='lat' dir='ltr'><strong>Ill,</strong></span> <span class='ocrx_word' id='word_1_354' title='bbox 405 2498 449 2526; x_wconf 79' lang='grc'><strong>10.</strong></span> <span class='ocrx_word' id='word_1_355' title='bbox 486 2497 508 2513; x_wconf 82' lang='grc'><strong>⁵¹</strong></span> <span class='ocrx_word' id='word_1_356' title='bbox 522 2497 564 2541; x_wconf 56' lang='lat' dir='ltr'><strong>Al.</strong></span> <span class='ocrx_word' id='word_1_357' title='bbox 579 2495 723 2532; x_wconf 74' lang='grc' dir='ltr'>μελετήσῃ.</span> <span class='ocrx_word' id='word_1_358' title='bbox 762 2496 784 2511; x_wconf 82' lang='grc'><strong>¹¹</strong></span> <span class='ocrx_word' id='word_1_359' title='bbox 798 2495 841 2522; x_wconf 83' lang='lat' dir='ltr'><strong>Al.</strong></span> <span class='ocrx_word' id='word_1_360' title='bbox 857 2495 946 2530; x_wconf 80' lang='grc' dir='ltr'><strong>χρεία.</strong></span> 
     </span>
    </p>
   </div>
   <div class='ocr_carea' id='block_1_53' title="bbox 192 2575 516 2616">
    <p class='ocr_par' dir='ltr' id='par_1_53' title="bbox 192 2575 516 2616">
     <span class='ocr_line' id='line_1_53' title="bbox 192 2575 516 2616; baseline -0.015 -8"><span class='ocrx_word' id='word_1_361' title='bbox 192 2579 247 2616; x_wconf 65' lang='grc' dir='ltr'><strong>ιιι)</strong></span> <span class='ocrx_word' id='word_1_362' title='bbox 267 2578 318 2616; x_wconf 63' lang='lat' dir='ltr'><strong>gn.</strong></span> <span class='ocrx_word' id='word_1_363' title='bbox 335 2577 412 2616; x_wconf 65' lang='lat' dir='ltr'><strong>13m.</strong></span> <span class='ocrx_word' id='word_1_364' title='bbox 428 2585 456 2609; x_wconf 73' lang='grc' dir='ltr'><strong>ι,</strong></span> <span class='ocrx_word' id='word_1_365' title='bbox 473 2575 516 2616; x_wconf 64' lang='grc' dir='ltr'>ιι.</span> 
     </span>
    </p>
   </div>
   <div class='ocr_carea' id='block_1_54' title="bbox 192 2606 917 2648">
    <p class='ocr_par' dir='ltr' id='par_1_54' title="bbox 192 2606 917 2648">
     <span class='ocr_line' id='line_1_54' title="bbox 192 2606 917 2648; baseline -0.01 -7"><span class='ocrx_word' id='word_1_366' title='bbox 192 2606 250 2648; x_wconf 55' lang='grc' dir='ltr'><strong>δεῇ</strong></span> <span class='ocrx_word' id='word_1_367' title='bbox 267 2613 320 2640; x_wconf 80' lang='lat' dir='ltr'><strong>Vit.</strong></span> <span class='ocrx_word' id='word_1_368' title='bbox 339 2613 415 2648; x_wconf 66' lang='lat' dir='ltr'><strong>Patr.</strong></span> <span class='ocrx_word' id='word_1_369' title='bbox 434 2606 528 2648; x_wconf 69' lang='lat' dir='ltr'><strong>xil_,_2;</strong></span> <span class='ocrx_word' id='word_1_370' title='bbox 546 2610 625 2638; x_wconf 80' lang='lat' dir='ltr'><strong>Joan.</strong></span> <span class='ocrx_word' id='word_1_371' title='bbox 643 2608 737 2636; x_wconf 87' lang='lat' dir='ltr'><strong>Geom.</strong></span> <span class='ocrx_word' id='word_1_372' title='bbox 757 2606 859 2634; x_wconf 85' lang='lat' dir='ltr'><strong>Parad.</strong></span> <span class='ocrx_word' id='word_1_373' title='bbox 873 2606 917 2634; x_wconf 80' lang='lat'><strong>7&#39;1.</strong></span> 
     </span>
    </p>
   </div>
   <div class='ocr_carea' id='block_1_55' title="bbox 191 2645 918 2685">
    <p class='ocr_par' dir='ltr' id='par_1_55' title="bbox 191 2645 918 2685">
     <span class='ocr_line' id='line_1_55' title="bbox 191 2645 918 2685; baseline 0 0"><span class='ocrx_word' id='word_1_374' title='bbox 191 2645 248 2685; x_wconf 68' lang='lat'><strong>(195</strong></span> <span class='ocrx_word' id='word_1_375' title='bbox 266 2647 318 2685; x_wconf 69' lang='grc' dir='ltr'><strong>Υὲι-</strong></span> <span class='ocrx_word' id='word_1_376' title='bbox 334 2645 510 2685; x_wconf 57' lang='lat' dir='ltr'><strong>lim-1&quot;“;</strong></span> <span class='ocrx_word' id='word_1_377' title='bbox 595 2680 628 2685; x_wconf 81' lang='lat'><strong>..</strong></span> <span class='ocrx_word' id='word_1_378' title='bbox 697 2678 714 2685; x_wconf 84' lang='lat'><strong>..</strong></span> <span class='ocrx_word' id='word_1_379' title='bbox 756 2677 781 2685; x_wconf 96' lang='lat'><strong>..</strong></span> <span class='ocrx_word' id='word_1_380' title='bbox 814 2676 871 2685; x_wconf 63' lang='grc' dir='ltr'><strong>..ο</strong></span> <span class='ocrx_word' id='word_1_381' title='bbox 900 2676 918 2685; x_wconf 64' lang='lat'><strong>,.</strong></span> 
     </span>
    </p>
   </div>
   <div class='ocr_carea' id='block_1_56' title="bbox 192 2676 935 2719">
    <p class='ocr_par' dir='ltr' id='par_1_56' title="bbox 192 2676 935 2719">
     <span class='ocr_line' id='line_1_56' title="bbox 192 2676 935 2719; baseline -0.012 -8"><span class='ocrx_word' id='word_1_382' title='bbox 192 2676 249 2719; x_wconf 69' lang='lat' dir='ltr'><strong>iéo&#39;)</strong></span> <span class='ocrx_word' id='word_1_383' title='bbox 267 2682 414 2719; x_wconf 61' lang='lat' dir='ltr'><strong>mea”.</strong></span> <span class='ocrx_word' id='word_1_384' title='bbox 433 2689 473 2719; x_wconf 51' lang='lat' dir='ltr'><strong>iv.</strong></span> <span class='ocrx_word' id='word_1_385' title='bbox 492 2681 570 2719; x_wconf 49' lang='lat'><strong>8.:—</strong></span> <span class='ocrx_word' id='word_1_386' title='bbox 584 2680 629 2719; x_wconf 62' lang='grc' dir='ltr'><strong>Διλιι</strong></span> <span class='ocrx_word' id='word_1_387' title='bbox 644 2678 733 2719; x_wconf 52' lang='lat' dir='ltr'><strong>capita</strong></span> <span class='ocrx_word' id='word_1_388' title='bbox 753 2677 781 2719; x_wconf 73' lang='grc' dir='ltr'><strong>ιι</strong></span> <span class='ocrx_word' id='word_1_389' title='bbox 797 2681 824 2717; x_wconf 71' lang='grc' dir='ltr'><strong>ει</strong></span> <span class='ocrx_word' id='word_1_390' title='bbox 838 2676 935 2719; x_wconf 34' lang='grc' dir='ltr'><strong>μειδί-</strong></span> 
     </span>
    </p>
   </div>
   <div class='ocr_carea' id='block_1_57' title="bbox 158 2711 934 2754">
    <p class='ocr_par' dir='ltr' id='par_1_57' title="bbox 158 2711 934 2754">
     <span class='ocr_line' id='line_1_57' title="bbox 158 2711 934 2754; baseline -0.015 -6"><span class='ocrx_word' id='word_1_391' title='bbox 158 2711 287 2754; x_wconf 79' lang='lat' dir='ltr'><strong>miliaque</strong></span> <span class='ocrx_word' id='word_1_392' title='bbox 299 2718 363 2754; x_wconf 81' lang='lat' dir='ltr'><strong>alia,</strong></span> <span class='ocrx_word' id='word_1_393' title='bbox 377 2711 475 2754; x_wconf 76' lang='lat' dir='ltr'><strong>apponi</strong></span> <span class='ocrx_word' id='word_1_394' title='bbox 491 2715 570 2754; x_wconf 81' lang='lat' dir='ltr'><strong>velim</strong></span> <span class='ocrx_word' id='word_1_395' title='bbox 584 2711 864 2754; x_wconf 39' lang='lat' dir='ltr'><strong>locuinﬁtephaninin</strong></span> <span class='ocrx_word' id='word_1_396' title='bbox 878 2711 934 2738; x_wconf 87' lang='lat' dir='ltr'><strong>fra-</strong></span> 
     </span>
    </p>
   </div>
   <div class='ocr_carea' id='block_1_58' title="bbox 158 2745 934 2790">
    <p class='ocr_par' dir='ltr' id='par_1_58' title="bbox 158 2745 934 2790">
     <span class='ocr_line' id='line_1_58' title="bbox 158 2745 934 2790; baseline -0.015 -7"><span class='ocrx_word' id='word_1_397' title='bbox 158 2745 266 2790; x_wconf 65' lang='lat' dir='ltr'><strong>gmento</strong></span> <span class='ocrx_word' id='word_1_398' title='bbox 276 2745 488 2790; x_wconf 41' lang='lat' dir='ltr'><strong>:quod&#39;gi&#39;il&#39;gavit</strong></span> <span class='ocrx_word' id='word_1_399' title='bbox 510 2751 552 2790; x_wconf 54' lang='lat' dir='ltr'><strong>vir;</strong></span> <span class='ocrx_word' id='word_1_400' title='bbox 561 2749 684 2790; x_wconf 70' lang='lat' dir='ltr'><strong>eruditus</strong></span> <span class='ocrx_word' id='word_1_401' title='bbox 700 2745 809 2790; x_wconf 51' lang='lat' dir='ltr'><strong>safnuql</strong></span> <span class='ocrx_word' id='word_1_402' title='bbox 823 2745 934 2790; x_wconf 69' lang='lat' dir='ltr'><strong>Tanqu-</strong></span> 
     </span>
    </p>
   </div>
   <div class='ocr_carea' id='block_1_59' title="bbox 160 2780 935 2823">
    <p class='ocr_par' dir='ltr' id='par_1_59' title="bbox 160 2780 935 2823">
     <span class='ocr_line' id='line_1_59' title="bbox 160 2780 935 2823; baseline -0.014 -6"><span class='ocrx_word' id='word_1_403' title='bbox 237 2780 298 2815; x_wconf 61' lang='lat' dir='ltr'><strong>ubi&#39;</strong></span> <span class='ocrx_word' id='word_1_404' title='bbox 311 2788 345 2814; x_wconf 85' lang='lat' dir='ltr'><strong>de</strong></span> <span class='ocrx_word' id='word_1_405' title='bbox 361 2780 480 2823; x_wconf 68' lang='lat' dir='ltr'><strong>Dyrhzeis</strong></span> <span class='ocrx_word' id='word_1_406' title='bbox 494 2795 500 2812; x_wconf 74' lang='grc' dir='ltr'><strong><em>τ</em></strong></span> <span class='ocrx_word' id='word_1_407' title='bbox 518 2782 597 2823; x_wconf 69' lang='grc' dir='ltr'>Οὗτρι</span> <span class='ocrx_word' id='word_1_408' title='bbox 624 2781 850 2823; x_wconf 38' lang='lat' dir='ltr'><strong>ebriati-tumidi?</strong></span> <span class='ocrx_word' id='word_1_409' title='bbox 874 2780 935 2807; x_wconf 77' lang='grc' dir='ltr'>οὔτε</span> 
     </span>
    </p>
   </div>
   <div class='ocr_carea' id='block_1_60' title="bbox 159 2816 936 2856">
    <p class='ocr_par' dir='ltr' id='par_1_60' title="bbox 159 2816 936 2856">
     <span class='ocr_line' id='line_1_60' title="bbox 159 2816 936 2856; baseline -0.014 -4"><span class='ocrx_word' id='word_1_410' title='bbox 159 2816 359 2852; x_wconf 58' lang='grc' dir='ltr'>ἀποκτείνουσιν</span> <span class='ocrx_word' id='word_1_411' title='bbox 374 2816 524 2856; x_wconf 63' lang='grc' dir='ltr'>ἀνθρώπων</span> <span class='ocrx_word' id='word_1_412' title='bbox 537 2819 646 2856; x_wconf 39' lang='grc' dir='ltr'>οὐδένα..</span> <span class='ocrx_word' id='word_1_413' title='bbox 663 2816 764 2856; x_wconf 72' lang='grc' dir='ltr'>Ἐᾲνδὲ</span> <span class='ocrx_word' id='word_1_414' title='bbox 779 2825 806 2856; x_wconf 63' lang='grc' dir='ltr'>ἐι</span> <span class='ocrx_word' id='word_1_415' title='bbox 821 2816 936 2856; x_wconf 58' lang='grc' dir='ltr'>εἰξρωτιν</span> 
     </span>
    </p>
   </div>
   <div class='ocr_carea' id='block_1_61' title="bbox 159 2851 936 2895">
    <p class='ocr_par' dir='ltr' id='par_1_61' title="bbox 159 2851 936 2895">
     <span class='ocr_line' id='line_1_61' title="bbox 159 2851 936 2895; baseline -0.015 -8"><span class='ocrx_word' id='word_1_416' title='bbox 159 2851 188 2887; x_wconf 60' lang='grc' dir='ltr'>ἓν</span> <span class='ocrx_word' id='word_1_417' title='bbox 202 2861 234 2895; x_wconf 77' lang='grc' dir='ltr'>τῇ</span> <span class='ocrx_word' id='word_1_418' title='bbox 249 2857 310 2893; x_wconf 79' lang='grc' dir='ltr'><strong>ὁδῷ.</strong></span> <span class='ocrx_word' id='word_1_419' title='bbox 329 2851 439 2895; x_wconf 73' lang='grc' dir='ltr'>χρυσίον</span> <span class='ocrx_word' id='word_1_420' title='bbox 453 2854 586 2895; x_wconf 47' lang='grc' dir='ltr'>ἢίρεάτιον</span> <span class='ocrx_word' id='word_1_421' title='bbox 603 2854 620 2889; x_wconf 86' lang='grc' dir='ltr'>ἢ</span> <span class='ocrx_word' id='word_1_422' title='bbox 635 2851 809 2895; x_wconf 30' lang='grc' dir='ltr'><strong>ᾲργύριονηῆΔ</strong></span> <span class='ocrx_word' id='word_1_423' title='bbox 821 2851 884 2895; x_wconf 62' lang='grc' dir='ltr'>ἄλλο</span> <span class='ocrx_word' id='word_1_424' title='bbox 897 2859 936 2895; x_wconf 81' lang='grc' dir='ltr'>τι,</span> 
     </span>
    </p>
   </div>
   <div class='ocr_carea' id='block_1_62' title="bbox 159 2888 934 2924">
    <p class='ocr_par' dir='ltr' id='par_1_62' title="bbox 159 2888 934 2924">
     <span class='ocr_line' id='line_1_62' title="bbox 159 2888 934 2924; baseline -0.015 -1"><span class='ocrx_word' id='word_1_425' title='bbox 159 2888 234 2923; x_wconf 54' lang='lat' dir='ltr'><strong>abst;</strong></span> <span class='ocrx_word' id='word_1_426' title='bbox 247 2888 439 2924; x_wconf 67' lang='grc' dir='ltr'>ὰπὸκινῆσειαν</span> <span class='ocrx_word' id='word_1_427' title='bbox 448 2888 524 2922; x_wconf 74' lang='grc' dir='ltr'>αὑτό,</span> <span class='ocrx_word' id='word_1_428' title='bbox 540 2897 589 2918; x_wconf 88' lang='lat' dir='ltr'><strong>seu</strong></span> <span class='ocrx_word' id='word_1_429' title='bbox 603 2888 692 2924; x_wconf 75' lang='lat' dir='ltr'><strong>potius</strong></span> <span class='ocrx_word' id='word_1_430' title='bbox 700 2894 762 2915; x_wconf 91' lang='lat' dir='ltr'><strong>cum</strong></span> <span class='ocrx_word' id='word_1_431' title='bbox 770 2893 821 2914; x_wconf 86' lang='lat' dir='ltr'><strong>ms.</strong></span> <span class='ocrx_word' id='word_1_432' title='bbox 838 2888 934 2916; x_wconf 78' lang='grc' dir='ltr'>οὕτως.</span> 
     </span>
    </p>
   </div>
   <div class='ocr_carea' id='block_1_63' title="bbox 986 280 1770 318">
    <p class='ocr_par' dir='ltr' id='par_1_63' title="bbox 986 280 1770 318">
     <span class='ocr_line' id='line_1_63' title="bbox 986 280 1770 318; baseline 0 -11"><span class='ocrx_word' id='word_1_433' title='bbox 986 290 1045 315; x_wconf 87' lang='grc' dir='ltr'>γειν</span> <span class='ocrx_word' id='word_1_434' title='bbox 1058 290 1065 296; x_wconf 91' lang='grc'><strong>·</strong></span> <span class='ocrx_word' id='word_1_435' title='bbox 1085 282 1151 308; x_wconf 68' lang='grc' dir='ltr'><strong>Ἰδοὺ</strong></span> <span class='ocrx_word' id='word_1_436' title='bbox 1176 283 1329 318; x_wconf 80' lang='grc' dir='ltr'>μετὲὃησαν</span> <span class='ocrx_word' id='word_1_437' title='bbox 1345 283 1425 309; x_wconf 78' lang='grc' dir='ltr'>πάλιν</span> <span class='ocrx_word' id='word_1_438' title='bbox 1441 284 1465 309; x_wconf 77' lang='grc' dir='ltr'>οἱ</span> <span class='ocrx_word' id='word_1_439' title='bbox 1482 282 1634 309; x_wconf 81' lang='grc' dir='ltr'>ἀκὰθιστοι.</span> <span class='ocrx_word' id='word_1_440' title='bbox 1657 280 1729 308; x_wconf 79' lang='grc' dir='ltr'>Ἰδὼν</span> <span class='ocrx_word' id='word_1_441' title='bbox 1743 281 1770 308; x_wconf 66' lang='grc' dir='ltr'>δὲ</span> 
     </span>
    </p>
   </div>
   <div class='ocr_carea' id='block_1_64' title="bbox 986 327 1766 362">
    <p class='ocr_par' dir='ltr' id='par_1_64' title="bbox 986 327 1766 362">
     <span class='ocr_line' id='line_1_64' title="bbox 986 327 1766 362; baseline -0.001 -9"><span class='ocrx_word' id='word_1_442' title='bbox 986 327 1083 359; x_wconf 80' lang='grc' dir='ltr'>αὐτοὺς</span> <span class='ocrx_word' id='word_1_443' title='bbox 1097 327 1325 362; x_wconf 63' lang='grc' dir='ltr'>ὁλιγοψυχοῦντας</span> <span class='ocrx_word' id='word_1_444' title='bbox 1336 348 1344 359; x_wconf 86' lang='grc'>.</span> <span class='ocrx_word' id='word_1_445' title='bbox 1361 329 1434 362; x_wconf 87' lang='grc' dir='ltr'>λέγει</span> <span class='ocrx_word' id='word_1_446' title='bbox 1452 329 1556 359; x_wconf 77' lang='grc' dir='ltr'>αὐτοῖς’</span> <span class='ocrx_word' id='word_1_447' title='bbox 1577 328 1608 354; x_wconf 82' lang='grc' dir='ltr'>Εἰ</span> <span class='ocrx_word' id='word_1_448' title='bbox 1628 327 1674 354; x_wconf 78' lang='grc' dir='ltr'>καὶ</span> <span class='ocrx_word' id='word_1_449' title='bbox 1689 335 1766 354; x_wconf 82' lang='grc' dir='ltr'>σκαν-</span> 
     </span>
    </p>
   </div>
   <div class='ocr_carea' id='block_1_65' title="bbox 985 373 1770 409">
    <p class='ocr_par' dir='ltr' id='par_1_65' title="bbox 985 373 1770 409">
     <span class='ocr_line' id='line_1_65' title="bbox 985 373 1770 409; baseline -0.001 -10"><span class='ocrx_word' id='word_1_450' title='bbox 985 373 1135 404; x_wconf 72' lang='grc' dir='ltr'>δαλίζονται</span> <span class='ocrx_word' id='word_1_451' title='bbox 1156 383 1243 407; x_wconf 83' lang='grc' dir='ltr'>τινες,</span> <span class='ocrx_word' id='word_1_452' title='bbox 1261 374 1328 401; x_wconf 81' lang='grc' dir='ltr'>ἀλλὰ</span> <span class='ocrx_word' id='word_1_453' title='bbox 1343 374 1423 400; x_wconf 79' lang='grc' dir='ltr'>πάλιν</span> <span class='ocrx_word' id='word_1_454' title='bbox 1439 374 1695 409; x_wconf 75' lang='grc' dir='ltr'>οἱκοδομηθήσονται</span> <span class='ocrx_word' id='word_1_455' title='bbox 1711 373 1770 398; x_wconf 78' lang='grc' dir='ltr'>’ἐτε-</span> 
     </span>
    </p>
   </div>
   <div class='ocr_carea' id='block_1_66' title="bbox 987 412 1769 454">
    <p class='ocr_par' dir='ltr' id='par_1_66' title="bbox 987 412 1769 454">
     <span class='ocr_line' id='line_1_66' title="bbox 987 412 1769 454; baseline -0.003 -8"><span class='ocrx_word' id='word_1_456' title='bbox 987 427 1028 454; x_wconf 87' lang='grc' dir='ltr'><strong>ροι</strong></span> <span class='ocrx_word' id='word_1_457' title='bbox 1040 439 1047 451; x_wconf 84' lang='grc'><em>,</em></span> <span class='ocrx_word' id='word_1_458' title='bbox 1065 419 1189 454; x_wconf 74' lang='grc' dir='ltr'>λέγοντες</span> <span class='ocrx_word' id='word_1_459' title='bbox 1204 428 1210 434; x_wconf 89' lang='grc'><strong><em>“</em></strong></span> <span class='ocrx_word' id='word_1_460' title='bbox 1237 419 1374 454; x_wconf 85' lang='grc' dir='ltr'>Μακάριοι</span> <span class='ocrx_word' id='word_1_461' title='bbox 1399 421 1422 446; x_wconf 80' lang='grc' dir='ltr'>οἱ</span> <span class='ocrx_word' id='word_1_462' title='bbox 1441 412 1573 449; x_wconf 74' lang='grc' dir='ltr'>τοιοῦτοι,</span> <span class='ocrx_word' id='word_1_463' title='bbox 1599 419 1639 445; x_wconf 76' lang='grc' dir='ltr'>ὅτι</span> <span class='ocrx_word' id='word_1_464' title='bbox 1664 419 1708 445; x_wconf 83' lang='grc' dir='ltr'><strong>διὰ</strong></span> <span class='ocrx_word' id='word_1_465' title='bbox 1722 418 1769 445; x_wconf 71' lang='grc' dir='ltr'><strong>τὸν</strong></span> 
     </span>
    </p>
   </div>
   <div class='ocr_carea' id='block_1_67' title="bbox 985 465 1767 501">
    <p class='ocr_par' dir='ltr' id='par_1_67' title="bbox 985 465 1767 501">
     <span class='ocr_line' id='line_1_67' title="bbox 985 465 1767 501; baseline -0.001 -10"><span class='ocrx_word' id='word_1_466' title='bbox 985 465 1051 492; x_wconf 72' lang='grc' dir='ltr'>Θεὸν</span> <span class='ocrx_word' id='word_1_467' title='bbox 1067 465 1217 501; x_wconf 75' lang='grc' dir='ltr'>μετέὸησαν</span> <span class='ocrx_word' id='word_1_468' title='bbox 1228 485 1235 497; x_wconf 86' lang='grc'>,</span> <span class='ocrx_word' id='word_1_469' title='bbox 1257 465 1303 492; x_wconf 72' lang='grc' dir='ltr'>καὶ</span> <span class='ocrx_word' id='word_1_470' title='bbox 1314 466 1421 492; x_wconf 83' lang='grc' dir='ltr'>πάντων</span> <span class='ocrx_word' id='word_1_471' title='bbox 1435 465 1648 500; x_wconf 71' lang='grc' dir='ltr'><strong>κατεφρόνησαν,</strong></span> <span class='ocrx_word' id='word_1_472' title='bbox 1664 465 1736 499; x_wconf 85' lang='grc' dir='ltr'><strong>Πλὴν</strong></span> <span class='ocrx_word' id='word_1_473' title='bbox 1752 465 1767 490; x_wconf 91' lang='lat'><strong>6</strong></span> 
     </span>
    </p>
   </div>
   <div class='ocr_carea' id='block_1_68' title="bbox 986 507 1766 545">
    <p class='ocr_par' dir='ltr' id='par_1_68' title="bbox 986 507 1766 545">
     <span class='ocr_line' id='line_1_68' title="bbox 986 507 1766 545; baseline -0.001 -9"><span class='ocrx_word' id='word_1_474' title='bbox 986 510 1070 537; x_wconf 82' lang='grc' dir='ltr'>θέλων</span> <span class='ocrx_word' id='word_1_475' title='bbox 1096 510 1200 541; x_wconf 76' lang='grc' dir='ltr'>ἐλθεῖν,</span> <span class='ocrx_word' id='word_1_476' title='bbox 1216 510 1294 545; x_wconf 78' lang='grc' dir='ltr'>ἔλθῃ,</span> <span class='ocrx_word' id='word_1_477' title='bbox 1311 509 1365 544; x_wconf 77' lang='grc' dir='ltr'><strong>ἐγὼ</strong></span> <span class='ocrx_word' id='word_1_478' title='bbox 1379 510 1448 541; x_wconf 78' lang='grc' dir='ltr'>τέως</span> <span class='ocrx_word' id='word_1_479' title='bbox 1462 510 1567 543; x_wconf 81' lang='grc' dir='ltr'><strong>ὑπάγω.</strong></span> <span class='ocrx_word' id='word_1_480' title='bbox 1585 509 1699 536; x_wconf 77' lang='grc' dir='ltr'>Ἔϐαλον</span> <span class='ocrx_word' id='word_1_481' title='bbox 1721 507 1766 536; x_wconf 76' lang='grc' dir='ltr'>οὖν</span> 
     </span>
    </p>
   </div>
   <div class='ocr_carea' id='block_1_69' title="bbox 986 552 1767 590">
    <p class='ocr_par' dir='ltr' id='par_1_69' title="bbox 986 552 1767 590">
     <span class='ocr_line' id='line_1_69' title="bbox 986 552 1767 590; baseline -0.001 -9"><span class='ocrx_word' id='word_1_482' title='bbox 986 556 1098 587; x_wconf 79' lang='grc' dir='ltr'>ἑαυτοὺς</span> <span class='ocrx_word' id='word_1_483' title='bbox 1111 556 1150 587; x_wconf 83' lang='grc' dir='ltr'>εἰς</span> <span class='ocrx_word' id='word_1_484' title='bbox 1167 556 1196 581; x_wconf 84' lang='grc' dir='ltr'><strong>τὺ</strong></span> <span class='ocrx_word' id='word_1_485' title='bbox 1209 556 1319 589; x_wconf 77' lang='grc' dir='ltr'>ἔδαφος,</span> <span class='ocrx_word' id='word_1_486' title='bbox 1341 555 1476 588; x_wconf 75' lang='grc' dir='ltr'>ἀξιοῦντες</span> <span class='ocrx_word' id='word_1_487' title='bbox 1489 576 1496 588; x_wconf 87' lang='grc'>,</span> <span class='ocrx_word' id='word_1_488' title='bbox 1518 555 1569 586; x_wconf 75' lang='grc' dir='ltr'><strong>ἕως</strong></span> <span class='ocrx_word' id='word_1_489' title='bbox 1580 552 1611 581; x_wconf 72' lang='grc' dir='ltr'><strong>οὗ</strong></span> <span class='ocrx_word' id='word_1_490' title='bbox 1625 564 1767 590; x_wconf 81' lang='grc' dir='ltr'>συγχωρη-</span> 
     </span>
    </p>
   </div>
   <div class='ocr_carea' id='block_1_70' title="bbox 986 600 1347 635">
    <p class='ocr_par' dir='ltr' id='par_1_70' title="bbox 986 600 1347 635">
     <span class='ocr_line' id='line_1_70' title="bbox 986 600 1347 635; baseline 0 -9"><span class='ocrx_word' id='word_1_491' title='bbox 986 600 1068 627; x_wconf 85' lang='grc' dir='ltr'>θῶσιν</span> <span class='ocrx_word' id='word_1_492' title='bbox 1082 601 1129 626; x_wconf 78' lang='grc' dir='ltr'>σὺν</span> <span class='ocrx_word' id='word_1_493' title='bbox 1143 600 1217 635; x_wconf 83' lang='grc' dir='ltr'><strong>αὐτῷ</strong></span> <span class='ocrx_word' id='word_1_494' title='bbox 1229 600 1347 627; x_wconf 76' lang='grc' dir='ltr'>ὁδεῦσαι.</span> 
     </span>
    </p>
   </div>
   <div class='ocr_carea' id='block_1_71' title="bbox 1021 645 1769 680">
    <p class='ocr_par' dir='ltr' id='par_1_71' title="bbox 1021 645 1769 680">
     <span class='ocr_line' id='line_1_71' title="bbox 1021 645 1769 680; baseline 0 -8"><span class='ocrx_word' id='word_1_495' title='bbox 1021 645 1052 679; x_wconf 83' lang='grc' dir='ltr'><strong>ζ’.</strong></span> <span class='ocrx_word' id='word_1_496' title='bbox 1073 645 1156 673; x_wconf 78' lang='grc' dir='ltr'>Εἶπον</span> <span class='ocrx_word' id='word_1_497' title='bbox 1171 647 1250 673; x_wconf 81' lang='grc' dir='ltr'>πάλιν</span> <span class='ocrx_word' id='word_1_498' title='bbox 1265 647 1327 680; x_wconf 75' lang='grc' dir='ltr'>περὶ</span> <span class='ocrx_word' id='word_1_499' title='bbox 1343 645 1425 672; x_wconf 80' lang='grc' dir='ltr'>αὑτοῦ</span> <span class='ocrx_word' id='word_1_500' title='bbox 1437 667 1444 677; x_wconf 88' lang='grc'>,</span> <span class='ocrx_word' id='word_1_501' title='bbox 1460 646 1500 672; x_wconf 83' lang='grc' dir='ltr'><strong>ὄτι</strong></span> <span class='ocrx_word' id='word_1_502' title='bbox 1517 645 1646 676; x_wconf 84' lang='grc' dir='ltr'>πολλάκις</span> <span class='ocrx_word' id='word_1_503' title='bbox 1669 645 1769 680; x_wconf 72' lang='grc' dir='ltr'>μετέϐη</span> 
     </span>
    </p>
   </div>
   <div class='ocr_carea' id='block_1_72' title="bbox 986 691 1767 727">
    <p class='ocr_par' dir='ltr' id='par_1_72' title="bbox 986 691 1767 727">
     <span class='ocr_line' id='line_1_72' title="bbox 986 691 1767 727; baseline 0 -9"><span class='ocrx_word' id='word_1_504' title='bbox 986 692 1054 727; x_wconf 74' lang='grc' dir='ltr'><strong>ἔχων</strong></span> <span class='ocrx_word' id='word_1_505' title='bbox 1069 692 1118 727; x_wconf 84' lang='grc' dir='ltr'>τὴν</span> <span class='ocrx_word' id='word_1_506' title='bbox 1134 692 1231 726; x_wconf 86' lang='grc' dir='ltr'>σμίλαν</span> <span class='ocrx_word' id='word_1_507' title='bbox 1249 692 1347 718; x_wconf 79' lang='grc' dir='ltr'>ἑαυτοῦ</span> <span class='ocrx_word' id='word_1_508' title='bbox 1364 691 1448 726; x_wconf 77' lang='grc' dir='ltr'>μόνην</span> <span class='ocrx_word' id='word_1_509' title='bbox 1463 692 1502 722; x_wconf 84' lang='grc' dir='ltr'><strong>είς</strong></span> <span class='ocrx_word' id='word_1_510' title='bbox 1513 691 1543 717; x_wconf 84' lang='grc' dir='ltr'>τὸ</span> <span class='ocrx_word' id='word_1_511' title='bbox 1558 691 1686 726; x_wconf 78' lang='grc' dir='ltr'>μαννάδιν</span> <span class='ocrx_word' id='word_1_512' title='bbox 1701 691 1767 726; x_wconf 69' lang='grc'><strong>(22).</strong></span> 
     </span>
    </p>
   </div>
   <div class='ocr_carea' id='block_1_73' title="bbox 1018 735 1770 771">
    <p class='ocr_par' dir='ltr' id='par_1_73' title="bbox 1018 735 1770 771">
     <span class='ocr_line' id='line_1_73' title="bbox 1018 735 1770 771; baseline 0 -9"><span class='ocrx_word' id='word_1_513' title='bbox 1018 739 1052 770; x_wconf 90' lang='grc' dir='ltr'><strong>η’.</strong></span> <span class='ocrx_word' id='word_1_514' title='bbox 1074 736 1215 771; x_wconf 83' lang='grc' dir='ltr'>Ἦρωτήθη</span> <span class='ocrx_word' id='word_1_515' title='bbox 1230 737 1244 762; x_wconf 98' lang='lat'><strong>6</strong></span> <span class='ocrx_word' id='word_1_516' title='bbox 1261 735 1348 767; x_wconf 70' lang='lat' dir='ltr'><strong>assa;</strong></span> <span class='ocrx_word' id='word_1_517' title='bbox 1365 735 1486 770; x_wconf 77' lang='grc' dir='ltr'>Ἀγάθων</span> <span class='ocrx_word' id='word_1_518' title='bbox 1497 757 1503 766; x_wconf 88' lang='grc'><em>,</em></span> <span class='ocrx_word' id='word_1_519' title='bbox 1518 735 1543 761; x_wconf 87' lang='grc' dir='ltr'><strong>τί</strong></span> <span class='ocrx_word' id='word_1_520' title='bbox 1558 735 1648 770; x_wconf 77' lang='grc' dir='ltr'>μεῖζον</span> <span class='ocrx_word' id='word_1_521' title='bbox 1659 755 1665 764; x_wconf 85' lang='grc'><strong>.</strong></span> <span class='ocrx_word' id='word_1_522' title='bbox 1681 737 1695 762; x_wconf 88' lang='lat'><strong>6</strong></span> <span class='ocrx_word' id='word_1_523' title='bbox 1718 745 1770 762; x_wconf 87' lang='grc' dir='ltr'><strong>σω-</strong></span> 
     </span>
    </p>
   </div>
   <div class='ocr_carea' id='block_1_74' title="bbox 987 779 1768 817">
    <p class='ocr_par' dir='ltr' id='par_1_74' title="bbox 987 779 1768 817">
     <span class='ocr_line' id='line_1_74' title="bbox 987 779 1768 817; baseline -0.001 -9"><span class='ocrx_word' id='word_1_524' title='bbox 987 781 1100 817; x_wconf 76' lang='grc' dir='ltr'>ματικὸς</span> <span class='ocrx_word' id='word_1_525' title='bbox 1115 781 1237 817; x_wconf 83' lang='grc' dir='ltr'>κόπος,ἢ</span> <span class='ocrx_word' id='word_1_526' title='bbox 1251 783 1267 817; x_wconf 84' lang='grc' dir='ltr'>ὴ</span> <span class='ocrx_word' id='word_1_527' title='bbox 1283 781 1389 816; x_wconf 79' lang='grc' dir='ltr'>φυλακὴ</span> <span class='ocrx_word' id='word_1_528' title='bbox 1404 781 1457 807; x_wconf 82' lang='grc' dir='ltr'>τῶν</span> <span class='ocrx_word' id='word_1_529' title='bbox 1474 781 1556 807; x_wconf 76' lang='grc' dir='ltr'>ἔνδον.</span> <span class='ocrx_word' id='word_1_530' title='bbox 1574 779 1640 807; x_wconf 64' lang='lat' dir='ltr'><strong>Eius</strong></span> <span class='ocrx_word' id='word_1_531' title='bbox 1652 780 1680 807; x_wconf 81' lang='grc' dir='ltr'><strong>δὲ</strong></span> <span class='ocrx_word' id='word_1_532' title='bbox 1693 782 1708 807; x_wconf 85' lang='lat'><strong>6</strong></span> <span class='ocrx_word' id='word_1_533' title='bbox 1721 781 1768 816; x_wconf 85' lang='grc' dir='ltr'><strong>γὲ-</strong></span> 
     </span>
    </p>
   </div>
   <div class='ocr_carea' id='block_1_75' title="bbox 988 825 1770 861">
    <p class='ocr_par' dir='ltr' id='par_1_75' title="bbox 988 825 1770 861">
     <span class='ocr_line' id='line_1_75' title="bbox 988 825 1770 861; baseline 0 -9"><span class='ocrx_word' id='word_1_534' title='bbox 988 834 1058 861; x_wconf 86' lang='grc' dir='ltr'><strong>ρων·</strong></span> <span class='ocrx_word' id='word_1_535' title='bbox 1081 826 1173 852; x_wconf 66' lang='lat' dir='ltr'><strong>&quot;Eous</strong></span> <span class='ocrx_word' id='word_1_536' title='bbox 1187 825 1286 861; x_wconf 80' lang='grc' dir='ltr'>δένδρῳ</span> <span class='ocrx_word' id='word_1_537' title='bbox 1303 827 1316 852; x_wconf 90' lang='lat'><strong>6</strong></span> <span class='ocrx_word' id='word_1_538' title='bbox 1338 826 1492 860; x_wconf 75' lang='grc' dir='ltr'>ἄνθρωπος’</span> <span class='ocrx_word' id='word_1_539' title='bbox 1511 827 1525 852; x_wconf 97' lang='lat'><strong>6</strong></span> <span class='ocrx_word' id='word_1_540' title='bbox 1539 826 1626 852; x_wconf 82' lang='grc' dir='ltr'>τοίνυν</span> <span class='ocrx_word' id='word_1_541' title='bbox 1652 834 1770 861; x_wconf 84' lang='grc' dir='ltr'>σωματι-</span> 
     </span>
    </p>
   </div>
   <div class='ocr_carea' id='block_1_76' title="bbox 986 871 1769 907">
    <p class='ocr_par' dir='ltr' id='par_1_76' title="bbox 986 871 1769 907">
     <span class='ocr_line' id='line_1_76' title="bbox 986 871 1769 907; baseline 0 -9"><span class='ocrx_word' id='word_1_542' title='bbox 986 872 1032 903; x_wconf 86' lang='grc' dir='ltr'>κδς</span> <span class='ocrx_word' id='word_1_543' title='bbox 1047 871 1130 903; x_wconf 82' lang='grc' dir='ltr'>κόπος</span> <span class='ocrx_word' id='word_1_544' title='bbox 1146 871 1232 906; x_wconf 77' lang='grc' dir='ltr'>φύλλα</span> <span class='ocrx_word' id='word_1_545' title='bbox 1257 872 1347 898; x_wconf 75' lang='grc' dir='ltr'>ἐστίν·</span> <span class='ocrx_word' id='word_1_546' title='bbox 1371 873 1387 906; x_wconf 84' lang='grc' dir='ltr'><strong>ὴ</strong></span> <span class='ocrx_word' id='word_1_547' title='bbox 1409 872 1438 898; x_wconf 85' lang='grc' dir='ltr'>δὲ</span> <span class='ocrx_word' id='word_1_548' title='bbox 1463 871 1517 899; x_wconf 79' lang='grc' dir='ltr'>τῶν</span> <span class='ocrx_word' id='word_1_549' title='bbox 1532 871 1605 898; x_wconf 71' lang='grc' dir='ltr'>ἔνδον</span> <span class='ocrx_word' id='word_1_550' title='bbox 1623 871 1728 907; x_wconf 79' lang='grc' dir='ltr'>φυλακὴ</span> <span class='ocrx_word' id='word_1_551' title='bbox 1755 874 1769 898; x_wconf 98' lang='lat'><strong>6</strong></span> 
     </span>
    </p>
   </div>
   <div class='ocr_carea' id='block_1_77' title="bbox 987 918 1770 953">
    <p class='ocr_par' dir='ltr' id='par_1_77' title="bbox 987 918 1770 953">
     <span class='ocr_line' id='line_1_77' title="bbox 987 918 1770 953; baseline 0 -9"><span class='ocrx_word' id='word_1_552' title='bbox 987 918 1092 953; x_wconf 81' lang='grc' dir='ltr'>καρπός</span> <span class='ocrx_word' id='word_1_553' title='bbox 1116 918 1199 944; x_wconf 71' lang='grc' dir='ltr'>ἐστιν.</span> <span class='ocrx_word' id='word_1_554' title='bbox 1228 918 1336 953; x_wconf 83' lang='grc' dir='ltr'><strong>Ἐπειδὴ</strong></span> <span class='ocrx_word' id='word_1_555' title='bbox 1357 918 1385 944; x_wconf 75' lang='grc' dir='ltr'><strong>δὲ</strong></span> <span class='ocrx_word' id='word_1_556' title='bbox 1414 918 1484 944; x_wconf 76' lang='grc' dir='ltr'>κατὰ</span> <span class='ocrx_word' id='word_1_557' title='bbox 1508 918 1538 944; x_wconf 77' lang='grc' dir='ltr'>τὸ</span> <span class='ocrx_word' id='word_1_558' title='bbox 1565 918 1770 953; x_wconf 73' lang='grc' dir='ltr'><strong>γεγραμμένον,</strong></span> 
     </span>
    </p>
   </div>
   <div class='ocr_carea' id='block_1_78' title="bbox 985 963 1767 998">
    <p class='ocr_par' dir='ltr' id='par_1_78' title="bbox 985 963 1767 998">
     <span class='ocr_line' id='line_1_78' title="bbox 985 963 1767 998; baseline -0.001 -7"><span class='ocrx_word' id='word_1_559' title='bbox 985 963 1050 992; x_wconf 81' lang='grc' dir='ltr'><strong>Πᾶν</strong></span> <span class='ocrx_word' id='word_1_560' title='bbox 1063 964 1189 997; x_wconf 78' lang='grc' dir='ltr'>δένδρον</span> <span class='ocrx_word' id='word_1_561' title='bbox 1201 964 1244 998; x_wconf 79' lang='grc' dir='ltr'>μὴ</span> <span class='ocrx_word' id='word_1_562' title='bbox 1260 964 1367 991; x_wconf 76' lang='grc' dir='ltr'>ποιοῦν</span> <span class='ocrx_word' id='word_1_563' title='bbox 1384 963 1500 998; x_wconf 78' lang='grc' dir='ltr'>καρπὸν</span> <span class='ocrx_word' id='word_1_564' title='bbox 1517 964 1613 990; x_wconf 68' lang='grc' dir='ltr'>καλίν</span> <span class='ocrx_word' id='word_1_565' title='bbox 1626 964 1767 990; x_wconf 57' lang='grc' dir='ltr'>ἐκκὸπτε-</span> 
     </span>
    </p>
   </div>
   <div class='ocr_carea' id='block_1_79' title="bbox 985 1009 1770 1045">
    <p class='ocr_par' dir='ltr' id='par_1_79' title="bbox 985 1009 1770 1045">
     <span class='ocr_line' id='line_1_79' title="bbox 985 1009 1770 1045; baseline -0.003 -8"><span class='ocrx_word' id='word_1_566' title='bbox 985 1019 1032 1037; x_wconf 81' lang='grc' dir='ltr'><strong>ται</strong></span> <span class='ocrx_word' id='word_1_567' title='bbox 1044 1031 1051 1043; x_wconf 83' lang='grc'><em>,</em></span> <span class='ocrx_word' id='word_1_568' title='bbox 1072 1011 1121 1037; x_wconf 76' lang='grc' dir='ltr'>καὶ</span> <span class='ocrx_word' id='word_1_569' title='bbox 1133 1011 1176 1042; x_wconf 73' lang='grc' dir='ltr'>εἰς</span> <span class='ocrx_word' id='word_1_570' title='bbox 1189 1011 1249 1044; x_wconf 82' lang='grc' dir='ltr'>πῦρ</span> <span class='ocrx_word' id='word_1_571' title='bbox 1269 1010 1417 1042; x_wconf 76' lang='grc' dir='ltr'><strong>βάλλεται</strong></span> <span class='ocrx_word' id='word_1_572' title='bbox 1428 1029 1436 1041; x_wconf 84' lang='grc'><em>,</em></span> <span class='ocrx_word' id='word_1_573' title='bbox 1458 1011 1572 1045; x_wconf 72' lang='grc' dir='ltr'>φανερόν</span> <span class='ocrx_word' id='word_1_574' title='bbox 1584 1011 1656 1037; x_wconf 76' lang='grc' dir='ltr'>ἐστιν</span> <span class='ocrx_word' id='word_1_575' title='bbox 1671 1010 1710 1035; x_wconf 81' lang='grc' dir='ltr'>ὅτι</span> <span class='ocrx_word' id='word_1_576' title='bbox 1725 1009 1770 1035; x_wconf 80' lang='grc' dir='ltr'><strong>διὰ</strong></span> 
     </span>
    </p>
   </div>
   <div class='ocr_carea' id='block_1_80' title="bbox 984 1055 1767 1092">
    <p class='ocr_par' dir='ltr' id='par_1_80' title="bbox 984 1055 1767 1092">
     <span class='ocr_line' id='line_1_80' title="bbox 984 1055 1767 1092; baseline -0.004 -9"><span class='ocrx_word' id='word_1_577' title='bbox 984 1057 1029 1083; x_wconf 82' lang='grc' dir='ltr'>τὸν</span> <span class='ocrx_word' id='word_1_578' title='bbox 1040 1057 1144 1092; x_wconf 86' lang='grc' dir='ltr'>καρπόν</span> <span class='ocrx_word' id='word_1_579' title='bbox 1160 1057 1233 1082; x_wconf 77' lang='grc' dir='ltr'>ἐστιν</span> <span class='ocrx_word' id='word_1_580' title='bbox 1246 1056 1324 1091; x_wconf 82' lang='grc' dir='ltr'>ἡμῶν</span> <span class='ocrx_word' id='word_1_581' title='bbox 1341 1057 1357 1091; x_wconf 84' lang='grc' dir='ltr'>ἠ</span> <span class='ocrx_word' id='word_1_582' title='bbox 1373 1055 1473 1090; x_wconf 82' lang='grc' dir='ltr'>σπουδὴ</span> <span class='ocrx_word' id='word_1_583' title='bbox 1487 1056 1570 1086; x_wconf 73' lang='grc' dir='ltr'>πᾶσα,</span> <span class='ocrx_word' id='word_1_584' title='bbox 1584 1056 1704 1081; x_wconf 74' lang='grc' dir='ltr'><strong>τουτέστι</strong></span> <span class='ocrx_word' id='word_1_585' title='bbox 1718 1055 1767 1088; x_wconf 79' lang='grc' dir='ltr'>τὴν</span> 
     </span>
    </p>
   </div>
   <div class='ocr_carea' id='block_1_81' title="bbox 984 1097 1812 1138">
    <p class='ocr_par' dir='ltr' id='par_1_81' title="bbox 984 1097 1812 1138">
     <span class='ocr_line' id='line_1_81' title="bbox 984 1097 1812 1138; baseline -0.004 -9"><span class='ocrx_word' id='word_1_586' title='bbox 984 1103 1031 1130; x_wconf 82' lang='grc' dir='ltr'>τοῦ</span> <span class='ocrx_word' id='word_1_587' title='bbox 1045 1103 1104 1134; x_wconf 80' lang='grc' dir='ltr'>νοὸς</span> <span class='ocrx_word' id='word_1_588' title='bbox 1119 1103 1251 1137; x_wconf 77' lang='grc' dir='ltr'>φυλακήν.</span> <span class='ocrx_word' id='word_1_589' title='bbox 1262 1102 1348 1138; x_wconf 82' lang='grc' dir='ltr'><strong>Χρεία</strong></span> <span class='ocrx_word' id='word_1_590' title='bbox 1360 1102 1388 1128; x_wconf 85' lang='grc' dir='ltr'>δέ</span> <span class='ocrx_word' id='word_1_591' title='bbox 1398 1103 1455 1128; x_wconf 79' lang='grc' dir='ltr'>ἐστι</span> <span class='ocrx_word' id='word_1_592' title='bbox 1468 1102 1514 1128; x_wconf 75' lang='grc' dir='ltr'>καὶ</span> <span class='ocrx_word' id='word_1_593' title='bbox 1528 1102 1577 1136; x_wconf 85' lang='grc' dir='ltr'>τῆς</span> <span class='ocrx_word' id='word_1_594' title='bbox 1590 1102 1621 1127; x_wconf 81' lang='grc' dir='ltr'>ἐκ</span> <span class='ocrx_word' id='word_1_595' title='bbox 1636 1099 1689 1126; x_wconf 79' lang='grc' dir='ltr'><strong>τῶν</strong></span> <span class='ocrx_word' id='word_1_596' title='bbox 1703 1100 1768 1134; x_wconf 73' lang='grc' dir='ltr'>φύλ-</span> <span class='ocrx_word' id='word_1_597' title='bbox 1807 1097 1812 1103; x_wconf 81' lang='grc'><em>’</em></span> 
     </span>
    </p>
   </div>
   <div class='ocr_carea' id='block_1_82' title="bbox 985 1146 1768 1182">
    <p class='ocr_par' dir='ltr' id='par_1_82' title="bbox 985 1146 1768 1182">
     <span class='ocr_line' id='line_1_82' title="bbox 985 1146 1768 1182; baseline -0.004 -7"><span class='ocrx_word' id='word_1_598' title='bbox 985 1149 1038 1175; x_wconf 91' lang='grc' dir='ltr'>λων</span> <span class='ocrx_word' id='word_1_599' title='bbox 1054 1149 1157 1182; x_wconf 79' lang='grc' dir='ltr'><strong>σκέπης</strong></span> <span class='ocrx_word' id='word_1_600' title='bbox 1170 1149 1218 1175; x_wconf 74' lang='grc' dir='ltr'>καὶ</span> <span class='ocrx_word' id='word_1_601' title='bbox 1230 1147 1377 1182; x_wconf 78' lang='grc' dir='ltr'><strong>εὐκοσμίας</strong></span> <span class='ocrx_word' id='word_1_602' title='bbox 1388 1167 1395 1179; x_wconf 85' lang='grc'>,</span> <span class='ocrx_word' id='word_1_603' title='bbox 1413 1147 1492 1174; x_wconf 73' lang='grc' dir='ltr'>ἅτινά</span> <span class='ocrx_word' id='word_1_604' title='bbox 1504 1148 1577 1173; x_wconf 76' lang='grc' dir='ltr'>ἐστιν</span> <span class='ocrx_word' id='word_1_605' title='bbox 1589 1148 1603 1173; x_wconf 89' lang='lat'><strong>6</strong></span> <span class='ocrx_word' id='word_1_606' title='bbox 1613 1146 1768 1180; x_wconf 79' lang='grc' dir='ltr'>σωματικὺς</span> 
     </span>
    </p>
   </div>
   <div class='ocr_carea' id='block_1_83' title="bbox 985 1193 1077 1224">
    <p class='ocr_par' dir='ltr' id='par_1_83' title="bbox 985 1193 1077 1224">
     <span class='ocr_line' id='line_1_83' title="bbox 985 1193 1077 1224; baseline 0 -6"><span class='ocrx_word' id='word_1_607' title='bbox 985 1193 1077 1224; x_wconf 81' lang='grc' dir='ltr'><strong>κόπος.</strong></span> 
     </span>
    </p>
   </div>
   <div class='ocr_carea' id='block_1_84' title="bbox 1021 1235 1766 1272">
    <p class='ocr_par' dir='ltr' id='par_1_84' title="bbox 1021 1235 1766 1272">
     <span class='ocr_line' id='line_1_84' title="bbox 1021 1235 1766 1272; baseline -0.003 -9"><span class='ocrx_word' id='word_1_608' title='bbox 1021 1237 1054 1263; x_wconf 81' lang='grc' dir='ltr'><strong>ϐ’.</strong></span> <span class='ocrx_word' id='word_1_609' title='bbox 1072 1236 1232 1272; x_wconf 80' lang='grc' dir='ltr'>Ὴρὼτησαν</span> <span class='ocrx_word' id='word_1_610' title='bbox 1247 1236 1328 1263; x_wconf 73' lang='grc' dir='ltr'>αὐτὸν</span> <span class='ocrx_word' id='word_1_611' title='bbox 1348 1236 1428 1263; x_wconf 83' lang='grc' dir='ltr'>πάλιν</span> <span class='ocrx_word' id='word_1_612' title='bbox 1453 1237 1477 1262; x_wconf 78' lang='grc' dir='ltr'>οἱ</span> <span class='ocrx_word' id='word_1_613' title='bbox 1495 1235 1603 1270; x_wconf 74' lang='grc' dir='ltr'>ἀδελφοὶ</span> <span class='ocrx_word' id='word_1_614' title='bbox 1627 1235 1766 1270; x_wconf 79' lang='grc' dir='ltr'>λέγοντες·</span> 
     </span>
    </p>
   </div>
   <div class='ocr_carea' id='block_1_85' title="bbox 986 1281 1769 1318">
    <p class='ocr_par' dir='ltr' id='par_1_85' title="bbox 986 1281 1769 1318">
     <span class='ocr_line' id='line_1_85' title="bbox 986 1281 1769 1318; baseline -0.003 -10"><span class='ocrx_word' id='word_1_615' title='bbox 986 1283 1052 1309; x_wconf 85' lang='grc' dir='ltr'>Ποία</span> <span class='ocrx_word' id='word_1_616' title='bbox 1065 1283 1148 1318; x_wconf 86' lang='grc' dir='ltr'>ἀρετή</span> <span class='ocrx_word' id='word_1_617' title='bbox 1168 1283 1236 1315; x_wconf 77' lang='grc' dir='ltr'>ἐστι,</span> <span class='ocrx_word' id='word_1_618' title='bbox 1253 1282 1353 1316; x_wconf 81' lang='grc' dir='ltr'>Πάτερ,</span> <span class='ocrx_word' id='word_1_619' title='bbox 1368 1284 1396 1308; x_wconf 77' lang='grc' dir='ltr'>ἐν</span> <span class='ocrx_word' id='word_1_620' title='bbox 1413 1283 1471 1313; x_wconf 86' lang='grc' dir='ltr'>ταῖς</span> <span class='ocrx_word' id='word_1_621' title='bbox 1490 1281 1638 1313; x_wconf 78' lang='grc' dir='ltr'><strong>πολιτείαις</strong></span> <span class='ocrx_word' id='word_1_622' title='bbox 1649 1301 1655 1312; x_wconf 89' lang='grc'>,</span> <span class='ocrx_word' id='word_1_623' title='bbox 1670 1281 1769 1316; x_wconf 77' lang='grc' dir='ltr'>ἔχουσα</span> 
     </span>
    </p>
   </div>
   <div class='ocr_carea' id='block_1_86' title="bbox 986 1327 1766 1362">
    <p class='ocr_par' dir='ltr' id='par_1_86' title="bbox 986 1327 1766 1362">
     <span class='ocr_line' id='line_1_86' title="bbox 986 1327 1766 1362; baseline -0.001 -9"><span class='ocrx_word' id='word_1_624' title='bbox 986 1328 1093 1354; x_wconf 78' lang='grc' dir='ltr'>πλείονα</span> <span class='ocrx_word' id='word_1_625' title='bbox 1113 1328 1251 1362; x_wconf 82' lang='grc' dir='ltr'>κάματον;</span> <span class='ocrx_word' id='word_1_626' title='bbox 1269 1329 1349 1362; x_wconf 81' lang='grc' dir='ltr'>Λέγει</span> <span class='ocrx_word' id='word_1_627' title='bbox 1375 1329 1479 1359; x_wconf 72' lang='grc' dir='ltr'>αὐτοῖς·</span> <span class='ocrx_word' id='word_1_628' title='bbox 1492 1327 1688 1362; x_wconf 80' lang='grc' dir='ltr'>Συγχωρήσατέ</span> <span class='ocrx_word' id='word_1_629' title='bbox 1712 1335 1766 1361; x_wconf 86' lang='grc' dir='ltr'>μοι,</span> 
     </span>
    </p>
   </div>
   <div class='ocr_carea' id='block_1_87' title="bbox 985 1371 1768 1408">
    <p class='ocr_par' dir='ltr' id='par_1_87' title="bbox 985 1371 1768 1408">
     <span class='ocr_line' id='line_1_87' title="bbox 985 1371 1768 1408; baseline 0 -10"><span class='ocrx_word' id='word_1_630' title='bbox 985 1373 1124 1407; x_wconf 76' lang='grc' dir='ltr'>λογίζομαι</span> <span class='ocrx_word' id='word_1_631' title='bbox 1139 1373 1179 1399; x_wconf 75' lang='grc' dir='ltr'>ὅτι</span> <span class='ocrx_word' id='word_1_632' title='bbox 1191 1373 1242 1398; x_wconf 76' lang='grc' dir='ltr'>οὐκ</span> <span class='ocrx_word' id='word_1_633' title='bbox 1256 1373 1330 1398; x_wconf 76' lang='grc' dir='ltr'>ἐστιν</span> <span class='ocrx_word' id='word_1_634' title='bbox 1349 1373 1441 1408; x_wconf 74' lang='grc' dir='ltr'>ἕτερος</span> <span class='ocrx_word' id='word_1_635' title='bbox 1460 1372 1596 1407; x_wconf 78' lang='grc' dir='ltr'>κάματος,</span> <span class='ocrx_word' id='word_1_636' title='bbox 1620 1372 1656 1404; x_wconf 83' lang='grc' dir='ltr'>ὡς</span> <span class='ocrx_word' id='word_1_637' title='bbox 1672 1372 1703 1398; x_wconf 77' lang='grc' dir='ltr'><strong>τὺ</strong></span> <span class='ocrx_word' id='word_1_638' title='bbox 1722 1371 1768 1398; x_wconf 75' lang='grc' dir='ltr'><strong>εὗ-</strong></span> 
     </span>
    </p>
   </div>
   <div class='ocr_carea' id='block_1_88' title="bbox 985 1416 1769 1452">
    <p class='ocr_par' dir='ltr' id='par_1_88' title="bbox 985 1416 1769 1452">
     <span class='ocr_line' id='line_1_88' title="bbox 985 1416 1769 1452; baseline 0 -10"><span class='ocrx_word' id='word_1_639' title='bbox 985 1417 1081 1450; x_wconf 77' lang='grc' dir='ltr'>ξασθαι</span> <span class='ocrx_word' id='word_1_640' title='bbox 1095 1416 1133 1452; x_wconf 81' lang='grc' dir='ltr'>τῷ</span> <span class='ocrx_word' id='word_1_641' title='bbox 1146 1416 1214 1451; x_wconf 85' lang='grc' dir='ltr'>Θεῷ.</span> <span class='ocrx_word' id='word_1_642' title='bbox 1231 1417 1350 1443; x_wconf 83' lang='grc' dir='ltr'>Πάντοτε</span> <span class='ocrx_word' id='word_1_643' title='bbox 1373 1417 1427 1451; x_wconf 82' lang='grc' dir='ltr'>γὰρ</span> <span class='ocrx_word' id='word_1_644' title='bbox 1448 1417 1491 1443; x_wconf 84' lang='grc' dir='ltr'>ὅτε</span> <span class='ocrx_word' id='word_1_645' title='bbox 1507 1416 1570 1452; x_wconf 78' lang='grc' dir='ltr'>θέλῃ</span> <span class='ocrx_word' id='word_1_646' title='bbox 1589 1418 1603 1443; x_wconf 87' lang='lat'><strong>6</strong></span> <span class='ocrx_word' id='word_1_647' title='bbox 1627 1416 1769 1452; x_wconf 81' lang='grc' dir='ltr'>ἄνθρωπος</span> 
     </span>
    </p>
   </div>
   <div class='ocr_carea' id='block_1_89' title="bbox 985 1460 1766 1496">
    <p class='ocr_par' dir='ltr' id='par_1_89' title="bbox 985 1460 1766 1496">
     <span class='ocr_line' id='line_1_89' title="bbox 985 1460 1766 1496; baseline 0.003 -10"><span class='ocrx_word' id='word_1_648' title='bbox 985 1460 1183 1496; x_wconf 77' lang='grc' dir='ltr'><strong>προσεύξασθαι</strong></span> <span class='ocrx_word' id='word_1_649' title='bbox 1195 1481 1201 1492; x_wconf 83' lang='lat'><strong>,</strong></span> <span class='ocrx_word' id='word_1_650' title='bbox 1219 1460 1356 1495; x_wconf 80' lang='grc' dir='ltr'>βούλονται</span> <span class='ocrx_word' id='word_1_651' title='bbox 1375 1462 1399 1487; x_wconf 80' lang='grc' dir='ltr'>οὶ</span> <span class='ocrx_word' id='word_1_652' title='bbox 1418 1461 1508 1496; x_wconf 73' lang='grc' dir='ltr'>ἐχθροὶ</span> <span class='ocrx_word' id='word_1_653' title='bbox 1530 1461 1643 1496; x_wconf 58' lang='grc' dir='ltr'>ἐκκόψαι</span> <span class='ocrx_word' id='word_1_654' title='bbox 1666 1462 1745 1488; x_wconf 76' lang='grc' dir='ltr'>αὐτόν</span> <span class='ocrx_word' id='word_1_655' title='bbox 1759 1469 1766 1476; x_wconf 80' lang='grc'><strong>⁸</strong></span> 
     </span>
    </p>
   </div>
   <div class='ocr_carea' id='block_1_90' title="bbox 984 1507 1769 1543">
    <p class='ocr_par' dir='ltr' id='par_1_90' title="bbox 984 1507 1769 1543">
     <span class='ocr_line' id='line_1_90' title="bbox 984 1507 1769 1543; baseline -0.001 -9"><span class='ocrx_word' id='word_1_656' title='bbox 984 1508 1069 1534; x_wconf 77' lang='grc' dir='ltr'>οἴδασι</span> <span class='ocrx_word' id='word_1_657' title='bbox 1095 1507 1148 1543; x_wconf 80' lang='grc' dir='ltr'><strong>γὰρ</strong></span> <span class='ocrx_word' id='word_1_658' title='bbox 1163 1508 1202 1534; x_wconf 82' lang='grc' dir='ltr'>ὅτι</span> <span class='ocrx_word' id='word_1_659' title='bbox 1218 1507 1367 1542; x_wconf 75' lang='grc' dir='ltr'>οὐδαμόθεν</span> <span class='ocrx_word' id='word_1_660' title='bbox 1388 1507 1593 1542; x_wconf 75' lang='grc' dir='ltr'>ἐμποδίζονται,</span> <span class='ocrx_word' id='word_1_661' title='bbox 1614 1508 1637 1533; x_wconf 76' lang='grc' dir='ltr'><strong>εί</strong></span> <span class='ocrx_word' id='word_1_662' title='bbox 1657 1507 1694 1542; x_wconf 81' lang='grc' dir='ltr'>μὴ</span> <span class='ocrx_word' id='word_1_663' title='bbox 1715 1507 1769 1533; x_wconf 76' lang='grc' dir='ltr'>ἀπὸ</span> 
     </span>
    </p>
   </div>
   <div class='ocr_carea' id='block_1_91' title="bbox 985 1553 1768 1588">
    <p class='ocr_par' dir='ltr' id='par_1_91' title="bbox 985 1553 1768 1588">
     <span class='ocr_line' id='line_1_91' title="bbox 985 1553 1768 1588; baseline 0 -8"><span class='ocrx_word' id='word_1_664' title='bbox 985 1554 1032 1580; x_wconf 79' lang='grc' dir='ltr'>τοῦ</span> <span class='ocrx_word' id='word_1_665' title='bbox 1048 1553 1176 1586; x_wconf 70' lang='grc' dir='ltr'>εὖξασθαι</span> <span class='ocrx_word' id='word_1_666' title='bbox 1190 1553 1229 1588; x_wconf 86' lang='grc' dir='ltr'>τῷ</span> <span class='ocrx_word' id='word_1_667' title='bbox 1242 1553 1310 1588; x_wconf 82' lang='grc' dir='ltr'><strong>Θεῷ.</strong></span> <span class='ocrx_word' id='word_1_668' title='bbox 1324 1555 1379 1581; x_wconf 79' lang='grc' dir='ltr'><strong>Καὶ</strong></span> <span class='ocrx_word' id='word_1_669' title='bbox 1392 1555 1480 1580; x_wconf 78' lang='grc' dir='ltr'>πᾶσαν</span> <span class='ocrx_word' id='word_1_670' title='bbox 1495 1553 1523 1579; x_wconf 79' lang='grc' dir='ltr'><strong>δὲ</strong></span> <span class='ocrx_word' id='word_1_671' title='bbox 1540 1553 1675 1580; x_wconf 84' lang='grc' dir='ltr'>πολιτείαν</span> <span class='ocrx_word' id='word_1_672' title='bbox 1689 1554 1720 1588; x_wconf 80' lang='grc' dir='ltr'>ἣν</span> <span class='ocrx_word' id='word_1_673' title='bbox 1736 1555 1768 1580; x_wconf 81' lang='grc' dir='ltr'>ἂν</span> 
     </span>
    </p>
   </div>
   <div class='ocr_carea' id='block_1_92' title="bbox 988 1598 1768 1635">
    <p class='ocr_par' dir='ltr' id='par_1_92' title="bbox 988 1598 1768 1635">
     <span class='ocr_line' id='line_1_92' title="bbox 988 1598 1768 1635; baseline 0 -11"><span class='ocrx_word' id='word_1_674' title='bbox 988 1599 1104 1635; x_wconf 76' lang='grc' dir='ltr'>μετέλθῃ</span> <span class='ocrx_word' id='word_1_675' title='bbox 1117 1599 1139 1614; x_wconf 86' lang='grc'><strong>⁸¹</strong></span> <span class='ocrx_word' id='word_1_676' title='bbox 1153 1599 1308 1635; x_wconf 70' lang='grc' dir='ltr'>ἄνθρωπος,</span> <span class='ocrx_word' id='word_1_677' title='bbox 1325 1598 1499 1634; x_wconf 83' lang='grc' dir='ltr'>ὲγκαρτερῶν</span> <span class='ocrx_word' id='word_1_678' title='bbox 1518 1599 1546 1624; x_wconf 79' lang='grc' dir='ltr'>ἐν</span> <span class='ocrx_word' id='word_1_679' title='bbox 1563 1599 1630 1633; x_wconf 80' lang='grc' dir='ltr'>αὐτῇ</span> <span class='ocrx_word' id='word_1_680' title='bbox 1644 1618 1650 1628; x_wconf 80' lang='lat'><strong>,</strong></span> <span class='ocrx_word' id='word_1_681' title='bbox 1670 1600 1768 1625; x_wconf 75' lang='grc' dir='ltr'>κτᾶται</span> 
     </span>
    </p>
   </div>
   <div class='ocr_carea' id='block_1_93' title="bbox 986 1645 1769 1680">
    <p class='ocr_par' dir='ltr' id='par_1_93' title="bbox 986 1645 1769 1680">
     <span class='ocr_line' id='line_1_93' title="bbox 986 1645 1769 1680; baseline 0.001 -9"><span class='ocrx_word' id='word_1_682' title='bbox 986 1645 1137 1672; x_wconf 81' lang='grc' dir='ltr'>ἀνάπαυσιν</span> <span class='ocrx_word' id='word_1_683' title='bbox 1147 1653 1154 1660; x_wconf 88' lang='grc'><strong>·</strong></span> <span class='ocrx_word' id='word_1_684' title='bbox 1180 1646 1211 1672; x_wconf 72' lang='grc' dir='ltr'><strong>τὸ</strong></span> <span class='ocrx_word' id='word_1_685' title='bbox 1225 1646 1253 1672; x_wconf 83' lang='grc' dir='ltr'><strong>δὲ</strong></span> <span class='ocrx_word' id='word_1_686' title='bbox 1268 1645 1396 1678; x_wconf 71' lang='grc' dir='ltr'>εὔξασθαι</span> <span class='ocrx_word' id='word_1_687' title='bbox 1410 1650 1419 1677; x_wconf 56' lang='grc'><strong>,⁸</strong></span> <span class='ocrx_word' id='word_1_688' title='bbox 1431 1645 1483 1677; x_wconf 71' lang='grc' dir='ltr'><strong>ἕως</strong></span> <span class='ocrx_word' id='word_1_689' title='bbox 1498 1645 1614 1680; x_wconf 78' lang='grc' dir='ltr'><strong>ἐσχάτης</strong></span> <span class='ocrx_word' id='word_1_690' title='bbox 1632 1645 1769 1680; x_wconf 78' lang='grc' dir='ltr'>ἀναπνοῆς</span> 
     </span>
    </p>
   </div>
   <div class='ocr_carea' id='block_1_94' title="bbox 986 1690 1243 1726">
    <p class='ocr_par' dir='ltr' id='par_1_94' title="bbox 986 1690 1243 1726">
     <span class='ocr_line' id='line_1_94' title="bbox 986 1690 1243 1726; baseline 0.008 -10"><span class='ocrx_word' id='word_1_691' title='bbox 986 1690 1089 1725; x_wconf 83' lang='grc' dir='ltr'>ἀγῶνος</span> <span class='ocrx_word' id='word_1_692' title='bbox 1103 1691 1198 1726; x_wconf 74' lang='grc' dir='ltr'>χρῄζει</span> <span class='ocrx_word' id='word_1_693' title='bbox 1211 1692 1243 1718; x_wconf 80' lang='grc'><strong>⁵³.</strong></span> 
     </span>
    </p>
   </div>
   <div class='ocr_carea' id='block_1_95' title="bbox 1021 1734 1769 1773">
    <p class='ocr_par' dir='ltr' id='par_1_95' title="bbox 1021 1734 1769 1773">
     <span class='ocr_line' id='line_1_95' title="bbox 1021 1734 1769 1773; baseline 0.003 -11"><span class='ocrx_word' id='word_1_694' title='bbox 1021 1739 1044 1762; x_wconf 86' lang='grc' dir='ltr'><strong>ι’.</strong></span> <span class='ocrx_word' id='word_1_695' title='bbox 1061 1734 1114 1762; x_wconf 87' lang='grc' dir='ltr'>Ἦν</span> <span class='ocrx_word' id='word_1_696' title='bbox 1130 1737 1157 1762; x_wconf 78' lang='grc' dir='ltr'><strong>δὲ</strong></span> <span class='ocrx_word' id='word_1_697' title='bbox 1174 1737 1188 1762; x_wconf 84' lang='lat'><strong>6</strong></span> <span class='ocrx_word' id='word_1_698' title='bbox 1200 1737 1286 1768; x_wconf 77' lang='grc' dir='ltr'><strong><em>ἀῦΰᾶς</em></strong></span> <span class='ocrx_word' id='word_1_699' title='bbox 1304 1736 1426 1771; x_wconf 75' lang='grc' dir='ltr'>’Δγάθων</span> <span class='ocrx_word' id='word_1_700' title='bbox 1445 1737 1523 1770; x_wconf 67' lang='grc' dir='ltr'>σοφὸς</span> <span class='ocrx_word' id='word_1_701' title='bbox 1536 1738 1565 1763; x_wconf 82' lang='grc' dir='ltr'>ὲν</span> <span class='ocrx_word' id='word_1_702' title='bbox 1580 1738 1618 1772; x_wconf 83' lang='grc' dir='ltr'>τῷ</span> <span class='ocrx_word' id='word_1_703' title='bbox 1637 1738 1769 1773; x_wconf 86' lang='grc' dir='ltr'>διανοητι-</span> 
     </span>
    </p>
   </div>
   <div class='ocr_carea' id='block_1_96' title="bbox 986 1780 1768 1819">
    <p class='ocr_par' dir='ltr' id='par_1_96' title="bbox 986 1780 1768 1819">
     <span class='ocr_line' id='line_1_96' title="bbox 986 1780 1768 1819; baseline 0.004 -12"><span class='ocrx_word' id='word_1_704' title='bbox 986 1780 1043 1816; x_wconf 86' lang='grc' dir='ltr'><strong>κῷ.</strong></span> <span class='ocrx_word' id='word_1_705' title='bbox 1059 1781 1105 1807; x_wconf 81' lang='grc' dir='ltr'><strong>καὶ</strong></span> <span class='ocrx_word' id='word_1_706' title='bbox 1119 1781 1214 1812; x_wconf 78' lang='grc' dir='ltr'>ἄοκνος</span> <span class='ocrx_word' id='word_1_707' title='bbox 1235 1783 1264 1808; x_wconf 82' lang='grc' dir='ltr'>ὲν</span> <span class='ocrx_word' id='word_1_708' title='bbox 1284 1782 1322 1816; x_wconf 85' lang='grc' dir='ltr'>τῷ</span> <span class='ocrx_word' id='word_1_709' title='bbox 1340 1782 1486 1817; x_wconf 86' lang='grc' dir='ltr'>σωματικῴ</span> <span class='ocrx_word' id='word_1_710' title='bbox 1498 1803 1504 1814; x_wconf 83' lang='grc'>,</span> <span class='ocrx_word' id='word_1_711' title='bbox 1522 1784 1568 1809; x_wconf 79' lang='grc' dir='ltr'>καὶ</span> <span class='ocrx_word' id='word_1_712' title='bbox 1580 1784 1717 1819; x_wconf 75' lang='grc' dir='ltr'>αὐτάρκης</span> <span class='ocrx_word' id='word_1_713' title='bbox 1739 1785 1768 1809; x_wconf 80' lang='grc' dir='ltr'>ὲν</span> 
     </span>
    </p>
   </div>
   <div class='ocr_carea' id='block_1_97' title="bbox 987 1827 1766 1865">
    <p class='ocr_par' dir='ltr' id='par_1_97' title="bbox 987 1827 1766 1865">
     <span class='ocr_line' id='line_1_97' title="bbox 987 1827 1766 1865; baseline 0.005 -13"><span class='ocrx_word' id='word_1_714' title='bbox 987 1828 1085 1859; x_wconf 80' lang='grc' dir='ltr'>πᾶσιν,</span> <span class='ocrx_word' id='word_1_715' title='bbox 1100 1827 1128 1853; x_wconf 79' lang='grc' dir='ltr'>ἔν</span> <span class='ocrx_word' id='word_1_716' title='bbox 1145 1836 1174 1854; x_wconf 87' lang='grc' dir='ltr'><strong>τε</strong></span> <span class='ocrx_word' id='word_1_717' title='bbox 1197 1827 1237 1863; x_wconf 88' lang='grc' dir='ltr'>τῷ</span> <span class='ocrx_word' id='word_1_718' title='bbox 1261 1828 1410 1864; x_wconf 86' lang='grc' dir='ltr'>ὲργοχείρῳ</span> <span class='ocrx_word' id='word_1_719' title='bbox 1436 1830 1482 1855; x_wconf 76' lang='grc' dir='ltr'>καὶ</span> <span class='ocrx_word' id='word_1_720' title='bbox 1507 1830 1539 1864; x_wconf 88' lang='grc' dir='ltr'><strong>τῇ</strong></span> <span class='ocrx_word' id='word_1_721' title='bbox 1562 1831 1647 1865; x_wconf 65' lang='grc' dir='ltr'>τροφῇ</span> <span class='ocrx_word' id='word_1_722' title='bbox 1673 1830 1717 1856; x_wconf 75' lang='grc' dir='ltr'>καὶ</span> <span class='ocrx_word' id='word_1_723' title='bbox 1733 1831 1766 1865; x_wconf 81' lang='grc' dir='ltr'>τῇ</span> 
     </span>
    </p>
   </div>
   <div class='ocr_carea' id='block_1_98' title="bbox 986 1873 1089 1907">
    <p class='ocr_par' dir='ltr' id='par_1_98' title="bbox 986 1873 1089 1907">
     <span class='ocr_line' id='line_1_98' title="bbox 986 1873 1089 1907; baseline 0.01 -8"><span class='ocrx_word' id='word_1_724' title='bbox 986 1873 1089 1907; x_wconf 79' lang='grc' dir='ltr'>ὲσθῆτι.</span> 
     </span>
    </p>
   </div>
   <div class='ocr_carea' id='block_1_99' title="bbox 1020 1919 1768 1956">
    <p class='ocr_par' dir='ltr' id='par_1_99' title="bbox 1020 1919 1768 1956">
     <span class='ocr_line' id='line_1_99' title="bbox 1020 1919 1768 1956; baseline 0.004 -11"><span class='ocrx_word' id='word_1_725' title='bbox 1020 1923 1063 1945; x_wconf 84' lang='grc' dir='ltr'>ια’.</span> <span class='ocrx_word' id='word_1_726' title='bbox 1084 1919 1112 1945; x_wconf 94' lang='lat'><strong>&#39;0</strong></span> <span class='ocrx_word' id='word_1_727' title='bbox 1128 1919 1208 1951; x_wconf 73' lang='grc' dir='ltr'>αὐτὸς</span> <span class='ocrx_word' id='word_1_728' title='bbox 1219 1919 1302 1946; x_wconf 79' lang='grc' dir='ltr'>ὥδευε</span> <span class='ocrx_word' id='word_1_729' title='bbox 1317 1919 1387 1955; x_wconf 81' lang='grc' dir='ltr'>μετὰ</span> <span class='ocrx_word' id='word_1_730' title='bbox 1400 1920 1453 1946; x_wconf 84' lang='grc' dir='ltr'><strong>τῶν</strong></span> <span class='ocrx_word' id='word_1_731' title='bbox 1467 1920 1594 1956; x_wconf 83' lang='grc' dir='ltr'>μαθητῶν</span> <span class='ocrx_word' id='word_1_732' title='bbox 1609 1921 1690 1948; x_wconf 69' lang='grc' dir='ltr'>αὑτοῦ</span> <span class='ocrx_word' id='word_1_733' title='bbox 1700 1931 1706 1936; x_wconf 93' lang='grc'>·</span> <span class='ocrx_word' id='word_1_734' title='bbox 1721 1922 1768 1948; x_wconf 70' lang='grc' dir='ltr'>καὶ</span> 
     </span>
    </p>
   </div>
   <div class='ocr_carea' id='block_1_100' title="bbox 986 1962 1766 2002">
    <p class='ocr_par' dir='ltr' id='par_1_100' title="bbox 986 1962 1766 2002">
     <span class='ocr_line' id='line_1_100' title="bbox 986 1962 1766 2002; baseline 0.004 -12"><span class='ocrx_word' id='word_1_735' title='bbox 986 1964 1072 1999; x_wconf 86' lang='grc' dir='ltr'>εὑρὼν</span> <span class='ocrx_word' id='word_1_736' title='bbox 1087 1962 1126 1995; x_wconf 71' lang='grc' dir='ltr'>εἷς</span> <span class='ocrx_word' id='word_1_737' title='bbox 1150 1965 1179 1998; x_wconf 74' lang='grc' dir='ltr'><strong>ἐξ</strong></span> <span class='ocrx_word' id='word_1_738' title='bbox 1194 1965 1283 1992; x_wconf 74' lang='grc' dir='ltr'>αὐτῶν</span> <span class='ocrx_word' id='word_1_739' title='bbox 1309 1966 1405 2001; x_wconf 79' lang='grc' dir='ltr'>μικρὸν</span> <span class='ocrx_word' id='word_1_740' title='bbox 1420 1966 1534 2001; x_wconf 83' lang='grc' dir='ltr'>ἀράκιον</span> <span class='ocrx_word' id='word_1_741' title='bbox 1557 1966 1660 2002; x_wconf 68' lang='grc' dir='ltr'>χλωρὸν</span> <span class='ocrx_word' id='word_1_742' title='bbox 1686 1968 1714 1993; x_wconf 71' lang='grc' dir='ltr'>ἐν</span> <span class='ocrx_word' id='word_1_743' title='bbox 1733 1969 1766 2002; x_wconf 88' lang='grc' dir='ltr'><strong>τῇ</strong></span> 
     </span>
    </p>
   </div>
   <div class='ocr_carea' id='block_1_101' title="bbox 986 2010 1766 2046">
    <p class='ocr_par' dir='ltr' id='par_1_101' title="bbox 986 2010 1766 2046">
     <span class='ocr_line' id='line_1_101' title="bbox 986 2010 1766 2046; baseline 0.004 -10"><span class='ocrx_word' id='word_1_744' title='bbox 986 2010 1037 2045; x_wconf 77' lang='grc' dir='ltr'><strong>ὁδῷ</strong></span> <span class='ocrx_word' id='word_1_745' title='bbox 1046 2030 1053 2042; x_wconf 83' lang='grc'>,</span> <span class='ocrx_word' id='word_1_746' title='bbox 1066 2010 1139 2044; x_wconf 81' lang='grc' dir='ltr'>λέγει</span> <span class='ocrx_word' id='word_1_747' title='bbox 1154 2010 1192 2045; x_wconf 80' lang='grc' dir='ltr'>τῷ</span> <span class='ocrx_word' id='word_1_748' title='bbox 1206 2011 1314 2046; x_wconf 82' lang='grc' dir='ltr'>γέροντι</span> <span class='ocrx_word' id='word_1_749' title='bbox 1326 2020 1330 2025; x_wconf 91' lang='grc'><strong>·</strong></span> <span class='ocrx_word' id='word_1_750' title='bbox 1344 2012 1434 2046; x_wconf 83' lang='grc' dir='ltr'>Πάτερ</span> <span class='ocrx_word' id='word_1_751' title='bbox 1446 2032 1453 2044; x_wconf 89' lang='grc'><strong>,</strong></span> <span class='ocrx_word' id='word_1_752' title='bbox 1466 2011 1585 2044; x_wconf 76' lang='grc' dir='ltr'><strong>κελεύεις</strong></span> <span class='ocrx_word' id='word_1_753' title='bbox 1599 2012 1673 2039; x_wconf 77' lang='grc' dir='ltr'>λάϐω</span> <span class='ocrx_word' id='word_1_754' title='bbox 1684 2013 1766 2045; x_wconf 67' lang='grc' dir='ltr'>αὑτός</span> 
     </span>
    </p>
   </div>
   <div class='ocr_carea' id='block_1_102' title="bbox 987 2055 1766 2092">
    <p class='ocr_par' dir='ltr' id='par_1_102' title="bbox 987 2055 1766 2092">
     <span class='ocr_line' id='line_1_102' title="bbox 987 2055 1766 2092; baseline 0.004 -11"><span class='ocrx_word' id='word_1_755' title='bbox 987 2056 1136 2090; x_wconf 77' lang='grc' dir='ltr'>προσέσχεν</span> <span class='ocrx_word' id='word_1_756' title='bbox 1147 2055 1193 2083; x_wconf 77' lang='grc' dir='ltr'>οὖν</span> <span class='ocrx_word' id='word_1_757' title='bbox 1208 2057 1223 2082; x_wconf 87' lang='lat'><strong>6</strong></span> <span class='ocrx_word' id='word_1_758' title='bbox 1236 2057 1324 2092; x_wconf 85' lang='grc' dir='ltr'>γέρων</span> <span class='ocrx_word' id='word_1_759' title='bbox 1339 2057 1411 2092; x_wconf 72' lang='grc' dir='ltr'>αὐτῷ</span> <span class='ocrx_word' id='word_1_760' title='bbox 1426 2057 1572 2092; x_wconf 79' lang='grc' dir='ltr'><strong>Θαυμάζων</strong></span> <span class='ocrx_word' id='word_1_761' title='bbox 1584 2078 1591 2091; x_wconf 84' lang='grc'>,</span> <span class='ocrx_word' id='word_1_762' title='bbox 1609 2059 1655 2084; x_wconf 72' lang='grc' dir='ltr'>καὶ</span> <span class='ocrx_word' id='word_1_763' title='bbox 1671 2058 1744 2092; x_wconf 85' lang='grc' dir='ltr'>λέγει</span> <span class='ocrx_word' id='word_1_764' title='bbox 1759 2067 1766 2074; x_wconf 69' lang='grc' dir='ltr'><strong>σ</strong></span> 
     </span>
    </p>
   </div>
   <div class='ocr_carea' id='block_1_103' title="bbox 987 2101 1767 2138">
    <p class='ocr_par' dir='ltr' id='par_1_103' title="bbox 987 2101 1767 2138">
     <span class='ocr_line' id='line_1_103' title="bbox 987 2101 1767 2138; baseline 0.003 -10"><span class='ocrx_word' id='word_1_765' title='bbox 987 2102 1023 2128; x_wconf 82' lang='grc' dir='ltr'><strong>Σὺ</strong></span> <span class='ocrx_word' id='word_1_766' title='bbox 1046 2101 1147 2136; x_wconf 73' lang='grc' dir='ltr'>ἔθηκας</span> <span class='ocrx_word' id='word_1_767' title='bbox 1172 2102 1236 2128; x_wconf 74' lang='grc' dir='ltr'>αὐτὸ</span> <span class='ocrx_word' id='word_1_768' title='bbox 1253 2103 1327 2135; x_wconf 81' lang='grc' dir='ltr'><strong>ἐκεῖ;</strong></span> <span class='ocrx_word' id='word_1_769' title='bbox 1345 2103 1424 2137; x_wconf 80' lang='grc' dir='ltr'>Λέγει</span> <span class='ocrx_word' id='word_1_770' title='bbox 1441 2104 1454 2129; x_wconf 90' lang='lat'><strong>6</strong></span> <span class='ocrx_word' id='word_1_771' title='bbox 1475 2103 1604 2137; x_wconf 64' lang='grc' dir='ltr'>ἀδελζεόςθ</span> <span class='ocrx_word' id='word_1_772' title='bbox 1621 2104 1697 2138; x_wconf 83' lang='grc' dir='ltr'><strong>Οὐχί.</strong></span> <span class='ocrx_word' id='word_1_773' title='bbox 1713 2105 1767 2130; x_wconf 73' lang='grc' dir='ltr'><strong>Καὶ</strong></span> 
     </span>
    </p>
   </div>
   <div class='ocr_carea' id='block_1_104' title="bbox 986 2145 1765 2184">
    <p class='ocr_par' dir='ltr' id='par_1_104' title="bbox 986 2145 1765 2184">
     <span class='ocr_line' id='line_1_104' title="bbox 986 2145 1765 2184; baseline 0.004 -12"><span class='ocrx_word' id='word_1_774' title='bbox 986 2146 1059 2181; x_wconf 77' lang='grc' dir='ltr'>λέγει</span> <span class='ocrx_word' id='word_1_775' title='bbox 1071 2147 1085 2173; x_wconf 89' lang='lat'><strong>6</strong></span> <span class='ocrx_word' id='word_1_776' title='bbox 1097 2147 1200 2182; x_wconf 80' lang='grc' dir='ltr'>γέρων·</span> <span class='ocrx_word' id='word_1_777' title='bbox 1215 2147 1279 2179; x_wconf 85' lang='grc' dir='ltr'>Πῶς</span> <span class='ocrx_word' id='word_1_778' title='bbox 1293 2145 1338 2174; x_wconf 81' lang='grc' dir='ltr'>οὖν</span> <span class='ocrx_word' id='word_1_779' title='bbox 1352 2147 1437 2179; x_wconf 81' lang='grc' dir='ltr'>οέλεις</span> <span class='ocrx_word' id='word_1_780' title='bbox 1452 2148 1542 2174; x_wconf 79' lang='grc' dir='ltr'>λαϐεῖν</span> <span class='ocrx_word' id='word_1_781' title='bbox 1555 2148 1569 2174; x_wconf 90' lang='grc' dir='ltr'><strong>ὂ</strong></span> <span class='ocrx_word' id='word_1_782' title='bbox 1583 2149 1632 2175; x_wconf 76' lang='grc' dir='ltr'>οὐκ</span> <span class='ocrx_word' id='word_1_783' title='bbox 1645 2148 1746 2184; x_wconf 76' lang='grc' dir='ltr'>ἔθηκας</span> <span class='ocrx_word' id='word_1_784' title='bbox 1759 2158 1765 2181; x_wconf 85' lang='lat'><strong>;</strong></span> 
     </span>
    </p>
   </div>
   <div class='ocr_carea' id='block_1_105' title="bbox 1021 2231 1768 2270">
    <p class='ocr_par' dir='ltr' id='par_1_105' title="bbox 1021 2231 1768 2270">
     <span class='ocr_line' id='line_1_105' title="bbox 1021 2231 1768 2270; baseline 0.004 -10"><span class='ocrx_word' id='word_1_785' title='bbox 1021 2233 1067 2268; x_wconf 80' lang='grc' dir='ltr'>ιβ’.</span> <span class='ocrx_word' id='word_1_786' title='bbox 1089 2233 1212 2269; x_wconf 73' lang='grc' dir='ltr'>’Λδελφὸς</span> <span class='ocrx_word' id='word_1_787' title='bbox 1225 2231 1290 2270; x_wconf 79' lang='grc' dir='ltr'>ἦλθε</span> <span class='ocrx_word' id='word_1_788' title='bbox 1309 2234 1376 2270; x_wconf 76' lang='grc' dir='ltr'>πρὸς</span> <span class='ocrx_word' id='word_1_789' title='bbox 1388 2235 1433 2261; x_wconf 76' lang='grc' dir='ltr'>τὸν</span> <span class='ocrx_word' id='word_1_790' title='bbox 1448 2235 1534 2262; x_wconf 70' lang='grc' dir='ltr'><strong>ἀὸὗᾶν</strong></span> <span class='ocrx_word' id='word_1_791' title='bbox 1554 2236 1693 2270; x_wconf 70' lang='grc' dir='ltr'>Ἀγάθωνα</span> <span class='ocrx_word' id='word_1_792' title='bbox 1705 2257 1711 2267; x_wconf 85' lang='grc'><em>,</em></span> <span class='ocrx_word' id='word_1_793' title='bbox 1725 2237 1768 2263; x_wconf 56' lang='grc' dir='ltr'><strong>λές</strong></span> 
     </span>
    </p>
   </div>
   <div class='ocr_carea' id='block_1_106' title="bbox 987 2279 1767 2316">
    <p class='ocr_par' dir='ltr' id='par_1_106' title="bbox 987 2279 1767 2316">
     <span class='ocr_line' id='line_1_106' title="bbox 987 2279 1767 2316; baseline 0.004 -12"><span class='ocrx_word' id='word_1_794' title='bbox 987 2287 1042 2313; x_wconf 89' lang='grc' dir='ltr'><strong>γων</strong></span> <span class='ocrx_word' id='word_1_795' title='bbox 1053 2287 1059 2293; x_wconf 87' lang='grc'><strong>·</strong></span> <span class='ocrx_word' id='word_1_796' title='bbox 1081 2279 1180 2305; x_wconf 79' lang='grc' dir='ltr'>Ἐασόν</span> <span class='ocrx_word' id='word_1_797' title='bbox 1198 2287 1231 2314; x_wconf 88' lang='grc' dir='ltr'><strong>με</strong></span> <span class='ocrx_word' id='word_1_798' title='bbox 1252 2279 1335 2305; x_wconf 74' lang='grc' dir='ltr'>οἰκεῖν</span> <span class='ocrx_word' id='word_1_799' title='bbox 1352 2280 1419 2314; x_wconf 87' lang='grc' dir='ltr'>μετὰ</span> <span class='ocrx_word' id='word_1_800' title='bbox 1436 2280 1493 2306; x_wconf 85' lang='grc' dir='ltr'>σοῦ.</span> <span class='ocrx_word' id='word_1_801' title='bbox 1518 2279 1677 2316; x_wconf 81' lang='grc' dir='ltr'>Ἐρχόμενος</span> <span class='ocrx_word' id='word_1_802' title='bbox 1695 2282 1722 2307; x_wconf 80' lang='grc' dir='ltr'><strong>δὲ</strong></span> <span class='ocrx_word' id='word_1_803' title='bbox 1738 2282 1767 2307; x_wconf 82' lang='grc' dir='ltr'>ἐν</span> 
     </span>
    </p>
   </div>
   <div class='ocr_carea' id='block_1_107' title="bbox 987 2321 1768 2360">
    <p class='ocr_par' dir='ltr' id='par_1_107' title="bbox 987 2321 1768 2360">
     <span class='ocr_line' id='line_1_107' title="bbox 987 2321 1768 2360; baseline 0.003 -10"><span class='ocrx_word' id='word_1_804' title='bbox 987 2326 1019 2359; x_wconf 86' lang='grc' dir='ltr'>τῇ</span> <span class='ocrx_word' id='word_1_805' title='bbox 1042 2323 1095 2359; x_wconf 81' lang='grc' dir='ltr'><strong>ὁδῷ</strong></span> <span class='ocrx_word' id='word_1_806' title='bbox 1114 2321 1175 2358; x_wconf 78' lang='grc' dir='ltr'>εὗρε</span> <span class='ocrx_word' id='word_1_807' title='bbox 1192 2326 1288 2360; x_wconf 80' lang='grc' dir='ltr'>μικρὸν</span> <span class='ocrx_word' id='word_1_808' title='bbox 1304 2325 1393 2360; x_wconf 81' lang='grc' dir='ltr'>νίτρον</span> <span class='ocrx_word' id='word_1_809' title='bbox 1405 2344 1412 2356; x_wconf 86' lang='grc'><em>,</em></span> <span class='ocrx_word' id='word_1_810' title='bbox 1430 2325 1476 2351; x_wconf 78' lang='grc' dir='ltr'>καὶ</span> <span class='ocrx_word' id='word_1_811' title='bbox 1493 2326 1606 2359; x_wconf 74' lang='grc' dir='ltr'>ἤνεγκεν</span> <span class='ocrx_word' id='word_1_812' title='bbox 1620 2327 1694 2353; x_wconf 77' lang='grc' dir='ltr'>αὑτό.</span> <span class='ocrx_word' id='word_1_813' title='bbox 1713 2327 1768 2352; x_wconf 69' lang='grc' dir='ltr'><strong>Καὶ</strong></span> 
     </span>
    </p>
   </div>
   <div class='ocr_carea' id='block_1_108' title="bbox 987 2367 1770 2406">
    <p class='ocr_par' dir='ltr' id='par_1_108' title="bbox 987 2367 1770 2406">
     <span class='ocr_line' id='line_1_108' title="bbox 987 2367 1770 2406; baseline 0.004 -10"><span class='ocrx_word' id='word_1_814' title='bbox 987 2370 1060 2404; x_wconf 87' lang='grc' dir='ltr'>λέγει</span> <span class='ocrx_word' id='word_1_815' title='bbox 1075 2370 1089 2396; x_wconf 81' lang='lat'><strong>6</strong></span> <span class='ocrx_word' id='word_1_816' title='bbox 1104 2370 1192 2405; x_wconf 86' lang='grc' dir='ltr'>γέρων</span> <span class='ocrx_word' id='word_1_817' title='bbox 1204 2378 1211 2385; x_wconf 80' lang='lat'><strong>&#39;</strong></span> <span class='ocrx_word' id='word_1_818' title='bbox 1228 2370 1313 2396; x_wconf 82' lang='grc' dir='ltr'>Πόθεν</span> <span class='ocrx_word' id='word_1_819' title='bbox 1326 2367 1404 2406; x_wconf 74' lang='grc' dir='ltr'>εὗρες</span> <span class='ocrx_word' id='word_1_820' title='bbox 1415 2371 1446 2396; x_wconf 81' lang='grc' dir='ltr'><strong>τὸ</strong></span> <span class='ocrx_word' id='word_1_821' title='bbox 1457 2371 1561 2406; x_wconf 85' lang='grc' dir='ltr'>νίτρον;</span> <span class='ocrx_word' id='word_1_822' title='bbox 1574 2372 1654 2406; x_wconf 85' lang='grc' dir='ltr'>Λέγει</span> <span class='ocrx_word' id='word_1_823' title='bbox 1668 2373 1681 2398; x_wconf 89' lang='lat'><strong>6</strong></span> <span class='ocrx_word' id='word_1_824' title='bbox 1693 2373 1770 2399; x_wconf 87' lang='grc' dir='ltr'>ἀδελ-</span> 
     </span>
    </p>
   </div>
   <div class='ocr_carea' id='block_1_109' title="bbox 988 2414 1770 2453">
    <p class='ocr_par' dir='ltr' id='par_1_109' title="bbox 988 2414 1770 2453">
     <span class='ocr_line' id='line_1_109' title="bbox 988 2414 1770 2453; baseline 0.003 -9"><span class='ocrx_word' id='word_1_825' title='bbox 988 2417 1037 2451; x_wconf 83' lang='grc' dir='ltr'><strong>φός</strong></span> <span class='ocrx_word' id='word_1_826' title='bbox 1047 2425 1053 2431; x_wconf 93' lang='grc'><strong>·</strong></span> <span class='ocrx_word' id='word_1_827' title='bbox 1074 2417 1117 2443; x_wconf 86' lang='grc' dir='ltr'>Ἐν</span> <span class='ocrx_word' id='word_1_828' title='bbox 1133 2418 1166 2452; x_wconf 84' lang='grc' dir='ltr'>τῇ</span> <span class='ocrx_word' id='word_1_829' title='bbox 1182 2417 1233 2452; x_wconf 79' lang='grc' dir='ltr'><strong>ὁδῷ</strong></span> <span class='ocrx_word' id='word_1_830' title='bbox 1246 2414 1323 2453; x_wconf 75' lang='grc' dir='ltr'>εὖρον</span> <span class='ocrx_word' id='word_1_831' title='bbox 1338 2417 1412 2449; x_wconf 74' lang='grc' dir='ltr'>αὐτὸ,</span> <span class='ocrx_word' id='word_1_832' title='bbox 1431 2418 1596 2453; x_wconf 83' lang='grc' dir='ltr'>περιπατῶν,</span> <span class='ocrx_word' id='word_1_833' title='bbox 1614 2420 1660 2445; x_wconf 81' lang='grc' dir='ltr'>καὶ</span> <span class='ocrx_word' id='word_1_834' title='bbox 1674 2419 1770 2446; x_wconf 77' lang='grc' dir='ltr'>ἔλαϐον</span> 
     </span>
    </p>
   </div>
   <div class='ocr_carea' id='block_1_110' title="bbox 987 2569 1771 2605">
    <p class='ocr_par' dir='ltr' id='par_1_110' title="bbox 987 2569 1771 2605">
     <span class='ocr_line' id='line_1_110' title="bbox 987 2569 1771 2605; baseline 0.001 -9"><span class='ocrx_word' id='word_1_835' title='bbox 987 2569 1034 2596; x_wconf 83' lang='grc' dir='ltr'><strong>ΙΙΙὶ</strong></span> <span class='ocrx_word' id='word_1_836' title='bbox 1048 2569 1265 2605; x_wconf 75' lang='lat' dir='ltr'><strong>neque_iniuri_am</strong></span> <span class='ocrx_word' id='word_1_837' title='bbox 1291 2569 1400 2605; x_wconf 66' lang='lat' dir='ltr'><strong>fatim“.</strong></span> <span class='ocrx_word' id='word_1_838' title='bbox 1417 2578 1496 2605; x_wconf 77' lang='lat' dir='ltr'><strong>neque</strong></span> <span class='ocrx_word' id='word_1_839' title='bbox 1513 2578 1669 2605; x_wconf 72' lang='lat' dir='ltr'><strong>quamquam</strong></span> <span class='ocrx_word' id='word_1_840' title='bbox 1685 2571 1771 2598; x_wconf 82' lang='lat' dir='ltr'><strong>homi-</strong></span> 
     </span>
    </p>
   </div>
   <div class='ocr_carea' id='block_1_111' title="bbox 985 2603 1766 2639">
    <p class='ocr_par' dir='ltr' id='par_1_111' title="bbox 985 2603 1766 2639">
     <span class='ocr_line' id='line_1_111' title="bbox 985 2603 1766 2639; baseline 0.003 -9"><span class='ocrx_word' id='word_1_841' title='bbox 985 2612 1047 2630; x_wconf 83' lang='lat' dir='ltr'><strong>num</strong></span> <span class='ocrx_word' id='word_1_842' title='bbox 1063 2603 1193 2630; x_wconf 76' lang='lat' dir='ltr'><strong>occidunt.</strong></span> <span class='ocrx_word' id='word_1_843' title='bbox 1211 2603 1241 2630; x_wconf 79' lang='lat' dir='ltr'><strong>Si</strong></span> <span class='ocrx_word' id='word_1_844' title='bbox 1256 2611 1312 2630; x_wconf 77' lang='lat' dir='ltr'><strong>vero</strong></span> <span class='ocrx_word' id='word_1_845' title='bbox 1329 2604 1428 2639; x_wconf 77' lang='lat' dir='ltr'><strong>aliquid</strong></span> <span class='ocrx_word' id='word_1_846' title='bbox 1443 2606 1470 2630; x_wconf 77' lang='lat' dir='ltr'><strong>in</strong></span> <span class='ocrx_word' id='word_1_847' title='bbox 1488 2606 1529 2631; x_wconf 78' lang='lat' dir='ltr'><strong>via</strong></span> <span class='ocrx_word' id='word_1_848' title='bbox 1545 2603 1698 2634; x_wconf 65' lang='lat' dir='ltr'><strong>invenerint.</strong></span> <span class='ocrx_word' id='word_1_849' title='bbox 1718 2616 1766 2632; x_wconf 83' lang='lat' dir='ltr'><strong>au-</strong></span> 
     </span>
    </p>
   </div>
   <div class='ocr_carea' id='block_1_112' title="bbox 984 2640 1769 2676">
    <p class='ocr_par' dir='ltr' id='par_1_112' title="bbox 984 2640 1769 2676">
     <span class='ocr_line' id='line_1_112' title="bbox 984 2640 1769 2676; baseline 0.003 -11"><span class='ocrx_word' id='word_1_850' title='bbox 984 2647 1054 2676; x_wconf 62' lang='lat' dir='ltr'><strong>rum,</strong></span> <span class='ocrx_word' id='word_1_851' title='bbox 1070 2643 1117 2665; x_wconf 80' lang='lat' dir='ltr'><strong>aut</strong></span> <span class='ocrx_word' id='word_1_852' title='bbox 1127 2643 1230 2676; x_wconf 75' lang='lat' dir='ltr'><strong>vestem,</strong></span> <span class='ocrx_word' id='word_1_853' title='bbox 1244 2645 1289 2665; x_wconf 67' lang='lat' dir='ltr'><strong>aut</strong></span> <span class='ocrx_word' id='word_1_854' title='bbox 1301 2645 1447 2676; x_wconf 67' lang='lat' dir='ltr'><strong>argentum,</strong></span> <span class='ocrx_word' id='word_1_855' title='bbox 1460 2645 1505 2666; x_wconf 81' lang='lat' dir='ltr'><strong>aut</strong></span> <span class='ocrx_word' id='word_1_856' title='bbox 1516 2640 1590 2676; x_wconf 64' lang='lat' dir='ltr'><strong>aliud</strong></span> <span class='ocrx_word' id='word_1_857' title='bbox 1606 2640 1678 2675; x_wconf 78' lang='lat' dir='ltr'><strong>quid,</strong></span> <span class='ocrx_word' id='word_1_858' title='bbox 1690 2650 1769 2676; x_wconf 78' lang='lat' dir='ltr'><strong>neque</strong></span> 
     </span>
    </p>
   </div>
   <div class='ocr_carea' id='block_1_113' title="bbox 984 2674 1768 2710">
    <p class='ocr_par' dir='ltr' id='par_1_113' title="bbox 984 2674 1768 2710">
     <span class='ocr_line' id='line_1_113' title="bbox 984 2674 1768 2710; baseline 0.003 -10"><span class='ocrx_word' id='word_1_859' title='bbox 984 2674 1021 2700; x_wconf 67' lang='lat' dir='ltr'><strong>sic</strong></span> <span class='ocrx_word' id='word_1_860' title='bbox 1035 2674 1423 2710; x_wconf 25' lang='lat' dir='ltr'><strong>eorumquidquamﬂahluturi</strong></span> <span class='ocrx_word' id='word_1_861' title='bbox 1438 2681 1508 2702; x_wconf 75' lang='lat' dir='ltr'><strong>sunt.</strong></span> <span class='ocrx_word' id='word_1_862' title='bbox 1522 2675 1584 2709; x_wconf 78' lang='lat' dir='ltr'><strong>Legi</strong></span> <span class='ocrx_word' id='word_1_863' title='bbox 1602 2684 1710 2710; x_wconf 86' lang='lat' dir='ltr'><strong>quoque</strong></span> <span class='ocrx_word' id='word_1_864' title='bbox 1722 2674 1768 2710; x_wconf 80' lang='lat' dir='ltr'><strong>pn-</strong></span> 
     </span>
    </p>
   </div>
   <div class='ocr_carea' id='block_1_114' title="bbox 984 2708 1768 2742">
    <p class='ocr_par' dir='ltr' id='par_1_114' title="bbox 984 2708 1768 2742">
     <span class='ocr_line' id='line_1_114' title="bbox 984 2708 1768 2742; baseline 0.003 -7"><span class='ocrx_word' id='word_1_865' title='bbox 984 2713 1052 2739; x_wconf 86' lang='lat' dir='ltr'><strong>test,</strong></span> <span class='ocrx_word' id='word_1_866' title='bbox 1069 2713 1097 2734; x_wconf 92' lang='lat' dir='ltr'><strong>ut</strong></span> <span class='ocrx_word' id='word_1_867' title='bbox 1108 2709 1185 2742; x_wconf 92' lang='lat' dir='ltr'><strong>plura</strong></span> <span class='ocrx_word' id='word_1_868' title='bbox 1207 2716 1259 2734; x_wconf 88' lang='lat' dir='ltr'><strong>non</strong></span> <span class='ocrx_word' id='word_1_869' title='bbox 1277 2709 1364 2735; x_wconf 89' lang='lat' dir='ltr'><strong>dicam</strong></span> <span class='ocrx_word' id='word_1_870' title='bbox 1378 2729 1385 2739; x_wconf 84' lang='lat'><strong>,</strong></span> <span class='ocrx_word' id='word_1_871' title='bbox 1404 2708 1500 2736; x_wconf 84' lang='lat' dir='ltr'><strong>Rerum</strong></span> <span class='ocrx_word' id='word_1_872' title='bbox 1513 2708 1648 2737; x_wconf 60' lang='lat' dir='ltr'><strong>variardm</strong></span> <span class='ocrx_word' id='word_1_873' title='bbox 1666 2708 1698 2737; x_wconf 78' lang='lat' dir='ltr'><strong>cx</strong></span> <span class='ocrx_word' id='word_1_874' title='bbox 1718 2708 1768 2737; x_wconf 82' lang='lat' dir='ltr'><strong>ad-</strong></span> 
     </span>
    </p>
   </div>
   <div class='ocr_carea' id='block_1_115' title="bbox 985 2742 1741 2779">
    <p class='ocr_par' dir='ltr' id='par_1_115' title="bbox 985 2742 1741 2779">
     <span class='ocr_line' id='line_1_115' title="bbox 985 2742 1741 2779; baseline 0.004 -10"><span class='ocrx_word' id='word_1_875' title='bbox 985 2744 1116 2779; x_wconf 76' lang='lat' dir='ltr'><strong>versariis</strong></span> <span class='ocrx_word' id='word_1_876' title='bbox 1135 2742 1254 2779; x_wconf 75' lang='lat' dir='ltr'><strong>Gretseri</strong></span> <span class='ocrx_word' id='word_1_877' title='bbox 1268 2744 1431 2770; x_wconf 79' lang='lat' dir='ltr'><strong>Seleclarum</strong></span> <span class='ocrx_word' id='word_1_878' title='bbox 1444 2753 1512 2779; x_wconf 84' lang='lat' dir='ltr'><strong>opus</strong></span> <span class='ocrx_word' id='word_1_879' title='bbox 1525 2746 1572 2772; x_wconf 88' lang='lat' dir='ltr'><strong>lib.</strong></span> <span class='ocrx_word' id='word_1_880' title='bbox 1594 2753 1614 2772; x_wconf 88' lang='grc' dir='ltr'><strong>ιι</strong></span> <span class='ocrx_word' id='word_1_881' title='bbox 1637 2753 1697 2779; x_wconf 85' lang='lat' dir='ltr'><strong>cap.</strong></span> <span class='ocrx_word' id='word_1_882' title='bbox 1715 2746 1741 2772; x_wconf 91' lang='lat'><strong>7.</strong></span> 
     </span>
    </p>
   </div>
   <div class='ocr_carea' id='block_1_116' title="bbox 1023 2777 1436 2812">
    <p class='ocr_par' dir='ltr' id='par_1_116' title="bbox 1023 2777 1436 2812">
     <span class='ocr_line' id='line_1_116' title="bbox 1023 2777 1436 2812; baseline 0.005 -9"><span class='ocrx_word' id='word_1_883' title='bbox 1023 2778 1078 2812; x_wconf 70' lang='lat'><strong>(‘21)</strong></span> <span class='ocrx_word' id='word_1_884' title='bbox 1092 2777 1208 2811; x_wconf 79' lang='lat' dir='ltr'><strong>Appeud.</strong></span> <span class='ocrx_word' id='word_1_885' title='bbox 1225 2785 1250 2811; x_wconf 89' lang='lat' dir='ltr'><strong>p.</strong></span> <span class='ocrx_word' id='word_1_886' title='bbox 1270 2779 1348 2808; x_wconf 69' lang='lat'><strong>1002.</strong></span> <span class='ocrx_word' id='word_1_887' title='bbox 1362 2787 1389 2805; x_wconf 85' lang='grc' dir='ltr'><strong>ιι.</strong></span> <span class='ocrx_word' id='word_1_888' title='bbox 1409 2779 1436 2805; x_wconf 82' lang='grc'><strong>6.</strong></span> 
     </span>
    </p>
   </div>
   <div class='ocr_carea' id='block_1_117' title="bbox 1023 2822 1767 2859">
    <p class='ocr_par' dir='ltr' id='par_1_117' title="bbox 1023 2822 1767 2859">
     <span class='ocr_line' id='line_1_117' title="bbox 1023 2822 1767 2859; baseline 0.004 -9"><span class='ocrx_word' id='word_1_889' title='bbox 1023 2823 1079 2857; x_wconf 65' lang='grc'><strong>(22)</strong></span> <span class='ocrx_word' id='word_1_890' title='bbox 1097 2822 1131 2849; x_wconf 88' lang='grc' dir='ltr'><strong>Τὸ</strong></span> <span class='ocrx_word' id='word_1_891' title='bbox 1151 2823 1309 2856; x_wconf 79' lang='grc' dir='ltr'>μαννάδιν.</span> <span class='ocrx_word' id='word_1_892' title='bbox 1338 2823 1452 2851; x_wconf 88' lang='lat' dir='ltr'><strong>Videtur</strong></span> <span class='ocrx_word' id='word_1_893' title='bbox 1464 2831 1525 2852; x_wconf 86' lang='lat' dir='ltr'><strong>esse</strong></span> <span class='ocrx_word' id='word_1_894' title='bbox 1545 2825 1617 2859; x_wconf 90' lang='lat' dir='ltr'><strong>quod</strong></span> <span class='ocrx_word' id='word_1_895' title='bbox 1634 2832 1683 2852; x_wconf 81' lang='lat' dir='ltr'><strong>nos</strong></span> <span class='ocrx_word' id='word_1_896' title='bbox 1697 2824 1767 2853; x_wconf 84' lang='lat' dir='ltr'><strong>Galli</strong></span> 
     </span>
    </p>
   </div>
   <div class='ocr_carea' id='block_1_118' title="bbox 987 2861 1720 2895">
    <p class='ocr_par' dir='ltr' id='par_1_118' title="bbox 987 2861 1720 2895">
     <span class='ocr_line' id='line_1_118' title="bbox 987 2861 1720 2895; baseline 0.004 -11"><span class='ocrx_word' id='word_1_897' title='bbox 987 2865 1116 2885; x_wconf 78' lang='lat' dir='ltr'><strong>vocamus</strong></span> <span class='ocrx_word' id='word_1_898' title='bbox 1130 2866 1178 2885; x_wconf 84' lang='lat' dir='ltr'><strong>une</strong></span> <span class='ocrx_word' id='word_1_899' title='bbox 1193 2866 1297 2891; x_wconf 79' lang='lat' dir='ltr'><strong>nmnne,</strong></span> <span class='ocrx_word' id='word_1_900' title='bbox 1309 2867 1344 2886; x_wconf 84' lang='lat' dir='ltr'><strong>un</strong></span> <span class='ocrx_word' id='word_1_901' title='bbox 1357 2861 1524 2894; x_wconf 81' lang='lat' dir='ltr'><strong>manuequin,</strong></span> <span class='ocrx_word' id='word_1_902' title='bbox 1538 2861 1614 2888; x_wconf 65' lang='lat' dir='ltr'><strong>cistaa</strong></span> <span class='ocrx_word' id='word_1_903' title='bbox 1626 2868 1720 2895; x_wconf 81' lang='lat' dir='ltr'><strong>genus.</strong></span> 
     </span>
    </p>
   </div>
  </div>
