1971 3068
203 141 256 169 155

770 143 1074 171 APOPI‘ITIIEGMATA
1095 144 1250 172 PATRUM.

1770 143 1821 172 Ill

199 202 275 229 αὐτό.
294 201 375 235 Λέγει
388 201 463 236 αὺτῳ
478 207 492 227 ο
503 200 592 236 γέρων
603 209 610 216 ι
623 201 655 228 El
671 201 730 237 μετ’
742 202 809 237 ἐμοῦ
821 200 903 238 ἦλθες
916 204 990 238 οἰκῆ-

1051 202 1064 229 ei
1076 211 1081 229 :
1094 201 1123 228 Si
1139 210 1246 229 mecum
1260 201 1387 229 veniebas
1401 201 1534 233 habitare,
1543 202 1613 236 quod
1623 210 1676 229 non
1691 210 1822 238 posueras

200 256 257 276 σαι,
274 246 288 273 ὃ
303 246 353 273 οὐκ
367 246 468 281 ἔθηκας
480 266 487 278 ,
505 246 564 277 πῶς
580 246 713 281 εἷληφαςς
729 248 783 274 Καὶ
802 247 924 284 ἔπεμψεν
941 249 988 275 αὑ-

200 293 245 319 τὸν
260 293 420 325 ἀπενεγκεῖν
434 292 508 322 αὐτὸ,
522 291 583 318 ὅθεν
595 292 706 327 εἴληφεν
718 292 794 319 αὑτό.

237 341 279 371 ιγ’.
303 337 428 372 ’Ᾱδελφὸς
450 337 576 373 ἠρώτησε
600 338 647 365 τὸν
667 338 783 374 γέροντα
803 339 889 373 λέγων
902 348 908 354 ·
930 340 988 366 Ἐν-

199 383 263 418 τολή
280 392 324 418 μοι
338 382 451 417 ἐξεθασε,
467 384 513 410 καὶ
529 383 586 410 ἔστι
598 384 716 419 πόλεμος
733 385 800 411 ὅπου
818 385 892 412 ἐστὶν
906 387 922 420 ἡ
946 387 988 412 ἐν·

199 428 275 464 τολή.
290 428 365 455 Θέλω
383 427 429 455 οὖν
455 429 582 456 ἀπελθεῖν
607 430 641 456 δι’
658 430 742 465 αὐτὴν
754 450 761 462 ,
787 431 834 457 καὶ
853 431 988 467 φοϐοῦμαι

201 474 247 500 τὸν
262 474 388 510 πόλεμον.
404 475 459 502 Καὶ
475 475 549 509 λέγει
560 475 634 511 αὐτῷ
649 477 663 503 ὁ
684 476 773 512 γέρων
783 485 790 491 ·
805 478 836 504 El
854 476 888 513 ἦν
907 478 988 512 Ἀγά-

200 520 256 546 θων
272 520 329 555 (25)
343 541 350 552 ,
376 521 463 547 ἐποίει
488 521 537 557 τὴν
559 521 668 557 ἐντολὴν
681 542 688 554 ,
711 523 759 549 καὶ
778 523 855 550 ἐνίκα
877 523 923 550 τὸν
939 525 989 551 πό-

199 566 228 593 λε
232 575 292 602 μον.
708 562 711 565 ’

235 613 273 639 ιδ’.
298 613 326 639 '0
342 614 423 645 αὐτὸς
442 614 564 647 Ἀγάθων
576 633 584 645 ,
599 614 737 649 συνεδρίου
762 617 909 650 γενομένου
925 617 990 652 περὶ

202 658 363 693 πράγματός
386 668 456 690 τινος
485 659 514 685 ἐν
538 660 636 695 Σκήτει
650 680 656 691 ,
672 662 719 686 καὶ
742 660 870 693 λαϐόντος
893 661 989 693 τύπον,

200 702 314 739 ὕστερον
333 703 418 731 ἐλθὼν
439 703 515 731 εἶπεν
537 706 643 737 αὐτοῖς·
665 706 702 732 Οὺ
720 706 810 738 καλῶς
831 707 990 734 ὲτυπώσατε

200 749 233 775 τὺ
253 750 377 785 πρᾶγμα.
395 750 426 777 Ol
442 751 470 777 δὲ
486 750 564 778 εἶπον
581 751 648 786 πρὸς
668 752 749 779 αὐτόν
760 761 767 767 ·
793 753 828 779 Σὺ
843 753 885 785 τίς
908 751 934 780 εἴ
949 755 989 781 ὅτι

201 793 271 825 ὅλως
280 794 371 825 λαλεῖς
383 804 390 827 ;
407 795 436 821 '0
447 795 474 822 δὲ
488 793 574 822 εἶπεν·
591 796 653 827 Υίδς
666 796 819 832 ἀνθρώπου.
835 798 990 834 Γέγραπται

203 838 271 874 γάρ·
285 839 319 865 Et
333 839 450 873 ἀληθῶς
463 840 519 874 ἄρα
532 840 991 876 δικαιοσύνηνλαλεῖτε,εὐθείας

202 885 334 918 κρίνατε,
343 885 401 911 vlo)
416 884 476 911 τῶν
487 885 659 919 ἀνθρώπων.

239 974 279 996 ιε’.
299 971 412 1005 Ἔλεγον
437 972 501 1006 περὶ
526 970 572 998 τοῦ
587 971 659 998 assa
678 972 830 1006 Ἀγάθωνος
842 992 850 1005 ,
873 973 914 1000 ὅτι
927 974 990 1009 τρία

201 1016 249 1052 ἐτη
266 1016 403 1051 ἐποίησεν,
419 1017 487 1052 ἔχων
502 1017 574 1044 λίθον
588 1018 627 1050 εἰς
641 1017 671 1044 τὺ
685 1018 771 1054 στόμα
784 1019 882 1051 αὑτοῦ,
896 1019 949 1050 ἕως
960 1017 990 1046 οὗ

203 1061 369 1097 κατώρθωσε
385 1063 416 1088 τὸ
434 1064 549 1098 σιωπᾷν.

249 1108 296 1141 ις’.
317 1109 429 1144 Ἔλεγον
458 1110 539 1136 πάλιν
571 1111 635 1146 περὶ
658 1111 741 1137 αὐτοῦ
768 1112 815 1138 καὶ
843 1111 890 1138 τοῦ
919 1111 992 1139 ἀϐϐᾱ.

209 1156 320 1191 Ἀμοῦν,
334 1157 374 1183 ὅτι
387 1157 431 1183 ὅτε
445 1157 615 1193 ἐπίπρασκον
630 1157 737 1189 σκεῦος,
751 1157 824 1190 ἅπαξ
836 1158 926 1192 ἔλεγον
942 1159 991 1195 τὴν

202 1202 286 1237 τιμὴν
298 1223 306 1234 ,
322 1202 368 1229 καὶ
382 1203 412 1229 τὸ
428 1203 566 1238 διδόμενον
579 1202 671 1234 αὐτοῖς
695 1203 847 1238 ἐλάμϐανον
869 1204 992 1230 σιωπῶν-

203 1256 250 1279 τες
274 1248 342 1283 μετὰ
366 1248 545 1280 ἀναπαύσεως
558 1255 564 1261 ⁸
580 1248 628 1275 καὶ
649 1249 730 1275 πάλιν
753 1249 797 1275 ὅτε
817 1249 912 1285 ἧθελον
928 1250 992 1284 ἀγο-

204 1295 286 1330 ράσαι
301 1294 327 1320 τί
343 1303 424 1326 ποτε,
445 1295 476 1321 τὸ
498 1295 644 1329 λεγόμενον
667 1296 757 1328 αὐτοῖς
774 1297 905 1331 παρεῖχον
924 1296 992 1331 μετὰ

204 1341 310 1375 σιωπῆς
319 1361 327 1373 ,
340 1341 387 1367 καὶ
401 1340 553 1375 ἐλάμϐανον
566 1341 595 1367 τὸ
606 1341 713 1374 σκεῦος,
728 1341 841 1368 καθόλου
859 1341 895 1377 μὴ
909 1341 993 1376 φθεγ-

203 1387 325 1421 γόμενοι.

240 1434 281 1466 ις’.
301 1434 328 1460 '0
350 1434 431 1465 αὐτὸς
447 1434 533 1466 ἀῦϐἇς
553 1435 675 1469 Ἀγάθων
695 1433 770 1462 εἶπεν
784 1455 791 1468 ,
807 1436 847 1462 ὅτι
858 1436 992 1463 Οὐδέποτε

204 1480 293 1506 ἔδωκα
318 1480 429 1516 ἀγάπην
450 1480 525 1515 (24)·
553 1480 623 1508 ἀλλὰ
651 1481 680 1508 τὸ
709 1481 800 1508 δοῦναι
829 1482 875 1509 καὶ
900 1482 992 1508 λαϐεῖν

204 1526 299 1561 ἀγάπη
315 1535 359 1562 μοι
376 1524 409 1562 ἦν
421 1535 428 1543 ·
449 1525 623 1562 λογιζόμενος
640 1528 681 1554 ὅτι
695 1528 724 1555 τὺ
749 1528 842 1564 κέρδος
855 1528 903 1556 τοῦ
917 1529 994 1556 ἀδελ·
1006 1557 1027 1587 c

206 1572 257 1587 ..-ἦ
275 1581 324 1587 ...κ--
352 1572 431 1587 κρυ-..
448 1573 635 1587 ..-ιι-Αιμλμέ..-
653 1574 725 1587 l.--.'..

205 1572 257 1607 φοῦ
275 1581 336 1608 μου,
352 1572 431 1608 ἔργον
448 1573 635 1608 καρποφορίας
652 1574 735 1600 ἐστίν.

244 1621 288 1653 ιη’.
311 1619 340 1645 '0
358 1619 439 1650 αὐτὸς
462 1619 506 1645 ὅτε
525 1618 621 1646 ἐϐλεπε
644 1621 776 1655 πρᾶγμα,
795 1620 842 1647 καὶ
861 1620 956 1656 ἤθελεν
979 1622 993 1647 ὁ

205 1663 335 1698 λογισμὸς
352 1663 433 1689 αὑτοῦ
448 1665 554 1699 κρῖναι,
569 1663 661 1698 ἔλεγεν
676 1664 765 1699 ἐαυτῷ
775 1673 782 1680 ·
806 1665 939 1699 Ἀγάθων.
957 1666 994 1700 μὴ

207 1711 323 1745 ποιήσῃς
337 1709 404 1737 αὐτὸ
419 1709 462 1736 σύ.
474 1711 529 1737 Καὶ
538 1707 615 1742 οὗτος
625 1711 649 1726 ⁸³
658 1711 672 1737 ὁ
682 1711 812 1746 λογισμὸς
825 1711 907 1738 αὑτοῦ
927 1712 994 1748 ήσύ-

207 1756 301 1791 χαζεν.

245 1802 287 1829 ιθ¹.
310 1802 339 1829 '0
352 1802 432 1833 αὐτὸς
446 1800 537 1829 εἶπεν·
561 1803 623 1829 Ἐὰν
644 1803 751 1839 ὀργίλος
773 1804 868 1839 νεκρὸν
890 1803 994 1839 ἐγείρῃ,

207 1849 258 1875 οὐκ
270 1848 326 1875 ἔστι
337 1849 431 1880 δεκτὸς
447 1849 521 1885 παρὰ
535 1849 574 1885 τῷ
589 1849 659 1885 Θεῷ,

243 1898 278 1922 κ’.
303 1895 385 1930 Ἔσχε
413 1895 478 1921 ποτε
504 1897 517 1921 ὁ
542 1895 628 1927 ἀὸὅᾱς
655 1896 776 1929 Ἀγάθων
801 1895 846 1922 δύο
872 1895 996 1931 μαθητὰς

209 1941 419 1977 ἀναχωροῦντας
437 1942 498 1968 κατ’
516 1942 593 1970 ἰδίαν.
617 1942 660 1968 Ἐν
678 1943 726 1977 μιᾷ
741 1940 788 1968 οὖν
800 1942 854 1968 τῶν
874 1942 995 1977 ἡμερῶν.

209 1986 336 2021 ἠρώτησε
353 1986 397 2012 τὸν
408 1986 466 2012 'éva‘
478 1986 539 2018 Πῶς
554 1986 658 2020 διάγεις
672 1987 702 2012 ὲν
715 1985 754 2021 τῷ
769 1986 866 2022 κελλίῳ
882 1995 945 2019 σου;
968 1987 996 2012 '0

208 2032 238 2058 δὲ
257 2031 308 2066 ἔφη
321 2039 327 2046 ·
342 2031 474 2067 Νηστεύω
489 2031 542 2063 ἕως
556 2032 614 2066 ὀψὲ,
631 2033 678 2059 καὶ
693 2032 777 2059 ἐσθίω
797 2032 844 2059 δύο
868 2032 997 2068 παξαμά·

209 2086 266 2104 τια.
277 2078 359 2112 Λέγει
373 2077 463 2112 αὐτῷ·
479 2078 557 2112 Καλὴ
567 2078 656 2104 δίαιτα
667 2098 674 2110 ,
689 2079 720 2105 οὐ
738 2079 806 2106 πάνυ
829 2078 928 2114 ἔχουσα
951 2078 998 2105 κό-

211 2132 273 2150 πον.
290 2123 369 2158 Λέγει
384 2125 432 2150 καὶ
454 2124 493 2159 τῷ
506 2124 578 2158 ἄλλῳ
590 2131 596 2138 ·
613 2125 648 2150 ΣΞ)
667 2125 742 2157 πῶς;
764 2125 792 2151 '0
813 2124 841 2150 δὲ
855 2124 906 2160 ἔφη
918 2132 924 2138 ·
947 2123 999 2150 Δύο

209 2168 257 2196 δύο
268 2169 323 2205 (25)
338 2170 472 2205 νηστεύω,
487 2171 534 2197 καὶ
544 2170 591 2197 δύο
604 2169 762 2206 παξαμὰτια
777 2170 868 2198 ἐσθίω.
887 2171 941 2197 Καὶ
953 2171 998 2197 λέ-

245 2248 269 2264 ¹³
282 2248 325 2275 Al.
346 2248 442 2280 οὕτως.
481 2249 506 2264 ⁸⁸
526 2249 598 2276 Psal.
619 2257 684 2281 Lvn,
697 2249 725 2275 ‘2.

1039 257 1094 283 quo
1111 249 1191 275 modo
1205 248 1325 282 cepisti?
1345 247 1471 282 Misitque
1484 255 1545 275 eum
1565 253 1704 283 reportare
1721 249 1821 277 nitrum

1038 301 1092 328 quo
1105 294 1164 321 loco
1173 297 1326 327 acceperat.

1075 340 1117 367 15.
1134 340 1189 374 (26)
1210 338 1306 366 Frater
1320 339 1357 365 ita
1373 342 1548 373 percontatus
1560 343 1602 364 est
1623 345 1730 365 senem:
1747 337 1824 365 Mau-

1039 387 1131 413 datum
1148 385 1251 420 accepi,
1267 386 1314 412 sed
1327 384 1476 419 periculum
1493 384 1650 411 tentatioiiis
1663 385 1782 410 occurrit
1797 384 1822 410 iu

1039 422 1099 459 loco
1112 431 1243 458 mandati.
1259 430 1327 458 Volo
1342 430 1424 466 igitur
1442 437 1553 464 pergere
1564 449 1571 460 ,
1587 430 1621 456 ob
1648 433 1822 464 praeceptum.

1040 476 1088 504 sed
1113 476 1261 510 periculum
1286 476 1379 502 timeo.
1402 474 1470 500 Dicit
1494 474 1519 501 ei
1543 481 1646 501 senex:
1672 474 1700 500 Si
1719 474 1823 508 Agatho

1040 526 1131 554 esset,
1145 521 1306 549 mandatum
1322 521 1486 556 peregisset,
1505 527 1536 547 ac
1562 523 1718 555 superasset
1735 524 1824 547 tenta-

1040 569 1140 596 tionem
1145 588 1151 594 .

1078 614 1119 641 M.
1139 613 1194 649 (‘27)
1212 613 1285 640 Idem
1299 613 1412 648 Agatho,
1431 620 1492 639 cum
1511 611 1583 639 Sceti
1600 612 1746 639 haberetur
1758 619 1825 639 con-

1041 668 1134 688 sessus
1147 661 1182 687 ob
1200 660 1308 694 aliquod
1325 660 1462 694 negotium
1475 680 1482 691 ,
1498 658 1618 692 illudque
1635 658 1776 685 sanctione
1792 657 1824 684 li-

1040 714 1101 733 nem
1117 706 1278 741 accepisset.
1291 709 1384 740 postca
1397 705 1507 732 veniens
1519 705 1587 731 dixit
1596 704 1736 732 monachis
1747 713 1752 730 :
1764 703 1824 731 Non

1041 756 1114 779 recte
1129 752 1163 779 de
1180 753 1288 787 negotio
1301 751 1441 778 sanxistis.
1459 750 1498 777 Illi
1517 754 1606 778 autem
1622 750 1655 777 ad
1673 758 1750 777 eum:
1770 749 1823 782 Tu,

1041 798 1178 833 inquiunt.
1191 798 1316 832 quisnam
1331 805 1370 829 es,
1388 797 1433 831 qtii
1446 798 1487 824 vel
1500 796 1641 831 loqueris?
1655 795 1824 830 Respondit:

1042 843 1107 870 Suiii
1134 843 1203 870 lilius
1229 843 1358 870 hominis.
1376 842 1512 877 Scriptum
1539 842 1609 869 enim
1632 846 1691 869 est:
1714 841 1745 868 Si
1770 849 1827 868 vere

1005 887 1026 915 Β
1042 890 1128 924 utique
1138 889 1273 922 justitiam
1290 889 1443 921 loquimini,
1469 893 1541 915 recta
1555 888 1671 920 iudicate
1683 907 1690 919 ,
1712 888 1762 922 ﬁlii
1778 887 1825 914 lto-

1041 935 1141 961 minum
1149 935 1180 960 “.

1076 980 1120 1007 15.
1138 980 1192 1015 (28)
1211 979 1342 1007 Dicebant
1360 979 1393 1007 de
1412 980 1509 1007 abbate
1523 979 1665 1014 Agathone
1679 1000 1687 1011 ,
1709 987 1758 1014 p-'r
1771 985 1826 1007 tres

1042 1026 1117 1052 illuiii
1137 1033 1222 1053 annos
1240 1025 1356 1061 lapidem
1374 1033 1420 1053 ore
1439 1031 1570 1061 gestasse,
1590 1026 1676 1052 donec
1690 1026 1770 1052 silere
1783 1025 1826 1052 di—

1042 1072 1164 1099 dicisset.

1077 1117 1119 1144 16.
1141 1117 1255 1144 Aiebant
1273 1118 1370 1144 iterum
1393 1117 1427 1144 de
1450 1117 1496 1144 illo
1511 1121 1538 1144 et
1560 1117 1593 1144 de
1609 1117 1706 1144 abbate
1725 1117 1826 1149 Aniun,

1042 1163 1114 1198 quod
1131 1164 1240 1198 quando
1262 1171 1307 1190 ras
1332 1163 1440 1198 aliquod
1457 1163 1630 1195 vendebant,
1660 1164 1743 1190 semel
1763 1171 1826 1198 pre-

1041 1210 1109 1237 tium
1126 1213 1257 1244 p0iiereiit
1270 1229 1276 1241 ,
1291 1209 1436 1244 datamque
1452 1210 1595 1244 pecuniam
1616 1211 1769 1245 acciperent
1785 1215 1826 1237 ta-

1042 1257 1089 1283 citi
1109 1263 1170 1283 cum
1193 1255 1303 1290 quiete:
1324 1256 1433 1290 quando
1462 1259 1551 1282 autem
1577 1256 1716 1290 quidpiam
1736 1263 1827 1283 emere

1042 1302 1188 1333 volebant,
1205 1301 1276 1337 quod
1294 1302 1435 1336 petebatur
1459 1302 1610 1328 tribuerent
1629 1310 1690 1328 cuiu
1708 1302 1826 1333 silentio,

1043 1351 1238 1382 sumerentque
1253 1355 1311 1381 vas,
1327 1347 1394 1374 nihil
1412 1348 1524 1375 omnino
1545 1349 1690 1383 prolocuti.

1080 1438 1122 1464 I7.
1146 1437 1216 1464 Idem
1233 1437 1338 1472 Agatho
1352 1437 1438 1464 dixit:
1467 1438 1610 1472 Nunquam
1635 1437 1695 1465 dedi
1713 1444 1828 1472 agapen,

1044 1485 1091 1512 sed
1106 1484 1171 1511 dare
1191 1488 1218 1510 et
1234 1484 1358 1518 accipere
1371 1503 1379 1515 .
1395 1491 1480 1518 agape
1496 1483 1562 1510 mihi
1578 1488 1651 1516 erat;
1670 1484 1827 1517 reputabam

1044 1529 1116 1556 enim
1136 1528 1209 1564 quod
1231 1528 1337 1556 lucrum
1356 1527 1450 1555 fratris
1465 1529 1534 1560 mei,
1555 1535 1623 1563 opus
1640 1527 1674 1555 sit
1691 1527 1827 1554 fructuum
1848 1543 1851 1550 ι

1043 1574 1197 1602 oblationis.

1078 1620 1120 1647 i8.
1141 1619 1213 1648 Idem
1239 1628 1302 1647 cum
1317 1620 1420 1656 aliquid
1435 1619 1571 1650 vidisset.
1597 1619 1732 1653 velletque
1752 1625 1829 1645 mens

1042 1665 1102 1701 ejus
1119 1666 1152 1693 de
1167 1665 1339 1700 rejudicare,
1357 1665 1469 1693 sibimet
1487 1665 1594 1692 aiebat:
1611 1665 1727 1699 Agatho.
1748 1669 1775 1691 tu
1796 1671 1829 1691 ne

1044 1712 1071 1739 id
1085 1712 1192 1740 feceris.
1208 1711 1306 1748 Sicque
1317 1712 1426 1750 quietus
1444 1711 1573 1738 manebat
1589 1711 1696 1738 animus
1711 1710 1782 1745 ejus.

1079 1804 1122 1832 t9.
1136 1805 1192 1839 (29)
1206 1804 1278 1837 Dixit
1290 1804 1359 1831 idem
1371 1812 1378 1831 :
1391 1803 1543 1831 Iracundus
1555 1802 1679 1837 quamvis
1693 1806 1829 1828 mortuum

1044 1851 1228 1882 suscitaverit,
1248 1851 1317 1885 apud
1334 1850 1418 1877 Deum
1431 1857 1485 1876 non
1496 1853 1539 1877 est
1557 1853 1694 1883 acceptus.

1079 1896 1124 1924 20.
1142 1895 1240 1923 Habuit
1253 1896 1399 1931 aliquando
1413 1895 1497 1923 abbas
1511 1896 1615 1931 Agatho
1628 1895 1697 1922 duos
1711 1894 1832 1928 discipu-

1046 1942 1086 1969 los
1105 1942 1151 1975 qui
1178 1949 1302 1969 seorsum
1326 1942 1409 1968 vitam
1438 1942 1656 1969 anachoreticam
1685 1941 1830 1968 ducebant.

1045 1987 1167 2020 Quadam
1185 1995 1249 2022 ergo
1265 1987 1309 2015 die
1328 1989 1404 2023 petiit
1424 1989 1457 2015 ab
1478 1996 1547 2019 uno,
1565 1995 1682 2022 quonam
1710 1991 1789 2022 pacto
1805 1988 1831 2013 in

1045 2034 1113 2060 cella
1129 2041 1177 2060 sua
1190 2039 1291 2068 ageret.
1307 2033 1456 2068 Respondit
1468 2035 1528 2061 ille:
1542 2033 1634 2069 USque
1646 2034 1679 2060 ad
1691 2040 1831 2067 vesperam

1043 2079 1138 2114 jejuno
1151 2099 1158 2111 ,
1184 2084 1210 2106 et
1233 2080 1346 2107 comedo
1370 2080 1424 2107 duo
1440 2080 1603 2114 paxaiiiatia.
1622 2079 1691 2106 Tulii
1711 2079 1830 2114 Agatho:

1046 2125 1180 2152 Praeclara
1197 2125 1304 2153 vivendi
1320 2126 1400 2156 ratio.
1413 2134 1462 2153 nec
1477 2126 1562 2152 labori
1576 2125 1690 2152 multum
1703 2125 1831 2151 obnoxia.

1048 2171 1087 2198 Ad
1101 2172 1215 2200 alterum
1234 2180 1299 2199 vero
1317 2172 1386 2200 dixit
1405 2182 1411 2198 :
1429 2171 1469 2198 Tu
1486 2176 1594 2203 autem,
1610 2170 1766 2206 quomodo?
1782 2169 1834 2196 Re-

248 2327 348 2368 (ψει
363 2326 402 2368 ἦν
425 2327 560 2368 Ἀγᾴᾷων.
582 2327 693 2368 fanum
715 2326 854 2356 Vittz:Sic
865 2326 994 2362 eratAga-

1051 2326 1102 2368 γᾴρ
1113 2334 1154 2356 τις
1173 2324 1335 2368 νηὶσῖεύῃηέηξ
1412 2323 1458 2368 atati
1468 2323 1640 2368 {XBQ’éq-UTPV
1651 2323 1690 2363 εἰς
1703 2324 1841 2368 μεγάλους·

213 2362 266 2389 ilia.
280 2363 436 2397 Legeiidiini
456 2362 564 2389 videtur
580 2362 620 2389 Si.

246 2398 302 2432 (2t)
313 2396 463 2424 Οὐδέποτε
478 2397 575 2424 ἔδωκα
586 2396 715 2432 ἀγάπην.
729 2397 841 2432 Agapen
858 2397 979 2432 intelligo
992 2406 998 2423 :

212 2433 334 2460 solemne
370 2433 537 2460 convivium.
563 2433 650 2465 Quam
691 2433 896 2467 usurpationem
921 2441 1001 2459 nemo

211 2468 331 2502 ignorat.
350 2469 470 2495 Historia
492 2467 665 2499 Trevtreusis,
684 2473 759 2495 tonio
785 2467 832 2494 Xll
859 2468 1000 2495 utilissimi

212 2504 319 2537 operis.
337 2503 475 2538 Spicilegii
498 2503 644 2530 Aelii-riaiii
668 2511 694 2537 p.
719 2503 772 2530 219
790 2503 824 2530 de
842 2503 1000 2533 Eketlierto.

212 2538 329 2572 Cumque
341 2543 398 2572 post
415 2538 518 2571 expleta
532 2538 677 2565 Missurum
692 2539 829 2569 solemnia,
840 2547 856 2564 a
872 2538 1001 2572 fratribus

212 2573 308 2600 obnixe
319 2578 452 2608 peteretur
467 2573 517 2599 cibi
532 2579 659 2607 potusque
672 2573 829 2600 charitatem
840 2581 953 2604 sumere,
971 2581 1001 2599 ne

211 2609 249 2635 eis
261 2617 397 2635 onerosum
415 2609 528 2640 fortasse
554 2610 702 2640 exsisteret,
722 2609 745 2634 si
764 2613 839 2635 tanta
860 2609 1001 2634 comitatus

212 2643 356 2670 ambitione
365 2643 460 2670 ibidem
471 2644 629 2677 reﬁceretur.
641 2644 716 2678 cwpit
726 2652 743 2670 a
755 2643 885 2678 fratribus
895 2643 1002 2670 omnino

211 2679 370 2706 charitatem
385 2680 514 2712 refutare,
527 2683 552 2705 et
569 2679 683 2705 reditqu
697 2687 776 2705 suum
792 2680 819 2705 in
839 2678 928 2705 urbem
946 2686 1004 2704 ma-

213 2719 312 2740 turare.

249 2749 306 2782 (25)
322 2749 492 2781 Αἠστεύειν
513 2748 567 2775 δύο
595 2748 660 2775 δύο.
691 2749 728 2776 Ex
759 2749 910 2776 innumeris
937 2748 1003 2774 locis

213 2792 299 2810 unum
324 2785 406 2819 selegi
425 2784 544 2810 nonduin
568 2783 661 2810 (ἑταῖρε
685 2784 805 2814 editum.
824 2784 918 2819 Latine
939 2791 1002 2810 iero

212 2819 292 2845 valde
308 2819 498 2853 depravatum,
514 2827 593 2852 quem
604 2819 648 2845 liic
663 2819 828 2845 adtexei-ein.
847 2818 894 2845 Est
910 2824 998 2844 autem

213 2853 291 2881 ιδτειω
303 2854 411 2882 abbatis
429 2854 553 2881 oratione
565 2854 592 2887 8,
621 2854 647 2880 iii
668 2861 720 2881 ms.
739 2854 913 2882 Colliertiiio:
936 2853 999 2880 Ἐὰν

1049 2358 1149 2392 πόπους
1169 2358 1216 2386 καὶ
1234 2358 1353 2392 ἐντολὰς,
1369 2359 1446 2390 ἐκτὸς
1458 2358 1508 2392 τῆς
1521 2358 1579 2385 ὀδοῦ
1588 2358 1680 2384 αὑτοῦ·
1698 2358 1796 2391 πάντες
1810 2359 1834 2385 οἱ

1050 2397 1129 2422 κόποι
1139 2395 1221 2421 αὺτοῦ
1236 2394 1344 2430 μάταιοί
1356 2395 1432 2420 εἰσιν.
1448 2394 1505 2420 Hoc
1524 2398 1565 2420 est
1581 2401 1587 2418 :
1606 2392 1677 2419 Nam
1690 2394 1782 2430 siquis
1794 2394 1835 2428 je—

1046 2431 1122 2465 juuet
1136 2439 1182 2464 per
1196 2428 1242 2456 sea}
1254 2434 1278 2456 et
1295 2437 1340 2456 sea:
1357 2430 1423 2461 dies,
1447 2435 1470 2454 et
1491 2436 1518 2455 se
1533 2435 1635 2462 magnis
1656 2428 1789 2465 laboribus
1805 2437 1836 2456 ac

1050 2466 1188 2500 prtrceptis
1208 2465 1492 2500 dedatteatrarviam
1518 2471 1609 2500 suam;
1624 2471 1711 2500 omnes
1732 2464 1835 2490 labores

1050 2497 1108 2534 ejus
1120 2497 1208 2527 triane:
1223 2505 1294 2526 sunt.
1311 2499 1395 2526 Ziiins
1413 2499 1565 2532 interpres:
1583 2497 1659 2530 Quod
1675 2499 1765 2532 siquis
1780 2500 1836 2526 sine

1052 2537 1203 2562 humilitate
1218 2535 1255 2562 rel
1273 2534 1379 2568 iejuniis
1396 2534 1539 2564 incumbat,
1558 2535 1595 2559 uel
1610 2541 1665 2560 sese
1676 2534 1837 2561 vehementer

1052 2572 1162 2606 a/ﬂigat,
1180 2571 1217 2597 rel
1234 2570 1360 2606 mandata
1386 2575 1495 2606 conetur
1508 2569 1655 2606 observare,
1671 2569 1728 2603 ejus
1744 2570 1835 2596 inanes

1052 2604 1114 2633 esse
1123 2607 1236 2634 labores.
1249 2605 1330 2632 Vides
1344 2609 1474 2639 quantum
1490 2604 1607 2635 intersit.
1618 2604 1727 2630 Graecos
1742 2609 1822 2631 auctu

1053 2649 1097 2668 res
1109 2650 1157 2669 sua
1170 2641 1261 2676 lingua
1274 2640 1363 2667 editos
1373 2641 1481 2667 habere.
1494 2639 1548 2676 Sed
1557 2647 1607 2676 nec
1623 2639 1740 2676 feliciter
1748 2645 1837 2676 trans-

1053 2677 1114 2703 tulit
1138 2674 1270 2711 Evagrius
1285 2676 1474 2702 Aiitioclieiius
1493 2675 1544 2702 ista
1562 2674 1705 2702 Athanasii
1728 2676 1755 2702 in
1775 2674 1836 2701 Viti

1730 2711 1835 2737 Αηιυηη

1089 2746 1142 2781 (⁵26)
1165 2746 1216 2773 Vit.
1232 2746 1309 2772 Patr.
1327 2753 1374 2778 vti,
1389 2745 1421 2771 2..

1089 2783 1145 2815 (27)
1163 2781 1215 2808 Vit.
1234 2781 1310 2807 Patr.
1328 2789 1355 2811 x.
1370 2781 1412 2807 12.

1089 2817 1144 2851 ('28)
1165 2816 1216 2843 Vit.
1236 2817 1310 2842 Patr.
1325 2824 1363 2846 iv,
1382 2815 1407 2841 7.

1089 2849 1143 2888 (29)
1167 2852 1216 2879 Vit,
1240 2851 1311 2879 l'atr.
1330 2859 1357 2884 ι,
1372 2851 1421 2884 15;
1438 2850 1514 2878 Joaii.
1531 2849 1612 2878 Geoin
1647 2849 1745 2876 l’urtd.
1760 2849 1804 2875 (ii).
