1971 3068
180 118 232 149 ΞΠ

742 127 1048 158 APOPHTHEGMATA
1064 129 1216 158 PATRUM.

1743 137 1794 163 ΗΒ

181 177 315 212 ἐπιεικής.
335 177 434 213 Συνέϐη
450 178 478 204 δὲ
494 179 570 211 ὅλους
587 181 650 213 τοὺς
670 182 794 219 μαθητάς
803 186 885 212 αὐτοῦ
901 187 962 213 πλύ-

1019 195 1051 214 ac
1063 187 1088 214 in
1097 187 1292 215 exercitatione
1301 189 1451 216 monastica
1463 189 1587 225 diligens.
1599 192 1703 219 Accidit
1717 202 1797 227 porro

179 230 236 248 νειν
250 223 286 249 τά
300 222 369 259 ορύα
388 225 427 256 εἰς
441 225 486 251 τὸν
499 227 632 262 ποταμόν·
647 229 694 254 καὶ
708 230 722 255 ὁ
736 230 822 263 ἀὸϐᾶς
845 232 965 265 Ἀλέξαν-

179 268 242 303 ﬁgo;
255 269 384 301 ἐπιεικῶς
396 270 519 298 ἔπλυνεν.
534 273 565 299 Οἱ
580 273 608 300 δὲ
623 273 710 301 λοιποὶ
720 276 827 311 ἀδελφοὶ
837 276 912 304 εἷπον
926 279 965 314 τῷ

181 313 304 348 γέροντι·
332 315 361 341 '0
380 316 493 351 ἀδελφὸς
516 318 688 355 Ἀλέξανδρος
703 321 779 348 οὐδὲν
803 324 883 349 ποιεῖ.
909 313 965 350 Kal

180 358 264 385 θέλων
273 359 370 391 αὐτοὺς
384 360 559 395 θεραπεῦσαι,
575 361 651 390 εἶπεν
662 364 748 400 αὐτῷ·
767 366 876 400 Ἀδελφέ
890 367 964 394 Ἀλέ-

182 404 294 440 ξανδρε,
314 405 403 437 καλῶς
425 407 523 434 πλῦνον
549 409 617 435 αὐτὰ
643 410 683 436 ὅτι
698 410 806 446 λινάριά
827 414 890 439 εἰσι.
909 414 964 440 Kal

181 450 218 481 ὡς
230 451 345 485 ἤκουσεν
355 452 487 487 ἐλυπήθη.
508 454 562 480 Kal
580 455 648 489 per}.
668 455 754 483 ταῦτα
777 459 963 492 παρεκάλεσεν

179 497 259 523 αὑτὸν
275 498 289 523 ὁ
303 498 403 533 γέρων,
418 498 504 531 λέγων
518 507 524 513 ·
538 500 583 535 Μὴ
599 501 654 536 γάρ
667 502 716 528 οὐκ
734 502 806 537 ᾔδειν
822 504 863 530 ὅτι
874 504 964 537 καλῶς

181 543 281 574 novak;
304 543 372 570 ἀλλὰ
389 544 469 571 τοῦτο
489 543 566 572 εἶπόν
581 555 622 573 σοι
641 547 687 573 ἐπὶ
704 549 809 581 αὐτῶν,
828 550 871 576 ἵνα
886 551 964 586 θερα-

179 587 272 614 πεύσω
282 589 370 616 αὐτῶν
380 590 427 616 ’τὴν
442 590 570 626 λογισμὸν
587 592 617 618 ὲν
631 593 663 627 τῇ
679 594 710 628 σῇ
727 594 844 630 ὑπακοῇ,
854 596 961 631 ἀδελφέ.

214 634 263 661 κθ’.
284 636 453 671 Διηγήσαντο
480 638 544 673 περὶ
571 638 619 665 τοῦ
644 639 716 666 ἀδεᾶ
743 641 904 675 Ἀγάθωνος,
922 645 962 671 ὅτι

179 679 328 712 ἐσπούδαζε
345 683 430 708 ποιεῖν
443 683 530 709 πᾶσαν
544 683 664 720 ἐντολήν.
677 686 731 712 Καὶ
745 688 769 713 ει
781 687 913 715 διέόαινεν
924 690 964 721 είς

181 723 328 759 πορθμεῖον
340 745 347 756 ,
366 725 446 758 adeo;
464 727 570 761 πρῶτος
587 729 697 764 ἐκράτει
720 731 769 766 τὴν
781 731 876 768 κώπην
888 742 895 749 ·
916 736 963 762 xal

176 767 222 793 ὅτε
241 769 394 803 παρέϐαλον
409 771 483 806 αὑτῷ
497 772 614 807 ἀδελφοὶ,
629 774 731 807 ευθέως
745 777 799 803 άπὸ
813 778 861 813 τῆς
880 779 963 815 εὐχῆς

176 815 194 847 ἠ
208 814 267 848 χεὶρ
276 815 357 841 αὑτοῦ
367 816 416 850 τὴν
423 817 561 851 τράπεζαν
571 819 654 846 ἐτίθει
664 827 671 834 ’
680 818 713 856 ἦν
724 821 777 857 γὰρ
788 824 885 857 μεστὸς
895 814 963 859 ἀγά-

179 867 233 894 πης
244 859 323 886 Θεοῦ.
338 862 488 894 Μέλλοντος
500 863 528 889 δὲ
543 865 625 891 αὑτοῦ
633 867 770 903 τελευτᾷν,
787 869 878 904 ἔμεινε
889 873 962 907 τρεῖς
977 859 998 886 Β

177 904 283 940 ἡμέρας
299 906 486 942 ἀνεῳγμένους
497 909 566 944 ἔχων
578 911 640 943 τοὺς
652 912 807 949 ὀφθαλμοὺς
823 915 860 950 μὴ
874 904 964 944 κινου-

180 950 286 986 μένους.
303 952 419 986 Ἔνυξσν
432 954 460 981 δὲ
474 956 556 983 αὑτὸν
567 957 591 983 οῖ
604 957 715 992 ἀδελφοὶ
727 959 851 994 λέγοντες
863 971 870 978 ο
880 963 965 990 Ἀὃϐᾶ

184 997 317 1031 Ἁγάθων,
331 998 382 1024 ποῦ
393 998 432 1032 εἷ;
443 1001 523 1034 Λέγει
538 1002 644 1034 αὐτοῖς·
667 1004 796 1032 Ἐνώπιον
811 1007 858 1033 τοῦ
871 1017 964 1044 κριτη-

178 1043 237 1078 ρίου
250 1043 298 1069 τοῦ
312 1043 378 1070 Θεοῦ
392 1045 515 1080 ἵσταμαι.
528 1047 660 1081 Λέγουσιν
670 1050 744 1085 αὐτῷ
756 1057 764 1064 ·
774 1052 828 1078 Καὶ
840 1053 870 1081 σὺ
882 1043 962 1090 ιροδῇ,

177 1088 268 1124 Πάτερ
279 1097 286 1121 ;
304 1089 384 1124 Λέγει
397 1091 488 1123 αὐτοῖς
496 1101 502 1106 -
517 1092 592 1124 Τέως
604 1094 719 1130 ἐποίησα
728 1096 776 1131 τὴν
787 1097 901 1134 δύναμιν
912 1088 963 1135 μου

177 1135 218 1165 εἰς
233 1135 263 1161 τὸ
279 1135 394 1169 φυλάξαι
411 1136 459 1169 τὰς
471 1138 580 1170 ἐντολὰς
590 1139 637 1166 τοῦ
649 1140 715 1166 Θεοῦ
728 1150 735 1157 ·
753 1142 809 1169 ἀλλ’
821 1143 963 1179 ἄνθρωπός

177 1181 237 1215 εἰμι
248 1188 255 1195 '
271 1181 352 1208 πόθεν
359 1180 417 1208 οἴδα
429 1183 493 1209 εἰτὸ
504 1183 584 1219 έργον
600 1194 650 1220 μου
660 1186 825 1224 εὐηρέστησε
837 1190 875 1225 τῷ
886 1191 962 1226 Θεῷ;

179 1226 310 1259 Λέγουσιν
326 1227 399 1262 αὐτῴ
417 1229 441 1254 oi
458 1229 581 1263 ἀδελφοί·
603 1231 659 1257 Οὐκ
675 1229 701 1258 εἶ
716 1234 852 1266 πεποιθὼς
869 1236 915 1262 ἐπὶ
933 1237 963 1263 τὸ

180 1271 259 1306 ἔργον
272 1281 329 1304 σου,
346 1273 386 1299 ὅτι
403 1275 472 1300 κατὰ
484 1274 550 1301 Θεόν
569 1276 658 1309 ὲστιν;
675 1278 755 1312 Λέγει
769 1280 783 1306 ὁ
800 1281 888 1316 γέρων
904 1290 910 1296 ·
925 1283 962 1309 οὺ

177 1317 283 1352 θαρρῶ,
300 1319 324 1344 el
345 1319 382 1354 μὴ
394 1319 432 1354 τῷ
443 1320 502 1356 Θεῷ
517 1321 675 1358 ἀπαντήσω.
693 1325 805 1361 Ἕτερον
827 1327 881 1362 γάρ
905 1328 962 1354 ἐστι

178 1364 209 1389 τδ
221 1363 268 1389 τοῦ
281 1364 348 1390 Θεοῦ
364 1367 513 1400 κριτήριον,
529 1368 575 1394 καὶ
586 1367 678 1404 ἕτερον
691 1369 722 1396 τὸ
731 1371 785 1398 τῶν
800 1372 961 1408 ἀνθρώπων.

185 1408 229 1440 Ὠς
245 1409 273 1435 δὲ
285 1409 380 1444 ⁴ἤθελον
398 1411 532 1446 ἐρωτῆσαι
548 1413 629 1440 αὑτὸν
649 1414 741 1451 ἕτερον
764 1417 841 1452 λόγον
853 1438 860 1449 ,
888 1418 962 1452 λέγει

179 1455 284 1486 αὐτοῖς*
297 1456 430 1489 Ποιήσατε
441 1457 561 1493 ἀγάπην,
576 1459 612 1494 μὴ
623 1459 727 1487 λαλεῖτε
743 1462 804 1498 ἄρτι
817 1464 875 1498 μετ’
884 1464 961 1499 ἐμοῦ,

179 1500 219 1526 ὃτι
233 1501 408 1536 ἀσχολοῦμαι.
428 1501 480 1528 Καὶ
495 1504 637 1541 ἐτελειώθη
663 1506 686 1522 ⁸ο
701 1507 729 1533 ὲν
755 1509 837 1544 χαρᾷ.
856 1509 963 1545 Ἐώρων

179 1546 235 1582 γὰρ
249 1547 328 1573 αὑτὸν
342 1547 518 1582 ἀναγόμενον.
531 1549 559 1576 ὃν
575 1551 675 1585 τρόπον
684 1561 726 1584 τις
738 1553 888 1586 ἀσπάζεται
901 1555 963 1587 τοὺς

178 1591 276 1617 ἑαυτοῦ
292 1592 384 1625 φίλους
400 1594 446 1619 καὶ
465 1594 633 1630 άγαπητούς.
655 1595 717 1632 Εἶχε
736 1597 762 1624 δὲ
778 1599 898 1635 φυλακὴν
916 1609 965 1633 με-

179 1637 264 1672 γάλην
282 1638 310 1664 ἐν
324 1639 390 1664 πᾶσι
403 1659 410 1669 ,
429 1640 475 1665 καὶ
489 1639 579 1674 ἔλεγεν
590 1649 596 1656 -
610 1642 692 1668 Ἀνευ
709 1643 832 1678 φυλακῆς
844 1645 964 1680 μεγάλης

178 1683 208 1709 οὺ
222 1683 360 1718 προϐαίνει
374 1684 515 1720 ἄνθρωπος
528 1686 590 1713 οὗτε
603 1689 644 1719 εὶς
664 1689 728 1724 μίαν
747 1690 858 1726 ἀρετήν.

213 1728 244 1755 λ’.
261 1729 377 1764 Είσῆλθέ
398 1739 463 1756 ποτε
477 1731 491 1757 ὸ
511 1732 597 1764 ἀόϐᾶς
621 1733 742 1767 Ἀγάθων
765 1736 804 1766 εἰς
824 1735 873 1771 τὴν
888 1735 964 1762 πόλιν

178 1775 304 1810 πωλῆσαι
319 1776 404 1811 μικρά
420 1776 515 1812 σκεύη,
532 1778 580 1804 καὶ
596 1779 789 1814 εὑρίσκειτινὰ
807 1780 964 1816 λελωϐημέ-

177 1830 223 1847 νον
242 1822 263 1837 ⁸¹
280 1822 357 1858 παρὰ
381 1823 430 1857 τὴν
445 1823 514 1849 ὁδόν.
530 1824 611 1858 Λέγει
637 1825 711 1861 αὑτῴ
723 1826 737 1852 ὁ
759 1826 962 1862 λελωϐημένος·

179 1866 235 1893 Ποῦ
247 1867 362 1901 ὑπάγεις
375 1876 382 1900 ;
397 1867 478 1901 Λέγει
493 1868 567 1903 αὐτῷ
579 1869 592 1894 ὁ
607 1869 693 1901 ἀὸὅᾶς
705 1871 826 1905 ’Λγάθων
836 1879 843 1886 ·
857 1872 903 1903 Είς
915 1872 964 1907 τὴν

179 1912 256 1938 πόλιν
273 1913 398 1948 πωλῆσαι
413 1915 507 1949 σκεύη.
525 1915 606 1949 Λέγει
617 1915 706 1951 αὺτῷ-
721 1916 835 1951 Ποίησον
844 1917 962 1952 ἀγάπην,

178 1959 227 1985 καὶ
243 1957 309 1995 ἆρόν
327 1969 361 1994 με
378 1960 445 1987 ἐκεῖ.
464 1962 516 1987 Καὶ
534 1961 671 1996 βαστάσας
694 1962 790 1993 αὑτὸν.
809 1963 963 1999 ἀπήνεγκεν

177 2001 219 2032 είς
231 2002 281 2036 τὴν
296 2003 381 2030 πόλιν,
403 2004 483 2038 Λέγει
496 2005 571 2040 αὐτῷ
581 2014 587 2021 ·
606 2006 691 2032 Ὅπου
705 2007 804 2038 πωλεῖς
816 2007 850 2033 τά
868 2007 962 2043 σκεΰη,

179 2047 238 2073 ἐκεῖ
257 2056 290 2082 με
305 2047 360 2080 θές.
392 2049 516 2085 Ἐποίησε
530 2051 558 2077 δὲ
577 2050 673 2083 οὕτως.
702 2052 755 2078 Kal
769 2052 814 2079 ὅτε
839 2053 964 2088 ὲπώλησε

178 2093 286 2125 σκεῦος,
303 2094 395 2128 ἔλεγεν
412 2095 486 2131 αὐτῷ
496 2097 510 2122 ὁ
529 2096 718 2132 λελωῧημένος
728 2105 734 2112 ·
750 2098 836 2124 Πόσον
856 2098 962 2134 ἐπώλη-

179 2145 229 2168 ca;
245 2139 326 2171 αὐτό;
343 2140 397 2166 Καὶ
413 2140 489 2174 ἔλεγε
500 2140 591 2168 τόσου.
603 2142 658 2168 Καὶ
674 2142 765 2176 ἔλεγεν
780 2142 854 2177 αὐτῷ
867 2153 873 2159 ·
885 2143 963 2177 Ἀγό-

1016 236 1046 259 ιιι
1059 240 1153 260 omnes
1170 233 1229 267 ejus
1245 233 1370 268 discipuli
1384 241 1479 268 scapos
1495 235 1615 263 lavarent
1628 238 1653 263 in
1667 238 1796 270 llumine;

1015 281 1041 304 et
1054 278 1138 305 abbas
1152 278 1303 306 Alexander
1321 278 1427 305 lavabat
1442 279 1590 308 moderate.
1612 280 1708 308 Caiteri
1731 291 1796 309 vero

1015 322 1114 350 fratres
1126 322 1253 350 dixerunt
1267 323 1344 351 seni:
1361 322 1455 350 Frater
1472 324 1624 352 Alexander
1636 326 1703 352 nihil
1720 326 1796 353 facit.

1016 367 1092 395 Unde
1109 369 1202 396 volens
1219 369 1258 396 eis
1269 369 1383 399 mederi.
1401 369 1438 396 ait
1453 370 1492 396 illi
1508 379 1514 395 :
1528 370 1621 398 Frater
1634 371 1797 404 Alexander,

1015 419 1087 441 recte
1105 415 1162 441 lava
1187 422 1250 447 eos;
1271 415 1317 441 lini
1347 415 1421 442 enim
1437 420 1511 442 sunt.
1531 415 1620 451 thue
1634 416 1657 444 is
1686 418 1798 448 audivit.

1013 460 1109 486 acerbe
1127 460 1198 487 tulit.
1218 460 1250 486 Et
1266 463 1359 495 postea
1383 461 1487 488 solatus
1503 467 1543 488 est
1575 470 1636 488 cum
1658 470 1738 489 senex
1757 463 1798 490 his

1013 506 1104 533 verbis
1119 516 1125 532 :
1141 507 1180 532 An
1193 506 1347 533 neScicbam
1358 511 1383 533 te
1394 510 1467 534 recte
1482 507 1583 541 agere?
1595 506 1693 534 Verum
1710 509 1735 535 id
1750 509 1798 535 tibi

1014 558 1105 577 coram
1124 550 1176 578 illis
1196 551 1263 583 dixi,
1283 550 1375 583 frater,
1393 559 1447 586 quo
1469 559 1564 579 eorum
1579 553 1699 579 animum
1712 553 1738 580 in
1752 558 1798 580 tua

1013 596 1168 624 obedientia
1185 604 1322 624 curarem.

1048 641 1093 669 29.
1107 641 1396 670 Commemoraverunt
1410 643 1444 670 de
1460 643 1558 670 abbate
1567 644 1797 679 Agathone,quod

1013 693 1093 714 omne
1109 687 1267 714 mandatum
1284 687 1397 722 exsequi
1422 687 1610 714 contenderet.
1635 689 1665 715 Et
1688 688 1716 715 in
1737 689 1799 715 navi

1014 731 1037 758 si
1051 731 1210 766 trajiciebat,
1231 732 1335 767 primus
1355 733 1414 768 ipse
1436 733 1571 759 tractabat
1598 740 1711 760 remum.
1730 734 1798 761 Cum

1014 778 1206 805 adventassent
1222 778 1334 811 fratres,
1363 779 1454 806 statim
1475 783 1535 813 post
1556 786 1674 813 precem,
1701 787 1798 806 manus

1013 823 1072 856 ejus
1083 830 1203 849 mensam
1218 824 1379 858 apponebat.
1395 823 1493 851 Plenus
1506 825 1578 851 enim
1592 829 1652 852 erat
1665 825 1799 852 charitate

1015 866 1073 894 Dei.
1085 868 1140 903 (54)
1150 867 1282 896 Czeterum
1299 868 1408 903 quando
1426 869 1520 896 mortis
1535 873 1641 904 tempus
1652 869 1800 904 appropin-

1015 912 1119 946 quavit,
1134 916 1190 940 tres
1208 913 1268 940 dies
1281 913 1381 940 mansit
1395 914 1481 941 oculis
1496 915 1598 948 apertis
1614 915 1796 949 immotisque.

1014 956 1124 984 Fratres
1132 962 1220 985 autem
1236 959 1492 993 pulsaverunteum.
1507 959 1687 994 dixeruntque
1703 959 1798 986 :Abba

1013 1002 1130 1037 Agatho,
1146 1003 1256 1030 ubinam
1283 1004 1330 1031 es?
1346 1004 1495 1039 Respondit
1514 1005 1554 1032 eis
1571 1014 1577 1031 ι
1597 1004 1645 1032 Sto
1660 1009 1722 1032 ante
1747 1007 1799 1033 tri—

1014 1049 1096 1076 hunal
1112 1049 1169 1076 Dei.
1183 1050 1239 1085 (55)
1255 1050 1338 1076 Aiunt
1352 1061 1357 1078 :
1375 1049 1461 1076 Etiam
1473 1054 1502 1077 tu
1519 1050 1608 1082 times,
1622 1051 1719 1078 Pater?
1731 1050 1776 1079 Ille
1790 1061 1796 1078 ε

1014 1097 1100 1122 Antea
1113 1096 1184 1130 quod
1199 1096 1273 1130 potui
1290 1096 1339 1122 feci
1357 1100 1386 1122 ut
1399 1096 1571 1123 observarem
1592 1097 1717 1124 mandata
1732 1097 1797 1131 Dei;

1015 1140 1062 1167 sed
1078 1141 1158 1168 homo
1183 1149 1262 1168 sum:
1282 1142 1354 1168 unde
1378 1141 1462 1169 sciam
1479 1146 1568 1168 utrum
1593 1141 1648 1170 Dco
1668 1144 1800 1178 placuerit

1014 1191 1083 1219 opus
1092 1193 1180 1212 meum
1189 1186 1200 1212 ’ἓ
1210 1185 1308 1213 Dicunt
1319 1187 1343 1213 ei
1353 1185 1452 1214 fratres
1464 1196 1470 1214 :
1483 1186 1541 1214 Non
1553 1188 1666 1215 confidis
1679 1189 1704 1215 in
1717 1197 1799 1223 opere

1014 1233 1071 1262 tuo,
1085 1231 1158 1265 quod
1174 1232 1324 1258 secundum
1353 1231 1437 1259 Deum
1454 1233 1510 1259 sit?
1523 1231 1671 1267 Respondit
1691 1242 1771 1261 senex
1790 1244 1797 1261 :

1013 1275 1072 1303 Non
1087 1277 1173 1304 habeo
1185 1277 1321 1310 fiduciam,
1335 1279 1386 1305 nisi
1400 1278 1453 1306 Deo
1465 1286 1619 1306 occurrero.
1636 1280 1715 1307 Aliud
1727 1281 1797 1307 enim

1013 1325 1055 1350 est
1067 1322 1200 1357 judicium
1218 1323 1277 1354 Dei,
1295 1324 1367 1351 aliud
1394 1324 1544 1352 hominum.
1562 1325 1684 1360 Cumque
1700 1326 1799 1353 vellent

1014 1376 1076 1395 eum
1093 1369 1146 1395 alia
1159 1369 1192 1397 de
1205 1378 1234 1397 re
1250 1371 1418 1404 percontari,
1434 1371 1471 1398 ait
1485 1371 1558 1398 illis:
1574 1371 1722 1399 Charitatis
1732 1380 1800 1406 opus

1014 1416 1142 1450 peragite.
1153 1423 1187 1443 ne
1198 1417 1316 1451 amplius
1332 1424 1437 1443 mecum
1447 1417 1612 1452 loquamini:
1627 1426 1686 1445 sum
1700 1419 1800 1453 quippe

1014 1465 1174 1495 occupatus.
1194 1461 1227 1487 Et
1255 1461 1373 1489 excessit
1392 1470 1407 1489 e
1431 1462 1486 1489 vita
1504 1470 1565 1489 cum
1581 1463 1691 1497 gaudio.
1719 1463 1800 1491 Vide-

1014 1510 1079 1533 runt
1091 1507 1225 1542 siquidem
1238 1515 1299 1534 eum
1315 1507 1453 1540 eductum,
1467 1516 1521 1543 quo
1533 1509 1612 1536 modo
1625 1510 1687 1544 quis
1699 1510 1799 1537 salutat

1015 1551 1118 1578 amicos
1133 1559 1198 1579 suos
1219 1551 1399 1587 dilectosque.
1425 1552 1523 1580 Ilabuit
1547 1561 1628 1588 porro
1648 1554 1674 1580 in
1692 1554 1799 1581 cunctis

1014 1604 1140 1631 magnam
1155 1596 1327 1630 custodiam;
1345 1601 1372 1624 et
1387 1597 1477 1625 dicere
1493 1599 1614 1629 solebat.
1635 1599 1737 1633 absque
1757 1600 1799 1625 in-

1014 1643 1087 1677 genti
1114 1643 1238 1670 custodia
1267 1643 1403 1670 hominem
1420 1651 1507 1678 neque
1522 1644 1554 1671 ad
1574 1652 1654 1671 uumn
1668 1645 1796 1672 virtutem

1014 1688 1149 1723 progredi.

1049 1733 1090 1760 30.
1105 1732 1247 1767 Ingressus
1258 1734 1377 1769 quodam
1391 1740 1511 1769 tempore
1524 1735 1550 1761 in
1566 1735 1703 1762 civitatem
1713 1735 1798 1762 abbas

1013 1777 1118 1813 Agatho
1131 1778 1164 1805 ad
1182 1779 1325 1807 vendenda
1344 1781 1466 1810 vascula,
1485 1780 1585 1815 reperit
1600 1781 1626 1807 in
1646 1781 1688 1808 via
1710 1781 1798 1815 lepro-

1013 1830 1073 1850 sum
1091 1832 1097 1850 :
1116 1825 1162 1859 qui
1179 1825 1338 1853 sciscitatus
1353 1829 1405 1857 est.
1422 1833 1476 1861 quo
1498 1826 1560 1853 iret.
1581 1825 1732 1861 Respondit
1751 1827 1799 1854 ah-

1013 1869 1063 1897 bas
1081 1871 1187 1905 Agatho
1204 1879 1210 1896 :
1233 1871 1272 1897 Ad
1291 1872 1396 1903 urbem,
1413 1872 1550 1899 venditum
1565 1880 1640 1900 vasa.
1663 1871 1739 1899 Tunc
1757 1873 1797 1899 le-

1013 1923 1112 1950 prosos
1127 1917 1185 1943 inﬁt
1201 1927 1206 1943 :
1223 1917 1277 1944 Fac
1293 1918 1465 1949 charitatem.
1489 1926 1521 1945 eo
1543 1925 1586 1945 me
1600 1918 1674 1945 tolle.
1691 1917 1723 1945 Et
1735 1926 1798 1954 pur-

1013 1965 1075 1988 tans
1089 1969 1161 1993 eum,
1178 1961 1291 1988 adduxit
1311 1962 1337 1989 in
1361 1963 1508 1990 civitatem.
1539 1963 1637 1990 lterum
1661 1963 1706 1990 ille
1721 1973 1728 1991 τ
1746 1963 1796 1991 Ubi

1014 2006 1130 2034 vendere
1145 2007 1217 2035 soles
1233 2015 1308 2038 vasa,
1324 2008 1361 2035 ibi
1378 2016 1420 2036 me
1432 2016 1510 2043 pone.
1528 2009 1566 2035 Ita
1585 2009 1657 2036 fecit.
1673 2009 1798 2045 Curaque

1013 2053 1182 2080 vendidisset
1197 2061 1255 2086 vas,
1277 2055 1354 2088 petiit
1379 2055 1413 2082 ab
1427 2062 1460 2082 eo
1472 2055 1606 2090 leprosus,
1623 2057 1723 2091 quanti
1732 2065 1797 2084 vcn-

1014 2097 1137 2126 didisset.
1155 2098 1244 2130 Tanti,
1263 2099 1361 2134 inquit.
1378 2099 1446 2126 Tum
1462 2101 1486 2127 is
1503 2109 1509 2128 :
1527 2100 1590 2128 Eme
1607 2101 1672 2128 mihi
1691 2102 1797 2136 placen-

1013 2148 1078 2170 tam.
1096 2144 1175 2171 Emit.
1194 2145 1291 2172 lterum
1307 2145 1381 2172 aliud
1397 2153 1443 2173 vas
1460 2146 1590 2173 vendidit.
1606 2145 1639 2173 Et
1658 2148 1703 2175 ille
1720 2148 1797 2176 :Hoc

183 2183 264 2217 ρασόν
279 2192 324 2219 μοι
347 2184 509 2212 πλακοῦντιν
528 2185 559 2212 ⁸³.
579 2187 633 2213 Καὶ
656 2186 786 2223 ἠγόραζε.
805 2188 859 2214 Καὶ
882 2188 962 2215 πάλιν

1016 2196 1081 2215 vero
1093 2190 1210 2224 quanti?
1234 2190 1324 2222 Tanti.
1351 2191 1448 2226 inquit.
1465 2190 1602 2226 Leprosus
1618 2201 1624 2217 :
1647 2192 1714 2221 Eme
1730 2194 1798 2221 mihi

181 2228 280 2255 ἐπώλει
296 2229 361 2256 ἄλλο
383 2230 488 2262 σκεῦος.
508 2232 562 2258 Kal
577 2232 666 2266 ἔλεγε·
690 2233 745 2259 Kal
764 2233 843 2260 τοῦτο
862 2234 962 2267 πόσου;

176 2273 232 2299 Kal
248 2273 324 2307 ἔλεγε
335 2282 342 2289 ο
360 2274 454 2301 Τόσου.
475 2275 530 2302 Kal
542 2276 634 2311 ἔλεγεν
646 2276 719 2312 αὐτῷ
729 2285 735 2292 ·
757 2278 902 2313 Ἀγόρασον
919 2288 963 2314 μοι

178 2319 237 2345 τόδε
243 2339 249 2346 .
260 2319 314 2345 Kal
320 2320 447 2355 ἠγόραζε.
458 2321 533 2348 Μετὰ
539 2319 584 2348 οὖν
591 2321 621 2348 τὸ
634 2322 758 2357 πωλῆσαι
768 2323 817 2350 ὅλα
824 2324 859 2350 τὰ
867 2324 962 2359 σκεύη,

182 2364 230 2391 καὶ
253 2364 340 2391 θέλειν
367 2365 502 2397 ἀπελθεῖν,
528 2366 600 2400 λέγει
628 2366 702 2403 αὐτῷ
723 2369 737 2395 ὁ
756 2368 959 2404 λελωϐημένος·

187 2409 331 2444 ’Υπάγειςς
347 2411 426 2445 Λέγει
436 2410 510 2445 αὐτῷ
519 2419 526 2426 ·
537 2411 600 2438 Ναί.
613 2412 668 2438 Kal
682 2413 769 2447 λέγει·
785 2414 900 2449 Ποίησον
911 2414 963 2440 πά-

178 2456 221 2483 λιν
235 2457 354 2491 ἀγάπην,
374 2457 421 2483 ml
438 2455 504 2492 ἆρον
513 2457 578 2483 ὅπου
596 2466 629 2492 με
651 2455 738 2494 εὗρες.
753 2460 808 2486 Kal
826 2459 962 2494 βαστάσας

177 2502 269 2534 αὑτὸν,
284 2503 399 2538 ἤνεγκεν
417 2505 455 2535 εἰς
466 2503 511 2530 τὸν
523 2505 604 2530 τόπον
615 2505 709 2532 αὑτοῦ.
721 2506 775 2532 Kal
787 2505 860 2540 λέγει
875 2506 959 2542 αὐτῷ·

178 2548 366 2584 Εὐλογημένος
378 2547 413 2580 εἴ,
422 2550 556 2583 Ἀγάθων,
571 2551 623 2577 ὑπὸ
636 2551 738 2586 Κυρίου
752 2552 780 2578 ἐν
795 2552 902 2587 οὐρανῷ
914 2553 962 2579 καὶ

176 2594 225 2620 ἐπὶ
240 2594 302 2628 γῆς.
330 2594 384 2621 Καὶ
406 2595 475 2630 ἄρας
499 2597 561 2628 τοὺς
585 2596 739 2632 ὀφθαλμοὺς
760 2597 841 2624 αὑτοῦ
867 2598 961 2625 οὐδένα

175 2638 263 2667 εἶδεν·
279 2638 314 2676 ἦν
332 2641 386 2676 γάρ
400 2641 513 2675 ἄγγελος
532 2643 634 2679 Κυρίου
649 2642 734 2670 ἐλθὼν
751 2643 896 2679 δοκιμάσαι
914 2645 961 2671 αὺ-

175 2687 232 2713 τόν.

1017 2234 1078 2262 hoc.
1090 2234 1161 2262 Emit
1171 2236 1265 2264 abbas.
1276 2237 1344 2264 Cum
1359 2246 1423 2273 ergo
1443 2239 1609 2267 vendidisset
1618 2241 1708 2267 omnia
1720 2248 1797 2276 vasa,

1015 2281 1149 2316 velletque
1176 2283 1261 2315 abire,
1278 2283 1347 2310 dixit
1361 2285 1385 2311 ei
1414 2284 1537 2319 leprosos
1553 2295 1560 2312 :
1579 2284 1714 2314 Recedis?
1744 2287 1798 2315 Re-

1015 2327 1126 2362 spondit
1140 2337 1146 2354 :
1160 2322 1260 2355 Etiam:
1273 2329 1339 2356 Tum
1357 2330 1402 2357 ille
1417 2339 1423 2357 :
1442 2330 1536 2357 Adhuc
1560 2339 1628 2365 opus
1655 2332 1795 2360 charitatis

1015 2379 1122 2405 exerce,
1136 2372 1208 2400 refer
1223 2381 1266 2400 me
1291 2381 1345 2409 quo
1371 2375 1430 2401 loco
1454 2375 1591 2402 invenisti.
1620 2375 1794 2412 Portavitque

1011 2425 1084 2450 eum,
1101 2421 1128 2445 et
1143 2418 1177 2445 ad
1193 2426 1272 2446 suum
1289 2419 1378 2446 locum
1408 2420 1538 2447 restituit.
1557 2419 1634 2448 Tunc
1651 2421 1718 2449 dixit
1741 2423 1766 2449 ei
1785 2433 1792 2450 :

1011 2463 1172 2492 Benedictus
1188 2473 1218 2492 es
1231 2465 1335 2499 Agatho
1351 2473 1366 2492 a
1382 2465 1496 2493 Domino
1506 2466 1532 2492 in
1548 2467 1617 2493 cmlo
1632 2472 1659 2494 et
1673 2468 1700 2494 in
1710 2472 1794 2496 terra.

1012 2509 1173 2544 Levatisque
1202 2512 1290 2538 oculis
1307 2511 1391 2538 abbas
1421 2512 1556 2538 neminem
1574 2512 1692 2547 amplius
1716 2513 1794 2542 vidit.

1013 2555 1079 2582 Erat
1090 2556 1162 2583 enim
1187 2558 1298 2592 angelus
1315 2556 1420 2584 Domini
1435 2557 1481 2591 qui
1497 2562 1610 2586 venerat
1624 2564 1652 2585 ut
1668 2558 1797 2594 probaret

1013 2609 1046 2628 eu
1051 2609 1073 2627 Ill
1078 2620 1083 2627 .

213 2763 237 2780 ⁸⁸
251 2764 294 2792 Al.
306 2764 390 2793 inscr.
407 2765 517 2798 εὐθέως.
556 2767 576 2783 ¹¹
592 2767 633 2793 Al.
650 2767 732 2795 inser.
754 2767 929 2803 ἐρριμμένον.

1015 2767 1056 2795 Al.
1078 2767 1247 2799 πλακοῦντας
1264 2772 1291 2795 et
1317 2767 1481 2795 πλακοῦντα.

215 2841 275 2877 (⁸51)
300 2841 350 2869 Vil.
367 2842 444 2870 Patr.
465 2853 500 2877 xi,
515 2844 540 2871 ΞΣ.

1053 2845 1106 2880 (55)
1122 2844 1231 2873 Doroth.
1250 2844 1337 2872 Drclr.
1353 2854 1381 2878 ιι,
1400 2845 1429 2873 ὃ.
