1971 3068
143 109 187 137 Hi

689 110 998 140 APOPHTHEGMATA
1016 111 1171 140 PATBUM.

1713 117 1767 144 i2!

144 165 197 201 ρὰν,
207 166 254 192 καὶ
271 165 351 192 πάλιν
358 164 428 191 λύων
436 165 531 200 αὐτὴν,
541 166 593 197 ἕως
614 162 644 193 οὗ
659 167 754 200 γέγονε
771 167 800 193 τὸ
812 167 834 183 ⁸⁸
859 177 927 203 πορ-

997 176 1055 201 ens,
1081 169 1237 203 iterumque
1253 168 1363 195 solvens
1380 176 1449 202 eamI
1469 171 1591 204 quandiu
1609 171 1636 197 in
1649 175 1768 205 pontone

146 211 244 246 θμεῖον.
271 211 326 238 Καὶ
343 211 429 242 οὕτως
454 211 598 247 ἐπέρασεν,
626 213 741 239 Ἔὸαλον
757 211 802 240 οὖν
816 214 890 250 αὑτῴ
903 216 926 241 οἱ

143 256 244 291 ἀδελφοὶ
257 257 411 291 μετάνοιαν,
426 257 549 291 λέγοντες
560 267 566 273 ·
580 258 612 284 Τί
625 258 705 285 τοῦτο
718 258 848 293 ἐποίησας
857 269 863 292 ;
873 261 928 287 Καὶ

144 302 211 336 λέγει
227 303 319 334 αὐτοῖς
333 303 347 328 6
357 302 445 338 γέρων
455 310 463 317 ⁸
481 303 539 330 Ἵνα
551 303 588 338 μὴ
601 304 717 330 πάντοτε
732 305 928 338 σπουδάζοντος

145 348 185 375 τοῦ
200 348 330 383 λογισμοῦ
347 348 500 383 περιπατῶ.
524 349 605 376 Ἀλλὰ
621 351 668 376 καὶ
685 350 763 377 τοῦτο
776 351 929 386 ὑπόδειγμά

146 395 223 426 ἔστιν,
238 395 281 420 ἵνα
296 394 365 429 μετὰ
379 395 570 427 καταστάσεως
585 394 738 431 βαδίζωμεν
750 397 800 431 τὴν
811 396 928 434 ὁδὸν-τοῦ

146 439 218 467 Θεοῦ.

179 486 209 518 ζ’,
229 486 346 522 Ἀπῆλθέ
367 494 431 512 ποτε
447 486 461 512 6
477 485 562 518 ἀὸὖᾶς
592 487 737 522 Ἀμμωνᾶς
763 487 930 522 παραϐαλεῖν

146 533 181 568 τῷ
192 532 263 568 ὰὸϐᾆ
279 533 422 568 Ἀντωνίῳ,
436 532 483 559 καὶ
494 532 633 568 ἐπλανήθη
644 532 692 568 τὴν
714 533 786 559 ὀδόν·
803 533 850 560 καὶ
864 533 930 560 καθ-

151 580 205 611 ίσας
224 579 357 615 ἐκοιμήθη
376 580 489 615 μικρόνθ
516 581 561 606 καὶ
584 581 702 612 ἀναστὰς
717 582 748 607 ἐκ
762 581 809 607 τοῦ
834 581 928 614 ὕπνου,

147 625 238 658 εὔξατο
253 625 292 660 τῷ
307 625 378 660 Θεῷ,
404 625 505 659 λέγων·
520 626 621 661 Δέομαί
638 635 684 652 σου
696 647 703 656 .
721 627 806 662 Κύριε
830 629 844 653 ὀ
865 627 931 659 Θεός

149 680 205 707 μου,
225 672 262 707 μὴ
277 670 412 706 ἀπολέσῃς
425 671 456 697 τὸ
476 672 589 706 πλάσμα
608 680 665 698 σου.
685 672 740 698 Καὶ
759 672 837 707 ὤφθη
858 672 932 708 αὐτῷ

147 718 182 749 ὡς
197 719 257 753 χεὶρ
272 716 414 753 ἀνθρώπου
439 718 603 752 κρεμαμένη
623 718 655 745 ἐκ
667 718 714 744 τοῦ
729 719 854 754 οὐρανοῦ,
879 719 932 744 δει-

148 763 260 791 κνύουσα
274 763 348 798 αὐτῷ
363 763 412 798 τὴν
430 763 499 795 ὁδὸν,
514 764 566 795 ἕως
577 760 608 790 οὗ
629 762 695 800 ἦλθε
711 765 758 791 καὶ
780 764 844 800 ἔστη
863 765 932 792 κατὰ

148 809 190 836 τοῦ
205 809 338 843 σπηλαίου
350 809 395 835 τοῦ
409 809 480 835 ἁὸὁᾶ.
500 809 651 836 Ἀντωνίου.

979 215 1064 241 stetit.
1089 214 1180 250 Atque
1204 215 1242 241 ita
1269 214 1390 240 transiit.
1412 214 1498 249 Igitur
1525 215 1625 243 fratres
1653 224 1770 252 corpore

978 260 1049 286 flexo
1069 260 1213 294 petierunt,
1234 267 1283 288 cur
1296 260 1322 287 id
1336 260 1456 288 fecisset.
1469 262 1514 287 Ait
1531 268 1613 288 senex
1629 271 1635 287 :
1649 260 1687 288 Ne
1696 269 1768 289 sem-

978 312 1027 339 per
1043 305 1148 332 intenta
1165 310 1256 332 mente
1271 306 1436 333 incederem.
1456 306 1509 333 Sed
1523 311 1549 333 et
1567 306 1634 333 illud
1644 307 1772 342 exemplo

979 354 1032 382 est,
1050 351 1089 377 uti
1110 351 1261 386 composite
1275 351 1306 378 in
1317 351 1361 378 via
1376 351 1424 379 Dei
1441 352 1609 387 gradiamur.

1021 490 1048 517 7.
1068 489 1208 517 Profectus
1219 490 1367 525 aliquando
1380 490 1465 518 abbas
1484 491 1632 518 Ammonas
1646 490 1679 518 ad
1692 491 1772 519 abba-

980 540 1034 564 tem
1049 536 1209 567 Antonium,
1223 544 1238 562 a
1253 536 1297 562 via
1322 536 1477 569 aberravit;
1491 536 1644 570 sedensque
1657 536 1770 564 dormiit

981 591 1128 618 parumper
1143 592 1150 609 :
1168 583 1230 609 dein
1248 590 1263 609 e
1289 590 1385 610 somno
1398 582 1545 616 excitatus,
1559 582 1647 609 oravit
1664 582 1747 609 Deum
1761 603 1769 614 ,

982 629 1041 656 sic:
1058 628 1178 656 Obsecro
1195 633 1232 659 te.
1249 627 1364 655 Domine
1378 628 1449 656 Deus
1464 636 1551 660 meus,
1565 636 1599 655 tte
1616 634 1770 655 creaturam

983 679 1054 702 tuam
1070 674 1183 709 patiaris
1197 674 1296 708 perire.
1310 673 1386 700 Tunc
1402 674 1529 708 apparuit
1540 673 1566 700 ei
1582 674 1656 701 velut
1673 681 1773 701 manus

982 720 1101 747 hominis
1109 728 1124 746 e
1136 720 1207 747 coelo
1216 727 1360 754 suspensa,
1374 719 1525 746 ostendens
1536 719 1619 752 viam,
1629 727 1773 754 quousque

982 766 1153 800 pervenisset
1171 773 1203 792 ac
1223 766 1345 793 stetisset
1365 769 1429 792 ante
1448 765 1556 792 abbatis
1576 764 1688 792 Antonii
1710 772 1773 799 spe—

983 812 1103 838 luncam.

180 858 214 890 η’.
231 854 323 890 Τούτῳ
337 855 375 890 τῷ
390 854 463 890 ἁὸϐᾷ
487 855 620 890 Ἀμμωνᾷ
639 855 842 891 προεφήτευσεν
855 857 869 882 ὁ
883 855 933 883 d6-

1019 857 1046 884 8.
1064 857 1120 892 (Ω)
1139 855 1208 883 Huic
1222 855 1315 883 abbati
1328 856 1468 883 Ammona:
1480 855 1606 890 praedixit
1618 857 1703 884 abbas
1717 856 1774 882 An-

150 902 195 934 6ᾶς
217 901 367 934 Ἀντώνιος,
385 901 471 936 λέγων
483 923 490 934 ,
514 902 555 928 ὅτι
573 902 666 937 Ἔχεις
681 903 816 938 προκόψαι
833 903 872 935 είς
890 903 934 929 τὸν

150 948 227 983 φόϐον
241 947 287 974 τοῦ
302 947 380 974 Θεοῦ.
397 948 452 974 Καὶ
464 947 596 983 ἐξήγαγεν
607 947 747 980 αὐτὸνέξω
760 948 808 975 τοῦ
817 948 934 980 κελλίου,

149 995 193 1021 καὶ
218 993 317 1028 ἔδειξεν
334 993 408 1028 αὺτῷ
435 993 508 1019 λίθον
520 1013 527 1024 ,
541 994 588 1020 καὶ
611 991 687 1020 εἶπεν
698 993 788 1028 αὺτῷ-
806 995 936 1030 ’Ύϐρισον

148 1039 191 1066 τὸν
218 1040 291 1066 λίθον
319 1040 411 1066 τοῦτον
431 1040 476 1066 καὶ
494 1039 577 1074 τύψον
593 1039 686 1066 αὐτόν,
711 1039 739 1066 '0
766 1039 793 1066 δὲ
808 1040 936 1075 ἐποίησεν

151 1085 243 1117 οὕτως.
263 1086 315 1111 Καὶ
333 1086 403 1119 λέγει
421 1085 496 1120 αὐτῷ
513 1086 527 1111 6
543 1085 801 1116 ἀΰὸᾶς¹Αντώνιος·
817 1085 863 1121 Μὴ
876 1085 937 1113 ὲλά-

150 1131 228 1166 λησεν
241 1132 255 1158 ὀ
271 1131 362 1163 λίθυς;
381 1130 410 1157 '0
424 1130 452 1157 δὲ
467 1127 559 1156 εἶπεν·
581 1131 657 1165 Οὐχί.
675 1130 730 1157 Καὶ
746 1130 819 1164 λέγει
834 1130 909 1166 αὺτῷ
923 1132 938 1157 ό

150 1177 234 1209 ἀῦὸἱς
259 1176 414 1208 Ἀντώνιος·
433 1175 512 1202 Οὕτω
535 1176 628 1203 καὶσὺ
650 1176 811 1203 καταλαϐεῖν
830 1176 939 1212 μέλλεις

149 1223 224 1249 τοῦτο
238 1223 268 1249 τὸ
294 1223 402 1258 μέτρον.
432 1223 465 1248 ‘0
495 1223 541 1248 καὶ
558 1221 677 1256 ἐγένετο,
702 1221 841 1258 Προέκοψε
856 1222 911 1258 γὰρ
924 1223 939 1248 6

150 1269 234 1298 666i:
256 1269 401 1304 Ἀμμωνᾶς
415 1268 511 1299 οὕτως,
533 1268 569 1299 ὡς
584 1267 637 1293 ἀπὸ
658 1266 757 1302 πολλῆς
772 1268 939 1304 ὰγαθότητος

153 1315 249 1351 μηκέτι
265 1314 364 1340 εἰδέναι
379 1313 428 1349 τὴν
443 1313 551 1340 κακίαν.
574 1314 619 1340 Ἐν
632 1310 672 1344 οἷς
693 1313 838 1348 γενομένου
857 1314 940 1341 αὺτοῦ

151 1361 311 1391 ἐπισκόπου,
325 1361 516 1396 προσήνεγκαν
531 1359 605 1394 αὐτῷ
614 1359 748 1394 παρθένον
763 1358 899 1387 λαϐοῦσαν
912 1362 941 1388 ὲν

153 1408 261 1442 γαστρὶ,
277 1407 323 1433 καὶ
338 1407 462 1440 λέγουσιν
475 1406 548 1441 αὐτῷ
561 1415 567 1420 -
585 1406 615 1432 '0
628 1406 701 1432 δεῖνα
717 1406 830 1442 ἐποίησε
843 1407 923 1434 τοῦτο
932 1415 941 1423 ⁵

154 1454 198 1486 δὸς
212 1454 303 1484 αὐτοῖς
318 1453 468 1488 ἐπιτιμίαν.
483 1452 511 1478 '0
528 1452 555 1478 δὲ
567 1453 721 1489 σφραγίσας
731 1454 815 1488 αὐτῆς
825 1454 874 1488 τὴν
887 1461 944 1479 κοι-

155 1501 225 1530 λίαν,
243 1499 369 1526 ἐκέλευσε
384 1498 492 1535 δοθῆναι
511 1501 578 1535 αὑτῇ
594 1500 623 1532 ἒξ
637 1500 722 1534 ζυγὰς
739 1499 883 1530 σινδονίων,
899 1498 942 1524 λέ-

153 1552 228 1579 γων
249 1544 362 1579 Μήποτε
390 1544 427 1575 ὡς
448 1543 599 1579 ἀπέρχεται
620 1545 758 1580 γεννῆσαι,
784 1543 906 1579 ἀποθάνῃ
925 1543 942 1578 ἦ

154 1591 223 1626 αὑτὴ
237 1590 254 1626 ἢ
266 1591 296 1616 το
309 1590 424 1621 παιδίον,
438 1590 485 1616 καὶ
498 1590 534 1625 μὴ
547 1590 616 1626 εὕρῃ
624 1590 798 1625 κηδευθῆναι.
814 1589 947 1623 Λέγουσιν

157 1636 230 1670 αὑτῷ
244 1637 268 1661 οἱ
283 1637 343 1662 κατ’
359 1635 442 1670 αὐτῆς
460 1635 617 1670 ἐντυχόντες
627 1643 633 1649 ·
655 1635 687 1661 Τί
701 1635 780 1662 τοῦτο
799 1634 946 1669 ἑποίησας;

155 1682 200 1713 δὸς
216 1682 307 1712 αὐτοῖς
319 1681 466 1715 ἐπιτιμίαν,
494 1680 522 1706 '0
538 1681 566 1706 δὲ
595 1680 668 1714 λέγει
695 1673 802 1710 αὑτοίςλ
817 1679 945 1709 Βλέπετε,

157 1727 278 1762 ἀδελφοὶ,
297 1728 337 1753 ὅτι
352 1726 435 1761 ἐγγύς
445 1728 502 1753 ἐστι
516 1726 561 1752 τοῦ
578 1726 693 1753 θανάτου
703 1735 710 1742 -
726 1725 773 1752 καὶ
784 1725 811 1751 τί
825 1724 879 1759 ἔχω
894 1724 948 1758 ἐγὼ

160 1774 290 1808 ποιῆσαι;
306 1773 359 1799 Καὶ
370 1772 504 1798 ἀπέλυσεν
517 1773 604 1807 αὐτήν
615 1781 621 1789 ο
638 1773 686 1799 καὶ
703 1772 754 1799 οὐκ
770 1771 919 1807 ἐτόλμησεν
935 1772 949 1797 6

160 1819 250 1854 γέρων
263 1818 426 1854 κατακρῖναί
442 1827 513 1844 τινα.

198 1865 231 1892 0'.
251 1864 362 1898 Ἔλεγον
380 1864 444 1900 περὶ
460 1863 542 1890 αὑτοῦ
554 1883 562 1895 ,
581 1863 620 1890 ὅτι
636 1863 707 1895 τινὲς
725 1861 807 1898 ἦλθον
819 1863 951 1898 δικασθῆ-

160 1919 207 1938 ναι
220 1910 285 1945 παρε
305 1909 389 1945 αὐτῷ.
418 1910 446 1936 '0
461 1909 490 1935 δὲ
515 1909 604 1944 γέρων
627 1910 802 1944 ὲμωροποίει.
818 1909 870 1936 Καὶ
897 1909 950 1936 ἰδοὺ

159 1957 230 1991 γυνή
249 1964 290 1987 τις
299 1955 364 1990 ἔστη
379 1955 491 1989 πλησίον
510 1954 602 1987 αὐτοῦ,
618 1955 663 1980 καὶ
678 1954 771 1988 ἔλεγεν
785 1955 807 1970 ⁸⁷
818 1963 825 1970 ·
839 1952 923 1986 Οὗτος
938 1956 952 1981 6

160 2003 253 2038 γέρων
264 2001 342 2032 σαλὸς
355 2002 439 2026 ἐστιν.
460 2000 594 2026 Ἤκουσεν
610 1997 655 2026 οὖν
667 1999 754 2034 αὐτῆς
765 2001 778 2025 6
792 1999 890 2034 γέρων,
905 2000 952 2026 καὶ

162 2049 293 2084 φωνήσας
315 2047 399 2081 αὐτὴν
424 2046 514 2080 λέγει·
539 2045 643 2077 Πόσους
669 2045 770 2076 κόπους
796 2045 911 2080 ἐποίησα
925 2046 953 2071 ἐν

162 2096 225 2125 ταῖς
243 2095 366 2129 ἐρήμοις,
382 2093 425 2118 ἵνα
442 2092 585 2126 κτήσωμαι
599 2091 647 2126 τὴν
670 2090 805 2124 σαλότητα
830 2090 931 2124 ταύτην
944 2110 952 2122 ,

165 2141 215 2168 καὶ
230 2140 273 2167 διὰ
290 2140 320 2165 σὲ
332 2139 387 2173 ἔχω
401 2137 533 2164 ἀπολέσαι
542 2136 626 2172 αυτὴν
640 2136 672 2171 σή
677 2136 776 2171 μερονι

984 903 1087 936 tonius,
1104 902 1178 937 quod
1205 903 1232 929 in
1260 903 1357 929 timore
1378 901 1425 929 Dei
1450 909 1625 936 progressum
1651 902 1775 929 facturus

985 954 1068 976 esset.
1086 948 1125 975 Ac
1142 948 1236 975 eduxit
1254 955 1317 975 eum
1331 955 1346 975 e
1365 948 1450 980 cella,
1477 954 1644 982 ostensoque
1665 948 1774 982 lapide,

986 994 1055 1021 dixit
1070 1003 1076 1021 :
1093 995 1223 1021 Convicia
1238 994 1299 1028 jace
1309 995 1337 1021 in
1354 994 1428 1021 hunc
1440 995 1571 1029 lapidem,
1587 999 1613 1022 et
1629 996 1704 1022 illum
1716 1002 1778 1022 ver—

986 1041 1062 1067 bera.
1090 1040 1134 1067 llle
1150 1048 1215 1067 vero
1242 1041 1278 1067 ita
1297 1040 1370 1067 fecit.
1389 1040 1434 1068 Ait
1451 1041 1488 1068 illi
1509 1041 1594 1068 abbas
1614 1041 1750 1068 Antonius
1766 1050 1774 1068 :

987 1085 1057 1113 Num
1074 1087 1181 1114 locutus
1205 1090 1247 1114 est
1271 1086 1359 1121 lapis?
1386 1085 1562 1120 Respondit:
1586 1085 1774 1122 Nequaquam.

989 1132 1057 1159 Tum
1074 1133 1208 1159 Antonius
1223 1140 1229 1158 :
1248 1132 1287 1158 Ita
1303 1136 1331 1158 tu
1348 1132 1382 1158 ad
1405 1139 1465 1159 eam
1493 1139 1649 1160 mensuram
1666 1140 1777 1167 perven-

987 1182 1067 1205 turus
1080 1186 1118 1206 es.
1129 1178 1205 1211 Quod
1219 1182 1246 1206 ct
1262 1179 1362 1206 evenit.
1376 1178 1450 1205 Adeo
1462 1179 1534 1205 enim
1557 1177 1673 1213 profecit
1695 1177 1779 1204 abbas

988 1225 1150 1256 Amrnorras,
1179 1230 1208 1252 ut
1224 1233 1279 1260 prae
1306 1225 1390 1252 multa
1414 1225 1553 1255 bonitate,
1585 1231 1639 1250 non
1660 1224 1781 1258 amplius

990 1277 1084 1300 nosset
1103 1272 1244 1299 malitiam.
1270 1271 1364 1306 Itaque
1378 1279 1441 1298 cum
1461 1270 1495 1297 ad
1519 1271 1705 1306 episcopatum
1717 1278 1781 1298 eve-

990 1323 1052 1346 ctus
1069 1317 1176 1349 fuisset,
1197 1317 1354 1344 obtulerunt
1367 1317 1390 1343 ei
1409 1316 1526 1351 puellam
1541 1319 1737 1350 praegnantem,
1753 1318 1781 1342 et

991 1364 1140 1391 dixerunt:
1165 1362 1211 1389 Ille
1228 1362 1280 1389 hoc
1298 1361 1431 1396 patravit;
1458 1360 1569 1395 injunge
1598 1359 1653 1386 illis
1675 1359 1780 1394 peccati

992 1411 1034 1437 sui
1052 1416 1170 1444 pmnam.
1184 1408 1375 1434 AtAmmonas
1390 1407 1469 1442 signo
1483 1406 1574 1433 crucis
1588 1413 1670 1440 super
1685 1405 1782 1440 puclla:

993 1460 1100 1483 uterum
1115 1454 1199 1485 facto,
1225 1454 1309 1488 jussit
1333 1453 1358 1480 ei
1384 1452 1443 1480 dari
1471 1460 1517 1480 sex
1533 1451 1680 1479 sindonum
1693 1451 1785 1486 paria,

994 1501 1088 1528 dicens
1106 1508 1113 1526 :
1133 1499 1170 1527 Ne
1184 1500 1248 1526 dum
1265 1499 1297 1526 ad
1314 1502 1421 1534 partum
1443 1498 1559 1531 venerit,
1576 1501 1623 1524 aut
1650 1497 1720 1532 ipsa,
1736 1503 1784 1524 aut

997 1545 1088 1573 infans
1111 1545 1201 1576 obeat,
1227 1552 1278 1571 nec
1293 1546 1329 1571 sit
1343 1543 1415 1570 unde
1430 1542 1571 1577 sepultura
1587 1541 1641 1568 fiat.
1658 1541 1741 1568 Aiunt
1759 1543 1783 1567 ei

997 1591 1044 1626 qui
1059 1590 1185 1617 feminam
1201 1590 1355 1616 accusaturi
1371 1589 1537 1615 advenerant
1554 1595 1561 1613 :
1576 1587 1667 1619 Quare
1683 1587 1734 1613 hoc
1744 1586 1783 1613 fc-

997 1637 1079 1664 cisti?
1113 1635 1223 1671 Impune
1250 1635 1304 1662 illis
1325 1634 1492 1669 ptenitentiae
1521 1633 1659 1660 mulctam.
1679 1631 1725 1659 llle
1751 1632 1786 1657 ad

998 1690 1045 1710 eos
1059 1692 1065 1710 :
1079 1681 1191 1714 Videtis,
1213 1681 1323 1712 fratres.
1351 1688 1434 1715 prope
1452 1683 1566 1706 mortem
1582 1682 1640 1710 est;
1656 1677 1721 1712 quid
1736 1685 1790 1712 ego

999 1735 1079 1763 agere
1102 1727 1205 1754 debeo?
1221 1726 1291 1753 Tum
1308 1725 1412 1752 dimisit
1425 1732 1505 1757 eam;
1522 1731 1572 1751 nec
1588 1731 1672 1751 ausus
1685 1727 1727 1750 est
1743 1730 1786 1749 se-

999 1781 1051 1800 IICX
1066 1779 1230 1807 quemquam
1247 1770 1439 1798 condemnare.

1035 1859 1062 1886 9.
1081 1859 1138 1894 (43)
1154 1857 1191 1886 De
1210 1858 1257 1885 illo
1285 1857 1451 1889 referebant,
1469 1857 1542 1891 quod
1562 1856 1729 1883 accesserint
1753 1854 1788 1882 ad

1000 1912 1063 1932 cum
1075 1904 1195 1939 quidam,
1208 1908 1236 1930 ut
1249 1903 1448 1937 judicarentur.
1467 1901 1554 1928 Senex
1572 1905 1660 1927 autem
1675 1899 1788 1926 stultum

1003 1951 1160 1978 simulabat.
1176 1949 1209 1976 Et
1222 1956 1286 1976 ecce
1300 1948 1425 1983 quaedam
1435 1947 1532 1974 mulier
1545 1954 1605 1981 qua:
1616 1953 1697 1980 prope
1712 1944 1789 1971 illum

1003 1997 1103 2027 stabat,
1121 1995 1190 2023 dixit
1208 1994 1282 2022 :lstc
1298 2002 1381 2021 senex
1394 2001 1410 2020 e
1428 1993 1511 2019 fatuis
1533 1996 1584 2019 est.
1602 1991 1710 2018 Audivit
1725 1997 1797 2024 ergo-

1003 2042 1145 2068 mulierem
1160 2048 1253 2071 senex,
1270 2043 1419 2073 vocataque
1429 2045 1460 2064 ea
1475 2038 1542 2064 dixit
1560 2045 1566 2062 :
1582 2036 1704 2069 Quantos
1717 2035 1797 2061 labo—

1004 2095 1049 2114 res
1063 2087 1089 2114 iu
1104 2086 1300 2114 solitudinibus
1316 2085 1378 2116 tuli,
1394 2088 1423 2111 ut
1438 2084 1508 2110 hanc
1527 2082 1678 2109 fatuitatem
1695 2081 1792 2115 acqui-

1005 2141 1092 2160 reretn
1104 2140 1111 2164 ;
1127 2132 1207 2159 hodie
1221 2139 1285 2158 vero
1298 2136 1409 2165 propter
1425 2135 1451 2157 te
1460 2128 1617 2164 perditurus
1632 2135 1693 2154 sum
1707 2127 1780 2153 illam
1788 2128 1798 2153 ιτ

205 2190 230 2213 ι’.
248 2184 333 2212 Ἦλθέ
346 2170 414 2211 ποτε
427 2185 441 2210 6
457 2183 542 2214 assa;
570 2170 719 2218 ’Δμμωνᾶς
734 2182 773 2213 εἰς
791 2181 873 2207 τόπον
893 2180 941 2214 γεὺ

1043 2179 1087 2205 10.
1114 2177 1170 2213 (44)
1197 2176 1278 2204 Υθηὶι
1302 2176 1450 2211 aliquando
1473 2175 1559 2201 abbas
1587 2174 1736 2199 Ammouas
1761 2170 1802 2198 ad

168 2233 276 2264 σασθαι,
289 2232 335 2258 καὶ
345 2229 378 2266 ἦν
391 2231 449 2256 ἐκεῖ
455 2227 494 2261 εἷς
501 2229 570 2264 ἔχων
583 2230 677 2264 φήμην
685 2228 773 2262 κακήν
784 2235 790 2241 “
800 2227 846 2254 καὶ
857 2226 955 2261 συνέϐη

167 2279 255 2306 ἐλθεῖν
269 2279 319 2314 τὴν
333 2279 459 2311 γυναῖκα,
473 2275 520 2302 καὶ
535 2275 664 2301 εἰσελθεῖν
686 2275 726 2305 εἰς
743 2273 772 2300 τὺ
790 2272 894 2300 κελλίον
909 2272 955 2298 τοῦ

167 2324 283 2359 ἀδελφοῦ
298 2323 344 2350 τοῦ
358 2322 465 2357 ἔχοντος
475 2321 524 2355 τὴν
541 2319 627 2354 κακὴν
640 2319 743 2354 φήμην.
759 2316 896 2348 Μαθόντες
909 2314 955 2342 οὖν

167 2371 194 2398 οἱ
210 2369 345 2399 οἰκοῦντες
361 2369 401 2400 εἰς
415 2368 459 2394 τὸν
471 2367 551 2393 τόπον
565 2367 677 2394 ἐκεῖνον,
693 2363 891 2399 ἐταράχθησαν,
909 2362 955 2388 καὶ

169 2417 353 2452 συνήχθησαν,
370 2415 440 2441 ὥστε
460 2413 554 2446 διῶξαι
568 2413 648 2440 αὐτὸν
660 2413 692 2438 ἐκ
705 2411 751 2437 τοῦ
763 2410 877 2437 κελλίου.
903 2409 957 2436 Καὶ

174 2463 280 2497 γνόντες
305 2463 346 2488 ὁτι
371 2461 385 2486 ὁ
405 2460 552 2491 ἐπίσκοπος
582 2458 728 2494 Ἀμμωνᾶς
747 2458 787 2488 είς
808 2457 853 2482 τὸν
877 2455 958 2482 τόπον

168 2508 276 2535 ἐκεῖνόν
303 2509 393 2539 ἐστιν,
412 2506 534 2537 ἐλθόντες
560 2504 750 2540 παρεκάλεσαν
772 2502 861 2534 αὐτὸν,
885 2501 959 2531 ὅπως

169 2554 363 2590 παραγένηται
376 2555 423 2579 σὺν
440 2553 541 2583 αὐτοῖς.
565 2552 608 2582 Ὠς
618 2551 646 2576 δὲ
664 2549 720 2584 γνῶ
741 2551 756 2576 6
770 2548 898 2582 ἀδελφὸς,
914 2547 960 2573 λα-

169 2600 229 2627 ϐὼν
244 2601 294 2635 τὴν
310 2600 427 2633 γυναῖκα
440 2597 557 2633 ἔκρυψεν
567 2597 607 2627 εἰς
622 2596 700 2622 πίθον
722 2595 818 2629 μέγαν.
834 2594 960 2628 Παραγε-

174 2646 287 2683 θομένου
302 2645 330 2671 δὲ
343 2644 390 2670 τοῦ
408 2643 537 2679 πλήθους,
551 2640 619 2668 εἶδεν
631 2642 645 2667 ὁ
659 2641 747 2671 ἀϐϐἆς
769 2640 916 2674 Ἀμμωνᾶς
932 2638 961 2664 τὸ

211 2724 234 2739 ⁶⁶
251 2722 282 2749 F.
300 2723 340 2753 είς
351 2723 391 2748 τό.
430 2721 452 2736 ⁵⁷
468 2720 509 2747 Al.
527 2719 604 2754 ἔλεγε
619 2721 651 2756 τῇ
667 2719 782 2756 πλησίον
796 2718 889 2753 αὐτῆς.

213 2800 269 2834 με)
287 2799 404 2833 Amen-1.
427 2797 504 2829 ιυυο,
522 2806 550 2834 η.
568 2798 594 2825 8.

211 2836 269 2872 (ιδ)
290 2835 344 2861 ru.
361 2834 436 2861 Patr.
452 2841 496 2865 xv,
514 2833 555 2860 ιε.

1010 2224 1155 2260 quemdam
1176 2225 1264 2250 locum
1281 2222 1507 2251 manducaturus,
1524 2220 1569 2246 ubi
1589 2218 1703 2253 degebat
1713 2217 1801 2243 homo

1009 2271 1088 2297 mala:
1104 2269 1181 2296 fama:
1197 2277 1203 2294 :
1221 2269 1334 2303 contigit
1349 2272 1438 2294 autem
1452 2272 1480 2293 ut
1495 2265 1594 2292 mulier
1609 2263 1802 2299 ingrederetur-

1008 2317 1036 2344 in
1050 2316 1146 2343 cellam
1164 2314 1255 2342 fratris
1271 2314 1344 2341 illius
1360 2320 1442 2348 prava
1464 2312 1534 2338 fama
1549 2310 1709 2337 laborantis.
1733 2307 1795 2340 Quo

1008 2367 1148 2398 comperto
1163 2361 1259 2388 incola:
1279 2360 1342 2392 loci,
1359 2358 1510 2394 perturbati
1531 2360 1605 2387 sunt,
1623 2359 1650 2382 et
1666 2361 1801 2381 converte.

1009 2413 1084 2441 runt,
1101 2412 1129 2435 ut
1143 2416 1204 2435 eum
1221 2415 1236 2434 e
1247 2407 1315 2434 cella
1330 2405 1504 2439 expellerent.
1525 2403 1649 2436 Cumque
1660 2400 1804 2435 cognovis-

1011 2461 1072 2483 sent
1085 2456 1247 2489 episcopum
1267 2452 1426 2478 Ammonatn
1448 2450 1556 2478 adesse.
1575 2448 1707 2474 adeuntes
1723 2453 1800 2480 roga-

1011 2506 1111 2528 verunt.
1125 2507 1186 2527 eum
1200 2503 1229 2525 ut
1246 2506 1308 2525 cum
1326 2498 1379 2524 illis
1395 2496 1548 2523 accederet.
1565 2493 1713 2527 Postquam
1738 2500 1803 2518 vero

1011 2555 1068 2574 rem
1086 2545 1171 2572 frater
1192 2543 1316 2575 rescivit,
1341 2545 1482 2576 acceptam
1499 2539 1641 2566 mulierem
1656 2537 1804 2564 occultavit

1015 2593 1043 2620 in
1058 2598 1157 2626 magno
1175 2590 1258 2618 dolio.
1277 2589 1449 2615 Adventante
1459 2594 1524 2621 ergo
1537 2585 1721 2616 multitudine,
1731 2582 1805 2619 quod

1017 2637 1119 2665 fecerat
1135 2635 1215 2662 scivit
1237 2635 1321 2661 abbas
1337 2632 1503 2664 Αιιιιιιιτιιοε,
1530 2630 1577 2658 sed
1597 2634 1706 2664 propter
1720 2626 1804 2654 Deum

1055 2791 1107 2826 (λι-ί)
1125 2788 1235 2816 Dorotli.
1255 2786 1347 2813 Doclr.
1362 2785 1392 2812 6.
