1971 3068
164 109 219 140 5'35

729 106 902 135 APPENDIX
921 104 968 132 AD
990 104 1200 133 PALLADIUM.

1739 100 1790 129 £25

161 170 266 195 obtexit
276 167 434 202 negotium;
454 169 481 194 et
494 166 638 202 ingressus
653 166 723 194 sedit
739 173 822 201 supra
837 165 953 195 dolium,

1021 164 1159 198 ἐνόμενον,
1174 163 1220 189 καὶ
1233 161 1276 188 διὰ
1288 161 1332 187 τὸν
1345 159 1410 186 Θεδν
1422 157 1558 185 ὲσκὲπασε
1565 158 1596 184 τδ
1604 158 1728 193 πρᾶγμα-
1745 158 1792 185 καὶ

161 213 299 249 jussitqne
320 213 478 248 investigari
495 221 542 248 per
554 213 661 241 cellam.
688 213 737 240 Ubi
753 213 837 248 igitur
853 215 952 239 cuncta

163 259 255 286 rimati
270 261 344 290 sunt,
362 265 411 285 nec
431 258 560 285 feminam
584 259 756 288 invenerunt,
779 257 848 284 dixit
868 256 954 283 abbas

165 304 314 332 Ammonas
330 313 336 330 :
353 303 423 337 Quid
438 304 490 331 hoc
504 304 562 331 est?
576 303 647 331 Deus
662 304 739 332 vobis
753 303 860 331 veniam
885 310 954 329 con-

166 348 256 376 cedat.
275 348 344 376 Tum
361 349 487 384 precibus
499 350 579 380 fusis,
593 349 676 383 jnsxit
693 355 787 376 omnes
812 348 953 381 secedere;

167 399 194 421 et
205 395 374 429 apprehensa
390 402 472 421 manu
491 395 593 426 fratris.
608 394 646 422 ait
662 402 669 420 :
685 394 802 422 Attende
818 395 879 426 tibi,
900 394 954 420 fra-

169 445 220 468 ter.
237 440 331 475 quue
345 441 419 468 dicto
439 440 514 467 abiit.

207 530 248 556 II.
267 530 322 563 (45)
337 530 524 564 Interrogatus
543 529 626 557 abbas
651 529 817 560 Ammonas.
831 537 956 564 quaenam

170 581 241 603 esset
253 576 293 603 via
311 580 424 611 angusta
439 581 462 602 et
478 580 554 602 arcta
563 575 597 605 ⁸⁸,
614 574 756 609 respondit
775 584 782 602 ε
802 574 851 601 Via
872 583 957 610 angu-

172 625 212 648 sta
229 625 255 648 et
281 624 366 651 arcta.
385 621 440 647 haec
460 623 502 647 est
519 629 525 646 :
544 619 598 646 vim
616 620 718 646 inferre
745 620 957 654 cogitationibus

171 666 239 698 suis,
256 670 338 700 atque
354 665 398 692 Dei
422 673 505 692 causa
535 665 694 693 abscindere
708 666 861 693 voluntates
881 673 956 694 suas.

172 710 230 738 Hoc
243 711 325 738 etiam
343 715 385 738 est
404 710 472 737 illud
489 719 496 738 ;
511 710 578 738 Ecce
591 719 638 738 nos
655 711 808 746 reliquimus
820 712 920 744 omnia,
933 716 957 739 et

172 758 255 786 secuti
269 766 360 786 sumus
378 763 401 785 te
416 759 449 785 ".

422 813 462 841 De
493 813 583 842 abbate
606 813 711 841 Acltila.

208 868 235 895 I.
251 868 306 904 (46)
317 867 457 896 Venerunt
469 869 616 903 aliquando
630 874 684 897 tres
697 877 777 897 senes
791 869 825 896 ad
835 869 959 898 abbatem

173 914 433 949 Aehilam,quorum
454 923 524 942 unus
540 915 567 941 in
587 915 657 942 mala
677 918 737 942 erat
749 915 960 944 existimatione.

175 959 206 986 Et
219 959 257 986 ait
273 967 344 986 unus
364 967 462 987 senum
482 969 489 987 :
509 960 598 992 Abba,
615 959 656 987 fac
671 961 736 987 Inibi
753 968 892 995 sagenam.
908 961 961 988 Rc-

174 1005 283 1040 spondit
308 1005 352 1033 ille
370 1015 376 1032 :
397 1005 456 1032 Non
474 1005 554 1033 facio.
574 1006 651 1034 Alius
678 1007 782 1042 rogavit
797 1017 803 1033 :
819 1007 913 1034 Facito
928 1016 961 1034 ex

179 1051 324 1082 (-haritate,
335 1055 362 1078 ut
375 1052 412 1078 tui
421 1052 578 1078 memoriam
589 1052 737 1080 habeamus
747 1053 774 1080 in
783 1054 960 1089 monasterio.

175 1095 288 1131 Excepit
306 1106 312 1124 :
329 1096 387 1124 Non
405 1098 470 1124 mihi
491 1102 578 1124 vacat.
595 1097 715 1130 Tertius.
731 1099 775 1126 ille
790 1099 867 1127 malae
884 1099 963 1128 fama:

175 1142 267 1174 homo,
283 1142 351 1170 dixit
366 1143 390 1170 ei
410 1153 416 1169 ς
433 1143 519 1176 Abba,
534 1151 663 1178 sagenani
687 1144 752 1171 mihi
770 1145 882 1176 conﬁce.
902 1150 930 1173 ut
948 1155 963 1174 e

176 1188 303 1216 manibus
323 1188 378 1216 tnis
395 1189 519 1216 habeam.
541 1189 638 1216 Statim
663 1194 755 1217 autem
776 1191 850 1218 dedit
871 1192 895 1219 ei
918 1200 962 1219 re-

176 1240 308 1267 sponsum
329 1234 410 1261 :'l‘ibi
438 1235 592 1262 conliciam.
620 1235 678 1263 Duo
698 1237 789 1271 itaque
813 1237 857 1264 alii
884 1245 963 1265 senes

177 1283 282 1304 secreto
295 1279 423 1306 dixerunt
445 1279 546 1307 Achila:
561 1290 566 1307 :
584 1280 672 1313 Quare
698 1282 777 1308 nobis
793 1283 962 1316 rogantibus,

178 1322 290 1350 noluisti
308 1322 407 1355 facere,
423 1324 486 1351 huic
499 1331 587 1352 autem
607 1327 755 1360 promisisti
773 1331 797 1354 te
810 1327 965 1355 facturum?

177 1365 246 1394 Tum
262 1368 314 1396 illis
332 1376 413 1396 senex
432 1379 438 1396 :
457 1369 538 1397 Vobis
560 1371 615 1397 dixi
632 1381 637 1398 :
653 1371 710 1398 Non
728 1373 797 1399 I‘aeio
812 1381 819 1405 ;
836 1382 884 1401 nec
899 1382 964 1400 eon-

178 1414 279 1440 trislati
306 1414 407 1446 fuistis,
426 1416 505 1450 quasi
532 1421 667 1451 occupato
689 1426 731 1445 me
748 1427 755 1451 ;
777 1419 840 1446 huic
855 1428 921 1447 vero
941 1421 964 1447 si

178 1467 232 1486 non
250 1459 349 1490 lecero.
370 1461 494 1489 dicturus
505 1466 547 1489 est
564 1472 570 1489 ι
584 1462 698 1498 Propter
719 1469 860 1499 peccatum
877 1473 964 1492 meum

179 1506 312 1537 auditum.
333 1515 414 1534 senex
431 1509 519 1535 noluit
534 1509 623 1537 facere
637 1519 644 1542 ;
659 1516 685 1538 et
705 1511 795 1537 statim
822 1511 967 1540 incidimus
982 1517 1003 1546 α

180 1551 272 1579 funem
291 1551 411 1581 Eu-itavi
439 1561 504 1590 ergo
520 1555 640 1582 animum
654 1555 724 1590 ejus,
737 1563 771 1582 ne
786 1556 897 1584 tristitia
911 1557 968 1592 ipse

180 1598 382 1626 absorberetur.

214 1687 242 1714 9.
261 1687 387 1715 Narravit
406 1688 490 1715 abbas
519 1688 636 1716 Betimcs
652 1697 658 1715 :
675 1689 742 1716 Cum
769 1690 914 1724 aliquando
941 1691 969 1719 in

183 1732 283 1760 Scetim
296 1733 501 1765 descenderent.
515 1735 649 1762 dederunt
664 1736 730 1762 mihi
748 1737 871 1763 nonnulli
883 1744 970 1771 pauca

183 1787 272 1814 poma,
285 1784 314 1806 ut
325 1781 450 1808 olTerrem
466 1781 589 1808 sentibus.
602 1781 634 1808 Et
645 1781 750 1816 pulsavi
765 1782 799 1808 ad
811 1782 906 1809 cellam
923 1783 970 1810 ab-

183 1826 255 1853 batis
270 1826 382 1858 Acbilae,
402 1834 457 1861 quo
478 1828 571 1854 darem
596 1827 645 1854 illi.
672 1827 745 1854 Dixit
767 1832 875 1855 autem:
891 1827 969 1860 Vere,

184 1871 278 1903 frater,
296 1873 380 1899 nolim
407 1872 499 1907 pulses
524 1873 592 1900 mihi
619 1874 847 1909 nune,quam\‘is
871 1881 970 1900 manna

183 1924 273 1952 esset;
290 1927 340 1946 nec
361 1919 394 1947 ad
411 1920 493 1946 aliam
516 1920 613 1948 cellam
634 1927 740 1955 pergas.
759 1919 852 1954 Itaque
871 1921 970 1949 recessi

185 1963 213 1990 in
228 1965 322 1992 cellam
343 1973 442 1997 meam,
457 1969 485 1993 et
500 1965 534 1993 ad
550 1965 695 1993 ecclesiam
710 1973 789 2001 poma
804 1966 900 1994 detuli.

220 2053 247 2080 5.
267 2053 323 2088 (47)
343 2052 424 2081 Venit
436 2054 584 2089 aliquando
600 2055 685 2083 abbas
700 2055 810 2084 Achilas
822 2056 856 2084 ad
875 2056 971 2084 cellam

185 2098 292 2127 abbatis
302 2099 376 2126 Isaiae
387 2100 414 2127 in
430 2099 516 2133 Sceti;
530 2105 556 2128 et
570 2101 673 2128 invenit
685 2109 747 2129 eum
765 2102 951 2130 comedentem
963 2112 970 2130 :

187 2146 301 2173 miserat
319 2150 410 2173 autem
436 2145 464 2172 in
483 2147 626 2174 scutellam
642 2147 682 2174 sal
704 2155 766 2175 cum
790 2155 871 2182 aqua.
888 2147 972 2175 Porro

1004 208 1130 235 εἰσελθὼν
1142 209 1267 235 ἐκάθισεν
1279 207 1371 233 ἐπάνω
1380 205 1427 231 τοῦ
1441 204 1530 235 πίθου,
1543 204 1589 230 καὶ
1604 203 1730 229 ἐκέλευσε
1745 203 1794 238 ζη-

1003 255 1117 290 τηθῆναι
1129 254 1159 280 τὸ
1171 253 1283 279 κελλίον.
1293 252 1336 283 Ὠς
1349 249 1394 277 οὖν
1405 249 1591 285 ἐψηλάφησαν,
1601 249 1647 275 καὶ
1660 249 1707 283 οὐχ
1716 246 1794 283 εὗρον

1005 300 1054 335 τὴν
1064 300 1190 334 γυναῖκα,
1200 296 1276 325 εἶπεν
1291 299 1304 324 6
1315 297 1401 328 666i;
1417 296 1577 330 ’Δμμωνᾶς·
1594 294 1627 320 Τί
1636 295 1693 320 ἐστι
1704 293 1795 325 τοῦτο;

1005 348 1019 373 6
1033 346 1097 377 Θεὸς
1113 345 1285 380 συγχωρήσει
1299 344 1323 359 ⁷⁰
1339 343 1412 377 ὑμῖν.
1433 342 1487 368 Kal
1510 340 1656 375 εὐξάμενος
1684 338 1795 373 ἐποίησε

1006 393 1111 423 πάντας
1130 390 1324 426 ἀναχωρῆσαι·
1348 388 1395 415 καὶ
1414 387 1559 422 κατασχὼν
1583 386 1633 421 τὴν
1646 386 1725 420 χεῖρα
1748 383 1797 410 τοῦ

1006 436 1132 471 ἀδελφοῦ,
1147 434 1225 462 εἶπεν
1241 434 1330 469 αὐτῷ·
1349 433 1469 468 Πρόσεχε
1488 430 1604 466 σεαυτῷ,
1616 429 1724 464 ἀδελφέ.
1742 429 1798 455 Kal

1006 479 1086 508 τοῦτο
1102 479 1198 509 ειπὼν.
1215 478 1400 513 ἀνεχώρησεν.

1050 530 1094 554 ια’.
1117 525 1261 561 Ἦρωτήθη
1300 525 1313 551 6
1338 522 1425 554 assa;
1462 520 1628 557 Ἀμμωνᾶς,
1659 518 1700 549 τις
1725 518 1799 561 ἐστιν

1007 574 1026 607 ἡ
1042 573 1112 605 ὁδὸς
1128 573 1147 606 ή
1155 560 1250 605 oret-1"
1263 569 1311 597 καὶ
1326 567 1514 603 τεθλιμμένη·
1527 567 1573 593 καὶ
1587 564 1744 600 ἀποκριθεὶς
1758 560 1799 588 cI-

1008 626 1068 644 πεν·
1085 617 1116 643 Ἡ
1135 617 1193 648 ὁδὸς
1209 617 1225 651 ὴ
1245 614 1324 649 στενὴ
1340 614 1386 640 καὶ
1407 611 1574 646 τεθλιμμένη
1590 609 1659 644 αὕτη
1683 608 1754 634 ἐστι·
1769 607 1800 634 τὸ

1006 661 1150 698 βιάζεσθαι
1162 663 1224 692 τοὺς
1234 659 1379 695 λογιςμοὺς
1391 657 1499 688 ἑαυτοῦ,
1514 655 1561 682 καὶ
1573 655 1684 682 κόπτειν
1698 653 1742 680 διὰ
1755 652 1800 679 τὸν

1009 708 1074 734 Θεὸν
1082 708 1116 734 τὰ
1127 707 1180 734 ἴδια
1191 707 1330 741 θελήματα
1340 713 1346 720 ·
1362 704 1407 731 καὶ
1420 702 1498 729 τοῦτό
1508 703 1564 728 ἐστι
1575 701 1615 732 τὸ,
1630 699 1703 727 Ἰδοὺ
1715 698 1801 733 ἡμεῖς

1009 754 1168 789 ἀφήκαμεν
1184 753 1292 783 πάντα,
1308 750 1356 777 καὶ
1368 747 1617 784 ἠκολουθήσαμέν
1632 754 1690 773 σοι.

1186 810 1255 843 Περὶ
1278 808 1330 836 τοῦ
1351 806 1426 835 ἀϐϐᾶ
1448 805 1553 840 Ἀχιλᾶ
1563 805 1585 820 ⁷³
1602 825 1609 832 .

1049 871 1084 895 α’.
1099 866 1257 901 Παρέϐᾶλὸν
1267 873 1332 892 ποτε
1341 865 1416 900 τρεῖς
1422 863 1548 898 γέροντες
1559 862 1597 898 τῷ
1610 861 1681 896 ἀῦὃᾷ
1698 860 1801 897 Ἀχιλᾷ,

1013 914 1060 940 καὶ
1078 913 1093 939 6
1106 910 1146 944 εἷς
1158 912 1187 945 ἐξ
1206 911 1291 938 mea”
1308 908 1363 945 εἶχε
1377 910 1471 945 φήμην
1487 908 1584 943 κακήν.
1602 905 1669 933 Eine
1686 906 1714 933 δὲ
1729 906 1803 940 αὺτῴ

1014 956 1054 991 εἷς
1063 958 1117 985 τῶν
1130 958 1264 993 γερόντων
1276 964 1282 970 “
1295 955 1388 987 Ἀ66ᾶ,
1400 954 1510 990 ποίησόν
1527 962 1571 989 μοι
1591 953 1654 988 μίαν
1670 952 1802 986 σαγήνην.

1020 1005 1049 1031 '0
1063 1004 1091 1030 δὲ
1106 1001 1181 1030 εἶπεν
1194 1012 1201 1019 ·
1218 1003 1255 1029 Οὐ
1280 1001 1358 1028 ποιῶ.
1381 1000 1436 1027 Kal
1453 1001 1468 1026 6
1489 999 1566 1030 ἄλλος
1591 996 1651 1024 εἷπε
1663 1006 1669 1012 ”
1684 997 1804 1032 Ποίησον

1014 1050 1136 1085 ἀγάπην,
1157 1049 1200 1076 ἵνα
1214 1048 1319 1083 ἐχωμέν
1337 1054 1384 1073 σου
1402 1046 1572 1080 μνημόσυνον
1588 1044 1627 1075 εις
1647 1043 1695 1078 τὴν
1710 1043 1804 1078 μονήν.

1021 1097 1050 1123 '0
1064 1096 1092 1122 δὲ
1105 1095 1156 1130 ἔφη
1167 1103 1173 1110 ·
1191 1095 1227 1121 Οὐ
1244 1093 1374 1128 σχολάζω.
1390 1093 1471 1126 Λέγει
1499 1090 1573 1126 αὐτῷ
1588 1092 1602 1117 6
1618 1090 1696 1121 ἄλλος
1711 1091 1724 1116 6
1738 1089 1806 1123 ἔχων

1016 1142 1064 1176 τὴν
1077 1141 1165 1175 κακὴν
1185 1141 1296 1175 φήμην·
1321 1138 1398 1174 Ἐμοὶ
1418 1138 1529 1172 ποίησον
1544 1137 1566 1152 ⁷¹
1586 1136 1650 1171 μίαν
1672 1136 1805 1170 σαγήνην,

1017 1188 1060 1214 ἵνα
1074 1189 1105 1213 ὲκ
1121 1186 1174 1212 τῶν
1193 1186 1292 1220 χειρῶν
1312 1193 1358 1211 σου
1383 1184 1447 1220 ἔχω,
1463 1182 1543 1210 ἆϐῦᾶ.
1565 1182 1593 1208 ὐ
1607 1182 1635 1208 δὲ
1648 1180 1807 1216 ἀποκριθεὶς

1016 1233 1117 1264 εὐθέως
1127 1229 1203 1258 εἶπεν
1215 1230 1303 1265 αὐτῷ·
1323 1230 1394 1264 Ἐγώ
1414 1238 1454 1255 σοι
1471 1228 1549 1255 ποιῶ.
1570 1228 1624 1254 Kal
1641 1226 1717 1254 εἷπον
1733 1225 1808 1261 αὐτῷ

1017 1280 1077 1305 κατ’
1094 1278 1162 1304 ἰδίαν
1176 1277 1201 1303 οἱ
1222 1277 1268 1303 δύο
1285 1276 1410 1311 γέροντες
1421 1283 1427 1290 '
1445 1274 1506 1306 Πῶς
1523 1275 1603 1309 ἡμεῖς
1620 1272 1807 1308 παρεκαλέσα-

1020 1324 1068 1360 μέν
1086 1333 1126 1356 σε,
1148 1323 1195 1349 καὶ
1211 1323 1261 1349 οὐκ
1279 1321 1414 1356 ἠθέλησας
1429 1321 1495 1356 ἡμῖν
1515 1320 1637 1355 ποιῆσαι,
1654 1320 1700 1345 καὶ
1721 1318 1808 1353 τούτῳ

1018 1368 1113 1402 εἶπας·
1141 1369 1211 1403 Ἐγώ
1225 1377 1266 1395 σοι
1287 1367 1356 1394 ποιῶ
1370 1376 1377 1399 ς
1393 1367 1475 1400 Λέγει
1495 1367 1586 1397 αὐτοῖς
1608 1367 1622 1392 6
1637 1366 1743 1401 γέρων·
1763 1362 1810 1390 Εἷ-

1019 1425 1068 1442 πον
1081 1417 1155 1451 ὑμῖν,
1169 1415 1206 1442 Οὐ
1224 1414 1294 1441 ποιῶ
1305 1434 1311 1445 ,
1329 1414 1376 1440 καὶ
1389 1414 1439 1440 οὑκ
1456 1412 1620 1448 ἐλυπήθητε,
1635 1412 1672 1442 ὡς
1690 1411 1727 1446 μὴ
1748 1419 1810 1446 σχο-

1019 1462 1144 1494 λάζοντός
1156 1470 1205 1496 μου
1215 1470 1222 1476 ·
1236 1460 1322 1495 τούτῳ
1329 1459 1357 1486 δὲ
1369 1459 1415 1485 ἐὰν
1434 1459 1470 1494 μὴ
1488 1459 1604 1493 ποιήσω,
1619 1458 1686 1492 ἐρεῖ,
1703 1457 1744 1483 ὅτι
1760 1457 1810 1482 Διὰ

1018 1509 1069 1545 τὴν
1097 1507 1233 1543 ἁμαρτίαν
1263 1514 1313 1541 μου
1343 1505 1462 1536 ἀκούσας
1478 1504 1595 1539 ὸγέρων
1621 1504 1671 1529 οὐκ
1695 1503 1809 1537 ἠθέλησε

1022 1555 1148 1590 ποιῆσαν
1165 1554 1211 1580 καὶ
1222 1552 1323 1584 εὐθέως
1338 1552 1474 1586 κόπτομεν
1489 1551 1518 1576 τὸ
1539 1549 1662 1584 σχοινίον.
1679 1550 1812 1584 Διήγειρα

1021 1599 1067 1628 οὖν
1084 1599 1164 1627 αὑτοῦ
1184 1600 1234 1634 τὴν
1258 1597 1357 1633 ψυχὴν,
1377 1597 1419 1623 ἴνα
1436 1596 1474 1632 μὴ
1495 1597 1527 1631 τῇ
1547 1595 1619 1631 λύπῃ
1638 1595 1776 1630 καταποθῇ
1796 1595 1812 1621 6

1022 1653 1151 1676 τοιουτος.

1058 1691 1091 1726 β’.
1112 1688 1194 1716 Εἶπεν
1212 1689 1226 1715 6
1241 1687 1327 1718 ἀόϐἇς
1344 1687 1465 1722 Βητίμης
1483 1686 1516 1717 ⁷³,
1531 1686 1572 1712 ὅτι
1595 1684 1812 1714 Καταϐαίνοντάς

1024 1737 1074 1773 μού
1088 1745 1152 1763 ποτε
1170 1737 1209 1766 εἰς
1226 1735 1340 1769 Σκῆτιν,
1356 1733 1458 1759 ἔδωκάν
1479 1732 1523 1767 μοί
1548 1739 1618 1762 τινες
1633 1731 1710 1765 ὀλίγα
1728 1729 1811 1765 μῆλα,

1023 1783 1066 1809 ἵνα
1079 1781 1156 1808 δώσω
1178 1781 1232 1811 τοῖς
1249 1779 1371 1814 γέρουσι.
1394 1778 1449 1804 Kal
1472 1778 1590 1812 ἕκρουσα
1605 1777 1645 1808 εἰς
1661 1776 1692 1802 τὸ
1708 1776 1812 1802 κελλίιιν

1023 1827 1069 1854 τοῦ
1088 1826 1160 1854 ὰϐὄᾶ
1179 1825 1282 1860 Ἂχιλᾶ,
1298 1825 1342 1851 ἴνα
1363 1823 1440 1850 δώσω
1459 1822 1543 1857 αὐτῷ.
1564 1823 1593 1847 '0
1606 1822 1633 1848 δὲ
1648 1821 1816 1856 ἔφη-Φύσει,

1023 1872 1129 1907 ἀδελφὲ,
1143 1872 1193 1898 οὐκ
1207 1870 1301 1906 ἤθελον
1318 1870 1360 1895 ἵνα
1375 1869 1494 1904 κρούσῃς
1511 1877 1555 1903 μοι
1572 1868 1644 1903 ἄρτι,
1659 1867 1682 1893 εἰ
1693 1864 1727 1902 ἦν
1743 1866 1811 1901 μάν-

1023 1925 1072 1946 να·
1091 1917 1157 1953 μηδὲ
1176 1917 1215 1948 εἰς
1240 1916 1303 1943 ἄλλο
1317 1914 1420 1942 κελλίον
1430 1914 1567 1950 ἁπέλθῃς.“
1580 1912 1752 1948 Ἀνεχώρησα
1767 1910 1814 1938 οὖν

1024 1965 1064 1995 εἰς
1079 1963 1108 1990 τὸ
1123 1962 1227 1989 κελλίον
1251 1970 1301 1997 μου
1312 1981 1320 1993 ,
1336 1961 1383 1987 καὶ
1402 1961 1541 1995 ἁνήνεγχα
1564 1959 1633 1986 αὐτὰ
1651 1961 1690 1991 εἰς
1704 1959 1753 1994 τὴν
1767 1959 1814 1985 ὲκ-

1024 2010 1074 2045 κλη
1079 2009 1148 2036 σίαν.

1058 2058 1092 2089 γ’.
1113 2052 1199 2080 Ἦλθέ
1212 2061 1276 2079 ποτε
1290 2053 1304 2078 6
1315 2051 1402 2083 ἀὸϐᾶς
1422 2051 1531 2086 Ἀχιλᾶς
1543 2050 1584 2082 εἰς
1597 2049 1627 2076 τὸ
1645 2049 1750 2076 κελλὶον
1764 2048 1814 2076 τοῦ

1024 2101 1097 2129 ἀὸὄᾶ
1119 2099 1230 2127 Ἡσαΐου
1244 2100 1273 2126 ἐν
1289 2099 1397 2134 Σκήτει,
1415 2098 1462 2124 καὶ
1479 2095 1557 2133 εὗρεν
1571 2097 1652 2123 αὑτὸν
1667 2095 1790 2122 ἐσθίοντα
1805 2105 1812 2111 ·

1023 2143 1057 2181 ἦν
1075 2145 1103 2172 δὲ
1122 2144 1211 2180 βαλὼν
1232 2145 1270 2175 εἰς
1283 2144 1314 2170 τὸ
1325 2143 1435 2170 πινάκιν
1453 2142 1518 2173 ἃλας
1532 2141 1578 2168 καὶ
1595 2141 1676 2176 ὕδωρ.
1697 2140 1768 2167 Ἰδὼν
1784 2140 1814 2166 δὲ

187 2199 270 2220 senex
292 2192 468 2227 conspicatus
488 2192 561 2227 Quod
585 2193 707 2221 catillum
727 2193 893 2221 occultasset
917 2201 964 2228 pos

1029 2190 1110 2216 αὐτὸν
1124 2190 1139 2215 6
1152 2189 1241 2224 γέρων
1264 2189 1305 2214 ὅτι
1328 2187 1446 2222 ἔκρυψεν
1459 2186 1526 2213 αὐτὸ
1540 2186 1626 2212 ὀπίσω
1642 2186 1691 2221 τῆς
1710 2186 1814 2220 σειρᾶς,

187 2238 314 2273 plectam,
337 2237 406 2265 dixit
416 2238 441 2265 ei
458 2248 464 2265 :
482 2237 615 2273 Eloquere
640 2238 718 2271 mihi.
742 2239 809 2274 quid
826 2240 975 2268 manduca-

187 2283 256 2310 bas?
274 2283 423 2318 Respondit
446 2283 491 2310 ille
506 2292 513 2310 :
528 2283 640 2318 Ignosce
662 2284 739 2318 mihi,
758 2285 846 2319 abba;
871 2286 975 2321 palmas

188 2328 354 2360 incidebam,
368 2332 395 2355 et
410 2328 523 2356 ascendi
548 2329 581 2356 ad
597 2334 712 2362 aestum;
747 2330 863 2365 misique
887 2331 914 2358 in
946 2339 975 2360 ns

189 2382 279 2402 meum
298 2374 426 2402 bucceam
439 2382 502 2401 cum
522 2375 596 2407 sale;
612 2376 659 2402 sed
675 2381 840 2403 exaruerant
857 2384 888 2404 ex
906 2381 974 2405 astu

190 2419 284 2448 fauces
313 2428 389 2451 ntere,
419 2428 470 2447 nec
501 2420 667 2448 descendere
694 2425 801 2456 poterat
828 2421 972 2450 buccella:

189 2471 344 2501 eapropter,
358 2470 470 2493 coactus
486 2473 545 2493 sunt
562 2466 669 2494 mittere
691 2474 785 2501 parum
796 2475 872 2502 aquae
886 2468 912 2495 in
923 2469 974 2500 sal,

191 2516 222 2539 ut
235 2512 272 2539 ita
287 2513 429 2540 comedere
449 2513 576 2540 valerem.
595 2512 647 2540 Sed
668 2513 778 2547 ignosce
801 2514 877 2541 mihi.
906 2515 974 2542 Tum

192 2559 261 2586 dixit
284 2566 368 2586 senex
385 2568 392 2586 :
408 2558 514 2591 Venite,
529 2559 619 2587 videte
632 2559 730 2587 Isaiam
752 2559 908 2587 sorbentem
929 2560 975 2595 jus

193 2604 221 2631 in
234 2603 318 2632 Sceti.
331 2605 359 2631 Si
370 2605 416 2639 jus
430 2606 471 2633 vis
489 2607 665 2639 manducare,
681 2615 762 2643 perge
772 2609 800 2635 in
816 2607 974 2644 Egyptum.

1024 2236 1097 2270 λέγει
1116 2234 1205 2270 αὐτῷ·
1219 2234 1287 2260 Εἰπέ
1300 2242 1355 2268 μοι,
1371 2233 1396 2259 τί
1408 2232 1501 2268 ἠπθιες
1514 2240 1522 2264 ;
1542 2232 1570 2258 '0
1582 2231 1611 2258 δὲ
1623 2229 1695 2257 εἷπε·
1709 2230 1816 2265 Συγχώ.

1027 2282 1110 2319 ρησόν
1128 2290 1186 2317 μοι,
1201 2280 1284 2308 ἁὸὗᾶ.
1297 2281 1338 2306 ὅτι
1351 2279 1446 2306 θαλλία
1458 2279 1581 2310 ἔκοπτον,
1592 2278 1639 2304 καὶ
1650 2276 1764 2311 ἀνῆλθον
1777 2277 1816 2308 εἰς

1024 2329 1055 2355 τὸ
1070 2327 1175 2363 καῦμα,
1192 2327 1240 2354 καὶ
1253 2326 1349 2353 ἔϐαλον
1365 2326 1405 2357 εἰς
1418 2325 1449 2351 τὸ
1463 2325 1549 2359 στόμα
1568 2332 1617 2359 μου
1632 2322 1728 2358 ψωμὸν
1747 2322 1817 2358 μετὰ

1025 2374 1136 2405 ἆλατος·
1147 2373 1194 2398 καὶ
1215 2371 1348 2407 ἐξηράνθη
1365 2372 1379 2397 ὁ
1391 2369 1498 2406 φάρυγξ
1514 2378 1563 2404 μου
1582 2369 1636 2395 ἀπὸ
1648 2368 1694 2395 τοῦ
1711 2369 1817 2404 καύμα-

1027 2429 1082 2452 τος,
1099 2420 1145 2447 καὶ
1165 2420 1195 2445 οὐ
1211 2418 1394 2445 κατέϐαινενὸ
1408 2416 1513 2451 ψωμός·
1530 2415 1573 2442 διὰ
1591 2415 1681 2447 τοῦτο,
1695 2415 1817 2449 ἠναγκὼ

1030 2467 1095 2502 σϐην
1119 2466 1209 2497 βαλεῖν
1224 2465 1319 2500 μικρὸν
1333 2464 1404 2498 ὕδωρ
1424 2464 1464 2494 εἰς
1478 2463 1508 2488 τὸ
1525 2462 1601 2493 ἅλας,
1616 2462 1659 2487 ἵνα
1673 2461 1758 2492 οὕτως
1772 2461 1817 2487 δυ-

1029 2513 1102 2549 νηοιῦ
1121 2511 1280 2546 γεύσασῢαι.
1301 2509 1380 2536 Ἀλλὰ
1397 2507 1574 2543 συγχώρησόν
1587 2515 1642 2542 μοι.
1655 2507 1710 2533 Kal
1723 2506 1795 2539 λέγει
1804 2506 1818 2531 6

1029 2560 1132 2595 γέρων·
1149 2557 1241 2587 Δεῦτε.
1254 2556 1323 2582 ἴδετε
1341 2555 1454 2582 ’ῐιπαῒαν
1469 2554 1560 2587 ζωμὴν
1572 2553 1694 2579 ἐσθίοντα
1709 2553 1737 2578 ἐν
1749 2552 1819 2587 Σκή-

1028 2616 1079 2633 csa.
1106 2606 1137 2632 Εἰ
1160 2605 1249 2639 ζωμὸν
1267 2603 1353 2634 θέλεις
1373 2601 1484 2631 ἐσθίειν,
1501 2599 1590 2633 ὕπαγε
1610 2599 1649 2630 εἰς
1671 2598 1817 2631 Αἴγυπτον.

230 2682 252 2698 ⁶⁸
270 2681 364 2710 Matth.
379 2691 426 2716 vn,
444 2684 486 2711 Η.
524 2685 546 2701 ⁸⁸
558 2685 651 2713 Matth.
670 2694 724 2719 xix,
740 2687 784 2714 27.
823 2688 844 2704 "
858 2687 901 2715 Al.
915 2695 964 2722 συγ

1021 2688 1100 2722 ιῆσαι.
1138 2686 1159 2700 τι
1175 2683 1218 2710 Al.
1244 2681 1361 2717 Ἀχιλλᾶ.
1399 2681 1421 2695 τε
1438 2679 1520 2706 Abest
1545 2677 1580 2704 ab
1602 2675 1638 2703 al.
1675 2673 1821 2708 "ALBq-

192 2716 293 2752 τίμιος.

229 2795 288 2830 (45)
309 2795 361 2822 Vil.
380 2795 454 2824 Patr.
468 2804 493 2827 κ,
506 2795 550 2821 81.

233 2833 290 2866 μό)
310 2830 362 2858 Vit.
377 2831 452 2858 Patr.
471 2839 497 2864 ιι,
516 2831 558 2858 II.

1072 2795 1127 2830 (Η)
1148 2794 1198 2822 l'it.
1213 2793 1289 2821 Patr.
1307 2802 1343 2826 iv,
1363 2793 1413 2828 10;
1428 2791 1507 2820 Ioan.
1527 2789 1620 2817 Gcom.
1641 2785 1741 2814 Parad.
1757 2784 1803 2814 ϐἀ.
