1971 3068
145 147 203 176 125

704 148 1011 180 APOPHTHEGMATA
1031 146 1185 176 PATRUM.

1726 144 1779 172 126

175 209 207 235 δ’.
218 207 363 243 Παρέϐαλέ
374 217 417 241 τις
429 209 483 236 τῶν
497 209 633 246 γερόντων
645 209 685 246 τῷ
691 210 763 246 ἀϐϐᾷ.
775 210 877 245 ³Λχιλᾷ,
887 209 933 235 καὶ

1021 207 1047 234 4.
1067 205 1122 241 (48)
1132 204 1266 233 Convenit
1277 203 1377 238 aliquis
1391 210 1489 231 senum
1500 201 1626 230 abbatem
1638 201 1774 238 Achilam‘

141 252 240 287 θεωρεῖ
247 253 328 280 αὐτὸν
337 253 453 289 ῥίψαντα
465 253 534 290 αἷμα
544 257 576 282 ἐκ
585 256 632 282 τοῦ
641 257 774 292 στόματος
781 256 863 283 αὐτοῦ
871 265 877 271 ·
885 256 932 282 καὶ

141 297 290 333 ὴράηησεν
304 300 385 327 αὐτόν
398 307 405 314 ·
418 301 452 327 Τί
467 302 524 328 ἐστι
537 301 634 333 τοῦτο’,
652 302 744 338 Πάτερ
758 311 765 334 ;
787 303 842 329 Καὶ
859 299 934 328 εἶπεν

142 344 157 370 ὀ
168 344 256 380 γέρων
271 352 278 360 ’
296 345 337 371 ὅτι
351 346 437 379 Λόγος
457 346 531 373 ἐστὶν
556 347 671 382 ἀδελφοῦ
684 347 868 383 λελυπηκότος
888 355 934 382 με,

142 391 191 417 καὶ
216 391 395 427 ἠγωνισάμην
410 393 456 418 τοῦ
482 393 519 428 μὴ
536 393 697 427 ἀναγγεῖλαι
717 392 791 428 αὐτῷ
807 393 873 428 (48),
888 392 936 419 καὶ

143 436 257 471 ἐδεήθην
275 436 344 464 Θεοῦ
369 438 412 464 ἵνα
429 437 498 473 ἀρθῇ
515 439 561 465 ἀπ’
573 438 640 473 ἐμοῦ
651 448 658 454 ·
675 439 721 465 καὶ
740 438 852 473 γέγονεν
866 440 880 465 ὁ
893 438 936 464 λό-

143 489 192 515 γος
203 482 240 521 ῶς
254 481 324 517 αἷμα
340 484 369 509 ἐν
386 483 425 518 τῷ
446 483 561 518 στόματί
578 493 628 519 μου
639 505 646 516 ,
664 485 712 511 καὶ¹
727 484 831 511 ἐπτυσα
844 483 935 514 αὑτὸν,

143 529 192 556 καὶ
202 529 333 564 ἀνεπάην,
348 530 396 556 καὶ
407 530 456 565 τὴν
467 529 555 565 λύπην
569 529 751 566 ἐπελαθόμην.

178 622 210 646 ε’.
230 619 343 654 Ἔλεγεν
366 620 380 646 ὁ
402 620 490 652 esse;
515 619 663 656 ’Ᾱμμὼης,
679 620 720 646 ὅτι
743 619 938 655 Παρεεάλομεν

144 665 200 699 ἐγὼ
213 666 260 693 καὶ
274 667 288 692 ὁ
301 665 387 697 esse;
402 666 523 702 Βητίμης
537 666 575 702 τῷ
594 666 665 702 ἀὸϐᾷ
679 666 783 701 Ἀχιλᾷ,
797 666 844 692 καὶ
856 665 938 700 ἠκού-

145 719 231 745 σαμεν
246 711 327 737 αὑτοῦ
344 711 508 746 μελετῶντος
524 711 570 737 τὸν
593 711 670 745 λόγον
685 711 794 737 τοῦτον·
811 709 860 744 Μὴ
884 718 938 744 5:0-

144 756 209 788 σοῦ,
236 756 347 787 Ἰακὼϐ,
358 756 523 790 καταϐῆναι
537 757 751 791 εὶςΑῖγυπτον.
766 756 823 782 Καὶ
837 756 884 782 ἐπὶ
894 764 940 781 πο·

144 803 177 829 λὺ
201 803 291 838 ἔμεινε
311 803 432 838 μελετῶν
445 804 491 830 τὸν
510 804 588 838 λόγον
600 804 705 831 τοῦτον.
722 805 777 831 Kal.
792 804 830 835 ὡς
843 803 940 839 ἐκρού-

145 857 248 884 σαμεν,
263 849 367 884 ἤνοιξεν
393 850 470 884 ἡμῖν,
492 850 538 876 καὶ
560 849 722 885 ἐπηρώτησε
734 857 741 864 ⁵
760 849 845 876 Πόθεν
860 850 938 881 ὲστέ;

985 253 1106 287 νῐῖίίῑίιυο
1132 249 1291 285 sanguinem
1317 256 1351 276 ex
1370 255 1418 276 ore
1450 247 1525 275 illius
1541 254 1722 283 promanare;
1748 250 1778 275 et

985 298 1165 333 interrogavit
1181 308 1187 324 :
1203 296 1274 330 Quid
1289 297 1342 324 hoc
1366 298 1419 326 est,
1437 294 1542 322 Pater?
1564 293 1713 328 Respondit
1734 301 1779 320 se-

986 354 1038 373 nex
1058 355 1065 372 :
1085 345 1193 372 Dictum
1225 346 1267 371 est
1297 342 1440 377 cujusdam
1463 341 1567 371 fratris,
1586 339 1632 374 qui
1653 347 1696 367 me
1710 347 1778 366 con-

987 392 1116 422 tristavit.
1142 395 1170 418 et
1196 389 1312 425 pugnavi
1331 395 1436 415 mecum
1467 392 1496 414 ut
1525 394 1579 413 non
1606 385 1776 413 declararem

986 438 1011 466 ei
1025 447 1032 471 ;
1050 437 1191 472 Deumque
1210 435 1371 471 deprecatus
1385 441 1456 465 sum,
1474 441 1490 460 a
1501 441 1544 460 me
1559 432 1584 460 id
1601 431 1674 459 verbi
1688 430 1780 458 aufer-

986 489 1072 512 retur.
1090 483 1152 510 Fuit
1166 491 1231 518 ergo
1254 482 1327 509 velut
1344 481 1455 517 sanguis
1480 481 1507 507 in
1523 487 1571 506 ore
1598 485 1670 509 meo.
1695 481 1778 512 atque

989 529 1084 564 exspui
1114 528 1190 561 illud,
1213 537 1245 556 ac
1271 528 1391 563 requiem
1422 526 1538 558 obtinui,
1575 531 1687 559 remque
1713 531 1773 550 sum

988 576 1099 604 oblitus.

1024 623 1051 650 5.
1071 621 1174 650 Retulit
1191 621 1274 648 abbas
1291 621 1419 647 Ammocs
1439 619 1515 654 :Ego
1523 621 1550 646 et
1563 618 1647 645 abbas
1659 616 1781 644 Betimes

989 668 1157 696 accessimus
1171 668 1204 695 ad
1218 667 1344 694 abbatem
1355 666 1490 696 Acbilam,
1505 669 1532 692 et
1544 664 1699 692 audivimus
1713 670 1775 690 eum

989 714 1163 742 meditantem
1177 713 1204 740 id
1231 712 1305 740 verbi
1323 721 1329 738 :
1353 710 1416 738 Noli
1435 711 1535 741 timere,
1550 708 1645 741 Jacob,
1670 709 1778 735 descen-

989 759 1050 787 dere
1063 761 1090 786 in
1105 758 1250 794 Egyptum
1262 759 1296 785 '°.
1313 757 1418 792 Diuque
1439 756 1538 784 mansit
1554 755 1690 782 meditans
1712 761 1774 780 eum

990 813 1154 834 sermonem.
1167 805 1234 832 Cum
1252 809 1342 831 autem
1357 803 1553 838 pulsassemus,
1567 801 1673 836 aperuit
1685 799 1779 831 nobis,

991 855 1018 877 et
1037 850 1213 884 interrogavit
1230 858 1237 876 ε
1253 849 1330 876 Unde
1350 847 1439 875 estis?
1457 847 1541 874 Porro
1556 846 1634 874 veriti
1660 846 1752 873 dicere
1767 854 1774 871 :

143 895 199 921 Καὶ
216 894 378 930 φοϐηθέντες
397 896 494 928 εἰπεῖν,
513 896 562 922 Ἐκ
582 896 636 922 τῶν
653 896 772 922 Κελλίων
783 916 790 927 ,
808 895 934 930 εἴπαμεν,

991 897 1010 924 Ε
1024 893 1112 928 Cellis;
1134 896 1253 923 diximus
1267 905 1272 922 :
1291 894 1311 921 E
1327 898 1418 921 monte
1439 892 1544 920 Nitriae.
1561 892 1607 919 Ait
1621 892 1666 919 ille
1681 900 1689 918 :
1704 891 1776 924 Quid

150 939 198 966 Ἐκ
207 940 253 966 τοῦ
264 941 342 976 ὅρους
354 941 403 975 τῆς
415 940 539 975 Νιτρίας.
548 941 684 975 Καὶλέγει
695 949 701 955 ·
711 941 743 967 Τί
756 941 820 975 ὑμῖν
832 940 936 975 ποιήσω

144 986 184 1013 ὅτι
198 987 252 1013 ἀπὸ
268 986 385 1021 μήκοθέν
400 988 478 1019 ἐπες
496 988 543 1013 καὶ
557 987 704 1021 εἰσήγαγεν
721 987 804 1022 ἡμᾶς.
822 987 877 1013 Καὶ
891 985 937 1012 εὖ-

145 1040 229 1069 ρομεν
243 1032 325 1059 αὑτὸν
348 1031 531 1067 ἐργαζόμενον
546 1032 593 1067 τὴν
608 1032 692 1058 νύκτα
710 1032 810 1067 πολλὴν
831 1032 936 1067 σειρὰν,

144 1079 192 1105 καὶ
205 1079 389 1114 ὴρωτήσαμεν
410 1079 490 1105 αὑτὸν
507 1080 594 1105 εἰπεῖν
611 1080 676 1114 ἡμῖν
695 1079 783 1113 λόγον.
808 1079 837 1105 '0
856 1079 884 1105 δὲ
899 1076 938 1105 el-

144 1133 196 1151 πεν
206 1133 213 1139 ·
229 1124 299 1158 Ἐγὼ
312 1125 366 1151 ἀπὸ
380 1125 428 1159 ὀψὲ
444 1125 496 1156 ἕως
512 1125 574 1160 ἄρτι
587 1124 686 1157 ἐπλεξα
697 1126 798 1151 εἴκοσιν
812 1125 936 1161 όργυίας,

145 1171 193 1196 καὶ
206 1171 285 1204 φύσει
302 1171 331 1196 οὐ
347 1169 440 1205 χρῄζω
463 1170 567 1196 αὐτῶνθ
583 1170 651 1197 ἀλλὰ
669 1171 767 1205 μήπως
785 1171 939 1206 ἀγανακτή-

145 1223 179 1250 σῃ
197 1216 212 1241 ὁ
227 1214 303 1246 Θεὸς,
320 1216 366 1242 καὶ
382 1215 516 1250 ἐγκαλέσῃ
531 1224 587 1250 μοι,
605 1215 690 1248 λέγων
706 1223 712 1230 '
728 1215 806 1241 Διατί
819 1215 937 1250 δυνάμε-

144 1268 190 1292 νος
210 1261 388 1297 ἐργάσασθαι,
409 1261 458 1287 οὐκ
478 1261 598 1296 εἰργάσω
610 1261 669 1292 ;διὰ
686 1260 764 1287 τοῦτο
783 1261 880 1292 κοπιῶ,
891 1261 938 1287 καὶ

145 1305 215 1332 ποιῶ
246 1305 310 1340 ὃλην
324 1305 374 1340 τὴν
390 1305 503 1340 δύναμίν
521 1314 582 1341 μου.
606 1306 661 1332 Καὶ
681 1305 866 1341 ὠφεληθέντες
889 1307 933 1333 ἀν-

147 1351 339 1387 εχωρήσαμεν.

183 1402 215 1430 ς’.
239 1398 352 1425 Ἀλλοτε
373 1398 453 1425 πάλιν
472 1398 558 1434 μέγας
569 1399 657 1434 γέρων
669 1399 807 1435 παρέϐαλε
816 1398 854 1433 τῷ
866 1397 938 1434 ἀὸϐᾅ

145 1443 241 1478 Ἀχιλᾷ
257 1443 311 1470 ἀπὸ
327 1443 468 1478 Θηϐαΐδος,
483 1444 528 1469 καὶ
547 1443 622 1478 λέγει
641 1443 728 1478 αὐτῷ’
748 1443 842 1474 Ἀ66ᾶ.
858 1443 938 1469 πολε-

146 1488 250 1523 μοῦμσιι
267 1488 306 1519 είς
329 1488 368 1516 σέ.
389 1488 418 1514 Ὀ
441 1488 468 1514 δὲ
490 1488 564 1522 λέγει
592 1488 681 1523 αὒτῷ-
700 1488 808 1522 ’Ὑπαγε
829 1487 876 1514 καὶ
894 1488 937 1519 σὺ,

145 1535 238 1569 γέρον,
247 1535 287 1566 εἰς
298 1534 348 1569 ἐμὲ
366 1534 429 1569 ἄρτι
444 1534 567 1570 πολεμῇ;
588 1534 617 1560 Ὀ
628 1534 656 1560 δὲ
674 1534 764 1569 γέρων
776 1533 830 1560 ἀπὸ
843 1542 938 1560 ταπει-

146 1580 255 1611 νώσεως
274 1578 333 1606 εἷπε
349 1588 355 1594 ·
371 1580 437 1611 Ναὶ,
460 1579 542 1607 ἀῦὅᾶ.
558 1578 611 1606 ⁴Ἦν
628 1580 656 1606 δὲ
678 1581 736 1606 ἐκεῖ
758 1581 804 1606 ἐπὶ
820 1582 853 1616 τῇ
868 1581 938 1616 θύρᾳ

145 1625 301 1660 καθήμενος
315 1625 404 1660 γέρων
415 1626 514 1659 τυφλὸς
527 1626 575 1652 καὶ
594 1627 687 1661 χωλός.
707 1626 760 1653 Καὶ
775 1627 850 1661 λέγει
865 1627 937 1662 αὐτῷ

144 1671 276 1707 όγέρων-
295 1672 408 1698 Ἤθελον
433 1672 544 1698 καθίσαι
563 1674 665 1708 μικρὰς
688 1673 804 1709 ἡμέρας,
823 1674 869 1700 καὶ
893 1673 937 1700 διὰ

145 1717 192 1742 τὸν
220 1717 336 1752 γέροντα
356 1717 450 1744 τοῦτον
470 1718 500 1744 οὺ
522 1718 637 1753 δύναμαι
663 1719 782 1745 καθίσαι.
805 1719 937 1751 ’Λκούσας

145 1760 192 1789 οὖν
204 1763 217 1789 ὁ
232 1763 317 1794 ἁϐεὲἄς
340 1763 457 1798 ’Λχιλᾶς,
474 1763 611 1798 ἐθαύμασε
637 1766 684 1798 τὴν
704 1765 867 1791 ταπείνωσιν
890 1765 936 1791 τοῦ

145 1807 283 1842 γέροντος,
299 1809 346 1833 καὶ¹
364 1808 471 1842 ἔλεγεν·
489 1808 563 1844 Αὕτη
583 1809 633 1835 οὐκ
645 1808 702 1836 ἔστι
725 1810 849 1844 πορνεία,
868 1809 936 1837 ἀλλὰ

145 1853 243 1888 φθόνος
255 1854 313 1880 ἐστὶ
324 1854 378 1880 τῶν
395 1854 521 1889 πονηρῶν
534 1855 680 1890 δαιμόνων.

354 1912 423 1946 Περὶ
438 1912 491 1939 τοῦ
507 1913 582 1940 ἁσόᾱ
604 1913 729 1948 Ἀμμώη.

180 1969 216 1994 a'.
239 1967 351 2002 Ἔλεγον
366 1968 491 2004 περὶτοῦ
516 1969 588 1996 esse
608 1969 740 2006 Ἀμμώη,
755 1971 795 1997 ὅτι
819 1971 857 2002 ὡς
883 1972 935 1998 ὑπ-

144 2011 212 2047 ῆγεν
224 2012 263 2044 εἰς
277 2012 327 2048 τὴν
340 2013 497 2049 ἐκκλησίαν,
512 2015 562 2042 οὐκ
577 2015 640 2051 ῆφιε
656 2016 701 2043 τὸν
716 2016 838 2052 μαθητὴν
852 2017 934 2044 αὑτοῦ

146 2058 261 2092 ἔγγιστα
274 2059 356 2086 αὑτοῦ
375 2061 571 2096 περιπατῆσαι.
585 2062 652 2088 ἀλλὰ
663 2063 716 2089 ἀπὺ
726 2064 862 2100 μακρόθεν
870 2073 877 2080 ο
887 2065 934 2091 καὶ

145 2105 170 2131 ει
187 2105 286 2140 ἤρχετο
303 2106 439 2141 ἐρωτῆσαι
454 2106 518 2141 περὶ
538 2107 673 2142 λογισμῶν
684 2128 691 2140 ,
706 2107 744 2140 ὡς
754 2108 846 2142 ἔλεγεν
860 2109 935 2145 αὐτῷ

147 2151 239 2186 μόνον.
254 2151 354 2182 εὐθέως
380 2151 490 2178 ἐδίωκεν
521 2153 611 2186 αὑτὸν,
637 2153 724 2187 λέγων
736 2161 743 2169 ⁸
760 2155 873 2189 Μήποτε
889 2155 935 2182 λα-

146 2197 262 2224 λούντων
276 2199 291 2234 ἡ
296 2198 353 2233 μῶν
366 2199 429 2233 περὶ
441 2199 583 2233 ὠφελείας,
600 2200 708 2236 ἐγκύψῃ
718 2200 741 2216 ⁷⁸
756 2200 817 2237 ξένη
830 2202 932 2237 ὁμιλία·

145 2243 189 2271 διὰ
198 2244 277 2270 τοῦτο
295 2244 344 2270 οὐκ
360 2244 422 2279 ἀφῶ
440 2253 469 2270 σε
488 2244 601 2278 ἔγγιστὰ
618 2254 679 2277 μου.
830 2251 834 2256 ”

183 2290 216 2325 β’.
238 2290 350 2324 Ἔλεγεν
370 2291 384 2316 ὁ
399 2290 486 2321 ὰσϐᾶς
505 2290 636 2325 Ἀμμώης
656 2290 694 2326 τῷ
708 2291 780 2327 ἀϐὁᾷ
799 2292 897 2328 Ἡσαΐᾳ
912 2292 934 2308 ⁷⁵

145 2338 181 2372 τῇ
192 2338 262 2372 ἀρχῇ
277 2345 284 2352 ⁸
303 2336 365 2368 Πῶς
380 2346 415 2372 με
431 2337 539 2372 βλέπεις
564 2337 644 2373 apti;
661 2337 743 2371 Λέγει
768 2338 843 2374 αὐτῷ
859 2348 866 2355 ·
888 2341 933 2371 Ὠς

146 2383 271 2416 ἄγγελον,
288 2383 388 2418 Πάτερ.
413 2383 469 2409 Καὶ
485 2384 525 2414 εἰς
546 2383 581 2410 τὰ
600 2383 701 2419 ὕστερα
718 2383 809 2418 ἔλεγεν
834 2387 908 2422 αὐτῷ
923 2397 929 2404 -

145 2428 209 2460 Πῶς
234 2437 266 2464 με
286 2428 334 2456 νῦν
352 2429 476 2463 βλέπεις;
494 2428 523 2455 '0
539 2429 567 2454 δὲ
587 2428 678 2463 ἔλεγεν
691 2438 697 2444 ·
723 2429 765 2460 Ὠς
785 2430 831 2456 τὸν
847 2432 933 2460 Σατα-

145 2474 195 2501 νᾶν
210 2481 218 2488 '
235 2474 286 2500 κᾶν
309 2473 388 2508 λόγον
405 2483 450 2509 μοι
468 2473 595 2509 λαλήσεις
613 2474 725 2508 ἀγαθὸν,
743 2475 782 2506 ὡς
795 2477 934 2512 ῥομφαίαν

146 2520 229 2547 αὑτὸν
248 2520 312 2554 ἔχω.

180 2568 215 2600 γ’.
238 2565 350 2599 Ἔλεγον
374 2565 437 2601 περὶ
458 2565 505 2591 τοῦ
526 2565 598 2593 esse
619 2565 799 2602 Ἀμμώη,ὃτι
826 2569 935 2603 ἠσθένει

143 2612 277 2648 κλινήρης
286 2611 327 2638 ὢν
338 2611 383 2638 ἐπὶ
397 2610 481 2638 πολλὰ
504 2611 561 2648 ἔτη,
581 2612 631 2639 καὶ
643 2613 769 2639 οὐδέποτε
787 2614 875 2649 ἀφῆκε
891 2616 937 2643 τὸν

179 2691 204 2707 ⁷⁸
220 2691 262 2718 ΑΙ.
282 2691 459 2727 παρεμπέσῃ.
482 2692 504 2707 ⁷⁸
520 2692 562 2719 Al.
585 2693 681 2728 Ἀσὲῳ.
698 2693 721 2708 ⁷⁸
734 2691 801 2720 Gen.
818 2702 889 2723 xui.
904 2695 930 2721 5.

178 2748 235 2784 (48)
256 2748 311 2775 Τοῦ
326 2748 369 2782 μὴ
387 2748 560 2783 ἀναγγεῌαι
586 2750 675 2782 αὐτῷ.
697 2749 823 2780 Eiusdem
845 2751 930 2777 inter-

142 2783 270 2818 pretatio.
294 2791 449 2819 conservare
474 2783 541 2810 illud
556 2785 626 2819 apud
644 2793 692 2812 me.
713 2785 813 2813 Ruﬁni.
829 2790 857 2812 ut
878 2794 929 2812 non

141 2819 218 2846 illum
231 2819 356 2846 dicerem.
367 2818 508 2846 llabebant
522 2820 548 2846 in
564 2820 660 2847 codice
674 2828 733 2850 suo.
742 2820 818 2846 αὐτό.
831 2820 929 2848 Verum

143 2854 261 2883 Bulinus
275 2861 325 2881 ms.
344 2853 529 2887 Corbciensis,
547 2859 573 2881 ut
591 2864 641 2883 non
660 2855 700 2882 illi
713 2856 835 2883 dicerem.

987 942 1064 969 vobis
1080 941 1189 972 faciam,
1203 940 1276 976 quod
1292 940 1325 967 de
1345 939 1440 974 procul
1466 938 1602 966 venistis?
1628 937 1660 964 Et
1687 937 1779 964 introv

987 987 1063 1014 duxit
1078 994 1137 1013 nos.
1154 986 1310 1013 Invenimus
1327 989 1417 1012 autem
1434 992 1495 1012 eum
1522 991 1568 1018 per
1587 987 1694 1010 noctem
1716 983 1775 1017 ple-

987 1036 1058 1059 ctatu
1075 1031 1187 1058 multant
1205 1034 1357 1064 operatum.
1372 1031 1461 1063 Atque
1477 1029 1633 1062 rogavimus
1648 1031 1678 1054 ut
1695 1027 1777 1055 nobis

987 1075 1089 1111 aliquid
1113 1075 1329 1110 proloquerctur.
1355 1074 1401 1101 Ille
1420 1081 1482 1100 vero
1501 1073 1569 1100 dixit
1585 1082 1591 1099 :
1607 1072 1661 1107 Ego
1686 1079 1701 1099 a
1725 1080 1775 1100 ve-

988 1122 1111 1158 spertino
1127 1125 1251 1156 tempore
1275 1121 1308 1148 ad
1324 1120 1387 1153 hoc,
1403 1120 1476 1147 texui
1499 1119 1593 1154 \iginti
1614 1119 1703 1150 ulnas,
1721 1127 1779 1145 non

988 1170 1079 1193 tamen
1096 1166 1130 1194 iis
1146 1166 1254 1201 indigeo
1268 1175 1274 1198 ;
1291 1165 1337 1192 sed
1354 1173 1388 1192 ne
1415 1164 1485 1192 forte
1508 1164 1664 1199 indignetur
1693 1163 1777 1194 Deus,

987 1218 1151 1249 accuselque
1171 1220 1224 1245 me,
1249 1212 1343 1239 dicens
1361 1221 1367 1238 :
1387 1211 1443 1238 Cur
1458 1218 1520 1238 cum
1548 1218 1643 1245 posses
1658 1210 1778 1245 operari,

988 1265 1041 1284 non
1068 1265 1098 1284 es
1124 1256 1276 1291 operatus?
1293 1256 1352 1283 ideo
1381 1256 1487 1287 laboro,
1517 1254 1619 1282 faciens
1645 1258 1775 1289 quantum

987 1303 1074 1330 valeo.
1089 1301 1166 1330 Unde
1181 1302 1270 1329 l‘ructu
1286 1306 1414 1337 percepto
1431 1301 1616 1329 discessimus.

1024 1389 1050 1416 6.
1064 1389 1122 1416 Alia
1135 1389 1194 1416 vice
1211 1396 1326 1423 magnus
1351 1395 1435 1415 senex
1463 1387 1538 1414 venit
1551 1395 1565 1414 e
1579 1386 1717 1414 Thebaide
1742 1385 1776 1412 ad

989 1436 1114 1463 abbatem
1146 1435 1288 1468 Acbilam;
1305 1438 1331 1461 et
1362 1434 1432 1461 dixit
1455 1434 1479 1461 ei
1495 1443 1501 1460 :
1515 1434 1602 1464 Abba,
1618 1433 1645 1459 in
1674 1437 1700 1459 te
1726 1432 1778 1459 im-

988 1491 1104 1517 pugnor.
1124 1481 1171 1509 Ille
1184 1489 1249 1508 vero
1274 1481 1342 1508 dicit
1361 1481 1383 1508 ei
1401 1490 1407 1506 :
1426 1479 1500 1507 Vade
1525 1480 1606 1507 etiam
1624 1483 1664 1511 tu,
1679 1486 1774 1512 senex,

990 1529 1016 1555 in
1037 1537 1079 1556 me
1095 1528 1176 1555 modo
1190 1527 1380 1562 impugnaris?
1411 1525 1499 1553 Senex
1514 1530 1602 1553 autem
1617 1533 1648 1553 ex
1664 1525 1776 1552 humili-

990 1579 1045 1602 tate
1060 1574 1202 1609 rcspoudit
1217 1582 1223 1599 :
1240 1573 1338 1604 Etiam.
1355 1573 1433 1599 abba.
1449 1572 1514 1598 Erat
1540 1577 1629 1598 autem
1656 1571 1712 1598 illic
1741 1571 1775 1598 ad

994 1624 1098 1656 portam
1132 1620 1229 1647 sedens
1253 1627 1337 1646 sane:
1359 1626 1448 1645 caecus
1463 1622 1490 1646 ct
1507 1618 1630 1645 claudus.
1648 1616 1719 1644 Dicit
1750 1617 1777 1644 ei

987 1674 1090 1693 senex:
1122 1665 1256 1700 Cuperem
1287 1664 1331 1690 bic
1365 1663 1484 1690 residere
1506 1670 1607 1698 paucos
1628 1662 1698 1694 dies.
1728 1663 1774 1689 sed

987 1718 1098 1747 propter
1114 1719 1206 1739 senem
1227 1712 1301 1738 hunc
1326 1718 1381 1737 non
1402 1717 1525 1744 possum.
1550 1709 1671 1736 Audiens
1693 1708 1777 1743 igitur

987 1758 1071 1785 abbas
1103 1757 1222 1788 Acbilas,
1249 1756 1378 1790 sonisque
1406 1755 1584 1782 humilitatem
1612 1754 1775 1786 admiratus,

987 1803 1056 1830 dixit.
1070 1814 1074 1829 :
1090 1802 1152 1829 llaec
1170 1809 1224 1828 non
1242 1806 1284 1828 est
1296 1800 1452 1833 iornicatio,
1469 1800 1516 1827 sed
1539 1800 1640 1828 invidia
1659 1803 1702 1826 est
1715 1806 1776 1826 ma-

986 1848 1075 1875 lorum
1090 1848 1256 1875 daemonum.

1239 1915 1278 1942 De
1293 1915 1388 1942 abbate
1400 1918 1519 1941 Ammoe.

1021 1973 1047 2002 Ι.
1058 1973 1113 2009 (50)
1121 1972 1254 2004 Dicebant
1262 1973 1297 2000 de
1309 1973 1407 2000 abbate
1427 1971 1551 2004 Ammoe,
1566 1971 1639 2008 quod
1664 1971 1776 2007 quando

986 2019 1020 2046 ad
1034 2019 1179 2047 ecclesiam
1204 2023 1339 2054 pergeret,
1356 2027 1410 2046 non
1425 2019 1598 2054 permittebat
1610 2018 1775 2052 discipulum

985 2073 1065 2092 suurn
1078 2073 1162 2100 prope
1175 2073 1205 2092 se
1221 2065 1373 2096 ambulare,
1394 2065 1442 2093 sed
1464 2072 1480 2092 a
1497 2065 1595 2100 longe;
1613 2068 1640 2091 et
1651 2063 1673 2092 si
1689 2064 1777 2096 venis-

985 2115 1026 2139 set
1041 2112 1210 2146 interrogare
1224 2111 1258 2138 de
1274 2111 1498 2146 cogitationibus.
1513 2119 1575 2138 mox
1605 2115 1634 2137 ut
1659 2117 1775 2145 respon-

984 2157 1071 2189 derat,
1083 2157 1176 2184 statim
1192 2156 1347 2191 expellebat
1361 2164 1434 2188 eum,
1445 2156 1539 2184 dicens
1553 2164 1560 2182 :
1574 2155 1611 2182 Ne
1627 2155 1695 2181 forte
1709 2154 1776 2180 dum

987 2202 1089 2238 aliquid
1103 2210 1136 2230 ex
1153 2210 1203 2229 usu
1221 2202 1368 2236 loquimur,
1384 2202 1557 2236 peregrinum
1572 2201 1674 2235 irrepat
1688 2199 1776 2227 collo-

988 2249 1082 2285 quium
1099 2258 1107 2276 :
1128 2248 1189 2275 ideo
1204 2252 1231 2275 te
1248 2255 1302 2274 non
1318 2248 1379 2275 sino
1396 2254 1481 2282 prope
1491 2254 1544 2274 me.

1021 2294 1049 2321 ‘2.
1062 2294 1118 2330 (51)
1136 2294 1209 2321 Dixit
1224 2294 1308 2321 abbas
1324 2294 1451 2320 Ammoes
1465 2292 1556 2319 abbati
1571 2291 1648 2319 lsaiae
1675 2291 1775 2319 initio:

986 2340 1045 2373 Quo
1060 2346 1139 2375 pacto
1158 2347 1200 2367 me
1222 2339 1299 2366 vides
1320 2339 1401 2365 modo
1415 2338 1426 2365 ?
1443 2337 1592 2372 Respondit
1608 2346 1615 2364 :
1635 2337 1712 2364 Velut
1727 2345 1777 2364 an-

984 2387 1084 2421 gelum.
1109 2386 1202 2413 Pater.
1233 2385 1266 2412 Et
1295 2385 1494 2420 posterioribus
1521 2383 1691 2418 temporibus
1713 2383 1773 2410 ait:

984 2432 1063 2459 Nunc
1077 2440 1132 2466 quo
1145 2431 1227 2459 modo
1242 2439 1285 2459 me
1303 2431 1398 2458 vides?
1411 2430 1444 2457 Et
1458 2431 1520 2458 ille:
1534 2429 1614 2456 Velut
1627 2428 1775 2463 Satanam;

985 2479 1109 2513 quamvis
1129 2478 1229 2505 bonum
1245 2478 1277 2505 ad
1296 2485 1338 2505 me
1355 2476 1503 2512 protuleris
1537 2483 1699 2505 sermonem.
1730 2475 1775 2502 in-

986 2529 1046 2552 star
1058 2524 1138 2559 gladii
1155 2524 1228 2550 illum
1237 2523 1334 2551 habeo.

1023 2571 1040 2597 5
1069 2569 1140 2605 (52)
1157 2569 1289 2596 Dixerunt
1305 2569 1338 2596 de
1354 2569 1452 2596 abbate
1463 2568 1586 2599 Ammoe.
1602 2567 1673 2602 quod
1687 2574 1774 2602 aegro-

989 2616 1086 2644 taverit
1105 2615 1267 2643 recumbens
1282 2615 1309 2641 iu
1328 2615 1398 2642 lecto
1412 2622 1458 2650 per
1487 2614 1580 2649 plures
1602 2621 1699 2646 annos,
1724 2620 1774 2640 nec

1020 2749 1076 2784 (A9l
1098 2747 1150 2784 Yit.
1168 2747 1242 2784 Eutr.
1256 2755 1292 2778 Iv,
1313 2747 1340 2784 9ζ

1021 2782 1077 2817 (50)
1101 2783 1153 2810 Vit.
1174 2782 1250 2809 l’alr.
1265 2790 1302 2813 xl,
1323 2782 1350 2809 5.

1020 2820 1076 2855 (Si)
1096 2819 1147 2855 fit.
1168 2818 1242 2855 [’atr.
1257 2826 1300 2849 xl,

1018 2853 1074 2891 (52)
1096 2854 1147 2880 l'it.
1164 2853 1240 2880 Patr.
1259 2861 1296 2885 Iv,
1316 2853 1360 2880 lt.
