1971 3068
198 137 247 163 127

761 139 931 166 ΑΡΡΕΝΒΙΧ
952 138 997 166 AD
1016 139 1223 166 PALLADIUM.

1767 143 1821 172 128

191 201 309 228 unquam
334 194 525 228 cogitationem
547 203 623 223 suam
638 195 773 224 dimiserit
787 197 819 223 ad
836 196 977 224 attenden-

1035 197 1157 232 λογισμὸν
1173 196 1256 223 αὑτοῦ
1269 197 1399 231 προσχεῖν
1412 196 1452 227 εἰς
1465 196 1495 222 τὸ
1516 196 1648 232 ἐσώτερον
1665 197 1746 224 αὑτοῦ
1761 199 1822 224 κελ-

191 241 255 267 ιΙιιιιι
275 239 302 266 in
321 240 418 266 cellam
431 241 601 272 interiorem,
622 242 803 277 ut.aspiceret
816 243 881 277 quid
896 242 980 270 liabe-

190 291 243 313 ret.
265 285 348 312 Multa
365 286 437 313 enim
454 291 564 321 propter
579 286 765 315 infirmitatem
779 288 805 314 ei
819 287 978 315 atl'erebant.

191 331 225 358 Et
247 331 384 366 discipulo
396 340 446 359 8th
461 331 566 360 Joanne
586 333 706 360 intrante
719 341 751 360 ac
763 339 889 365 exeunte,
904 333 979 361 clau-

191 377 273 404 debat
300 377 405 409 oculos,
434 385 468 404 ne
493 377 596 404 videret
621 377 687 412 quid
711 377 837 404 faciebat.
862 376 979 404 Noverat

191 422 292 457 quippe
305 422 410 450 ﬁdelem
425 430 487 450 esse
507 423 683 450 monachum.

226 468 253 496 4.
270 467 371 496 Retulit
381 468 465 495 abbas
484 467 603 500 Ptemen,
621 468 692 502 quod
711 467 795 495 frater
805 468 919 495 accessit
945 468 978 494 ad

193 514 319 541 abbatem
343 514 496 546 Ammoem,
520 514 662 548 postulans
691 514 724 541 ab
749 521 782 541 eo
813 521 978 541 sermonem.

193 559 227 587 Et
247 561 309 587 licet
334 560 466 587 manserit
482 567 543 587 cum
561 567 594 587 eo
619 564 722 594 septem
751 560 820 591 dics,
842 559 910 586 nillil
937 567 980 587 re-

193 606 304 639 spondit
316 613 410 632 senex.
427 605 496 640 (55)
514 604 612 631 Verum
638 604 775 632 deducens
798 613 871 636 eum,
889 605 977 632 dixit:

193 651 256 681 Abi,
284 651 393 677 attende
422 650 567 683 tibi;mea
580 655 653 677 certe
681 654 790 684 peccata
815 650 980 677 exstiterunt

194 697 284 731 paries
296 696 457 723 tenebrosus
473 696 543 722 inter
560 703 602 722 me
618 702 649 722 ac
666 695 751 722 Deum
767 696 802 721 ".

230 742 255 769 5.
269 742 382 769 Aicbant
402 741 474 768 circa
491 742 617 768 abbatem
631 741 782 772 Ammoem,
803 741 875 776 quod
900 741 981 776 quin-

194 788 323 822 quaginta
340 787 468 814 frumenti
486 787 596 814 artabas
610 787 673 814 fecit
688 787 835 822 aliquando
846 787 879 814 ad
899 795 978 814 usum

195 840 285 864 suum,
304 833 408 867 solique
425 833 566 868 exposuit;
585 833 632 860 sed
654 833 812 868 priusquam
829 833 913 868 probe
926 834 980 861 sic-

1030 242 1095 274 λίον,
1114 241 1178 268 ἰδεῖν
1189 241 1215 267 τί
1230 241 1295 276 ἔχει.
1316 241 1404 267 Πολλὰ
1422 242 1476 276 γὰρ
1497 242 1571 277 αὐτῷ
1593 243 1760 279 προσέφερον
1779 245 1822 273 διὰ

1029 286 1079 321 τὴν
1094 286 1246 312 ἀσθένειαν.
1263 285 1318 312 Καὶ
1337 287 1528 321 εἰσερχομένου
1543 286 1589 312 τοῦ
1605 287 1727 322 μαθητοῦ
1740 288 1821 316 αὐτοῦ

1037 330 1158 358 Ἰωάννου
1180 331 1228 357 καὶ
1253 330 1442 367 ὲξερχομένου,
1463 332 1566 367 ὲκάμνε
1589 333 1651 365 τοὺς
1668 334 1823 369 ὀφθαλμοὺς

1030 376 1124 409 αὑτοῦ,
1142 377 1184 403 ἴνα
1202 377 1240 412 μὴ
1260 377 1304 413 ἴδῃ
1318 377 1345 404 τί
1364 379 1447 405 ποιεῖ.
1465 378 1542 414 ’ᾘδει
1559 378 1613 415 γὰρ
1630 379 1670 406 ὅτι
1684 377 1719 415 ἦν
1729 381 1823 412 πιστὸς

1032 422 1157 457 μοναχός.

1064 467 1095 494 δ’.
1118 465 1202 493 Εἶπεν
1216 468 1230 494 ὁ
1250 466 1337 499 ἀϐϐᾱς
1356 466 1471 503 Ποιμὴν,
1493 468 1535 494 ὅτι
1558 468 1670 503 ἀδελφὸς
1686 469 1822 504 παρέϐαλε

1030 513 1068 548 τῷ
1088 512 1160 548 ἀϐϐᾷ
1175 512 1301 548 Ἀμμώῃ.
1312 513 1472 548 αἰτούμενος
1495 514 1560 550 παρ’
1572 514 1654 541 αὑτοῦ
1670 514 1756 549 λόγον.
1769 515 1822 540 Καὶ

1032 559 1128 593 μείνας
1153 560 1212 594 μετ’
1225 559 1306 585 αὐτοῦ
1323 559 1429 594 ἡμέρας
1452 560 1532 592 ἑπτὰ,
1550 560 1600 586 οὐκ
1618 560 1752 595 ἀπεκρίθη
1773 560 1822 586 αὺ-

1030 604 1069 639 τῷ
1082 605 1096 630 ὁ
1107 603 1205 639 γέρων,
1216 604 1387 639 προπέμπων
1399 604 1427 630 δὲ
1441 604 1522 630 αὑτὸν
1535 602 1610 630 εἶπεν
1619 605 1693 639 αὐτῷ
1702 613 1708 619 ·
1726 605 1822 631 Ἀπελ-

1031 648 1071 680 θε,
1092 649 1209 684 πρόσεχε
1220 649 1422 684 σεαυτῷοὲμοῦ
1444 649 1513 681 τέως
1536 650 1564 675 αἱ
1587 651 1717 685 ἁμαρτίαι
1739 651 1821 684 γεγό-

1030 703 1092 721 νασι
1109 695 1198 729 τεῖχος
1216 694 1352 720 σκοτεινὸν
1366 694 1418 721 ἀνὰ
1439 695 1519 730 μέσον
1537 695 1604 730 ἐμοῦ
1621 696 1667 722 καὶ
1679 695 1725 721 τοῦ
1740 695 1820 722 Θεοῦ.

1066 738 1096 766 ε’.
1113 739 1225 773 Ἔλεγον
1249 739 1293 766 διὰ
1308 739 1354 766 τὸν
1372 739 1460 766 ἀϐϐᾶν
1480 740 1621 775 Ἀμμώην,
1644 740 1685 767 ὅτι
1710 741 1822 775 ἐποίησε

1031 785 1201 820 πεντήκοντα
1224 785 1346 821 ἀρτάϐας
1367 785 1459 818 σίτου,
1476 786 1544 821 πρὸς
1562 786 1656 821 χρείαν
1675 786 1751 819 ποτὲ,
1774 788 1822 814 καὶ

1031 830 1126 858 ἔϐαλεν
1143 831 1183 862 είς
1195 831 1241 857 τὸν
1255 831 1328 865 ἥλιον
1338 840 1344 847 ·
1359 832 1406 858 καὶ
1425 832 1489 867 πρὶν
1505 832 1669 868 ξηρανθῆναι
1684 833 1754 859 αὐτά
1769 842 1820 860 κα.-

194 883 332 909 carentur,
353 879 457 913 aspexit
471 879 497 905 in
517 879 577 906 loco
597 879 734 914 negotium
759 887 812 906 non
839 880 891 914 ipsi
923 878 979 906 fru—

1035 874 1094 905 ὶιῶς,
1111 872 1165 901 εἶδε
1190 876 1305 910 πρᾶγμα
1319 877 1348 902 ὲν
1370 876 1410 911 τῷ
1424 876 1499 911 τόπῳ
1519 877 1555 912 μὴ
1572 877 1691 911 ὠφελοῦν
1713 878 1794 904 αὐτόν
1812 887 1818 893 ·

193 928 336 956 ctuosuin;
352 930 378 951 et
389 925 427 950 ait
444 925 535 958 pueris
548 925 605 951 suis
622 933 629 951 :
645 925 781 952 Abeamus
795 925 868 952 hinc.
889 926 922 951 At
941 925 979 952 illi

194 969 367 997 vehementer
393 970 552 997 contristati
581 975 655 997 sunt.
687 969 788 998 Videns
817 975 906 998 autem
932 979 980 998 eos

194 1014 298 1045 tristes,
315 1014 352 1040 ait
366 1023 373 1041 :
392 1014 506 1049 Propter
521 1023 605 1049 panes
621 1016 763 1042 manetis?
778 1015 847 1043 Vere
863 1016 917 1043 vidi
930 1024 980 1050 ego

194 1060 340 1087 nonnullos
360 1061 404 1095 qui
421 1060 557 1096 fugerunt,
576 1062 761 1096 relinquentes
783 1062 882 1089 ostiola
906 1061 980 1089 deal-

194 1104 257 1132 bata
269 1113 331 1132 cum
345 1106 423 1133 libris
437 1107 635 1139 membraneis;
655 1113 704 1134 nec
722 1106 795 1135 fores
809 1108 978 1135 clauserunt.

194 1151 242 1179 sed
257 1151 381 1179 abierunt
395 1153 497 1180 relictis
525 1152 558 1179 iis
574 1153 685 1187 apertis.

376 1251 416 1278 De
429 1251 522 1278 abbate
535 1252 649 1278 Ammun
663 1252 793 1280 Nitriota.

230 1307 258 1335 Ι.
278 1307 335 1344 (54)
348 1308 440 1336 Abbas
452 1309 569 1336 Animun
581 1308 696 1336 Nitriota
712 1311 786 1337 venit
806 1311 839 1337 ad
853 1311 980 1338 abbatem

195 1354 353 1385 Antonium,
374 1359 400 1380 et
427 1354 463 1379 ait
494 1354 531 1380 illi
549 1364 554 1380 :
573 1354 628 1389 Ego
655 1355 716 1389 plus
731 1359 756 1382 te
780 1355 915 1388 laboravi;
932 1364 981 1383 cur

194 1407 261 1434 ergo
281 1407 380 1426 nomen
398 1404 473 1426 tuum
488 1400 694 1434 magnificatum
715 1406 757 1428 est
771 1402 842 1429 inter
857 1402 981 1430 homines

195 1451 277 1478 super
298 1444 359 1470 me?
388 1443 539 1478 Respondit
564 1445 649 1472 abbas
675 1446 810 1474 Antonius
825 1456 831 1474 :
847 1446 980 1480 Quoniam

195 1489 279 1516 Deum
292 1489 351 1523 plus
367 1497 448 1523 quam
466 1495 492 1516 tu
510 1489 603 1524 diligo.

1031 920 1078 946 καὶ
1091 920 1166 954 λέγει
1185 921 1241 952 τοῖς
1258 921 1412 956 παιδαρίοις
1429 922 1510 948 αὑτοῦ
1521 929 1528 936 ·
1546 923 1674 956 Ἀγωμεν
1694 922 1820 949 ἔνθεν.οἱ

1030 965 1058 991 δὲ
1077 965 1178 1001 σφόδρα
1190 966 1372 1001 ἐλυπήθησαν,
1388 967 1459 994 Ἰδὼν
1472 967 1499 993 δὲ
1514 968 1610 1000 αὐτοὺς
1623 969 1819 1003 λυπουμένους,

1029 1011 1103 1045 λέγει
1123 1012 1227 1043 αὐτοῖς’
1245 1013 1381 1039 Λυπεῖσθε
1407 1013 1451 1040 διὰ
1477 1015 1540 1046 τοὺς
1568 1015 1690 1050 ἅρτους;
1714 1015 1822 1051 ἀληθῶς

1031 1055 1100 1084 εἶδον
1115 1058 1170 1092 ἐγώ
1184 1066 1261 1090 τινας
1274 1060 1418 1093 φυγόντας,
1433 1061 1480 1087 καὶ
1492 1061 1624 1094 ἐάσαντας
1640 1062 1824 1097 κεκονιαμένα

1030 1103 1064 1129 τὰ
1079 1103 1185 1139 θυρίδια
1208 1105 1277 1140 μετὰ
1292 1105 1401 1140 βιϐλίων
1420 1107 1585 1142 μεμϐράνων
1597 1116 1603 1122 ·
1618 1108 1678 1134 οὐδὲ
1692 1108 1822 1135 ἔκλεισαν

1030 1150 1080 1182 τὰς
1094 1151 1213 1186 θυρίδας,
1228 1151 1285 1178 ἀλλ’
1304 1152 1424 1188 ἀπῆλθον
1437 1154 1613 1189 ἀνεῳγμένας
1627 1154 1822 1186 καταλιπόντες

1032 1196 1126 1228 αὐτάς.

1096 1254 1166 1288 Περὶ
1186 1254 1239 1281 τοῦ
1259 1254 1334 1282 ἀΰϐᾶ
1358 1256 1489 1291 Ἀμμοῢν
1509 1257 1563 1284 τοῦ
1584 1257 1753 1292 Νιτριώτου.

1066 1315 1100 1338 α’.
1127 1312 1155 1338 Ὀ
1170 1312 1258 1343 ἀϐϐἄς
1279 1313 1400 1348 Ἀμμοῦν
1421 1315 1434 1340 ὁ
1449 1315 1603 1350 Νιτριώτης
1621 1316 1758 1350 παρέϐαλε
1782 1317 1822 1351 τῷ

1034 1357 1105 1393 ἀῧϐᾅ
1121 1358 1265 1393 Ἀντωνίῳ,
1280 1359 1327 1385 καὶ
1339 1359 1410 1393 λέγει
1422 1360 1506 1395 αὐτῷ,
1522 1361 1563 1387 ὅτι
1587 1361 1657 1395 Ἐγὼ
1675 1361 1785 1388 πλείονα
1797 1362 1821 1377 ⁷⁸

1032 1412 1079 1430 σου
1096 1404 1178 1430 κόπον
1197 1404 1260 1439 ἔχω,
1276 1405 1322 1431 καὶ
1335 1405 1393 1436 πῶς
1408 1406 1437 1432 τὸ
1447 1406 1532 1442 ὄνομα
1547 1415 1592 1433 σου
1609 1407 1778 1444 ὲμεγαλύνθη
1793 1409 1822 1434 ἐν

1031 1450 1086 1480 τοῖς
1099 1449 1252 1485 ἀνθρώποις
1267 1450 1334 1485 ὑπὲρ
1355 1450 1421 1485 ἐμέ;
1440 1451 1521 1485 Λέγει
1537 1452 1611 1486 αὐτῷ
1628 1453 1641 1478 ὁ
1656 1452 1743 1484 ἁϐϐἄς
1763 1454 1821 1479 Ἀν-

1031 1494 1128 1525 τώνιος
1144 1503 1151 1510 ·
1174 1495 1282 1530 Ἐπειδὴ
1300 1496 1354 1530 ἐγὼ
1372 1496 1470 1530 ἀγαπῶ
1486 1497 1531 1522 τὸν
1546 1497 1611 1524 Θεὸν
1626 1498 1696 1534 ὑπὲρ
1710 1498 1749 1525 σέ.

229 1533 257 1561 2.
274 1533 329 1568 (55)
349 1533 522 1561 Dicebantdc
539 1535 637 1562 abbate
651 1535 778 1568 Ammun,
794 1544 855 1564 eum
875 1545 890 1564 e
908 1546 979 1565 men-

1069 1539 1102 1575 β’.
1125 1539 1238 1574 Ἔλεγον
1251 1542 1315 1576 περὶ
1332 1541 1378 1568 τοῦ
1395 1542 1467 1568 ἀϐϐᾶ
1492 1542 1623 1578 Ἀμμοῦν,
1638 1544 1678 1570 ὅτι
1694 1545 1821 1578 εποίησεν

194 1585 260 1605 sura
272 1578 365 1605 liordei
381 1579 477 1612 exigua
494 1579 595 1606 vixisse
608 1579 677 1606 duos
689 1587 807 1607 menses.
832 1580 912 1608 Venit
931 1590 981 1609 au-

195 1629 249 1651 tem
265 1625 322 1659 ipse
341 1624 374 1650 ad
391 1625 515 1651 abbatem
534 1623 701 1657 Ptnmenem,
717 1630 744 1652 et
758 1627 795 1653 ait
808 1627 832 1654 ei
849 1636 855 1653 :
870 1628 896 1654 Si
911 1629 981 1655 abie-

195 1669 271 1697 road
290 1671 387 1697 cellam
409 1671 536 1705 proximi,
559 1675 606 1697 aut
626 1671 682 1706 ipse
697 1671 731 1698 ad
752 1681 794 1700 me
817 1674 921 1700 venerit
946 1675 980 1702 ob

195 1716 314 1750 aliquam
332 1716 531 1747 necessitatem,
550 1724 676 1743 veremur
692 1717 809 1752 colloqui
827 1722 931 1750 mutuo,
947 1728 980 1746 ne

195 1770 248 1796 qua
267 1762 396 1795 subrepat
409 1765 524 1787 externa
544 1762 740 1789 confabulatio.
758 1763 827 1790 Dicit
842 1765 865 1790 ei
878 1772 959 1791 senex
972 1773 978 1791 :

196 1807 278 1834 ﬂecte
293 1807 376 1840 facis;
392 1806 495 1842 indiget
517 1808 589 1834 enim
603 1808 734 1842 juventus
759 1811 892 1837 custodia.
911 1811 979 1838 Tum

195 1853 280 1880 abbas
292 1853 410 1879 Ainmun
427 1862 433 1879 :
449 1852 534 1880 Senes
553 1861 618 1887 ergo
641 1855 706 1889 quid
732 1862 812 1889 agere
835 1856 981 1883 solebant?

195 1898 344 1933 Respondit
362 1907 367 1924 :
383 1897 468 1925 Senes
484 1899 509 1925 in
530 1900 629 1926 virtute
652 1901 800 1935 progressi,
816 1909 870 1928 non
897 1903 981 1929 liabe-

195 1944 259 1971 bant
276 1944 303 1970 in
318 1951 347 1970 se
362 1944 435 1970 aliud
452 1945 528 1978 qurd.
543 1948 590 1970 aut
603 1950 744 1971 externum
758 1946 784 1972 in
798 1954 855 1976 ore.
870 1953 898 1973 ut
913 1948 980 1974 illud

195 1990 379 2024 loquerentur.
397 1989 426 2016 Si
446 1990 528 2024 igitur
554 1992 676 2018 evenerit
700 1993 861 2023 necessitas.
893 1994 980 2028 inquit

193 2037 322 2067 Ammun,
340 2036 465 2070 loquendi
479 2045 539 2063 cum
556 2037 691 2071 proximo,
717 2038 758 2064 vis
775 2039 808 2065 de
831 2038 980 2074 Scriptnris

193 2082 237 2108 vel
259 2081 293 2108 de
321 2082 459 2108 seniorum
492 2083 664 2110 sermonibus
689 2084 845 2111 disseram?
868 2084 980 2120 Excepit

195 2136 277 2155 senex
291 2137 297 2154 :
310 2127 412 2155 Tacere
426 2128 448 2155 si
462 2136 515 2155 non
526 2129 610 2161 vales,
624 2133 733 2163 priestat
749 2131 822 2165 loqui
837 2131 870 2158 de
884 2140 978 2159 senum

194 2173 284 2205 dictis,
304 2181 385 2207 quam
399 2173 432 2201 de
448 2181 526 2201 sacra
542 2173 692 2210 Scriptura.
707 2174 766 2202 Non
780 2184 892 2211 parvum
906 2178 979 2205 enim

193 2222 236 2247 est
255 2219 415 2254 periculum.

230 2265 256 2291 5.
278 2265 333 2300 (56)
353 2264 493 2292 Profectus
512 2269 552 2292 est
571 2265 655 2293 frater
670 2274 685 2293 e
705 2265 778 2294 Secti
798 2269 830 2295 ad
855 2269 978 2297 abbatem

194 2310 323 2341 Ammon,
337 2314 363 2337 et
383 2310 451 2337 dixit
462 2311 486 2337 ci
506 2320 511 2336 :
528 2311 608 2338 Mittit
619 2320 660 2339 me
679 2312 758 2339 Pater
773 2322 850 2341 meus
871 2315 904 2341 ad
927 2317 979 2341 iiii-

195 2353 350 2385 nisterium,
362 2359 389 2380 et
403 2362 498 2381 vereor
515 2355 732 2384 fornicationem.
748 2358 792 2385 Ait
807 2359 841 2386 ad
856 2367 917 2386 eum
941 2369 980 2388 se-

195 2407 246 2426 uex
261 2407 267 2425 :
286 2399 344 2431 Qua
359 2399 425 2426 liora
440 2401 542 2427 orietur
559 2403 685 2434 tentatio,
707 2404 743 2430 ita
759 2405 869 2440 loquere
883 2415 888 2432 :
907 2406 980 2435 Deus

194 2443 335 2474 virtutum,
354 2446 479 2479 precibus
496 2446 584 2474 Patris
601 2449 652 2475 mei
671 2450 745 2484 eripe
757 2459 809 2477 me.
825 2452 893 2486 (57)
911 2453 981 2485 Quo-

192 2489 255 2516 dam
267 2490 349 2525 igitur
361 2491 414 2524 die,
431 2492 507 2526 virgo
520 2493 630 2527 januam
646 2496 744 2523 clausit
763 2505 843 2532 super
856 2506 936 2531 eum;
952 2504 980 2527 et

193 2536 315 2563 clamans
331 2545 396 2564 voce
413 2546 510 2573 magna
526 2540 612 2567 dixit:
627 2540 698 2569 Deus
712 2541 799 2570 Patris
821 2546 882 2576 mei,
903 2546 978 2580 eripe

193 2589 254 2613 me;
272 2582 418 2617 statimque
433 2583 460 2610 in
475 2585 517 2611 via
532 2593 592 2620 quae
606 2585 707 2614 Scetim
729 2588 804 2616 ducit
827 2591 977 2618 collocatus

192 2629 245 2652 εει.

1031 1586 1070 1617 εῐς
1091 1585 1175 1621 μετὴν
1190 1586 1213 1602 τ’
1227 1587 1334 1622 κριθῆς,
1351 1588 1438 1623 μῆνας
1449 1587 1506 1615 δύο.
1525 1589 1666 1624 Παρέϐαλε
1687 1589 1716 1615 δὲ
1739 1590 1821 1620 αὐτὸς

1030 1631 1068 1666 τῷ
1082 1631 1154 1667 ἀϐϐᾷ
1171 1632 1294 1667 Ποιμένι,
1308 1634 1355 1660 καὶ
1374 1633 1448 1668 λέγει
1461 1634 1552 1669 αὐτῷ·
1577 1634 1639 1660 Ἐὰν
1658 1634 1767 1661 ἀπέλθω
1781 1636 1821 1667 εἰς

1029 1678 1059 1703 τὸ
1076 1678 1179 1704 κελλίον
1201 1678 1248 1704 τοῦ
1266 1679 1388 1713 πλησίον,
1404 1679 1420 1714 ἢ
1444 1680 1490 1706 καὶ
1513 1679 1595 1712 αὑτός
1612 1689 1656 1715 μοι
1676 1681 1820 1716 παραϐάλῃ

1030 1723 1074 1749 διά
1087 1732 1148 1750 τινα
1165 1725 1270 1759 χρείαν,
1289 1725 1478 1760 εὐλαϐούμεθα
1503 1726 1668 1761 συλλαλῆσαι
1685 1727 1820 1762 ἀλλήλοις.

1032 1770 1069 1805 μή
1085 1778 1126 1801 τις
1139 1771 1267 1806 ἁνακύψῃ
1283 1770 1345 1806 ξένη
1368 1771 1470 1806 ὁμιλία.
1493 1773 1574 1806 Λέγει
1593 1773 1666 1808 αὺτῷ
1680 1775 1694 1800 ὁ
1708 1773 1797 1808 γέρων
1814 1782 1820 1789 ·

1031 1815 1128 1846 Καλῶς
1144 1817 1230 1847 ποιεῖς
1247 1826 1253 1831 ·
1273 1816 1369 1851 χρῄζει
1383 1818 1436 1853 γὰρ
1450 1819 1466 1852 ἡ
1483 1819 1578 1854 νεότης
1590 1818 1723 1853 φυλακῆς.
1740 1819 1819 1853 Λέγει

1031 1860 1104 1896 αὐτῷ
1117 1861 1131 1886 ὁ
1145 1861 1231 1893 ἀϐϐᾶς
1249 1862 1370 1897 ’Λμμοῦν
1381 1871 1387 1876 ·
1405 1864 1436 1889 Οὶ
1451 1865 1579 1899 γέροντες
1595 1862 1641 1891 οὖν
1653 1864 1679 1890 τί
1695 1864 1819 1896 ὲποίουνς

1031 1908 1086 1934 Καὶ
1101 1906 1177 1934 εἶπεν
1194 1908 1267 1943 αὐτῷ
1279 1917 1286 1924 ·
1307 1909 1338 1935 Οἱ
1354 1909 1481 1945 γέροντες
1504 1910 1700 1945 προκόψαντες,
1714 1911 1763 1936 οὐκ
1781 1908 1821 1936 εἷ-

1031 1962 1076 1989 χον
1096 1955 1124 1980 ὲν
1141 1955 1231 1986 αὐτοῖς
1245 1954 1337 1990 ’ἐτερύν
1356 1964 1392 1987 τι,
1407 1957 1423 1991 ἢ
1439 1955 1513 1988 ξένον
1529 1957 1557 1983 ὲν
1574 1956 1612 1991 τῷ
1633 1956 1757 1991 στόματι,
1779 1956 1822 1982 ἵνα

1031 2000 1096 2026 αὐτὸ
1111 2000 1271 2036 λαλήςωςιν.
1292 2001 1353 2027 Ἐὰν
1369 2000 1415 2028 οὖν
1431 2002 1543 2037 γένηται
1558 2003 1674 2037 ἀνάγκη,
1688 2003 1763 2036 φησὶ,
1775 2002 1822 2028 λα-

1031 2046 1111 2081 λῆσαι
1126 2046 1194 2081 μετὰ
1209 2046 1255 2072 τοῦ
1268 2047 1390 2082 πλησίον,
1409 2047 1495 2080 θέλεις
1516 2048 1625 2084 λαλήσω
1642 2049 1670 2074 ἐν
1684 2050 1742 2080 ταῖς
1756 2048 1822 2082 Γρα-

1032 2091 1128 2127 φαῖς,ῆ
1142 2092 1170 2117 ὲν
1183 2093 1239 2123 τοῖς
1249 2091 1337 2126 λόγοις
1350 2092 1403 2118 τῶν
1421 2093 1555 2128 γερόντων
1567 2101 1573 2126 ;
1587 2094 1668 2128 Λέγει
1682 2095 1695 2120 ὁ
1710 2093 1799 2129 γέρων
1812 2101 1820 2109 ο

1032 2137 1063 2162 Εἰ
1077 2137 1107 2162 οὐ
1123 2137 1235 2164 δύνασαι
1252 2139 1366 2173 σιωπᾷν,
1384 2138 1466 2165 καλόν
1480 2140 1536 2165 ἐστι
1550 2139 1648 2174 μᾶλλον
1667 2141 1696 2166 ὲν
1707 2141 1763 2170 τοῖς
1776 2139 1820 2165 λό-

1034 2191 1092 2217 γοις
1115 2183 1168 2209 τῶν
1183 2183 1327 2218 γερόντων,
1347 2184 1445 2220 καὶμὴ
1471 2186 1499 2211 ἐν
1513 2187 1545 2221 τῇ
1564 2185 1668 2221 Γραφῇ.
1691 2186 1821 2217 Κίνδυνος

1034 2228 1088 2264 γάρ
1101 2229 1158 2255 ὲστι
1168 2229 1198 2255 οὐ
1213 2230 1320 2264 μικρός.

1069 2277 1103 2308 γ’.
1128 2274 1254 2308 ’Λδελιρὸς
1272 2273 1354 2310 ἦλθεν
1368 2275 1421 2302 ἀπὸ
1441 2277 1567 2311 Σκήτεως
1586 2277 1653 2312 πρὸς
1674 2277 1718 2303 τὸν
1733 2275 1821 2303 ἁεϐἄν

1040 2318 1169 2354 “Αμμοῦν,
1188 2320 1234 2346 καὶ
1253 2319 1326 2354 λέγει
1343 2321 1430 2356 αὐτῷ’
1450 2323 1556 2356 Πέμπει
1574 2330 1606 2356 με
1622 2323 1635 2348 ὁ
1655 2322 1748 2357 Πατήρ
1769 2329 1822 2356 μου

1032 2363 1072 2394 εἰς
1085 2363 1232 2395 διακονίαν,
1247 2365 1294 2391 καὶ
1312 2364 1444 2400 φοϐοῦμαι
1464 2366 1513 2402 τὴν
1528 2366 1665 2402 πορνείαν.
1680 2367 1760 2400 Λέγει
1776 2367 1822 2394 αὐ-

1032 2408 1070 2443 τῷ
1084 2409 1099 2435 ό
1113 2410 1200 2445 γέρων
1215 2418 1222 2425 ·
1236 2410 1300 2436 υἵαν
1310 2411 1384 2447 ὤραν
1395 2412 1503 2447 ἔρχεταί
1515 2421 1555 2439 σοι
1571 2413 1730 2448 πειρασμὸς,
1743 2413 1816 2439 εἰπέ¹

1039 2455 1067 2481 '0
1081 2455 1147 2487 Θεὸς
1163 2455 1218 2482 τῶν
1245 2457 1397 2492 δυνάμεων.
1414 2459 1508 2493 εὐχαῖς
1523 2457 1570 2484 τοῦ
1592 2458 1698 2494 Πατρός
1714 2467 1763 2493 μου
1779 2457 1821 2490 ὲξ-

1032 2501 1092 2528 ελοῦ
1115 2510 1158 2536 με.
1180 2502 1223 2528 Ἐν
1239 2503 1287 2538 μιᾷ
1301 2501 1348 2529 οὖν
1361 2503 1414 2530 τῶν
1431 2504 1540 2539 ἡμερῶν
1560 2504 1663 2530 ἔκλεισε
1687 2503 1820 2539 παρθένος

1031 2547 1080 2582 τὴν
1097 2547 1181 2583 θύραν
1196 2548 1288 2575 ἐπάνω
1302 2549 1384 2576 αὐτοῦ
1397 2558 1404 2565 ⁸
1423 2550 1470 2576 καὶ
1493 2550 1593 2585 βοήσας
1619 2552 1693 2586 φωνῇ
1715 2550 1819 2585 μεγάλῃ

1032 2590 1124 2619 εἶπεν·
1146 2594 1175 2620 '0
1199 2594 1264 2626 Θεὸς
1282 2594 1329 2621 τοῦ
1354 2595 1460 2630 Πατρός
1486 2604 1554 2631 μου,
1574 2596 1666 2629 ἐξελοῦ
1692 2605 1725 2632 με
1740 2605 1747 2613 ·
1766 2597 1820 2622 Καὶ

1032 2638 1134 2669 εὐθέως
1145 2638 1244 2675 εὑρέθη
1260 2641 1300 2672 εἰς
1312 2640 1362 2675 τὴν
1374 2641 1432 2668 ὁδὸν
1444 2641 1493 2675 τῆς
1508 2642 1644 2677 Σκήτεως.

231 2702 254 2718 ⁷⁷
267 2700 318 2730 lea.
332 2711 389 2738 ιιι,
402 2705 429 2732 Ξ.
468 2706 490 2722 "
501 2707 543 2734 Al.
560 2709 616 2744 ὀρῶ
630 2709 669 2736 ὅτι
683 2711 726 2739 πλ,
757 2711 778 2728 ⁷’
790 2711 819 2740 F.
842 2713 930 2748 μάτην
943 2721 976 2741 ex
994 2713 1089 2741 Suida.

229 2781 286 2816 (δῆ)
303 2780 357 2816 Ini.
376 2781 501 2816 Parmam,
518 2793 543 2812 ιι.
561 2786 604 2813 52.

228 2814 285 2850 (Eii)
304 2815 356 2844 Vit.
381 2817 454 2844 Patr.
471 2828 535 2849 xvn,
556 2822 582 2848 5.

228 2851 284 2886 (ὗὸ)
303 2851 354 2879 Vit.
371 2851 446 2880 I'alr.
467 2863 502 2887 xl,
519 2856 563 2882 23).

1068 2791 1124 2825 (.36)
1141 2792 1250 2820 Doroth.
1267 2793 1357 2821 Doclr.
1375 2796 1397 2822 ί.

1071 2827 1127 2868 (iiii
1142 2827 1364 2868 Leg.__Euchqiog.
1380 2839 1405 2865 p.
1424 2831 1468 2868 ξιξ,
1487 2833 1579 2868 ".750;
1597 2832 1737 2868 Clirysost.
1752 2832 1768 2860 6
1783 2833 1821 2863 ad

1032 2869 1096 2897 pop.
1114 2863 1176 2890 Ant.
1189 2873 1196 2897 ;
1208 2863 1325 2900 llcsyrlt.
1340 2863 1406 2894 cent.
1423 2866 1450 2898 Ξ,
1465 2867 1543 2894 ιι.ιι1ι.
