1971 3068
134 175 188 204 129

345 231 414 265 Περὶ
435 231 488 258 τοῦ
509 230 585 258 ὰσϐᾶ
608 231 723 258 Ἀνούϐ.

171 290 206 316 α’.
217 290 373 324 Διηγήσατο
385 290 399 316 ὁ
410 288 496 320 ἁὸϐἇς
508 288 644 323 Ἰωάννης,
653 289 694 314 ὅτι
705 288 719 314 6
735 288 822 320 sese;
838 288 931 315 Ἀνοὺὸ
946 270 969 296 Α

137 336 184 363 καὶ
201 336 216 362 ὁ
230 335 315 366 ἀδεεῖς
332 334 438 369 Ποιμήν
457 334 503 360 καὶ
520 335 544 360 οἱ
568 334 657 360 λοιποὶ
672 333 780 368 ἀδελφοὶ
794 334 934 366 αὐτῶν,ὲκ

139 383 210 417 μιᾶς
228 381 332 411 κοιλίας
345 380 430 410 ὄντες,
449 380 496 407 καὶ
522 379 632 414 μοναχοὶ
650 380 678 405 ἐν
692 381 724 414 τῇ
740 380 837 414 Σκήτει
858 380 935 413 γενό-

139 435 227 461 μενοι,
244 426 288 452 ὅτε
304 423 384 461 ἦλθον
398 426 422 451 οἱ
435 425 559 456 magna;
576 425 622 451 καὶ
635 425 787 459 ἡρήμωσαν
802 425 887 459 αὐτὴν
901 425 933 451 τὺ

139 473 258 507 πρῶτον,
273 471 449 506 ἀνεχώρησαν
462 470 576 501 ἐκεῖθεν,
587 471 634 497 καὶ
650 468 733 506 ἦλθον
747 472 786 502 εἰς
797 471 879 497 τόπον
890 479 936 498 κα-

137 517 267 552 λούμενον
281 517 451 552 Τερενοῦθιν,
461 516 512 548 ἕως
522 513 552 542 οὗ
566 517 724 551 σκοπήσωσι
738 516 796 548 πῶς
807 517 934 550 ὀφείλωσι

140 565 248 598 μεῖναι.
261 564 315 590 Kal
335 563 446 598 ἔμειναν
463 563 522 589 ὲκεῖ
537 563 577 593 εἰς
599 561 713 588 παλαιὸν
735 562 807 597 ἱερὸν
833 563 935 597 μικρὰς

138 610 255 645 ἡμέρας.
264 607 330 635 Eine
339 609 367 635 δὲ
375 608 582 639 ὁάδὸᾶςᾋνοὺϐ
590 607 628 642 τῷ
637 608 708 643 ἁϐὗᾷ
717 608 840 643 Ποιμένι·
852 609 935 643 Ποίη-

139 664 186 682 σον
194 656 305 691 ἀγάπην
313 665 319 671 ·
330 659 361 682 σὺ
370 655 418 681 καὶ
427 655 450 680 οἱ
468 653 576 688 ἀδελφοί
590 662 636 680 σου
650 654 766 685 ἕκαστος
777 654 935 689 καταμόνας

137 701 283 736 ἡσυχάσει,
301 701 348 727 καὶ
371 700 408 735 μὴ
428 700 629 734 ἁπαντήσωμεν
646 699 772 735 ἀλλήλοις
789 700 838 735 τὴν
856 699 932 726 ἐϐδο-

141 746 213 781 μᾲδα
228 745 340 780 ταύτην.
358 745 411 771 Kal
423 742 499 771 εἶπεν
514 745 528 771 ὁ
544 745 631 776 ὰόὁᾶς
646 746 767 780 Ποιμήν·
791 745 835 776 Ὠς
847 745 934 776 θέλεις

139 779 281 827 abiciam.
302 779 357 817 Kal
376 791 509 826 ἐποίησαν
530 790 625 822 οὕτως.
638 789 693 817 Ἦν
707 791 735 817 δὲ
754 791 812 817 ἐκεῖ
823 791 935 825 ἄγαλμα

139 837 240 864 λίθινον
258 838 285 863 ὲν
302 837 375 872 αὐτῷ
389 837 428 872 τῷ
453 836 518 872 ἱερῷ
532 845 538 851 ·
555 837 602 863 καὶ
621 837 747 872 ἠγείρετο
758 837 772 862 6
785 837 874 872 γέρων
886 836 908 851 ⁸ο
920 837 935 863 6

137 883 227 914 ὰϐὂᾶς
249 883 343 910 ’Δνοὺϐ
366 883 436 909 κατὰ
464 882 547 918 πρωῒ,
564 883 612 909 καὶ
628 882 774 909 ἐλιθοϐόλει
799 883 829 909 τὸ
849 883 933 918 πρόσ-

138 938 216 957 ωπον
229 929 276 956 τοῦ
288 929 454 964 ἀγάλματος,
474 929 520 956 καὶ
533 929 593 956 καθ’
608 929 726 964 ἑσπέραν
735 929 827 962 ἔλεγεν
841 928 914 963 αὺτῴ
925 938 930 943 -
950 948 970 975 Β

138 974 320 1011 Συγχώρησόν
337 984 393 1010 μοι.
404 975 457 1001 Kal
475 975 618 1010 ἐπλήρωσε
635 975 685 1009 τὴν
699 974 832 1010 ἑϐδομάδα
844 974 931 1006 οὕτως

138 1021 235 1047 ποιῶν.
253 1021 291 1056 Τῇ
308 1021 337 1047 δὲ
350 1020 441 1056 ἡμέρᾳ
457 1020 504 1047 τοῦ
523 1020 658 1047 σαϐὃάτου
672 1021 833 1056 ἀπήντησαν
849 1020 932 1055 ἀλλή-

137 1067 206 1099 λοις,
232 1068 279 1094 καὶ
298 1065 374 1094 εἶπεν
400 1068 413 1093 6
437 1066 524 1098 assa;
541 1066 646 1102 Ποιμὴν
662 1066 701 1102 τῷ
728 1066 800 1101 ἁϐὃᾷ
825 1066 930 1093 Ἀνούϐ-

138 1111 216 1140 Εἷόόν
236 1122 283 1145 σε,
303 1113 393 1145 ἀὸσᾶ,
410 1114 443 1148 τῇ
473 1112 600 1147 ἑϐδομάδι
621 1111 709 1149 ταύτῃ
733 1112 875 1144 λιθάζοντα
902 1112 932 1138 τὸ

139 1160 285 1195 πρόσωπον
301 1159 348 1185 τοῦ
374 1154 546 1193 ἀγάλματος,
573 1160 619 1186 καὶ
639 1159 661 1174 ³¹
688 1159 830 1194 μετάνοιαν
858 1159 932 1194 αὐτῷ

138 1206 269 1233 ποιοῦντα
288 1214 295 1221 ·
313 1206 407 1238 πιστὸς
423 1205 566 1242 ἅνθρωπος
587 1204 675 1232 ταῦτα
692 1206 782 1237 ποιεῖ;
808 1205 862 1232 Kal
881 1205 933 1231 ἀπ-

141 1252 241 1288 εκρίθη
253 1253 267 1278 6
283 1252 372 1287 γέρων
382 1261 389 1267 ·
400 1252 454 1279 Kal
462 1252 542 1279 τοῦτο
550 1252 580 1279 τὸ
595 1253 709 1287 πρᾶγμα
717 1251 749 1277 δι’
762 1252 833 1286 ὑμᾶς
841 1251 934 1286 ἐποίη-

139 1306 184 1324 σα.
205 1298 266 1324 Ὀτι
277 1297 300 1313 ⁸⁸
315 1297 399 1323 εῖδετέ
415 1306 448 1332 με
461 1296 650 1323 λιθοεολοῦντα
665 1296 695 1322 τὸ
717 1296 862 1331 πρόσωπον
885 1295 931 1321 τοῦ

137 1343 308 1378 ἀγάλματος,
328 1345 364 1379 μὴ
392 1343 539 1378 ἐλάλησεν,
555 1343 571 1378 ἢ
599 1342 739 1378 ὠργίσθη;
756 1342 810 1368 Καὶ
827 1339 903 1369 εἶπεν
919 1342 933 1367 ὁ

137 1390 227 1421 assa;
243 1391 358 1425 Ποιμήν·
372 1389 421 1416 Οὔ.
437 1389 493 1416 Kal
513 1388 604 1420 πάλιν,
618 1388 659 1414 ὅτι
677 1387 772 1414 ἕϐαλὸν
796 1387 870 1422 αὐτῷ
887 1396 934 1422 με·

137 1435 305 1470 τὰνοιαν,μὴ
322 1433 471 1469 ἐταράχθη,
486 1433 533 1460 καὶ
550 1431 636 1465 εἶπεν,
655 1433 691 1459 Οὐ
713 1432 864 1467 συγχωρῶ;
879 1432 934 1458 Kal

139 1478 217 1507 εἶπεν
231 1482 245 1506 6
256 1476 343 1512 ἀϐὂᾶέ
358 1481 476 1515 Ποιμήν·
494 1479 541 1506 Οὖ.
557 1479 611 1506 Kal
631 1477 707 1505 εἶπεν
723 1480 737 1505 ὀ
753 1479 859 1513 γέρων·
878 1479 933 1505 Kal

139 1527 222 1562 ἡμεῖς
238 1524 284 1553 οὖν
297 1527 380 1561 ἐσμεν
394 1525 463 1552 ἑπτὰ
481 1525 605 1559 ἀδελφοί·
629 1525 654 1551 εἰ
675 1524 766 1551 θέλετε
779 1523 821 1550 ἵνα
836 1523 934 1558 μείνω-

141 1582 192 1608 μεν
206 1573 264 1608 μετ*
279 1572 410 1608 ἀλλήλων,
419 1571 561 1607 γενώμεθα
573 1570 668 1606 ὥσπερ
678 1571 708 1597 τὸ
719 1570 829 1605 ἄγαλμα
843 1569 932 1601 τοῦτο,

682 172 993 201 APOPIITHEGMATA
1012 173 1171 202 PATRUM.

1716 175 1770 203 13’)

1261 233 1299 260 De
1317 234 1410 260 abbate
1427 232 1514 259 Anub.

1022 289 1047 316 1.
1066 289 1215 325 (58)]1ξεο
1231 290 1337 318 abbatis
1354 290 1468 317 Joannis
1494 290 1618 317 narratio
1645 290 1771 318 exstitit:

984 337 1076 363 Abbas
1105 337 1184 364 Anub
1207 341 1234 364 et
1258 337 1343 364 abbas
1364 336 1476 364 Pmmen
1498 344 1530 363 ac
1550 336 1647 371 reliqui
1672 336 1773 363 fratres

984 390 1090 415 eorum,
1118 390 1150 410 ex
1173 390 1230 410 uno
1254 388 1331 410 utero
1347 383 1410 413 orti,
1427 383 1564 417 vitamque
1591 383 1770 410 monasticam

984 428 1012 454 in
1026 428 1098 455 Sceti
1110 434 1231 463 agentes,
1240 429 1349 463 quando
1362 432 1495 455 venerunt
1509 428 1624 455 Mazices
1635 434 1667 454 ac
1680 431 1769 454 vasta-

984 477 1083 500 verunt
1096 481 1154 500 eam
1170 475 1299 508 primum,
1315 475 1503 501 discesserunt
1521 474 1606 506 illinc,
1619 479 1768 500 venerunt-

984 527 1037 553 que
1050 519 1082 546 ad
1102 520 1191 546 locum
1210 520 1320 547 nomine
1335 519 1515 549 Terenulhin.
1530 527 1563 546 eo
1576 519 1636 546 loco
1647 518 1771 546 mansuri

984 564 1071 592 donec
1097 565 1284 600 prospicerent
1306 566 1416 592 ubinam
1435 566 1566 592 deberent
1589 565 1724 592 habitare.
1739 564 1773 590 Et

984 616 1146 639 manserunt.
1162 612 1198 639 ibi
1215 613 1319 647 aliquot
1341 612 1400 639 dies
1426 613 1452 639 in
1474 612 1572 646 templo
1589 612 1705 646 quodam
1724 618 1774 638 an-

985 657 1073 692 tiquo.
1092 657 1163 684 Dixit
1175 662 1266 685 autem
1285 658 1368 685 abbas
1385 657 1464 684 Anub
1479 658 1512 684 ad
1527 657 1652 684 abbatem
1667 656 1773 684 Pmme-

986 712 1046 731 nem
1065 714 1072 731 :
1089 704 1141 731 Fac
1156 713 1224 739 opus
1237 704 1399 737 charitatis;
1417 708 1444 731 tu
1463 707 1490 730 et
1506 703 1605 731 fratres
1621 704 1670 736 tui,
1685 711 1772 731 unus-

985 748 1101 782 quisque
1112 749 1255 783 separatim
1268 756 1300 775 ae
1312 749 1432 776 solitarie
1445 749 1535 783 degat,
1544 757 1593 776 nec
1601 753 1696 776 mutuo
1704 757 1772 777 eou-

985 794 1141 829 grediamur
1153 803 1200 830 per
1211 796 1282 822 hanc
1296 795 1503 823 hebdomadam.
1517 796 1668 830 Respondit
1685 796 1770 823 abbas

985 840 1095 868 Pt'emen
1110 850 1115 867 :
1130 840 1361 874 Quemadmodum
1385 841 1438 873 vis,
1460 841 1602 869 faciemus.
1623 843 1710 876 Atque
1733 843 1771 869 ita

986 887 1121 914 fecerunt.
1137 886 1202 913 Erat
1217 891 1309 914 autem
1326 887 1380 914 illic
1395 888 1455 922 ipso
1476 888 1504 914 in
1527 888 1630 922 templo
1657 889 1772 915 simula-

985 939 1062 958 crum
1079 931 1232 967 lapideum;
1262 936 1290 959 et.
1313 932 1434 966 quotidie
1448 933 1576 967 surgebat
1595 941 1674 960 mane
1689 941 1772 961 senex

985 978 1070 1005 abbas
1083 978 1172 1009 Anub,
1185 985 1217 1005 ac
1228 978 1254 1004 in
1265 977 1360 1004 faciem
1376 978 1514 1005 simulacri
1526 979 1647 1012 jactabat
1657 979 1770 1014 lapides;

984 1031 1098 1058 vespere
1116 1031 1182 1050 vero
1209 1024 1317 1051 dicebat
1331 1024 1355 1051 ei
1371 1033 1378 1050 :
1393 1024 1506 1058 Ignosce
1529 1024 1606 1051 mihi.
1632 1024 1671 1051 Ac
1686 1029 1770 1052 totam

986 1068 1356 1103 hebdomadempertransiit
1371 1069 1411 1097 sic
1438 1068 1551 1096 faciens.
1575 1069 1685 1097 Sabbnti
1708 1078 1773 1097 vero

986 1115 1041 1146 die,
1056 1115 1199 1149 congressi
1214 1118 1287 1142 sunt.
1299 1114 1372 1141 Dixit
1386 1122 1450 1149 ergo
1462 1115 1545 1142 abbas
1557 1114 1666 1142 Pannen
1681 1116 1772 1142 abbati

985 1162 1087 1189 Anub:
1104 1160 1164 1188 Vidi
1179 1166 1218 1193 te.
1237 1161 1307 1188 abba
1332 1169 1379 1196 per
1399 1162 1596 1190 hebdomadam
1609 1162 1679 1190 banc
1699 1164 1773 1190 saxis

986 1211 1078 1238 petere
1091 1203 1186 1231 faciem
1203 1203 1355 1236 simulacri,
1369 1209 1394 1231 et
1408 1212 1478 1239 genu
1491 1204 1560 1232 flexo
1572 1205 1606 1231 ab
1620 1213 1652 1231 eo
1664 1206 1772 1232 veniam

986 1249 1128 1284 postulare
1146 1260 1152 1276 :
1166 1249 1248 1277 homo
1265 1249 1317 1277 fide
1329 1251 1459 1284 praeditus
1473 1251 1562 1278 istanc
1576 1250 1641 1278 facit
1653 1251 1665 1278 ’ἰ
1683 1251 1773 1279 Senex

985 1300 1044 1322 tum
1079 1296 1250 1330 respondit:
1281 1295 1356 1323 Hanc
1389 1304 1453 1331 ergo
1485 1305 1541 1324 rem
1571 1301 1661 1324 vestra
1687 1297 1774 1332 gratia

986 1342 1049 1369 feci.
1065 1341 1178 1369 Vidistis
1194 1350 1237 1369 me
1253 1342 1355 1377 lapides
1366 1343 1511 1377 jacientem
1525 1343 1552 1369 in
1575 1343 1670 1370 faciem
1689 1344 1775 1371 simu-

986 1388 1070 1421 lacri;
1089 1395 1161 1415 nunc
1173 1393 1237 1415 tunc
1249 1388 1367 1415 locutum
1384 1394 1426 1415 est
1438 1393 1486 1415 aut
1501 1389 1528 1416 in
1547 1389 1615 1416 iram
1631 1391 1776 1424 prorupit?

986 1433 1060 1462 Dixit
1083 1434 1168 1462 abbas
1194 1434 1302 1462 Pmmen
1323 1445 1329 1462 :
1352 1435 1538 1470 Nequaquam.
1571 1435 1668 1462 lterum
1704 1436 1775 1463 vidi-

988 1481 1050 1514 stis,
1067 1481 1197 1508 inclinato
1213 1489 1328 1516 corpore
1354 1481 1457 1516 ignosci
1482 1481 1547 1508 mibi
1573 1483 1773 1516 postulantem;

987 1534 1060 1553 nunc
1068 1527 1208 1554 turbatum
1222 1531 1274 1558 est,
1289 1534 1320 1553 ac
1334 1527 1402 1553 dixit
1419 1536 1425 1554 :
1438 1526 1497 1554 Non
1515 1527 1648 1562 ignosco?
1662 1528 1775 1564 Excepit

987 1573 1072 1600 abbas
1096 1572 1207 1601 Pmmen
1225 1582 1232 1600 :
1253 1573 1423 1601 Nullatenus.
1461 1573 1538 1601 Tunc
1563 1582 1645 1602 senex
1662 1584 1669 1602 :
1688 1574 1774 1602 Etiam

139 1620 209 1654 ὅπερ
227 1619 274 1646 ἐὰν
300 1618 416 1654 ὑῧρισθῇ
434 1619 450 1653 ἢ
467 1618 490 1633 ⁸³
506 1617 634 1653 δοξασθῇ,
653 1618 683 1644 οὺ
703 1617 878 1653 ταράσσεται.
901 1616 933 1643 Ei

987 1627 1038 1646 nos
1057 1627 1131 1654 ergo,
1155 1619 1251 1653 inquit,
1270 1627 1365 1647 sumus
1384 1623 1486 1654 septem
1505 1620 1618 1653 fratres;
1635 1621 1657 1648 si
1673 1621 1775 1655 cupitis

138 1665 168 1692 δὲ
184 1666 215 1691 οὐ
230 1665 320 1692 θέλετε
336 1664 463 1699 γενέσθαι
483 1664 580 1697 οὕτως,
599 1664 653 1690 ἰδοὺ
667 1663 796 1698 τέσσαρες
810 1663 893 1689 πύλαι
910 1662 933 1678 ⁸⁸

140 1712 210 1739 εἰσὶν
227 1712 256 1737 ἐν
274 1710 313 1746 τῷ
336 1710 401 1746 ἱερῷ
413 1720 419 1725 ·
433 1710 548 1741 ἕκαστος
572 1710 638 1736 ὅπου
656 1709 721 1744 θέλῃ
741 1709 860 1743 ἀπέλθῃ.
879 1708 934 1734 Kal

140 1757 236 1783 ἑὸαλον
257 1757 369 1788 ἑαυτοὺς
397 1757 494 1792 χαμαὶ,
511 1756 634 1790 λέγοντες
656 1755 695 1790 τῷ
717 1755 789 1790 ἀϐὁᾷ
817 1754 911 1781 Ἀνούϐ
925 1763 931 1769 -

147 1802 191 1835 Ὧς
210 1802 307 1835 θέλεις,
318 1803 420 1838 Πάτερ,
431 1802 570 1837 ποιοῦμεν,
591 1803 637 1829 καὶ
647 1801 781 1836 ἀκούομεν
794 1801 831 1832 ὡς
844 1801 933 1835 λέγεις

140 1850 218 1883 ἡμῖν.
234 1846 301 1875 Elite
324 1849 352 1875 δὲ
365 1849 379 1875 6
394 1849 480 1880 ἀϐὃᾶς
499 1849 614 1884 Ποιμήν,
627 1849 668 1874 ὅτι
696 1847 858 1882 Ἐμείναμεν
874 1848 932 1883 μετ’

141 1894 264 1929 ἀλλήλων
275 1894 319 1921 τὸν
334 1894 441 1921 ἅπαντα
456 1895 551 1931 χρόνον
565 1895 655 1930 ἡμῶν,
669 1894 846 1929 ἐργαζόμενοι
861 1894 932 1920 κατὰ

140 1941 187 1967 τὸν
201 1940 279 1975 λόγον
298 1940 344 1967 τοῦ
364 1941 490 1977 γέροντος
509 1941 539 1967 ὃν
551 1939 626 1967 εἶπεν
643 1942 709 1976 ἡμῖν
719 1949 726 1955 ·
742 1941 933 1975 καταστήσαν-

141 1995 188 2018 τος
201 1985 282 2013 αὑτοῦ
297 1987 343 2013 ἕνα
361 1987 389 2020 ἐξ
401 1987 479 2022 ἡμῶν
498 1987 638 2022 οἰκονόμον
647 1995 653 2001 ·
667 1987 714 2013 xal
732 1987 785 2013 πᾶν
799 1986 867 2021 ὅπερ
879 1985 932 2013 ἐτί-

144 2032 184 2059 θει
199 2034 265 2068 ἡμῖν
286 2033 428 2068 ἡσθίομεν·
457 2033 504 2059 καὶ
523 2032 651 2059 ἀδύνατον
669 2030 703 2067 ἦν
719 2033 804 2058 εἰπεῖν
831 2040 889 2058 τινα.
906 2031 936 2064 ἐξ

141 2078 233 2114 ἡμῶν,
257 2079 324 2114 Φέρε
346 2080 413 2114 ἡμῖν
428 2079 450 2094 ⁵⁸
464 2079 528 2106 ἄλλο
541 2079 567 2105 τί
585 2086 648 2104 ποτε
659 2097 666 2109 ,
686 2077 702 2113 ἦ
725 2078 822 2108 εἰπεῖν,
839 2077 880 2104 ὅτι
897 2078 934 2104 Οὐ

144 2125 257 2160 θέλομεν
273 2126 296 2141 ⁸⁸
312 2125 392 2152 τοῦτο
408 2127 514 2160 φαγεῖν.
536 2125 592 2151 Kal
614 2123 761 2159 ἐποιοῦμεν
778 2124 823 2150 τὸν
847 2124 935 2151 πάντα

143 2171 239 2206 χρόνον
251 2171 331 2207 ήμῶν
342 2173 370 2198 ὲν
378 2171 528 2198 ἀναπαύσει
540 2171 588 2200 καὶ
601 2171 708 2206 εἰρήνῃ.

988 1671 1018 1692 ut
1030 1666 1111 1693 simul
1131 1673 1302 1698 maneamus,
1318 1666 1467 1693 efficiamur
1483 1667 1557 1694 velut
1572 1667 1638 1694 illud
1659 1668 1774 1694 simula-

987 1718 1081 1743 crum;
1099 1710 1170 1745 quod
1184 1710 1241 1738 sive
1261 1711 1425 1738 contumelia
1440 1711 1497 1738 sive
1514 1711 1616 1738 honore
1631 1711 1773 1743 aﬂiciatur,

988 1765 1042 1784 non
1052 1756 1234 1783 conturbatur
1249 1756 1319 1784 ideo.
1337 1756 1364 1783 Si
1380 1765 1445 1784 vero
1461 1757 1498 1784 ita
1514 1765 1568 1784 non
1582 1758 1662 1784 vultis
1680 1766 1771 1793 agere,

987 1810 1051 1830 ecce
1063 1806 1181 1837 quatuor
1197 1806 1281 1837 porte
1298 1805 1423 1836 prostant
1439 1802 1467 1829 in
1481 1803 1591 1837 templo,
1605 1803 1682 1830 abeat
1693 1811 1775 1831 unus-

985 1849 1102 1884 quisque
1119 1855 1282 1883 quocunque
1299 1848 1443 1882 placuerit.
1464 1849 1503 1875 Illi
1519 1856 1548 1876 se
1563 1849 1637 1875 humi
1654 1853 1773 1883 prostra-

985 1897 1093 1925 verunt,
1111 1893 1231 1920 dicentes
1247 1892 1281 1919 ad
1315 1892 1440 1920 abbatem
1468 1893 1548 1920 Anub
1568 1902 1576 1921 :
1593 1893 1774 1926 Quemadmo—

986 1938 1050 1966 dum
1068 1939 1119 1969 vis.
1136 1937 1228 1969 Pater,
1252 1938 1402 1971 faciemus;
1421 1939 1672 1974 obtemperabimus
1692 1940 1775 1967 dictis

987 1985 1051 2012 tuis.
1074 1985 1176 2012 Retulit
1198 1993 1279 2020 porro
1294 1986 1380 2013 abbas
1394 1985 1524 2013 Poemen:
1541 1985 1692 2014 Mansimus
1719 1994 1774 2012 una

987 2037 1035 2064 per
1048 2037 1128 2058 omne
1140 2031 1201 2058 vitae
1218 2035 1335 2064 tempus,
1351 2031 1456 2065 operati
1469 2031 1548 2066 juxta
1568 2033 1680 2059 verbum
1699 2032 1774 2059 senis

987 2076 1059 2112 quod
1080 2077 1149 2104 dixit
1164 2077 1260 2109 nobis;
1279 2084 1341 2104 cum
1359 2078 1404 2104 ille
1426 2085 1510 2104 unum
1535 2085 1550 2104 e
1571 2078 1651 2105 nobis
1670 2077 1773 2105 consti-

987 2123 1084 2150 tuisset
1097 2130 1269 2150 wconomum
1279 2132 1286 2156 ;
1297 2127 1324 2150 et
1337 2123 1471 2158 quidquid
1493 2123 1572 2151 nobis
1599 2129 1771 2158 apposuerat.

987 2169 1210 2200 comedebamus,
1228 2178 1280 2197 nec
1294 2170 1394 2198 licebat
1409 2171 1511 2203 dicere,
1528 2171 1569 2198 vel
1589 2180 1596 2198 :
1614 2171 1685 2198 Mler
1699 2170 1772 2198 aliud

144 2218 222 2250 quid,
252 2219 295 2246 vel
310 2228 316 2245 :
332 2218 389 2246 Hoc
417 2219 546 2246 nolumus
571 2217 748 2246 manducare.
780 2217 870 2252 Atque
892 2217 928 2244 ita
947 2225 1029 2245 omne
1045 2218 1106 2245 vitre
1133 2223 1234 2246 nostrae
1249 2223 1356 2253 tempus
1370 2219 1397 2245 in
1428 2219 1520 2254 quiete
1548 2227 1580 2246 ac
1594 2227 1662 2254 pace
1695 2227 1773 2254 pere-

146 2264 244 2291 cimus.

182 2309 214 2344 β’.
237 2308 318 2337 Εἶπεν
337 2311 352 2337 6
372 2309 458 2342 ἀὸϐᾶς
480 2309 589 2336 ’Δνούὸ-
611 2309 654 2342 ἘΞ
675 2307 705 2335 οὗ
729 2308 760 2334 τὸ
776 2308 861 2344 ὄνομα
884 2309 930 2335 τοῦ

1017 2309 1044 2336 2.
1061 2308 1116 2344 (59)
1138 2308 1209 2335 Dixit
1225 2308 1311 2336 abbas
1328 2309 1410 2336 Anub
1427 2318 1433 2336 :
1453 2309 1489 2337 Ex
1509 2318 1564 2344 quo
1585 2315 1702 2345 tempore
1723 2319 1771 2338 no-

145 2355 262 2391 Χριστοῦ
277 2354 377 2391 ἐκλήθη
401 2355 445 2382 ἐπ’
459 2354 517 2389 ἐμὲ,
540 2354 590 2380 οὑκ
613 2353 708 2388 ἐξῆλθε
722 2352 818 2387 ψεῦδος
833 2353 865 2379 ὲκ
884 2353 930 2379 τοῦ

145 2401 277 2437 στόματός
293 2410 354 2437 μου.

272 2454 275 2457 ’
347 2457 416 2491 Περὶ
429 2457 482 2484 τοῦ
497 2457 572 2485 ἀϐϐᾶ.
595 2457 728 2492 Ἀϐραάμ.

181 2515 218 2540 a'.
233 2513 342 2547 Ἔλεγον
359 2513 423 2548 περί
440 2522 510 2544 τινος
528 2513 663 2548 γέροντος,
678 2513 718 2539 ὃτι
739 2512 849 2547 ἐποίησε
866 2520 931 2538 πεν-

144 2559 261 2594 τήκοντα
281 2558 338 2594 ἐτη,
362 2559 429 2594 μήτε
448 2559 528 2594 ἄρτον
548 2558 645 2585 ἐσθίων
662 2559 730 2594 μήτε
754 2556 824 2585 οῐνον
847 2558 932 2584 πίνων

143 2604 220 2639 ταχύ.
237 2605 290 2631 Καὶ
307 2604 408 2638 ἔλεγεν,
423 2605 463 2630 ὅτι
485 2604 643 2630 ’Δπέκτεινα
666 2604 714 2640 τὴν
740 2603 866 2639 πορνείαν
885 2603 932 2629 καὶ

143 2650 193 2685 τὴν
208 2650 389 2686 φιλαργυρίαν
406 2650 453 2677 xal
468 2650 517 2686 τὴν
536 2650 697 2682 κενοδοξίαν.
712 2650 767 2676 Kal
785 2648 850 2685 ἦλθε
865 2649 933 2684 πρὸς

143 2695 224 2722 αὐτὸν
239 2697 253 2722 6
265 2695 352 2726 ἀϐὅᾶς
372 2696 505 2731 Ἀὕραὰμ,
520 2695 638 2726 ἀκούσας
653 2695 694 2721 ὅτι
708 2693 768 2721 εἷπε
783 2694 870 2726 τοῦτο,
886 2694 933 2721 καὶ

985 2361 1047 2381 men
1063 2353 1164 2380 Christi
1178 2354 1331 2380 invocatum
1347 2357 1390 2381 est
1402 2361 1484 2388 super
1495 2361 1548 2386 me,
1565 2361 1618 2381 non
1631 2362 1771 2390 egressum

984 2399 1035 2427 fuit
1053 2399 1225 2427 mendacium
1240 2407 1271 2427 ex
1286 2407 1334 2427 ore
1348 2407 1419 2428 meo.

1219 2454 1258 2482 De
1272 2455 1364 2482 abbate
1377 2455 1537 2482 Abrahama.

1021 2512 1046 2538 1.
1060 2511 1115 2547 (60)
1136 2513 1171 2538 De
1189 2512 1304 2546 quodam
1328 2519 1393 2538 sene
1417 2511 1580 2543 referebant,
1597 2513 1668 2546 quod
1684 2520 1771 2541 annos

985 2557 1180 2592 quinquaginta
1191 2557 1286 2592 egerit,
1295 2564 1346 2584 nec
1355 2564 1451 2591 panem
1462 2557 1607 2585 comedens
1620 2565 1670 2585 nec
1679 2558 1770 2585 vinum

984 2603 1090 2634 bibens,
1113 2602 1201 2629 facile.
1226 2602 1265 2629 Ac
1286 2602 1393 2630 dicebat
1412 2611 1419 2629 :
1438 2601 1667 2634 Fornicationem,
1684 2604 1773 2630 avari-

986 2648 1049 2675 tiam
1063 2652 1089 2675 et
1103 2655 1197 2674 vanam
1217 2648 1330 2683 gloriam
1347 2648 1458 2684 peremi.
1482 2647 1558 2680 Quod
1574 2648 1617 2674 ubi
1637 2649 1671 2675 ab
1683 2657 1715 2676 eo
1729 2649 1771 2676 di-

986 2697 1059 2721 cttun
1075 2693 1160 2721 fuisse
1173 2694 1275 2720 audivit
1286 2694 1369 2721 abbas
1383 2693 1529 2724 Abraham,
1539 2694 1665 2728 accessit,
1679 2695 1772 2727 aitque

179 2772 202 2788 '°
223 2773 238 2798 6
254 2773 344 2807 γέρων
362 2772 440 2808 abest
458 2772 492 2800 ab
518 2773 554 2800 al.
592 2773 614 2789 ⁸¹
627 2772 669 2800 Al.
690 2772 738 2799 καὶ
761 2771 852 2799 πάλιν.
891 2771 933 2797 ³³ι

987 2770 1041 2797 ὅτε.
1072 2770 1096 2786 ει
1112 2769 1201 2798 Deest.
1218 2771 1235 2806 ἡ
1251 2771 1277 2798 in
1301 2772 1336 2798 al.
1374 2772 1452 2799 “Al.
1470 2773 1555 2801 στοαί.
1572 2773 1596 2790 ιι
1612 2771 1772 2808 Abeat???

142 2807 180 2836 ιι»
197 2808 231 2834 al.
271 2808 297 2823 '°
307 2808 350 2834 AI.
369 2807 449 2835 θέλω.

179 2864 236 2900 (58)
257 2863 312 2900 Yit.
329 2863 406 2900 Patr.
419 2872 464 2895 xv.
478 2864 521 2891 Η.

180 2899 238 2934 (59)
256 2899 311 2927 Vit.
325 2899 401 2926 Patr.
416 2908 473 2934 vui,
492 2900 535 2927 58.

1022 2862 1077 2898 (60)
1099 2861 1152 2891 vn.
1168 2861 1243 2890 Patr.
1257 2871 1285 2895 x,
1300 2863 1344 2890 is.
