1971 3068
183 166 233 194 ηδ

730 165 1036 194 APOPHTIIEGMATA
1056 166 1211 196 PATRUM.

1754 169 1806 199 ΙΝ

169 220 247 254 οὗτος
263 222 292 248 δὲ
308 221 353 249 διὰ
369 221 417 248 τὸν
429 222 495 249 Θεὸν
509 222 618 258 ἔρχεται
631 222 746 250 ἀκοῦσαι
759 223 848 258 λόγον.
866 223 964 259 Ἐργά-

1022 232 1178 252 termonem.
1191 225 1283 254 Bonus
1293 226 1364 254 enim
1376 231 1418 254 est
1429 227 1586 262 operarius;
1599 227 1730 263 quidquid
1743 235 1808 257 eum

171 277 220 304 της
231 268 285 303 γάρ
299 268 385 294 ἐστιν·
396 268 450 304 ,καὶ
463 268 489 294 εἴ
500 276 525 294 τι
535 268 557 294 δ’
571 268 604 294 ἂν
619 268 688 295 ετπω
703 268 787 304 αὐτῷ,
803 269 872 304 μετὰ
883 277 965 295 σπου-

1015 278 1157 303 monuero,
1173 272 1330 306 exsequitur
1344 273 1477 300 studiose.
1501 271 1646 308 Propterea
1667 281 1718 309 ego
1736 282 1805 310 quo-

170 312 219 346 δῆς
234 313 319 339 ποιεῖ·
337 312 382 338 διὰ
394 312 474 339 τοῦτο
488 313 568 347 κάγὼ
586 312 659 340 λαλῶ
672 313 746 349 αὐτῷ
760 314 806 340 τὸν
821 314 899 349 λόγον
917 315 964 341 τοῦ

1022 322 1069 348 με
1083 314 1192 348 profero
1207 315 1259 351 ipsi
1274 323 1427 344 sermonem
1441 317 1499 345 Dei.

173 358 248 385 Θεοῦ.

367 415 438 448 Περὶ
453 415 506 442 τοῦ
521 415 597 443 ἀδεᾶ
615 417 770 444 Ἀλωνίου.

207 468 241 496 α’.
262 467 346 496 Εἶπεν
364 470 379 496 6
403 470 491 502 ἁὸσᾶς
511 470 638 504 ’Δλώνιος
653 472 691 488 ⁸³·
705 472 768 499 Ἐὰν
794 473 832 508 μὴ
855 473 919 510 εῐπῃ
937 474 966 501 ἐν

171 517 206 551 τῇ
233 516 331 551 καρδίᾳ.
347 516 432 543 αὐτοῦ
453 516 605 552 ἄνθρωπος.
627 518 667 545 ὅτι
687 518 756 553 Ἐγὼ
778 520 858 554 μόνος
884 520 931 546 καὶ
952 521 967 547 6

172 563 239 593 θεὸς
252 563 335 597 ἐσμὲν
348 564 377 590 ἐν
390 563 428 598 τῷ
444 564 550 599 κόσμῳ,
563 564 612 600 οὐχ
625 564 680 597 ἕξει
696 565 859 594 ἀνάπαυσιν.

208 608 238 644 β’.
265 607 332 635 Εἶπε
355 609 453 635 πάλιν·
469 610 500 636 Et
524 611 562 646 μὴ
586 611 616 638 τὸ
639 611 700 638 ὅλον
716 612 898 648 κατέστρεψα,
915 613 966 639 οὐκ

171 651 206 680 ἄν
221 653 357 688 ἠδυνήθην
374 653 492 688 ἐμαυτὸν
508 655 695 691 οἰκοδομῆσαι.

209 697 244 733 γ’.
258 697 325 725 Elite
338 699 429 733 πάλιν,
443 701 485 727 ὅτι
498 701 546 728 ἐὰν
558 701 624 738 θέλῃ
635 703 649 729 6
663 702 816 739 ἄνθρωπος,
829 703 883 731 ἀπὸ
895 704 968 740 πρωῒ

173 745 226 776 ἓως
240 745 368 780 ἑσπέρας,
381 746 484 780 γίνεται
501 748 541 778 εἰς
556 748 657 784 μέτρον
671 748 752 776 Θεῐον.

208 791 240 818 δ’.
264 791 404 827 ’Πρώτησέ
429 801 494 820 ποτε
516 794 531 820 6
555 794 642 826 ἀὸὄᾶς
665 795 786 829 Ἁγάθων
811 796 857 823 τὸν
880 797 967 824 ἀὸὁᾶν

181 837 318 870 Ἀλώνιον,
341 838 442 873 λέγων·
463 839 524 871 Πῶς
550 840 620 867 θέλω
645 843 755 876 κρατεῖν
778 842 828 877 τῆς
842 843 966 878 γλώσσης

1277 416 1316 444 De
1333 417 1426 444 abbate
1443 417 1547 444 Altinio.

1057 483 1079 498 ι.
1093 471 1150 506 (65)
1162 471 1233 499 Dixit
1246 473 1330 500 abbas
1343 474 1455 501 Alonins
1469 483 1476 501 :
1492 474 1550 503 Nisi
1567 475 1648 504 homo
1662 475 1761 504 dixerit
1778 476 1806 504 in

1017 516 1099 544 corde
1122 524 1172 544 suo
1192 526 1198 544 :
1224 517 1280 552 Ego
1302 518 1376 546 solus
1395 524 1422 546 et
1440 518 1511 546 Deus
1528 528 1623 548 sumus
1644 520 1672 548 in
1693 522 1805 554 mundo.

1017 563 1138 597 requiem
1156 571 1208 590 non
1224 563 1366 592 obtinebit.

1050 608 1077 634 2.
1095 607 1167 636 Dixit
1192 609 1312 637 iterum:
1333 609 1390 638 Nisi
1412 615 1499 638 totum
1519 611 1728 646 destruxissem.
1751 621 1806 642 non

1017 653 1165 688 potuissem
1181 654 1313 688 meipsum
1333 655 1468 683 mdilicare
1481 660 1563 691 atque
1578 662 1746 686 construere.

1052 699 1078 726 3.
1096 699 1152 735 (66)
1167 699 1264 727 lterum
1280 709 1287 728 :
1302 700 1388 728 Homo
1402 702 1423 729 si
1439 702 1564 736 voluerit,
1583 711 1597 731 a
1613 711 1692 731 mane
1705 703 1738 731 ad
1759 711 1808 732 ve-

1017 752 1134 780 speram.
1153 745 1186 772 ad
1200 754 1354 774 mensuram
1369 747 1487 774 divinam
1504 749 1652 783 perveniet.

1052 791 1078 818 4,
1090 791 1144 826 (67)
1157 791 1334 827 Interrogavit
1349 793 1494 828 aliquando
1508 795 1591 822 abbas
1604 795 1710 831 Agatho
1728 796 1808 824 abba-

1017 840 1070 863 tem
1085 832 1222 869 Alonium,
1239 837 1333 864 dicens
1347 847 1353 865 :
1371 837 1431 870 Quo
1445 839 1526 866 modo
1542 844 1635 874 potero
1653 845 1743 869 tenere
1754 842 1807 868 lin-

174 891 238 917 μου,
254 883 297 909 ἴνα
315 882 352 918 μὴ
373 883 439 919 λαλῇ
453 883 555 920 ψευδῆ;
579 886 633 912 Καὶ
656 886 729 920 λέγει
751 887 826 922 αὐτῷ
847 889 860 914 6
881 888 964 920 assa;

1022 888 1097 915 guam
1112 889 1209 914 meam,
1223 887 1249 910 ut
1263 891 1316 910 non
1333 884 1458 919 loquatur
1473 885 1633 912 mendacia?
1653 885 1685 912 Et
1706 887 1745 914 ait
1766 887 1804 914 illi

179 927 321 959 ’Δλώνιοςι
335 929 398 955 Ἐὰν
411 929 448 964 μὴ
464 929 549 966 ψεύδῃ
560 929 627 965 (64),
642 931 742 963 πολλὰς
756 933 892 968 ἁμαρτίας
909 934 969 968 μέλ-

171 973 229 1005 λεις
245 975 342 1000 ποιεῖν.
364 975 392 1001 'O
405 975 434 1001 δὲ
446 973 522 1002 εἷπε·
539 975 619 1008 Πῶς;
636 977 691 1003 Καὶ
706 977 779 1011 λέγει
800 978 874 1013 αὐτῷ
890 979 904 1005 6
921 980 968 1013 γέ-

171 1028 230 1056 ρων
240 1028 247 1035 ·
268 1021 333 1047 Ἰδοὺ
348 1020 393 1047 δύο
404 1021 541 1057 ἄνθρωποι
554 1022 599 1048 ἐπὶ
614 1022 660 1049 σοῦ
675 1024 755 1057 φόνον
768 1024 909 1060 ἐποίησαν,
922 1025 968 1051 καὶ

171 1067 186 1092 6
199 1063 242 1098 εἷς
264 1066 364 1100 ἔφυγεν
385 1067 425 1098 εἰς
449 1067 479 1094 τὸ
503 1067 606 1095 κελλίον
625 1077 672 1095 σου
684 1076 690 1083 ’
706 1070 753 1096 καὶ
775 1070 829 1097 ἰδοὺ
849 1071 863 1096 6
877 1070 968 1106 ἄρχων

171 1109 250 1146 ζητεῖ
269 1111 360 1143 αὑτὸν,
380 1112 427 1138 καὶ
446 1113 536 1148 ἐρωτᾷ
561 1121 590 1139 σε
617 1114 719 1148 λέγων·
734 1115 795 1141 Ἐπὶ
819 1115 866 1141 σοῦ
889 1116 968 1150 φόνος

170 1156 301 1190 γέγονεν;
318 1157 364 1183 ἐὰν
385 1157 422 1192 μὴ
439 1157 539 1194 ψεύσῃ,
558 1159 712 1194 παραδιδεῖς
727 1160 750 1176 ³⁵
760 1160 807 1186 τὸν
827 1160 967 1196 ἄνθρωπον

170 1202 213 1233 εις
230 1201 354 1230 Θάνατον.
380 1203 489 1230 Μᾶλλον
512 1204 580 1239 ἄφες
603 1205 683 1231 αὑτὸν
699 1205 814 1233 ἐνώπιον
829 1206 876 1233 τοῦ
899 1207 966 1234 Θεοῦ

171 1249 259 1284 χωρὶς
275 1248 397 1284 δεσμῶν
413 1250 494 1281 αὐτὸς
509 1250 562 1286 γὰρ
574 1248 626 1277 οἶδε
642 1251 678 1277 τὰ
691 1251 791 1280 πάντα.

396 1351 466 1384 Περὶ
483 1351 536 1378 τοῦ
553 1350 629 1378 ἀϐὅὰ
641 1351 744 1385 Ἀπφύ.

207 1406 376 1442 Διηγήσαντο
398 1407 461 1442 περ).
485 1407 633 1434 ἐπισκόπου
655 1408 703 1443 τῆς
721 1407 884 1443 Ὀξυρύγχου
909 1409 967 1435 ὀνό-

174 1461 241 1488 ματι
256 1453 328 1479 ἀϐὅᾶ
344 1454 432 1488 Ἀπφύ
442 1461 449 1469 ·
466 1454 507 1480 ὃτι
521 1453 564 1480 ὅτε
581 1451 614 1489 ἦν
629 1454 753 1489 μοναχὸς,
771 1454 870 1487 πολλὰς
884 1454 966 1491 σκλη-

173 1497 314 1532 ραγωγίας
333 1497 418 1523 ἐποίει
428 1506 435 1513 ·
450 1498 495 1523 ὅτε
514 1497 541 1524 δὲ
555 1498 663 1532 ἐγένετο
681 1499 837 1531 ἐπίσκοπος,
851 1499 965 1536 ἠθέλησε

171 1542 327 1577 χρήσασθαι
341 1544 373 1578 τῇ
387 1544 456 1578 αὐτῇ
473 1543 668 1580 σκληραγωγίᾳ
686 1546 733 1572 καὶ
759 1546 787 1572 ὲν
802 1546 841 1581 τῷ
860 1546 963 1581 κόσμῳ,

171 1586 220 1612 καὶ
237 1586 287 1613 οὐκ
303 1586 405 1622 ἴσχυσε.
425 1588 479 1614 Καὶ
494 1588 588 1624 ἕρῤιψε
601 1589 694 1616 ἑαυτὸν
711 1590 824 1617 ἐνώπιον
839 1590 885 1618 τοῦ
899 1591 966 1618 Θεοῦ

173 1631 280 1666 λέγων’
292 1632 338 1668 Μὴ
357 1631 412 1668 ἆρα
432 1633 476 1660 διὰ
499 1635 548 1670 τὴν
568 1635 719 1671 ἐπισκοπὴν
740 1636 859 1672 ἀτήλθεν
875 1637 891 1672 ἡ
915 1637 966 1672 χά-

176 1685 221 1713 ρις
236 1678 258 1694 ⁸⁸
273 1678 319 1704 ἀπ’
342 1678 427 1713 ὲμοῦ;
450 1679 504 1705 Καὶ
527 1680 706 1715 ἀπεκαλύφθη
731 1681 813 1716 αὐτῷ,
832 1681 872 1708 ὃτι
884 1682 965 1718 Οὐχί·

174 1722 243 1748 ἀλλὰ
256 1722 315 1748 τότε
327 1722 428 1758 ἔρημος
439 1720 484 1758 ἦν,
500 1723 547 1750 καὶ
562 1723 598 1758 μὴ
615 1723 691 1755 ὄντος
705 1724 859 1759 ἀνθρώπου,
872 1725 886 1751 6
901 1725 967 1757 Θεὸς

172 1768 404 1804 ἀντελαμϐάνετο·
424 1768 471 1796 νῦν
487 1769 516 1796 δὲ
536 1770 637 1805 κόσμος
654 1771 724 1803 ἐστὶ,
748 1771 795 1797 καὶ
817 1771 842 1797 ot
863 1770 967 1807 ἄνθρω-

172 1822 221 1840 ποι
236 1815 476 1850 ἀντιλαμϐάνονται
493 1823 550 1842 σου.

370 1872 440 1905 Περὶ
455 1872 508 1898 τοῦ
530 1871 605 1899 ἀϐϐᾶ.
624 1871 768 1899 Ἀπολλώ.

210 1932 245 1955 α’.
256 1926 310 1955 Ἤν
321 1938 362 1960 τις
375 1929 463 1965 γέρων
476 1930 515 1961 εἰς
529 1929 563 1956 τὰ
576 1929 675 1956 Κελλία
687 1929 798 1964 ὀνόματι
815 1928 964 1961 Ἀπολλώς

174 1974 223 2001 καὶ
236 1975 260 2000 ει
276 1975 372 2009 ἧρχετό
394 1983 436 2006 τις
458 1975 539 2001 αἰτῶν
554 1974 634 2002 αὐτὸν
653 1975 692 2006 εἰς
706 1975 858 2009 οἱονδήποτε
874 1975 965 2010 ἔργον,

176 2019 246 2054 μετὰ
265 2019 351 2054 χαρᾶς
369 2019 463 2054 ἀπῄει,
483 2018 585 2053 λέγων·
609 2019 686 2045 Μετὰ
707 2018 752 2045 τοῦ
773 2019 891 2054 Χριστοῦ
911 2019 966 2055 ἔχω

176 2065 295 2100 σήμερον
309 2065 475 2100 ἐργάσασθαι
489 2065 558 2100 ὑπὲρ
572 2064 620 2100 τῆς
633 2065 721 2100 ψυχῆς
737 2074 786 2100 μου
796 2074 803 2081 '
821 2062 898 2098 οὗτος
911 2066 965 2102 γάρ

175 2112 249 2137 ἐστιν
262 2112 276 2137 6
290 2111 383 2145 μισθὸς
399 2110 495 2145 αὐτῆς.

212 2156 245 2192 β’.
262 2157 372 2190 Ἔλεγον
395 2157 458 2191 περι
475 2166 547 2189 τινος
567 2156 638 2183 ἀεῦἄ
652 2157 772 2184 Ἀπολλὼ
797 2158 837 2190 εἰς
854 2157 963 2194 Σκῆτιν,

176 2203 216 2228 ὅτι
236 2201 334 2237 ποιμὴν
350 2200 383 2238 ἦν
396 2203 521 2236 ἄγροικος
531 2211 538 2217 ·
557 2203 602 2229 καὶ
619 2203 679 2229 ἰδὼν
690 2204 806 2238 γυναῖκα
824 2204 853 2230 ὲν
865 2204 963 2239 γαστρὶ

175 2247 288 2283 ἔχουσαν
304 2248 333 2274 ὲν
351 2248 390 2283 τῷ
411 2248 498 2284 ἀγρῷ,
520 2248 678 2284 ὲνεργηθεὶς
698 2249 750 2275 ὑπὸ
769 2248 815 2276 τοῦ
839 2249 961 2276 διαϐόλου

176 2291 252 2320 εἶπε·
266 2293 340 2320 Θέλω
358 2293 420 2320 ἰδεῖν
439 2293 497 2326 πῶς
515 2294 546 2320 τὸ
565 2294 665 2330 βρέφος
679 2295 766 2320 κεῖται
783 2295 811 2320 ὲν
873 2294 961 2328 κοιλίᾳ.

175 2339 274 2374 αὐτῆς·
294 2339 342 2366 καὶ
363 2339 518 2375 ἀναρρήξας
542 2340 634 2375 αὐτὴν.
655 2338 708 2366 εἶδε
729 2340 758 2366 τὺ
778 2339 885 2375 βρέφος.
906 2341 961 2366 Καὶ

175 2385 276 2417 εὐθέως
296 2385 429 2418 ἐπάταξεν
447 2385 528 2412 αὐτὸν
544 2387 561 2421 ἡ
577 2385 674 2421 καρδία
690 2385 771 2412 αὐτοῦ
782 2394 789 2401 ·
809 2386 856 2412 καὶ
878 2394 960 2412 κατα-

175 2431 278 2464 νυγεὶς,
289 2428 370 2466 ἦλθεν
386 2432 425 2462 εἰς
443 2431 552 2466 Σκῆτιν,
565 2432 610 2458 καὶ
625 2432 768 2467 ἀνήγγειλε
787 2433 843 2463 τοῖς
857 2432 964 2468 Πατρά-

176 2485 219 2503 σιν
245 2477 259 2503 ὃ
284 2477 419 2512 ἐποίησεν.
437 2478 554 2503 Ἤκουσε
577 2477 605 2504 δὲ
630 2478 719 2504 αὐτῶν
739 2478 907 2512 ψαλλόντων·
927 2479 963 2504 Al

174 2522 281 2556 ἡμέραι
306 2522 366 2549 τῶν
388 2522 463 2549 ἐτῶν
477 2522 562 2557 ἡμῶν
585 2523 620 2550 ἐν
642 2524 743 2556 αὐτοῖς
763 2523 964 2558 ἑϐδομήκοντα

174 2569 228 2602 ἐτη
237 2577 244 2584 ·
261 2568 316 2595 ἐὰν
330 2568 365 2595 δὲ
380 2569 414 2595 ἐν
435 2568 637 2602 δυναστείαις,
653 2569 853 2604 ὀγδοήκονταθ
867 2569 916 2596 καὶ
930 2569 963 2596 τὸ

211 2645 235 2662 ’³
245 2645 287 2672 ΑΙ.
308 2645 436 2677 Ἀλωνᾶς.
473 2646 498 2662 ’⁸
515 2647 557 2673 Al.
575 2646 737 2682 παραδίδως.

212 2711 268 2749 (64)
289 2715 360 2742 Ἐὰν
369 2715 411 2750 μὴ
427 2716 536 2750 ψεύδῃ,
548 2720 601 2743 etc.
615 2716 790 2744 Colhertinus
801 2715 870 2743 liber
882 2715 964 2750 longe

172 2750 256 2785 aliam
275 2751 384 2777 exhibet
412 2752 628 2785 responsionem.
653 2752 703 2778 hoc
717 2757 796 2785 pacto
812 2760 818 2778 :
846 2751 936 2777 Ἔστω
949 2751 964 2776 6

172 2784 240 2821 νοῦς
265 2793 313 2821 σου
341 2784 463 2821 πάντοτε
475 2786 685 2821 προσηλωμένος
702 2784 741 2816 εἰς
757 2786 802 2813 τὸν
816 2786 898 2820 φόϐον
916 2786 963 2812 τοῦ

170 2819 253 2856 θεοῦ,
267 2820 316 2856 καὶ
329 2819 508 2856 ἁᾷιαλείπτως
525 2819 678 2856 μνὴμόνευε
689 2821 735 2848 τοῦ
746 2819 927 2852 θανάτου,καὶ
933 2821 964 2847 οὐ

170 2855 211 2890 μὴ
222 2854 356 2889 ψεύσεσαί
366 2863 437 2881 ποτε.
446 2855 486 2882 Sit
496 2854 566 2882 meus
574 2854 619 2882 tua
625 2864 725 2890 semper
733 2857 822 2883 timori
833 2856 878 2882 Dei
887 2856 966 2890 afﬁxa

168 2889 195 2918 et
212 2889 320 2918 .tuidue
335 2895 460 2917 memento
478 2891 580 2923 martis,
601 2899 645 2918 nec
662 2892 793 2919 mentieris
808 2899 934 2926 unquam.

1019 926 1104 953 abbas
1119 926 1231 954 Alouius
1246 937 1252 954 :
1271 927 1326 955 Nisi
1343 929 1472 958 mentitus
1485 930 1580 962 fueris,
1595 932 1679 958 multa
1694 938 1806 967 peccata

1019 973 1217 1000 commissurus
1231 981 1271 1001 es.
1287 974 1349 1002 llle:
1362 975 1420 1008 Quo
1431 977 1530 1011 pacto?
1542 975 1691 1012 Respondit
1701 986 1782 1006 senex
1796 988 1803 1006 :

1018 1017 1087 1045 Ecce
1102 1017 1155 1045 duo
1172 1019 1221 1046 viri
1242 1027 1332 1046 coram
1357 1026 1383 1048 te
1407 1021 1582 1049 homicidium
1605 1028 1804 1058 perpetrarunt.

1018 1064 1139 1098 alterque
1151 1072 1244 1092 eorum
1261 1065 1367 1101 aufugit
1389 1066 1415 1094 in
1435 1068 1530 1094 cellam
1546 1071 1618 1095 tuam
1632 1077 1640 1101 ;
1655 1069 1731 1097 adest
1747 1078 1805 1097 ma-

1017 1110 1158 1144 gistratus,
1175 1112 1272 1146 qumrit
1289 1120 1361 1143 eum,
1373 1120 1404 1140 ac
1421 1117 1448 1140 te
1462 1114 1609 1149 interrogat
1632 1115 1675 1143 his
1696 1116 1803 1143 verbis:

1016 1154 1085 1182 Num
1102 1156 1129 1182 iu
1145 1161 1291 1192 conspectu
1308 1162 1355 1185 tuo
1370 1159 1457 1186 cades
1471 1161 1604 1195 contigit?
1619 1161 1674 1188 Nisi
1690 1162 1806 1189 mentia-

1016 1202 1066 1233 ris,
1079 1202 1215 1229 hominem
1233 1204 1318 1232 tradis
1339 1204 1372 1231 ad
1391 1211 1515 1233 mortem.
1540 1205 1654 1233 Praestat
1677 1212 1705 1234 ut
1728 1208 1804 1235 illum

1016 1247 1137 1276 dimittas
1155 1256 1246 1276 coram
1265 1249 1329 1280 Deo.
1345 1251 1448 1286 absque
1463 1252 1589 1280 vinculis.
1613 1253 1717 1280 Cuncta
1731 1254 1804 1281 enim

1016 1292 1089 1320 Deus
1103 1294 1188 1321 novit.

1277 1351 1314 1378 De
1332 1351 1426 1378 abbate
1443 1353 1547 1388 App/ty.

1051 1406 1107 1441 (68)
1123 1406 1307 1434 Narraverunt
1322 1407 1356 1435 de
1373 1409 1500 1444 episcopo
1517 1409 1682 1446 Oxyrynchi,
1694 1411 1740 1446 qui
1755 1419 1805 1440 vo~

1016 1453 1128 1480 cabatur
1141 1453 1226 1481 abbas
1239 1454 1345 1489 Apphy,
1361 1455 1433 1489 quod
1446 1456 1555 1489 quando
1572 1460 1630 1483 erat
1642 1457 1804 1490 monachus,

1015 1498 1117 1526 duriori
1146 1500 1201 1526 vita
1226 1499 1371 1534 plurimum
1399 1502 1554 1529 macerabat
1580 1510 1626 1536 se;
1652 1511 1716 1530 cum
1740 1512 1804 1532 vero

1017 1544 1160 1580 episcopus
1179 1544 1266 1573 factus
1285 1550 1336 1577 est,
1351 1546 1434 1573 voluit
1450 1547 1530 1574 etiam
1556 1548 1582 1575 in
1603 1550 1714 1581 saeculo,
1732 1550 1802 1578 idem

1017 1590 1124 1616 vivendi
1141 1598 1226 1624 genus
1246 1591 1355 1622 sectari,
1372 1599 1421 1618 nec
1435 1593 1527 1620 valuit.
1546 1592 1638 1628 Itaque
1658 1596 1804 1629 prostravit

1017 1641 1047 1661 se
1061 1641 1152 1661 coram
1170 1633 1235 1665 Deo.
1250 1635 1345 1663 dit-eus
1358 1644 1364 1662 :
1377 1635 1446 1662 Num
1464 1637 1499 1664 ob
1515 1637 1700 1673 episcopatum
1716 1640 1804 1674 gratia

1016 1680 1130 1707 recessit
1141 1688 1156 1707 a
1169 1681 1227 1707 me?
1238 1679 1270 1707 Et
1288 1680 1316 1708 in
1330 1681 1493 1709 rcvelatione
1505 1681 1608 1709 dictum
1622 1688 1663 1710 est
1681 1684 1705 1711 ei
1722 1693 1729 1711 :
1744 1683 1803 1712 Non

1016 1726 1149 1758 recessit;
1175 1725 1220 1752 sed
1241 1729 1305 1753 tunc
1325 1726 1444 1754 solitudo
1464 1732 1533 1758 erat,
1559 1735 1676 1764 cumque
1696 1729 1805 1758 deesset

1016 1770 1108 1801 homo.
1125 1770 1196 1798 Deus
1210 1771 1312 1798 ferebat
1327 1779 1421 1806 opem;
1441 1780 1514 1799 nunc
1529 1780 1593 1800 vero
1614 1775 1732 1802 mundus
1756 1775 1804 1803 ad-

1015 1820 1068 1847 est,
1083 1819 1110 1843 et
1124 1815 1247 1844 homines
1260 1816 1428 1850 opitulantur
1440 1816 1499 1843 tibi.

1274 1871 1312 1898 De
1329 1871 1423 1898 abbate
1441 1871 1546 1906 Apollo.

1051 1928 1077 1955 1.
1095 1927 1151 1964 (69)
1167 1927 1232 1954 Erat
1243 1935 1326 1955 senex
1340 1927 1366 1954 in
1380 1927 1472 1959 Cellis,
1487 1927 1597 1955 nomine
1613 1927 1725 1964 Apollo;
1740 1932 1766 1957 et
1779 1929 1802 1956 si

1016 1973 1077 2008 quis
1093 1974 1206 2004 veniret,
1218 1980 1249 1999 ac
1263 1976 1365 2007 peteret
1374 1980 1434 1999 eum
1450 1972 1484 2000 ad
1499 1973 1639 2007 quodlibet
1651 1982 1729 2009 opus,
1739 1982 1801 2001 cum

1016 2019 1106 2046 laetitia
1127 2018 1361 2054 proficiscebatur,
1375 2017 1468 2044 dicens
1483 2027 1489 2044 :
1507 2017 1574 2045 Cum
1598 2018 1707 2046 Christo
1723 2018 1804 2047 hodie

1015 2070 1141 2099 operatus
1156 2072 1214 2092 sum
1228 2071 1277 2099 pro
1293 2064 1382 2091 anima
1399 2071 1468 2091 mea.
1484 2062 1547 2091 Haec
1563 2065 1634 2092 enim
1649 2069 1689 2092 est
1706 2066 1804 2094 anima:

1015 2117 1130 2137 merces.

1049 2153 1075 2180 2.
1092 2152 1220 2180 Dicebant
1238 2151 1272 2179 de
1295 2151 1411 2187 quodam
1434 2152 1531 2180 abbate
1554 2153 1648 2188 Apollo
1670 2153 1697 2180 in
1718 2153 1801 2185 Sceti.

1015 2201 1087 2234 quod
1105 2200 1154 2227 fuit
1170 2203 1262 2234 pastor
1280 2199 1395 2234 agrestis
1408 2206 1439 2226 ac
1453 2198 1543 2231 ferus;
1555 2203 1581 2227 et
1594 2200 1651 2228 visa
1667 2201 1724 2227 ruri
1741 2209 1801 2228 mu-

1015 2247 1080 2274 liere
1102 2245 1223 2282 gravida,
1238 2253 1252 2272 a
1280 2245 1388 2273 diabolo
1416 2245 1552 2273 excitatus
1574 2245 1713 2274 :Ceruere
1728 2247 1800 2279 volo.

1014 2293 1111 2327 inquit,
1128 2300 1182 2326 quo
1199 2292 1279 2318 modo
1294 2290 1384 2318 infans
1400 2291 1469 2318 situs
1486 2291 1521 2318 sit
1539 2291 1565 2318 in
1582 2296 1676 2319 ventre
1688 2292 1800 2327 matris;

1014 2346 1099 2374 eaque
1110 2338 1233 2372 disrupta
1251 2336 1317 2364 vidit
1330 2336 1471 2364 infantem.
1485 2338 1560 2365 Illico
1581 2343 1668 2365 autem
1685 2339 1802 2374 pulsavit

1014 2392 1074 2412 eum
1087 2391 1151 2416 cor;
1174 2387 1201 2410 et
1222 2383 1433 2417 cnmpunctioue
1460 2383 1569 2414 ductus,
1594 2384 1666 2410 venit
1689 2384 1801 2415 Scetim,

1015 2430 1202 2464 nuntiavitque
1223 2428 1350 2457 Patribus
1370 2429 1436 2463 quid
1459 2428 1578 2456 fecisset.
1595 2428 1705 2457 Audivit
1720 2437 1802 2465 porro

1015 2483 1062 2504 θος
1084 2475 1252 2510 psallentes:
1275 2474 1335 2502 Dies
1361 2483 1490 2501 annorum
1515 2479 1666 2502 nostrorum
1688 2476 1715 2502 in
1738 2476 1802 2510 ipsis

1017 2521 1180 2556 septuaginta
1200 2521 1280 2552 armi;
1300 2520 1325 2547 ai
1350 2525 1438 2547 autem
1461 2521 1488 2547 in
1513 2521 1689 2554 potentatibua
1706 2540 1713 2552 ,
1730 2526 1802 2549 octo-

1017 2569 1090 2604 ginta
1103 2575 1112 2594 :
1125 2572 1150 2594 et
1164 2566 1276 2600 amplius
1290 2574 1391 2598 eorum,
1409 2566 1484 2594 labor
1497 2571 1522 2593 et
1541 2566 1618 2594 dolor
1627 2566 1661 2595 ”.
1674 2566 1802 2604 Dixitque

775 2646 798 2663 ’³
812 2645 855 2673 Al.
867 2645 952 2674 inser.
969 2653 1027 2672 σου.
1065 2645 1088 2661 ’⁸
1105 2643 1178 2672 Psal.
1194 2651 1306 2676 Lxxxtx,
1320 2643 1362 2671 10.

1051 2715 1108 2749 (65)
1126 2713 1178 2741 Vit.
1192 2713 1268 2741 Patr.
1286 2722 1325 2746 ιι,
1341 2715 1368 2742 5.

1052 2750 1108 2784 (66)
1127 2748 1178 2775 Vit.
1195 2749 1268 2776 Patr.
1286 2757 1323 2780 χι,
1341 2750 1366 2776 6.

1053 2783 1109 2819 (67)
1126 2784 1237 2819 Doroth.
1258 2783 1350 2811 Doctr.
1368 2784 1395 2812 9.

1054 2818 1110 2854 (68)
1133 2818 1183 2846 Vit.
1199 2819 1276 2846 Patr.
1290 2827 1334 2851 xv,
1353 2820 1395 2846 15.

1054 2853 1110 2890 (69)
1132 2853 1182 2881 Vit.
1202 2854 1276 2881 Patr.
1292 2855 1397 2887 “11,3.
