1971 3068
93 188 100 200 ρ
152 173 204 199 Ιπῗὶ

718 165 890 194 ΑΡΡΕΝοιΧ
911 164 956 192 AD
976 162 1186 191 PALLADIUM.

1724 157 1774 185 I36

149 229 205 256 illis
215 237 222 256 :
233 226 317 255 Natus
329 234 388 255 sum
404 233 491 254 annos
501 226 691 262 quadraginta,
702 233 790 260 neque
803 224 845 251 vel
859 230 939 250 unam

1008 221 1098 248 πλεῖον
1111 220 1210 249 αὐτῶν
1223 221 1316 253 κόπος
1331 220 1379 246 καὶ
1399 220 1501 252 πόνος.
1514 219 1569 245 Καὶ
1585 215 1661 244 εἷπεν
1673 216 1764 243 αὐτοῖς
1773 221 1781 228 ·

148 280 256 305 precem
270 273 304 300 ad
318 272 400 299 Deum
418 271 492 304 fudi;
511 279 585 298 nunc
600 278 664 297 vero
688 270 711 297 si
734 270 802 297 alios
825 268 943 305 quadra-

148 324 224 355 ginta
243 326 330 346 annos
350 318 455 349 vixero,
478 325 532 344 non
559 317 674 344 cessabo
696 323 776 342 orare
800 314 895 345 Deum,
914 315 944 340 ut

150 364 216 391 mihi
247 364 382 391 condonet
406 362 504 390 delicta
528 369 596 388 mea.
618 360 677 387 Non
701 360 772 387 enim
798 367 866 394 opus
887 366 944 385 ma-

151 419 237 438 nuum
263 410 396 443 faciebat,
421 409 468 436 sed
488 408 585 435 orabat
606 415 722 442 semper,
744 407 816 433 hunc
839 406 865 432 in
885 413 943 432 mo-

150 457 215 484 dum
235 467 241 484 τ
263 456 376 483 Peccavi
399 460 428 482 ut
453 455 551 487 homo,
577 459 607 480 ιιι
631 454 700 480 Deus
720 457 780 479 esto
800 451 942 486 propitius.

151 503 238 536 Atque
255 509 315 528 eam
341 501 493 527 oralionem
519 503 602 526 noctu
625 498 723 532 dieque
750 496 943 523 meditabatur.

151 547 284 575 Caeterum
302 546 386 573 frater
402 545 526 572 manebat
550 552 611 571 cum
631 551 679 575 eo;
705 542 863 576 audivitque
887 541 945 567 haec

151 593 225 622 illitis
249 593 329 620 verba
349 602 354 619 :
374 591 503 618 Molestus
531 590 580 617 tibi
610 589 664 620 fui,
689 588 812 619 Domine,
840 587 947 614 dimitte.

153 638 230 669 IllIIlI,
243 641 272 664 ut
289 645 383 672 parum
405 636 504 672 quietis
529 635 645 670 capiam.
670 634 702 660 Et
719 635 824 668 plenam
842 633 946 667 accepit

153 684 338 715 securitatem,
360 683 431 717 quod
453 683 478 709 ei
499 682 647 715 ignovisset
671 680 743 707 Deus
761 683 859 707 cuncta
884 686 947 713 pec-

153 735 224 763 cata,
244 730 324 757 etiam
343 729 407 756 illud
425 729 564 761 mulieris;
587 731 614 754 at
631 727 664 754 de
687 734 771 762 puero
793 727 892 754 certior
907 725 947 752 fa-

155 781 217 804 ctus
235 784 288 803 non
304 780 355 803 est.
379 775 449 802 Dixit
464 779 552 801 tamen
569 774 593 801 ei
610 781 705 800 senum
722 773 820 807 aliquis
837 783 843 799 :
859 771 945 798 Etiam

155 822 280 849 scelusin
294 821 407 855 puerulo
421 823 602 854 perpetratum
618 818 778 845 condonavit
795 817 842 844 tibi
859 817 945 848 Deus;

154 867 201 895 sed
218 871 242 894 te
265 867 291 893 in
316 866 409 893 dolore
425 873 457 893 ac
473 865 564 892 labore
582 864 720 898 relinquit,
737 864 800 899 quia
819 863 946 891 conducit

160 912 256 939 animae
271 916 333 939 tum.

189 959 216 986 5.
235 958 306 985 Idem
323 957 391 984 dixit
404 956 438 984 de
454 957 628 991 susceptione
651 956 785 983 fratrum:
800 954 947 982 Venientes

157 1004 255 1031 fratres
275 1003 389 1030 adorare
408 1007 525 1038 oportet.
551 1001 618 1029 Nam
644 1010 697 1028 non
722 1009 780 1032 eos,
798 1001 844 1028 sed
863 1000 947 1028 Deum

156 1049 314 1077 adoramus.
328 1048 423 1076 Vidisti
436 1049 519 1081 enim,
533 1048 631 1083 inquit,
647 1047 757 1085 fratrem
774 1051 861 1078 tuum,
877 1047 948 1073 vidi-

157 1096 191 1123 sti
209 1095 351 1122 Dominum
371 1095 453 1122 Deum
477 1099 564 1121 tuum.
587 1093 619 1120 Et
635 1094 696 1125 hoc,
715 1093 828 1124 addidit,
845 1093 949 1127 accepi-

157 1148 220 1168 mus
232 1140 265 1167 ab
279 1140 433 1167 Ahrahamo
445 1139 478 1166 ".
490 1139 614 1173 Cumque
629 1138 816 1174 susceperitis,
832 1137 865 1164 ad
878 1137 951 1171 quie-

158 1191 212 1213 tem
229 1185 387 1220 capiendam
407 1185 505 1219 cogite.
524 1184 551 1211 Id
567 1192 685 1220 namque
700 1192 750 1212 nos
775 1183 867 1210 docuit
889 1182 949 1215 Lot,

158 1232 268 1267 quando
282 1231 386 1267 angelis
404 1232 458 1258 vim
476 1230 568 1258 intulit
580 1230 614 1258 ".

414 1330 453 1357 De
471 1331 564 1356 abbate
580 1329 696 1356 Andrea.

197 1385 271 1414 Dixit
296 1387 380 1414 abbas
397 1387 520 1414 Andreas
536 1395 543 1414 :
560 1385 623 1412 Tria
647 1386 703 1412 hac
730 1384 889 1413 monachum
907 1384 954 1412 de-

160 1437 243 1460 cent:
259 1441 383 1460 secessus
400 1442 415 1460 a
430 1433 527 1468 patria,
542 1436 698 1468 paupertas,
713 1435 740 1460 et
759 1432 786 1459 in
811 1432 954 1459 tolerantia

162 1477 314 1505 silentium.

441 1533 479 1560 De
501 1533 594 1561 abbate
613 1534 674 1560 Aio.

199 1590 362 1619 Referebant
386 1591 420 1618 de
442 1591 560 1626 quodam
585 1598 650 1618 sene
670 1589 833 1622 Thebaidis.
858 1589 956 1617 abbate

164 1636 292 1668 Antiano,
304 1635 377 1670 quod
392 1635 455 1662 dum
473 1639 546 1662 esset
569 1635 678 1669 juvenis
695 1635 779 1661 multa
796 1634 873 1661 bonae
890 1642 956 1662 con-

165 1681 326 1709 versationis
342 1689 424 1716 opera
440 1681 550 1713 fecerat,
573 1681 600 1708 in
622 1684 761 1708 senectute
777 1688 851 1712 vero,
864 1681 956 1707 incur-

165 1731 238 1755 rerat
253 1727 280 1754 in
298 1727 421 1754 morbum
440 1731 467 1753 et
481 1726 649 1758 caecitatem;
666 1725 764 1752 fratres
781 1730 870 1752 autem
885 1727 956 1760 quod

164 1777 318 1809 mgrotaret,
335 1780 459 1808 magnam
478 1772 511 1799 de
529 1779 563 1798 eo
583 1779 678 1798 curam
695 1771 836 1806 gerebant,
853 1773 958 1800 cibum-

165 1827 219 1854 que
238 1819 264 1846 in
277 1827 307 1845 os
320 1818 379 1853 cjus
394 1818 585 1845 iuunittehant.
601 1818 659 1850 Qua
677 1817 710 1844 de
725 1825 754 1843 re
774 1817 958 1852 interrogave-

167 1870 231 1893 runt
250 1865 373 1892 abbatem
390 1864 450 1896 Aio,
467 1863 596 1898 quidnam
612 1863 734 1891 eveniret
746 1871 778 1890 ex
801 1863 852 1890 hac
874 1864 959 1890 multa

168 1910 363 1940 sollicitudine.
390 1910 428 1937 Ac
451 1909 593 1944 respondit
612 1918 618 1934 :
646 1908 712 1935 Dico
731 1909 808 1936 vobis
831 1918 836 1936 :
858 1908 887 1936 Si
911 1917 960 1936 cor

169 1957 229 1992 ejus
252 1951 448 1984 desideraverit
469 1959 495 1982 et
516 1954 739 1982 condest-cnderit
754 1955 878 1987 libenter,
897 1963 958 1981 cum

170 2002 320 2030 comederit
341 2009 420 2028 unam
443 2001 599 2035 palmulam,
623 2000 693 2027 Deus
715 2000 784 2027 tollit
798 2008 857 2027 eam
879 2008 894 2027 e
915 2000 960 2026 la—

171 2050 235 2075 bore
252 2048 329 2081 ejus;
350 2048 422 2081 quod
448 2047 470 2073 si
494 2055 548 2073 non
573 2047 751 2080 acquieverit,
770 2046 816 2073 sed
835 2054 960 2080 sumpse-

172 2094 206 2120 rit
219 2094 331 2123 iuvitus,
345 2094 448 2120 salvum
465 2092 584 2119 laborem
603 2092 640 2119 illi
662 2093 780 2120 servabit
803 2094 882 2124 Deus,
897 2093 960 2127 quia

171 2139 265 2166 nolens
294 2138 400 2173 cogitur
424 2147 432 2165 :
461 2137 558 2164 fratres
586 2144 650 2164 vero
681 2136 831 2164 mercedem
859 2146 961 2166 consc—

171 2189 294 2219 queatur.

392 2238 429 2265 De
444 2238 536 2265 abbate
550 2238 739 2265 Ammonallta.

207 2295 324 2323 Advenit
339 2294 485 2329 aliquando
499 2293 638 2321 Pelusium
661 2301 773 2328 praeses,
791 2294 930 2329 voluitque
947 2302 962 2322 a

173 2340 316 2368 monachis
333 2341 441 2374 exigere
455 2340 598 2373 capitalem
613 2341 782 2374 pensionem,
801 2341 871 2367 sicut
885 2349 899 2368 a
915 2349 965 2369 saa-

174 2386 323 2414 cularibus.
341 2386 434 2420 Itaque
448 2385 538 2412 cuncti
560 2384 659 2412 fratres
672 2385 743 2420 apud
761 2386 885 2414 abbatem
899 2387 964 2414 Am-

173 2432 329 2460 monatham
347 2439 406 2458 eam
426 2431 462 2458 ob
485 2438 543 2458 rem
563 2437 766 2464 convoueruut;
786 2433 964 2460 decreverunt

174 2483 265 2505 autem
290 2481 320 2504 ut
345 2477 454 2511 quidam
480 2475 592 2503 Patrum
624 2477 730 2504 adirent
761 2478 961 2512 imperatorem.

175 2524 243 2550 Dicit
259 2523 299 2550 eis
314 2523 398 2550 abbas
417 2522 614 2549 Ammonathas
633 2530 639 2548 :
660 2522 718 2550 Non
737 2531 807 2558 opus
828 2528 871 2550 est
892 2523 966 2557 ejus-

175 2570 250 2597 modi
266 2569 438 2604 fatigatione;
457 2568 505 2595 sed
522 2569 612 2602 p0tius
628 2569 711 2603 quieti
728 2572 834 2596 manete
849 2568 876 2595 in
888 2569 966 2595 cellis

175 2614 284 2646 vestris,
301 2621 333 2641 ac
345 2614 466 2649 jejunate
480 2614 548 2641 duas
560 2613 754 2644 hebdomadas,
768 2622 818 2649 ego
830 2614 905 2641 solus
919 2621 967 2648 per

175 2660 280 2688 Christi
296 2660 410 2694 gratiam
426 2659 563 2694 perficiam
583 2660 730 2694 negotium.
751 2658 863 2686 Ilcversi
884 2659 968 2693 igitur

176 2709 241 2734 sunt
267 2705 366 2733 fratres
387 2705 416 2732 in
434 2705 516 2733 cellas
531 2713 596 2733 suas
617 2715 624 2733 :
644 2713 726 2733 senex
740 2706 841 2740 pariter
857 2705 883 2732 in
899 2705 967 2732 cella

212 2784 236 2801 "’
247 2783 314 2811 Gen.
328 2783 441 2816 xvut,2.
481 2783 504 2800 "
515 2783 582 2811 Gen.
604 2791 660 2816 xix,
676 2785 704 2811 ὅ.
741 2785 764 2800 ’⁸
782 2784 825 2810 ΑΙ.
842 2783 982 2810 ἀπελθεῖν.

212 2841 269 2876 ('70)
286 2842 432 2876 Ἥμαρτον
444 2842 484 2874 ὡς
497 2841 664 2876 ἅνθρωπος.
675 2844 714 2875 ὡς
729 2843 801 2876 Θεὸς
816 2842 965 2874 Maiam)“.

179 2875 210 2906 In
225 2875 589 2912 oratione’Chrysostomica
607 2882 628 2906 t.
641 2875 680 2906 Ἢ
698 2875 828 2913 5ίινὶιξρ.
851 2877 930 2911 1007,
945 2877 963 2904 ι.

993 269 1058 303 Εἰμὶ
1075 268 1279 304 τεσσαράκοντα
1302 267 1378 297 ὲτῶν,
1403 266 1467 301 μίαν
1486 264 1568 300 εὐχὴν
1588 263 1626 299 μὴ
1652 263 1782 298 ποιήσας·

994 315 1039 341 καὶ
1056 314 1103 341 νῦν
1115 315 1163 341 ἐὰν
1178 313 1252 349 ζήσω
1266 313 1332 340 ἄλλα
1346 312 1548 347 τεσσαράκοντα
1564 310 1610 345 ἔτη
1623 331 1630 342 ,
1648 309 1677 335 οὐ
1699 307 1784 335 παύο-

996 369 1044 395 μαι
1057 361 1201 396 εὐχόμενος
1213 359 1251 395 τῷ
1263 359 1332 394 Θεῷ,
1345 359 1387 385 ἵνα
1403 358 1567 393 συγχωρήσῃ
1580 365 1624 392 μοι
1633 355 1682 386 τὰς
1694 355 1785 390 ἁμαρ-

993 407 1054 438 τιας
1067 415 1127 442 μου.
1145 405 1212 433 Οὐδὲ
1225 406 1278 441 γὰρ
1290 406 1446 440 ὲργὸχειρον
1461 403 1562 434 ἐποίει,
1584 402 1651 429 ἀλλὰ
1670 401 1784 427 πάντοτε

995 452 1110 488 ηὖχετο,
1133 452 1237 486 λέγων·
1254 453 1396 487 ’Ἥμαρτον
1420 451 1458 481 ὡς
1478 449 1636 485 ἄνθρωπος,
1657 447 1694 480 ὡς
1720 446 1785 478 Θεὸς

997 499 1119 534 ἱλάσθητι
1137 499 1202 533 (70).
1230 499 1284 525 Kal
1304 498 1414 532 γέγονεν
1435 495 1509 531 αὐτῷ
1528 496 1545 531 ἡ
1564 494 1629 530 εὐχὴ
1650 493 1729 528 αὕτη,
1746 494 1786 524 είς

998 545 1112 580 μελέτην
1129 545 1225 576 νυκτὸς
1247 545 1293 571 καὶ
1314 544 1431 579 ἡμέρας.
1445 540 1498 568 Ἦν
1518 542 1545 568 δὲ
1565 540 1676 575 ἀδελφὸς
1700 539 1787 574 μένων

998 590 1055 626 μετ’
1079 590 1171 622 αὐτοῦ,
1194 590 1240 616 καὶ
1259 590 1374 625 ἤκουσεν
1398 587 1480 615 αὐτοῦ
1506 587 1646 621 λέγοντος·
1667 584 1788 620 Ὠχλησά

997 641 1048 664 σοι,
1066 633 1161 668 Κύριε,
1180 634 1247 667 ἄφες
1266 642 1320 668 μοι.
1336 633 1379 658 ἵνα
1397 631 1597 666 ὰναπαύσωμαι
1615 630 1720 666 μικρόν.
1734 629 1789 656 Καὶ

996 678 1102 711 ἐγένετο
1116 677 1189 713 αὑτῴ
1206 677 1386 713 πληροῃςορία,
1406 677 1446 703 ὅτι
1473 676 1659 711 συνεχώρησεν
1683 675 1755 710 αὐτῷ
1773 674 1788 700 ὁ

996 723 1062 755 θεὸς
1078 724 1168 755 πάσας
1187 723 1234 755 τὰς
1252 723 1388 758 ἁμαρτίας
1404 722 1495 754 αὑτοῦ,
1509 722 1556 748 καὶ
1579 722 1608 748 τὺ
1630 721 1681 756 τῆς
1699 729 1788 755 γυναι-

997 769 1059 801 κός·
1074 770 1113 800 εἰς
1127 769 1156 795 δὲ
1170 769 1200 796 τὺ
1217 769 1322 796 παιδίον
1337 770 1388 795 οὒκ
1400 767 1621 804 ἑπληροφορήοη.
1642 767 1697 793 Καὶ
1712 764 1789 793 εἶπεν

997 815 1071 849 αὐτῷ
1087 824 1128 847 τις
1142 815 1197 841 τῶν
1214 815 1360 850 γερόντων,
1375 815 1415 840 ὄτι
1432 813 1478 840 καὶ
1491 813 1521 839 τὺ
1539 812 1586 839 τοῦ
1607 811 1715 838 παιδίου
1732 819 1790 837 συν-

997 860 1120 896 εχώρησέ
1140 869 1180 887 σοι
1196 862 1210 887 ὁ
1229 860 1294 892 Θεὸς
1305 868 1311 875 ·
1328 859 1397 887 ἀλλὰ
1413 860 1486 893 ἀφίει
1506 867 1535 885 σε
1552 860 1581 885 ἐν
1597 858 1637 893 τῷ
1651 857 1734 892 πόνῳ,
1748 857 1789 883 ὅτι

963 899 984 926 Β
999 907 1134 942 συμφέρει
1152 908 1184 942 τῇ
1198 906 1271 942 ψυχῇ
1288 914 1345 933 σου,

1033 956 1067 987 γ’.
1089 953 1117 979 '0
1134 953 1214 984 αὐτὸς
1236 951 1312 979 εἶπεν
1338 952 1402 988 περὶ
1418 952 1468 987 τῆς
1490 951 1623 986 ὑποδοχῆς
1639 949 1694 976 τῶν
1713 948 1790 976 ἁδελ-

999 999 1068 1033 φῶν,
1090 999 1131 1026 ὅτι
1149 1000 1195 1025 Δεῖ
1211 999 1374 1034 ἐρχομένους
1387 1000 1450 1030 τοὺς
1466 997 1596 1032 ἀδελφοὺς
1611 996 1773 1031 προσκυνεῖν
1783 1003 1789 1009 ·

999 1046 1029 1072 οὑ
1047 1045 1100 1082 γὰρ
1121 1045 1230 1076 αὐτοὺς,
1246 1044 1314 1071 ἀλλὰ
1328 1045 1373 1071 τὸν
1397 1044 1463 1070 Θεὸν
1482 1043 1699 1079 προσκυνοῦμεν.
1715 1039 1792 1072 Εἶδες

1000 1091 1064 1127 γὰρ,
1085 1091 1162 1126 φησι,
1184 1091 1229 1118 τὸν
1253 1090 1366 1125 ἀδελφόν
1386 1099 1444 1122 σου,
1469 1088 1537 1121 εἶδες
1553 1089 1654 1124 Κύριον
1670 1088 1714 1114 τὸν
1727 1086 1793 1113 Θεόν

1002 1145 1065 1163 σου-
1088 1136 1134 1162 καὶ
1144 1136 1232 1167 τοῦτο,
1255 1136 1332 1171 φησι,
1355 1135 1430 1171 παρὰ
1446 1134 1492 1161 τοῦ
1515 1134 1640 1169 Ἄὸραὰμ
1664 1131 1794 1168 παρειλή-

1002 1191 1100 1218 φαμεν.
1123 1184 1178 1210 Καὶ
1198 1183 1242 1209 ὅτε
1259 1181 1380 1217 δέχεσθε,
1401 1181 1468 1217 πρὸς
1486 1182 1637 1208 ἀνάπαυσιν
1657 1179 1795 1214 παραῦιά-

1003 1228 1097 1261 ζεσοε’
1121 1230 1168 1256 καὶ
1184 1228 1262 1255 τοῦτο
1282 1229 1336 1263 γὰρ
1354 1228 1428 1263 παρὰ
1446 1227 1492 1254 τοῦ
1515 1227 1576 1254 Λὼτ
1593 1226 1796 1262 μεμαθήκαμεν

1007 1274 1249 1310 παραϐιασαμένου
1265 1274 1328 1306 τοὺς
1343 1274 1486 1308 ἀγγέλους.

1197 1330 1267 1364 Περὶ
1286 1329 1339 1356 τοῦ
1361 1328 1437 1356 ὰὸϐᾶ.
1451 1329 1598 1362 Ἀνδρέου.

1041 1386 1153 1420 Ἔλεγεν
1169 1387 1182 1413 ὁ
1198 1386 1284 1418 ἀῧϐἄς
1297 1386 1425 1422 Ἀνδρέας
1435 1394 1441 1400 ·
1460 1385 1562 1420 Πρέπει
1576 1385 1615 1420 τῷ
1636 1384 1745 1420 μοναχῷ
1759 1384 1795 1411 τὰ

1004 1431 1067 1468 τρία
1079 1431 1179 1458 ταῦτα’
1200 1432 1217 1467 ἡ
1237 1431 1362 1464 ξενιτεία,
1380 1432 1397 1466 ἡ
1413 1430 1544 1466 πτωχεία,
1562 1431 1608 1458 καὶ
1625 1431 1642 1466 ὴ
1661 1430 1750 1466 «tm-ﬁ)
1766 1431 1796 1456 ὲν

1005 1477 1020 1503 ὑ
1025 1486 1058 1503 πο
1061 1479 1140 1513 μονῇ.

1242 1534 1312 1568 Περὶ
1328 1534 1380 1561 τοῦ
1394 1533 1469 1561 ἀσϐᾰ
1486 1534 1560 1561 ‘Ai‘u’i.

1045 1591 1157 1625 Ἔλεγον
1187 1591 1252 1626 περί
1281 1599 1355 1622 τινος
1383 1591 1510 1626 γέροντος
1536 1592 1575 1622 είς
1601 1591 1650 1625 τὴν
1676 1589 1796 1625 Θηϐαΐδα

1009 1637 1081 1665 esca
1109 1637 1256 1668 Ἀντιανοῦ,
1280 1637 1321 1663 ὅτι
1349 1637 1447 1668 πολλὰς
1467 1637 1603 1668 πολιτείας
1624 1637 1749 1672 ἐποίησεν
1769 1637 1798 1663 ὲν

1008 1685 1041 1719 τῇ
1055 1684 1161 1718 νεότητι
1176 1683 1269 1714 αὑτοῦ,
1288 1683 1334 1709 καὶ
1351 1683 1390 1714 εἰς
1410 1682 1439 1708 τὸ
1455 1683 1543 1717 γῆρας
1559 1682 1640 1708 αὺτοῦ
1656 1681 1798 1716 ἠσθένησε,

1009 1731 1056 1756 καὶ
1071 1729 1223 1764 ἐτυφλώθη,
1237 1730 1284 1755 καὶ
1298 1728 1396 1764 πολλὴν
1412 1728 1583 1764 παράκλησιν
1596 1729 1619 1754 οί
1631 1727 1741 1762 ἀδελφοὶ
1755 1727 1799 1754 διὰ

1009 1775 1058 1810 τὴν
1072 1774 1152 1801 αὑτοῦ
1164 1774 1306 1801 ἀσθένειαν
1316 1774 1434 1805 ἐποίουν,
1447 1774 1493 1800 καὶ
1504 1773 1599 1799 ἕὸαλον
1611 1774 1649 1805 εἰς
1665 1772 1696 1799 τὸ
1712 1773 1799 1807 στόμα

1010 1821 1092 1848 αὑτοῦ
1104 1829 1110 1836 ·
1131 1821 1179 1847 καὶ
1193 1821 1337 1857 ἠρώτησαν
1354 1820 1399 1846 τὸν
1419 1820 1506 1846 ὰ66ᾶν
1522 1819 1587 1845 ’Δῐὼ
1607 1819 1670 1854 περὶ
1694 1819 1798 1845 τούτου·

1011 1866 1044 1893 Τί
1059 1866 1162 1901 γίνεται
1178 1866 1220 1892 διὰ
1235 1867 1285 1902 τὴν
1301 1866 1401 1900 πολλὴν
1421 1865 1592 1901 παράκλησιν
1606 1866 1725 1901 ταύτην;
1745 1865 1799 1892 Καὶ

1011 1911 1084 1946 λέγει
1108 1913 1211 1944 αὐτοῖς’
1231 1912 1310 1946 Λέγω
1329 1912 1404 1946 ὑμῖν,
1425 1912 1465 1938 ὅτι
1490 1911 1536 1938 ἐὰν
1559 1913 1576 1947 ἡ
1600 1911 1698 1947 καρδία
1717 1911 1798 1938 αὐτοῦ

1013 1959 1087 1995 θέλῃ,
1105 1959 1152 1985 καὶ
1167 1958 1371 1994 συγκαταϐαίνῃ
1388 1957 1482 1993 ἡδέως.
1506 1958 1554 1984 ἐὰν
1570 1957 1644 1993 φάγῃ
1664 1957 1692 1984 ἓν
1715 1957 1800 1992 φοινι-

983 2034 987 2035 ν
1013 2014 1066 2036 κιν,
1079 2007 1093 2032 ὁ
1105 2005 1171 2036 Θεὸς
1185 2005 1256 2040 αἴρει
1273 2004 1338 2031 αὐτὸ
1354 2005 1388 2030 ἐκ
1401 2004 1447 2030 τοῦ
1464 2004 1547 2030 κόπου
1561 2003 1708 2030 αὑτοῦ-ἐὰν
1719 2003 1747 2030 δὲ
1763 2004 1801 2040 μὴ

1014 2051 1227 2086 συγχαταὸαίνῃ,
1242 2050 1310 2077 ἀλλὰ
1333 2050 1370 2085 μὴ
1388 2049 1470 2076 θέλων
1485 2049 1621 2086 λαμϐάνῃ,
1641 2051 1654 2076 ὁ
1673 2048 1738 2080 Θεὸς
1754 2058 1802 2083 τη-

1014 2097 1056 2132 ρεῖ
1071 2096 1116 2122 τὸν
1136 2096 1219 2122 κόπον
1237 2095 1319 2122 αὑτοῦ
1337 2095 1415 2127 σῶον,
1438 2096 1479 2122 ὅτι
1502 2095 1539 2131 μὴ
1561 2095 1645 2122 θέλων
1663 2095 1800 2130 pacem;-

1013 2141 1133 2168 κάκεῖνοι
1148 2141 1194 2167 τὸν
1211 2140 1304 2167 μισθὸν
1318 2140 1434 2175 ἔχουσιν.

1196 2239 1263 2273 Περὶ
1280 2239 1333 2265 τοῦ
1348 2238 1423 2265 ἀεῖίὶ
1444 2237 1620 2273 Ἀμμωναθᾶ.

1051 2291 1136 2320 Ἦλθὲ
1151 2293 1215 2320 ποτὲ
1228 2302 1269 2325 τις
1282 2293 1371 2329 ἄρχων
1383 2294 1423 2326 εἰς
1436 2293 1466 2320 τὸ
1476 2293 1634 2328 Πηλούσιον,
1648 2294 1695 2320 καὶ
1709 2293 1803 2328 ἤθελεν

1017 2339 1167 2373 ἀπαιτῆσαι
1198 2339 1380 2373 ὲπικεφάλαια
1407 2339 1470 2371 τοὺς
1502 2340 1652 2374 μοναχοὺς,
1679 2339 1804 2376 καθάπερ

1017 2385 1064 2411 καὶ
1077 2385 1139 2416 τοὺς
1157 2385 1314 2420 κοσμικούς.
1328 2385 1383 2412 Καὶ
1400 2384 1572 2420 συνήχθησαν
1588 2385 1643 2411 ὅλοι
1660 2387 1683 2411 οἱ
1696 2385 1806 2422 ἀδελφοὶ

1017 2431 1086 2466 πρὸς
1098 2431 1144 2457 τὸν
1161 2431 1248 2458 ἁϐδᾶν
1269 2432 1450 2466 Ἀμμωναθιῑν
1462 2432 1525 2466 περὶ
1543 2431 1649 2464 τούτου,
1672 2433 1719 2458 καὶ
1741 2432 1806 2468 ἑψη-

1017 2476 1129 2510 φίσαντὸ
1147 2485 1221 2508 τινας
1232 2477 1285 2502 τῶν
1304 2476 1432 2511 Πατέρων
1448 2477 1566 2503 ἀνελθεῖν
1581 2477 1604 2493 ⁸⁸
1614 2477 1682 2513 πρὸς
1696 2477 1741 2504 τὸν
1756 2477 1804 2512 βα-

1017 2522 1102 2549 σιλέα.
1130 2523 1185 2549 Καὶ
1206 2522 1281 2556 λέγει
1305 2522 1397 2554 αὐτοῖς
1419 2523 1433 2549 ὁ
1452 2522 1538 2554 ἀϐδᾶς
1553 2523 1752 2558 ’Δμμωναῦἄς-
1766 2524 1804 2550 Οὺ

1016 2569 1095 2604 χρεία
1112 2569 1159 2595 τοῦ
1175 2568 1295 2604 σκυλμοῦ
1313 2569 1424 2596 τούτου·
1442 2569 1510 2595 ἀλλὰ
1531 2569 1630 2604 μᾶλλον
1652 2569 1804 2604 ἡσυχάσατε

1016 2614 1057 2644 εἰς
1075 2613 1109 2640 τὰ
1128 2613 1220 2640 κελλία
1233 2613 1318 2648 ὑμῶν,
1336 2614 1382 2640 καὶ
1404 2613 1569 2648 νηστεύσατε
1584 2614 1630 2640 δύο
1646 2614 1805 2648 ἐῦδομάδας,

1017 2660 1064 2686 καὶ
1079 2661 1111 2694 τῇ
1125 2659 1216 2695 χάριτι
1232 2658 1278 2685 τοῦ
1299 2659 1417 2694 Χριστοῦ
1433 2659 1488 2693 ἐγὼ
1505 2660 1583 2695 μόνος
1606 2660 1676 2686 ποιῶ
1692 2659 1721 2685 τὸ
1737 2660 1822 2695 πρᾶί

1017 2712 1085 2739 γμα.
1104 2704 1159 2730 Καὶ
1174 2703 1296 2739 ἀπῆλθον
1310 2706 1334 2730 οἱ
1351 2705 1460 2739 ἀδελφοὶ
1481 2707 1520 2737 είς
1536 2706 1570 2732 τὰ
1583 2706 1674 2732 κελλία
1688 2705 1806 2733 ἑαυτῶν·

1021 2848 1090 2902 xv",
1105 2840 1151 2873 24,
1167 2840 1204 2872 ῶς
1221 2840 1364 2876 ἄνθρωπος
1382 2842 1516 2876 ἥμαρτον,
1532 2842 1570 2874 ὡς
1585 2843 1656 2875 Θεὸς
1666 2843 1812 2880 συγχώρη-
