1971 3068
188 130 235 159 ιιι
737 126 1042 154 APOPHTHEGMATA
1058 125 1208 153 PATRUM.

1755 130 1766 158 1
1778 132 1806 159 ’t‘i

184 194 226 220 γει
247 193 292 220 μοι
314 185 329 210 ὸ
348 185 449 220 γέρων·
473 184 567 220 Δεῦρο,
596 184 703 217 ἀδελφὲ,
734 185 915 219 συστείλωμεν
941 184 969 210 τὸ

1027 184 1146 212 venimus
1157 192 1218 211 eum
1232 187 1319 211 morte
1327 189 1555 212 consummatum.
1570 186 1614 213 Ait
1624 186 1689 213 mihi
1703 195 1803 217 senex:

184 232 264 266 σῶμα
281 231 379 257 αὑτοῦ·
406 232 446 262 είς
466 230 521 266 γὰρ
542 229 619 257 τοῦτο
640 229 762 264 ἔπεμψεν
782 231 855 264 ἡμᾶς
871 230 885 256 ὁ
904 229 970 261 θεὸς

183 274 244 305 ὦδε.
261 277 461 303 Συστελλόντων
476 276 505 302 δὲ
519 276 596 311 ἡμῶν
618 277 656 307 είς
672 276 702 301 τὺ
719 275 801 310 θάψαι
818 275 908 306 αὐτὸν,
925 275 969 301 εὖ-

185 332 267 358 ρομεν
278 323 321 349 ὅτι
335 323 404 357 γυνὴ
415 320 448 357 ἦν
458 323 490 357 τῇ
504 322 592 356 φύσει.
607 321 662 348 Καὶ
677 321 831 356 ἐθαύμασεν
845 323 859 348 ὁ
870 321 968 356 γέρων,

185 369 230 395 καὶ
244 367 335 395 εἶπεν·
354 368 407 394 Ἴδε
422 368 481 400 πῶς
496 368 544 394 καὶ
560 369 689 401 γυναῖκες
699 367 914 394 καταπαλαίουσι
925 368 970 394 τὸν

183 415 313 447 Σατανᾶν,
334 415 381 440 καὶ
397 415 476 449 ἡμεῖς
493 415 522 440 ὲν
543 416 603 445 ταῖς
621 414 728 440 πόλεσιν
750 413 968 449 ἁσχημονοῦμεν.

182 461 239 487 Καὶ
258 460 417 492 δοξάσαντες
429 460 474 486 τὸν
489 459 555 486 Θεὸν
566 459 612 486 τὸν
622 459 828 495 ὑπερασπιστὴν
840 459 893 486 τῶν
905 460 970 492 ἀγα·

185 506 296 533 πώντων
311 505 402 538 αὑτὸν,
422 506 636 541 ἀνεχωρήσαμεν
650 505 763 532 ἐκεῖθεν.

219 598 248 621 ι’.
264 592 348 621 Ἦλθὲ
363 594 404 626 τις
419 602 483 620 ποτε
499 593 721 629 δαιμονιζόμενος
740 594 780 625 εἰς
792 593 841 629 τὴν
857 593 968 628 Σκῆτιν,

182 640 230 667 καὶ
246 640 351 674 ἐγένετο
362 639 428 675 εὐχὴ
439 640 502 675 περὶ
515 639 597 666 αὑτοῦ
609 639 638 664 ἐν
652 640 684 675 τῇ
700 639 842 674 ἐκκλησία,
859 640 905 665 καὶ
920 639 969 665 οὐκ

184 686 313 721 ἐξήρχετο
328 687 342 711 ὁ
362 685 465 720 δαίμων
477 693 484 700 °
503 683 537 720 ἦν
553 685 607 720 γὰρ
624 685 750 720 σκληρός.
772 685 826 711 Καὶ
843 685 969 718 λέγουσιν

137 744 147 749 ~
183 732 209 757 οι
224 730 348 766 κληρικοί
359 739 365 744 ·
388 730 420 756 Τί
438 730 536 764 ἔχομεν
554 730 666 765 ποιῆσαι
682 729 721 765 τῷ
736 730 842 764 δαίμονι
864 728 968 763 Today;

183 777 271 807 οὐδεὶς
287 776 398 803 δύναται
418 776 498 802 αὺτὸν
515 775 650 806 ἐκϐαλεῖν,
664 776 688 801 εί
708 775 744 811 μὴ
760 776 774 801 ὁ
792 775 876 806 ἁϐϐᾶς
890 776 971 801 Βισα-

185 823 250 859 ρίων
261 831 268 837 ·
285 823 330 849 καὶ
345 822 391 848 ἐὰν
409 821 489 848 αὐτὸν
506 821 739 857 παρακαλέσωμεν
753 821 773 854 ³,
790 822 850 848 οὐδὲ
867 823 906 853 είς
920 821 970 857 τὴν

1023 229 1101 262 \‘eni,
1124 229 1218 262 frater,
1239 237 1435 264 componamus
1458 238 1557 266 corpus
1587 232 1656 266 ejus.
1684 233 1725 260 Ad
1753 234 1807 263 hoc

1021 277 1091 303 enim
1104 276 1177 303 misit
1190 284 1239 303 nos
1256 276 1325 303 Deus
1337 277 1400 303 huc.
1414 276 1482 304 Cum
1498 285 1562 312 ergo
1577 285 1806 312 componeremus

1021 322 1053 348 ad
1078 322 1255 356 sepulturam,
1283 322 1436 350 invenimus
1462 323 1604 351 mulierem
1633 331 1703 351 esse.
1733 324 1803 351 Tum

1020 367 1170 394 admiratus
1196 375 1295 399 senex,
1326 367 1352 394 in
1381 367 1438 395 haec
1464 369 1588 404 prorupit
1611 370 1692 397 verba
1710 379 1717 398 :
1735 370 1805 398 Ecce

1019 413 1157 448 quomodo
1184 414 1264 440 etiam
1289 413 1394 440 femiuze
1423 419 1552 449 superant
1576 415 1723 448 daemones,
1753 424 1803 444 nos

1020 467 1085 486 vero
1104 458 1144 486 'in
1172 459 1286 487 urbibus
1309 459 1436 488 indecore
1461 462 1575 495 agimus.
1603 462 1691 495 Atque
1721 461 1805 496 glori-

1021 506 1099 533 ﬁcato
1117 506 1184 536 Deo.
1205 506 1250 540 qui
1273 509 1410 540 protector
1433 511 1475 533 est
1495 507 1662 542 diligentium
1686 514 1725 540 se,
1742 508 1804 535 inde

1020 552 1192 579 secessimus.

1023 611 1025 614 ν
1054 597 1080 624 5.
1097 597 1152 632 (80)
1168 597 1267 625 Scetim
1279 598 1352 625 venit
1362 598 1508 632 aliquando
1517 598 1745 632 daemoniacus,et
1754 607 1804 635 pro

1020 650 1053 670 eo
1063 642 1134 670 facta
1149 647 1188 669 est
1204 643 1291 670 oratio
1307 644 1334 670 in
1351 644 1485 675 ecclesia;
1507 651 1602 670 verum
1626 645 1730 671 daemon
1749 653 1803 672 non

1019 688 1223 722 egrediebatur;
1242 693 1300 715 erat
1313 688 1385 714 enim
1402 689 1594 715 saevus.Aiunt
1608 689 1700 715 clerici
1715 699 1720 715 :
1733 689 1802 722 Quid

1020 733 1151 761 habemus
1174 734 1263 760 facere
1284 733 1415 761 adversus
1438 733 1509 760 hunc
1530 733 1697 761 daemonem?
1717 734 1804 762 Nemo

1020 783 1108 814 potest
1122 787 1183 806 eum
1197 779 1306 813 ejicere,
1325 780 1376 806 nisi
1391 779 1475 806 abbas
1493 779 1620 813 Bcsario;
1639 780 1686 808 sed
1703 781 1725 808 si
1740 789 1803 808 eum

1021 827 1217 862 rogaverimus,
1230 834 1317 860 neque
1333 827 1358 853 in
1375 827 1518 854 ecclesiam
1533 830 1665 855 venturus
1676 831 1728 855 est.
1746 827 1804 854 Hoc

183 867 332 903 ἐκκλησίαν
347 867 466 903 ἔρχεται.
483 866 567 893 Τοῦτο
580 865 627 893 οὖν
639 867 795 902 ποιήσωμεν
805 875 811 881 ·
829 867 882 893 ἱδοίι
895 866 969 902 ἔρχε-

1027 881 1086 907 ergo
1102 872 1233 900 faciamus
1249 882 1255 899 :
1271 880 1335 900 ecce
1352 872 1424 899 venit
1440 880 1517 900 mane
1535 874 1568 900 ad
1583 874 1726 900 ecclesiam
1741 879 1804 900 ante

183 923 230 940 ται
246 913 318 949 πρωϊ
328 913 380 949 πρὸ
395 913 504 940 πάντων
516 913 557 943 εἰς
571 912 619 947 τὴν
632 913 793 947 ἐκκλησίαν·
812 912 968 948 ποιήσωμεν

183 960 229 987 τὸν
241 960 378 994 πάσχοντα
389 959 554 994 καθευδῆσαι
567 960 576 975 θ
590 959 630 990 είς
646 958 691 985 τὸν
708 959 788 984 τόπον
803 958 884 985 αὐτοῦ
897 967 904 973 ·
922 958 969 984 καὶ¹

183 1005 228 1031 ὅτε
243 1005 407 1039 εἰσέρχεται,
420 1004 526 1039 στῶμεν
536 1005 575 1035 είς
586 1003 678 1039 εὐχὴν,
690 1004 736 1029 καὶ
750 1002 871 1038 εἴπωμεν
879 1002 952 1038 αὐτῷ
961 1011 967 1017 '

189 1049 356 1084 Ἐξύπνησον
378 1049 424 1075 καλ⁴
447 1048 493 1075 τὸν
514 1048 640 1081 ἀδελφὸν.
664 1047 744 1073 ἀὸϐἂ.
772 1047 918 1082 Ἐποίησαν
940 1047 968 1072 δὲ

183 1094 279 1126 οὕτως,
305 1094 352 1120 καὶ
367 1094 489 1126 ἐλθόντος
504 1093 551 1120 τοῦ
568 1093 694 1129 γέροντος
712 1092 793 1129 πρωῒ,
816 1093 968 1128 ἐστάθησαν

183 1141 226 1172 είς
241 1140 332 1175 εὐχὴν,
352 1140 399 1166 καὶ
417 1139 539 1173 λέγουσιν
565 1139 655 1174 αὺτῷ-
675 1138 840 1173 Ὲξύπνησον
855 1138 901 1164 καὶ
918 1138 964 1164 τὸν

183 1185 307 1220 ἀδελφόν.
322 1185 377 1211 Καὶ
391 1183 465 1211 εἶπεν
482 1185 554 1220 αὺτῷ
568 1186 582 1212 ὁ
595 1185 685 1220 γέρων
699 1193 705 1199 -
730 1184 861 1214 Ἀνάστα,
879 1182 967 1214 ἔξελθε

183 1232 246 1265 ἔξω.
261 1232 316 1259 Καὶ
337 1232 436 1263 εὐθέως
452 1231 561 1267 ἐξῆλθεν
583 1231 630 1258 ἀπ’
655 1229 736 1257 αὑτοῦ
755 1230 769 1255 ὁ
787 1229 901 1264 δαίμων,
921 1229 968 1254 καὶ

184 1278 248 1314 ὶὰθη
263 1279 316 1305 ἀπὸ
330 1280 376 1311 τῆς
395 1278 468 1313 ὥρας
480 1278 599 1312 ἐκείνης.

221 1329 258 1357 ς’.
270 1323 353 1351 Εἶπεν
364 1326 378 1350 ὁ
394 1324 479 1355 ὰεὶὖᾶς
490 1323 631 1359 Βισαρίων,
641 1323 681 1349 ὅτι
699 1321 906 1357 Τεσσαράκοντα
924 1330 969 1347 νυ-

183 1369 312 1405 χθήμερα
327 1368 421 1403 ἔμεινα
447 1369 528 1403 μέσον
543 1368 665 1402 ράμνων,
681 1367 796 1401 στήκων,
814 1365 851 1400 μὴ
867 1360 968 1400 κοιμώ-

186 1424 276 1450 μενος.

220 1460 253 1492 ζ’.
283 1459 408 1494 ’Λδελφός
426 1468 474 1490 ,τις
492 1459 653 1494 ἁμαρτήσας
681 1457 826 1493 ἐχωρίζετο
846 1458 899 1484 ὑπὸ
921 1456 968 1483 τοῦ

184 1507 370 1543 πρεσϐυτέρου
381 1507 412 1532 ἐκ
428 1506 475 1540 τῆς
489 1505 644 1540 ἐκκλησίας.
654 1504 682 1530 '0
696 1504 723 1530 δὲ
737 1503 823 1535 ἀὸὅᾶς
834 1504 967 1540 Βισαρίων

1021 926 1138 952 omnes;
1161 926 1294 954 ponamus
1316 919 1389 946 hunc
1412 918 1575 946 daemonium
1602 920 1747 954 patientem
1775 920 1803 947 in

1021 964 1080 991 loco
1096 964 1191 999 ipsius,
1207 965 1285 999 quasi
1299 964 1476 992 dormientem
1489 973 1495 995 ;
1507 968 1539 998 et
1553 972 1613 991 cum
1626 965 1802 999 ingredietur,

1020 1015 1124 1036 stemus
1144 1010 1176 1036 ad
1193 1010 1359 1040 orationem,
1382 1017 1414 1036 ac
1429 1009 1553 1037 dicamus
1567 1009 1592 1036 ei
1611 1018 1617 1036 :
1636 1009 1730 1037 Excita
1749 1010 1804 1036 fra-

1020 1059 1103 1085 trem.
1128 1053 1207 1080 abba.
1234 1053 1322 1088 Atque
1347 1054 1382 1080 ita
1403 1053 1535 1080 fecerunt.
1560 1053 1713 1082 Accedente
1739 1062 1804 1081 seno

1020 1106 1109 1130 tuane,
1128 1103 1261 1126 steterunt
1271 1099 1303 1124 ad
1326 1099 1488 1129 orationem,
1503 1103 1529 1125 et
1545 1099 1622 1125 aiunt
1635 1099 1660 1125 ei
1678 1109 1684 1126 :
1711 1099 1804 1127 Exeita

1019 1144 1140 1179 fratrem.
1154 1144 1221 1171 Tum
1233 1144 1301 1172 dixit
1311 1145 1335 1172 ei
1350 1143 1567 1179 senemr’Surge,
1580 1144 1706 1179 egredere
1718 1145 1802 1172 foras.

1021 1190 1173 1224 Statimque
1185 1191 1250 1217 exiit
1263 1190 1297 1217 ab
1311 1197 1343 1216 eo
1356 1189 1473 1222 daemon,
1488 1193 1515 1216 et
1530 1193 1642 1216 sanatus
1660 1194 1744 1217 estex
1760 1191 1803 1217 iila

1019 1236 1094 1262 liora.

1055 1319 1081 1346 6.
1093 1320 1193 1356 (Si-82)
1202 1320 1272 1348 Dixit
1284 1322 1367 1349 abbas
1377 1321 1485 1349 Besario
1495 1331 1500 1347 :
1511 1322 1694 1357 Quadraginta
1704 1323 1762 1351 dies
1773 1332 1804 1352 ac

1021 1370 1116 1393 noctes
1134 1367 1220 1393 mansi
1237 1366 1307 1393 inter
1321 1366 1425 1401 spinas,
1441 1371 1528 1399 stans,
1545 1375 1594 1395 nec
1610 1369 1757 1395 dormiens.

1056 1454 1080 1481 7.
1098 1455 1153 1489 (85)
1168 1454 1282 1488 Quidam
1299 1455 1382 1483 frater
1395 1457 1440 1491 qui
1457 1462 1629 1492 peccaverat,
1647 1463 1804 1493 segregatus

1022 1506 1070 1533 per
1085 1499 1272 1534 presbyterum
1293 1501 1479 1534 expellebatur
1502 1502 1535 1528 ab
1557 1503 1686 1531 ecclesia.
1711 1504 1802 1531 Abbas

182 1552 304 1583 ἀναστὰς
326 1550 486 1586 συνεξῆλθεν
502 1550 586 1585 αὐτῷ,
601 1549 697 1583 λέγων,
713 1549 753 1575 ὅτι
776 1548 860 1583 Κάγὼ
880 1550 968 1585 ἀμαρ-

1027 1547 1109 1571 mtem
1128 1544 1238 1572 Besario
1264 1553 1394 1580 surgens,
1417 1555 1544 1581 egressus
1559 1553 1600 1575 est
1618 1556 1680 1575 cum
1694 1556 1741 1581 eo,
1762 1550 1805 1577 bis

184 1599 268 1631 τωλός
280 1599 346 1633 εἰμι.

220 1649 256 1681 η’.
277 1646 306 1672 ’0
329 1643 410 1675 αὐτὸς
424 1643 510 1674 ἁϐὖᾶς
526 1641 660 1676 Βισαρίων
675 1639 761 1671 εἶπεν,
777 1641 818 1667 ὅτι
830 1641 969 1676 Τεσσαρᾶ-

183 1700 268 1719 κοντα
283 1691 330 1726 ἔτη
343 1691 393 1717 οὐκ
407 1689 491 1724 ἔθηκα
506 1688 600 1714 ἑαυτὸν
609 1687 770 1722 ἐπιπλευρὺν
783 1687 815 1720 ¹⁰,
824 1687 890 1713 ἀλλὰ
903 1686 970 1713 καθ-

184 1739 285 1774 ήμενος
300 1737 315 1772 ἢ
334 1737 438 1771 στήκων
455 1733 622 1769 ὲκοιμώμην.

221 1783 255 1809 θ’.
278 1782 306 1808 ὐ
322 1781 402 1812 αὐτὸς
415 1778 490 1807 εἶπεν
500 1788 507 1794 ·
526 1780 609 1806 Ὅταν
622 1780 650 1805 ὲν
665 1779 760 1815 εἰρήνῃ
774 1779 909 1814 τυγχάνῃς
924 1778 969 1804 καὶ

183 1829 214 1855 οὗ
233 1827 402 1863 πολεμῆσαι,
417 1826 476 1853 τότε
493 1826 592 1861 μᾶλλον
607 1824 745 1856 ταπεινοῦ,
768 1825 866 1860 μήπως
883 1824 971 1858 χαρᾶς

184 1874 329 1909 ἀλλοτρίας
349 1871 557 1906 ἐπεισελθούσης
581 1869 796 1906 καυχησώμεθα,
816 1869 862 1896 καὶ
885 1877 971 1904 παρα-

185 1921 308 1955 δοθῶμεν
322 1920 362 1951 εἰς
388 1919 515 1953 πόλεμον.
532 1918 666 1946 Πολλάκις
681 1916 735 1952 γὰρ
751 1918 765 1943 ὁ
783 1916 848 1947 θεὸς
863 1915 906 1942 διὰ
922 1914 971 1946 τὰς

186 1963 328 1994 ἀσθενείας
342 1962 420 1998 ἡμῶν
436 1962 467 1988 οὐ
488 1962 626 1998 συγχωρεῖ
648 1961 718 1995 ἡμᾶς
735 1960 921 1995 παραδοθῆναι
936 1960 969 1991 ’⁸,

186 2011 229 2037 ίνα
247 2010 284 2045 μὴ
300 2008 472 2043 ἀπολώμεθα.

223 2059 248 2084 ι’.
271 2056 394 2090 Ἀδελφδς
412 2054 542 2081 συνοικῶν
557 2053 678 2088 ἀδελφοῖς
689 2052 814 2090 ἠρώτησε
828 2053 872 2078 τὸν
884 2051 970 2078 ἀὸὃᾱν

187 2103 351 2137 Βισαρέωνα-
361 2101 393 2128 Τί
407 2102 528 2134 menso);
544 2100 625 2134 Λέγει
636 2100 710 2135 αὐτῷ
721 2101 735 2126 ὁ
752 2099 850 2133 γέρων·
866 2097 968 2129 Σιώπα,

187 2149 233 2176 καὶ
249 2148 286 2184 μὴ
303 2148 442 2183 μετρήσῃς
453 2147 558 2174 ἑαυτόν.

223 2237 267 2261 ια’.
297 2234 328 2260 '0
348 2233 436 2264 ὰΰΰᾶς
457 2232 592 2268 Βισαρίων
610 2231 788 2268 ἀποθνήσκων
803 2230 906 2264 ἔλεγεν,
930 2229 969 2255 ὃτι
987 2227 1008 2253 D

186 2280 286 2314 ὀφείλει
306 2278 374 2306 εἶναι
389 2281 403 2305 ὁ
419 2278 546 2314 μοναχδς,
561 2277 597 2310 ὡς
612 2277 646 2304 τὰ
671 2275 804 2313 χερουὸὶμ
819 2275 867 2302 καὶ
878 2275 911 2301 τὰ
928 2283 971 2300 σε-

186 2325 285 2360 ραφὶμ,
301 2324 358 2356 ὅλος
370 2324 519 2359 ὀφθαλμός.

223 2370 258 2405 ιβ’
284 2371 455 2405 Διηγήσαντο
471 2371 494 2396 οἱ
512 2370 631 2406 μαθηταὶ
644 2369 691 2396 τοῦ
707 2369 778 2396 ἁϐὃᾶ
793 2368 968 2404 Βισαρίωνος⁹

185 2414 232 2441 τὸν
241 2415 296 2449 βίον
312 2415 392 2442 αὐτοῦ
403 2415 490 2447 οὕτως
503 2415 676 2450 γεγενῆσθαι,
692 2416 728 2447 ὡς
736 2416 766 2442 ’ἐν
773 2424 799 2441 τι
807 2414 860 2441 τῶν
870 2414 970 2449 ἀερίων

186 2462 297 2496 πτηνῶν
313 2463 329 2498 ἢ
347 2463 453 2498 νηκτῶν
467 2463 483 2498 ἢ
506 2462 640 2497 χερσαίων
655 2461 741 2493 ζώων,
756 2462 898 2496 ἀταράχως
923 2460 970 2486 καὶ

185 2507 344 2542 ἀμερίμνως
357 2508 445 2534 πάντα
458 2508 501 2534 τὸν
513 2507 562 2541 τῆς
581 2507 654 2541 ζωῆς
668 2505 750 2534 αὐτοῦ
769 2507 866 2542 χρόνον
880 2506 971 2531 διατε-

185 2551 303 2580 λέσαντα
310 2554 341 2579 ¹¹.
351 2553 388 2579 Οὐ
395 2553 448 2589 γὰρ
455 2553 642 2588 φροντὶςοῐκου
652 2553 714 2588 παρ’
724 2551 806 2578 αὐτοῦ
815 2551 970 2586 ὲμελεέᾶτο,

221 2654 233 2669 ³
245 2655 288 2680 Al.
304 2654 367 2681 add.
399 2655 463 2688 περὶ
483 2655 589 2682 τούτου.
637 2654 699 2682 Ἀί.
715 2655 835 2682 καθίσαι.

185 2689 209 2706 ¹¹
228 2690 271 2716 Al.
289 2689 447 2720 διατελέσας
463 2694 490 2718 et
504 2690 665 2717 διατελέσαι.

221 2759 280 2792 (80)
303 2759 356 2785 Vt't.
372 2757 447 2785 Patr.
465 2767 495 2790 ιι,
511 2761 538 2786 4.

221 2793 329 2826 (δι-82)
350 2793 399 2819 Vit.
420 2794 497 2820 Patr.
518 2803 562 2824 \'ll,
576 2796 592 2822 4

221 2828 279 2863 ‘55)
308 2828 358 2856 Vit.
373 2828 450 2856 Patr.
467 2837 502 2863 ix,
519 2829 545 2855 2.

889 2654 909 2668 ¹⁰
926 2653 966 2680 Al.
989 2652 1035 2679 ἐπὶ
1068 2651 1192 2686 πλευρόν.

1021 1590 1134 1624 prolatis
1146 1591 1237 1617 verbis
1253 1600 1259 1617 :
1276 1590 1332 1626 Ego
1348 1599 1456 1627 quoque
1472 1600 1598 1627 peccator
1613 1602 1685 1622 sum.

1055 1636 1081 1663 8.
1100 1635 1170 1663 Idem
1186 1637 1268 1664 abbas
1284 1637 1393 1666 Besario
1411 1639 1478 1666 dixit
1494 1649 1499 1666 :
1517 1639 1568 1667 Per
1580 1647 1666 1668 annos
1686 1643 1804 1676 quadra-

1020 1681 1094 1716 ginta
1112 1689 1165 1708 non
1187 1683 1298 1709 recubui
1320 1691 1402 1718 super
1419 1685 1499 1717 latus,
1513 1685 1560 1712 sed
1584 1691 1630 1713 aut
1646 1688 1743 1715 sedens
1755 1693 1804 1715 aut

1020 1731 1097 1755 stans
1111 1727 1288 1755 dormiebam.

1056 1773 1082 1800 9.
1100 1773 1124 1801 Is
1138 1774 1195 1808 ipse
1211 1776 1334 1802 monuit:
1351 1774 1464 1809 Quando
1482 1777 1508 1804 in
1525 1785 1590 1812 pace
1605 1778 1695 1813 degis,
1716 1788 1805 1816 neque

1021 1818 1202 1854 impugnaris,
1218 1824 1283 1847 tunc
1295 1821 1380 1855 magis
1391 1821 1519 1849 humilem
1537 1827 1562 1850 te
1576 1824 1680 1858 praebe,
1690 1832 1724 1851 ne.
1735 1825 1804 1851 forte

1021 1865 1119 1899 gaudio
1134 1870 1263 1892 extraneo
1281 1866 1417 1902 irrepente
1437 1868 1594 1903 gloriemur,
1609 1870 1803 1906 tradamurqnc

1021 1911 1054 1936 ad
1072 1915 1220 1937 certamen.
1246 1911 1311 1938 Nam
1336 1912 1406 1940 Deus
1428 1921 1499 1947 smpe
1511 1921 1564 1940 non
1582 1915 1727 1949 permittit,
1741 1923 1804 1950 pro-

1021 1959 1082 1989 pter
1094 1955 1265 1983 inﬁrmitates
1282 1962 1403 1989 nostras,
1420 1963 1448 1984 ut
1463 1958 1533 1986 bello
1552 1967 1583 1987 ac
1598 1960 1739 1988 tentatioui
1753 1967 1806 1988 tra-

1021 2000 1129 2032 damur,
1150 2009 1184 2029 ne
1203 2009 1358 2036 pereamus.

1058 2046 1100 2073 10.
1119 2047 1174 2082 (84)
1187 2047 1282 2075 Frater
1299 2055 1473 2076 commorans
1490 2058 1551 2077 cum
1570 2051 1700 2080 fratribus
1720 2053 1804 2080 inter-

1022 2094 1127 2128 rogavit
1147 2093 1270 2122 abbatem
1285 2093 1468 2127 Besarionem,
1492 2097 1556 2131 quid
1572 2098 1624 2124 sibi
1644 2106 1712 2133 opus
1733 2100 1805 2126 facto

1022 2142 1106 2165 esset.
1132 2137 1280 2174 Respondit
1304 2146 1387 2166 senex
1405 2150 1410 2166 :
1429 2139 1515 2172 Tace,
1539 2149 1588 2168 nec
1608 2146 1635 2169 te
1657 2150 1718 2169 curn
1745 2143 1805 2170 aliis

1023 2184 1153 2211 metiaris.

1060 2228 1102 2255 ll.
1117 2229 1173 2264 (85}
1190 2229 1281 2257 Abbas
1297 2229 1421 2262 Bcsario,
1443 2231 1560 2259 moriens
1579 2232 1683 2260 dicebat
1699 2242 1705 2259 :
1724 2232 1807 2260 Debet

1024 2275 1189 2307 monachus,
1206 2275 1289 2302 instar
1309 2276 1521 2303 clterubinorum
1541 2282 1567 2304 et
1586 2279 1804 2313 seraphinorum,

1024 2323 1097 2347 totus
1110 2329 1170 2347 csse
1187 2322 1294 2348 oculus.

1060 2367 1103 2393 1‘2.
1125 2366 1308 2394 Narraveruut
1324 2369 1429 2395 abbatis
1443 2369 1596 2397 Besarionis
1613 2370 1751 2405 discipuli,
1768 2371 1805 2398 ita

1025 2413 1108 2440 fuisse
1134 2413 1214 2439 vitam
1235 2414 1321 2446 illitis,
1344 2415 1569 2448 quemadmodum
1591 2416 1705 2449 alicujus
1726 2419 1806 2445 aeria:

1025 2459 1097 2490 avis.
1128 2463 1174 2485 aut
1200 2459 1298 2494 piscis,
1324 2465 1371 2486 aut
1395 2461 1533 2488 terrestris
1556 2461 1698 2494 animalis;
1726 2471 1807 2490 omne

1024 2504 1095 2530 enim
1113 2504 1173 2530 vita:
1195 2511 1252 2530 sua:
1277 2508 1383 2539 tempus
1410 2505 1512 2540 absque
1533 2507 1655 2540 molestia
1683 2513 1709 2534 et
1734 2511 1807 2535 curis

1026 2550 1171 2584 peregisse.
1190 2549 1256 2576 Nam
1280 2558 1329 2577 nec
1343 2550 1440 2578 domus
1457 2559 1520 2578 cura
1539 2559 1586 2587 per
1608 2560 1669 2580 eum
1685 2554 1808 2588 agitaba-

1233 2653 1252 2668 “
1274 2652 1316 2678 Al.
1353 2655 1489 2689 συγχωρεῖ
1516 2655 1583 2690 ἡμῖν
1607 2655 1808 2692 πολεμηθῆναι.

1063 2755 1118 2789 (84)
1131 2754 1197 2788 App.
1216 2762 1241 2787 p.
1259 2754 1336 2786 {005,
1353 2763 1379 2780 n.
1396 2755 1439 2782 52.

1063 2790 1118 2824 (85)
1140 2790 1192 2816 Vit.
1210 2790 1285 2816 Patr.
1304 2798 1342 2818 xu.
1361 2790 1383 2816 7.
