1971 3068
139 133 193 160 Ηό

701 127 812 155 APPEN
818 127 875 154 [ΠΧ
894 127 939 154 AD
960 126 1070 155 PALLA
1076 127 1133 155 DlU
1140 126 1177 155 Μ.

1718 126 1770 155 IN

140 199 196 224 tur,
210 199 259 220 nec
273 191 396 222 locorum
415 190 582 218 desiderium
599 190 685 217 visum
699 179 745 217 est.
754 194 848 217 tenere
867 189 926 215 ani-

989 189 1008 215 ιῡ
1018 189 1108 216 τόπων
1116 188 1250 224 ἐπιθυμία
1257 188 1455 224 κεκρατηκέναι
1467 188 1540 221 εδοξε
1551 188 1599 223 τῆς
1610 188 1706 215 τούτου
1719 188 1770 223 ψυ-

141 245 215 266 mum
230 237 327 271 ipsius,
342 244 397 263 non
411 236 523 263 satietas
534 235 705 267 deliciarum,
722 242 775 262 non
790 234 928 269 possessio

139 282 357 314 domiciliorum,
381 289 435 308 non
458 281 590 308 librorum
615 280 854 312 circumlatioues;
881 279 929 306 sed

109 345 115 362 ς
140 333 215 356 totus
235 328 346 354 omnino
358 334 373 353 a
389 326 513 361 corporis
526 325 670 353 affectibus
684 326 752 353 liber
769 325 928 360 apparebat,

141 375 218 401 alens
229 382 260 402 se
279 381 327 408 spe
347 372 511 402 futurorum,
524 379 555 398 ac
571 371 632 398 ﬁdei
644 371 814 398 munimento
825 371 928 401 firtuus.

141 420 276 455 patienter
289 419 362 447 velut
374 419 499 454 captivus
515 418 613 452 agebat
630 417 682 444 huc
696 417 825 452 illucque,
844 416 871 443 in
884 416 932 442 l‘ri-

141 474 206 502 gore
221 474 253 493 ae
273 466 397 493 nuditate
416 471 605 500 perseverans,
623 467 650 490 et
672 463 739 490 solis
752 463 850 490 ardore
865 470 931 490 exu-

142 516 214 542 stus.
238 511 289 539 sub
311 511 356 538 dio
381 518 507 546 semper;
534 510 562 536 in
582 509 737 544 praecipitiis
755 508 932 535 solitudinum

143 565 173 584 se
197 561 326 592 tanquam
351 563 476 583 erronem
500 554 637 589 defigens,
658 558 685 581 et
714 558 810 588 sponte
835 560 933 588 passus

143 609 330 637 saepenumero
346 609 374 628 se
394 601 420 627 in
435 601 487 627 lata
504 607 536 627 ac
550 599 702 627 inbabitata
716 606 806 625 arena:
823 597 933 633 regione

143 648 217 676 velut
232 648 258 674 ili
275 647 369 682 pelago
384 645 459 674 ferri.
477 645 554 678 Quod
577 645 600 672 si
613 645 772 680 contigisset
785 646 814 670 ut
827 643 860 670 ad
874 643 933 671 loca

145 694 255 722 mitiora
273 693 387 725 veniret,
404 693 430 719 iu
447 692 548 726 quibus
564 697 737 718 communem
751 689 934 717 consimilem-

144 749 198 775 que
219 742 302 767 vitam
323 739 426 766 ducunt
453 737 596 768 monachi.
625 741 700 763 extra
722 739 814 770 portas
836 735 934 762 sedens

146 787 284 821 plorabat,
302 788 329 812 et
352 785 425 811 velut
448 782 598 817 naufragus
622 782 650 808 in
673 786 774 808 terram
796 780 934 816 projectus

145 830 354 859 lamentabatur.
381 829 495 860 Postea,
524 828 546 855 si
572 828 635 863 quis
663 827 779 854 fratrum
805 833 934 861 egressus

145 877 295 904 invenisset
328 883 390 902 eum
423 880 552 905 tanquam
592 872 747 900 mendicum
777 871 932 902 sedentem,

145 923 219 950 velut
245 929 330 948 unum
357 921 449 948 saeculi
477 927 633 955 pauperem,
648 922 675 945 et
697 918 932 954 appropinquans,

145 969 261 995 dixisset
285 975 317 994 ex
346 965 533 994 misericordia
549 974 556 992 :
573 964 675 996 Homo,
700 964 766 999 quid
784 963 894 999 ploras?
909 963 933 990 si

146 1014 262 1048 alicujus
284 1013 322 1039 rei
348 1011 510 1039 necessaria:
530 1018 610 1046 eges,
632 1013 765 1045 quantum
783 1009 934 1044 poterimus

146 1059 284 1094 accipies;
308 1061 412 1084 tantum
439 1056 531 1087 introi,
551 1055 693 1083 nobiscum
719 1062 842 1082 mensam
864 1054 934 1081 habe

146 1111 329 1134 communem,
339 1103 418 1130 refice
428 1106 453 1130 te
462 1112 468 1129 ;
479 1106 543 1129 tunc
553 1102 597 1128 ille
605 1101 797 1136 respondebat,
806 1108 861 1128 non
870 1108 933 1136 pos-

147 1159 177 1178 se
189 1158 218 1178 se
229 1150 280 1177 sub
295 1154 367 1177 tecto
378 1156 496 1181 manere,
511 1148 598 1176 donec
608 1148 756 1175 invenisset
769 1148 868 1175 domus
878 1154 935 1175 suas

148 1205 203 1228 res,
222 1197 299 1223 aiens
315 1203 330 1221 a
345 1203 376 1222 se
393 1195 476 1222 variis
494 1195 582 1222 modis
598 1194 699 1221 multas
716 1194 833 1222 amissas
849 1193 935 1221 fuisse

147 1251 224 1278 opes.
241 1241 347 1270 Etenim
363 1242 389 1268 in
405 1242 507 1276 piratas
530 1241 612 1269 incidi
623 1261 630 1272 .
645 1240 819 1275 naufragium
834 1248 934 1276 passus

148 1297 228 1321 sum;
245 1296 260 1315 a
287 1286 433 1323 splendore
457 1287 565 1322 generis
592 1287 644 1314 mei
673 1287 778 1319 decidi,
807 1278 935 1323 ignobilis

148 1335 238 1363 factus
262 1335 308 1370 qui
333 1336 405 1362 inter
428 1334 532 1362 nobiles
558 1335 701 1361 censehar.
719 1333 814 1361 Frater
829 1341 893 1361 vero
911 1333 935 1361 si

147 1381 181 1409 ad
208 1380 234 1408 id
247 1381 381 1408 sermonis
406 1380 588 1412 lamentatus.
607 1380 778 1415 ingrediens,
794 1383 934 1416 sumptum

148 1427 264 1454 frustum
286 1427 365 1461 panis
381 1425 551 1457 tradidisset.
565 1426 658 1453 dicens
675 1435 681 1452 :
699 1426 814 1461 Accipe,
834 1429 910 1461 pater
926 1435 933 1453 ε

147 1476 247 1500 cetera
268 1472 317 1499 tibi
335 1472 417 1501 Deus.
435 1471 663 1506 quemadmodum
683 1471 740 1504 ais,
759 1471 871 1503 tribuet,
887 1479 937 1507 pa-

981 234 1041 269 χῆς,
1051 235 1081 261 οὺ
1091 235 1169 270 κόρος
1181 235 1287 271 τρυφῆς
1296 235 1360 264 ’³ιοὺ
1368 235 1495 266 κτίσις¹¹⁶
1510 234 1678 270 οἰκημάτων,
1687 234 1717 260 οὐ
1730 233 1770 269 βί-

981 281 1051 308 ϐλων
1068 282 1215 318 περιφοραὶ
1224 289 1232 298 ε
1248 281 1306 308 ἀλλ’
1319 282 1379 313 ὅλος
1390 282 1423 308 δι’
1438 282 1500 308 ὅλου
1511 281 1566 307 τῶν
1579 279 1628 307 τοῦ
1645 279 1771 316 σώματος

982 324 1074 351 παθῶν
1091 326 1176 361 ἐφάνη
1199 325 1351 362 ἐλεύθερος.
1367 326 1454 353 ἐλπίδι
1467 325 1520 352 τῶν
1538 325 1690 361 μελλόντων
1707 333 1769 361 τρε-

981 373 1108 407 φόμενος,
1119 373 1167 400 καὶ⁵
1177 373 1293 404 πίστεως
1307 372 1464 408 ὀχυρώματι
1481 371 1615 408 βεϐηκὼς,
1627 371 1771 408 ἐκαρτέρει

982 416 1076 453 ὥσπερ
1093 419 1266 454 αἰχμάλωτος
1284 415 1336 445 ὦδε
1357 419 1480 450 κάκεῖσε,
1496 419 1524 444 ἐν
1540 418 1620 453 ψύχει
1637 418 1685 444 καὶ
1699 425 1772 453 γυμ-

983 463 1076 498 νότητι
1087 463 1234 498 διαμένων.
1253 464 1301 491 καὶ
1313 466 1347 500 τῇ
1370 464 1448 499 φλογὶ
1460 464 1507 491 τοῦ
1526 463 1602 500 ἡλίου
1615 464 1772 499 διακαιόμ·-

983 516 1027 540 νος
1047 508 1151 544 αἴθριος
1173 509 1304 536 πάντοτε·
1327 511 1459 546 κρημνοῖς
1481 510 1604 546 ὲρημιῶν
1623 510 1719 537 ἑαυτὸν
1734 509 1772 542 ὡς

984 555 1159 591 πλανώμενον
1168 556 1347 592 περιπείρων,
1360 557 1407 583 καὶ
1419 555 1533 592 πλατείᾳ
1544 557 1578 591 τῇ
1589 555 1682 591 ἄμμου
1697 554 1774 591 χώρᾳ

983 601 1104 637 ἀοικήτῳ
1119 602 1250 633 πολλάκις
1260 602 1354 629 ἑαυτὸν
1365 602 1403 634 ὡς
1415 602 1445 628 ὲν
1458 601 1571 635 πελάγει
1585 600 1717 636 φέρεσθαι
1730 601 1774 627 εὑ-

983 647 1109 682 δοκήσας.
1129 648 1160 674 Εἰ
1174 648 1203 675 δὲ
1218 647 1386 684 συμϐεϐήκει
1404 647 1444 680 εἰς
1460 646 1617 683 ἡμερότητα
1627 646 1717 673 τόπων
1732 646 1775 672 ιλ-

986 692 1051 723 θεῖν,
1069 692 1132 720 ἔνθα
1147 694 1172 720 οἱ
1183 694 1232 729 τῆς
1247 694 1400 729 ὁμοτρόπου
1416 693 1488 728 ζωῆς
1505 693 1616 728 μοναχοὶ
1627 692 1674 719 καὶ
1685 692 1774 719 κοινὸν

985 739 1030 766 τὸν
1044 739 1100 774 βίον
1116 739 1233 774 ἔχουσιν,
1249 739 1302 773 ἔξω
1314 739 1404 775 θυρῶν
1420 739 1601 774 καθεζόμενος
1614 738 1716 771 ἔκλαιε,
1727 738 1774 766 καὶ

985 784 1080 819 ὥσπερ
1097 785 1129 812 ὲκ
1151 785 1279 819 ναυαγίου
1296 794 1338 816 τις
1354 784 1520 820 ἀπορριφεὶς
1538 784 1666 819 ὠδύρετο.
1691 781 1774 815 Εἶτα,

986 828 1102 862 ἐξελθών
1114 838 1156 862 τις
1167 830 1222 857 τῶν
1234 830 1365 865 ἀδελφῶν,
1380 831 1405 857 εἰ
1417 828 1479 865 εὗρε
1493 829 1598 861 τοῦτον,
1610 829 1649 862 ὡς
1662 829 1775 866 προσαί-

984 883 1034 911 την
1055 875 1104 902 ἕνα
1119 876 1172 902 τῶν
1187 877 1216 902 ἐν
1232 875 1272 910 τῷ
1297 876 1391 911 κόσμῳ
1409 876 1524 912 πτωχῶν
1540 875 1707 912 καθήμενον,
1727 875 1775 903 καὶ

984 921 1108 955 ἐγγίσας,
1124 921 1246 953 ἐλεεινῶς
1261 929 1343 957 φησιν
1353 920 1437 957 αὐτῷ·
1450 922 1483 948 Τί
1498 921 1612 954 κλαίεις,
1625 921 1752 958 ἄνθρωπε
1763 930 1770 954 ;

985 968 1009 993 εί
1030 967 1077 1002 δέῃ
1102 967 1174 998 τινος
1196 967 1251 994 τῶν
1275 967 1442 1001 ἀναγκαίων,
1467 967 1539 994 κατά
1559 967 1673 1003 δύναμιν
1691 967 1774 1003 λήψῃ,

987 1013 1068 1046 μόνον
1088 1011 1216 1038 εἰσελθὼν
1238 1012 1311 1039 ἔνδον
1339 1011 1504 1049 κοινώνησον
1532 1013 1599 1048 ἡμῖν
1624 1012 1774 1048 τραπέζης,

985 1057 1163 1093 παραμυθίας
1182 1057 1282 1092 τυχών.
1305 1058 1335 1084 '0
1354 1058 1382 1085 δὲ
1399 1058 1577 1094 ἀπεκρίνατο,
1593 1058 1630 1094 μὴ
1648 1058 1775 1086 δύνασθαι

984 1104 1036 1130 ὑπὸ
1054 1103 1151 1138 στέγην
1174 1105 1275 1139 μεῖναι,
1293 1103 1357 1139 πρὶν
1380 1104 1414 1131 ἂν
1444 1104 1516 1140 εὕρω
1537 1105 1587 1140 τῆς
1604 1105 1674 1141 ἐμῆς
1688 1106 1777 1138 οἰκίας

984 1149 1034 1185 τὴν
1056 1149 1190 1185 ῦπαρξιν’
1213 1149 1414 1177 ἀπολωλεκέναι
1431 1150 1522 1185 φήσας
1541 1150 1627 1177 πολλὰ
1648 1152 1776 1186 χρήματα

984 1197 1124 1233 διαφόροις
1148 1197 1270 1232 τρόποις.
1294 1197 1349 1223 Καὶ
1368 1196 1423 1233 γὰρ
1442 1198 1586 1232 πειραταῖς
1613 1197 1774 1232 περιέπεσα,

986 1243 1033 1270 καὶ
1052 1243 1174 1278 ναυαγίῳ
1188 1242 1318 1278 ὲλήφθην,
1333 1243 1380 1269 καὶ
1394 1242 1444 1278 τῆς
1458 1243 1597 1276 εὐγενείας
1614 1252 1664 1278 μου
1680 1242 1772 1274 ἐξέπε-

987 1296 1043 1320 σον,
1057 1287 1149 1321 ᾰδοξος
1162 1287 1192 1320 ἐξ
1204 1287 1317 1320 ἐνδόξων
1328 1288 1484 1323 γενόμενος.
1506 1289 1535 1315 'O
1549 1288 1576 1314 δὲ
1595 1288 1663 1323 πρὸς
1674 1288 1719 1314 τὸν
1731 1287 1776 1314 λό-

986 1341 1033 1366 γον
1049 1333 1219 1368 σχετλιάσας,
1235 1331 1378 1363 είαελθὼν,
1395 1332 1442 1359 καὶ
1466 1333 1562 1368 ψωμὸν
1580 1332 1686 1365 λαϐὼν,
1705 1341 1777 1368 παρ-

987 1377 1061 1414 έσχε,
1076 1378 1162 1412 λέγων
1173 1386 1180 1392 ·
1200 1377 1273 1404 Λάϐε
1287 1377 1391 1410 τοῦτον,
1412 1378 1499 1414 πάτερ
1510 1386 1517 1393 ·
1533 1378 1567 1405 τὰ
1580 1379 1608 1405 δὲ
1623 1378 1689 1406 ἄλλα
1707 1386 1747 1405 σοι
1762 1379 1777 1404 6

986 1423 1062 1455 Θεὸς,
1085 1424 1123 1455 ὡς
1139 1423 1238 1458 λέγεις,
1266 1424 1399 1457 ἁπονεμεί
1412 1423 1529 1459 πατρίδα
1548 1423 1595 1450 καὶ
1615 1423 1703 1458 γένος,
1728 1423 1776 1450 καὶ

987 1468 1103 1496 πλοῦτον
1118 1469 1147 1495 ὃν
1170 1469 1247 1504 ἔφης.
1278 1468 1307 1495 Ὀ
1324 1468 1352 1495 δὲ
1368 1469 1407 1495 ἔτι
1425 1469 1525 1504 μᾶλλον
1548 1469 1655 1496 πενθῶν
1680 1469 1776 1504 ἑὸρυξε

147 1517 247 1548 triam,
269 1524 372 1551 genus,
388 1516 496 1543 divitias
519 1523 587 1550 quas
611 1516 718 1543 locutus
733 1524 778 1548 es;
801 1516 824 1544 is
849 1516 935 1552 magis

991 1515 1072 1550 μέγα.
1088 1514 1323 1550 ἐπιφθεγξάμενος
1333 1523 1340 1531 ν
1355 1515 1411 1541 Οὐκ
1423 1513 1481 1542 οἴδα
1492 1515 1580 1541 εἰπεῖν
1595 1516 1619 1541 εί
1633 1515 1778 1550 δυνηθείην

148 1562 238 1589 adhuc
255 1561 361 1596 lugens,
380 1561 481 1596 ingenti
498 1561 570 1588 edito
587 1561 706 1591 fremitu.
718 1561 864 1595 adjiciebat
877 1561 935 1589 lucc

989 1560 1076 1596 εὑρεῖν
1089 1560 1159 1597 ἅπερ
1172 1560 1244 1596 ζητῶ
1261 1561 1398 1592 ἀπολέσας
1410 1568 1416 1575 ·
1427 1560 1483 1586 ἀλλ’
1505 1560 1544 1586 ἐτι
1557 1560 1656 1595 μᾶλλον
1668 1560 1778 1595 χαρίσο-

148 1609 229 1634 verba
249 1615 255 1634 :
273 1606 330 1633 Non
351 1607 437 1634 habeo
463 1607 554 1634 dicere
573 1615 606 1633 an
624 1611 718 1642 potero
740 1607 861 1635 invenire
875 1615 935 1642 quae

991 1615 1050 1641 μαι,
1066 1606 1227 1633 κινδυνεύων
1238 1607 1281 1633 ἀεὶ
1294 1606 1355 1632 καθ’
1368 1606 1475 1642 ἡμέραν
1486 1607 1525 1638 εἰς
1538 1606 1662 1638 θάνατον,
1679 1605 1778 1641 ἀνοχὴν

149 1653 250 1681 amissa
270 1661 362 1689 quaero
378 1654 447 1680 bona
459 1673 467 1684 ,
488 1653 535 1680 sed
552 1653 641 1680 adhuc
666 1654 816 1688 majoribus
835 1653 935 1681 alliciar

989 1656 1040 1683 οὐκ
1054 1656 1123 1691 ἔχων
1137 1655 1191 1682 ἀπὸ
1208 1655 1262 1682 τῶν
1277 1655 1404 1691 ἀμέτρων
1417 1654 1480 1690 ἐμοὶ
1493 1654 1641 1691 συμφορῶν
1651 1663 1658 1670 ·
1669 1656 1714 1681 Δεῖ
1724 1654 1779 1690 γὰρ

150 1699 239 1731 malis,
253 1699 372 1734 pericula
396 1699 554 1734 quotidiana
578 1698 689 1727 subiens
704 1706 790 1734 usque
807 1698 840 1726 ad
862 1707 935 1726 mor-

993 1710 1026 1736 με
1039 1701 1158 1737 συνεχῶς
1173 1700 1415 1736 ἁποπλανώμενον,
1435 1700 1578 1728 τελειῶσαι
1591 1701 1637 1728 τὸν
1651 1700 1759 1736 δρόμον.

149 1752 219 1780 tem,
240 1755 291 1775 nec
317 1748 420 1774 habens
435 1748 623 1775 remissionem
644 1747 678 1774 ab
705 1747 845 1775 immensis
867 1748 936 1776 meis
952 1749 1164 1777 calamitatibus.
1183 1749 1296 1784 Oportet
1309 1749 1382 1776 enim
1402 1756 1446 1776 me
1476 1749 1608 1776 continuo
1636 1749 1770 1776 oberran-

150 1797 215 1825 tem,
236 1801 363 1829 peragere
378 1802 489 1821 cursum
505 1794 575 1820 vitae.

369 1848 406 1876 De
421 1848 514 1875 abbate
531 1848 698 1883 Benjamino.

185 1894 211 1922 ἰ.
229 1894 301 1922 Dixit
322 1894 406 1920 abbas
422 1893 562 1927 Beniamin
578 1904 585 1921 :
600 1894 714 1927 Quando
739 1899 801 1930 post
817 1902 933 1922 messem

151 1940 252 1969 Scetim
273 1934 478 1972 descendimus,
491 1941 641 1968 attulerunt
658 1942 737 1969 nobis
763 1949 797 1969 ex
821 1941 939 1968 Alexan-

150 1987 210 2015 dria
226 1987 407 2018 oblationem,
431 1987 546 2022 singulis
563 1994 610 2014 vas
636 1987 745 2015 sextarii
766 1987 819 2014 olei
840 1994 939 2022 gypsa-

151 2037 219 2060 tum.
245 2030 369 2067 Cumque
392 2032 489 2058 messis
514 2036 623 2066 tempus
649 2032 786 2063 rediisset,
804 2031 937 2066 quidquid

151 2078 250 2113 reliqui
275 2081 363 2109 esset,
387 2076 487 2104 fratres
511 2077 544 2103 ad
571 2077 716 2104 ecclesiam
738 2077 862 2104 solebant
888 2077 938 2104 de-

153 2126 232 2152 ferre.
250 2122 306 2158 Ego
324 2131 388 2150 vero
408 2131 461 2149 non
482 2122 575 2158 aperui
601 2123 741 2150 vasculum
759 2130 867 2154 meum.
889 2122 938 2149 sed

152 2178 203 2197 acu
226 2168 379 2204 perforavi,
404 2171 431 2194 et
455 2175 551 2202 parum
568 2166 667 2195 deduxi
681 2178 688 2195 -.
703 2172 786 2203 atque
799 2169 827 2195 in
847 2168 939 2195 animo

1182 1846 1252 1880 Περὶ
1271 1846 1324 1873 τοῦ
1340 1845 1415 1874 ᾶϐὅᾶ
1430 1847 1583 1881 Βενιαμίν.

1026 1896 1060 1920 α’.
1077 1892 1190 1927 Ἔλεγεν
1209 1894 1223 1919 ὁ
1239 1892 1326 1924 esea;
1344 1893 1484 1928 Βενιαμὶν,
1497 1893 1538 1920 ὅτι
1552 1893 1596 1924 Ὠς
1607 1895 1779 1931 κατήλθομεν

989 1938 1043 1966 ἀπὸ
1055 1937 1102 1964 τοῦ
1122 1937 1216 1973 θέρους
1229 1939 1268 1970 είς
1283 1937 1393 1973 Σκῆτιν,
1413 1938 1532 1973 ἤνεγκαν
1551 1938 1617 1974 ἡμῖν
1633 1939 1688 1966 ἀπὸ
1706 1941 1779 1968 ’Λλε-

990 1984 1132 2020 ξανδρείας
1156 1983 1356 2019 καρποφορῑαν,
1388 1983 1456 2018 πρὸς
1485 1984 1534 2011 Eva
1557 1985 1668 2019 ἀγγεῖον
1689 1986 1779 2014 ἐλαίου

992 2031 1086 2064 ξέστου
1109 2030 1319 2065 γεγυψωμένον·
1346 2029 1393 2056 καὶ
1411 2029 1448 2061 ὡς
1466 2027 1531 2065 ἦλθε
1547 2030 1628 2057 πάλιν
1650 2033 1664 2058 ὀ
1684 2033 1779 2069 καιρὸς

991 2077 1038 2103 τοῦ
1054 2076 1160 2111 θέρους,
1177 2076 1204 2102 εἴ
1217 2085 1243 2102 τι
1257 2075 1443 2111 περιέσσευεν,
1465 2076 1489 2102 oi
1505 2075 1613 2110 ἀδελφοὶ
1628 2074 1726 2114 ἔφερον
1740 2081 1780 2110 εἰς

991 2123 1040 2158 τὴν
1061 2122 1218 2157 ἐκκλησίαν.
1238 2121 1323 2155 Κάγὼ
1342 2121 1417 2156 ἥμην
1441 2121 1477 2156 μὴ
1499 2122 1607 2154 ἀνοίξας
1625 2123 1654 2149 τὺ
1670 2124 1778 2158 ἀγγεῖόν

994 2176 1056 2202 μου,
1073 2167 1140 2194 ἀλλὰ
1160 2169 1192 2204 τῇ
1215 2167 1307 2203 ραφίδι
1322 2169 1473 2203 τρυπήσας,
1493 2167 1640 2203 μετέϐαλον
1664 2171 1778 2206 μικρόν·

153 2216 248 2248 habui,
270 2222 285 2241 a
302 2222 344 2241 me
357 2213 423 2249 quid
440 2213 530 2248 magni
545 2217 636 2240 actum
653 2221 723 2241 esse.
745 2213 843 2241 Verum
866 2220 935 2249 post-

992 2212 1039 2239 καὶ
1052 2210 1124 2247 εἶχεν
1143 2213 1160 2248 ἠ
1182 2212 1281 2248 καρδία
1296 2221 1358 2248 μου,
1373 2213 1415 2239 ὅτι
1430 2212 1501 2248 μέγα
1518 2213 1633 2249 πρᾶγμα
1653 2215 1777 2251 ἐποίησα.

153 2271 236 2297 quam
253 2262 403 2288 attulerunt
418 2260 516 2288 fratres
530 2267 595 2287 vasa
612 2268 661 2287 sua
676 2261 713 2287 uti
727 2265 815 2293 erant,
836 2269 942 2288 meum-

153 2316 206 2344 que
219 2311 278 2335 erat
291 2306 474 2342 perforatum,
490 2305 563 2333 velut
578 2304 727 2332 fornicator
740 2313 795 2341 prae
809 2313 939 2333 verecun-

153 2353 197 2379 dia
212 2353 288 2380 visus
303 2359 375 2379 sum.

189 2399 216 2425 Ξ.
232 2397 302 2433 (86)
322 2397 424 2424 Retulit
436 2397 521 2424 abbas
536 2395 675 2431 Benjamin
697 2396 844 2424 Celliorum
861 2405 942 2432 pres-

155 2445 253 2480 byter:
277 2443 411 2471 Venimus
436 2442 536 2470 Scetim
553 2443 586 2469 ad
605 2442 750 2478 quemdam
774 2451 867 2471 senem
880 2465 887 2476 ,
913 2448 940 2471 et

155 2489 291 2516 voluimus
304 2489 329 2516 ci
349 2488 415 2516 dare
429 2495 524 2522 parum
538 2487 609 2519 olei;
622 2492 678 2514 tum
695 2487 762 2514 dixit
782 2488 879 2516 nobis:
898 2487 938 2515 En

156 2536 232 2563 locus
246 2535 274 2562 in
296 2542 351 2569 quo
367 2534 484 2569 positum
504 2537 546 2561 est
563 2541 675 2568 parvum
691 2541 738 2560 vas
754 2533 827 2568 quod
844 2534 878 2561 ad
897 2542 943 2562 me

157 2580 287 2607 attulistis
301 2584 365 2607 ante
378 2580 543 2612 triennium;
558 2578 785 2614 quemadmodum
808 2581 941 2608 collocas-

155 2629 192 2654 tis
207 2626 283 2658 illud,
305 2626 341 2652 ita
359 2627 470 2653 mansit.
488 2627 547 2660 Quo
564 2634 614 2654 nos
632 2627 736 2658 audito,
750 2626 879 2654 admirati
893 2635 942 2654 su-

155 2678 217 2699 mus
232 2671 306 2698 senis
321 2671 461 2698 virtutem.

189 2717 217 2745 5.
234 2717 300 2752 (δῖ)
326 2715 398 2744 ldem
409 2717 494 2744 dixit:
507 2717 680 2746 Perreximus
692 2718 724 2746 ad
737 2718 818 2745 alium
831 2725 939 2750 senem;

193 2794 214 2810 ¹³
230 2794 282 2821 An.
296 2796 410 2830 τροφῆς.
449 2794 481 2809 ’³⁵
495 2794 524 2822 F.
544 2796 650 2831 κτῆσις.

192 2850 248 2888 (se)
266 2851 318 2879 vn.
335 2851 413 2879 Patr.
434 2859 470 2886 ιν,
488 2853 530 2881 te.

992 2257 1047 2285 Kal.
1060 2258 1098 2289 ὠς
1113 2258 1233 2294 ἤνεγκαν
1245 2259 1270 2285 οἱ
1285 2258 1396 2294 ἀδελφοὶ
1411 2258 1446 2285 τὰ
1460 2259 1564 2286 ἑαυτῶν
1585 2260 1683 2294 ἀγγεῖα
1696 2269 1779 2296 γεγυ-

991 2304 1105 2340 ψωμένα
1128 2304 1166 2336 ὡς
1188 2302 1268 2340 ἦσαν,
1297 2306 1345 2332 καὶ
1367 2305 1398 2332 τὸ
1419 2306 1484 2341 ἐμὸν
1505 2306 1711 2343 τετρυπημένον
1735 2306 1780 2344 ἦν,

992 2351 1108 2387 εὑρέθην
1123 2353 1160 2384 ὼς
1175 2352 1271 2388 πορνεί
1278 2361 1325 2384 σας
1340 2353 1394 2379 ἀπὺ
1411 2353 1460 2388 τῆς
1476 2353 1616 2389 αἰσχύνης.

1031 2397 1063 2432 β’,
1080 2395 1163 2425 Εἶπεν
1173 2399 1187 2425 ὁ
1203 2399 1288 2430 ἀῦὸἄς
1298 2399 1426 2434 Βενιαμὶν
1434 2401 1447 2426 ὁ
1462 2400 1645 2436 πρεσὸύτερος
1655 2402 1708 2429 τῶν
1715 2402 1783 2429 Κελ-

993 2443 1068 2476 λίων,
1080 2444 1120 2470 ὅτι
1133 2444 1328 2480 Παρεὸἀλομεν
1339 2445 1378 2477 είς
1391 2445 1462 2481 Σκῆτ
1468 2455 1492 2472 ιν
1506 2447 1572 2482 πρός
1585 2454 1646 2474 τινα
1656 2446 1781 2482 γέροντα,

995 2490 1042 2516 καὶ.
1059 2489 1231 2542 τὲελήσαμεν
1244 2491 1318 2527 αὐτῷ
1334 2491 1424 2526 βαλεῖν
1442 2492 1539 2527 μικρὸν
1557 2492 1645 2519 ἔλαιον
1655 2500 1662 2507 ·
1678 2493 1724 2520 καὶ
1738 2493 1782 2520 λέ-

995 2544 1038 2570 γει
1066 2537 1148 2572 ἡμῖν·
1173 2537 1238 2564 Ἰδοὺ
1267 2538 1319 2564 ποῦ
1345 2539 1432 2564 κεῖται
1457 2538 1487 2564 τὸ
1514 2539 1611 2574 μικρὸν
1632 2539 1742 2573 ἀγγεῖον
1767 2539 1782 2565 ὃ

995 2582 1127 2616 ἠνέγκατέ
1150 2591 1194 2617 μοι
1213 2583 1265 2618 πρὸ
1290 2583 1374 2619 τριῶν
1391 2583 1476 2610 ἐτῶν·
1503 2584 1540 2616 ὡς
1563 2584 1680 2619 ὲθήκατε
1703 2584 1779 2616 αὺτδι

995 2626 1082 2658 οὕτως
1101 2626 1217 2662 ἔμεινεν.
1239 2628 1418 2661 Ἀκούσαντες
1439 2629 1467 2656 δὲ
1491 2630 1570 2665 ἡμεῖς
1587 2629 1783 2665 ἐθαυμάσαμεν

994 2672 1043 2707 τὴν
1059 2672 1195 2699 πολιτείαν
1210 2673 1258 2700 τοῦ
1274 2673 1411 2710 γέροντος.

1030 2721 1064 2752 γ’.
1090 2717 1119 2744 '0
1141 2718 1223 2750 αὐτὸς
1245 2716 1338 2751 εἶπεν,
1363 2720 1403 2746 ὃτι
1427 2721 1621 2757 Παρεόάλομεν
1643 2720 1780 2756 ἄλλῳ.γὲ-

1027 2850 1082 2885 (87)
1098 2849 1164 2884 App.
1178 2856 1205 2884 p.
1220 2849 1283 2882 988,
1297 2858 1322 2878 c.
1335 2851 1361 2879 6.
