1971 3068
179 193 232 222 “5

746 198 1051 228 APOPHTHEGMATA
1069 201 1223 230 PATRUM.

1759 202 1810 233 ΗΘ

180 259 266 288 pavet,
290 251 337 278 καὶ
363 251 514 287 ἐκράτησεν
529 253 603 288 ἡμᾶς
626 256 737 289 φαγεῖν·
763 255 842 283 ἔϐαλε
858 257 886 284 δὲ
904 258 962 293 ὴμῖι

1019 261 1065 295 qui
1075 261 1192 288 detinuit
1205 269 1255 289 nos
1265 265 1294 288 ut
1309 261 1538 294 manducaremus
1551 271 1557 289 :
1577 262 1703 297 apposuit
1717 268 1810 290 autem

179 296 367 334 ραφανέλαιον.
383 298 438 338 καὶ
454 298 571 334 λέγομεν
581 300 655 336 αὐτῷ
665 309 673 317 ·
690 301 791 338 Πάτερ,
806 303 906 337 μᾶλλον
923 313 968 339 μι-

178 343 246 379 κρὸν
271 343 405 379 χρήσιμον
428 343 519 371 ἔλαιον
544 345 608 380 βάλε
632 347 709 382 ἡμῖν.
740 349 770 375 '0
785 349 813 376 δὲ
836 351 967 384 ἀκούσας,

179 389 343 424 ἐσφράγισεν
353 390 458 422 ἑαυτὸν,
474 391 562 426 λέγων
571 400 578 408 ι
590 392 625 419 Ei
632 394 705 420 ἐστιν
717 393 780 421 ἄλλο
791 395 878 424 ἔλαιον
890 397 968 430 ἐκτὸς

177 434 284 468 τούτου,
297 435 348 462 οὐκ
360 433 421 469 οῖδα
434 436 500 471 ἐγώ.

212 481 244 508 δ’.
271 481 299 508 ’0
322 482 409 514 ἀσὸἅς
432 483 561 519 Βενιαμὶν
586 485 680 521 εἴρηκε
702 487 760 518 τοῖς
788 488 855 520 υἱοῖς
883 489 965 517 αὑτοῦ

176 527 372 562 ἀποθνήσκων·
388 528 481 557 Ταῦτα
501 531 613 563 ποιεῖτε,
632 532 680 558 καὶ
694 532 809 560 δύνασθε
828 534 964 570 σωθῆναι·

177 572 309 600 Πάντοτε
325 574 453 609 χαίρετε,
482 575 680 610 ἀδιαλείπτως
697 580 915 614 προσεύχεσθε,
932 581 967 608 ἐν

176 620 266 646 παντὶ
281 621 495 656 εὐχαριστεῖτε.

212 669 242 692 ε’.
268 666 298 693 Ὁ
315 667 396 698 αὐτὸς
417 668 528 703 εἴρηκε·
546 669 602 706 Τὴν
616 669 758 706 βασιλικὴν
772 671 831 697 ὁδὸν
850 673 963 707 πορεύε-

176 711 235 744 σθε,
250 712 299 738 καὶ
316 713 350 739 τὰ
368 713 443 749 μίλια
459 717 594 750 μετρεῖτε,
606 717 655 743 καὶ
669 717 720 743 οὐκ
733 717 901 753 ὀλιγωρεϊτε.

398 771 469 805 Περὶ
485 772 537 798 τοῦ
551 771 627 800 deae
640 773 739 808 Btapé.

217 825 355 862 Ἦρὼτησέ
374 835 417 860 τις
431 828 476 854 τὸν
497 828 584 856 ἀΰὸᾶν
610 830 704 866 Βιαρὲ,
723 831 827 866 λέγων·
849 833 882 858 Τί
907 842 966 860 ποι-

176 872 235 907 ήσω
256 873 299 899 ῖνα
311 873 414 907 -σωθῶ;
439 873 491 901 Καὶ
508 875 582 910 λέγει
601 876 693 912 αὐτῷ·
714 877 833 913 Ὕπαγε,
851 879 966 915 ποίησον

174 919 225 955 τὴν
251 919 354 946 κοιλίαν
378 929 424 947 σου
456 921 568 957 μικρὰν,
594 923 643 949 καὶ
672 923 703 950 τὸ
730 924 886 961 ἐργόχειρόν
916 934 965 953 σου

175 966 285 1002 μικρὸν,
300 967 347 993 καὶ
365 967 402 1003 μὴ
426 968 563 1003 capas-aeu
582 969 623 1000 εἰς
645 969 675 996 τὺ
697 956 866 998 κελλίΠονἿσου
878 980 885 987 ι
916 973 966 1001 καὶ
981 956 1003 984 Β

175 1012 260 1048 σώζῃ.

399 1071 484 1106 Ἀρχὴ
499 1071 547 1098 τοῦ
566 1072 586 1098 Γ
601 1073 743 1108 στοιχείου.

245 1126 314 1160 Περὶ
326 1127 379 1154 τοῦ
396 1127 471 1155 ἀδεᾶ
484 1129 650 1164 Γρηγορίου
663 1130 716 1157 τοῦ
731 1131 886 1167 θεολόγον.

208 1181 243 1210 α’.
261 1180 346 1209 Εἶπεν
365 1183 380 1209 ὁ
400 1183 488 1215 sese;
509 1184 669 1221 Γρηγόριος,
687 1186 728 1213 ὅτι
743 1187 778 1214 τὰ
797 1187 861 1224 τρία
879 1188 965 1216 ταῦτα

172 1228 285 1255 ἀπαιτεῖ
302 1230 316 1255 ὁ
332 1228 398 1261 Θεὸς
424 1229 499 1266 παρᾶ
521 1231 621 1263 παντὸς
647 1231 793 1268 ἀνθρώπου
814 1233 920 1269 ἔχοντος
935 1235 965 1262 τὸ

172 1274 329 1310 βὰπτισμα·
352 1275 444 1303 πίστιν
462 1275 546 1312 ὀρθὴν
568 1277 621 1304 ἀπὺ
645 1277 697 1313 τῆς
715 1279 813 1314 ψυχῆς,
831 1280 877 1306 καὶ
899 1280 965 1317 ἀλή-

171 1321 248 1348 οειαν
269 1321 324 1349 ἀπὸ
343 1322 392 1358 τῆς
408 1322 545 1358 γλώσσης,
570 1324 617 1350 καὶ
644 1325 821 1361 σωφροσύνην
844 1327 898 1356 ἀπὸ
917 1327 963 1354 τοῦ

171 1366 310 1402 σώματος.

208 1411 242 1447 β’.
261 1410 331 1440 Εἶπε
355 1412 453 1439 πάλιν·
478 1405 596 1446 Ὀλοςλὸ
620 1413 677 1449 βίος
692 1414 846 1452 ἀνθρώπου,
872 1417 964 1452 ἡμέρα

172 1458 233 1494 μία,
249 1460 305 1491 τοῖς
321 1458 397 1494 πόθῳ
413 1459 572 1495 κάμνουσιν.

353 1516 424 1550 Περὶ
446 1516 500 1544 τοῦ
521 1516 597 1545 ἀεόᾶ
614 1519 777 1546 Γελασίου.

207 1575 242 1601 α’.
264 1573 377 1608 Ἔλεγον
398 1574 463 1609 περὶ
479 1573 527 1601 τοῦ
544 1574 615 1602 ἀῦὁᾶ
630 1575 769 1609 Γελασίου,
787 1577 828 1604 ὅτι
849 1574 907 1613 εἷχε
922 1577 961 1614 βι-

1019 306 1098 334 nobis
1112 306 1202 334 oleum
1221 314 1236 334 e
1251 307 1391 342 rapltanis.
1407 307 1529 336 Dicimus
1539 308 1564 335 ei
1581 318 1588 336 z
1605 307 1696 340 Pater,
1715 309 1806 343 potius

1018 352 1133 379 itnmitte
1146 360 1240 388 parum
1255 353 1321 380 boui
1336 354 1400 381 olei.
1421 354 1469 382 Ille
1496 362 1562 382 vero
1578 354 1704 386 audiens,
1721 362 1751 382 se
1767 355 1808 381 si-

1017 406 1072 432 gno
1096 399 1188 426 crucis
1208 399 1378 434 obsignavit,
1409 403 1492 435 atque
1512 400 1551 427 ait
1578 409 1584 427 :
1608 401 1650 427 An
1674 401 1709 428 sit
1733 399 1809 427 aliud

1018 445 1107 473 oleum
1117 451 1214 481 praeter
1228 446 1311 480 istud,
1322 454 1374 482 ego
1385 448 1489 475 nescio.

1054 492 1080 520 4.
1106 493 1198 521 Abbas
1226 492 1367 528 Benjamin
1397 494 1519 522 moriens
1541 493 1578 521 ita
1603 492 1709 520 monuit
1736 492 1807 520 ﬁlios

1019 545 1107 565 suos:
1128 538 1192 566 Haec
1210 538 1304 570 facite,
1333 543 1359 567 et
1385 540 1511 575 poteritis
1535 539 1636 567 salvari
1663 548 1670 566 :
1699 538 1806 573 Semper

1019 585 1146 620 gaudete;
1160 586 1216 613 sine
1237 586 1433 615 intermissione
1449 591 1541 619 orate;
1558 587 1586 614 in
1600 586 1722 613 omnibus
1742 594 1805 620 gra-

1018 631 1069 658 tias
1080 631 1148 666 agite
1160 631 1191 658 ¹⁸.

1012 686 1015 688 ·
1053 677 1080 704 5.
1104 676 1171 712 (88)
1193 677 1267 705 Idem
1291 677 1379 706 dixit:
1397 677 1480 713 Regia
1496 677 1539 706 via
1559 677 1684 709 incedite.
1701 680 1729 704 et
1743 676 1806 703 mil-

1019 721 1096 749 liaria
1112 723 1255 757 metimini,
1277 732 1328 752 nec
1344 724 1405 752 sitis
1425 725 1603 760 negligentes.

1281 779 1321 806 De
1334 781 1428 807 abbate
1440 780 1530 808 Βίαν-ε.

1052 833 1159 869 Aliquis
1182 834 1360 870 interrogavit
1385 836 1511 864 abbatem
1542 835 1630 869 Btare,
1657 837 1698 864 sic
1713 845 1720 863 ε
1735 835 1805 868 Quid

1017 887 1107 915 agam,
1118 884 1150 907 ut
1176 881 1268 908 salvus
1284 882 1369 908 (iam?
1389 882 1434 909 Ait
1449 883 1506 909 illi:
1521 882 1605 916 Vade,
1624 881 1665 909 fac
1683 885 1805 910 ventrem

1019 929 1096 953 tuum
1112 934 1226 962 parvum
1255 931 1282 955 et
1301 935 1373 962 opus
1393 935 1523 956 manuum
1540 936 1664 965 parvum,
1681 936 1732 956 nec
1747 932 1807 955 tur-

1017 971 1091 999 beris
1106 972 1136 999 in
1149 972 1218 999 cella
1233 976 1279 999 tua
1295 981 1302 1000 :
1323 972 1363 1000 sic
1379 973 1540 1001 salvaberis.

1247 1069 1414 1106 Principium
1428 1071 1524 1099 littera‘
1534 1071 1566 1099 G.

1193 1127 1231 1154 De
1247 1128 1341 1155 abbate
1356 1127 1482 1164 Gregorio
1500 1128 1627 1164 theologo.

1051 1182 1078 1210 1.
1092 1182 1160 1218 (89)
1173 1182 1246 1210 Dixit
1272 1184 1358 1212 abbas
1378 1185 1546 1220 Gregorius:
1562 1185 1626 1212 Tria
1641 1185 1699 1213 hac
1722 1185 1806 1220 exigit

1016 1227 1088 1256 Deus
1103 1229 1137 1256 ab
1152 1230 1226 1257 omni
1243 1230 1355 1258 homine
1374 1231 1511 1266 baptizato
1528 1240 1535 1258 :
1556 1232 1636 1259 ﬁdem
1654 1237 1756 1258 rectam
1771 1239 1803 1258 ex

1015 1275 1116 1307 animo,
1140 1275 1282 1303 veritatem
1309 1277 1336 1303 in
1358 1277 1470 1312 lingua,
1496 1282 1522 1305 et
1545 1278 1753 1313 temperantiam
1772 1279 1806 1305 de

1014 1328 1139 1356 corpore.

1049 1412 1076 1439 2.
1099 1411 1167 1448 (90)
1191 1412 1266 1441 Dixit
1291 1413 1405 1441 iterum:
1429 1413 1506 1442 Velut
1530 1419 1587 1442 tota
1612 1416 1731 1444 hominis
1751 1415 1805 1443 vita

1013 1462 1066 1491 est,
1083 1467 1157 1487 unus
1174 1460 1242 1493 dies,
1260 1461 1293 1487 iis
1308 1461 1356 1495 qui
1371 1460 1506 1489 desiderio
1526 1461 1662 1490 laborant.

1264 1516 1302 1544 De
1320 1517 1414 1544 abbate
1425 1516 1542 1546 Gelasio.

1047 1572 1074 1598 1.
1093 1571 1103 1606 (
1111 1571 1160 1608 9i)
1176 1571 1307 1599 Dicebant
1321 1572 1356 1601 de
1371 1573 1469 1601 abbate
1481 1572 1599 1605 Gelasio,
1611 1573 1685 1609 quod
1698 1573 1804 1601 habue-

170 1617 246 1644 ὁλίον
268 1619 301 1645 ὲν
328 1618 470 1654 δέρμασιν,
497 1619 572 1652 ἄξιον
600 1620 738 1648 δεκαοκτὼ
765 1624 961 1658 νομισμάτωνο

1017 1616 1051 1644 rit
1075 1617 1175 1645 librqu
1192 1618 1220 1645 in
1244 1618 1412 1646 membranis
1428 1620 1508 1654 pretii
1531 1619 1683 1647 octodecim
1700 1619 1804 1648 solido-

166 1662 228 1699 εἶχε
239 1664 267 1691 δὲ
281 1665 329 1701 τὴν
340 1665 464 1692 Παλαιὰν
474 1666 521 1692 καὶ
534 1665 638 1702 Καινὴν
651 1667 789 1703 Διαθήκην
801 1668 824 1684 ¹¹
838 1676 963 1705 γεγραμ-

171 1711 257 1747 μένην
270 1711 351 1745 ὂλην·
369 1711 416 1738 καλ⁸
431 1712 519 1738 ἔκειτο
535 1713 563 1738 ὲν
582 1713 614 1748 τῇ
629 1713 773 1750 ἐκκλησίᾳ,
787 1714 831 1741 ῖνα
850 1716 864 1741 ὀ
879 1715 962 1742 θέλων

167 1757 225 1783 τῶν
237 1756 360 1791 ἀδελφῶν
373 1756 493 1792 ἀναγνῷ.
520 1757 620 1784 Ἐλθὼν
633 1758 664 1784 δέ
682 1767 724 1790 τις
742 1759 868 1794 ἀδελφῶν
888 1759 961 1792 ξένος

169 1801 340 1838 παραϐαλεῖν
351 1803 390 1838 τῷ
412 1802 531 1838 γέρον-ιι,
547 1803 585 1834 ὡς
601 1801 670 1830 εἶδεν
689 1804 768 1840 αὐτὸ,
789 1805 962 1841 ἐπεθύμησεν

169 1849 265 1881 αὑτοῦ,
280 1849 326 1875 καὶ
338 1848 441 1883 κλέψας
451 1848 574 1884 ἐξῆλθεν.
598 1849 627 1876 '0
639 1849 669 1876 δὲ
685 1851 773 1886 γέρων
787 1852 838 1878 οὐκ
852 1851 962 1885 ἐδίωξεν

169 1895 258 1921 ὀπίσω
273 1894 368 1926 αὑτοῦ,
385 1894 455 1921 ὥστε
471 1894 635 1921 καταλαϐεῖν
658 1895 751 1929 αὐτὸν,
772 1897 874 1933 καίπερ
899 1899 962 1932 νοή-

166 1949 230 1972 σας.
255 1940 392 1967 Ἀπελθὼν
405 1938 452 1967 οὖν
465 1941 569 1972 ἐκεῖνος
580 1942 621 1971 εἰς
632 1941 681 1977 τὴν
696 1941 784 1973 πόλιν,
801 1941 893 1979 ἐζήτει
908 1953 962 1970 πω-

168 1986 249 2022 λῆσαι
266 1986 348 2013 αὑτό·
371 1987 418 2013 καὶ
441 1986 530 2021 εὑρὼν
547 1986 593 2013 τὸν
614 1986 726 2014 θέλοντα
748 1988 893 2024 ἀγοράσαι,
909 1991 962 2016 ἀπ-

169 2032 230 2068 ῄτει
243 2033 293 2068 τὴν
304 2033 389 2069 τιμὴν
407 2033 564 2068 νομίσματα
578 2033 685 2067 δεκαέξ.
706 2033 735 2060 Ὁ
753 2034 782 2061 δὲ
796 2034 882 2061 θέλων
896 2035 961 2069 ἁγο-

169 2080 261 2114 ράσαι.
278 2080 352 2114 λέγει
368 2079 443 2115 αὐτῷ
454 2088 461 2094 ·
483 2080 531 2111 Δός
544 2088 589 2115 μοι
601 2079 719 2116 πρῶτον,
731 2080 871 2116 δοκιμασω
883 2081 959 2114 αὐτὸ,

168 2125 217 2151 καὶ
228 2124 299 2151 οὕτω
317 2125 347 2151 τὸ
363 2124 473 2160 τίμημά
488 2133 529 2151 σοι
547 2124 670 2160 παρέχω.
686 2124 807 2152 Δέδωκεν
820 2123 868 2152 οὖν
882 2126 958 2153 αὑτό.

174 2171 204 2197 '0
226 2171 255 2198 δὲ
279 2170 381 2202 λαϐὼν,
401 2171 500 2206 ἤνεγκε
523 2169 563 2205 τῷ
586 2170 658 2206 ὰϐδᾷ
676 2171 798 2206 Γελασίῳ
816 2171 960 2206 δοκιμάσαι

167 2217 246 2248 αὐτὸ,
263 2216 385 2253 εἰρηκὼς
408 2216 482 2252 αὐτῷ
504 2217 554 2252 τὴν
571 2217 709 2252 ποσότητα
722 2218 755 2253 ἥν
772 2217 819 2244 καὶ
833 2219 847 2244 ὁ
863 2218 960 2244 πωλῶν

168 2261 239 2289 εἷπε.
264 2263 320 2290 Καὶ
341 2263 414 2297 λέγει
433 2264 448 2289 ὁ
468 2263 576 2299 γέρων·
610 2263 759 2299 Ἀγόρασον
777 2264 854 2295 αὐτὸ,
878 2265 959 2291 καλὸν

167 2309 223 2343 γάρ
235 2309 293 2336 ἐστι
309 2309 355 2336 καὶ
374 2309 448 2342 ἄξιον
463 2307 498 2346 ἦς
514 2309 629 2345 εἴρηκας
646 2309 668 2325 ⁸⁸
684 2310 776 2345 τιμῆς.
796 2310 851 2336 Καὶ
874 2309 959 2336 ἐλθὼν

167 2357 183 2381 ὸ
198 2355 340 2391 ἄνθρωπος
356 2353 415 2382 εἷπε
436 2355 475 2391 τῷ
494 2354 628 2381 πωλοῦντι
641 2354 738 2386 ἄλλως,
754 2355 801 2381 καὶ
823 2355 853 2381 οὐ
868 2354 960 2386 καθὼς

167 2399 245 2428 εἶτεν
265 2401 280 2427 ό
300 2401 400 2437 γέρων,
421 2401 525 2436 λέγων’
558 2400 624 2427 Ἰδοὺ
647 2400 736 2434 ἔδειξα
756 2400 822 2427 αὐτὸ
834 2399 873 2435 τῷ
887 2399 959 2435 ἁῦὸᾷ

167 2447 297 2482 Γελασίῳ,
313 2447 360 2474 καὶ
371 2445 432 2473 εἶπέ
447 2455 493 2482 μοι
505 2447 546 2474 ὃτι
559 2446 657 2473 πολλοῦ
676 2448 745 2478 ἔστι,
759 2447 807 2474 καὶ
823 2448 874 2475 οὐκ
885 2448 959 2475 ἐστιν

166 2493 242 2527 ἄξιον
265 2492 301 2530 ἦς
324 2494 439 2529 εἴρηκας
466 2493 560 2528 τιμῆς.
590 2493 708 2524 Ἐκεῖνος
728 2493 858 2526 ἀκούσας,
884 2494 957 2528 λέγει

166 2539 241 2575 αὑτῷ
252 2548 259 2554 ·
277 2539 360 2566 Οὐδέν
379 2547 420 2565 σοι
440 2539 504 2566 ἄλλο
515 2537 591 2566 εἶπεν
605 2539 620 2565 ὀ
643 2539 749 2574 γέρων;
767 2539 849 2573 Λέγει
864 2539 938 2574 αὐτῷ
948 2547 955 2554 ·

165 2585 245 2620 Οὺχι.
262 2584 328 2611 Τότε
349 2584 439 2618 λέγει’
460 2583 560 2611 Οὺκέτι
575 2583 645 2610 θέλω
661 2583 785 2618 πωλῆσαι
807 2584 882 2610 αὐτό.
901 2585 959 2610 Κα-

164 2631 293 2665 τανυγεὶς
307 2630 336 2657 δὲ
360 2627 426 2665 ἦλθε
446 2630 513 2664 πρὸς
537 2630 582 2656 τὸν
606 2630 723 2665 γέροντα
741 2629 891 2664 μετανοῶν,
911 2630 959 2656 καὶ

165 2676 334 2713 παρακαλῶν
355 2677 436 2703 αὑτὸν
459 2676 584 2709 δέξασθαι
601 2676 676 2702 αὑτό.
707 2676 735 2702 Ὀ
757 2675 785 2702 δὲ
807 2675 895 2710 γέρων
909 2675 958 2701 οὐκ

162 2723 245 2759 ᾕθελε
260 2723 364 2750 λαὸεἶν.
378 2722 444 2749 Τότε
467 2722 542 2756 λέγει
561 2721 637 2749 αὑτῶ
660 2723 674 2747 ὁ
694 2721 818 2756 ἀδελφὸς,
831 2721 872 2747 ὅτι
896 2721 963 2748 Ἐὰν,

201 2814 223 2830 ’⁸
239 2813 324 2840 Abest
339 2812 375 2840 ab
385 2812 421 2839 al.
461 2813 481 2828 "
501 2812 542 2839 Al.
557 2813 663 2848 εἴρηκε.

201 2890 258 2925 (88)
278 2889 393 2925 Doroth.
411 2889 500 2916 Doclr.
519 2891 561 2918 li).

199 2925 255 2960 (89)
281 2924 334 2952 Vit.
351 2924 428 2952 l‘atr.
446 2933 463 2954 ι.
482 2925 508 2952 5.

1015 1670 1076 1690 rum
1093 1672 1100 1690 :
1119 1663 1145 1690 in
1161 1671 1216 1699 quo
1237 1663 1406 1699 descriptum
1421 1669 1480 1692 erat
1496 1669 1583 1692 totum
1603 1663 1687 1693 Vetus
1700 1673 1732 1692 ac
1748 1665 1804 1692 No—

1015 1717 1079 1736 vum
1095 1708 1318 1743 Testamentum;
1333 1715 1361 1738 et
1377 1711 1405 1738 in
1421 1710 1541 1739 Ecclesia
1563 1712 1670 1746 positus
1684 1716 1753 1744 erat,
1773 1716 1803 1738 ut

1014 1756 1061 1790 qui
1074 1752 1206 1784 voluisset
1221 1756 1348 1790 fratrum,
1362 1757 1472 1793 legeret.
1491 1757 1611 1785 Veniens
1621 1762 1712 1786 autem
1725 1766 1803 1794 perc-

1013 1801 1109 1837 srinus
1124 1802 1223 1837 aliquis
1238 1802 1351 1829 fratrum
1367 1804 1400 1830 ad
1417 1803 1589 1831 invisendum
1609 1811 1713 1837 senem,
1727 1810 1803 1839 post-

1013 1854 1095 1883 quam
1123 1847 1189 1874 vidit
1210 1848 1344 1882 codicem,
1362 1848 1498 1876 desiderio
1512 1854 1665 1885 correptus,
1696 1850 1802 1877 furatus

1013 1898 1054 1921 est
1068 1901 1142 1927 eum,
1158 1901 1189 1920 ac
1210 1893 1348 1921 discessit.
1365 1895 1454 1922 Senex
1467 1899 1558 1923 autem
1574 1904 1628 1923 non
1656 1900 1698 1924 est
1712 1896 1802 1923 homi-

1012 1945 1074 1965 nem
1098 1939 1250 1972 insccutus,
1273 1943 1303 1967 ut
1320 1940 1573 1975 comprehenderet.
1594 1942 1720 1977 quamvis
1744 1951 1801 1969 rem

1012 1985 1200 2013 intellexisset.
1218 1986 1320 2014 Abiens
1337 1994 1404 2021 ergo
1424 1987 1468 2015 ille
1483 1989 1510 2014 in
1525 1989 1674 2021 civitatem,
1692 1996 1800 2024 quaere-

1012 2028 1059 2056 bat
1071 2036 1126 2065 quo
1135 2030 1210 2057 illum
1226 2030 1367 2059 venderet.
1383 2032 1547 2067 lnventoque
1561 2033 1607 2068 qui
1635 2033 1715 2060 vellet
1729 2041 1801 2061 eme-

1012 2082 1052 2108 re,
1070 2076 1218 2111 postulavit
1236 2084 1284 2111 pro
1298 2078 1385 2112 pretio
1402 2078 1520 2106 sedecim
1535 2079 1646 2107 solidos.
1668 2079 1719 2113 Qui
1737 2088 1800 2107 vero

1011 2121 1120 2149 volebat
1134 2130 1234 2155 enitere,
1247 2123 1318 2150 dixit
1335 2123 1359 2151 ei
1378 2133 1385 2151 :
1401 2123 1438 2150 Da
1457 2124 1523 2151 mihi
1543 2125 1628 2159 prius,
1641 2125 1752 2159 probem
1769 2125 1800 2152 il-

1010 2167 1068 2194 lum
1079 2184 1088 2197 ν
1102 2173 1127 2195 et
1144 2172 1237 2203 postea
1252 2169 1368 2204 pretium
1383 2171 1497 2198 solvam.
1514 2169 1591 2198 Dedit
1606 2171 1698 2205 igitur.
1715 2171 1803 2197 Porro.

1011 2213 1149 2248 accipiens
1164 2214 1208 2242 ille
1222 2215 1320 2242 detulit
1334 2215 1367 2242 ad
1383 2216 1507 2243 tilitatem
1520 2215 1668 2247 Gelasium.
1686 2216 1723 2243 uti
1738 2223 1802 2250 pro-

1012 2259 1101 2291 baret,
1118 2259 1321 2295 declaravitque
1345 2261 1462 2296 pretium
1481 2262 1553 2296 quod
1568 2261 1694 2288 venditor
1711 2261 1800 2296 impo-

976 2300 998 2326 ι)
1013 2309 1114 2332 suerat.
1145 2306 1190 2333 Ait
1214 2313 1321 2333 senex:
1345 2305 1411 2333 Eme
1435 2307 1527 2340 illum;
1551 2311 1593 2334 est
1612 2307 1684 2334 enim
1710 2307 1799 2335 bonus

1010 2358 1043 2377 ac
1056 2350 1177 2386 elegans,
1197 2353 1321 2387 valetque
1337 2357 1469 2387 quantum
1492 2353 1596 2380 dixisti.
1611 2352 1729 2381 Rediens
1747 2354 1799 2381 ita-

1010 2405 1063 2431 que
1079 2396 1171 2429 homo,
1185 2397 1262 2424 aliter
1279 2399 1437 2433 prolocutus
1450 2404 1493 2426 est
1508 2399 1649 2431 vendenti,
1669 2407 1720 2427 nec
1733 2400 1800 2435 jux-

1009 2447 1036 2469 ta
1052 2443 1128 2471 senis
1142 2443 1224 2470 verba
1238 2463 1245 2474 ,
1268 2444 1364 2471 aiens:
1379 2443 1449 2472 Ecce
1460 2445 1564 2472 ostendi
1587 2445 1686 2472 librutn
1707 2446 1798 2474 abbati

1007 2488 1126 2520 Gelasio,
1148 2489 1270 2524 dixitque
1293 2490 1370 2520 mihi,
1384 2497 1477 2516 carum
1493 2497 1563 2522 esse,
1582 2498 1633 2517 nec
1656 2491 1745 2519 valere
1771 2491 1799 2518 id

1007 2534 1080 2568 quod
1097 2534 1176 2569 petis.
1196 2534 1258 2567 Quo
1272 2535 1315 2562 ille
1332 2535 1436 2567 audito,
1457 2536 1525 2562 dixit
1538 2536 1563 2563 ei
1579 2545 1585 2563 :
1599 2535 1708 2564 Nihilne
1724 2537 1797 2564 aliud

1009 2581 1121 2615 protulit
1149 2581 1251 2608 senex?
1271 2580 1448 2616 Respondit:
1475 2581 1556 2609 Nihil.
1582 2581 1661 2610 Tunc
1689 2583 1797 2611 frater:

1008 2626 1068 2654 Non
1082 2627 1200 2661 amplius
1216 2627 1278 2654 volo
1289 2628 1417 2655 vendere.
1439 2628 1628 2663 Compunctus
1642 2635 1734 2658 autem
1753 2639 1812 2658 ac»

1008 2673 1093 2700 cessit
1118 2672 1155 2699 ad
1175 2680 1267 2700 senetn
1295 2674 1448 2708 paenitens,
1473 2679 1500 2701 et
1518 2675 1606 2702 oravit
1620 2679 1649 2702 ut
1666 2676 1799 2711 reciperet

1010 2718 1142 2746 codicem.
1173 2719 1208 2744 At
1228 2727 1311 2747 senex
1329 2720 1450 2747 nolebat.
1465 2719 1542 2749 Tunc
1559 2721 1630 2749 dixit
1646 2721 1670 2750 ei
1687 2721 1772 2749 frater
1788 2731 1797 2750 :

703 2811 747 2839 "l
763 2811 863 2840 Thess.
877 2819 904 2844 v,
922 2810 966 2843 16,
981 2809 1024 2844 Π,
1043 2811 1087 2838 18.

1045 2888 1101 2954 (9οζ
1119 2888 1166 2930 Gr.
1187 2888 1267 2922 Naz.,
1287 2890 1334 2916 0r.
1351 2890 1399 2924 28,
1419 2898 1443 2926 p.
1462 2891 1520 2918 475.

1045 2925 1085 2954 (91
1123 2924 1174 2952 γη.
1189 2924 1266 2954 Patr.
1281 2932 1337 2954 xvt.
1355 2925 1381 2953 l.

1044 2924 1100 2962 (9|)
1123 2924 1174 2952 Vit.
1189 2924 1266 2954 Patr.
1281 2932 1337 2957 xvt,
1355 2925 1381 2953 l.
