1971 3068
150 187 218 226 ,ιιι

747 189 919 218 APPENDIX
938 190 984 217 AD
1003 189 1212 218 PALLADIL'M.

1741 191 1792 220 H3

164 245 225 273 Nisi
251 247 400 282 acceperis,
430 255 569 283 nunquam
591 254 639 275 ero
661 248 781 283 quietus.
810 248 898 277 Senex
921 249 954 276 ad

1020 250 1046 285 ιὴ
1061 250 1146 288 λᾴϐῃς
1163 250 1238 282 αὐτὸ,
1257 250 1306 277 οὐκ
1322 250 1379 285 ἔχω
1399 251 1552 276 ἀνάπαυσιν
1572 250 1604 275 ¹⁷.
1625 250 1704 283 Λέγει
1719 250 1794 286 αὐτῷ

164 299 227 318 eum
239 301 245 318 :
255 292 282 319 Si
293 295 434 328 quiescere
445 301 498 321 non
508 298 595 329 potes,
607 301 671 321 ecce
679 294 794 322 admitto
803 295 890 323 illum.
901 295 958 322 C1?-

165 343 253 365 terum
267 339 366 366 mansit
381 347 414 366 eo
429 340 481 367 loci
495 340 579 367 frater
594 348 681 375 usque
695 340 728 367 ad
740 346 853 368 mortem
870 349 957 374 suam,

166 388 246 418 capto
259 392 306 418 per
315 385 339 412 id
355 386 427 420 quod
443 394 527 413 senex
535 389 629 421 egerat
637 385 750 413 salutari
763 387 956 420 emolumento.

203 431 230 456 2.
260 429 330 458 lluic
358 432 449 458 abbati
481 431 590 459 Gelasio
617 433 765 468 aliquando
793 441 840 470 per
864 441 958 462 senem

168 476 324 509 quemdam,
345 478 509 504 monachum
536 478 618 505 etiam
636 478 736 512 ipsum,
765 478 881 506 incolam
907 479 959 507 loci

167 520 331 556 Nicopeleos
346 523 437 555 vicini,
458 524 552 551 relicta
573 524 625 551 fuit
645 525 713 552 cella
737 532 801 552 cum
821 533 887 560 agro
905 526 961 553 cir-

169 566 359 601 cumjacente;
376 569 490 597 colonus
510 574 602 597 autem
619 570 719 604 aliquis
733 569 826 598 Vacati
842 572 960 600 hominis

169 613 216 646 qui
243 617 308 639 tunc
326 614 427 648 primas
448 614 571 650 Nicopoli
595 615 745 644 Palmstiua:
761 616 875 650 ferebat,
897 625 960 645 cum

169 662 245 686 esset
265 659 388 686 defuncti
406 660 481 688 senis
501 666 644 695 cognatus.
674 663 806 690 accedens
823 664 856 690 ad
877 664 961 690 \‘aca-

175 708 244 736 tum,
261 706 395 732 orabatut
410 706 542 740 praedium
560 707 624 734 illud
638 708 784 743 acciperet,
800 709 873 744 quod
887 717 961 736 nem-

171 757 205 784 pe
235 758 283 784 per
302 751 375 786 leges
401 752 433 778 ad
464 760 494 780 se
519 754 661 788 pervenire
687 755 806 782 deberet.
828 755 874 782 llle
897 763 962 783 vero

173 793 250 826 (erat
273 794 345 820 enim
372 795 526 832 violentus)
548 805 631 825 manu
656 799 766 834 propria
789 807 884 835 agrum
912 808 962 827 au-

172 837 244 866 ferre
273 839 410 868 nitebatur
426 841 460 869 ab
478 843 574 870 abbate
603 843 720 873 Gelasio.
737 844 788 878 Qui
804 846 887 873 abbas
911 846 963 873 Ge-

173 883 269 917 lasius,
289 886 384 914 uolens
399 888 495 915 cellam
524 891 702 918 nmnasticam
720 892 827 920 tradere
843 893 901 919 viro
914 901 964 921 sa:-

1009 297 1023 322 ὁ
1039 296 1142 330 γέρων·
1160 297 1190 322 Εἰ
1205 298 1255 324 οὐκ
1270 296 1407 331 ἀναπαὺῃ,
1425 297 1488 323 ’ἰδοὺ
1511 296 1623 331 δέχομαι
1643 295 1717 322 αὑτό.
1740 297 1794 322 Καὶ

1009 341 1116 376 ἔμεινεν
1130 342 1144 367 ὁ
1157 342 1270 376 ἁδελφὸς
1286 342 1390 373 ἐκεῖνος
1403 341 1424 357 ³⁸
1435 342 1486 373 ἕως
1501 342 1551 376 τῆς
1561 342 1689 376 τελευτῆς
1699 341 1793 371 αὑτοῦ,

1009 387 1159 421 ὠφεληθεὶς
1180 387 1233 414 ἀπὸ
1244 387 1293 422 τῆς
1308 387 1439 423 ἐργασίας
1453 387 1500 413 τοῦ
1516 387 1652 422 γέροντος.

1046 432 1078 468 β’.
1091 433 1182 468 Τούτῳ
1193 433 1232 468 τῷ
1246 433 1318 468 ἀὸὕᾷ
1333 433 1452 467 Γελασίῳ
1469 432 1630 473 κατελεςρθη
1646 433 1710 459 ποτὲ
1721 431 1796 466 παρὰ

1010 478 1136 514 γέροντός
1151 487 1232 511 τινος,
1250 478 1367 513 μονοιχοῦ
1393 479 1440 507 καὶ
1465 478 1558 509 αὑτοῦ,
1574 479 1638 514 περὶ
1652 478 1699 513 τὴν
1715 477 1795 504 Νικά-

1011 524 1088 551 πολιν
1098 525 1147 560 τὴν
1161 525 1269 560 οἴκησιν
1282 523 1400 559 ἔχοντος,
1424 524 1527 550 κελλίον
1544 525 1590 551 καὶ
1611 524 1641 550 τὸ
1655 524 1718 559 περὶ
1731 523 1797 550 αὐτὸ

1011 571 1119 606 χωρίον.
1143 571 1267 606 Γεωργδς
1278 571 1307 597 δέ
1318 579 1359 602 τις
1372 570 1495 597 Βακάτου
1509 570 1556 596 τοῦ
1569 570 1630 596 τότε
1645 569 1798 606 πρωτεύον-

1010 626 1056 649 τος
1070 617 1118 652 τῆς
1133 617 1303 649 Νικοπόλεως
1315 617 1363 653 τῆς
1377 617 1447 643 κατὰ
1463 616 1653 651 Παλαιστίνην,
1665 615 1798 650 συγγενὴς

1011 662 1049 690 ὢν
1063 663 1112 689 τοῦ
1135 662 1315 698 κοιμηθέντος
1331 662 1468 697 γέροντος.
1491 660 1648 696 προσελθὼν
1669 660 1708 695 τῷ
1723 660 1797 694 αὑτῲ

1012 710 1129 746 Βακάτῳ
1147 710 1223 745 ἠξίου
1245 709 1337 736 λαϐεῖν
1349 709 1379 736 τὸ
1399 709 1465 736 αὐτὸ
1488 708 1598 743 χωρίον,
1612 708 1648 738 ὡς
1668 706 1747 741 δῆθεν
1767 707 1798 732 ὲκ

1011 756 1066 783 τῶν
1085 757 1173 792 νόμων
1187 756 1227 787 είς
1243 755 1322 782 αὑτὸν
1337 755 1424 781 ὲλθεῖν
1441 754 1604 788 ὀφείλοντος.
1633 753 1661 779 ’0
1675 752 1703 778 δὲ
1723 751 1798 786 ιδρά-

1014 811 1079 838 στης
1094 802 1149 838 γὰρ
1165 800 1210 838 ἦν)
1233 801 1370 836 αὐτοχειρὶ
1390 800 1421 826 τὸ
1442 800 1541 835 χωρίον
1562 799 1653 826 λαϐεῖν
1673 798 1800 832 ἐπειρᾶτο

1014 848 1089 884 παρὰ
1104 848 1152 875 τοῦ
1167 847 1239 874 ἀὸϐᾱ
1255 847 1393 874 Γελασίον.
1411 846 1456 881 Μὴ
1482 846 1566 872 θέλων
1581 845 1609 871 δὲ
1632 844 1736 870 κελλίον
1753 851 1800 878 μο-

1014 894 1125 930 ναχικδν
1143 893 1310 929 παραδοῦναι
1327 892 1452 928 κοσμικῷ
1473 894 1488 919 ὁ
1507 892 1589 922 αὐτὸς
1611 891 1696 922 ἁεϐᾶς
1718 889 1800 916 Γελά-

173 930 272 972 culari,
295 939 348 960 non
376 934 499 962 cedebat.
524 936 558 962 At
577 936 692 965 Vacalus
705 945 767 965 cum
792 939 964 967 observasset

1020 947 1083 970 σιος,
1094 938 1124 964 οὐ
1142 937 1308 973 παρεχώρει.
1325 936 1594 972 Παρατηρησάμενος
1610 935 1638 962 δὲ
1652 936 1666 961 ὁ
1677 935 1800 965 Batti-.0;

171 976 294 1012 jumenta
308 979 414 1007 abbatis
428 981 529 1008 Gelasii
539 983 689 1011 transferre
700 985 775 1012 oleas
789 986 876 1013 relicti
889 986 963 1014 illius

174 1024 279 1058 praedii,
299 1033 346 1060 per
366 1027 420 1053 vim
435 1035 466 1054 ea
488 1028 624 1060 distraxit.
651 1030 794 1066 allatisque
809 1032 836 1059 in
853 1032 963 1059 dommn

175 1077 253 1097 suam
271 1072 348 1103 oleis.
365 1073 408 1099 vix
423 1077 450 1100 et
465 1081 527 1101 cum
544 1076 709 1104 contumelia
723 1078 830 1104 remisit
841 1078 964 1112 jumeuta

175 1123 238 1143 cum
261 1119 445 1147 veterinariis.
471 1119 570 1148 Beatus
587 1129 651 1148 vero
674 1130 757 1154 senex
798 1123 889 1157 fruges
905 1125 965 1159 qui-

175 1163 236 1190 dem
254 1171 425 1200 nequaquam
442 1166 597 1194 vindicabat
613 1167 675 1199 sibi,
693 1168 739 1195 scd
763 1169 856 1203 [melii
875 1169 965 1196 domi-

177 1208 222 1234 nio
240 1208 336 1237 cedere
353 1210 472 1242 nolebat,
497 1211 532 1238 ob
557 1212 714 1246 praedictam
736 1221 856 1241 causam.
883 1214 966 1249 Igitur

177 1258 272 1280 contra
288 1262 349 1281 eum
369 1257 553 1284 exardescens
566 1257 684 1284 Vacalus
697 1278 704 1288 ,
721 1258 781 1286 aliis
797 1266 905 1293 quoque
920 1267 966 1286 ne—

177 1298 258 1332 gotiis
280 1300 450 1328 trahentibus
462 1324 469 1333 ,
488 1310 550 1329 nam
569 1304 704 1338 litigiosus
721 1308 779 1331 erat
795 1326 802 1336 ,
828 1305 964 1333 Conslan-

179 1345 319 1379 tinopolim
335 1347 459 1375 concitus
475 1349 604 1382 perrexit,
633 1349 749 1384 pedestri
776 1351 870 1378 itinere
886 1352 967 1386 proli-

178 1390 294 1418 risrens.
321 1391 387 1419 Cum
412 1397 503 1420 autem
530 1395 648 1422 venisset
672 1396 746 1423 circa
775 1396 964 1429 Antiochiam.

179 1437 346 1464 tuneinstar
362 1438 504 1466 luminaris
522 1441 611 1475 magni
627 1441 745 1476 fulgente
759 1442 838 1469 beato
853 1442 966 1478 Symco-

180 1490 224 1512 ne.
239 1483 354 1510 audiens
369 1492 429 1518 qua:
442 1485 476 1512 de
489 1485 536 1512 illo
551 1485 708 1514 ferebantur
722 1487 872 1522 (humanas
887 1490 961 1516 enim

179 1527 252 1554 vires
264 1530 452 1565 superabant),
464 1531 631 1560 desideravit
646 1537 774 1568 tanquam
789 1534 966 1562 Christianus

181 1578 306 1600 sanctum
330 1575 432 1602 videre.
452 1576 484 1602 At
510 1582 623 1605 sanctus
647 1578 775 1614 Symeon,
796 1589 810 1606 c
840 1580 966 1608 columna

180 1620 356 1654 conspicatus
370 1629 430 1648 cum
450 1624 541 1650 statim
558 1624 703 1651 intrantem
719 1625 746 1650 in
761 1626 965 1658 monasterium,

181 1665 360 1701 interrogavit
385 1677 392 1694 :
419 1667 503 1702 Cujas
522 1670 568 1696 es?
580 1673 608 1696 et
624 1677 679 1704 quo
706 1670 801 1698 vadis?
824 1671 972 1706 Respondit

181 1711 227 1739 ille
244 1721 250 1739 ι
269 1711 431 1742 Ριιίαιςιὶιιυε
458 1722 537 1748 sum;
565 1715 830 1752 Constantinopolim
858 1718 968 1752 prolici-

181 1765 255 1784 δεον.
277 1757 396 1793 Symeon
417 1759 494 1794 :Qua
511 1760 544 1788 de
570 1762 672 1788 causa?
695 1761 834 1790 Vacalus:
859 1762 973 1798 Propter

183 1804 268 1830 multa
283 1805 405 1839 negotia;
417 1813 449 1833 ac
460 1815 550 1840 spero,
567 1815 613 1842 per
631 1816 726 1842 preces
749 1809 902 1836 sanctitatis
920 1813 973 1836 tua:

183 1849 333 1876 rediturum
351 1857 405 1882 me,
439 1856 521 1886 atque
545 1853 722 1879 adoraturuni
742 1858 836 1880 sancta
859 1854 972 1889 vestigia

183 1898 240 1922 tua.
259 1894 330 1922 Dicit
344 1896 369 1923 ci
383 1902 495 1924 sanctus
510 1897 626 1932 Syuieon
642 1897 720 1925 :Non
737 1899 778 1926 vis
790 1899 882 1931 fateri,
899 1907 915 1926 ο
932 1907 973 1926 ιιι·

182 1945 224 1968 ter
243 1935 367 1970 homines
382 1943 534 1977 deplorato,
559 1944 631 1978 quod
647 1949 742 1971 contra
759 1945 896 1972 hominem
925 1944 972 1972 Dei

183 1987 275 2015 abeas.
298 1987 351 2015 Sed
369 1997 528 2023 prosperum
546 1998 598 2017 non
618 1991 730 2018 habebis
748 1991 798 2018 iter
814 1999 901 2026 neque
915 1999 973 2018 am-

185 2034 256 2068 plius
273 2034 377 2062 videbis
396 2034 507 2061 domum
533 2041 617 2062 tuam.
640 2035 668 2062 Si
688 2044 752 2071 ergo
764 2045 844 2072 pares
857 2038 972 2066 consilio

185 2087 255 2109 meo.
274 2079 337 2106 hinc
361 2080 416 2114 jam
433 2081 574 2113 recedens,
591 2082 622 2108 ad
641 2082 728 2116 ipsum
757 2084 928 2117 properabis,
946 2088 972 2112 et

183 2133 254 2158 genu
267 2124 336 2151 ﬂexo
357 2129 431 2159 petes
460 2127 577 2158 veniam,
596 2127 676 2158 modo
690 2127 779 2154 adhuc
794 2128 871 2156 vivus
885 2130 918 2156 ad
931 2130 971 2156 lo-

184 2179 246 2197 cum
273 2171 426 2206 perligeris.
452 2172 550 2198 Statim
572 2173 654 2207 igitur
671 2172 746 2200 febre
762 2179 903 2209 correptus
919 2180 970 2207 est,

184 2219 211 2241 et
228 2222 243 2240 a
260 2215 408 2242 comitibus
422 2216 448 2242 in
464 2216 590 2242 lecticam
607 2219 717 2247 missus.
738 2217 883 2246 festinabat
894 2220 971 2253 juxta

185 2260 273 2287 sancti
294 2260 437 2295 Symeonis
453 2269 605 2288 sermonem
631 2267 659 2288 ut
677 2263 709 2289 ad
725 2265 861 2297 regionem
878 2273 972 2300 perve-

186 2310 267 2336 niret.
294 2311 376 2341 atque
394 2307 485 2334 abbati
515 2307 623 2334 Gelasio
640 2309 772 2342 prenitere
801 2318 830 2337 se
848 2319 896 2345 per
912 2319 972 2346 pro-

185 2352 295 2378 fundam
314 2353 518 2380 inclinationem
542 2358 717 2381 monstraret.
738 2353 836 2382 Verum
856 2356 900 2382 ubi
923 2356 973 2384 Be-

185 2403 275 2432 rytum
291 2398 392 2433 attigit,
409 2403 534 2426 mortuus
543 2405 595 2430 est,
611 2408 660 2427 nec
674 2400 742 2427 vidit
757 2401 867 2428 domum
883 2410 971 2435 suam,

182 2444 261 2478 juxta
279 2445 366 2471 sancti
384 2445 597 2478 praedictionem.
617 2446 669 2472 Ista
682 2446 753 2473 lilius
768 2447 838 2480 ejus.
853 2447 972 2476 Vacalus

184 2490 265 2516 etiam
284 2490 406 2522 nomine,
421 2495 482 2525 post
507 2494 621 2517 mortem
649 2491 745 2526 patris,
764 2493 857 2520 multis
873 2501 904 2519 ac
923 2494 973 2521 lide

184 2537 275 2570 dignis
289 2536 444 2563 hominibus
460 2537 609 2565 enarravit.

220 2583 247 2608 5.
266 2581 297 2609 Et
313 2582 364 2609 hoc
376 2590 485 2618 quoque
501 2583 578 2609 multi
593 2591 608 2610 e
627 2583 771 2618 discipulis
786 2583 846 2618 ejus
873 2585 972 2611 retule-

184 2632 249 2654 runt
265 2636 271 2654 :
290 2629 445 2662 Aliquando
461 2629 538 2664 pisce
554 2629 587 2656 ad
604 2629 703 2656 fratres
717 2629 809 2662 allato,
823 2637 885 2657 cum
895 2630 971 2657 illum

184 2681 290 2708 coquus
307 2674 438 2707 fririsset,
466 2675 583 2710 portavit
600 2674 632 2701 ad
662 2676 829 2708 cellaritam;
855 2676 974 2703 neut-ssi-

184 2723 241 2747 tale
257 2724 347 2747 autem
365 2720 515 2748 cellaritam
530 2724 651 2755 urgente,
668 2720 750 2747 exivit
763 2728 778 2746 ρ
791 2720 912 2751 cellario,
928 2729 973 2747 re~

185 2766 312 2800 linquens
329 2766 430 2800 piscem
449 2766 524 2792 humi
545 2767 570 2793 in
588 2774 662 2796 vase,
681 2765 814 2793 litandans
834 2766 973 2793 alntnuulo

185 2811 258 2839 beati
277 2811 376 2839 Gelasii
396 2816 425 2839 ut
442 2812 593 2840 custodiret
614 2812 647 2838 ad
664 2817 782 2847 tempus.
810 2812 897 2839 donec
915 2812 973 2846 ipse

219 2888 244 2908 ⁸⁷
259 2889 299 2917 Al.
319 2889 481 2924 ἀναπαῆναι.
514 2890 543 2907 ›¹⁹
554 2890 596 2917 Al.
617 2891 682 2917 ἐκεῖ.
721 2889 742 2905 ¹⁹
759 2889 801 2916 Al.
818 2886 918 2924 ὑφ’ὦν.

985 1615 1005 1644 C

988 2285 1010 2312 D

1013 985 1047 1012 τὰ
1065 984 1123 1016 ζῶα.
1137 984 1183 1010 τοῦ
1201 984 1273 1010 ἀϐϐᾱ
1291 983 1419 1010 Γελασίου
1437 982 1622 1018 μεταφέροντα
1641 981 1691 1012 τὰς
1707 980 1800 1012 ἐλαίας

1013 1030 1059 1057 τοῦ
1075 1030 1299 1064 καταλειφθέντος
1315 1029 1415 1065 χωρίου
1427 1027 1512 1063 αὐτῷ,
1531 1028 1624 1063 βιαίως
1631 1027 1717 1053 ταῦτα
1733 1027 1801 1053 ait—.6—

1015 1076 1131 1108 σπάσας,
1151 1077 1191 1107 είς
1209 1075 1254 1101 τὸν
1264 1073 1336 1101 οἷκον
1346 1073 1427 1101 αὑτοῦ
1445 1073 1494 1104 τὰς
1513 1073 1605 1104 ἐλαίας
1615 1071 1714 1103 λαϐὼν,
1727 1071 1803 1106 μόλις

1015 1122 1084 1158 μετὰ
1095 1121 1206 1156 ἀτιμίας
1222 1121 1339 1147 ἀπέλυσε
1351 1120 1385 1146 τὰ
1397 1119 1454 1152 ζῶα
1468 1119 1535 1155 μετὰ
1545 1119 1598 1145 τῶν
1609 1117 1742 1153 κτηνιτῶν
1755 1117 1803 1143 αὺ-

1014 1169 1077 1196 τῶν.
1098 1167 1129 1195 ’0
1139 1169 1167 1194 δὲ
1183 1167 1317 1203 μακάριος
1324 1167 1412 1202 γέρων
1427 1166 1474 1193 τοῦ
1487 1166 1536 1201 μὲν
1544 1164 1651 1200 καρποῦ
1665 1164 1718 1190 οὐδ’
1736 1163 1803 1194 ὅλως

1014 1215 1189 1249 ἀντεποιήθη,
1202 1215 1251 1248 τῆς
1259 1213 1287 1240 δὲ
1301 1213 1459 1243 δεσποτείας
1471 1212 1517 1238 τοῦ
1531 1211 1630 1246 χωρίου
1637 1211 1666 1236 οὺ
1680 1209 1804 1244 παρεχώ-

1017 1269 1092 1296 ρησε,
1110 1259 1154 1286 διὰ
1172 1260 1221 1294 τὴν
1229 1258 1378 1294 εἰρημένην
1389 1258 1488 1284 αἰτίαν.
1504 1257 1561 1291 Ἐιρ’
1577 1257 1606 1282 ὃν
1618 1255 1774 1289 "tias-011.;
1790 1254 1806 1280 ὁ

1016 1306 1147 1338 linito;
1155 1304 1254 1340 χρειῶν
1269 1305 1315 1331 καὶ
1326 1304 1412 1330 ἄλλων
1421 1303 1556 1330 ἑλκουσῶν
1571 1301 1651 1329 αὑτὸν
1659 1300 1804 1336 (φιλόδικος

1016 1351 1070 1385 γὰρ
1083 1349 1140 1386 ἦν),
1156 1350 1202 1376 ἐπὶ
1211 1347 1493 1376 Κωνσταντινοὺπολιν
1506 1347 1589 1382 ὁρμᾷ,
1600 1346 1667 1380 πεζῇ
1682 1346 1729 1380 τὴν
1737 1345 1806 1371 ὁδοι-

1017 1398 1113 1432 πορίαν
1121 1396 1289 1431 ποιούμενος.
1298 1395 1444 1430 Γενόμενος
1452 1394 1480 1420 δὲ
1491 1393 1559 1420 κατὰ
1568 1393 1616 1428 τὴν
1629 1393 1805 1426 Ἀντιόχειαν,

1016 1442 1075 1468 rita
1090 1441 1128 1472 ὡς
1146 1440 1263 1475 μεγάλου
1279 1440 1419 1475 φωστῆρος
1429 1439 1582 1474 λάμποντος
1596 1438 1643 1464 τοῦ
1661 1438 1738 1470 ἁγίου
1757 1437 1806 1469 Συ-

1019 1486 1101 1522 μεὼν,
1111 1486 1144 1512 τὰ
1156 1487 1215 1513 κατ’
1225 1487 1304 1513 αὐτὸν
1312 1486 1428 1518 ἀκούσας
1444 1486 1525 1520 (ὑπὲρ
1540 1485 1679 1520 ἄνθρωπον
1687 1484 1740 1519 γὰρ
1749 1481 1806 1519 ἦν),

1023 1531 1194 1566 ἐπεθύμησεν
1228 1531 1266 1562 ὡς
1294 1530 1448 1566 χριστιανὺς
1468 1530 1513 1556 τὸν
1540 1530 1616 1563 ἅγιον
1648 1528 1806 1555 θεάσασθαι.

1021 1577 1094 1604 Ἰδὼν
1115 1578 1143 1604 δὲ
1167 1577 1247 1603 αὐτὸν
1269 1577 1323 1604 ἀπὸ
1344 1577 1390 1603 τοῦ
1414 1576 1510 1602 στύλου
1541 1576 1555 1602 ὁ
1586 1575 1661 1609 ᾶγιος
1684 1573 1806 1608 Συμεὼν,

1022 1623 1101 1654 εὐθὺς
1117 1622 1270 1649 εἰσελθόντα
1283 1623 1322 1653 εἰς
1334 1622 1365 1648 τὸ
1386 1622 1575 1657 μοναστήριον,
1595 1619 1706 1656 ἡρώτςν
1724 1619 1808 1646 Πόθεν

1022 1667 1057 1698 εἴ.
1074 1669 1120 1694 καὶ
1132 1667 1182 1694 ποῦ
1197 1667 1316 1703 πορεύῃ;
1341 1668 1370 1694 '0
1383 1667 1412 1694 δέ
1423 1675 1504 1702 φησιν
1514 1675 1520 1681 ·
1543 1666 1609 1692 Ἀπὸ
1625 1665 1808 1699 Παλαιστίνης

1022 1716 1090 1750 εἰμὶ,
1107 1715 1154 1742 καὶ
1172 1716 1210 1746 είς
1225 1714 1506 1742 Κωνσταντινουπολιν
1523 1713 1629 1747 ὑπάγω.
1651 1713 1679 1738 '0
1696 1711 1724 1738 δὲ
1740 1711 1808 1746 πρὸς

1023 1762 1119 1788 αὐτόν
1144 1762 1198 1788 Καὶ
1216 1761 1286 1794 ῖίνος
1303 1761 1398 1796 χάρινς
1423 1761 1504 1794 Λέγει
1529 1759 1603 1795 αὐτῷ
1628 1760 1642 1785 ὁ
1669 1759 1807 1788 Bazaira;-

1022 1808 1072 1834 Διὰ
1092 1808 1184 1843 χρείας
1205 1807 1319 1838 πολλάς·
1338 1807 1386 1833 καὶ
1401 1806 1503 1838 ἐλπίζω
1526 1806 1569 1832 διὰ
1590 1805 1643 1831 τῶν
1657 1803 1742 1839 εὐχῶν
1759 1803 1809 1837 τῆς

1023 1854 1175 1888 ἁγιωσύνης
1190 1862 1236 1880 σου
1252 1853 1418 1880 ὲπαναλῦσιιι
1429 1872 1436 1883 ,
1451 1853 1499 1879 καὶ
1517 1853 1678 1887 προσκυνεῖν
1694 1851 1726 1876 τὰ
1743 1849 1809 1883 ἅγιά

1023 1908 1068 1926 σου
1087 1899 1157 1934 ἴχνη.
1174 1900 1230 1930 Καὶι
1239 1899 1314 1933 λέγει
1324 1899 1396 1934 αὑτῴ
1411 1900 1425 1925 ὁ
1441 1899 1516 1932 ἅγιος
1527 1897 1637 1932 Συμεών
1648 1905 1653 1911 ·
1665 1897 1700 1923 03
1711 1896 1806 1926 θέλεις-ί

1022 1946 1164 1972 ἁνέλπιστε
1177 1945 1230 1972 τῶν
1241 1944 1401 1980 ἀνθρώπων,
1417 1945 1503 1970 εἰπεῖν
1514 1944 1554 1969 ὅτι
1566 1942 1635 1969 κατὰ
1648 1941 1695 1968 τοῦ
1708 1940 1809 1976 ἀνθρώ-

1023 1999 1073 2017 που
1081 1991 1126 2016 τοῦ
1133 1990 1200 2016 Θεοῦ
1210 1989 1322 2025 ἀνέρχῃ.
1333 1989 1453 2016 “Α)«λὀὺκ
1459 1988 1538 2015 εὖοδὰ
1546 1997 1586 2015 σοι
1592 1988 1677 2018 ἔσται,
1684 1987 1743 2014 οὐδὲ
1749 1987 1809 2021 ὄψει

1023 2037 1062 2063 ἔτι
1075 2037 1122 2063 τὸν
1132 2035 1206 2063 οἶκόν
1221 2045 1278 2062 σου.
1300 2036 1362 2062 Ἐὰν
1376 2034 1422 2063 οὖν
1438 2035 1518 2071 πείθῃ
1531 2037 1562 2070 τῇ
1582 2034 1731 2069 συμϐουλία
1746 2042 1808 2068 μου,

1023 2083 1146 2109 ἐντεῦθεν
1159 2082 1208 2117 ἤδη
1223 2082 1357 2112 ἀναλύσας
1373 2082 1440 2117 πρὸς
1453 2081 1533 2108 αὐτὸν
1548 2081 1646 2115 ὁρμᾷς,
1661 2081 1707 2106 καὶ
1727 2087 1810 2113 μετα-

1023 2129 1091 2159 νοεῖς
1113 2127 1197 2162 αὐτῷ,
1218 2128 1276 2162 εἴγε
1295 2129 1324 2154 ἐν
1347 2130 1404 2158 τοϊς
1426 2127 1507 2159 ζῶσιν
1530 2126 1568 2152 ὢν
1588 2126 1743 2161 καταλάϐῃς
1764 2125 1811 2151 τὸν

1023 2173 1113 2198 τόπον.
1139 2172 1246 2203 Εὐθέως
1266 2170 1312 2198 οὗν
1331 2172 1444 2207 ληφθεὶς
1469 2171 1521 2198 ὑπὸ
1543 2171 1670 2206 πυρετοῦ,
1687 2171 1734 2196 καὶ
1758 2169 1811 2196 ὑπο

1020 2218 1077 2244 τῶν
1096 2217 1228 2244 συνόντων
1254 2219 1282 2244 ὲν
1297 2217 1425 2252 λεκτικίῳ
1447 2217 1564 2252 βληθεὶς,
1587 2216 1717 2250 ἠπείγετο
1740 2215 1812 2241 κατὰ

1024 2264 1068 2290 τὸν
1084 2263 1161 2297 λόγον
1176 2263 1223 2290 τοῦ
1239 2264 1316 2297 ἁγίου
1333 2263 1444 2297 Συμεὼν
1467 2262 1629 2289 καταλαϐεῖν
1646 2262 1695 2296 τὴν
1709 2260 1810 2296 χώραν,

1026 2311 1072 2336 καὶ
1100 2310 1263 2344 μετανοῆσαι
1290 2309 1329 2344 τῷ
1355 2309 1426 2344 αείὂᾷ
1448 2309 1579 2343 Γελασίῳ.
1611 2307 1690 2334 ’Λλλὰ
1707 2307 1812 2341 φθάσας

1025 2355 1074 2389 τὴν
1093 2355 1222 2390 Βήρυτον,
1245 2354 1412 2388 ἐτελεύτησε,
1429 2354 1466 2389 μὴ
1486 2353 1651 2387 θεασάμενος
1675 2352 1720 2378 τὸν
1739 2349 1809 2378 οἷκον

1026 2400 1120 2431 αὐτοῦ,
1143 2400 1212 2427 κατὰ
1236 2401 1286 2435 τὴν
1308 2400 1476 2435 προφητείαν
1492 2398 1539 2425 τοῦ
1564 2398 1653 2432 ἁγίου.
1681 2396 1773 2423 Ταῦτα.
1798 2399 1812 2423 ὸ

1027 2447 1083 2477 υἱὸς
1097 2446 1190 2477 αὐτοῦ,
1213 2446 1335 2477 Βακὰτος
1352 2446 1398 2472 καὶ
1413 2445 1493 2476 αὐτὸς
1511 2444 1666 2478 λεγόμενος,
1683 2443 1751 2478 μετὰ
1764 2443 1809 2474 τὴ.

1025 2493 1153 2527 τελευτὴν
1168 2492 1214 2519 τοῦ
1231 2492 1334 2526 πατρὸς
1351 2491 1442 2522 αὑτοῦ,
1458 2490 1564 2521 πολλοῖς
1584 2490 1630 2516 καὶ
1646 2488 1813 2521 ἀξιοπίστως

1027 2539 1138 2573 ἀνδράσι
1153 2539 1310 2573 διηγήσατο.

1061 2584 1094 2619 γ’.
1117 2584 1171 2610 Καὶ
1187 2583 1266 2610 τοῦτο
1285 2583 1313 2609 δὲ
1331 2583 1423 2609 πολλοὶ
1452 2582 1507 2608 τῶν
1527 2581 1654 2617 μαθητῶν
1673 2579 1755 2607 αὑτοῦ
1772 2579 1814 2605 δι-

1026 2631 1170 2666 ηγήσαντο·
1186 2631 1226 2656 ὅτι
1242 2629 1309 2656 ΙΙοτὲ
1324 2629 1436 2664 ὀψαρίου
1451 2627 1604 2663 ἐνεχθέντος
1620 2627 1721 2658 αὐτοῖς,
1737 2625 1815 2652 τοῦτο

1027 2676 1174 2712 τηγανίσας
1201 2677 1216 2702 ὁ
1246 2676 1392 2711 μάγειρος,
1417 2675 1558 2710 εἰσήνεγκε
1586 2674 1625 2710 τῷ
1651 2672 1812 2708 κελλαρίτῃ·

1028 2720 1122 2756 χρείας
1146 2720 1174 2746 δὲ
1200 2719 1362 2756 ἐπειγούσης
1384 2720 1430 2746 τὸν
1455 2719 1626 2755 κελλαρίτην,
1649 2718 1742 2753 ἐξῆλθε
1767 2715 1814 2743 τοῦ

1028 2766 1180 2801 κελλαρίου,
1197 2766 1279 2795 ἐάσας
1294 2766 1325 2792 τὸ
1347 2766 1459 2801 ὀψάριον
1483 2767 1511 2792 ἐν
1529 2766 1620 2792 σκεύει
1635 2764 1730 2799 χαμαὶ,
1745 2771 1816 2798 παρ-

1027 2811 1155 2846 αγγείλας
1175 2812 1330 2847 θρεπταρίῳ
1355 2812 1444 2848 μικρῷ
1462 2811 1509 2838 τοῦ
1533 2810 1667 2847 μακαρίου
1686 2809 1814 2838 Γελασίου
