1971 3068
147 139 195 166 169

734 135 1039 166 ΑΙὈΡΙΙΤΙΙΕΟΜΑΤΑ
1060 136 1213 164 PATRUM.

1727 122 1795 166 πο

145 197 343 234 πληροφορήσῃ
353 197 463 230 αὐτοὺς,
475 198 515 229 είς
529 199 606 224 ποῖον
620 197 742 232 ἔφθασαν
758 197 867 233 μέτρον.
882 196 938 223 Kal

997 195 1046 224 llis
1064 196 1143 224 ﬁdem
1162 196 1264 224 faceret
1278 195 1312 224 de
1325 203 1453 224 mensura
1470 197 1505 224 ad
1529 204 1612 231 quam
1635 199 1776 233 pervenis-

146 241 225 280 ἦλθεν
246 244 341 276 αὐτοῖς
361 244 437 279 φωνὴ
458 244 592 278 λέγουσα’
611 245 658 277 El;
673 245 751 280 τήνδε
771 245 820 281 τὴν
841 244 939 280 κώμην

146 290 193 325 τῆς
211 290 352 324 Αἰγύπτου
364 290 423 318 ἐστι
435 299 477 322 τις
489 291 623 326 κοσμικὸς
635 291 803 327 Εὐχάριστος
813 291 938 326 ὀνόματι,

146 337 192 364 καὶ
212 337 229 372 ἡ
255 338 326 372 γυνὴ
349 336 431 363 αὑτοῦ
454 337 578 364 καλεῖται
604 337 715 372 Μαρια·
742 336 819 364 οὔπω
843 336 939 372 ἡλθετς

146 383 226 418 ὑμεῖς
242 383 282 414 εἰς
296 383 331 409 τὰ
346 383 433 419 μέτρα
447 383 470 399 ⁸⁸
485 383 586 410 αὐτῶν.
605 383 659 410 Kal
673 383 840 415 ἀναστάντες
854 384 879 409 οἱ
893 383 941 411 δύο

146 429 274 464 γέροντες
284 450 293 462 ,
313 426 395 465 ἦλθον
413 430 453 461 εἰς
469 430 519 465 τὴν
543 429 656 465 κώμην·
671 430 717 456 καὶ
733 430 938 465 ἐρωτήσαντες,

147 470 226 509 εὗρον
239 474 271 501 τὸ
285 474 391 501 κελλίον
408 475 492 502 αὐτοῦ
506 476 554 502 καὶ
566 476 615 510 τὴν
633 476 751 509 γυναῖκα
771 475 854 503 αὑτοῦ
867 484 874 490 '
894 476 942 504 καὶ

147 520 271 554 λέγουσιν
289 520 358 556 αὐτῇ
369 529 376 536 ο
390 520 446 548 Ποῦ
470 521 529 548 ἐστι
549 522 563 548 ὁ
581 522 652 557 ἀνήρ
665 530 729 555 σονς
749 522 783 548 Ἡ
801 522 830 548 δὲ
848 520 940 549 εἶπεψ

147 565 252 601 Ποιμήν
263 566 331 596 ἐστι,
347 567 394 594 καὶ
410 566 503 602 βόσκει
521 566 555 594 τὰ
574 566 709 602 πρόϐατα.
726 568 780 594 Καὶ
795 568 942 603 εἰσήγαγεν

148 612 248 643 αὐτοὺς
263 613 304 644 εὶς
316 612 348 639 τὸ
362 612 467 640 κελλίον
482 613 565 640 αὑτοῦ
578 613 611 640 ⁸⁷.
634 613 678 645 Ὡς
694 613 722 639 δὲ
741 614 806 648 ὀψία
822 614 940 647 ἐγένετο,

148 654 229 692 ἦλθεν
249 659 264 684 ὀ
279 658 445 694 Εὐχάριστος
465 662 535 694 μετά
550 655 604 685 τῶν
627 659 788 694 προϐάτων·
813 660 860 686 καὶ¹
881 658 942 687 ίδὼν

148 705 214 736 τοὺς
241 704 388 740 γέροντας,
416 705 565 741 ἡτοίμασεν
592 706 684 737 αὐτοῖς
710 705 866 741 τράπεζαν,
896 706 943 733 καὶ

149 750 265 786 ἤνεγκεν
277 749 351 785 ὕδωρ
365 750 441 785 νίψαι
455 752 518 782 τοὺς
531 751 614 783 πόδας
629 751 729 778 αὐτῶν.
749 751 804 777 Kal
819 751 943 785 λέγουσιν

149 795 225 831 αὐτῷ
241 796 265 822 οξ
279 796 424 831 γέροντες’
443 796 481 822 Οὐ
502 796 539 832 μὴ
554 797 718 831 γευσώμεθά
735 805 818 828 τινος,
837 796 885 823 ἐὰν
905 797 943 832 μὴ

150 841 317 878 ἁναγγείλῃς
328 842 394 877 ἡμῖν
404 842 454 878 τὴν
470 842 602 878 ἐργασίαν
619 852 675 869 σου.
696 843 725 869 'U
735 843 763 869 δὲ
777 843 944 878 Εὐχάριστος

992 245 1064 268 sent.
1082 240 1153 267 Tum
1168 240 1312 268 descendit
1325 240 1359 268 ad
1373 248 1421 269 eos
1436 241 1573 276 ejusmodi
1589 249 1642 269 vox
1655 250 1662 270 :
1688 241 1738 270 illo
1753 244 1781 270 in

991 293 1062 322 pago
1075 286 1197 323 Egypti,
1216 287 1260 315 vir
1272 291 1316 315 est
1346 287 1489 316 saecularis
1516 289 1628 317 nomine
1644 288 1780 317 Euchari-

992 338 1063 366 stus,
1081 334 1162 369 cujus
1179 342 1249 361 uxor
1259 338 1374 362 vocatur
1395 334 1499 362 Maria:
1516 335 1635 362 nondum
1652 334 1781 370 attigistis

992 387 1043 407 vos
1060 387 1221 408 mensuram
1247 381 1359 409 virtutis
1377 389 1484 409 eorum.
1516 380 1666 416 Surgentes
1689 381 1783 416 itaque

994 426 1076 454 ambo
1091 434 1183 458 senes,
1211 431 1329 462 pergunt
1357 427 1390 454 ad
1409 434 1507 462 pagum
1522 448 1530 460 ,
1565 431 1592 454 et
1609 427 1781 462 percontati.

993 471 1157 500 invenerunt
1183 473 1303 500 hominis
1321 473 1417 500 cellam
1448 477 1531 509 atque
1560 473 1684 507 ejusdem
1709 481 1781 501 uxo-

993 525 1061 545 rem.
1085 517 1186 546 Dicunt
1204 519 1336 546 mulieri:
1357 518 1408 547 Ubi
1427 523 1470 546 est
1498 519 1541 546 vir
1560 520 1647 547 tuus?
1672 518 1718 546 illa
1739 527 1783 547 re—

994 564 1105 598 spondit
1118 574 1124 591 :
1143 564 1241 592 Pastor
1257 569 1311 597 est,
1325 566 1415 601 pascit
1431 573 1507 593 oves.
1523 566 1555 592 Et
1570 565 1722 593 introduxit
1736 573 1783 593 eos

993 609 1021 637 in
1040 610 1147 637 cellam.
1163 610 1197 637 Ut
1213 616 1303 638 autem
1330 611 1531 647 advesperavit.
1560 611 1644 640 rediit
1669 611 1781 639 Eucha-

994 655 1082 684 ristus
1099 663 1161 684 cum
1177 657 1295 689 ovibus;
1312 665 1345 685 ac
1367 658 1464 686 videns
1481 665 1570 689 senes.
1597 665 1718 685 mensam
1736 665 1782 693 ap-

994 702 1110 736 paravit,
1138 702 1285 737 altulitque
1305 710 1405 738 aquam
1424 703 1568 731 abluendis
1585 710 1680 730 eorum
1708 702 1784 738 pcdi-

994 746 1060 774 bus.
1092 747 1192 774 Dicunt
1216 748 1242 776 ei
1274 756 1375 776 senes:
1396 747 1456 776 Non
1474 748 1680 784 degustabimus
1702 747 1784 783 quid-

995 801 1090 829 quam,
1106 795 1159 822 nisi
1180 795 1260 822 nobis
1281 795 1465 823 declaraveris
1492 795 1623 830 quidnam
1650 795 1687 823 sit
1711 793 1784 830 quod

996 841 1134 875 operaris.
1166 841 1347 869 Eucharistus
1365 849 1430 869 vero
1457 849 1519 868 cum
1544 841 1696 869 humilitate
1722 842 1784 870 ait:

153 887 222 922 μετὰ
234 887 487 924 ταπεινοφροσύνης
500 886 576 916 εἶπεν
587 898 594 905 ι
613 888 684 924 Ἐγὼ
695 890 798 924 ποιμήν
813 890 882 925 εἰμι,
897 890 944 916 καὶ

997 887 1052 921 Ego
1067 891 1161 922 pastor
1174 894 1246 918 sum.
1263 891 1290 914 et
1306 887 1363 914 haec
1379 892 1421 915 est
1445 895 1516 915 uxor
1543 895 1614 915 mea.
1641 887 1676 914 At
1701 895 1783 916 senes

150 933 221 968 αὕτη
240 934 314 960 ἐστὶν
331 934 348 968 ἡ
370 934 437 970 γυνή
457 943 519 969 μου.
546 933 580 962 Οἱ
597 934 626 961 δὲ
649 935 776 970 γέροντες
797 935 944 970 ἐπέμειναν

151 978 374 1014 παρακαλοῦντες
390 979 484 1012 αὑτὸν,
501 980 549 1007 καὶ
567 980 618 1007 οὐκ
636 980 752 1016 ἠθέλησε
770 982 867 1008 εἰπεῖν.
889 982 944 1008 Καὶ

150 1023 227 1052 εἷπον
248 1025 323 1061 αὐτῷ
333 1034 341 1041 ·
366 1026 394 1053 '0
410 1026 477 1058 Θεὸς
488 1026 610 1063 ἐπεμψεν
624 1028 697 1063 ἡμᾶς
715 1027 783 1063 πρὸς
796 1027 835 1054 σέ.
857 1028 899 1059 Ὡς
915 1028 945 1055 δὲ

151 1071 251 1107 ἢκουσε
263 1071 310 1098 τὸν
324 1071 403 1105 λόγον
414 1071 520 1104 τοῦτον,
536 1073 669 1108 ἐφοϐήθη,
687 1073 734 1100 καὶ
747 1070 824 1100 εἶπεν
840 1074 943 1106 αὐτοῖς·

157 1117 223 1144 Ἰδοὺ
246 1117 281 1144 τὰ
304 1117 429 1153 πρόϐατα
454 1118 541 1145 ταῦτα
562 1118 661 1154 ἔχομεν
684 1119 738 1145 ἀπὸ
763 1118 818 1145 τῶν
843 1119 945 1153 γονέων

151 1163 245 1198 ἡμῶν*
262 1163 309 1190 καὶ
322 1163 349 1189 ετ
358 1172 384 1189 τι
402 1163 424 1190 δ’
437 1162 470 1190 ἂν
481 1163 602 1201 εὺοδὼσῃ
613 1166 627 1192 ὁ
637 1164 740 1200 Κύριος
750 1165 900 1193 εῑσοδιάσαι
915 1166 946 1198 ἐξ

151 1208 251 1240 αὐτῶν,
269 1207 401 1244 ποιοῦμεν
412 1209 452 1240 εις
467 1209 529 1245 τρία
551 1210 622 1246 μέρη
636 1218 643 1225 '
661 1210 742 1247 μέρος
756 1211 785 1237 ἓν
801 1213 857 1243 τοῖς
870 1219 944 1238 πτω-

152 1255 218 1290 χοῖς.
238 1255 286 1282 καὶ
300 1253 384 1290 μέρος
398 1254 426 1280 ἒν
439 1255 479 1287 εὶς
493 1255 543 1290 τὴν
561 1255 723 1289 φιλοξενίαν,
744 1256 792 1283 καὶ
810 1256 842 1283 τὸ
855 1257 945 1293 τρίτον

152 1308 236 1336 μερος
255 1301 295 1332 εἰς
312 1300 362 1336 τὴν
378 1300 471 1337 χρείαν
493 1301 582 1336 ἡμῶν.
607 1302 666 1336 Ἀφ’
682 1300 712 1329 οὗ
731 1302 759 1329 δὲ
781 1302 877 1330 ἔλαϐον
896 1303 946 1339 τὴν

153 1346 271 1379 γυναῖκά
300 1354 368 1380 μου,
389 1347 439 1372 οὐκ
460 1346 593 1382 ἐμιάνθην
615 1346 677 1374 οὔτε
701 1347 756 1382 ἐγὼ
777 1347 840 1374 οὗτε
860 1348 944 1384 αὑτὴ,

153 1390 220 1417 ἀλλὰ
236 1391 371 1426 παρθένος
386 1391 460 1418 ἑστί-
478 1391 526 1418 καὶ
540 1391 655 1424 ἕκαστος
676 1392 754 1428 ἡμῶν
772 1393 833 1420 καθ’
851 1393 946 1421 ἑαυτὸν

153 1437 295 1464 καθεύδει·
314 1437 364 1473 τὴν
377 1437 405 1464 δὲ
424 1437 510 1464 νύκτα
529 1438 666 1474 φοροῦμεν
682 1439 811 1471 σάκκους,
833 1439 881 1466 καὶ
897 1440 946 1475 τὴν

153 1483 262 1520 ἡμέραν
272 1482 307 1510 τὰ
321 1484 418 1519 ἱμάτια
438 1484 525 1520 ἡμῶν.
546 1485 618 1517 Ἕως
637 1484 700 1521 ἄρτι
738 1485 888 1521 ἀνθρώπων
906 1486 948 1513 οὺ-

153 1529 208 1562 δεὶς
225 1529 312 1557 ταῦτα
323 1530 453 1564 ἔγνωκεν.
468 1530 522 1558 Καὶ
536 1531 702 1564 ἀκούσαντες
712 1531 881 1568 ἐθαύμασαν,
898 1532 946 1560 καὶ

153 1574 331 1611 ἀνεχώρησαν
345 1575 502 1608 δοξάζοντες
514 1575 559 1602 τὸν
572 1576 648 1604 Θεόν.

277 1631 347 1666 Περὶ
361 1633 510 1668 Εὑλογίου
525 1633 578 1660 τοῦ
595 1633 810 1668 πρεσϐυτέρου.

190 1686 322 1722 Εὺλόγιός
347 1695 391 1720 τις
415 1687 540 1723 μαθητὴς
563 1687 709 1723 γενόμενος
734 1688 781 1715 τοῦ
811 1688 947 1724 μακαρίου

161 1733 285 1760 Ἰωάννου
311 1733 359 1760 τοῦ
387 1733 538 1761 ἐπισκόπου
554 1734 587 1765 ⁸⁸,
604 1734 788 1771 πρεσϐύτερος
802 1735 849 1761 καὶ
860 1735 948 1770 ἀσκη-

154 1779 204 1815 τὴς
233 1780 329 1815 μέγας,
357 1779 495 1815 νηστεύων
519 1780 566 1807 δύο
587 1780 652 1814 δύο,
684 1781 817 1813 πολλάκις
846 1781 875 1807 δὲ
900 1781 948 1808 καὶ

154 1825 205 1860 τὴν
229 1825 365 1860 ἑϐδομάδα
399 1826 501 1859 ἕλκων,
538 1826 621 1862 ἄρτον
661 1827 742 1862 μόνον
775 1826 873 1854 ἐσθίων
900 1826 949 1854 καὶ

154 1871 234 1903 ἅλας,
255 1872 398 1906 ἐδοξάζετο
423 1872 476 1898 ὑπὸ
499 1872 554 1898 τῶν
576 1872 739 1908 ἀνθρώπων.
758 1873 899 1909 Παρέϐαλε
919 1872 948 1899 δὲ

154 1916 194 1952 τῷ
218 1917 290 1953 ὰϐϐᾷ
316 1917 415 1953 Ἰωσὴφ
441 1919 481 1950 είς
508 1918 559 1954 τὴν
582 1918 718 1953 Πανεφὼ,
743 1919 901 1955 προσδοκῶν
921 1928 948 1946 τι

155 1964 237 1991 πλέον
252 1964 464 2000 σκληραγωγίαν
478 1965 542 1991 ἰδεῖν
554 1966 620 2001 παρ’
633 1964 717 2000 αὐτῷ.
736 1966 790 1992 Καὶ
802 1965 948 2001 δεξάμενος

155 2009 238 2036 αὑτὸν
253 2011 267 2038 ἑ
280 2010 370 2045 γέρων
383 2010 453 2046 μετὰ
462 2011 560 2048 χαρρς,
575 2010 602 2037 ετ
617 2019 643 2037 τι
662 2010 684 2037 δ’
698 2010 732 2037 ἂν
747 2009 820 2046 εἶχεν
836 2011 948 2047 ἐποίησε

155 2056 334 2091 παράκλησιν
353 2056 491 2090 γενέσθαι.
510 2056 704 2091 Κᾶκλέγουσιν
719 2058 744 2084 οἱ
760 2057 880 2093 μαθηταὶ
895 2059 948 2085 Εὑ-

155 2102 265 2136 λογεον·
290 2103 348 2129 Οὐκ
373 2103 459 2130 ἐσθίει
484 2097 671 2140 πρεσϐύτερος
695 2103 765 2139 πλὴν
785 2105 868 2139 ἄρτου
900 2105 949 2132 καὶ

155 2148 265 2180 ἃλατος.
293 2149 322 2176 '0
338 2149 367 2176 δὲ
383 2149 472 2182 ἀϐϐᾶς
489 2150 590 2186 Ἰωσὴφ
616 2151 727 2178 σιωπῶν
754 2151 868 2188 ἐτρωγε.
893 2153 949 2179 Καὶ

155 2196 322 2231 ποιήσαντες
340 2195 449 2231 ἡμέρας
467 2197 553 2232 τρεῖς,
573 2197 624 2223 οὑκ
639 2197 760 2232 ἥκουσαν
776 2197 865 2225 αὐτῶν
879 2198 948 2234 ψαλ-

995 937 1208 967 perscverarunt
1242 937 1360 960 orantes
1394 933 1490 967 illum;
1515 941 1567 961 nec
1594 934 1679 961 voluit
1693 933 1782 961 eﬂ‘ari.

995 977 1073 1005 Tunc
1088 979 1126 1006 illi
1144 979 1177 1006 ad
1191 987 1254 1007 eum
1269 988 1275 1006 :
1292 979 1364 1007 Deus
1387 979 1420 1007 ad
1437 984 1463 1007 te
1482 980 1556 1008 misit
1572 988 1632 1008 nos.
1651 979 1712 1013 Quo
1734 987 1784 1007 au-

995 1025 1053 1052 dito
1067 1033 1194 1054 sermone
1207 1027 1333 1058 territus,
1359 1027 1443 1061 coepit
1469 1025 1580 1054 dicere:
1615 1026 1696 1060 Ecce,
1719 1034 1784 1054 oves

995 1071 1064 1099 istas
1078 1072 1235 1107 accepimus
1249 1080 1264 1099 a
1283 1073 1443 1108 parentibus
1470 1073 1573 1101 uostris
1587 1081 1595 1105 ;
1609 1078 1636 1100 et
1665 1073 1728 1101 inde
1744 1073 1778 1105 si,

995 1117 1052 1145 Deo
1071 1123 1261 1153 prosperante,
1284 1120 1440 1154 provenerit
1462 1119 1577 1154 aliquid,
1607 1123 1664 1147 tres
1690 1123 1785 1154 partes

996 1163 1134 1192 facimus:
1157 1172 1240 1192 unam
1257 1165 1434 1201 pauperibus.
1457 1165 1569 1193 alteram
1585 1165 1620 1193 ad
1645 1165 1786 1200 hospitali-

996 1213 1089 1243 tatem,
1123 1211 1231 1238 tertiam
1260 1211 1288 1238 in
1317 1219 1385 1240 usus
1417 1216 1537 1240 nostros.
1558 1211 1596 1238 Ex
1622 1219 1677 1247 quo
1694 1215 1784 1239 autem

997 1262 1110 1282 uxorem
1124 1256 1229 1291 accepi.
1247 1264 1299 1283 nec
1315 1256 1438 1292 pollutus
1453 1265 1513 1284 sum
1528 1264 1588 1292 ego.
1602 1264 1653 1284 nec
1668 1256 1725 1288 illa,
1738 1256 1785 1284 sed

996 1301 1076 1336 virgo
1088 1305 1152 1334 est;
1169 1306 1196 1329 et
1210 1309 1334 1329 seorsum
1348 1302 1500 1330 dormimus
1514 1312 1520 1330 :
1543 1306 1626 1330 noctu
1644 1306 1786 1337 gestamus

996 1346 1099 1379 cilicia,
1117 1347 1149 1374 de
1164 1347 1209 1375 die
1223 1348 1389 1376 vestimenta
1403 1352 1509 1376 nostra.
1532 1347 1682 1383 Hucusque
1711 1355 1786 1375 mor—

998 1392 1094 1420 talium
1121 1401 1202 1421 nemo
1223 1393 1277 1421 ista
1308 1395 1447 1430 cognovit.
1469 1394 1550 1428 Quod
1576 1399 1722 1430 postquam
1741 1401 1789 1420 au-

997 1438 1117 1466 diissent
1136 1447 1225 1472 senes,
1244 1440 1370 1468 admirati
1387 1447 1452 1468 sunt
1478 1448 1511 1469 ac
1534 1443 1710 1469 recesserunt
1730 1440 1787 1475 glo-

998 1485 1067 1513 riam
1082 1486 1183 1515 dantes
1197 1486 1264 1515 Deo.

1222 1627 1261 1656 De
1277 1627 1388 1663 Eulogio
1402 1631 1562 1664 presbytero.

1035 1684 1145 1720 (26-27)
1162 1684 1293 1720 Eulogius
1301 1686 1409 1720 quidam
1422 1686 1610 1714 celebrabatur
1620 1686 1655 1714 ab
1671 1686 1789 1714 homini-

999 1732 1136 1764 bus,beati
1143 1730 1257 1760 Joannis
1264 1732 1381 1768 episcopi
1389 1732 1697 1769 discipulus.presbyter
1706 1738 1734 1761 et
1741 1741 1789 1762 as-

998 1783 1060 1807 ceta
1087 1787 1214 1814 magnus,
1230 1778 1275 1815 qui
1292 1778 1437 1814 jejunabat
1455 1787 1503 1815 per
1517 1780 1610 1811 bidua.
1623 1784 1650 1808 et
1670 1787 1740 1816 saepe
1755 1780 1789 1807 ad

1000 1825 1197 1852 hebdomadam
1215 1832 1303 1859 usque
1316 1825 1443 1852 trahebat
1460 1826 1606 1860 jejunium,
1619 1834 1686 1854 usus
1704 1827 1731 1854 in
1747 1827 1788 1854 ci-

999 1871 1063 1899 bum
1078 1879 1148 1907 pane
1159 1871 1220 1899 solo
1231 1879 1293 1899 cum
1307 1872 1375 1900 sale.
1387 1871 1413 1900 ls
1432 1873 1507 1900 venit
1518 1873 1550 1899 ad
1568 1873 1694 1901 abbatem
1709 1873 1789 1901 Jose-

999 1918 1083 1953 phum
1110 1918 1139 1946 in
1165 1917 1315 1953 Panepho,
1335 1926 1450 1953 sperans
1465 1923 1651 1954 spectaturum
1668 1927 1698 1948 se
1717 1919 1789 1955 apud

999 1964 1075 1992 illum
1109 1965 1298 1992 austeritatem
1325 1965 1468 1999 majorem.
1498 1964 1532 1992 Et
1557 1965 1712 2000 suscipiens
1726 1973 1788 1994 eum

1000 2018 1062 2038 cum
1077 2011 1178 2046 gaudio
1198 2018 1299 2043 senex,
1321 2011 1454 2046 quidquid
1479 2011 1586 2043 habuit,
1600 2011 1635 2039 ad
1659 2011 1789 2040 solatium

999 2057 1060 2092 eius
1077 2057 1219 2092 impendit.
1237 2056 1335 2084 Dicunt
1348 2056 1454 2092 Eulogii
1465 2057 1593 2092 discipuli
1607 2066 1614 2084 :
1630 2056 1689 2085 Non
1701 2065 1790 2086 come-

998 2103 1039 2131 dit
1053 2104 1197 2140 presbyter
1213 2104 1266 2131 nisi
1285 2111 1382 2139 panem
1397 2107 1424 2131 et
1438 2103 1490 2131 sal.
1510 2103 1602 2131 Abbas
1625 2108 1716 2132 autem
1743 2103 1790 2132 Jo-

999 2150 1066 2185 seph
1082 2150 1267 2178 manducabat
1282 2149 1394 2177 tacitus.
1413 2149 1538 2185 Cumque
1550 2150 1720 2178 mansissent
1729 2150 1789 2178 dies

998 2199 1067 2227 tres.
1088 2204 1143 2224 non
1164 2196 1313 2224 audierunt
1322 2203 1371 2224 eos
1381 2196 1528 2232 psallentes
1542 2200 1590 2223 aut
1601 2200 1729 2230 orantes;
1741 2204 1789 2224 oe-

156 2241 257 2268 λόντων
273 2242 289 2278 ἢ
305 2242 478 2278 εὐχομένων·
493 2242 602 2278 κρυπτὴ
615 2242 672 2278 γὰρ
683 2241 718 2279 ἦν
732 2244 749 2279 ὴ
766 2243 881 2280 ἐργασία
899 2245 945 2271 αὺ-

1000 2241 1073 2269 culta
1090 2242 1163 2269 enim
1181 2245 1240 2270 erat
1259 2242 1384 2276 operatio
1397 2241 1517 2269 illorum.
1534 2241 1788 2278 Discesseruntigi-

155 2286 221 2314 τῶν.
234 2286 289 2313 Καὶ
302 2286 415 2322 ἐξῆλθον
435 2286 472 2322 μὴ
491 2286 688 2322 ὠφεληθέντες.
707 2287 776 2314 Κατ’
790 2288 947 2324 οἰκονομίαν

155 2332 184 2359 δὲ
194 2331 300 2366 γίνεται
314 2332 424 2367 γνόφος,
439 2333 487 2359 καὶ
499 2332 681 2368 πλανηθέντες
691 2333 864 2369 ὑπέστρεψαν
879 2335 963 2372 πρὺςκ

155 2379 203 2406 τδν
215 2380 341 2415 γέροντα.
359 2380 413 2407 Kal
430 2380 495 2416 πρὶν
513 2380 611 2412 αὐτοὺς
624 2379 749 2417 κροῦσαι.
766 2380 885 2417 ἤκουσαν
896 2382 947 2408 αὗ-

154 2425 209 2452 τῶν
224 2425 398 2460 ψαλλόντων·
417 2427 466 2453 καὶ
492 2427 634 2462 μείναντες
658 2427 705 2453 ἐπὶ
731 2426 810 2459 πολὺ,
835 2426 949 2464 ὕστερον

154 2471 300 2507 ἔκρουσαν.
319 2473 351 2499 υἱ
372 2473 401 2499 δὲ
423 2474 615 2508 σιωπήσαντες
633 2473 688 2500 ἀπὸ
705 2472 876 2509 ψαλμῳδιας,
893 2475 950 2501 ἑδέ-

154 2517 236 2551 ξαντο
251 2518 351 2550 αὐτοὺς
365 2519 517 2554 χαίροντες.
529 2519 584 2545 Kal
592 2518 636 2546 διὰ
647 2519 694 2546 τὸν
702 2519 842 2553 καύσωνα,
854 2521 949 2549 ἔϐαλον

153 2564 181 2590 οἱ
206 2564 328 2600 μαθηταὶ
353 2564 484 2599 Εὐλογίου
508 2566 549 2597 εἰς
570 2565 601 2592 τὸ
625 2564 771 2600 βαυκάλιον
791 2566 880 2602 ὕδωρ,
901 2569 948 2595 καὶ

154 2609 260 2636 εδωκαν
278 2609 371 2645 αὐτῷ·
384 2607 418 2646 ἧν
436 2610 464 2637 δὲ
486 2610 657 2646 μεμιγμένον
676 2609 727 2646 τῆς
746 2610 885 2648 θαλάσσης
902 2613 949 2639 καὶ

152 2654 202 2682 τοῦ
222 2656 364 2690 ποταμοῦ’
381 2656 429 2682 καὶ
444 2656 496 2682 οὐκ
508 2655 629 2691 ἠδυνήθη
642 2658 724 2684 πιεῖν.
745 2657 799 2684 Kal
816 2659 845 2685 ὲν
860 2658 949 2694 ἐαυτῷ

154 2701 312 2736 γενόμενος,
331 2701 487 2737 προσέπεσε
502 2701 542 2737 τῷ
560 2701 669 2738 γέροντι
686 2702 783 2738 μαθεῖν
800 2703 886 2732 θέλων
898 2705 949 2741 τὴν

999 2291 1063 2321 tur,
1087 2288 1192 2315 nullum
1219 2287 1310 2323 adepti
1335 2288 1433 2315 animm
1452 2288 1676 2316 emolumentum.
1703 2287 1788 2316 Porro

1001 2334 1206 2370 dispensatione
1227 2333 1275 2362 Dei
1300 2338 1362 2362 orta
1380 2337 1423 2362 est
1442 2334 1550 2370 caligo;
1572 2342 1605 2362 ac
1620 2335 1725 2370 evagati
1742 2342 1787 2362 re-

1001 2381 1074 2410 versi
1085 2385 1151 2409 sunt
1165 2380 1199 2408 ad
1212 2387 1317 2408 senem.
1329 2379 1466 2416 Priusque
1479 2388 1561 2416 quam
1578 2381 1729 2415 pulsarent,
1742 2388 1790 2407 au-

1002 2428 1112 2455 dierunt
1126 2435 1174 2455 eos
1193 2427 1322 2462 psallere;
1345 2431 1462 2462 postque
1487 2427 1647 2454 diuturnum
1668 2430 1788 2461 tempus.

1001 2474 1182 2509 pulsaverunt
1200 2473 1310 2500 iterum.
1342 2472 1377 2499 At
1395 2472 1434 2499 illi
1460 2471 1570 2499 silentio
1589 2476 1651 2507 post
1670 2471 1790 2507 psalmo-

1000 2519 1073 2546 diam
1095 2518 1177 2549 facto,
1194 2518 1248 2545 laeti
1263 2521 1447 2553 susceperunt
1457 2524 1516 2545 eos.
1536 2517 1605 2544 Tum
1622 2515 1728 2552 Eulogii
1748 2516 1790 2543 di-

1000 2565 1097 2601 scipuli
1111 2570 1221 2601 propter
1228 2568 1324 2592 aestum
1336 2564 1509 2592 immiserunt
1519 2571 1617 2599 aquam
1629 2563 1657 2590 in
1666 2562 1788 2594 baucale,

1002 2619 1034 2639 ac
1050 2611 1186 2639 dederunt
1197 2611 1221 2639 ei
1235 2619 1243 2644 ;
1259 2616 1318 2639 erat
1334 2615 1425 2638 autem
1442 2618 1512 2646 aqua
1527 2611 1659 2646 permista
1672 2609 1707 2637 de
1721 2609 1790 2636 mari

1002 2662 1029 2686 et
1040 2657 1174 2685 ﬂumine:
1195 2664 1245 2685 nec
1265 2657 1354 2693 potuit
1374 2656 1478 2684 bibere.
1498 2656 1576 2684 Tunc
1595 2655 1724 2692 Eulogius
1745 2661 1790 2683 se-

1002 2712 1064 2732 cum
1082 2709 1224 2737 renutans,
1242 2702 1360 2738 procidit
1383 2702 1453 2736 seni,
1474 2707 1505 2731 ut
1531 2702 1651 2731 disceret
1667 2703 1790 2738 ipsorum

191 2782 215 2797 "
229 2781 273 2808 Al.
291 2780 322 2808 τδ
339 2779 450 2816 μέτρον.
489 2781 511 2798 ⁸⁷
528 2781 572 2809 Al.
587 2781 682 2817 αὐτῆς.
721 2783 743 2799 ⁸⁸
758 2783 801 2810 Al.
818 2783 1041 2820 ἀρχιεπισκόπου.

189 2861 305 2898 (ΞΒ-Ἦ)
324 2861 376 2889 Vit.
392 2860 470 2888 Patr.
489 2868 551 2893 νιιι,
570 2862 597 2889 4.

321 2907 459 2938 Pyrum.
474 2907 533 2937 Gs.
553 2907 650 2941 LXV,
