1971 3068
180 115 232 171 ’ΠΙ
747 141 920 169 ΔΡΡΕΝΒΙΧ
939 143 958 168 A

1038 140 1214 168 lLLADlUM.
1764 140 1816 168 ΠΒ

186 202 296 230 vivendi
308 201 453 234 rationem,
483 201 607 236 dixitque
625 211 631 228 :
646 201 733 232 Abba,
754 201 819 236 quid
842 205 884 229 est
907 201 960 228 boc

1036 201 1168 236 ἰιαγωγὴν
1183 199 1276 231 αὐτοῦ,
1294 198 1398 234 λέγων·
1421 198 1516 231 Ἀὸὃᾶ,
1541 199 1568 225 τί
1584 199 1642 225 ἐστι
1657 197 1751 232 τοῦτο;
1773 199 1814 227 ὅτι

186 251 270 276 Antea
281 256 334 276 non
351 248 518 284 psallebatis,
537 248 584 276 sed
598 247 680 275 mo'do
701 251 844 283 postquam
870 255 962 282 egress

1036 247 1054 273 :b
1071 247 1181 282 πρῶτον
1196 246 1246 272 οὐκ
1263 245 1404 280 manus,
1418 245 1486 272 ἀλλὰ
1501 245 1549 271 νῦν
1569 245 1638 281 μετᾶ
1651 245 1682 271 τὸ
1699 245 1814 279 ἐξελθεῖν

187 295 290 323 fuimus
303 304 309 322 ε
323 298 350 321 et
366 295 471 322 baucali
485 302 560 322 nunc
573 298 693 329 sumpto,
709 300 807 328 aquam
822 292 911 319 inveni
924 293 963 320 sal

1037 293 1099 328 ιμᾶς
1109 301 1116 307 ·
1129 293 1176 319 καὶ
1187 291 1218 318 τδ
1234 291 1380 327 βαυκᾶλιον
1391 291 1420 319 δὲ
1435 292 1482 319 νῦν
1494 290 1596 324 λαϐὼν,
1607 288 1686 326 εὖρον
1699 291 1729 318 τδ
1743 290 1815 328 ὕδωρ

187 350 256 369 sam.
274 341 425 377 Respondit
452 348 535 368 senex
554 340 672 368 :Frater
692 340 808 368 stolidus
823 346 874 372 est,
893 345 965 376 alqut

1037 338 1158 373 ιλμυρὸν.
1184 337 1265 371 Λέγει
1284 336 1359 372 αὑτῷ
1379 338 1393 364 6
1413 336 1517 371 γέρων·
1548 337 1577 363 '0
1597 337 1712 371 ἁδελφὸς
1736 336 1815 368 σαλός

187 396 219 414 ex
234 395 327 414 errore
341 387 500 421 permiscuit
514 394 612 421 aquam
631 386 776 414 marinam.
789 385 919 420 Eulogius
932 394 965 413 ve

1041 391 1094 415 στι,
1109 382 1155 409 καὶ
1169 382 1240 409 κατὰ
1255 382 1359 417 πλάνην
1376 382 1470 417 ἔμιξεν
1486 382 1552 408 αὐτὸ
1569 382 1723 410 θαλάσσιον.
1745 382 1774 409 Ὀ
1787 382 1814 409 δὲ

187 441 218 461 ro
242 433 355 469 rogabat
370 440 473 465 senem,
493 433 606 468 cupiens
630 433 670 460 rei
692 433 833 460 veritatem
856 432 962 459 discere

1036 429 1153 463 Εὺλόγιος
1169 429 1319 464 παρεκάλει
1337 429 1384 456 τὸν
1403 428 1529 464 γέροντα,
1546 429 1630 456 θέλων
1653 430 1750 464 μαθεῖν
1765 430 1814 465 τὴν

188 480 257 507 Dicit
279 480 304 507 ei
330 487 436 507 senex:
457 479 504 506 ille
519 487 620 514 parvus
642 479 698 506 vini
723 479 804 511 calix,
831 478 966 508 charitatit

1035 475 1162 510 ιλήθειαν.
1183 475 1238 501 Kal
1257 474 1334 509 λέγει
1351 475 1427 510 αὐτῷ
1439 477 1454 502 6
1469 475 1576 512 γέρων·
1594 476 1699 502 Ἐκεῖνο
1720 475 1752 501 τὸ
1767 484 1813 510 μι-

187 525 256 556 fuit;
271 525 330 552 haec
345 532 410 552 vero
423 531 504 559 aqua,
528 528 610 559 potus
624 528 666 551 est
681 523 794 551 fratrum
816 529 962 559 perpetuus

1035 522 1091 557 ιρδν
1105 522 1234 558 ποτήριον
1254 521 1301 548 τοῦ
1316 521 1399 554 οῐνου,
1422 521 1473 556 τῆς
1491 522 1603 558 ἀγάπης
1616 520 1666 558 ἦν·
1683 522 1763 549 τοῦτο
1785 523 1813 550 δὲ

189 573 276 606 Atque
294 571 387 599 docuit
401 579 463 598 eum
482 571 673 598 discretionem
691 571 902 606 cogitationum;
926 570 967 598 ab-

1035 568 1054 594 τὸ
1066 567 1148 604 ὕδωρ,
1158 568 1173 594 ὃ
1187 567 1310 594 πίνουσιν
1321 568 1347 594 οι
1363 567 1474 602 ἀδελφοὶ
1488 567 1644 600 διαπαντός,
1662 568 1713 595 Kal
1727 568 1813 595 ἐδίδα-

189 616 324 652 sciditque
349 617 384 644 ab
404 615 463 651 ipso
487 616 605 643 humana
623 616 725 642 omnia.
745 615 813 643 Tum
838 615 925 643 evasit
945 615 967 642 in

1035 614 1070 646 ξεν
1087 614 1169 640 αὑτὸν
1184 614 1234 649 τὴν
1254 613 1392 648 διάκρισιν
1414 613 1469 640 τῶν
1482 613 1631 649 λογισμῶν,
1652 614 1699 641 καὶ
1717 614 1813 649 ἔκοψεν

188 665 338 692 mconomia
354 671 402 692 seu
419 663 627 698 dispensatione
649 663 754 697 peritus
771 672 777 690 :
794 670 826 690 ac
846 662 966 697 deinceps

1035 660 1072 685 m’
1085 659 1167 687 αὑτοῦ
1181 660 1271 687 πάντα
1283 660 1316 686 τὰ
1331 659 1500 695 ἀνθρώπινα.
1519 660 1576 686 Καὶ
1588 660 1699 694 γέγονεν
1710 661 1813 686 οἰκονο-

187 708 346 736 comedebat
361 708 493 744 quidquid
509 707 560 742 ipsi
577 707 774 742 apponebatur.
792 707 890 735 Didicit
901 707 965 743 pari-

1036 707 1106 737 ιικός
1117 706 1139 722 ⁶¹
1156 706 1212 742 (29)
1224 714 1231 722 ·
1249 706 1295 732 καὶ
1313 706 1405 733 λοιπὸν
1420 706 1497 741 ἤσθιε
1515 706 1603 732 πάντα
1617 706 1651 733 τὰ
1668 706 1814 741 παρατιθέ-

187 759 238 786 tcr,
256 754 312 790 ipse
330 762 438 789 quoque
452 753 559 789 operari
584 752 612 780 in
632 754 750 781 occulto.
767 753 887 781 Tandem
915 761 961 782 sen

1035 761 1106 785 ιενα,
1119 752 1166 779 καὶ
1174 751 1259 788 ἔμαθε
1273 752 1320 779 καὶ
1330 752 1412 784 αὐτὸς
1423 753 1452 778 ὲν
1463 751 1503 787 τῷ
1513 752 1628 787 κρυπτῷ
1639 752 1813 788 ἐργάζεσθαι,

187 800 343 833 affirmavit,
360 809 452 829 veram
473 809 535 829 esse
559 808 592 828 ac
606 800 718 828 minime
736 800 860 828 fallacem
876 807 965 828 eorum

1036 798 1074 825 tal
1090 796 1150 824 εἷπε
1164 797 1203 832 τῷ
1219 797 1342 834 γέροντι·
1362 798 1464 830 Ὄντως
1479 798 1508 824 ὲν
1522 797 1636 833 ἀληθείᾳ
1649 798 1752 834 ἐστὶνὴ
1770 799 1814 834 ὲρ-

187 847 383 883 operationem.

987 880 1007 883 _
1024 844 1107 879 γασία
1120 844 1208 880 ὑμῶν.

431 903 470 930 De
483 903 577 930 abbate
591 902 731 938 Euprepio.
987 880 1011 911 Β
1204 917 1209 927 λ

987 880 1011 911 Β
1204 900 1277 935 Περὶ
1295 900 1348 928 τοῦ
1361 899 1437 928 ἁόϐᾶ
1454 899 1635 934 Εὐπρεπίου.

223 949 249 976 1.
264 948 337 976 Dixit
350 949 434 978 abbas
447 950 600 986 Euprepius
617 960 624 978 :
642 951 741 978 Certus
758 951 830 986 apud
849 956 875 980 te
887 951 972 980 Deum

1059 950 1093 973 α’.
1117 945 1200 974 Εἶπεν
1215 948 1230 973 ὁ
1247 947 1334 979 asas;
1358 947 1530 983 Εὑπρέπιος·
1550 946 1649 982 Ἔχων,
1670 946 1762 982 φησὶν,
1784 945 1812 972 ἐν

187 993 294 1022 ﬁdelem
315 1002 376 1022 esse
391 1003 423 1022 ac
436 999 587 1031 potentem,
604 996 632 1023 in
650 997 725 1023 illum
743 997 833 1029 crede,
848 1001 875 1024 et
886 997 965 1032 parti-

1033 993 1123 1028 ;αυτῷ,
1148 991 1218 1020 εῖναι
1240 993 1334 1020 πιστὸν
1348 993 1394 1020 τὸν
1408 993 1474 1020 Θεὸν
1491 993 1538 1020 καὶ
1558 993 1680 1025 δυνατὸν,
1702 993 1811 1020 πίστευε

186 1047 250 1075 ceps
263 1040 312 1069 ﬁes
325 1049 420 1068 eorum
434 1050 494 1076 quae
506 1042 580 1070 illius
597 1046 671 1069 sunt.
688 1042 767 1075 Quod
781 1043 803 1070 si
820 1043 914 1071 animo
925 1044 963 1071 de-

1034 1039 1065 1071 :l;
1080 1038 1172 1071 αὑτὸν,
1188 1039 1236 1066 καὶ
1256 1038 1379 1074 μεθέξεις
1393 1039 1447 1066 τῶν
1460 1038 1554 1066 αὐτοῦ.
1573 1039 1605 1066 Et
1615 1039 1644 1065 δὲ
1659 1039 1812 1075 ὀλιγωρεῖς,

185 1085 288 1120 jiceris,
304 1094 476 1122 nequaquam
495 1087 597 1116 credis.
614 1088 679 1115 item
699 1098 705 1114 :
719 1087 819 1116 Omnes
836 1089 963 1116 credimut

1035 1085 1054 1111 ιύ
1079 1085 1231 1117 πιστεύεις.
1255 1085 1311 1113 Καὶ
1333 1085 1375 1112 ὃτι
1394 1085 1494 1117 πάντες
1517 1084 1681 1120 πιστεύομεν
1703 1085 1813 1111 δυνατὴν

186 1139 248 1157 eum
265 1136 402 1166 potentem
418 1140 491 1163 esse,
508 1136 535 1160 et
549 1137 647 1159 cuncta
665 1132 714 1167 ipsi
736 1141 798 1160 esse
816 1133 964 1168 possibilia

1035 1130 1107 1157 ιύτὸν
1123 1129 1205 1162 εἷναι,
1231 1130 1277 1157 καὶ
1293 1129 1458 1166 πιστεύομεν
1481 1131 1523 1157 ὅτι
1545 1131 1635 1158 πάντα
1655 1130 1730 1165 αὖτῷ
1755 1132 1813 1158 ἐστι

187 1175 285 1204 Verum
299 1177 354 1204 tuis
365 1185 474 1212 quoque
491 1178 517 1205 in
534 1178 617 1206 rebus
625 1179 706 1207 crcde
734 1179 784 1211 illi,
804 1179 867 1213 quia
889 1179 965 1206 etiam

1035 1177 1137 1205 ῑυνατά.
1158 1176 1240 1203 Ἀλλὰ
1251 1177 1298 1204 καὶ
1312 1177 1342 1203 ἐν
1353 1178 1410 1208 τοῖς
1422 1178 1479 1208 σοῖς
1491 1177 1603 1204 πίστευε
1617 1178 1646 1204 ἑν
1659 1177 1734 1212 αὐτῷ
1743 1177 1813 1214 πρά-

187 1222 214 1248 in
237 1225 264 1249 te
278 1222 334 1249 edit
350 1223 438 1256 signa.

1023 1230 1134 1258 γμασιν,
1151 1223 1190 1249 ὅτι
1206 1223 1253 1249 καὶ
1266 1223 1295 1248 ὲν
1312 1223 1353 1249 σοὶ
1368 1224 1440 1249 ποιεῖ
1454 1223 1563 1259 σημεῖα.

219 1268 247 1296 2.
264 1268 321 1304 (28)
341 1268 412 1296 Idem
429 1277 491 1296 cum
510 1269 686 1306 diriperetur,
703 1278 756 1298 una
770 1278 832 1298 cum
852 1270 972 1306 direpto-

1059 1268 1091 1303 β’.
1116 1268 1144 1295 '0
1159 1268 1239 1300 αὐτὸς
1253 1268 1418 1304 συλούμενος
1448 1269 1602 1305 συνεπῆρεν
1619 1269 1722 1302 αὐτοῖς.
1734 1269 1811 1296 Μετὰ

186 1312 262 1340 ribus
293 1313 396 1348 deiecta
427 1314 543 1341 levabat.
568 1314 636 1342 Cum
663 1319 752 1343 autem
783 1319 964 1350 asportassenl

1034 1315 1051 1341 ἑὲ
1065 1314 1096 1340 τὸ
1111 1314 1299 1347 ἀποδαστάξαι
1315 1315 1414 1346 αὐτοὺς
1425 1315 1459 1342 τὰ
1467 1315 1540 1343 ἔνδον
1551 1316 1676 1351 κείμενα,
1691 1316 1812 1342 καταλειρ

185 1367 246 1394 qua:
260 1360 334 1388 intus
355 1364 434 1388 erant
461 1361 568 1396 posita,
591 1365 620 1389 et
644 1362 820 1397 reliquissent
844 1362 963 1389 baculun

1033 1360 1134 1394 μάντων
1149 1360 1240 1387 αὐτῶν
1254 1361 1304 1395 τὴν
1329 1361 1427 1396 ῥάϐδον
1441 1361 1550 1394 ἑαυτοῦ,
1565 1362 1602 1393 ὡς
1615 1362 1716 1398 ταύτην
1733 1361 1811 1389 ἐθεά-

185 1413 275 1437 suum,
292 1409 322 1433 ut
335 1405 410 1433 illum
428 1407 572 1442 conspexit
598 1408 683 1435 abbas
698 1407 862 1444 Euprepius,
887 1409 963 1436 mole-

1033 1413 1090 1432 ιατο
1104 1406 1118 1432 6
1130 1405 1217 1437 ἀσὸἃς
1234 1406 1402 1442 Εὐπρέπιος,
1419 1406 1555 1441 ἠχθέσθη·
1579 1406 1628 1433 καὶ
1646 1406 1736 1433 λαϐὼν
1763 1408 1811 1434 ὲπ-

184 1450 236 1477 stia
251 1450 363 1478 an‘ectus
377 1455 432 1484 est;
445 1455 472 1479 et
485 1453 634 1487 accipiens.
644 1454 766 1480 cucurrit
779 1459 839 1489 post
847 1461 895 1481 eos
907 1454 962 1481 red-

1032 1451 1127 1487 Ξτρεχε,
1144 1451 1304 1487 βουλόμενος
1324 1451 1481 1479 ἀποδοῦναι.
1495 1452 1555 1478 Τῶν
1573 1452 1601 1479 δὲ
1623 1452 1660 1488 μὴ
1681 1452 1810 1479 θελόντων

184 1496 265 1523 dendi
281 1497 382 1524 animo.
400 1497 455 1524 Illis
469 1505 532 1525 vero
545 1499 706 1526 nolentibus
724 1507 842 1532 sumere,
855 1507 887 1527 ac
899 1500 962 1527 veri-

1032 1497 1157 1531 ἰέξασθαι,
1173 1498 1243 1525 ἀλλὰ
1255 1498 1382 1526 δεδιότων
1395 1499 1432 1534 μὴ
1447 1498 1502 1534 ἄρα
1520 1507 1547 1525 τι
1562 1499 1685 1533 γέγονεν,
1700 1506 1810 1534 περιτυ-

184 1542 219 1569 tis
231 1550 264 1569 ne
274 1542 340 1577 quid
353 1542 509 1575 accidisset,
527 1544 661 1578 quosdam
678 1544 831 1577 offendens,
840 1545 930 1572 oravit
940 1551 962 1573 ul

1031 1543 1077 1578 (ὠν
1087 1552 1153 1577 τισι,
1165 1544 1241 1579 ἠξίου
1255 1545 1419 1581 ἀποδοθῆναι
1427 1545 1460 1572 δι’
1474 1545 1565 1572 αὐτῶν
1580 1544 1687 1580 ῥάϐδον,
1700 1545 1749 1580 τὴν
1761 1545 1809 1572 αύ-

182 1588 246 1623 quia
258 1588 327 1616 idem
342 1589 393 1616 iter
407 1589 582 1624 peragebant.
598 1591 724 1618 baculum
742 1591 898 1619 redderent.

539 1595 582 1621 int.
598 1591 724 1618 baculum
742 1591 898 1619 redderent.
990 1588 1004 1590 5
1020 1590 1071 1626 τὴν
1087 1591 1235 1618 ὁδευόντων
1246 1591 1317 1618 ὁδόν.

218 1634 244 1660 5.
261 1633 367 1662 Dictum
382 1638 425 1662 est
437 1635 544 1663 abbatis
560 1635 687 1671 Euprepii
704 1636 892 1672 :Corporalia,
910 1644 969 1664 ma-

1052 1642 1088 1673 γ’.
1118 1637 1202 1666 Εἶπεν
1221 1640 1235 1665 ὁ
1251 1639 1339 1671 ὰὸὁᾶς
1360 1639 1527 1675 Εὐπρέπιος,
1543 1640 1584 1666 ὅτι
1608 1640 1642 1666 τὰ
1666 1638 1810 1675 σωματικὰ

182 1681 249 1707 teria
271 1685 345 1708 sunt.
366 1680 419 1714 Qui
435 1680 524 1717 diligit
546 1681 688 1716 mundum,
708 1682 873 1711 offendicula
885 1687 957 1711 amat

1031 1685 1069 1719 ὸλη
1091 1684 1170 1712 εῑσίν.
1194 1684 1223 1711 ’0
1238 1685 1353 1719 ἀγαπῶν
1375 1686 1422 1712 τὸν
1441 1685 1543 1721 κόσμον
1558 1686 1653 1721 ἀγαπᾷ
1669 1685 1809 1721 προσκόμ-

183 1726 211 1754 Si
227 1735 292 1762 ergo
317 1728 462 1763 contigerit
484 1733 515 1756 ut
529 1729 688 1757 amittamus
702 1729 817 1765 aliquid,
833 1737 891 1757 rem
906 1738 961 1758 eun

1032 1737 1105 1756 ιατα,
1133 1728 1222 1765 Εἴπερ
1239 1727 1286 1757 οὖν
1304 1730 1396 1766 συμὸῇ
1412 1730 1439 1756 τί
1463 1739 1529 1757 ποτε
1552 1731 1712 1762 ἀπολέσθαι,
1731 1729 1810 1757 τοῦτο

182 1773 281 1809 gaudio
294 1779 322 1801 et
338 1774 426 1802 laudis
447 1775 625 1804 confessione
652 1776 776 1811 accipere
799 1779 923 1812 oportet,
939 1782 960 1803 ul

1031 1774 1091 1800 ιετὰ
1111 1776 1200 1811 χαρᾶς
1223 1775 1270 1801 καὶ
1295 1774 1518 1812 ὲξομολογήσεως
1544 1777 1669 1812 δέχεσθαι
1695 1777 1745 1807 δεῖ,
1771 1776 1809 1807 ὼς

182 1820 228 1854 qui
244 1820 319 1848 curis
335 1820 442 1849 liberati
453 1821 596 1849 fuerimus.

1020 1821 1170 1855 φροντίδων
1182 1820 1399 1855 ἀπαλλαγέντας.

216 1866 243 1893 4.
262 1866 357 1894 Frater
371 1867 495 1895 abbatem
508 1867 673 1902 Euprepium
695 1868 874 1903 interrogavit
885 1867 919 1896 de
931 1868 969 1896 vi-

1053 1867 1084 1894 δ’.
1115 1867 1242 1901 Ἀδελφὸς
1264 1867 1392 1903 ἠρώτησε
1409 1867 1455 1895 τὸν
1470 1869 1558 1896 ἀῆϐἄν
1572 1869 1729 1906 Εὺπρέπιον
1744 1872 1808 1907 περὶ

183 1915 220 1939 la.
244 1912 277 1939 Et
299 1913 440 1948 respondit
463 1921 545 1941 senex
570 1913 697 1941 :Fenum
721 1914 848 1947 comede,
875 1914 961 1942 fenum

1030 1913 1102 1948 ζωῆς.
1128 1914 1183 1941 Kal
1204 1912 1281 1940 εἶπεν
1305 1915 1320 1941 6
1345 1915 1452 1950 γέρων
1471 1915 1574 1951 Χόρτον
1602 1917 1683 1951 φάγε,
1714 1917 1808 1952 χόρτον

183 1962 269 1992 gesta.
285 1958 313 1985 in
337 1958 400 1986 feno
426 1959 524 1986 dormi.
543 1959 600 1987 Hoc
615 1963 668 1991 est,
693 1964 838 1988 contemne
857 1965 961 1988 cuncta.

1030 1960 1144 1994 ;όρεσον,
1159 1961 1199 1992 είς
1215 1961 1312 1996 χόρτον
1327 1961 1435 1996 κοιμοῦ,
1452 1962 1589 1995 τουτέστι,
1606 1964 1714 1990 πάντων
1723 1973 1808 1992 κατα-

182 2011 231 2030 cor
248 2007 338 2031 autem
353 2003 447 2031 obtine
463 2003 591 2031 ferreum.

1018 2005 1123 2040 φρόνει,
1138 2005 1188 2040 τὴν
1204 2005 1233 2032 δὲ
1251 2006 1365 2041 καρδίαν
1377 2006 1495 2042 κέκτησο
1509 2008 1629 2043 σιδηρᾶν.

216 2048 244 2076 5.
262 2047 358 2075 Frater
380 2049 559 2084 interrogavit
575 2050 700 2078 eumdem
718 2058 825 2083 senem,
843 2051 937 2078 dicens
958 2061 964 2078 :

1057 2053 1088 2077 ε’.
1118 2051 1244 2086 Ἀὂελφὸς
1266 2051 1392 2088 ἠρώτησε
1405 2052 1450 2079 τὸν
1464 2054 1545 2080 αὑτὸν
1564 2054 1688 2089 γέροντα.
1705 2055 1805 2090 λέγων·

180 2092 242 2126 Quo
260 2098 342 2127 pacto
357 2093 469 2121 advenit
484 2094 565 2121 timor
578 2094 624 2122 Dei
637 2095 663 2122 in
680 2096 860 2123 animam?Et
871 2097 909 2123 ait
924 2104 958 2124 se

1029 2095 1082 2127 Ῐῶς
1098 2095 1207 2131 ἔρχεται
1223 2097 1238 2123 ὁ
1252 2097 1334 2131 φόϐος
1357 2097 1404 2124 τοῦ
1424 2098 1492 2124 Θεοῦ
1514 2100 1554 2130 είς
1568 2100 1618 2134 τὴν
1631 2099 1736 2135 ψυχήν;
1755 2101 1807 2127 Καὶ

182 2146 233 2166 nex
249 2148 256 2166 :
275 2137 304 2166 Si
328 2139 409 2166 bomo
425 2139 552 2167 habuerit
576 2141 768 2174 humilitatem,
786 2143 853 2169 nihil
871 2150 960 2178 posse-

1026 2139 1094 2168 ιῖπεν
1108 2143 1122 2168 6
1137 2142 1242 2178 γέρων·
1262 2143 1325 2169 Ἐὰν
1345 2143 1394 2180 ἔχῃ
1409 2144 1553 2180 ἄνθρωπος
1567 2146 1616 2180 τὴν
1631 2146 1804 2177 ταπείνωσιν,

181 2185 262 2217 derit,
276 2192 327 2213 nec
343 2185 516 2220 iudicaverit.
529 2186 618 2214 veniet
636 2186 662 2214 in
677 2195 738 2214 eum
753 2188 835 2215 timor
853 2187 910 2216 Dei.

1027 2189 1064 2215 tal
1083 2189 1132 2223 τὴν
1150 2189 1355 2225 ἀκτημοσύνην,
1379 2191 1475 2218 καὶτὸ
1501 2191 1538 2227 μὴ
1562 2192 1676 2227 κρίνειν.
1697 2193 1805 2228 ἔρχεται

981 2233 1004 2261 D
1019 2234 1093 2269 αὐτῷ
1108 2235 1122 2261 6
1137 2234 1218 2268 φόϐος
1231 2235 1277 2261 τοῦ
1293 2235 1371 2263 Θεοῦ.

216 2272 243 2300 6.
257 2273 329 2301 Idem
345 2272 414 2300 dixit
432 2283 438 2300 :
452 2273 545 2301 Timor
559 2281 621 2301 cum
637 2274 790 2302 bumilitate
804 2280 830 2302 et
841 2275 964 2303 ciborum

1053 2285 1090 2312 ς’.
1114 2281 1143 2307 ὐ
1166 2281 1248 2313 αὐτὸς
1262 2279 1321 2308 εἶπε
1331 2291 1337 2296 ·
1353 2282 1435 2314 Φόϐος
1450 2291 1498 2310 και
1512 2283 1685 2317 ταπείνωσις,
1699 2285 1745 2311 καὶ
1768 2285 1806 2311 ἔν-

180 2320 339 2355 indigentia,
358 2319 498 2354 luctuque.
519 2324 671 2355 perseveret
686 2325 784 2348 tecum.

1016 2326 1074 2353 δεια
1086 2327 1205 2361 τροφῶν,
1220 2328 1267 2353 καὶ
1283 2327 1379 2360 πένθος
1391 2329 1541 2364 διαμενέων
1555 2338 1604 2356 σοι.

216 2363 242 2391 7.
263 2364 294 2392 in
319 2364 455 2399 principio
476 2373 527 2392 suo
549 2365 634 2393 abbas
660 2365 811 2401 Euprepius
835 2368 908 2395 venit
931 2369 965 2396 ad

1046 2372 1079 2403 ξι.
1108 2372 1265 2407 Παρέὸαλεν
1285 2374 1314 2399 ὲν
1329 2374 1399 2409 ἀρχῇ
1423 2363 1506 2401 αὑτοῦ
1521 2376 1536 2401 6
1550 2375 1636 2407 ἀὸὁᾶς
1649 2376 1805 2413 Εὺπρέπιός

178 2409 323 2444 quemdam
335 2417 427 2438 senem
442 2418 450 2442 ;
465 2410 508 2437 cui
524 2410 611 2438 dixit:
629 2411 716 2443 Abba,
726 2413 817 2447 profer
829 2414 894 2441 mihi
907 2422 956 2442 ser.

1027 2426 1069 2444 τινι
1083 2417 1199 2453 γέροντι,
1216 2419 1263 2445 καὶ
1277 2419 1352 2453 λέγει
1369 2420 1453 2455 αὐτῷ’
1478 2421 1572 2453 Ἀσεᾶ,
1587 2422 1648 2449 εἶπέ
1662 2409 1717 2458 μοι.
1727 2409 1805 2459 λόγον

178 2462 301 2488 monem,
326 2455 465 2490 quomodo
482 2457 575 2484 salvus
590 2456 663 2485 fiam.
689 2457 859 2493 Respondit:
879 2459 907 2486 Si
923 2460 956 2487 vis

1024 2463 1076 2495 πῶς
1092 2463 1182 2491 σωθῶ.
1206 2465 1234 2491 ’0
1251 2465 1279 2491 δὲ
1290 2463 1367 2492 εἶπεν
1384 2467 1474 2502 αὐτῷ·
1495 2468 1559 2495 Ἐὰν
1579 2455 1802 2506 θέλῃς-σωθῆναι,

178 2501 293 2528 salutem
320 2502 464 2537 consequi,
484 2509 546 2529 cum
566 2503 667 2531 invises
684 2504 812 2539 aliquem,
832 2513 866 2533 ne
885 2511 956 2533 ante-

1025 2511 1080 2536 ὃταν
1102 2511 1265 2547 παραϐάλῃς
1287 2513 1350 2542 τινὶ,
1380 2513 1417 2548 μὴ
1442 2500 1580 2551 προλάϐῃς
1604 2500 1718 2552 λαλῆσαι
1739 2500 1803 2554 πρὶν

177 2551 268 2574 vertas
281 2547 356 2582 loqui
374 2552 437 2575 ante
449 2556 530 2583 quam
541 2549 696 2584 inquisierit
709 2557 724 2576 a
742 2555 777 2578 te.
795 2551 840 2578 Ille
852 2559 916 2579 vero
929 2560 955 2579 ac

1025 2555 1138 2588 LEsta'o't-zt
1159 2566 1200 2584 σε.
1223 2558 1252 2584 '0
1264 2558 1293 2584 δὲ
1313 2559 1359 2585 ἐπὶ
1442 2547 1513 2595 λόγῳ
1527 2547 1690 2597 κατανυγείς
1725 2547 1803 2591 male

178 2590 204 2618 id
220 2592 294 2619 verbi
310 2597 504 2627 compunctus,
527 2594 668 2621 inclinavit
690 2603 720 2622 se
734 2597 840 2623 veniam
857 2603 956 2632 petens,

1023 2603 1172 2633 ιετάνοιαν,
1198 2603 1303 2637 λέγων’
1325 2590 1431 2638 Ὄντως
1454 2590 1538 2633 πολλὰ
1558 2590 1647 2642 stati;
1673 2590 1801 2643 ἀνέγνων,

177 2636 299 2671 dixitque
316 2647 322 2664 :
338 2637 418 2665 Certe
427 2639 527 2666 multos
545 2639 595 2675 legi
608 2640 702 2673 libros,
720 2641 854 2675 ejusmodi
869 2647 955 2670 tamen

1025 2649 1062 2675 ιαὶ
1090 2649 1218 2684 τοιαύτην
1242 2651 1366 2678 παιδείαν
1386 2652 1492 2681 οὐδέπω
1514 2653 1611 2689 ἔγνων.
1638 2656 1693 2682 Kal
1718 2657 1803 2684 πολλὰ

177 2682 377 2711 institutionem
395 2685 516 2712 nondum
527 2686 652 2720 cognovi.
668 2686 756 2722 Atque
769 2687 883 2716 utilitate
896 2696 955 2724 per-

527 2686 652 2720 cognovi.
668 2686 756 2722 Atque
769 2687 883 2716 utilitate
896 2696 960 2724 per—
1014 2694 1164 2730 ὼφεληοεὶς
1180 2682 1305 2731 ἐξῆλθεν,

175 2733 253 2764 cepta
268 2737 395 2765 egressus
410 2734 463 2758 est.

210 2785 233 2802 ⁸¹
247 2786 287 2813 Al.
302 2787 546 2821 συγκαταϐατικός.

195 2831 313 2884 ἣξειςψῇ
329 2832 407 2884 13:11.
428 2833 521 2884 Ecolr‘n.
540 2833 640 2863 Parad.
656 2844 695 2870 cp.
720 2837 768 2870 88;
795 2837 892 2866 Railcri
913 2839 955 2866 γι.
1014 2839 1469 2884 "iiﬁiilotxorquxdc.Pelagius,
1480 2848 1676 2880 communigac
1687 2848 1709 2875 si
1726 2855 1801 2884 rex»

176 2867 244 2900 rid.;
270 2867 322 2894 Vit.
340 2869 412 2896 Patr.
430 2877 466 2901 \‘l,
481 2870 506 2897 9.
669 2867 673 2870 ’
763 2867 767 2870 ’

669 2867 673 2870 ’
763 2867 767 2870 ’
1013 2867 1427 2912 ιὶεὶθιεχει-διιιῶ-Ἴκοῖνῶνῌιῖόξ..
