1971 3068
116 157 164 188 £75

298 216 367 250 Περὶ
386 216 439 243 τοῦ
462 215 537 243 ἀϐϐᾶ
563 215 714 244 Ἑλαδίου.

148 277 183 301 α’.
196 273 310 308 Ἔλεγον
318 273 382 308 περὶ
392 273 438 299 τοῦ
449 272 521 300 ὰϐϐᾶ
537 272 657 300 Ἐλαδῐου
666 273 711 306 ⁸⁸⁸,
723 274 764 301 ὅτι
774 274 902 309 ἐποίησεν

117 320 198 346 εἰκοσι
225 319 272 355 ἐτη
297 320 338 350 εἱς
358 318 394 345 τὰ
419 318 533 350 Κελλία,
549 320 596 346 καὶ
610 320 661 346 οὐκ
684 317 736 356 ἦρὲ
757 328 822 347 ποτε
839 320 903 351 τοὺς

116 367 268 402 ὀφθαλμοὺς
285 366 351 398 ἄνω,
367 366 429 392 ἰδεῖν
444 366 494 402 τὴν
510 366 609 401 στέγην
625 366 676 400 τῆς
690 366 847 402 ἐκκλησίας.

152 414 183 449 β’.
208 413 321 447 Ἔλεγον
346 413 409 448 περὶ
429 413 476 440 τοῦ
501 412 582 440 αὐτοῦ
611 412 684 439 ἀϐϐᾶ
712 413 844 445 Ἐλαδίου,
863 414 904 441 ὅτι

118 460 197 496 ἄρτον
218 459 266 486 καὶ
291 459 359 490 ἃλας
382 459 486 494 ἤσθιεν.
509 459 574 485 Ὅτε
598 456 643 486 οὖν
662 457 727 494 ἦλθε
742 459 773 486 τὸ
797 459 904 494 Πάσχα,

119 506 220 540 ἔλεγεν,
234 506 276 532 ὄτι
293 505 325 532 Oi
340 505 450 540 ἀδελφοὶ
457 504 540 540 ἄρτον
554 505 601 531 καὶ
614 505 680 536 ἃλας
689 505 837 532 ἐσθίουσιν·
851 504 906 539 ἐγὼ

121 553 148 579 δὲ
170 551 285 586 ὤφειλον
307 551 404 586 μικρὸν
427 550 513 578 κόπον
537 551 650 585 ποιῆσαι
672 550 716 577 διὰ
739 551 770 577 τὸ
799 551 905 586 Πάσχα.

125 597 231 633 Ἐπειδὴ
244 597 294 628 τὰς
307 596 389 628 ἄλλας
403 597 510 632 ἡμέρας
523 596 680 632 καθήμενος
692 596 775 624 ἐσθίω
785 605 792 611 ·
806 597 853 623 νῦν
866 598 907 624 ὃτι

121 644 212 679 Πάσχα
230 643 299 674 ἐστὶ,
316 643 424 678 ποιήσω
434 643 480 669 τὸν
497 642 592 675 κόπον,
608 641 752 677 ἱστάμενος
764 642 870 669 ἐσθίων.

305 733 375 767 Περὶ
393 732 447 759 τοῦ
462 729 538 760 ἁϐϐᾶ
556 733 715 767 Εὑαγρίου.

153 794 188 818 α’.
211 787 296 818 Εἶπεν
309 791 323 816 ό
335 790 422 822 ἀϐϐἄς
436 790 572 826 Εὺὰγριος
583 798 590 805 ·
610 789 799 825 Καθεζόμενος
823 791 852 817 ἐν
871 791 910 826 τῷ

121 836 227 872 κελλεῳ,
237 836 375 871 συνάγαγέ
386 845 433 863 σου
444 836 489 863 τὸν
496 836 626 871 λογισμόν
636 844 642 851 ·
654 836 788 872 μνήσθητι
805 837 858 872 ήμέ
863 846 911 873 ρας

122 883 252 910 θανάτου*
270 882 309 909 ῐδε
323 882 382 908 τότε
398 881 444 908 τοῦ
458 881 584 917 σώματος
597 882 647 918 τὴν
661 882 795 917 νέκρωσιν
805 891 811 896 ·
827 884 911 910 ἐννόει

122 928 169 964 τὴν
192 928 348 964 συμφοράν
367 927 433 954 λαϐέ
448 927 495 954 τὸν
520 927 618 954 πόνον·
635 928 791 961 κατάγνωθι
810 929 861 964 τῆς
881 930 910 955 ὲν
926 922 947 949 Β

121 975 158 1010 τῷ
178 975 274 1010 κόσμῳ
299 974 496 1010 ματαιότητος·
522 974 599 1005 ὅπως
622 973 740 1009 δυνηθῇς
766 974 912 1007 διαπαντὸς

125 1021 215 1056 μένειν
228 1022 257 1048 ὲν
272 1022 305 1056 τῇ
321 1020 450 1056 προθέσει
463 1021 513 1056 τῆς
532 1020 661 1056 ἡσυχίας,
677 1021 724 1047 καὶ
744 1021 780 1056 μὴ
797 1021 912 1056 ἀσθενή-

124 1075 181 1103 σῃς.
209 1067 354 1102 Μνήσθητι
370 1066 399 1093 δὲ
415 1066 462 1093 καὶ
477 1066 529 1102 τῆς
544 1067 573 1093 ὲν
587 1067 627 1100 τῷ
640 1067 690 1103 ᾅδῃ
708 1066 755 1093 νῦν
775 1068 913 1094 καταστά-

123 1123 207 1147 σεως·
223 1114 331 1149 λογίζου
348 1114 378 1140 τὸ
398 1114 458 1146 πῶς
479 1115 549 1141 εἰσιν
568 1115 626 1140 ἐκεῖ
642 1115 670 1140 αἱ
689 1113 784 1148 ψυχαὶ,
800 1114 829 1140 ἐν
850 1113 914 1148 ποίᾳ.

122 1161 261 1197 δεινοτάτῃ
275 1161 379 1196 σιωπῇ,
397 1160 427 1186 ὲν
442 1159 512 1195 ποίῳ
526 1159 685 1195 πικροτάτῳ
699 1158 855 1194 στεναγμῷ,
868 1158 915 1185 καὶ

123 1206 228 1242 πηλίκῳ
247 1206 323 1242 φόϐῳ
338 1206 386 1233 καὶ
404 1206 491 1241 ἀγῶνι
508 1207 555 1233 καὶ
569 1206 734 1241 προσδοκίᾳ·
759 1205 808 1241 τὴν
825 1205 914 1232 ἄπαυ-

124 1260 185 1279 στον
204 1251 313 1288 ὀδύνην,
341 1251 371 1278 τὸ
391 1251 505 1287 ψυχικὸν
533 1252 580 1277 καὶ
607 1251 760 1287 ἀπέραντον
786 1249 912 1285 δάκρυον.

131 1297 210 1325 Ἀλλὰ
222 1298 270 1325 καὶ
282 1298 388 1334 ἡμέρας
403 1297 580 1329 ἀναστάσεως
596 1297 742 1333 μνήσθητι,
759 1297 806 1323 καὶ
826 1305 915 1332 παρα-

126 1344 245 1376 στάσεως
259 1345 309 1379 τῆς
328 1344 396 1378 πρὸς
413 1345 458 1371 τὸν
483 1343 550 1370 Θεόν
561 1352 568 1360 ο
584 1343 721 1378 φαντάζου
732 1343 763 1370 τὸ
780 1343 916 1379 φρικῶδες

125 1391 172 1418 καὶ
191 1391 307 1426 φοϐερὸν
326 1392 416 1417 ἐκεῖνο
432 1391 529 1426 κρῖμα.
550 1391 617 1424 Ἀγε
637 1391 676 1421 εἰς
693 1389 774 1425 μέσον
793 1389 828 1416 τὰ
846 1389 916 1415 ἀπο-

125 1437 240 1473 κείμενα
253 1438 309 1469 τοῖς
327 1437 542 1472 ἁμαρτάνουσιν,
559 1436 691 1472 αἰσχύνην
710 1436 759 1471 τὴν
787 1436 846 1462 κατ’
876 1436 918 1461 ὲν-

130 1484 218 1512 ὠπιον
227 1484 275 1512 τοῦ
287 1485 355 1511 Θεοῦ
369 1485 417 1511 καὶ
428 1485 552 1520 ἀγγέλων
562 1486 609 1512 καὶ
616 1484 792 1521 ὰρχαγγέλων
798 1485 844 1511 καὶ
851 1485 918 1511 πάν-

125 1538 179 1558 των
202 1530 366 1566 ἀνθρώπων,
389 1531 513 1557 τουτέστι
534 1530 712 1566 κολαστήρια,
729 1530 785 1565 πῦρ
798 1528 917 1562 αἰώνιον,

127 1576 258 1611 σκώληκα
281 1577 326 1603 τὸν
344 1576 507 1612 ἀκοίμητον,
525 1576 571 1603 τὸν
590 1577 736 1612 τάρταρον,
757 1575 787 1602 τὸ
812 1575 917 1607 σκότος,

125 1624 172 1650 τὸν
182 1624 238 1650 τῶν
251 1623 364 1650 ὀδόντων
379 1623 514 1659 βρυγμὺν,
525 1623 589 1654 τοὺς
600 1623 700 1658 φόϐους
712 1622 760 1649 καὶ
773 1622 822 1654 τὰς
835 1622 920 1658 βασά-

126 1679 198 1702 νους.
212 1671 280 1705 Ἄγε
293 1670 326 1706 δὴ
337 1670 428 1698 καὶτὰ
437 1671 495 1701 τοῖς
505 1670 620 1701 δικαίοις
635 1669 806 1704 ἀποκείμενα
818 1668 919 1703 ἀγαθὰ,

127 1717 285 1753 παρρησίαν
295 1717 345 1752 τὴν
361 1716 431 1752 μετὰ
443 1716 512 1743 Θεοῦ
523 1715 631 1751 Πατρδς
640 1715 687 1742 καὶ
696 1715 815 1751 Χριστοῦ
825 1714 919 1747 αὑτοῦ,

126 1763 252 1798 ἀγγέλων
273 1763 320 1790 καὶ
344 1762 537 1799 ἀρχαγγέλων,
563 1762 610 1789 καὶ
636 1761 738 1794 παντὸς
757 1762 843 1798 δήμου
866 1761 921 1787 τῶν

127 1809 226 1844 ἁγίων,
245 1809 385 1845 βασιλείαν
400 1809 536 1845 οὐρανῶν,
548 1808 596 1836 καὶ
612 1808 646 1835 τὰ
657 1808 758 1843 ταύτης
772 1808 922 1843 δωρήματα

126 1856 177 1891 τὴν
195 1856 285 1892 χαρὰν
310 1856 358 1882 καὶ
382 1856 431 1890 τὴν
448 1855 552 1891 ταύτης
571 1854 733 1881 ἀπόλαυσιν.
764 1854 919 1890 Ἐκατέρων

125 1901 230 1928 τούτων
242 1901 292 1937 τὴν
307 1903 416 1938 μνήμην
431 1901 481 1936 ἆγε
499 1901 621 1937 σεαυτῷο
633 1901 680 1928 καὶ
692 1900 740 1927 ἐπὶ
756 1900 805 1935 μὲν
817 1901 850 1935 τῇ
866 1899 920 1926 τῶν

126 1947 299 1983 ἁμαρτωλῶν
315 1947 405 1982 κρίσει
420 1946 567 1982 δάκρυσον,
586 1946 733 1980 πένθησον,
752 1945 920 1980 φοϐούμενος

129 1994 169 2030 μὴ
188 1994 235 2021 καὶ
251 1995 283 2021 σὺ
298 1994 379 2026 αὐτὸς
392 1995 421 2020 ὲν
434 1993 538 2025 τούτοις
553 1993 633 2028 γένῃ·
648 1992 694 2019 ἐπὶ
701 1992 730 2019 δὲ
743 1993 798 2024 τοῖς
809 1993 921 2019 ἀποκει-

130 2038 224 2072 μένοις
237 2039 294 2070 τοῐς
312 2038 439 2070 δικαίοις,
454 2039 532 2074 χαῖρε
547 2038 594 2064 καὶ
611 2037 770 2073 εὐφραίνου.
787 2037 843 2063 Καὶ
857 2036 920 2062 τού-

128 2092 183 2110 των
200 2083 250 2119 μὲν
268 2083 419 2110 σπούδασον
434 2084 463 2110 ὲν
479 2082 630 2110 ἀπολαύσει
644 2081 784 2116 γενέσθαι,
807 2082 856 2108 καὶ
873 2081 921 2107 d1—

128 2129 304 2166 λοτριοῠσθαι
323 2130 447 2156 ἐκείνων.
476 2129 548 2165 Ὅρα
574 2129 612 2165 μὴ
632 2129 749 2165 ὲπιλάθῃ
765 2129 842 2160 ποτὲ,
869 2127 920 2155 κᾶν

699 156 1005 185 APOPHTHEGMATA
1025 156 1182 185 PATRUM.

1698 160 1746 187 ΓΗ

1216 216 1255 243 De
1265 217 1358 244 abbate
1376 217 1483 245 Eladio.

990 274 1016 301 t.
1038 273 1093 309 (50)
1109 273 1225 301 Aiebam
1241 273 1275 300 de
1296 274 1393 302 abbate
1408 273 1513 307 Eladio,
1536 275 1671 303 mansisse
1686 284 1748 303 eum

955 327 1041 347 annos
1052 320 1147 356 viginti
1161 320 1189 347 in
1203 319 1295 351 Collis,
1318 328 1368 348 nec
1387 321 1533 349 sustulisse
1550 329 1669 357 unquam
1686 329 1749 349 ocu-

955 366 996 393 los
1010 367 1036 393 in
1050 367 1146 399 altum,
1161 371 1190 393 ut
1207 367 1332 394 ecclesia:
1343 371 1444 394 tectum
1455 368 1699 404 contemplaretur.

991 412 1018 439 ‘2.
1034 412 1071 440 De
1085 413 1180 440 eodem
1192 412 1289 440 abbate
1306 412 1399 440 Eladio
1414 414 1577 446 retulerunt,
1594 414 1665 449 quod
1680 421 1749 449 pane

957 462 984 485 et
1007 458 1064 485 sale
1084 463 1250 486 vesceretur.
1264 460 1330 486 Cum
1353 466 1419 494 ergo
1443 460 1562 487 venisset
1577 459 1693 491 Pascha,
1708 459 1750 487 di-

947 505 1037 531 ucebat
1055 514 1062 531 :
1083 504 1192 533 Fratres
1213 513 1309 540 panem
1330 510 1357 532 ct
1378 506 1417 532 sal
1434 506 1599 533 comedunt:
1616 514 1667 541 ego
1682 513 1750 534 vero

957 554 1070 584 propter
1092 550 1208 581 Pascha,
1223 551 1309 578 debeo
1334 551 1457 578 nonnihil
1475 551 1578 578 laboris
1594 552 1750 586 suscipere.

959 595 1184 630 Quandoquidem
1200 596 1261 622 aliis
1275 596 1372 623 diebus
1393 596 1490 624 sedens
1502 597 1638 625 manduco
1653 606 1660 624 :
1677 605 1751 625 nunc

959 641 1023 676 quia
1039 641 1142 668 Pascha
1158 647 1209 674 est,
1227 642 1332 669 navabo
1345 649 1468 676 operam,
1489 648 1515 669 et
1527 643 1553 669 in
1574 642 1658 677 pedes
1672 647 1750 670 stans

960 687 1112 714 comedam.

1207 743 1245 770 De
1263 744 1357 771 abbate
1378 744 1501 780 Evagrio.

997 799 1023 826 1.
1036 798 1091 834 (Si)
1104 799 1175 826 Dixit
1192 799 1277 827 abbas
1289 801 1423 836 Evagrius
1439 802 1614 829 :Cumsedes
1626 802 1652 829 in
1671 803 1749 834 cella.

961 846 1059 880 collige
1075 849 1191 872 mentem
1208 849 1301 878 tuam;
1328 851 1464 873 memento
1480 847 1534 874 diei
1553 850 1667 880 mortis;
1685 852 1752 876 tunc

963 892 1023 920 vide
1037 892 1160 927 corporis
1181 892 1437 921 mortiﬁcationem:
1452 894 1541 928 cogita
1556 894 1750 928 calamitatem;

962 937 1080 964 laborem
1096 944 1223 970 assume;
1237 936 1388 964 condemna
1403 938 1550 966 vanitatem
1567 939 1680 973 mundi;
1695 946 1752 975 quo

963 983 1053 1018 possis
1065 990 1176 1010 manere
1189 990 1297 1017 semper
1313 983 1340 1010 in
1361 983 1459 1018 quietae
1474 984 1535 1012 vita
1550 985 1688 1020 proposito
1701 993 1752 1013 nec

963 1030 991 1056 in
1005 1029 1190 1056 infirmitatem
1202 1029 1318 1056 incidas.
1336 1028 1441 1056 Memor
1463 1037 1570 1064 quoque
1585 1034 1644 1058 esto
1663 1034 1753 1060 status

963 1075 1105 1111 praesentis
1126 1076 1154 1102 in
1180 1074 1287 1102 inferno
1304 1084 1311 1102 :
1338 1079 1433 1110 reputa
1447 1076 1674 1110 quemadmodum
1692 1078 1748 1105 illic

964 1121 1065 1156 degant
1083 1121 1192 1154 animae,
1219 1121 1246 1148 in
1260 1128 1315 1155 quo
1342 1121 1502 1156 gravissimo
1523 1122 1641 1155 silentio,
1660 1123 1687 1150 in
1699 1131 1753 1158 quo

965 1166 1137 1194 amarissimo
1149 1166 1262 1201 gemitu,
1278 1166 1305 1193 in
1321 1167 1394 1201 quali
1409 1169 1518 1199 timore,
1534 1168 1694 1199 certamine.
1705 1176 1754 1197 ex-

966 1212 1152 1248 spectatione;
1167 1217 1264 1248 reputa
1283 1220 1424 1248 nunquam
1436 1213 1605 1240 desinentem
1620 1213 1753 1247 dolorem,

966 1260 1102 1296 lacrymas
1113 1259 1212 1287 animae
1224 1266 1326 1294 easque
1339 1259 1538 1288 interminatas.
1556 1260 1609 1287 Sed
1625 1265 1651 1287 et
1663 1268 1756 1288 recor-

967 1306 1031 1333 dare
1043 1305 1096 1333 diei
1115 1305 1338 1337 resurrectionis,
1354 1312 1386 1331 ac
1402 1304 1577 1333 exhibitionis
1594 1305 1626 1332 ad
1643 1305 1726 1333 Deum
1746 1315 1754 1333 ;

968 1351 1118 1386 imaginare
1134 1350 1265 1378 horribile
1288 1350 1514 1385 tremendumque
1530 1350 1595 1378 illud
1608 1351 1755 1385 judicium.

969 1396 1066 1424 Profer
1080 1397 1108 1424 in
1124 1396 1243 1424 medium
1260 1403 1321 1431 quae
1335 1396 1455 1430 reposita
1474 1400 1537 1423 sunt
1554 1397 1755 1431 peccatoribus,

969 1443 1146 1479 ignominiam
1161 1449 1252 1470 coram
1274 1441 1340 1474 Deo,
1353 1443 1467 1477 angelis,
1485 1442 1663 1477 archangelis,
1689 1451 1757 1469 cum

969 1489 1021 1516 ctis
1032 1488 1206 1522 hominibus;
1218 1488 1365 1523 supplicia,
1376 1488 1464 1522 ignem
1475 1488 1682 1522 sempiternum,
1696 1495 1758 1515 ver-

970 1542 1042 1562 mem
1070 1541 1210 1569 nunquam
1235 1533 1428 1566 dormientem.
1447 1537 1591 1566 tartarum,
1618 1533 1756 1566 tenebras,

974 1580 1120 1608 stridorem
1138 1579 1274 1612 dentium,
1287 1583 1418 1611 terrores.
1435 1583 1580 1607 tormenta.
1598 1580 1694 1607 Profer
1708 1588 1757 1616 pa-

973 1625 1040 1652 riter
1050 1625 1134 1660 justis
1150 1625 1220 1652 bona
1232 1625 1363 1659 reposita,
1381 1625 1506 1652 fiduciam
1518 1633 1580 1652 cum
1599 1625 1652 1653 Deo
1668 1625 1758 1659 Patre,

973 1674 1000 1698 et
1018 1670 1129 1698 Christo
1147 1670 1218 1704 ejus,
1239 1670 1354 1705 angelis.
1377 1670 1558 1706 archangelis,
1581 1675 1682 1698 cuncto
1696 1678 1760 1698 san-

973 1720 1079 1743 ctorum
1094 1719 1178 1747 ctetu,
1191 1723 1304 1751 regnum
1314 1716 1456 1749 caelorum,
1468 1717 1584 1751 ejusque
1596 1716 1678 1748 dona.
1690 1724 1759 1749 gau-

974 1762 1051 1789 dium
1068 1762 1182 1797 ejusque
1197 1762 1374 1796 voluptatem.
1390 1761 1493 1788 Horum
1507 1765 1688 1797 utrorumque
1703 1770 1760 1789 me—

975 1807 1090 1834 moriam
1110 1807 1198 1834 adduc
1209 1807 1238 1834 in
1255 1810 1373 1834 mentem
1391 1811 1482 1839 tuam;
1497 1813 1529 1834 ac
1540 1807 1574 1834 de
1585 1812 1760 1842 peccatorum

973 1852 1083 1888 quidem
1096 1853 1210 1888 judicio,
1228 1852 1273 1885 ﬂe,
1293 1853 1366 1888 luge,
1379 1853 1481 1880 veritus
1502 1861 1536 1880 ne
1552 1856 1581 1880 tu
1594 1861 1702 1889 quoque
1718 1854 1762 1880 in-

973 1903 1015 1926 ter
1037 1899 1098 1926 illos
1113 1899 1268 1932 consistas;
1291 1899 1325 1926 de
1339 1899 1372 1926 iis
1386 1906 1452 1927 vero
1467 1903 1527 1934 quae
1551 1900 1670 1934 reposita
1696 1904 1762 1927 sunt

971 1945 1064 1980 justis,
1079 1945 1167 1981 gaude
1176 1953 1207 1972 ac
1217 1945 1317 1972 lmtare.
1330 1946 1419 1980 Atque
1430 1950 1486 1972 tum
1499 1945 1541 1972 his
1553 1944 1606 1972 frui
1617 1945 1761 1976 contende,

974 1996 1031 2019 tum
1051 1994 1085 2019 ab
1102 1992 1157 2020 illis
1177 2000 1239 2020 esse
1265 1992 1381 2019 alienus.
1397 1991 1468 2020 Cave
1495 2000 1530 2019 ne
1546 1999 1678 2027 unquam,
1705 1992 1763 2020 sive

975 2037 1046 2064 intra
1069 2038 1166 2066 cellam
1183 2042 1255 2065 tuam
1279 2038 1412 2071 resideas.
1430 2039 1488 2066 sive
1508 2042 1583 2065 extra
1610 2038 1659 2070 sis,
1674 2037 1732 2065 haec
1748 2046 1763 2065 e

976 2085 1107 2112 memoria
1122 2085 1283 2117 elabantur;
1302 2092 1356 2120 quo
1372 2085 1413 2112 vel
1430 2093 1477 2120 per
1493 2085 1549 2112 hasc-
1562 2085 1657 2112 eadem
1674 2083 1764 2112 sordi-

976 2130 1026 2158 das
1042 2131 1194 2165 noxiasquc
1204 2131 1317 2166 effugias
1333 2131 1522 2165 cogitationes.

128 2174 204 2201 ἔνδον
218 2174 264 2201 τοῦ
283 2174 389 2201 κελλίου
412 2183 459 2201 σου
481 2174 627 2210 τυγχάνῃς,
648 2174 700 2201 κᾶν
721 2174 774 2208 ἔξω
791 2182 854 2206 που,
881 2174 930 2205 ἐἰς
947 2175 979 2201 ὲκ
999 2175 1102 2202 τούτων
1126 2177 1251 2212 μνήμης,
1265 2176 1339 2207 ὅπως
1359 2175 1410 2202 κᾶν
1441 2175 1485 2203 διὰ
1508 2176 1619 2208 τούτων,
1637 2175 1701 2207 τοὺς
1715 2176 1764 2210 ρυ-

128 2222 235 2257 παροὺς
255 2221 301 2248 καὶ
317 2221 466 2257 βλαϐεροὺς
478 2221 609 2257 διαφεύξῃ
621 2221 779 2257 λογισμούς.

163 2269 197 2303 β’.
221 2265 291 2295 Eine
305 2268 386 2296 πάλιν
397 2278 405 2285 ·
423 2269 515 2296 Κόπτε
529 2268 584 2295 τῶν
601 2268 706 2295 πολλῶν
720 2269 771 2300 τὰς
796 2269 902 2304 σχέσεις

1010 2268 1038 2295 2.
1051 2267 1108 2303 (52)
1119 2267 1193 2295 Dixit
1207 2268 1322 2295 iterum:
1336 2267 1472 2295 Abscinde
1480 2267 1625 2294 multorum
1637 2267 1761 2301 allectus;

128 2316 168 2350 μή
191 2323 238 2341 σου
261 2316 276 2341 ό
294 2314 358 2346 νοῦς
379 2315 571 2350 περιστατικὸς
589 2314 718 2350 γένηται,
743 2315 790 2341 καὶ
809 2315 855 2342 τὸν
871 2314 922 2350 τῆς

125 2361 245 2396 ἡσυχίας
256 2361 361 2397 ταράξῃ
375 2361 486 2396 τρόπον.

163 2405 188 2441 γ’
192 2426 199 2432 .
227 2404 296 2433 Εἷπε
313 2407 395 2433 πάλιν
412 2406 483 2441 μέγα
496 2406 545 2442 μὲν
561 2406 592 2433 τὺ
606 2404 819 2442 ἀπερισπάστως
836 2414 921 2442 προσ-

127 2453 276 2489 εύχεσθαι·
295 2454 387 2489 μεῖξον
403 2453 431 2480 δὲ
452 2454 500 2480 καὶ
516 2454 546 2480 τὸ
568 2453 679 2488 ψάλλειν
698 2453 920 2489 ἀπερισπάστως.

166 2544 198 2571 δ’.
223 2541 291 2571 Εἶπε
315 2543 413 2570 πάλιν·
430 2544 563 2579 Μέμνησο
583 2542 728 2574 διαπαντὸς
754 2542 804 2577 τῆς
831 2541 922 2574 ἐξόδου

128 2600 191 2622 σου,
210 2590 258 2617 καὶ
277 2591 315 2625 μὴ
326 2590 442 2626 ἐπιλάϐῃ
457 2590 575 2626 κρίσεως
586 2589 695 2616 αἰωνίου
704 2597 711 2604 ο
725 2589 772 2615 καὶ
784 2589 834 2615 οὐκ
847 2588 924 2614 ἔσται

126 2638 163 2661 τε)
173 2637 308 2672 ημμέλεια
325 2638 354 2663 ἐν
364 2638 398 2672 τῇ
410 2636 483 2672 ψυχῇ
498 2644 555 2662 σου.

168 2725 202 2741 ⁸⁸·
217 2725 261 2751 Al.
279 2725 427 2752 Ἐλλαδίου.

168 2814 226 2848 (50)
244 2814 295 2841 vo.
312 2813 387 2841 Patr.
404 2813 498 2845 ιν,16.

168 2850 225 2881 t5l)
248 2849 300 2876 Vit.
318 2848 395 2884 Pqtr.
413 2857 454 2882 ιιι,
473 2849 500 2876 5.

167 2884 226 2921 (δι’)
249 2884 301 2913 Vit.
324 2881 401 2911 Patr.
420 2892 450 2917 ιι,
464 2883 490 2912 8.
506 2882 537 2912 L.
554 2883 574 2918 ί.
590 2882 617 2910 in
635 2882 705 2911 Duta
724 2890 752 2911 n.
770 2881 798 2910 Ξ.

976 2322 1011 2342 ne
1026 2321 1103 2342 mens
1121 2318 1168 2341 tua
1192 2313 1336 2349 aﬂligatur,
1355 2318 1382 2341 et
1402 2314 1503 2349 quietis
1520 2312 1630 2340 modum
1649 2318 1764 2341 contur.

976 2359 1030 2387 bet.

1011 2405 1037 2432 5.
1053 2404 1108 2439 (55)
1124 2405 1183 2432 Alia
1193 2404 1315 2439 ejusdem
1335 2404 1470 2432 sententia
1489 2412 1495 2430 :
1515 2403 1641 2438 Magnum
1654 2403 1765 2438 quidem

975 2454 1028 2482 est,
1044 2458 1124 2478 orare
1133 2451 1191 2478 sine
1203 2450 1397 2483 distractione;
1415 2449 1461 2477 sed
1469 2449 1557 2484 majus
1573 2453 1616 2477 est
1632 2449 1692 2477 sine
1705 2449 1764 2478 dis—

974 2489 1110 2524 tractione
1124 2497 1251 2532 psallere.

1010 2543 1038 2570 4.
1054 2543 1110 2577 (54)
1128 2543 1223 2570 Adhuc
1232 2543 1300 2570 dixit
1319 2552 1326 2570 :
1348 2541 1606 2577 Sempermemento
1619 2542 1710 2569 exitus
1727 2542 1766 2569 tui

976 2596 1008 2616 ex
1028 2589 1079 2616 hac
1093 2590 1160 2622 vita,
1174 2596 1225 2617 nec
1244 2589 1417 2617 obliviscaris
1436 2589 1529 2617 aeterni
1545 2589 1660 2624 iudicii;
1677 2597 1766 2625 neque

977 2635 1028 2663 erit
1043 2635 1171 2663 delictum
1183 2636 1209 2662 in
1224 2637 1315 2663 anima
1331 2640 1387 2663 tua.

1013 2812 1070 2849 @3)
1095 2813 1146 2849 Vit.
1166 2813 1240 2849 Ijatr.
1259 2820 1297 2845 xt,
1317 2812 1344 2839 9.

1014 2846 1070 2884 (δι)
1097 2848 1148 2875 Vit.
1165 2847 1243 2876 Patr.
1265 2856 1303 2881 ιι,
1323 2846 1366 2876 10.
