1971 3068
154 177 156 179 -
190 159 243 190 £75

758 156 929 184 AI’PENDIX
951 157 994 183 ΑΙ)
1013 156 1221 184 PALLADlUM.

1775 161 1827 188 1Ἰῦ

226 223 252 251 5.
271 221 327 257 (55)
345 221 410 248 Item
429 228 436 246 :
454 220 530 248 Tolle
546 221 721 251 tentationes,
739 224 767 246 et
782 218 875 246 nullus
886 218 980 246 salvus

1067 222 1097 246 ε’.
1123 216 1191 244 Εῐπε
1216 218 1313 245 πάλιν·
1334 219 1456 255 Ἔπαρον
1478 220 1541 252 τοὺς
1569 220 1751 256 πειρασμοὺς,
1779 222 1826 248 καὶ

189 273 252 297 erit.

225 315 253 344 6.
269 314 326 342 Hoc
340 314 421 343 etiam
434 323 443 341 :
463 312 538 341 Dixit
551 312 661 348 quidam
677 319 692 339 e
705 311 832 340 Patribus
848 321 855 338 :
871 310 981 338 Aridior

190 366 218 389 et
232 369 286 389 non
299 362 442 397 inaequalis
459 362 550 388 victus
574 368 635 387 cum
651 359 786 387 cliaritate
803 359 980 394 conjunctus,

190 409 246 435 cito
271 408 437 435 monachum
473 407 578 434 inducit
613 406 641 433 in
671 409 781 440 portum
804 404 982 439 impassiL-ili-

193 454 268 482 tatis.

228 500 252 527 7.
270 500 326 535 (56)
340 498 441 527 Factus
461 503 503 527 est
525 497 673 534 aliquando
690 504 839 525 consessus
859 495 886 522 in
900 495 983 523 Cellis
1003 512 1009 524 ι

192 553 242 580 pro
257 546 366 580 negotio
384 545 514 580 qundam,
531 549 612 579 atque
628 544 736 570 loculus
756 545 798 570 est
814 542 899 570 abbas
914 541 984 568 Eva-

191 592 278 628 grius.
303 591 374 619 Dicit
396 591 421 619 ei
443 591 584 626 presbyter
606 599 612 617 :
633 589 751 620 Scimus,
771 588 851 620 abba,
872 588 944 622 quod
961 589 984 615 si

192 644 268 666 esses
285 636 312 664 in
330 637 440 672 regione
456 639 513 666 tua,
539 639 564 662 et
584 634 731 669 episcopus
753 641 824 668 saepe
842 637 869 659 et
886 633 985 659 multo-

192 691 252 711 rum
263 687 345 718 caput
361 683 528 710 constitutus
549 681 665 712 fuisses;
680 687 754 707 nunc
766 687 831 706 vero
853 684 983 713 tanquam

192 729 353 765 peregrinus
365 729 409 758 hic
427 728 517 755 sedes.
531 727 578 754 llle
595 725 807 761 compunctioue
818 725 918 752 ductus
931 732 984 751 non

194 777 320 803 turbatus
336 777 391 805 est,
417 773 464 801 sed
489 774 578 808 capite
596 778 669 800 moto
691 772 761 799 dixit
781 772 806 799 ei
824 782 830 798 :
855 771 926 798 Sane
947 771 984 798 ita

193 825 245 852 est,
261 820 351 847 Pater.
365 819 467 847 Verum
484 819 564 846 semel
580 819 681 845 locutus
696 827 772 851 sum;
786 822 810 845 et
825 818 919 845 iterant
933 826 985 844 nan

194 866 320 901 adjiciam
329 866 364 892 "°.

424 922 462 950 De
477 922 570 948 abbate
588 921 756 948 Eudwmone.

230 980 267 1008 De
274 980 372 1007 abbate
384 978 538 1014 Paphnutio
547 977 627 1005 Patre
637 977 748 1005 Sceteos
757 977 826 1004 dixit
835 976 920 1004 abbas
931 975 983 1002 Eu-

194 1025 299 1052 darmon
317 1035 323 1052 :
338 1024 405 1051 Illuc
423 1023 552 1052 descendi
574 1024 695 1058 juvenis,
719 1031 771 1050 nec
793 1023 917 1058 permisit
940 1029 983 1049 me

198 1079 318 1110 manere,
355 1070 451 1097 dicens
477 1069 510 1097 de
531 1069 554 1084 '”
584 1077 637 1102 me,
658 1069 767 1096 Vultum
791 1069 914 1096 mulieris
930 1076 983 1095 non

195 1116 323 1150 permitto
344 1123 454 1143 manere
470 1116 497 1142 in
512 1115 596 1148 Sceti,
618 1119 729 1150 propter
744 1115 848 1142 inimici
865 1115 982 1143 insulta-

195 1167 305 1189 tionem.

425 1218 594 1253 Principium
609 1218 707 1246 littera:
719 1218 748 1244 Ζ.

454 1274 492 1302 De
503 1275 597 1301 abbate
610 1273 724 1301 Zenone.

231 1323 258 1349 1.
272 1323 329 1357 (37)
355 1321 428 1349 Dixit
444 1322 528 1349 abbas
546 1321 619 1348 Zeno
643 1321 714 1348 beati
737 1319 840 1347 Silvani
862 1321 984 1356 discipu-

195 1369 239 1396 lus
255 1378 262 1396 :
282 1367 321 1396 Ne
331 1375 442 1395 maneas
463 1367 564 1394 inloco
584 1366 695 1399 celebri,
714 1374 764 1393 nec
786 1366 907 1393 resideas
921 1374 983 1393 cum

195 1415 305 1442 homine
316 1413 407 1448 magni
423 1413 552 1444 nominis,
566 1420 655 1447 neque
671 1412 764 1439 mittas
776 1411 982 1439 fundamentum

197 1466 225 1488 nt
240 1461 336 1489 cellam
352 1460 399 1487 tibi
413 1458 532 1487 aediﬁces
550 1458 707 1494 aliquando.

229 1548 257 1576 2.
276 1547 437 1575 Retulerunt
447 1546 481 1574 de
492 1547 589 1574 abbate
601 1546 720 1578 Zenone,
732 1545 804 1580 quod
816 1545 893 1572 initio
905 1545 984 1580 quid-

195 1595 269 1629 piam
285 1601 301 1620 a
313 1593 441 1629 quopiam
460 1593 569 1620 nolebat
582 1592 717 1627 accipere.
739 1591 817 1619 Unde
828 1592 874 1627 qui
887 1592 984 1619 aﬂere-
998 1582 1022 1613 (ἶ

197 1642 272 1672 bant.
291 1640 456 1668 recedebant
484 1639 588 1669 tristes,
613 1639 685 1674 quod
708 1646 762 1665 non
783 1638 929 1673 acciperet.
952 1637 986 1665 Et

197 1688 243 1714 alii
260 1687 293 1714 ad
308 1694 370 1714 eum
390 1685 545 1718 veniebant,
564 1685 687 1712 volentes
704 1685 838 1720 accipere,
856 1690 984 1719 tanquam

198 1742 213 1760 a
228 1741 327 1769 magno
347 1741 422 1765 sene,
450 1740 500 1760 nee
526 1732 644 1759 habebat
673 1732 746 1766 quod
770 1731 858 1763 daret,
879 1732 986 1766 ipsique

201 1780 294 1808 tristes
317 1779 512 1807 abscedebant.
527 1778 573 1805 Ait
597 1786 679 1806 senex
696 1787 702 1804 :
718 1777 789 1810 Quid
811 1778 906 1812 agant?
922 1778 986 1812 quia

199 1826 397 1854 contristantur
410 1829 465 1852 tam
476 1827 522 1861 qui
534 1825 660 1857 ali‘erunt,
673 1833 754 1860 quam
767 1825 813 1860 qui
825 1832 924 1860 capere
936 1832 986 1851 cu-

199 1873 289 1909 piunt.
307 1871 365 1899 Hoc
379 1876 491 1907 praestat
514 1882 521 1900 :
540 1873 563 1900 si
583 1872 645 1907 quis
672 1871 766 1899 all'erat
792 1879 910 1902 sumam.
923 1875 950 1898 et
964 1871 987 1898 si

200 1920 262 1955 quis
275 1917 349 1954 petat
361 1919 488 1954 praebebo
504 1919 539 1946 ei.
560 1919 648 1954 Atque
670 1918 706 1945 ita
729 1918 843 1950 iaciens,
868 1917 987 1949 quietem

201 1965 306 1997 habuit,
320 1965 482 2000 cunctisque
498 1964 641 1993 satisfecit.

236 2013 263 2039 5.
279 2011 334 2047 (58)
350 2011 432 2038 Venit
448 2011 532 2039 frater
550 2010 696 2046 Egyptius
708 2009 849 2038 visitatum
860 2009 987 2036 abbatem

201 2057 338 2085 Zenonem
352 2058 380 2084 in
399 2057 487 2093 Syria,
503 2062 529 2084 et
546 2056 696 2084 accusabat
708 2063 800 2084 coram
812 2063 877 2083 sene
886 2055 990 2090 cogita~

202 2104 290 2132 tiones
311 2111 388 2132 suas.
402 2104 451 2131 Ille
473 2110 538 2130 vero
560 2103 711 2130 admiratus
737 2102 807 2130 dixit
831 2111 838 2129 :
856 2101 986 2136 Egyptii.

202 2157 270 2184 quas
281 2149 390 2184 quidem
407 2149 531 2176 obtinent
547 2149 672 2180 virtutes,
690 2149 843 2179 occultant;
859 2155 927 2182 quos
940 2155 989 2173 au-

202 2199 254 2222 tem
268 2201 322 2221 non
335 2194 435 2222 habent
451 2194 585 2224 delectus,
603 2201 650 2220 eos
674 2197 807 2220 accusant
831 2193 963 2219 continuo
980 2200 987 2218 :

201 2241 263 2276 Syri
279 2244 370 2268 autem
384 2244 410 2268 et
426 2240 524 2272 Graeci,
541 2248 610 2274 quas
625 2240 734 2274 quidem
752 2245 807 2266 non
822 2239 923 2266 habent
934 2239 989 2265 vir-

202 2292 285 2319 Intes,
301 2287 402 2314 habere
417 2294 446 2314 se
462 2287 627 2321 praedicant;
649 2294 718 2321 quos
737 2293 802 2312 vero
817 2284 918 2312 habent
939 2285 988 2312 de-

202 2333 299 2364 lectus,
311 2332 493 2359 abscondunt.

236 2378 262 2405 ι.
279 2377 337 2414 (39)
352 2378 393 2405 Ad
417 2386 479 2405 eum
505 2382 638 2406 venerunt
661 2377 773 2409 fratres,
799 2378 988 2413 sciscitatique

201 2428 265 2451 sunt
281 2424 324 2451 bis
339 2423 431 2452 verbis
447 2433 454 2451 :
469 2424 606 2458 Quidnam
633 2424 684 2452 sibi
702 2424 760 2451 vult
776 2424 848 2459 quod
867 2424 894 2451 in
919 2424 989 2451 libro

200 2469 252 2497 Job
266 2470 397 2504 scriptum
412 2475 455 2497 est
467 2479 473 2497 :
490 2469 592 2497 Cwlum
607 2474 694 2496 autent
709 2469 836 2496 mundum
848 2473 946 2496 nonest
959 2470 987 2495 in

200 2521 339 2550 conspectu
354 2516 410 2547 eius
428 2516 464 2542 7"!
478 2514 628 2551 Respondit
643 2523 726 2543 senex
743 2524 748 2542 :
767 2515 848 2543 Missa
865 2515 987 2542 fecerunt

201 2561 300 2588 fratres
319 2567 428 2596 peccata
450 2569 510 2594 sua,
528 2566 555 2590 et
577 2562 610 2589 de
631 2562 710 2589 caelis
728 2565 896 2588 scrutantur.
913 2560 989 2588 Hanc

201 2615 268 2634 vero
284 2607 368 2634 habet
382 2607 634 2643 interpretationem
652 2611 744 2635 textus
762 2617 768 2634 ε
784 2606 919 2640 Quoniam
933 2608 991 2642 ipse

201 2653 277 2680 solus
297 2653 367 2681 Deus
390 2654 509 2682 mundus
525 2659 576 2686 est,
592 2654 654 2682 ideo
666 2654 735 2681 dixit
750 2663 757 2681 ε
786 2652 887 2681 Cwlum
902 2658 991 2680 autent

201 2699 326 2725 mundum
346 2707 397 2726 non
409 2704 460 2727 est.

999 907 1020 934 Β

1031 264 1119 296 οὐδεὶς
1136 265 1150 291 ὁ
1163 264 1318 299 σωζόμενος

1068 313 1106 343 ς’.
1124 308 1192 337 Εἶπε
1206 310 1296 343 πάλιν,
1313 311 1354 338 ὅτι
1370 311 1468 346 Ἔλεγέ
1491 320 1534 343 τις
1554 311 1609 338 τῶν
1625 312 1771 348 Πατέρων·
1794 314 1826 340 Ἦ

1032 355 1167 391 ξηροτέρα
1176 356 1222 383 καί
1236 357 1259 372 ⁷³
1271 355 1414 391 ἀνώμαλος
1424 357 1522 388 δίαιτα,
1532 357 1626 394 ἀγάπῃ
1639 358 1825 393 συζευχθεῖσα,

1033 401 1132 429 οᾶττον
1145 403 1250 437 εἰσάγει
1266 403 1311 430 τὸν
1326 403 1443 438 μοναχὸν
1455 404 1495 435 είς
1510 403 1555 430 τὸν
1570 403 1619 439 τῆς
1632 404 1767 436 ἀπαθείας
1785 404 1826 431 λι-

1034 449 1112 484 μένα.

1067 495 1100 528 ζ’.
1123 496 1247 530 Ἐγένετό
1265 506 1331 524 ποτε
1358 497 1496 534 συνέδριον
1513 499 1555 531 εἰς
1574 499 1607 526 τὰ
1628 498 1730 525 Κελλία
1763 499 1827 534 περὶ

1034 543 1207 578 πράγματος,
1223 543 1269 569 καὶ
1286 542 1418 578 ἐλάλησεν
1438 544 1452 569 ὁ
1476 544 1563 575 ἁόϐἄς
1580 545 1725 581 Εὐάγριος.
1745 544 1827 578 Λέγει

1036 588 1112 623 αὐτῷ
1137 590 1152 615 ὁ
1170 588 1372 624 πρεσϐύτερος’
1392 589 1520 625 Οἴδαμεν,
1538 590 1619 622 ἀϐὃᾶ,
1639 591 1680 617 ὅτι
1698 592 1722 617 εἰ
1747 589 1779 626 ᾗς
1798 591 1827 616 ὲν

1033 635 1066 669 τῇ
1082 633 1159 670 χώρᾳ
1184 643 1242 666 σου,
1266 636 1312 662 καὶ
1328 635 1477 668 ἐπίσκοπος
1501 636 1632 669 πολλάκις
1651 637 1697 664 καὶ
1721 636 1827 671 κεφαλὴ

1035 680 1141 708 πολλῶν
1154 679 1226 716 εἶχες
1244 679 1328 708 εἶναι·
1345 683 1393 709 νῦν
1408 683 1436 709 δὲ
1458 683 1496 715 ὡς
1510 684 1586 716 ξένος
1600 683 1702 720 καθέςῃ
1718 681 1778 711 ὧδε.
1797 684 1826 710 '0

1034 726 1063 753 δὲ
1086 728 1250 761 κατανυγεὶς
1266 728 1317 755 οὐκ
1339 728 1488 765 ἐταράχθη,
1502 729 1570 756 ἀλλὰ
1586 730 1701 765 κινήσας
1717 730 1767 765 τὴν
1781 738 1827 756 κε-

1037 770 1134 807 ᾳαλὴν,
1165 773 1240 806 λέγει
1268 775 1362 809 αὐτῷ·
1396 774 1514 808 Ἀληθῶς
1540 776 1607 806 ἐστι,
1635 776 1725 812 Πάτερ
1753 775 1826 811 Πλὴν

1035 817 1116 849 ἅπαξ
1131 818 1278 852 ἐλάλησα,
1294 820 1341 846 ἐπὶ
1355 819 1387 845 δὲ
1403 819 1443 852 τῷ
1457 819 1584 854 δευτέρῳ
1600 821 1636 847 ait
1650 821 1822 855 προσθήσω.

1211 920 1281 954 Περὶ
1295 921 1349 948 τοῦ
1367 921 1442 949 ἀδεᾶ
1454 921 1650 956 Εὐδαίμονος.

1072 974 1156 1003 Εἶπεν
1170 977 1184 1002 6
1198 977 1285 1008 assa;
1309 977 1453 1013 Εὐδαίμων
1471 978 1535 1013 περὶ
1547 977 1594 1004 τοῦ
1613 977 1686 1004 assa
1704 978 1829 1011 Παφνου-

1036 1023 1094 1050 τίου
1118 1023 1165 1050 τοῦ
1189 1024 1295 1059 Πατρὸς
1315 1024 1364 1059 τῆς
1389 1024 1528 1060 Σκήτεως,
1545 1024 1586 1051 ὅτι
1607 1024 1750 1058 Κατῆλθον
1772 1025 1830 1051 ἐκεῖ

1036 1068 1179 1104 νεώτερος,
1192 1069 1239 1095 καὶ
1251 1069 1301 1095 οὐκ
1316 1069 1406 1104 ἀφῆκέ
1421 1078 1455 1104 με,
1468 1071 1557 1105 μεῖναι
1573 1070 1639 1101 ἐκεῖ,
1652 1069 1739 1103 λέγων
1781 1071 1829 1096 ἐπὶ

1036 1114 1114 1148 ἐμοῦ,
1130 1113 1210 1148 Ὀψιν
1224 1114 1352 1148 γυναικὸς
1365 1115 1414 1141 οὐκ
1427 1115 1500 1150 ἀφιῶ
1516 1116 1605 1150 μεῖναι
1619 1116 1657 1147 εἰς
1665 1115 1830 1150 Σκῆτιν,διὰ

1036 1159 1082 1186 τὸν
1097 1159 1215 1195 πόλεμον
1232 1159 1279 1186 τοῦ
1294 1160 1402 1196 ἐχθροῦ.

1251 1217 1334 1252 Ἀρχὴ
1346 1217 1393 1244 τοῦ
1417 1218 1550 1253 στοιχείου
1574 1219 1604 1245 Ζ.

1231 1274 1302 1308 Περὶ
1319 1274 1371 1301 τοῦ
1390 1274 1466 1302 acea
1482 1275 1630 1309 Ζήνωνος.

1071 1319 1104 1347 α’.
1124 1320 1206 1349 Εῐπεν
1223 1321 1237 1347 ὁ
1250 1320 1337 1352 ἁόὁᾶς
1357 1321 1449 1356 Ζήνων
1463 1321 1477 1347 ὁ
1493 1321 1617 1357 μαθητὴς
1628 1321 1674 1348 τοῦ
1692 1322 1829 1358 μακαρίου

1038 1366 1200 1394 Σι).ουανοῦ”
1230 1366 1276 1401 Μὴ
1300 1367 1415 1403 οἱκήσῃς
1437 1367 1466 1393 ὲν
1489 1367 1564 1402 τόπῳ
1583 1367 1735 1403 ὀνομαστῷ,
1763 1367 1829 1403 μηδὲ

1038 1414 1152 1450 καθίσῃς
1168 1413 1237 1449 μετὰ
1253 1412 1398 1448 ἀνθρώπου
1427 1412 1534 1447 ἔχοντος
1558 1413 1629 1448 μέγα
1645 1413 1741 1448 ὄνομα,
1762 1413 1829 1449 μηδὲ

1039 1459 1123 1495 βάλῃς
1143 1458 1267 1494 οεμὲλιον
1282 1458 1329 1484 τοῦ
1351 1458 1528 1493 οἰκοδομῆσαι
1547 1457 1635 1493 ἑαυτῷ
1651 1458 1755 1485 κελλίον
1773 1458 1830 1484 πώ-

1039 1515 1113 1533 ποτε.

1074 1551 1105 1586 β’.
1126 1551 1239 1586 Ἔλεγον
1255 1550 1376 1586 περὶτοῦ
1389 1550 1462 1577 ἀὸὄᾱ
1474 1551 1608 1586 Ζήνωνος,
1622 1550 1663 1577 ὅτι
1675 1551 1721 1577 ἀπ’
1742 1549 1830 1585 ἀρχῆς

1037 1598 1087 1625 οὐκ
1104 1598 1184 1634 ἤθελε
1200 1597 1292 1624 λαϐεῖν
1309 1597 1385 1633 παρά
1398 1597 1469 1628 τινός
1483 1597 1510 1623 τί
1534 1605 1608 1623 ποτε.
1628 1597 1682 1623 Καὶ
1704 1596 1830 1623 ἐντεῦθεν

1037 1645 1062 1671 oi
1077 1644 1206 1680 φέροντες
1237 1645 1393 1679 ἀπήρχοντο
1415 1643 1592 1678 λυπούμενοι,
1615 1643 1656 1670 ὅτι
1673 1643 1723 1669 οὐκ
1744 1642 1830 1678 ἐλάμ-

1037 1692 1113 1718 ϐανε.
1128 1691 1182 1717 Καὶ
1198 1690 1273 1717 ἄλλοι
1286 1691 1402 1726 ἤρχοντο
1413 1690 1481 1726 πρὸς
1493 1690 1586 1720 αὑτὸν,
1599 1689 1690 1716 λαϐεῖν
1706 1689 1830 1719 θέλοντες

1038 1738 1076 1770 ὡς
1093 1738 1169 1773 παρὰ
1195 1738 1314 1773 μεγάλου
1339 1737 1476 1772 γέροντος,
1498 1737 1543 1763 καὶ
1555 1736 1605 1763 οὑκ
1619 1735 1674 1771 εἶχέ
1692 1745 1716 1762 τι
1737 1735 1829 1762 δοῦναι

1038 1785 1141 1817 αὐτοῖς,
1152 1785 1198 1811 καὶ
1212 1784 1289 1810 αὐτοὶ
1304 1784 1410 1819 ὑπῆγον
1423 1782 1598 1818 λυπούμενοι.
1614 1782 1696 1816 Λέγει
1705 1783 1718 1808 ὀ
1728 1781 1828 1816 γέρων·

1038 1830 1071 1856 Τί
1089 1831 1206 1865 ποιήσω,
1225 1829 1266 1855 ὅτι
1287 1829 1334 1855 καὶ
1354 1829 1378 1854 οἱ
1402 1827 1532 1863 φέροντες
1551 1827 1710 1858 λυποῦνται,
1736 1826 1782 1852 καὶ
1804 1827 1829 1852 οἱ

1038 1876 1131 1903 λαϐεῖν
1146 1876 1285 1908 θέλοντες;
1301 1874 1386 1902 Τοῦτο
1400 1875 1500 1910 μᾶλλον
1520 1874 1664 1910 συμφέρει·
1683 1873 1709 1900 εἰ
1724 1881 1765 1905 τις
1780 1873 1830 1907 φέ-

1040 1931 1093 1958 ρει.
1114 1921 1256 1958 λαμϐάνω,
1273 1921 1320 1948 καὶ
1341 1921 1369 1947 εἴ
1387 1929 1428 1952 τις
1447 1922 1518 1947 αἰτεῖ
1537 1921 1650 1957 παρέχω
1667 1919 1752 1954 αὐτῷ.
1775 1919 1830 1945 Καὶ

1038 1968 1125 2000 οὕτως
1140 1968 1258 2002 ποιήσας
1279 1967 1442 1999 ἀνεπαύετο,
1456 1967 1504 1993 καὶ
1519 1966 1623 1998 πάντας
1635 1964 1829 2001 ὲπληροφόρει.

1074 2017 1109 2048 γ’.
1131 2012 1290 2049 Παρέὸαλεν
1304 2012 1418 2047 ἀδελφὸς
1431 2012 1580 2046 Αἰγύπτιος
1593 2011 1631 2047 τῷ
1645 2010 1717 2047 ἁὸσᾷ
1727 2011 1830 2046 Ζήνωνι

1039 2060 1079 2091 είς
1109 2059 1220 2094 Συρίαν,
1245 2059 1294 2085 καὶ
1319 2058 1468 2093 κατηγόρει
1492 2057 1546 2084 τῶν
1566 2057 1704 2092 λογισμῶν
1733 2055 1830 2083 ἑαυτοῦ

1040 2107 1086 2132 ἐπὶ
1101 2105 1148 2132 τοῦ
1161 2105 1297 2140 γέροντος.
1318 2105 1347 2131 '0
1365 2104 1394 2131 δὲ
1414 2104 1557 2140 θαυμάσας
1590 2101 1684 2130 εἶπεν·
1700 2103 1731 2129 0!
1747 2102 1831 2137 Αίγύ-

1040 2160 1125 2182 πτιοι,
1142 2150 1175 2182 ἃς
1189 2151 1238 2185 μὲν
1249 2149 1358 2185 ἔχουσιν
1375 2150 1487 2185 ἀρετὰς.
1510 2148 1688 2184 κρύπτουσιν,
1708 2147 1726 2174 ἂ
1739 2147 1768 2174 δὲ
1781 2148 1832 2174 οὐκ

1045 2196 1153 2231 ἔχουσιν
1174 2194 1362 2230 ἐλαττώματα,
1381 2194 1485 2221 τούτων
1512 2194 1555 2220 ἀεὶ
1572 2192 1784 2229 κατηγοροῦσιν·
1805 2193 1831 2219 οἱ

1005 2257 1027 2284 D
1042 2242 1070 2269 δὲ
1085 2242 1166 2277 Σύροι
1181 2242 1228 2268 καὶ
1246 2242 1271 2268 οἱ
1291 2241 1453 2275 Ἐλληνικοὶ,
1468 2240 1502 2272 ἃς
1518 2240 1566 2275 μὲν
1581 2240 1631 2266 οὐκ
1645 2239 1752 2274 ἔχουσιν
1765 2240 1831 2274 ἁρε-

1041 2288 1101 2320 τας,
1119 2287 1245 2321 λέγουσιν
1264 2287 1348 2322 ἔχειν,
1365 2286 1383 2313 ὃ.
1394 2286 1424 2313 δὲ
1437 2286 1543 2321 ἔχουσιν
1559 2283 1748 2320 ἐλαττώματα,
1766 2283 1833 2319 κρύ-

1039 2342 1161 2360 πτουσιν.

1071 2379 1103 2406 δ’.
1128 2377 1232 2406 Ἦλθον
1255 2378 1324 2415 πρὸς
1352 2378 1434 2405 αὐτὸν
1459 2377 1580 2412 ἀδελφοὶ,
1610 2377 1659 2404 καὶ
1684 2376 1832 2413 ἠρώτησαν

1040 2424 1132 2456 αὑτὸν,
1148 2424 1273 2459 λέγοντες
1284 2432 1291 2440 ·
1306 2424 1339 2450 Τί
1358 2425 1416 2450 ἐστι
1437 2424 1467 2450 τὸ
1481 2425 1511 2450 ὲν
1527 2424 1566 2458 τῷ
1588 2423 1647 2450 Ἰὼϐ
1673 2423 1833 2459 γεγραμμέ-

1039 2479 1085 2497 νον
1097 2479 1104 2486 ’
1118 2470 1289 2504 Οὐρανὸςὸὲ
1299 2471 1335 2497 οὺ
1345 2469 1474 2504 καθαρὸς
1481 2469 1612 2496 ἐνώπιον
1624 2469 1734 2500 αὐτοῦς
1753 2469 1832 2495 Ἀπο-

1041 2517 1146 2553 κριθεὶς
1161 2516 1190 2543 δὲ
1202 2517 1216 2543 ὁ
1234 2517 1323 2552 γέρων
1335 2514 1413 2543 εἶπεν
1423 2516 1514 2547 αὐτοῖς
1523 2524 1530 2531 ·
1550 2515 1672 2550 Ἀφῆκαν
1685 2515 1710 2541 οἱ
1722 2515 1833 2548 ἀδελφοὶ

1041 2561 1092 2593 τὰς
1104 2561 1243 2597 ἁμαρτίας
1254 2561 1355 2594 αὐτῶν,
1371 2561 1418 2588 καὶ
1433 2561 1498 2597 περὶ
1509 2562 1564 2588 τῶν
1581 2561 1704 2596 οὐρανῶν
1722 2561 1745 2576 ⁷⁸
1759 2561 1834 2596 ἐρευ-

1039 2608 1131 2636 νῶσιν.
1151 2608 1226 2644 Αὕτη
1246 2608 1274 2634 δέ
1282 2609 1355 2634 ἐστιν
1371 2609 1387 2643 ἡ
1401 2607 1537 2644 ἑρμηνεία
1552 2607 1598 2634 τοῦ
1610 2607 1699 2641 λόγου·
1722 2606 1832 2643 Ἐπειδὴ

1039 2654 1119 2685 αὐτὸς
1135 2654 1215 2688 μόνος
1231 2654 1290 2680 ἐστὶ
1301 2653 1432 2689 καθαρὸς,
1444 2653 1488 2681 διὰ
1495 2653 1574 2681 τοῦτο
1588 2651 1664 2680 εἶπεν
1675 2662 1681 2668 ”
1696 2652 1832 2687 οὐρανὸς

1040 2699 1074 2726 δὲ
1086 2701 1122 2726 οὐ
1136 2700 1265 2734 καθαρός
1281 2700 1375 2727 ἐστιν.

237 2756 260 2773 ⁷⁸
274 2756 325 2783 Job
336 2765 430 2790 xxxix,
449 2757 498 2784 ult.
536 2758 559 2774 '“
573 2757 615 2784 Al.
629 2757 689 2785 sub.
727 2757 749 2772 "
763 2755 813 2784 Job
828 2765 870 2789 xv,
886 2756 929 2784 15.
969 2757 986 2773 ⁷²

1043 2777 1050 2785 .
1069 2757 1115 2784 καὶ
1129 2757 1176 2792 μή.
1216 2757 1240 2772 ⁷⁸
1254 2757 1296 2784 Al.
1311 2757 1454 2793 οὐρανίων.

237 2813 294 2849 (55)
315 2813 344 2840 S.
359 2815 385 2841 in
402 2815 525 2846 Antonio,
537 2824 563 2842 η.
578 2815 610 2847 5;
627 2815 749 2843 Sacram
764 2823 800 2846 tv,
817 2814 862 2842 25.

237 2850 295 2882 (56)
320 2849 373 2876 Vit.
390 2850 467 2877 Patr.
485 2858 541 2881 xw,
553 2850 580 2876 ‘2.

237 2885 293 2920 (57)
319 2885 371 2912 Vit.
393 2884 470 2912 Patr.
486 2894 546 2920 vin,
565 2885 590 2913 5.

1076 2814 1131 2848 (58)
1154 2814 1206 2841 Vit.
1226 2813 1301 2841 Patr.
1320 2822 1360 2848 ιιι,
1377 2815 1403 2841 5.

1077 2849 1131 2885 (59;
1156 2849 1208 2876 γει.
1229 2849 1304 2877 Patr.
1321 2858 1347 2883 ι,
1362 2849 1408 2876 22.
