1971 3068
139 154 192 182 177

730 145 1041 179 APOPHTIIEGMATA
1061 149 1215 180 PATRUM.

1726 158 1780 188 173

174 213 206 242 ε’.
229 213 344 249 Ἔλεγον
357 214 421 251 περὶ
434 213 480 241 τοῦ
493 213 565 241 assa
580 214 714 249 Ζήνωνος,
728 213 769 240 ὅτι
780 212 934 247 καθήμενος

1023 212 1049 240 5.
1063 213 1120 247 (40)
1136 213 1268 243 Dicebant
1285 216 1319 244 de
1330 217 1429 245 abbate
1441 218 1562 251 Zenone,
1574 227 1646 255 quoa
1661 228 1724 248 cum
1737 230 1781 249 re-

142 261 173 287 ὲν
188 261 222 296 τῇ
234 260 346 296 Σκήτει,
358 260 454 295 ἐξῆλθε
466 261 563 293 νυκτὸς
578 261 610 287 ἐκ
623 261 673 296 τῆς
688 260 784 295 κέλλης
800 258 882 286 αὑτοῦ
898 258 935 290 ὡς

140 306 188 332 ἐπὶ
196 306 228 332 τὸ
242 306 303 338 ἕλος
313 316 319 322 ·
335 307 383 334 καὶ
399 306 547 343 πλανηθεὶς
558 306 670 343 ἐποίησε
684 307 758 343 τρεῖς
773 305 880 341 ἡμέρας
890 305 936 331 καὶ

141 353 216 386 τρεῖς
243 352 344 384 νύκτας
370 352 544 388 περιπατῶν·
566 353 614 380 κα)⁸
639 352 789 384 κοπιάσας,
817 351 937 379 ἐκλιπὼν

141 397 241 424 ἔπεσεν
258 399 298 430 είς
317 398 347 424 τὸ
366 397 523 426 ἀποθανεῖν.
543 399 598 425 Καὶ
625 398 679 425 ίδοὺ
704 398 847 433 παιδάριον
869 397 935 433 ἔστη

143 443 260 470 ἐνώπιον
280 444 378 477 αὐτοῦ,
397 444 458 480 ἕχον
481 444 563 480 ἄρτον
582 445 628 471 καὶ
653 444 799 480 βαυκάλιον
823 443 935 475 ὓδατος·

144 491 191 518 καὶ
213 492 306 526 ἔλεγεν
327 492 419 528 αὐτῷ·
450 493 577 525 ’Δνάστα,
600 492 682 527 φάγε.
711 492 740 519 Ὁ
755 491 784 518 δὲ
806 491 936 524 ἀναστὰς,

144 538 330 575 προσηύξατο,
350 539 469 574 νομίζων
487 539 528 566 ὅτι
549 539 684 574 φαντασία
704 538 727 554 ⁷⁵
751 539 834 566 ἐστίν.
862 538 891 564 'O
909 538 938 564 δὲ

145 583 221 613 εἶπεν
249 585 333 621 αὐτῷ·
361 585 459 618 Καλῶς
485 585 628 621 ἐποίησας.
651 586 706 612 Kal.
729 585 810 612 πάλιν
836 584 939 620 ηὔξατο

144 633 270 669 δεύτερον
303 632 350 660 καὶ
377 633 479 669 τρίτον.
513 633 569 660 Καὶ
601 632 676 667 λέγει
713 631 804 668 αὐτῷ·
840 631 938 663 Καλῶς

146 679 287 715 ἐποίησας.
311 679 443 711 Ἀναστὰς
462 677 508 706 οὖν
525 680 540 706 6
556 678 656 715 γέρων,
670 677 750 705 ἔλαϐε
775 678 823 704 καὶ
841 677 937 712 ἔφαγε.

147 727 202 753 Kal.
222 726 290 762 μετὰ
306 725 393 752 ταῦτα
416 725 489 760 λέγει
513 725 602 760 αὐτῷ·
620 725 702 751 Ὅσον
720 723 938 759 περιεπάτησας,

146 773 271 800 τοσοῦτον
284 771 309 799 εἷ
322 772 430 809 μακρὰν
440 772 494 798 ἀπὸ
505 772 554 807 τῆς
567 771 664 806 κέλλης
680 780 726 797 σου
736 779 742 786 ·
756 770 812 797 ἀλλ’
823 770 938 803 ἀνάστα,

147 818 289 846 ἀκολούθει
317 827 371 854 μοι.
397 819 452 844 Ka‘t
474 818 575 849 εὐθέως
597 817 697 852 εὑρέθη
719 818 759 848 είς
779 817 810 842 τὸ
834 816 940 842 κελλίον

148 865 242 892 αὑτοῦ.
259 863 341 891 Εἶπεν
364 862 410 891 οὖν
426 863 501 898 αὑτῷ
523 865 536 890 6
558 863 663 899 γέρων⁸
687 862 810 895 Εἴσελθε,
827 862 940 896 ποίησον

990 257 1091 285 sideret
1111 258 1140 286 in
1162 258 1247 293 Sceti,
1268 262 1334 289 exiit
1351 267 1433 290 noctu
1451 271 1466 291 e
1485 264 1553 292 cella
1574 272 1632 297 sua,
1649 269 1780 301 tanquam

990 302 1024 329 ad
1040 304 1166 338 paludem
1179 306 1429 340 proiecturus;sed
1453 315 1468 335 a
1491 309 1534 335 via
1562 309 1705 342 aberrans,
1733 319 1782 347 per

991 353 1047 376 tres
1073 350 1131 378 dies
1154 359 1186 379 ac
1212 357 1306 381 noctes
1337 355 1488 382 ambulavit
1514 365 1519 382 :
1545 356 1615 384 unde
1640 356 1780 392 fatigatus,

991 394 1121 424 deticieus
1136 398 1235 425 cecidit
1252 400 1325 427 velut
1342 401 1503 429 moriturus.
1522 401 1554 428 Et
1570 410 1635 430 ecre
1651 404 1781 438 puerulus

991 448 1084 469 coram
1097 450 1130 470 eo
1143 444 1227 477 stetit,
1245 453 1343 480 panem
1359 452 1454 474 tenens
1474 455 1535 475 cum
1557 456 1634 484 aquae
1655 450 1779 484 baucali;

992 488 1115 524 dixitque
1132 501 1139 518 ε
1159 490 1256 527 Surge,
1277 493 1399 522 comede.
1422 494 1470 522 Ille
1492 503 1557 523 vero
1573 503 1701 531 surgens.
1717 505 1780 533 pre-

992 537 1072 561 catus
1095 539 1138 563 est
1170 545 1177 563 :
1207 537 1320 571 putabat
1349 540 1422 566 enim
1451 540 1614 575 phantasma
1639 549 1710 570 esse.
1736 542 1783 570 Ait

992 581 1126 614 puerulus
1143 591 1150 610 :
1171 581 1253 610 Recte
1268 583 1368 611 fecisti.
1392 585 1425 612 Et
1446 586 1535 614 adhuc
1551 587 1641 614 oravit
1660 589 1783 616 secundo

993 633 1025 653 ac
1045 627 1134 655 tertio.
1158 627 1226 655 Tum
1249 630 1282 657 ad
1305 638 1366 658 eum
1384 631 1429 659 ille
1448 641 1455 660 ε
1473 632 1573 660 Fecisti
1593 633 1672 662 bene.
1690 634 1784 670 Itaque

993 679 1077 700 senex
1100 682 1218 710 surgens
1238 676 1414 704 manducavit
1436 682 1463 705 et
1483 679 1561 706 bibit.
1589 679 1653 708 Post
1669 681 1726 708 haec
1743 683 1784 709 sic

994 719 1103 747 locutus
1131 727 1173 748 est
1200 730 1268 756 puer
1292 732 1298 750 :
1326 722 1462 756 Quantum
1491 726 1652 759 ambulasli,
1677 732 1783 755 tantum

995 763 1109 792 dissitus
1134 773 1164 793 es
1181 774 1196 793 a
1213 767 1280 794 cella
1306 772 1370 802 tua;
1395 770 1441 797 sed
1468 778 1559 806 surge,
1587 779 1702 807 sequere
1729 781 1783 801 me.

997 809 1151 847 Statimque
1168 812 1195 840 in
1207 814 1274 841 cella
1295 823 1344 842 sua
1367 824 1427 844 esse
1451 825 1480 844 se
1504 818 1694 852 deprehendit.
1711 819 1784 847 Dixit

994 864 1060 892 ergo
1084 858 1109 885 ei
1136 866 1220 887 senex
1245 869 1251 886 :
1279 859 1432 896 Ingredere,
1454 863 1496 890 fac
1515 865 1593 891 nobis
1620 866 1782 893 orationem.

148 913 214 948 ἡμῖν
229 912 321 947 εὐχήν.
345 912 400 938 Καὶ
423 910 591 942 εἰσελθόντος
611 910 658 937 τοῦ
680 910 818 946 γέροντος,
839 910 941 941 ἐκεῖνος

1000 901 1178 939 Et,ingresso
1195 913 1269 939 sene,
1289 906 1381 936 infans
1401 917 1454 936 non
1475 912 1634 946 comparuit.

148 958 254 993 ἀφανὴς
269 958 386 992 ἐγένετο.

185 1007 223 1036 ς’.
241 1002 352 1029 Ἀλλοτε
365 1004 379 1030 6
390 1002 472 1034 αὐτὸς
487 1002 574 1035 ἀϐὁᾶς
588 1003 680 1038 Ζήνων
696 1000 856 1038 περιπατῶν
865 1001 894 1027 ὲν
911 1002 944 1037 τῇ

148 1049 326 1086 Παλαιστίνῃ,
343 1049 391 1076 καὶ
408 1049 554 1081 κοπιάσας,
570 1049 654 1083 ἐγγὺς
667 1048 832 1082 σικυηλάτου
848 1046 943 1073 ἐκάθι-

149 1106 179 1124 σε
194 1099 302 1132 φαγεῖν,
320 1097 367 1123 καὶ
386 1096 460 1130 λέγει
475 1095 549 1132 αὐτῴ
564 1097 578 1123 6
594 1095 734 1130 λογισμός·
754 1092 840 1130 Ἀρον
856 1093 945 1129 ἑαυτῷ

149 1143 178 1169 ἓν
198 1143 312 1175 σικύδιν,
328 1143 375 1169 καὶ
390 1143 471 1177 φάγε.
488 1142 521 1169 Τί
534 1142 588 1178 γάρ
601 1143 693 1174 ὲστιν;
724 1141 752 1168 '0
773 1141 802 1167 δὲ
828 1141 945 1175 ἀποκρι-

150 1188 209 1219 Osi;
229 1185 291 1214 εἷπε
313 1187 351 1223 τῷ
365 1187 499 1222 λογισμῷ
518 1187 548 1214 Οἱ
564 1187 679 1213 κλέπται
705 1187 744 1218 είς
763 1185 874 1213 κόλασιν
894 1185 946 1211 ὑπ-

150 1236 260 1269 άγουσι.
279 1234 431 1269 Δοκίμασον
454 1232 500 1260 οὖν
523 1233 619 1260 ὲαυτὺν
637 1232 774 1265 ἐντεῦθεν,
790 1232 814 1258 εί
833 1231 945 1258 δύνασαι

149 1280 199 1316 τὴν
218 1280 329 1307 κόλασιν
351 1280 524 1314 ὑπενεγκεῖν.
545 1278 601 1305 Καὶ
621 1277 741 1309 ἀναστὰς
765 1276 831 1311 ἔστη
855 1276 895 1308 εἰς
915 1275 946 1302 τὸ

150 1327 246 1362 καῦμα
261 1327 342 1354 πέντε
357 1326 473 1362 ἡμέρας,
490 1325 538 1352 καὶ
553 1325 703 1360 τηγανίσας
721 1324 828 1356 ἑαυτὸν,
849 1321 925 1350 εἶπεν
936 1330 943 1337 ·

150 1373 189 1400 UO
204 1372 316 1399 δύνασαι
332 1371 357 1388 ⁷⁸
370 1373 419 1407 τὴν
431 1372 542 1399 κόλασιν
555 1371 728 1405 ὑπενεγκεῖν.
740 1369 796 1396 Καὶ
814 1368 890 1404 λέγει
907 1367 945 1404 τῷ

151 1418 290 1455 ῑογισμῷ·
307 1418 340 1445 Εἰ
352 1419 382 1445 οὐ
397 1418 520 1452 δύνασαι,
541 1418 579 1454 μὴ
593 1417 695 1444 κλέπτε
712 1416 759 1443 καὶ
771 1414 872 1451 τρῶγε.

188 1507 222 1540 ζ’.
239 1506 323 1535 Εἶπεν
339 1509 353 1535 6
369 1508 456 1539 ἀϐεᾶς
476 1508 568 1543 Ζήνων
578 1516 585 1523 ·
610 1507 641 1534 ’0
651 1507 736 1534 θέλων
749 1507 817 1542 ταχὺ
831 1506 875 1533 ἵνα
888 1507 946 1533 εἰσ-

152 1553 259 1591 ακοὺσῃ
280 1555 294 1581 6
312 1554 378 1586 Θεὸς
392 1554 444 1589 τῆς
464 1554 549 1590 εὐχῆς
566 1553 659 1586 αὑτοῦ,
679 1553 762 1589 ἡνίκα
780 1553 884 1587 ἀναστῇ
899 1552 945 1579 καὶ

152 1600 268 1627 ἐκτείνει
288 1599 338 1632 τὰς
365 1601 458 1637 χεῖρας
477 1600 559 1627 αὑτοῦ
576 1600 644 1635 πρὸς
662 1599 739 1631 Θεὸν,
757 1599 810 1635 πρὸ
835 1598 944 1625 πάντων

153 1647 201 1674 καὶ
216 1647 269 1683 πρὸ
301 1647 350 1682 τῆς
374 1646 441 1678 ιδίας
463 1647 552 1682 ψυχῆς
577 1647 647 1682 ὑπὲρ
661 1646 715 1673 τῶν
737 1645 842 1681 ἐχθρῶν
863 1644 945 1671 αὑτοῦ

153 1694 209 1720 ἀπὸ
222 1694 311 1729 ψυχῆς
327 1693 453 1729 εὔξηταιο
480 1695 525 1720 καὶ
541 1694 585 1720 διὰ
603 1694 698 1719 τούτου
723 1690 945 1728 κατορθώματος,

152 1740 181 1766 εῐ
191 1749 216 1767 τι
232 1741 265 1767 ἂν
281 1740 462 1777 παρακαλέσῃ
472 1739 511 1775 τῷ
525 1739 596 1775 Θεῷ,
608 1737 740 1766 ὒποικοὺει
755 1737 840 1773 αὐτῷ.

190 1790 226 1823 η’.
249 1786 362 1821 Ἔλεγον
382 1787 423 1813 οτι
442 1784 476 1822 ἦν
491 1795 534 1818 τις
554 1787 583 1812 ὲν
603 1785 695 1821 κώμῃ,
713 1785 760 1811 καὶ
778 1783 864 1811 πολλὰ
886 1783 948 1819 ἑνή-

154 1840 260 1864 στευεν,
274 1832 345 1858 ὥστε
359 1831 500 1858 καλεῖσθαι
512 1831 542 1858 τὺ
551 1831 636 1866 ὄνομα
653 1829 736 1857 αὐτοῦ
749 1831 763 1856 6
777 1829 946 1865 Νηστευτής.

161 1879 295 1911 Ἀκούσας
316 1879 345 1906 δὲ
367 1879 381 1905 6
403 1878 490 1910 ἁσὸἄς
504 1879 597 1914 Ζήνων
614 1877 680 1912 περὶ
696 1875 789 1908 αὑτοῦ,
808 1877 949 1911 μετεστεί-

153 1925 220 1952 λατο
235 1924 327 1952 αὐτόν.
350 1925 381 1951 Ὀ
392 1925 419 1951 δὲ
438 1923 543 1960 ἀπῆλθε
563 1924 631 1960 μετὰ
649 1924 748 1960 χαρᾶς.
762 1923 818 1949 Kal.
831 1922 949 1957 εὐξάμε-

153 1981 196 1998 νοι
210 1971 350 1998 ἐκάθισαν.
367 1970 487 2006 Ἤρξατο
501 1968 548 1997 οὖν
564 1972 578 1997 6
595 1970 684 2006 γέρων
701 1969 867 2005 ἐργάζεσθαι
884 1976 949 1994 σιω-

155 2016 226 2044 πῶν.
244 2017 290 2052 Μὴ
301 2017 434 2052 εὑρίσκων
445 2016 473 2043 δὲ
488 2016 606 2051 λαλῆσαι
619 2016 677 2051 μετ’
694 2015 778 2042 αὑτοῦ
794 2016 808 2041 6
821 2015 947 2050 Νηστευ-

155 2062 205 2098 τὴς
231 2063 333 2098 ἤρξατο
353 2061 491 2097 ὀχλεῖσθαι
512 2062 565 2088 ὑπὸ
584 2061 633 2096 τῆς
659 2060 783 2095 ἁκηδίας.
801 2060 856 2087 Καὶ
875 2059 948 2094 λέγει

155 2106 195 2142 τῷ
212 2106 336 2142 γέροντι·
357 2104 440 2138 Εὖξαι
464 2106 533 2142 ὑπὲρ
556 2105 635 2142 ἐμοῦ,
659 2105 741 2137 ἀϐσᾶ,
760 2106 801 2132 ὅτι
821 2105 949 2132 ἀπελθεῖν

156 2152 236 2180 θέλω.
256 2153 338 2187 Λέγει
350 2152 425 2188 αὐτῷ
439 2154 453 2179 6
467 2152 571 2189 γέρων·
585 2153 678 2185 Διατί;
700 2153 730 2179 '0
745 2152 773 2179 δὲ
790 2151 950 2187 ἀποκριθεὶς

156 2198 249 2227 εἶπεν·
275 2200 336 2227 Ὀτι
360 2201 376 2235 ή
400 2199 498 2235 καρδία
522 2208 572 2235 μου
596 2199 634 2230 ὡς
659 2199 793 2234 καιομένη
814 2199 883 2230 ἐστὶ,
903 2197 950 2224 καὶ

1034 993 1060 1021 6.
1081 994 1136 1030 (Η)
1157 995 1217 1022 Alio
1242 1000 1362 1032 tempore
1382 998 1453 1026 idem
1470 1000 1555 1028 abbas
1576 1001 1649 1029 Zeno
1668 1010 1715 1037 per
1735 1003 1786 1030 Pa-

998 1040 1132 1068 laestinam
1150 1042 1202 1069 iter
1215 1042 1329 1075 habens.
1349 1052 1410 1072 cum
1427 1046 1516 1074 lassus
1531 1053 1612 1079 esset,
1629 1050 1697 1076 sedit
1709 1050 1786 1083 juxta

997 1088 1229 1120 cucumerarium,
1246 1092 1276 1116 ut
1291 1090 1454 1118 comederet.
1478 1091 1556 1119 Subit
1575 1100 1636 1120 eum
1656 1095 1784 1130 cogitatio

996 1133 1131 1168 ejusmodi
1157 1144 1163 1162 :
1190 1135 1382 1170 Accipeunum
1399 1145 1583 1173 eucumerem,
1597 1144 1625 1167 et
1641 1141 1785 1170 manduca.

1000 1180 1071 1213 Quid
1088 1181 1159 1208 enim
1176 1181 1223 1208 id?
1241 1182 1293 1209 Sed
1312 1184 1481 1218 respondens
1503 1185 1572 1213 dixit
1592 1188 1684 1213 animo
1703 1196 1754 1216 suo
1779 1197 1786 1216 :

997 1226 1084 1254 Fures
1103 1227 1135 1255 ad
1155 1231 1290 1255 tortuenta
1304 1230 1502 1263 perducuntur.
1517 1230 1586 1258 Hinc
1604 1232 1685 1267 igitur
1703 1234 1787 1268 proba

997 1273 1126 1308 teipsum,
1142 1282 1176 1300 an
1191 1275 1280 1309 possis
1299 1275 1370 1303 ferre
1387 1281 1534 1305 tormenta.
1551 1278 1583 1305 Et
1602 1286 1786 1315 consurgens,

997 1319 1030 1347 ad
1048 1323 1143 1347 aestum
1159 1321 1225 1348 solis
1240 1321 1315 1348 stetit
1335 1329 1382 1357 per
1400 1323 1520 1358 qttinque
1533 1323 1608 1357 dies;
1626 1333 1744 1361 cumque
1759 1335 1788 1354 se

998 1367 1153 1399 torruisset,
1170 1367 1208 1394 ait
1226 1377 1232 1394 :
1257 1367 1316 1395 Non
1341 1370 1413 1396 vales
1430 1370 1501 1398 ferre
1518 1372 1692 1406 supplicium.
1705 1373 1739 1400 Et
1754 1375 1788 1400 ad

997 1417 1116 1441 utentem
1149 1422 1226 1442 suam
1248 1415 1308 1442 iniit
1329 1425 1336 1443 :
1359 1415 1585 1453 Quandoquidem
1617 1426 1672 1446 non
1699 1424 1787 1455 potes,

997 1467 1032 1487 nc
1044 1459 1144 1488 fureris
1158 1468 1190 1488 ac
1203 1461 1362 1490 manduces.

1036 1505 1061 1532 7.
1087 1505 1160 1533 Dixit
1186 1507 1271 1536 abbas
1291 1507 1364 1535 Zeno
1390 1518 1396 1535 :
1419 1508 1472 1542 Qui
1501 1509 1558 1537 vult
1580 1514 1610 1537 ut
1637 1509 1709 1538 Deus
1734 1511 1788 1539 cito

997 1551 1126 1578 exaudiat
1151 1560 1246 1587 preces
1265 1553 1361 1588 ipsius,
1381 1554 1490 1589 quando
1511 1556 1670 1589 surrexerit,
1689 1561 1716 1583 et
1731 1564 1789 1583 ma-

998 1604 1051 1623 nus
1068 1598 1225 1624 extenderit
1242 1597 1276 1625 ad
1297 1597 1391 1629 Deum.
1416 1607 1471 1634 prae
1482 1603 1601 1631 cunctis.
1630 1601 1713 1627 etiam
1732 1608 1788 1635 pra:

997 1642 1088 1669 anima
1109 1650 1169 1675 sua,
1193 1647 1253 1671 oret
1280 1651 1313 1671 ex
1332 1645 1424 1673 animo
1444 1653 1494 1680 pro
1513 1646 1632 1673 inimicis
1659 1646 1734 1679 suis;
1755 1654 1788 1673 ac

997 1696 1046 1723 per
1056 1688 1275 1724 hocprzeclarum
1292 1691 1410 1723 facinus,
1425 1691 1556 1726 quidquid
1571 1699 1585 1717 a
1604 1692 1657 1718 Deo
1669 1691 1788 1726 petierit,

997 1735 1163 1763 auscultabit
1174 1736 1209 1763 ei.

1034 1780 1062 1809 8.
1082 1780 1259 1816 Referebant,
1272 1783 1344 1817 quod
1358 1783 1384 1809 iu
1401 1791 1470 1819 pago
1487 1783 1604 1818 quodam
1619 1787 1677 1809 erat
1689 1782 1790 1818 aliquis

998 1825 1046 1862 qui
1079 1828 1228 1862 plurimum
1253 1829 1404 1863 jejunabat,
1434 1829 1502 1856 adeo
1534 1833 1562 1855 ut
1595 1828 1709 1855 indittttn
1736 1828 1789 1862 ipsi

999 1872 1096 1900 fuisset
1113 1881 1214 1901 nomen
1228 1874 1405 1909 Jejunatoris.
1424 1875 1461 1903 De
1482 1883 1536 1910 quo
1553 1883 1615 1902 cum
1631 1874 1790 1902 rescivisset

999 1920 1084 1948 abbas
1108 1920 1192 1953 Zeno,
1218 1923 1362 1950 arcessivit
1387 1930 1460 1950 eum.
1490 1923 1538 1950 llle
1562 1922 1641 1949 laztus
1660 1921 1789 1950 accessit.

999 1966 1165 1996 Etoratione
1184 1969 1255 1996 facta
1270 1969 1408 1996 sederunt.
1426 1970 1515 2006 Coepit
1530 1970 1611 2005 igitur
1623 1979 1706 1999 senex
1724 1979 1792 2006 ope-

999 2015 1054 2041 rari
1081 2015 1191 2042 tacitus.
1221 2014 1280 2043 Non
1311 2016 1405 2043 valens
1432 2022 1521 2043 autem
1548 2016 1692 2052 Jejunator
1717 2018 1790 2052 loqui

1001 2067 1061 2086 cum
1075 2067 1118 2091 eo.
1134 2062 1218 2096 cmpit
1235 2069 1249 2088 a
1266 2062 1340 2088 tatdii
1358 2062 1426 2089 vitio
1441 2063 1591 2090 molestari.
1608 2064 1640 2090 Et
1654 2065 1693 2091 ait
1708 2064 1788 2091 seni:

1000 2105 1054 2132 Ora
1071 2114 1121 2141 pro
1138 2115 1192 2138 me.
1212 2108 1298 2141 abba;
1321 2109 1384 2136 volo
1406 2109 1478 2136 enim
1494 2110 1579 2137 abire.
1598 2110 1669 2137 Dicit
1686 2118 1789 2138 senex:

1000 2152 1110 2185 Quare?
1124 2152 1277 2188 Respondit
1297 2154 1342 2183 ille
1361 2164 1367 2182 :
1385 2155 1453 2188 Quia
1471 2163 1521 2184 cor
1533 2164 1624 2184 nteum
1645 2157 1723 2191 quasi
1741 2156 1791 2183 tla—

1001 2202 1072 2233 grat,
1086 2202 1112 2226 et
1126 2199 1192 2234 quid
1208 2199 1305 2227 habeat
1326 2201 1428 2229 nescio.
1447 2199 1514 2228 Nam
1538 2202 1648 2237 quando
1665 2210 1739 2229 eratn
1761 2203 1790 2230 in

155 2246 208 2273 οὐκ
226 2244 285 2273 οῖδα
308 2246 335 2272 τί
356 2245 423 2281 ἔχει.
449 2246 514 2272 Ὅτε
533 2245 588 2281 γὰρ
609 2246 682 2281 ἥμην
708 2247 749 2277 εἰς
770 2245 821 2280 τὴν
839 2243 944 2280 κώμην1

1003 2245 1075 2277 villa,
1090 2253 1176 2281 usque
1200 2246 1233 2273 ad
1257 2254 1398 2282 vesperam
1418 2247 1586 2282 jejunaham,
1604 2256 1655 2276 nec
1670 2257 1791 2284 unquam

154 2293 210 2324 ἕως
223 2292 271 2327 ὀψὲ
285 2293 440 2328 ὲνήστευον,
455 2292 502 2319 καὶ
521 2291 648 2318 οὐδέποτε
663 2291 750 2323 οὓτως
769 2299 814 2326 μοι
829 2291 948 2325 ἐγένετο.

155 2338 240 2373 Λέγει
255 2338 329 2374 αὐτῷ
345 2339 360 2365 6
371 2338 475 2373 γέρων·
490 2338 539 2368 Et:
557 2337 605 2372 τὴν
620 2336 726 2372 κώμην,
744 2337 776 2362 ἐκ
790 2336 845 2363 τῶν
862 2336 950 2363 ὠτίων

157 2394 206 2412 σου
225 2385 339 2420 ὲτρέφου
351 2392 360 2400 α
380 2384 438 2411 ἀλλ’
459 2383 560 2411 ἄπελθε
583 2382 638 2410 ἀπὸ
660 2382 707 2409 τοῦ
725 2382 784 2415 νῦν,
810 2382 858 2409 καὶ
877 2381 951 2408 ἔσθιε

154 2433 207 2468 τὴν
222 2431 349 2467 ὲννάτηνο
362 2431 413 2457 καὶ
433 2431 460 2457 εἰ
471 2438 498 2456 τι
512 2430 609 2462 ποιεῖς,
626 2429 654 2456 ἐν
669 2428 783 2465 κρυπτῷ
799 2429 880 2456 ποίει.
898 2430 952 2456 Kal.

153 2479 194 2510 ὡς
208 2477 310 2513 ἤρξατο
326 2477 424 2509 ποιεῖν,
442 2475 510 2510 μετὰ
534 2474 648 2510 θλίψεως
665 2474 744 2510 ἔμενε
755 2474 805 2511 τὴν
828 2475 950 2511 ὲννάτην.

154 2524 212 2551 καὶ
229 2523 320 2556 ελεγον
336 2522 361 2548 οἱ
379 2522 555 2557 γνωρίζοντες
578 2521 669 2554 αὑτὸν,
686 2522 728 2548 ὅτι
747 2522 777 2548 '0
793 2521 952 2557 Νηστευτὴς

155 2567 343 2604 ἔδαιμονίσθη.
367 2566 467 2594 Ἐλθὼν
480 2567 508 2593 δὲ
521 2567 671 2603 ἀπήγγειλε
681 2566 720 2602 τῷ
730 2567 838 2603 γέροντι
852 2567 951 2594 πάντα.

161 2617 193 2643 '0
206 2616 236 2643 δὲ
250 2614 327 2643 εἶπεν
345 2615 433 2651 αὐτῷ·
447 2614 522 2651 Αὕτη
532 2616 549 2650 ἡ
564 2614 622 2646 ὁδὸς
637 2614 708 2642 κατὰ
723 2615 790 2642 Θεόν
802 2616 886 2642 ἐστιν.

335 2673 405 2708 Περὶ
427 2673 480 2700 τοῦ
499 2673 572 2700 ὰϐὅᾶ
596 2673 756 2707 Ζαχαρίου.

191 2731 227 2759 α’.
250 2728 334 2757 Εἶπεν
352 2731 367 2757 6
385 2730 473 2761 esse;
492 2729 636 2766 Μακάριος
658 2730 697 2766 τῷ
712 2729 785 2766 ἀὸὁᾷ
811 2731 949 2768 Ζαχαρία·

196 2811 215 2828 ⁷⁸
230 2811 275 2839 ΑΙ,
291 2811 448 2847 φάντασμα.
503 2811 527 2827 ⁷⁸
544 2811 586 2838 Al.
601 2810 726 2846 δύναμαι.

195 2870 252 2905 (~50)
261 2870 313 2897 l’it.
333 2870 408 2897 Patr.
427 2879 504 2901 xvm,
520 2871 544 2896 7.

200 2907 254 2932 (ιιι
275 2906 328 2932 Vit.
351 2905 426 2932 Patr.
449 2915 484 2932 ιν,
500 2906 541 2932 17.

1002 2293 1067 2320 mihi
1093 2294 1147 2320 tale
1170 2294 1235 2329 quid
1260 2294 1385 2329 contigit.
1415 2293 1501 2321 Senex
1518 2299 1575 2321 tum
1592 2304 1599 2321 τ
1619 2296 1649 2324 In
1667 2295 1738 2327 vico,
1758 2303 1792 2322 ex

1003 2339 1135 2367 auriculis
1155 2339 1210 2366 tuis
1231 2339 1414 2373 nutriebaris;
1431 2339 1479 2367 sed
1503 2340 1556 2372 abi,
1579 2345 1659 2375 atque
1684 2348 1716 2368 ex
1739 2341 1792 2368 hoc

1004 2388 1125 2418 tempore
1146 2384 1280 2412 manduca
1297 2386 1365 2412 hora
1383 2393 1473 2417 noua;
1495 2390 1522 2413 et
1539 2386 1561 2413 si
1581 2385 1648 2420 quid
1672 2386 1741 2421 agis,
1764 2386 1791 2413 in

1003 2430 1111 2457 occulto
1125 2429 1178 2457 fac.
1197 2430 1231 2458 Ut
1246 2438 1312 2466 ergo
1334 2432 1434 2466 incepit
1450 2432 1550 2463 facere,
1569 2439 1670 2459 nonam
1695 2432 1790 2459 horam

1004 2483 1076 2512 agre
1098 2477 1283 2511 exspectabat.
1306 2476 1494 2512 Dixeruntque
1516 2477 1561 2513 qui
1590 2478 1792 2513 cognowehant

1003 2530 1066 2549 eum
1087 2532 1093 2550 :
1110 2521 1252 2557 Jejunator
1269 2530 1284 2550 a
1300 2523 1423 2551 daemone
1442 2528 1584 2558 correptus
1605 2528 1658 2551 est.
1677 2524 1724 2552 Ille
1740 2532 1789 2552 au-

1005 2571 1058 2595 tem
1082 2569 1196 2596 veniens
1217 2572 1316 2596 cuncta
1342 2569 1478 2596 nuntiavit
1500 2569 1569 2596 seni.
1596 2568 1648 2602 Qui
1671 2569 1704 2597 ad
1730 2578 1792 2597 eum

1005 2614 1074 2642 dixit
1092 2624 1099 2642 :
1122 2613 1186 2642 Haec
1201 2615 1255 2647 via,
1274 2615 1424 2642 secundum
1443 2615 1527 2643 Deum
1545 2619 1598 2643 est.

1245 2673 1281 2700 De
1296 2672 1390 2700 abbate
1404 2672 1546 2700 Zacharia.

1041 2732 1065 2759 Ι.
1083 2731 1139 2768 με)
1157 2731 1229 2759 Dixit
1251 2731 1336 2760 abbas
1361 2731 1497 2761 Macarius
1518 2731 1610 2760 abbati
1632 2731 1794 2763 Zachariae:

1042 2871 1096 2907 (62)
1124 2871 1173 2900 Vit.
1196 2872 1269 2899 Patr.
1290 2881 1307 2902 ι,
1324 2873 1349 2898 6.
