1971 3068
207 159 256 186 H9

782 159 954 188 APPENDIX
974 161 1018 187 AD
1037 160 1206 189 PALLADIU
1212 160 1247 188 M.

1780 162 1832 189 tso

205 218 276 244 Doce
301 224 344 243 me
364 216 500 251 quodnam
527 216 563 243 sit
589 223 659 251 opus
684 217 821 244 monachi.
845 218 890 244 Ait
909 218 986 253 ipsi:

1050 219 1105 246 Ξὶπέ
1118 228 1164 254 μοι
1176 219 1207 245 τὸ
1217 220 1295 254 ἔργον
1306 217 1352 245 τοῦ
1364 218 1490 254 μοναχοῦ.
1499 219 1580 254 Λέγει
1589 219 1674 255 αὐτῷ·
1691 219 1756 255 Ἐμὲ
1765 221 1830 256 ἐρω-

204 262 280 291 Tune
296 263 447 297 interrogas
463 270 516 293 mc,
530 261 629 289 Pater?
647 261 715 289 Tum
728 263 811 291 abbas
828 263 962 292 Macarius
977 274 984 292 :

205 308 241 335 De
252 312 278 335 te
294 308 357 334 mihi
378 315 539 342 persuasum
555 312 607 338 est,
627 306 664 334 ﬁli
683 307 825 334 Zacharia.
848 307 895 334 Est
914 309 986 335 enim

203 354 250 389 qui
276 361 319 380 me
343 353 428 384 vellit,
449 356 479 379 ut
499 352 661 386 interrogem
687 357 721 379 te.
750 351 898 379 Zacharias
919 352 988 379 hanc

204 399 315 434 protulit
332 398 493 426 sententiam
518 407 524 425 :
551 397 689 430 Quantum
715 397 825 432 quidem
849 398 987 428 existimo.

203 444 295 478 Pater,
311 445 357 481 qui
370 445 422 472 sibi
441 445 467 471 in
485 445 612 472 omnibus
629 444 683 471 vim
702 443 777 476 facit,
795 443 818 471 is
837 448 879 471 est
895 451 989 471 mona-

203 492 282 520 chus.

238 536 267 564 2.
283 536 339 571 (45)
353 535 432 564 Venit
448 535 594 571 aliquando
606 535 691 563 abbas
709 534 799 562 Moses
814 535 848 562 ad
861 534 990 562 haurien-

204 583 265 609 dam
279 590 388 617 aquam,
409 587 437 609 et
463 582 565 609 invenit
584 581 707 609 abbatem
725 581 885 608 Zachariam
909 588 990 609 oran-

205 633 259 656 tem
279 628 312 655 ad
329 629 474 656 cisternam
485 648 492 660 ,
506 632 533 656 et
547 627 678 663 Spiritum
698 628 744 656 Dei
762 628 927 656 residentem
942 636 990 655 su~

206 682 253 710 per
269 682 342 702 eum.

240 720 267 747 3.
280 720 335 756 (ιι)
351 719 424 748 Dixit
439 719 586 754 aliquando
608 719 693 747 abbas
713 718 801 747 Moses
821 719 854 746 ad
880 718 992 746 fratrem

205 765 364 793 Zachariam
383 775 390 793 :
407 765 523 792 Enuntia
540 765 605 792 mihi
619 764 685 800 quid
701 772 781 800 agere
791 764 924 792 debeam?
937 763 993 790 Au-

205 812 281 839 diens
298 811 353 844 ille,
371 811 446 838 humi
471 811 620 846 prostravit
637 818 666 838 se
689 810 722 837 ad
747 810 831 846 pedes
857 810 928 845 ejus,
953 809 994 837 di-

204 864 289 886 cens:
315 857 355 884 Tu
381 865 424 884 me
449 857 613 892 interrogas,
638 856 736 883 Pater?
765 857 810 883 Ait
828 856 866 883 illi
886 863 992 883 senex:

205 902 270 929 Mihi
284 902 374 935 crede,
389 901 531 936 Zacharia,
544 902 580 929 ﬁli
595 902 648 935 mi;
661 901 715 929 vidi
725 901 857 937 Spiritum
867 905 993 930 sanctum
1009 893 1030 921 Β

204 949 414 977 descendentem
435 956 517 983 super
533 953 570 980 te,
585 956 673 984 eoque
687 956 769 983 cogor
780 947 936 983 percontari
953 951 991 975 te.

205 993 282 1021 Tunc
303 993 451 1021 Zacharias
477 993 614 1021 sublatam
639 993 774 1021 cucullam
797 1000 813 1020 e
833 993 922 1027 capite
942 999 993 1020 suo

205 1040 296 1075 posuit
308 1040 360 1067 sub
372 1039 498 1074 pedibus.
514 1046 601 1074 eaque
622 1039 782 1066 conculcata
801 1047 809 1065 :
825 1037 882 1066 Nisi
901 1038 992 1072 homo,

205 1087 304 1121 inquit,
324 1086 381 1121 pari
396 1086 476 1112 modo
491 1086 625 1112 contritus
636 1084 811 1120 calcatusque
826 1083 918 1117 fuerit,
935 1091 993 1112 mo-

205 1133 311 1160 nachus
324 1140 386 1160 esse
398 1140 453 1159 non
466 1135 567 1167 potest.

240 1179 267 1206 ι.
283 1178 325 1206 Ad
347 1179 471 1205 abbatem
492 1177 654 1204 Zachariam
679 1176 706 1204 in
732 1175 805 1204 Sceti
828 1175 993 1204 residentem

205 1225 274 1254 visio
286 1225 368 1252 missa
380 1229 440 1258 est;
460 1228 488 1252 et
503 1232 630 1260 surgens,
648 1223 739 1251 abbati
759 1223 868 1250 Carioni
885 1223 992 1250 indica-

205 1273 252 1299 vit.
278 1271 367 1298 Senex
390 1278 464 1302 vero,
493 1271 538 1305 qui
564 1269 669 1297 activus
692 1273 774 1302 esset,
795 1270 898 1304 peritus
918 1269 992 1296 circa

206 1315 259 1342 ista
284 1322 339 1341 non
361 1314 477 1342 exstitit.
505 1314 628 1350 Surgens
652 1321 718 1349 ergo
743 1314 895 1341 verberavit
918 1321 991 1347 eum,

206 1360 344 1388 afﬁrmans
368 1368 382 1387 a
409 1360 578 1387 daemonibus
601 1359 752 1394 profectam
775 1359 919 1387 visionem.
940 1358 993 1387 Ve-

206 1414 266 1434 rum
296 1406 434 1434 Zachariae
461 1407 572 1434 sedebat
605 1407 707 1433 animo.
739 1404 865 1433 Surrexit
890 1407 992 1441 igitur,

206 1457 344 1488 noctuque
355 1453 422 1480 abiit
437 1453 470 1480 ad
483 1452 608 1480 abbatem
624 1451 791 1483 Pmmenem.
810 1452 855 1480 cui
871 1453 994 1480 narravit

206 1507 274 1532 rem,
297 1503 380 1534 utque
398 1499 527 1526 interiora
548 1506 596 1526 sua
616 1500 753 1525 arderent.
778 1497 811 1525 Et
833 1498 929 1526 videns
948 1506 992 1526 se-

206 1554 269 1579 nex,
289 1553 304 1572 a
321 1545 376 1572 Deo
394 1553 466 1577 esse,
485 1545 552 1572 dicit
576 1546 601 1572 ci
623 1554 630 1572 ς
653 1543 832 1572 Proﬁciscere
857 1544 891 1571 ad
913 1544 992 1572 illum

207 1598 311 1623 senem.
328 1598 360 1618 ac
377 1591 399 1618 si
414 1591 479 1626 quid
503 1591 611 1618 loculus
631 1589 713 1617 fuerit
734 1589 793 1622 tibi,
816 1589 909 1618 facito.
931 1590 994 1617 Per-

206 1637 278 1665 rexit
296 1637 328 1664 ad
341 1644 445 1664 senem.
469 1636 521 1670 Qui
539 1640 602 1663 ante
616 1643 697 1671 quam
712 1636 904 1672 inquireretur,
920 1644 992 1671 prie-

206 1684 319 1711 veniens
334 1683 472 1710 enarravit
493 1682 518 1711 ei
533 1687 644 1716 cuncta,
659 1683 788 1718 quodque
805 1683 993 1718 spectaculum

207 1738 222 1757 a
250 1729 305 1757 Deo
334 1733 417 1757 esset.
449 1728 502 1756 Sed
532 1728 612 1763 vade,
644 1729 742 1764 inquit,
773 1729 911 1765 subjicere
940 1729 995 1756 Pa-

206 1774 242 1801 tri
261 1779 316 1800 tuo.

243 1820 269 1847 5.
287 1821 343 1856 (45)
366 1820 478 1847 Abbatis
498 1819 621 1848 Pastoris
641 1820 686 1847 hic
704 1820 754 1847 fuit
776 1827 868 1848 sermo
886 1829 892 1847 :
908 1820 994 1848 Inter-

208 1868 314 1902 rogavit
337 1866 421 1894 abbas
441 1865 547 1901 Moyses
569 1865 694 1892 abbatem
716 1865 887 1898 Zachariam,
913 1866 995 1893 morti

208 1913 378 1947 proximum:
396 1910 467 1944 Quid
479 1911 574 1938 vides?
588 1909 656 1938 Dicit
673 1910 698 1938 ei
715 1920 722 1938 :
738 1909 833 1937 Nonne
848 1911 936 1938 satius
953 1916 995 1938 est

208 1961 310 1989 tacere,
323 1957 421 1984 Pater?
439 1956 516 1984 Tunc
532 1957 577 1984 ille
593 1965 599 1983 :
617 1957 716 1989 Etiam,
736 1957 784 1988 ﬁli,
797 1961 865 1984 lace.
883 1956 915 1983 Et
929 1957 996 1984 hora

208 2004 306 2030 mortis
331 2003 402 2037 ejus,
429 2003 526 2030 sedens
555 2003 676 2030 Isidorus
701 2003 796 2034 abbas,
821 2004 946 2038 suspexit
967 2003 996 2031 in

208 2049 318 2081 caelum,
335 2050 478 2084 dixitque:
496 2049 609 2082 Laetare,
637 2050 674 2076 mi
702 2049 739 2076 ﬁli
767 2050 914 2085 Zacharia,
931 2050 996 2086 quia

209 2095 258 2122 tibi
273 2099 372 2129 apertae
384 2100 447 2122 sunt
459 2100 542 2130 porta:
554 2096 629 2128 regni
639 2095 782 2123 calorum.

421 2194 588 2229 Principium
605 2195 700 2222 littera:
717 2194 750 2222 ΙΙ.

473 2240 510 2267 De
525 2242 618 2268 abbate
636 2241 728 2268 Esaia.

246 2297 272 2325 Ι.
292 2297 364 2324 Dixit
378 2297 462 2324 abbas
480 2298 595 2326 Esaias:
614 2298 687 2326 Nihil
710 2298 778 2326 adeo
801 2299 867 2327 utile
885 2304 927 2328 est
948 2307 997 2327 no-

246 2376 270 2392 ⁷⁷
284 2375 326 2404 Al.
344 2376 468 2412 ἀδελφόν.
506 2377 529 2393 τ’
544 2377 586 2404 Al.
603 2377 666 2404 add.
686 2376 782 2411 λέγων.

245 2453 301 2489 (t5)
317 2454 382 2481 ibid.
398 2462 425 2489 p.
441 2454 560 2488 1005,11.
574 2454 618 2481 49.

246 2462 291 2489 με’)
317 2462 382 2481 IDltl.
419 2475 425 2481 .
441 2462 519 2488 two,
532 2463 560 2481 n.
574 2462 618 2481 ου.

246 2462 302 2524 (Mi
324 2489 374 2517 Vit.
387 2462 464 2517 Ιςίιιν.
481 2498 525 2522 xv,
541 2490 584 2516 17.
601 2490 670 2517 Cod.
692 2490 760 2518 Caes.
771 2489 833 2518 258.

248 2525 305 2560 (is)
317 2524 382 2560 _Vit.
396 2524 474 2553 Patr.
490 2533 539 2560 xv,
550 2525 592 2552 l8.

247 2557 305 2594 (46)
317 2557 411 2586 Ἥλθέ
425 2568 507 2586 ποτε.
517 2559 678 2587 Membrana:
690 2560 809 2588 Colbert.
820 2557 922 2587 Ἦλθεν
933 2569 997 2586 ποτε

211 2596 237 2637 ρ.
244 2593 331 2637 ἀὸὃᾷς
347 2595 466 2637 Μωῇσῆξ
481 2596 520 2626 είς
533 2595 578 2637 rev
595 2595 695 2637 λόικιιον
709 2595 840 2637 avsa-ﬁam
853 2595 934 2637 ρδωρ,
950 2596 999 2622 καὶ

213 2630 267 2670 ἴδεν
283 2629 431 2670 τὸνηὰὃςὲᾶν
448 2629 584 2670 Ζαχαρίαν
604 2631 748 2670 εὐχόμενον
765 2631 810 2670 tu].
823 2630 870 2656 τοῦ
885 2629 998 2670 λᾲκκου,

213 2639 267 2657 ιοεν
283 2639 328 2656 τον
344 2639 431 2669 αοςιαν
448 2639 584 2691 “Iurgia!
604 2639 748 2665 ευχομενον
765 2639 810 2656 επι
823 2639 870 2656 του
886 2639 998 2663 Λακκου,

212 2665 260 2727 ἴα).
276 2665 434 2726 τοτὲινευμα
446 2673 493 2691 του
541 2673 586 2691 sou
600 2665 638 2697 ὡς
661 2665 824 2701 περιστερὰν
847 2665 1000 2701 καθήμενον

228 2709 248 2727 π
273 2709 304 2726 αυ
357 2720 362 2725 .

228 2708 255 2727 π’
273 2708 362 2726 αυτον.

249 2735 307 2771 (47)
330 2734 399 2771 Περὶ
415 2734 479 2771 τονῦ-
497 2735 572 2762 ἀϐὄᾶ
597 2735 726 2763 Ἡσαΐου.
743 2734 882 2762 Profertur
904 2735 930 2762 in
945 2735 999 2762 Ca-

211 2769 274 2798 tena
289 2769 411 2797 (Zorderii
423 2770 456 2797 ad
469 2769 550 2797 Luca:
562 2778 617 2802 χεν,
631 2771 675 2801 27,
692 2771 748 2797 lucc
762 2771 905 2799 sententia.
924 2771 998 2797 velut

213 2805 290 2833 'saiaa
303 2805 500 2840 archiepiscopi
514 2815 520 2832 :
540 2805 651 2838 Qualem
665 2811 751 2832 autent
764 2813 866 2832 crucem
890 2805 953 2831 dicit
971 2809 999 2831 ut

213 2841 371 2877 bajuiemus,
405 2840 456 2877 nisi
479 2842 684 2877 continentiamﬂ
693 2850 709 2867 a
722 2841 886 2877 passionibus
897 2861 904 2871 ,
917 2840 998 2877 donec

214 2875 286 2904 mens
304 2877 364 2903 illas
378 2876 480 2910 penitus
496 2876 645 2904 exstiruet?
665 2875 761 2904 Verum
778 2875 996 2911 quandoquidem

1038 265 1096 299 τᾷς,
1114 265 1219 299 Ιίάτερ;
1234 265 1288 291 Kal
1302 264 1376 298 λέγει
1386 265 1400 290 ό
1417 265 1504 297 ἀΰὸᾶς
1522 264 1679 300 Μακάριοςσ
1692 266 1830 301 Πληροφο-

1040 310 1139 346 ροῦμαι
1153 312 1192 342 εἰς
1203 310 1243 342 σὲ,
1254 310 1348 336 τέκνον
1358 311 1487 346 Ζαχαρία,
1498 311 1575 337 Ἐστι
1584 310 1637 347 γὰρ
1653 312 1667 338 ὁ
1679 310 1782 338 νύσσων
1798 320 1828 346 με

1039 355 1086 382 τοῦ
1108 356 1242 392 ἐρωτῆσαί
1273 364 1313 382 σε.
1332 356 1412 390 Λέγει
1431 356 1505 391 αὐτῷ
1523 358 1537 383 ὁ
1552 357 1705 392 Ζαχαρίας’
1721 356 1758 383 Τὸ
1769 358 1827 383 κατ’
1844 358 1866 385 λιι

1041 402 1101 438 ἐμὲ,
1116 402 1216 437 Πάτερ,
1243 401 1273 428 τὸ
1299 401 1394 428 ἑαυτὸν
1425 401 1566 436 βιάζεσθαι
1579 403 1619 434 είς
1632 402 1732 436 πάντα,
1753 398 1830 432 οὗτός

1041 449 1114 474 ἐστιν
1127 448 1142 473 ὁ
1161 447 1285 482 μοναχός.

1077 535 1107 571 β’.
1134 533 1219 562 Ἦλοὲ
1251 544 1315 562 ποτε
1341 535 1399 572 (86)
1418 537 1431 563 ὁ
1450 535 1536 568 assa;
1563 536 1665 571 Μωσῆς
1698 535 1831 572 ἀντλῆσαι

1042 581 1124 617 ὕδωρ,
1142 581 1189 608 καὶ
1204 578 1266 616 εὗρε
1282 581 1327 608 τὸν
1350 582 1437 608 ἀὸὓᾶν
1455 581 1592 616 Ζαχαρίαν
1617 582 1762 618 εὐχόμενον
1784 581 1831 608 ἐπὶ

1041 628 1088 654 τοῦ
1103 628 1216 658 λάκκου.
1233 627 1279 654 καὶ
1292 628 1321 653 τὸ
1333 627 1445 663 Πνεῦμα
1467 627 1514 654 τοῦ
1529 627 1597 654 Θεοῦ
1616 628 1768 664 καθήμενον
1784 629 1832 655 ἑπ-

1043 681 1100 699 ανω
1113 681 1195 699 αυτου
1201 692 1206 698 ι

1077 722 1112 753 γ’.
1131 715 1198 744 Εῐπὲ
1217 726 1282 744 ποτε
1303 718 1317 743 ὁ
1336 717 1422 749 assa;
1446 718 1548 753 Μωσῆς
1566 717 1605 753 τῷ
1622 717 1727 753 ἀδελφῷ
1744 719 1833 754 Ζαχα-

1045 764 1106 800 ρίᾳ·
1128 764 1195 791 Εἰπέ
1217 772 1262 799 μοι
1288 763 1314 790 τί
1339 764 1461 798 ποιήσω;
1493 763 1626 796 Ἀκούσας
1663 764 1691 790 δὲ
1721 764 1832 800 ἔρριψεν

1044 809 1140 837 ὲαυτδν
1153 810 1241 845 χαμαὶ
1263 810 1302 841 εἰς
1324 809 1388 841 τοὺς
1406 809 1488 840 πόδας
1505 810 1598 843 αὐτοῦ,
1620 809 1721 844 λέγων·
1744 810 1779 836 Σύ
1799 819 1832 845 με

1045 855 1160 891 ἐρωτᾷς,
1180 854 1283 891 Πάτερ;
1302 854 1383 888 Λέγει
1406 854 1481 890 αὑτῷ
1493 855 1592 891 γέρων·
1608 855 1755 882 Πίστευσόν
1776 865 1832 891 μοι,

1043 901 1138 928 τέκνον
1150 909 1201 936 μου
1213 901 1334 936 Ζαχαρία
1343 909 1350 916 ’
1364 898 1434 928 εἶδον
1443 901 1475 927 τὸ
1486 901 1599 936 Πνεῦμα
1610 901 1640 927 τὸ
1652 901 1728 936 ἆγιον
1740 903 1833 928 κατε).-

1044 944 1089 972 θδν
1105 945 1152 972 ἐπὶ
1167 945 1208 977 σὲ,
1223 945 1270 971 καὶ
1281 946 1313 971 ὲκ
1324 945 1420 972 τούτου
1433 946 1623 981 ἀναγκάζομαι
1637 946 1772 982 ἐρωτῆσαί
1788 955 1832 974 σε.

1043 991 1110 1018 Τότε
1122 991 1212 1019 λαϐὼν
1231 993 1245 1018 ὸ
1261 992 1398 1028 Ζαχαρίας
1409 992 1440 1018 τὸ
1456 991 1615 1019 κουκούλιον
1634 992 1716 1019 αὑτοῦ
1732 993 1764 1019 ὲκ
1784 993 1833 1028 τῆς

1043 1036 1165 1072 κεφαλῆς
1184 1035 1278 1068 αὑτοῦ,
1291 1036 1388 1072 ἔθηκεν
1398 1037 1451 1063 ὑπὸ
1463 1037 1525 1068 τοὺς
1537 1037 1630 1069 πόδας,
1647 1038 1694 1064 καὶ
1708 1046 1832 1064 καταπα-

1042 1083 1129 1118 τήσας
1147 1082 1214 1110 αὐτὸ
1231 1080 1324 1109 εἶπεν·
1344 1082 1407 1110 Ἐὰν
1426 1083 1464 1118 μὴ
1484 1083 1614 1120 σνντριδῇ
1629 1083 1716 1116 οὕτως
1728 1084 1834 1119 ἄνθρω-

1043 1137 1103 1160 πος,
1115 1128 1146 1155 οὗ
1163 1127 1274 1155 δύναται
1286 1126 1355 1155 εἶναι
1371 1128 1497 1164 μοναχός.

1077 1174 1109 1201 δ’.
1121 1174 1286 1210 Καθημένου
1297 1175 1362 1202 ποτὲ
1378 1175 1425 1202 τοῦ
1438 1175 1510 1202 ἀὸὁᾶ
1521 1176 1657 1212 Ζαχαρίου
1670 1176 1709 1207 είς
1723 1176 1833 1209 Σκῆτιν,

1042 1218 1108 1256 ἦλθε
1118 1220 1219 1257 θεωρία
1239 1222 1280 1253 είς
1301 1221 1396 1248 αὐτόν·
1413 1221 1462 1248 καὶ
1479 1221 1598 1254 ἀναστὰς
1621 1221 1775 1257 ’ἀνήγγειλε
1795 1223 1835 1257 τῷ

1043 1266 1115 1303 ἀὸὃᾷ
1131 1267 1214 1294 αὑτοῦ
1232 1268 1366 1304 Καρίωνι.
1397 1267 1426 1294 ὐ
1444 1267 1472 1294 δὲ
1481 1268 1582 1303 γέρων,
1613 1268 1764 1304 πρακτικὸς
1785 1268 1833 1300 ὢν,

1043 1314 1093 1349 οὐχ
1106 1313 1228 1349 ὑπῆρχεν
1239 1314 1355 1350 ἀκριϐὴς
1369 1314 1434 1349 ’περὶ⁴
1448 1313 1545 1341 ταῦτα.
1562 1313 1615 1340 Kal
1636 1314 1755 1345 ἀναστὰς
1768 1314 1835 1340 ἔδει·

1045 1370 1091 1396 ρεν
1100 1362 1192 1395 αὑτὸν,
1205 1362 1303 1396 λέγων,
1316 1363 1357 1389 ὅτι
1375 1362 1431 1389 ἀπὸ
1443 1361 1578 1397 δαιμόνων
1593 1361 1660 1389 ὲστί.
1680 1362 1833 1398 Παρέμεινε

1042 1407 1071 1434 δὲ
1085 1407 1100 1434 ὁ
1115 1407 1253 1443 λογισμός,
1268 1408 1323 1434 Kal
1337 1407 1456 1439 ἀναστὰς
1470 1406 1575 1442 ἀπῆλθε
1594 1407 1662 1443 πρὸς
1680 1407 1725 1433 τὸν
1747 1407 1835 1434 ἀὸὃᾶν

1043 1453 1176 1488 Ποιμένα,
1199 1453 1306 1485 νυκτὸς,
1322 1454 1370 1480 καὶ
1388 1453 1548 1489 ἀνήγγειλεν
1566 1454 1641 1489 αὐτῷ
1659 1454 1690 1480 τὸ
1708 1455 1834 1490 πρᾶγμα,

1044 1500 1091 1526 καὶ
1106 1499 1164 1531 πῶς
1174 1499 1281 1526 καίεται
1300 1500 1335 1526 τά
1357 1500 1433 1532 ἐντὸς
1454 1500 1548 1529 αὑτοῦ,
1566 1501 1620 1527 Kal
1641 1500 1702 1527 ἰδὼν
1715 1502 1730 1526 ὁ
1746 1502 1836 1536 γέρων

1045 1546 1086 1572 ὅτι
1104 1545 1157 1573 ἀπὸ
1178 1545 1246 1573 Θεοῦ
1267 1547 1336 1578 ἐστι,
1352 1546 1427 1581 λέγει
1446 1546 1520 1582 αὐτῷ
1533 1555 1540 1562 ⁵
1565 1547 1674 1580 ’Υπαγε
1696 1546 1765 1582 πρὸς
1789 1546 1835 1573 τὸν

1045 1592 1118 1618 δεῖνα
1129 1592 1174 1618 τὸν
1191 1591 1315 1628 γέροντα,
1331 1592 1378 1619 xal
1392 1592 1418 1619 ετ
1431 1601 1456 1619 τι
1476 1592 1498 1619 δ’
1513 1592 1546 1620 ἄν
1564 1601 1604 1620 σοι
1614 1592 1689 1628 είπῃ,
1710 1592 1834 1627 ποίησον.

1045 1637 1100 1664 Καὶ
1114 1636 1239 1664 ἀπελθὼν
1252 1637 1319 1672 πρὸς
1336 1637 1381 1664 τὸν
1393 1638 1518 1673 γέροντα,
1529 1637 1594 1672 πρὶν
1613 1638 1739 1670 ἐξετάσαι
1754 1637 1835 1664 αὐτόν

1044 1692 1081 1717 τι,
1105 1683 1248 1720 προλαὸὼν
1262 1685 1276 1710 ὁ
1295 1683 1384 1719 γέρων
1412 1683 1488 1710 εἶπεν
1511 1684 1586 1719 αὺτῷ
1612 1684 1711 1716 πάντα,
1732 1684 1780 1710 καὶ
1794 1683 1836 1710 ὅτι

1045 1729 1062 1764 ἡ
1083 1729 1183 1764 θεωρία
1199 1729 1252 1756 ἀπὸ
1273 1729 1340 1756 Θεοῦ
1364 1730 1449 1756 ἐστιν.
1471 1729 1540 1756 Ἀλλ’
1557 1729 1658 1764 ὕπαγε,
1684 1729 1836 1764 ὑποτάγηοι

1045 1774 1083 1809 τῷ
1096 1774 1182 1809 Πατρί
1195 1783 1252 1801 σου.

1081 1823 1112 1846 ε’.
1129 1818 1212 1847 Εἶπεν
1231 1821 1245 1846 ὁ
1265 1819 1352 1851 assa;
1365 1820 1480 1855 Ποιμὴν,
1496 1821 1537 1847 ὃτι
1557 1819 1699 1856 ἠρώτησεν
1717 1820 1732 1846 ὁ
1749 1819 1836 1850 ἀϐὃᾶς

1045 1867 1164 1902 Μωῡσῆς
1175 1866 1220 1893 τὸν
1230 1867 1252 1882 “¹⁷
1267 1866 1354 1893 ἀ66ἄν
1367 1867 1504 1903 Ζαχαρίαν
1517 1866 1647 1902 μέλλοντα
1657 1865 1784 1900 τελευτᾷν
1795 1865 1818 1880 ⁷⁸
1827 1872 1834 1879 ·

1046 1913 1078 1939 Τί
1106 1913 1187 1948 όρᾷς;
1216 1913 1262 1939 καὶ
1291 1911 1364 1947 λέγει
1383 1913 1472 1948 αὐτῷ·
1490 1912 1527 1939 Ui)
1547 1912 1651 1947 βέλτιον
1670 1911 1700 1938 τὸ
1719 1911 1836 1946 σιωπᾷν,

1046 1958 1152 1994 Πάτερ;
1174 1958 1220 1984 καὶ
1238 1956 1314 1984 εἶπε·
1332 1959 1396 1990 Nal,
1413 1959 1517 1991 τέκνον,
1541 1957 1641 1985 σιώπα,
1658 1957 1710 1985 Kal
1728 1959 1760 1993 τῇ
1775 1957 1837 1994 ὥρᾳ

1045 2004 1092 2031 τοῦ
1105 2004 1219 2032 θανάτου
1231 2004 1323 2038 αὑτοῦ,
1336 2004 1516 2040 καθεζόμενος
1541 2006 1555 2031 ὁ
1585 2004 1671 2035 assa;
1691 2003 1834 2040 Ἰσίδωρος,

1045 2050 1199 2085 ἀναϐλέψας
1211 2051 1250 2082 εἰς
1269 2050 1314 2076 τὸν
1326 2050 1439 2085 οὐρανὸν
1453 2048 1528 2077 εἶπεν
1537 2059 1543 2065 ·
1562 2049 1726 2085 Εὐφραίνου,
1741 2049 1836 2075 τέκνον

1048 2105 1098 2132 μου
1116 2096 1248 2132 Ζαχαρία,
1270 2096 1310 2122 ὅτι
1328 2095 1504 2131 ἀνεῴχθησαν
1524 2104 1564 2122 σοι
1579 2097 1607 2122 αἱ
1622 2095 1704 2121 πύλαι
1720 2095 1769 2130 τῆς
1782 2094 1837 2122 τῶν

1047 2142 1169 2178 οὐρανῶν
1188 2142 1337 2178 βασιλείας.

1275 2200 1359 2234 Ἀρχὴ
1372 2199 1419 2226 τοῦ
1432 2200 1454 2226 Η
1469 2199 1611 2234 στοιχείου.

1217 2245 1285 2279 Περὶ
1300 2246 1352 2272 τοῦ
1369 2245 1444 2272 ὰϐϐἁ
1468 2245 1588 2272 Ἡσαΐου
1602 2244 1670 2279 (47).

1086 2305 1119 2328 α’.
1134 2299 1216 2328 Εἶπεν
1229 2303 1243 2328 ὁ
1257 2301 1344 2332 ἁὸὅᾶς
1368 2302 1490 2334 Ἡσαΐας,
1508 2303 1549 2328 ὅτι
1563 2301 1640 2328 οὐδὲν
1654 2300 1742 2333 οὕτως
1760 2300 1837 2328 λυσι-

1051 2455 1137 2483 Esaiae
1145 2455 1252 2483 abbatis
1263 2455 1385 2482 oratione
1395 2454 1440 2486 21.
1454 2462 1486 2482 ex
1500 2454 1558 2482 Zini
1569 2454 1695 2483 versione
1705 2454 1837 2489 scriptum

1050 2491 1152 2525 legitur
1165 2500 1172 2518 :
1190 2490 1242 2523 Qui
1256 2499 1308 2518 non
1323 2490 1394 2517 tollit
1410 2498 1512 2517 crucem
1524 2498 1600 2517 suam
1615 2495 1639 2517 et
1655 2490 1772 2524 sequitur
1785 2497 1836 2521 me,

1049 2534 1102 2552 non
1117 2530 1200 2560 potest
1212 2534 1283 2552 meus
1297 2534 1352 2553 esse
1363 2525 1508 2557 discipulus
1518 2525 1593 2558 (Luc.
1607 2533 1662 2557 xlv,
1673 2525 1729 2560 27).
1745 2525 1835 2560 Quam

1050 2559 1126 2591 dicit.
1140 2565 1170 2586 ut
1187 2561 1312 2588 tollamur
1324 2562 1447 2588 crucem?
1463 2560 1515 2586 nisi
1530 2565 1558 2586 ut
1572 2569 1644 2587 mem
1675 2559 1782 2588 assidue
1798 2559 1838 2586 vi-

1051 2596 1127 2630 gilet.
1143 2601 1167 2622 et
1185 2595 1325 2622 virtutibus
1342 2595 1496 2622 incumbat?
1513 2598 1533 2622 Α
1550 2603 1626 2622 cruce
1646 2603 1698 2622 non
1715 2595 1838 2625 discedit.

1070 2631 1096 2657 ui
1111 2631 1174 2657 vitia
1192 2631 1364 2665 persequitur,
1383 2631 1464 2657 donec
1478 2639 1509 2657 ea
1522 2630 1641 2665 pro/liget
1664 2639 1694 2656 ac
1722 2635 1837 2664 superet.

1080 2666 1150 2693 ullus
1165 2666 1269 2697 dubito,
1284 2667 1348 2700 quiti
1362 2665 1518 2692 abbreviata
1534 2665 1670 2700 scriptura
1687 2665 1746 2692 viro
1759 2665 1839 2692 docto

1054 2701 1142 2728 fraudi
1160 2700 1250 2731 fuerit.
1266 2705 1294 2727 ut
1308 2701 1548 2728 archimandritam
1563 2701 1589 2727 in
1603 2700 1838 2734 archiepiscopum

1053 2740 1234 2762 converteret.
1251 2735 1338 2763 Esaia:
1362 2736 1533 2762 anachoreta:
1567 2736 1646 2761 aliam
1676 2736 1838 2762 sententiam

1053 2771 1162 2797 adducit
1178 2771 1312 2798 Antonius
1336 2770 1442 2798 Melissa
1470 2771 1516 2796 lib.
1533 2778 1552 2801 ι,
1571 2778 1653 2797 serm.
1670 2771 1715 2802 '59;
1731 2769 1839 2796 abbatis

1053 2813 1116 2832 vero
1128 2805 1213 2832 Esaia:
1225 2807 1354 2840 opuscula
1366 2806 1452 2836 varia,
1469 2805 1566 2840 partim
1582 2805 1666 2836 edita,
1682 2805 1778 2840 partim
1796 2805 1840 2831 in-

1051 2840 1133 2903 :‘diltla,
1151 2841 1346 2902 lcomplectitur
1361 2841 1446 2868 codex
1465 2841 1654 2868 membraneus
1669 2840 1840 2867 bibliothecae

1063 2884 1090 2902 ,υ
1120 2883 1149 2902 cr
1163 2883 1222 2902 mar.

1063 2875 1222 2902 lolbcrtiuar.
