1971 3068
163 173 210 200 181

775 178 1079 207 APOPllTHEGMATA
1097 180 1251 210 PATRUM.

1747 185 1799 212 13"}

162 233 233 259 τελεῖ
253 233 292 269 τῷ
313 234 438 270 ἁρχαρίῳ
458 233 531 270 (48),
555 235 594 267 ὡς
617 237 634 272 ἡ
658 236 745 272 ὕϐρις.
773 238 879 274 Ὥσπερ
902 239 953 275 γὰρ

1012 240 1075 268 vitio
1091 240 1236 271 monacho.
1247 244 1276 267 ut
1290 241 1468 268 contumelia.
1484 240 1551 268 Nam
1565 241 1797 276 quemadmodum

161 279 268 315 δένδρον
281 280 337 316 (49)
350 281 411 308 καθ’
423 282 541 318 ἑκάστην
557 283 744 319 ποτιζόμενον,
766 284 854 317 οὓτως
866 286 953 322 ἀρχά-

163 334 219 362 ριος
236 325 414 362 ὑϐριζόμενος
428 328 475 354 καὶ
491 329 645 364 ὑπομένων.

198 372 230 407 β’.
244 372 342 407 Ἔλεγε
360 373 441 399 πάλιν
459 374 528 409 πρὸς
538 375 601 407 τοὺς
618 375 709 408 καλῶς
723 376 891 411 ἀρχομένους
908 378 955 404 καὶ

163 417 396 453 ὑποτασσομένους
424 419 563 460 Πατρόισιν
590 421 688 455 ἁγίοις,
721 422 761 448 ὅτι
801 422 834 449 Ἦ
858 423 953 459 πρώτη

163 463 234 499 βαφὴ
255 464 305 491 οὐκ
328 464 493 497 ἀποϐάλλει,
518 466 556 498 ὡς
578 467 624 493 ἐπὶ
649 467 803 503 πορφύρας.
829 469 894 495 Καί·
914 470 955 495 ὅτι

163 510 268 546 Ὠσπερ
295 511 320 537 οι
353 510 445 538 κλάδοι
476 512 502 538 οί
528 512 627 539 ἁπαλοὶ
658 513 779 549 εὐχερῶς
805 515 956 550 μεταστρέ-

162 565 256 592 φονται
270 558 318 584 καὶ
332 558 515 594 κάμπτονται,
531 558 618 592 οὕτως
638 560 684 587 καὶ
698 561 721 587 οἱ
735 560 863 597 ἀρχάριοι
879 560 956 593 ὄντες

161 605 190 630 ἐν
205 604 340 640 ὑποταγῇ.

196 649 231 685 γ’.
251 651 348 685 Ἔλεγε
369 650 460 682 πάλιν,
484 652 525 678 ὅτι
553 651 686 688 ἀρχάριος
711 653 880 688 μεταϐαίνων
901 653 956 680 ἀπὸ

163 698 345 732 μοναστηρίου
365 699 405 729 εἰς
426 699 619 734 μοναστήριον,
642 699 713 726 ἔοικε
741 699 802 735 ζώῳ
819 700 872 726 ὑπὸ
891 708 956 734 φορ-

161 743 240 776 Gaia;
257 743 373 771 ἐνταῦθα
387 745 498 772 κάκεῖσε
510 744 692 780 ἐλαυνομένῳ.

195 819 227 859 6'.
245 830 314 859 Εἷπε
330 832 420 866 πάλιν,
438 833 479 860 ὃτι
493 834 507 860 6
521 833 709 870 πρεσϐύτερος
728 833 776 861 τοῦ
793 833 954 869 Πηλουσίου.

161 879 312 915 γενομένης
324 879 444 915 ἀγάπης,
460 880 573 907 καὶτῶν
595 880 716 916 ἀδελφῶν
731 882 759 907 ἐν
774 882 808 917 τῇ
822 880 956 917 ἐκκλησίᾳ

1006 287 1087 313 arbor
1107 286 1222 322 singulis
1239 287 1336 315 diebus
1357 287 1479 322 irrigala,
1497 288 1537 315 sic
1560 287 1681 314 uovitius
1700 294 1799 315 contu—

1005 332 1085 360 melia
1103 332 1216 360 allectus
1231 337 1258 359 et
1273 333 1404 361 tolerans.

1040 378 1068 405 2.
1090 379 1187 406 lterum
1201 379 1268 406 dixit
1278 379 1312 406 ad
1325 387 1372 407 eos
1384 380 1430 415 qui
1445 384 1519 408 recte
1534 380 1680 415 incipiunt,
1693 380 1797 408 sanctis

1005 422 1131 451 Patribus
1150 424 1266 458 subjecti
1285 434 1292 452 :
1311 424 1402 452 Prima
1419 425 1538 452 tinctura
1555 432 1696 460 nunquam
1716 425 1794 452 amit-

1006 469 1087 502 titur;
1107 471 1180 498 velut
1206 471 1234 497 in
1257 478 1388 506 purpura.
1410 470 1493 498 ltem:
1517 470 1595 499 Sicut
1616 471 1704 498 teneri
1727 471 1796 498 rami

1006 515 1086 543 facile
1105 521 1305 544 convertuntur
1321 525 1354 544 ac
1369 517 1526 549 ﬂectuntur,
1547 517 1585 545 ita
1598 521 1626 546 et
1642 517 1737 546 novitii
1747 518 1796 552 qui

1007 562 1034 589 in
1052 562 1224 597 subjectione
1240 568 1317 591 sunt.

1041 652 1068 679 3.
1091 651 1164 678 Dixit
1175 652 1284 683 iterum,
1301 652 1438 679 novellum
1451 650 1617 679 monachum
1630 658 1645 678 e
1661 654 1797 678 monaste-

1006 697 1048 724 rio
1067 698 1101 724 ad
1119 697 1318 724 monasterium
1333 697 1585 732 transmigrantem,
1598 696 1717 724 similem
1733 703 1795 724 esse

1006 743 1119 770 animali
1147 743 1220 778 quod
1244 744 1296 771 sub
1322 743 1446 779 capistro
1472 743 1526 770 huc
1552 742 1672 778 illucque
1700 742 1795 776 impel-

1005 788 1081 816 litur.

1041 833 1068 861 4.
1097 833 1155 869 (50)
1176 832 1271 861 Itidem
1289 834 1422 865 narravit,
1435 833 1508 869 quod
1523 832 1625 860 Pelusii
1640 833 1795 868 presbyter,

1006 887 1068 907 cum
1089 879 1165 907 ﬁeret
1187 887 1281 915 agape,
1307 883 1334 907 et
1353 879 1452 907 fratres
1470 879 1497 906 in
1527 879 1643 906 ecclesia
1667 879 1794 907 comede—

163 926 321 958 ἐσθιόντων,
338 927 385 954 καὶ
408 926 610 955 συλλαλοιῖωτων
638 927 773 963 ἀλλήλοις,
790 928 953 962 ἐπιτιμήσας

1012 931 1080 958 rent,
1111 929 1262 961 mutuoque
1292 926 1526 960 colloquerentur,
1553 925 1695 960 increpitis
1722 924 1794 957 illis,

162 973 253 1004 αὐτοῖς
271 971 347 1000 εἷπε·
366 974 507 1008 Σιωπᾶτε,
531 974 656 1009 ἁδελφοί’
677 972 746 1001 εἶδον
766 974 821 1009 ὲγὼ
840 973 953 1008 ἀδελφὸν

163 1015 286 1042 ἐσθίοντα
317 1016 376 1052 μεθ’
408 1017 500 1053 ὑμῶν,
530 1018 578 1044 xal
610 1018 722 1045 πίνοντα
753 1019 873 1055 ποτήρια
903 1019 953 1045 ὅσα

162 1063 241 1098 ὑμεῖς
262 1063 297 1095 ⁷¹’,
317 1064 363 1090 κα)⁵
385 1065 401 1100 ἡ
427 1065 494 1100 εὐχὴ
515 1065 598 1092 αὑτοῦ
615 1066 755 1092 ἀναϐαίνει
772 1065 886 1093 ἐνώπιον
907 1066 952 1093 τοῦ

161 1109 229 1136 Θεοῦ
247 1110 284 1142 ὡς
303 1110 368 1146 πῦρ.

197 1155 227 1182 ε’.
245 1155 359 1190 Ἔλεγον
374 1157 438 1192 περὶ
451 1156 498 1183 τοῦ
510 1157 584 1184 ἁϐϐἄ
599 1158 720 1190 Ἡσαΐου,
739 1159 780 1185 ὅτι
795 1159 859 1185 ποτὲ
871 1158 953 1185 ἔλαϐε

161 1201 277 1233 θαλλίον,
300 1203 347 1230 καὶ
367 1203 489 1238 ἀπῆλθεν
512 1204 552 1236 εἰς
565 1204 615 1239 τὴν
634 1204 735 1237 ἅλωνα,
757 1205 803 1231 xal
823 1204 896 1239 λέγει
915 1204 954 1240 τῷ

159 1247 281 1284 γεούχῳ·
299 1248 350 1280 Δός
378 1256 423 1283 μοι
444 1250 527 1277 σῖτον.
550 1249 606 1276 Καὶ
627 1249 701 1284 λέγει
722 1249 812 1285 αὐτῷ·
837 1250 892 1276 Καὶ
919 1250 952 1277 σὺ

159 1294 295 1329 ἐθέρισας,
319 1294 408 1328 ἀδϐᾶ;
435 1295 531 1329 Λέγει’
554 1295 630 1330 Οὐχί.
659 1296 713 1322 Καὶ
741 1295 814 1330 λέγει
839 1296 912 1331 αὐτῷ
939 1297 954 1323 6

159 1340 287 1376 γεοῦχος·
306 1340 368 1373 Πῶς
389 1338 436 1368 οὖν
453 1341 540 1373 θέλεις
563 1343 636 1368 σῖτον
649 1341 751 1373 λαϐεῖν,
770 1341 808 1377 μὴ
825 1342 952 1377 οερίσας;

159 1387 215 1414 Kal
229 1386 304 1422 λέγει
316 1387 391 1423 αὐτῷ
409 1388 424 1414 6
436 1387 540 1422 γέρων·
560 1387 665 1415 Οὐκοῦν
678 1388 725 1414 ἐὰν
741 1388 777 1423 μή
790 1396 831 1419 τις
846 1387 952 1424 θερίσῃ,

159 1433 190 1459 οὐ
213 1432 348 1468 λαμϐάνει
375 1432 486 1469 μισθόνς
516 1434 598 1468 Λέγει
620 1434 634 1460 ὀ
658 1434 784 1469 γεοῦχος·
805 1433 881 1469 Οὐχί.
899 1434 953 1460 Καὶ

159 1478 246 1510 οὕτως
263 1478 437 1514 ἀνεχώρησεν
455 1479 470 1504 6
487 1479 588 1515 γέρων.
615 1479 646 1506 Οἱ
662 1479 691 1506 δὲ
712 1479 831 1514 ἀδελφοὶ,
854 1478 953 1511 ἰδόντες

159 1524 186 1550 τί
197 1523 336 1559 ἐποίησεν,
350 1523 446 1551 ἔϐαλον
463 1524 538 1560 αὐτῷ
555 1525 710 1560 μετάνοιαν,
729 1524 953 1560 παρακαλοῦντες

161 1569 258 1604 μαθεῖν
281 1569 308 1596 τί
331 1569 410 1596 τοῦτο
437 1570 560 1606 ἐποίησε.
583 1570 665 1605 Λέγει
690 1570 782 1602 αὐτοῖς
807 1570 821 1596 6
845 1569 951 1605 γέρων·

1007 972 1126 999 dixerit:
1145 971 1254 1003 Tacete,
1273 971 1392 1005 fratres;
1409 973 1538 1007 conspexi
1555 979 1605 1006 ego
1618 971 1730 998 fratrem
1746 978 1795 998 vo-

1007 1018 1114 1045 biscum
1145 1021 1311 1049 vescenlem,
1341 1017 1511 1053 totidemque
1537 1018 1637 1045 calices
1656 1017 1794 1044 bibentem

1007 1070 1039 1090 ac
1055 1070 1111 1094 vos,
1128 1062 1209 1097 cujus
1223 1062 1346 1098 precatio
1361 1063 1435 1090 velut
1457 1063 1528 1098 ignis
1543 1062 1667 1091 ascendit
1680 1063 1706 1090 in
1726 1070 1794 1089 con-

1007 1113 1129 1145 spectum
1141 1108 1200 1137 Dei.

1042 1155 1068 1182 5.
1089 1154 1251 1190 Accepimus
1263 1154 1298 1182 de
1315 1155 1413 1182 abbate
1433 1155 1526 1187 Esaia,
1549 1155 1621 1190 quod
1645 1155 1794 1189 aliquando

1007 1202 1123 1237 sumpsit
1143 1209 1260 1234 ramum,
1280 1206 1307 1229 et
1326 1202 1359 1228 ad
1374 1209 1466 1229 aream
1482 1202 1621 1237 profectus
1639 1205 1691 1234 est,
1712 1201 1795 1228 dixit-

1007 1255 1060 1282 que
1077 1251 1156 1275 terraa
1178 1247 1308 1275 domino:
1331 1247 1368 1274 Da
1389 1248 1454 1275 mihi
1470 1248 1649 1275 frumentum.
1666 1248 1711 1275 Ait
1731 1247 1792 1275 ille:

1007 1293 1084 1321 Tune
1103 1295 1255 1325 messuisti.
1283 1294 1371 1322 abba?
1392 1294 1582 1330 Nequaquam,
1602 1294 1701 1330 inquit.
1724 1293 1793 1321 Tum

1006 1348 1151 1376 possessor
1180 1350 1186 1368 :
1205 1340 1346 1374 Quomodo
1372 1341 1454 1376 igitur
1477 1341 1645 1369 frumentum
1668 1341 1795 1376 accipere

1007 1387 1060 1419 vis,
1077 1386 1125 1422 qui
1144 1394 1198 1414 non
1216 1387 1373 1414 messuisti?
1392 1389 1425 1415 At
1445 1394 1546 1415 senex:
1566 1386 1624 1414 Nisi
1644 1394 1709 1421 ergo
1724 1394 1795 1413 mes-

1007 1432 1093 1460 suerit
1109 1433 1180 1468 quis.
1192 1441 1248 1460 non
1263 1433 1335 1468 capit
1352 1433 1524 1461 mercedem?
1540 1433 1683 1469 Agricola:
1701 1432 1795 1459 Nulla-

1006 1481 1098 1505 tenus.
1115 1478 1205 1513 Atque
1224 1479 1261 1505 ita
1278 1479 1393 1506 recessit
1407 1486 1501 1506 senex.
1516 1477 1626 1505 Fratres
1644 1481 1735 1504 autem
1751 1478 1794 1504 in-

1007 1523 1066 1551 tuiti
1077 1523 1142 1559 quid
1155 1523 1275 1556 fecisset,
1285 1524 1416 1552 inclinato
1430 1531 1557 1560 corpore,
1569 1523 1795 1559 supplicaverunt

1006 1570 1042 1603 ei,
1060 1574 1090 1598 ut
1115 1570 1248 1598 rationem
1268 1570 1334 1598 facti
1361 1571 1551 1599 edocerentur.
1573 1570 1651 1598 Tunc
1675 1569 1708 1597 ad
1731 1569 1796 1596 illos

165 1615 333 1651 ’Υπόδειγμα
345 1615 411 1643 αὐτὸ
424 1616 552 1651 ἐποίησα.
566 1616 607 1643 ὅτι
620 1616 667 1643 ἐὰν
685 1617 722 1653 μή
734 1625 776 1649 τις
789 1616 951 1652 ἐργάσηται,

1012 1623 1088 1644 senex
1105 1615 1193 1649 :Hoc,
1217 1616 1316 1652 inquit,
1333 1617 1367 1644 ad
1389 1618 1543 1652 exemplum
1569 1616 1632 1649 feci,
1644 1617 1720 1652 quod
1741 1619 1794 1646 nisi

160 1661 191 1688 οὐ
208 1661 342 1697 λαμϐάνει
356 1662 451 1698 μισθὸν
466 1662 542 1698 παρὰ
553 1662 600 1689 τοῦ
615 1662 693 1689 Θεοῦ.

197 1751 236 1784 ς’.
261 1752 291 1779 '0
315 1752 396 1785 αὐτὸς
422 1752 509 1784 assa;
539 1753 653 1784 Ἡσαΐας
679 1752 792 1780 ἐκάλεσέ
816 1761 876 1779 τινα
897 1752 952 1778 τῶν

159 1798 294 1833 ἀδελφῶν,
317 1799 365 1825 καὶ
388 1799 478 1834 ἔνιψεν
499 1799 581 1826 αὑτοῦ
603 1800 666 1831 τοὺς
690 1799 785 1832 πόδας,
809 1799 857 1825 καὶ
873 1798 952 1825 ἔϐαλε

160 1843 250 1880 δράκα
264 1843 352 1878 φακοῦ
375 1844 415 1875 εἰς
433 1844 549 1880 χύτραν,
568 1844 615 1871 καὶ
633 1845 672 1874 ὼς
687 1843 798 1880 έϐρασε,
819 1844 952 1879 κατήνεγ-

161 1899 209 1917 κεν
223 1890 318 1925 αὐτήν.
336 1890 392 1917 Kal
403 1890 478 1925 λέγει
491 1890 565 1925 αὐτῷ
582 1891 596 1917 ὁ
610 1889 740 1925 ἀδελφός⁸
757 1889 839 1916 Οὔπω
852 1888 950 1924 ἑψήθη,

161 1936 244 1965 ἀϐϐᾶ.
258 1937 312 1964 Καὶ
329 1937 403 1972 λέγει
423 1937 498 1973 αὑτῷ
509 1945 516 1952 ’
538 1938 595 1964 Οὐκ
610 1938 692 1973 ἀρκεῖ
710 1945 750 1964 σοι
774 1938 814 1964 ὅτι
834 1936 902 1968 ὅλως
916 1934 954 1962 εἷα

161 1983 206 2015 δες
221 1983 244 1999 ⁸ο
260 1983 403 2019 λαμπρόν;
420 1984 468 2010 καὶ
483 1983 552 2019 αὕτη
575 1983 681 2019 μεγάλη
697 1982 879 2018 παράκλησις.

198 2028 231 2061 ζ’.
249 2029 344 2064 Ἔλεγε
371 2030 463 2062 πάλιν,
480 2029 534 2062 (ὅτι
566 2029 629 2056 Ἐὰν
654 2029 718 2065 θέλῃ
737 2029 752 2055 6
774 2029 839 2061 Θεὸς
864 2029 953 2064 ψυχὴν

163 2075 285 2110 ὲλεῆσαι,
301 2075 369 2111 αὑτὴ
388 2076 416 2102 δὲ
430 2075 574 2111 ἁφηνιάζει
598 2076 644 2102 καὶ
664 2075 714 2102 οὐκ
729 2075 864 2110 ἀνέχεται,
884 2072 953 2101 ἀλλὰ

163 2121 194 2148 τὸ
208 2121 313 2157 θέλημα
328 2122 413 2157 αὐτῆς
427 2123 507 2154 ποιεῖ,
523 2123 661 2157 συγχωρεῖ
673 2121 759 2157 αὐτὴν
770 2120 867 2147 παθεῖν
881 2119 953 2155 ἆπερ

163 2169 194 2195 οὺ
208 2168 288 2200 θέλει,
305 2168 349 2195 ἵνα
361 2168 446 2200 οὕτως
463 2168 544 2195 αὑτὸν
558 2167 722 2203 ἐπιζητήσῃ.

201 2219 233 2251 η’.
254 2214 350 2249 Ἔλεγε
369 2215 459 2248 πάλιν,
482 2215 522 2241 ὅτι
552 2214 648 2241 Ἦνίκα
665 2223 707 2245 τις
726 2213 850 2248 βούλεται
867 2213 953 2240 κακὸν

164 2262 224 2288 ἀντὶ
239 2262 323 2289 κακοῦ
338 2260 495 2293 ἀποδοῦναι,
512 2259 624 2287 δύναται
639 2261 685 2287 καὶ¹
697 2260 741 2287 διὰ
753 2260 886 2296 νεύματος
904 2260 954 2296 μό-

165 2316 211 2335 νου
231 2308 328 2343 βλάψαι
344 2308 394 2343 τὴν
409 2307 560 2343 συνείδησιν
576 2308 623 2334 τοῦ
640 2306 766 2342 ἀδελφοῦ.

201 2353 233 2381 θ’.
265 2354 295 2380 ’0
320 2354 400 2385 αὐτὸς
428 2353 515 2386 esse;
546 2354 659 2386 Ἡσαΐας
680 2353 821 2389 ἠρωτήθη,
845 2353 873 2379 τί
895 2354 954 2380 ὲστι

165 2400 348 2436 φιλαργυρία,
371 2400 418 2426 καὶ
447 2399 599 2436 ἁπεκρίθη-
623 2399 659 2427 Τὸ
684 2399 722 2435 μὴ
745 2399 890 2426 πιστεῦσαι
914 2399 954 2434 τῷ

200 2480 224 2496 ¹¹⁹
239 2480 282 2507 Δὶ.
295 2477 343 2507 ἶσα
362 2479 449 2514 ὑμῶν.
493 2479 517 2495 ⁸⁰
530 2479 573 2507 Al.
587 2476 649 2506 εἶδε.

202 2558 258 2593 (48)
274 2557 424 2592 Ἄρχαρίῳ,
443 2556 562 2588 Novitia,
581 2556 727 2593 incipienti;
746 2557 835 2584 tironi.
853 2555 949 2593 Vulga-

165 2592 212 2621 ris
223 2601 287 2624 vox,
309 2601 370 2628 qua:
386 2596 476 2620 exstat
499 2593 580 2619 etiam
596 2593 667 2627 apud
692 2592 839 2619 Macarium
857 2592 951 2618 bomil.

166 2629 202 2656 15
217 2634 245 2656 et
259 2628 303 2656 l6.
323 2633 351 2655 et
372 2629 399 2654 in
420 2627 537 2655 Scholiis
557 2628 590 2654 ad
609 2627 718 2655 Scalam
729 2627 860 2656 paradisi.
881 2627 951 2654 duo-

185 2635 202 2655 ῧ
217 2635 245 2656 et
259 2635 303 2660 Η),
323 2635 351 2655 ει
372 2636 399 2654 In
420 2635 537 2655 bcnonts
557 2635 590 2654 au
609 2635 718 2655 aculam
729 2635 860 2660 parumst,
881 2635 951 2654 (1110·

167 2636 202 2656 π)
217 2636 245 2656 et
259 2636 303 2660 tu,
323 2636 351 2655 et
372 2636 399 2654 in
420 2636 537 2655 acnoms
557 2636 590 2654 au
609 2636 718 2655 acutam
729 2636 860 2662 parumst,
881 2636 951 2654 ouo-

167 2664 276 2691 decimo
296 2664 323 2690 in
337 2663 451 2697 gradum
466 2662 511 2695 26,
527 2667 554 2690 et
565 2667 642 2689 sexto
654 2664 680 2690 in
694 2663 740 2689 28.
755 2663 807 2690 Sed
820 2663 847 2689 in
859 2663 954 2697 primis

166 2699 258 2727 notari
276 2702 417 2725 merentur
432 2705 492 2732 quae
512 2698 569 2732 ipse
584 2698 702 2726 Joannes
716 2698 854 2725 Climacus
873 2698 955 2724 habet

167 2733 295 2770 gradu}.
309 2733 376 2760 Nam
393 2741 455 2770 cum
467 2734 581 2770 dixisset
594 2741 620 2768 p.
645 2734 698 2770 ὅδὲ-ε
722 2734 767 2770 Ἑν
782 2734 814 2768 τῇ
832 2732 955 2770 εσχάτων

167 2767 309 2805 ἆρχαρίων
318 2804 321 2805 ν
331 2767 603 2805 κατατάττειῗχώρᾳζ
627 2768 766 2805 subjungit
791 2767 956 2805 quibusdam

169 2802 341 2838 interpositis
368 2811 394 2838 p.
415 2802 620 2831 59ςἿ-1νίδεῖν
645 2803 739 2830 πολιὰν
759 2804 897 2838 αἰδέσιμον
927 2803 956 2828 ἐν

167 2841 201 2879 τῇ
214 2840 337 2879 ἀρχαῖκῇ
350 2839 495 2879 διάγουσαν
517 2838 601 2879 τάξει.
622 2838 672 2879 Ubi
695 2839 727 2879 ad
746 2840 893 2873 marginem
909 2846 957 2879 ap-V

170 2865 291 2909 pi'nigit'iir
304 2865 359 2900 τῶν
373 2865 523 2910 ἁρχαρίων.
538 2865 719 2904 υἶιάεξεὶειιι
731 2882 763 2901 ex
780 2865 873 2907 sensu,
886 2865 958 2908 pat'et

170 2917 262 2937 veram
283 2909 427 2936 lectionem
437 2917 499 2936 esse
512 2910 658 2944 ἁρχαρικῇ.

1003 1663 1065 1697 quis
1078 1667 1207 1698 operatus
1218 1662 1311 1697 fuerit,
1329 1670 1382 1690 non
1397 1667 1579 1698 percepturus
1591 1663 1626 1690 sit
1640 1663 1793 1691 mercedem

1004 1715 1019 1735 a
1033 1707 1098 1735 Deo.

1040 1754 1068 1783 6.
1089 1754 1162 1783 Idem
1181 1755 1265 1782 abbas
1283 1754 1389 1786 Esaias,
1407 1754 1553 1789 quemdam
1574 1753 1689 1781 fratrum
1714 1761 1794 1781 voca-

1003 1800 1042 1829 vit
1056 1801 1091 1828 ad
1106 1808 1146 1833 se,
1165 1801 1286 1836 lavitque
1301 1800 1385 1835 pedes
1400 1800 1474 1835 ejus;
1495 1803 1522 1827 et
1541 1800 1644 1835 pugillo
1658 1799 1793 1827 lenticula:

1003 1847 1032 1874 in
1047 1847 1129 1874 ollam
1148 1847 1244 1880 misso,
1261 1850 1406 1881 postquam
1422 1845 1585 1878 ebulliisset,
1603 1845 1705 1872 attulit.
1720 1844 1792 1872 Dicit

1003 1893 1028 1920 ei
1045 1893 1148 1921 frater:
1164 1893 1224 1920 Non
1245 1893 1314 1920 satis
1330 1896 1411 1920 cocta
1433 1896 1486 1924 est,
1500 1892 1587 1926 abba;
1604 1896 1662 1919 tum
1676 1891 1791 1919 Esaias:

1003 1938 1099 1967 Nonne
1114 1940 1165 1967 tibi
1180 1939 1280 1967 sufﬁcit
1301 1939 1374 1975 quod
1391 1939 1504 1966 omnino
1521 1939 1611 1974 ignem
1628 1937 1747 1966 viderit?
1760 1937 1794 1965 Et

1004 1985 1056 2013 boe
1072 1993 1200 2021 magnum
1221 1985 1347 2013 solatium
1365 1989 1416 2012 est.

1040 2033 1065 2060 7.
1086 2031 1159 2059 Dixit
1169 2040 1281 2060 rursus:
1297 2032 1325 2059 Si
1338 2031 1409 2059 Deus
1420 2030 1536 2058 voluerit
1545 2030 1644 2057 animae
1655 2029 1792 2063 misereri,

1004 2078 1063 2113 ipsa
1080 2085 1145 2105 vero
1160 2082 1309 2105 contumax
1323 2085 1379 2104 non
1395 2076 1569 2107 sustinuerit.
1586 2075 1635 2103 sed
1652 2075 1747 2102 fecerit
1759 2083 1792 2102 ex

1003 2123 1148 2151 voluntate
1160 2131 1221 2156 sua,
1240 2122 1374 2158 permittit
1386 2122 1443 2157 pati
1457 2129 1517 2148 eam
1535 2128 1595 2155 quae
1611 2127 1666 2147 non
1680 2120 1747 2152 vult,
1765 2123 1795 2146 ut

1005 2169 1045 2198 sic
1057 2169 1146 2205 ipsum
1163 2169 1298 2204 inquirat.

1040 2214 1066 2242 8.
1087 2214 1127 2242 lta
1142 2214 1225 2242 etiam
1239 2213 1347 2241 locutus
1361 2216 1421 2241 est:
1433 2211 1548 2246 Quando
1559 2211 1617 2239 vult
1628 2210 1729 2246 aliquis
1741 2218 1794 2237 ma-

1006 2261 1061 2289 lum
1074 2269 1123 2297 pro
1137 2261 1209 2289 malo
1225 2261 1349 2293 reddere,
1367 2264 1458 2296 potest
1474 2259 1517 2287 vel
1532 2263 1600 2287 nutu
1622 2259 1681 2286 solo
1697 2257 1795 2286 laedere

1008 2307 1102 2335 fratris
1114 2307 1321 2336 conscientiam.

1043 2353 1070 2380 9.
1089 2352 1161 2380 Idem
1177 2353 1261 2380 abbas
1273 2352 1368 2380 Esaias
1381 2351 1584 2386 interrogatus:
1598 2349 1668 2383 Quid
1679 2353 1722 2377 est
1734 2356 1796 2375 ava-

1007 2399 1090 2426 ritia?
1103 2399 1262 2434 respondit:
1278 2397 1337 2425 Non
1350 2397 1462 2425 credere
1477 2397 1542 2430 Deo,
1561 2396 1633 2432 quod
1646 2397 1685 2423 tui
1699 2403 1794 2424 curam

1043 2555 1097 2591 (49)
1116 2556 1231 2589 ’Ὠσπερ
1246 2554 1301 2591 γὰρ
1317 2554 1452 2591 δένδρον.
1466 2553 1495 2580 1η
1505 2552 1585 2591 [Esaia
1599 2561 1646 2581 seu
1654 2553 1796 2591 _lsaia_im_-

1006 2588 1113 2626 presso.
1129 2595 1199 2618 orat.
1211 2588 1258 2621 26;
1277 2588 1313 2617 De
1333 2590 1411 2626 dictis
1424 2597 1488 2626 qua?»
1500 2588 1595 2626 Petrus
1616 2588 1698 2615 abbas
1714 2588 1796 2626 disci-

1006 2623 1082 2661 pulus
1101 2626 1158 2660 ejus
1184 2634 1215 2655 ea:
1237 2626 1284 2652 illo
1305 2625 1415 2659 accepit,
1428 2628 1453 2650 et
1468 2624 1564 2661 litteris
1582 2623 1774 2661 commendauit
1786 2631 1796 2651 .'

1008 2659 1093 2688 Arbor
1106 2659 1164 2696 qua:
1176 2662 1317 2695 irrigatur.
1333 2669 1385 2696 non
1397 2659 1503 2696 arescit,
1516 2659 1561 2696 sed
1575 2659 1693 2696 fructum
1708 2659 1796 2696 a/fert:

982 2715 985 2718 .
1009 2696 1046 2723 Ex
1066 2693 1117 2724 ms;
1142 2693 1236 2723 autem»
1253 2695 1421 2726 Colbertino.
1441 2695 1493 2721 sub
1519 2695 1609 2726 titulo,
1632 2694 1732 2729 Θρῆνοι
1750 2693 1798 2721 τοῦ

1008 2732 1080 2758 assa
1105 2731 1228 2757 Ἡσαΐου.
1248 2730 1360 2765 Δένδρον
1387 2729 1562 2764 ποτιζόμενον
1591 2729 1651 2765 καθ’
1678 2729 1796 2765 ἡμέραν,

1008 2768 1073 2794 πότε
1098 2767 1255 2801 ξηραίνεται
1271 2764 1353 2791 αὑτοῦ
1370 2766 1386 2799 ἡ
1406 2764 1468 2800 ῥίζα
1488 2765 1527 2801 εἰς
1543 2764 1574 2801 τὸ
1586 2764 1633 2801 ,μὴ
1660 2773 1799 2801 καρποφοη

1011 2799 1110 2838 ρῆσαιξ
1123 2799 1180 2838 Hoc
1190 2805 1241 2838 est,
1252 2799 1529 2838 Arbor_quaa'quotidie
1542 2800 1683 2838 irrigatur.
1693 2799 1798 2834 quando

1010 2835 1104 2864 arescit
1121 2836 1199 2862 radix
1213 2836 1269 2869 ejus
1289 2840 1317 2862 ut
1333 2835 1449 2869 fructum
1467 2843 1517 2861 non
1533 2839 1651 2869 projerat
1662 2836 1675 2863 2

1046 2872 1100 2907 (50)
1121 2871 1172 2898 νει.
1191 2871 1267 2900 Patr.
1284 2879 1331 2902 xu,
1348 2871 1372 2897 Ἰ.
