1970 3074
173 195 224 224 l8?-

756 191 928 219 APPENDlX
949 190 995 218 AD
1015 187 1228 216 PALLADIUM.

1752 178 1803 207 18-5

173 253 317 290 suscipiat,
329 255 474 289 desperare
486 252 521 281 de
538 253 770 289 promissionihus
785 252 843 284 Dei,
862 256 889 280 et
904 258 963 278 am-

1035 249 1085 285 ιεῷ,
1112 250 1153 275 δτι
1177 247 1296 275 ποιεῖται
1317 253 1363 271 σου
1391 243 1530 279 φροντίδα,
1557 241 1604 267 καὶ
1629 240 1660 266 τὸ
1689 238 1804 265 ἀπελπί-

171 296 366 335 pli‘ﬂcationem
381 299 519 327 attrectare.

210 389 255 417 t0.
277 388 465 425 Interrogatus
477 393 522 418 est
542 389 637 422 etiam,
653 389 718 424 quid
732 393 805 417 esset
818 389 963 417 detractio.

175 435 208 463 Et
219 435 379 472 respondit:
398 435 457 464 Non
473 443 641 472 cognoscere
654 436 769 471 gloriam
785 435 848 468 Dei;
863 439 961 471 atque:

175 481 279 510 lnvldia
294 489 358 518 erga
372 483 540 518 proximum.

212 528 256 557 Η.
275 529 461 564 Interrogatus
473 529 575 564 pariter
588 529 620 556 de
635 528 686 562 ira;
695 535 860 564 responsum
873 528 964 557 dedit:

175 575 218 604 Ira
231 581 274 605 est
286 575 440 606 contenlio,
457 579 484 602 et
498 575 682 607 mendacium,
698 578 725 602 et
738 575 904 610 ignorantia.

455 631 490 658 De
507 630 600 658 abbate
623 630 692 658 Elia.

213 689 240 716 Ι.
262 689 318 725 (51)
339 688 412 716 Dixit
430 688 515 715 abbas
528 686 619 715 Elias:
636 687 705 714 Tres
721 695 772 722 ego
798 695 843 715 res
867 688 965 721 timeo;

178 743 240 764 CIIII!
256 736 347 762 anima
362 741 422 762 mea
438 741 584 770 egressura
595 737 637 761 05'.
651 741 667 761 0
683 741 817 768 corpore;
835 741 896 760 cum
911 733 967 760 Det)

178 780 410 816 repraesentabor;
424 785 452 808 et
465 787 528 807 cum
543 780 676 808 adversus
691 788 734 808 me
747 781 912 816 proferenda
925 785 968 808 est

178 827 326 857 sententia.

213 873 240 899 2.
258 872 315 907 (52)
331 871 463 899 Dicebant
474 879 554 900 senes
571 871 662 899 abbati
678 871 742 899 Elia:
762 872 787 899 in
804 872 922 908 Egypto
935 872 969 899 de

1014 284 1065 322 σαι
1085 295 1139 322 τῶν
1169 290 1342 328 ἐπαγγελιῶν
1363 290 1411 317 τοῦ
1432 289 1500 316 Θεοῦ
1528 287 1576 315 καὶ
1594 287 1617 302 ⁵*
1640 284 1805 320 φιλοπλατύ-

1014 342 1117 368 νεσθαι.

1051 391 1076 414 t’.
1097 385 1241 422 Ἠρωτήθη
1268 383 1360 415 πάλιν,
1374 383 1402 410 τί
1420 383 1478 408 ἐστι
1498 379 1661 409 καταλαλια.
1689 379 1738 405 καὶ
1753 378 1808 405 ἀπρ-

1015 433 1125 469 εκρίθη·
1145 434 1182 460 Τδ
1206 432 1243 468 μὴ
1265 429 1395 465 γνὼναι¹¹
1403 427 1538 464 τὴνδόξαν
1553 426 1601 453 τοῦ
1624 425 1691 453 Θεοῦ
1709 425 1744 457 ³⁸,
1760 424 1808 451 καὶ

1014 479 1114 511 Φθόνος
1132 479 1200 514 πρὸς
1212 478 1258 504 τὸν
1278 475 1403 511 πλησίον.

1052 529 1096 553 ια’.
1118 524 1262 560 Ἦρωτήθη
1279 523 1369 556 πάλιν,
1382 522 1409 548 τί
1425 522 1499 548 ἐστιν
1518 520 1588 556 ὀργὴ
1600 541 1607 551 ,
1624 519 1671 546 καὶ
1694 517 1810 553 ἀπεκρί-

1017 573 1068 608 Θη·
1087 571 1166 608 Ἔρις
1179 571 1215 603 ⁸⁵,
1231 571 1278 597 καὶ
1292 569 1401 602 ψεῢδος,
1419 568 1467 594 καὶ
1484 566 1617 601 ἀγνωσία.

1237 627 1305 661 Περὶ
1322 625 1375 653 τοῦ
1390 623 1466 652 ἀϐϐᾶ
1486 623 1577 650 Ἠλία.

1053 691 1086 714 α’.
1104 684 1186 712 Εἶπεν
1206 686 1219 711 6
1236 684 1323 714 esca;
1345 681 1448 713 Ἠλίας·
1477 679 1548 714 Ἐγὼ
1570 678 1633 714 τρία
1659 676 1810 713 πράγματα

1019 733 1170 768 φοδοῦμαι·
1187 732 1251 758 ὅταν
1270 729 1355 765 μέλλῃ
1369 729 1385 763 ἡ
1398 727 1470 762 ψυχή
1490 734 1541 761 μου
1559 723 1675 756 ἐξελθεῖν
1693 723 1746 749 ἀπὸ
1762 721 1810 749 τοῦ

1020 778 1154 814 σώματος,
1175 777 1222 804 καὶ
1242 777 1306 802 ὅταν
1328 774 1418 810 μέλλω
1440 772 1479 807 τῷ
1500 770 1560 806 Θεῷ
1577 770 1743 806 ἀπαντῆσαι,
1763 769 1811 796 καὶ

1019 828 1082 854 ὅταν
1098 825 1180 862 μέλλῃ
1196 825 1213 860 ἡ
1230 823 1367 857 ἀπόφασις
1381 820 1498 853 ἐξελθεῖν
1515 819 1575 846 κατ’
1589 817 1656 853 ἐμοῦ

1056 873 1088 908 β’.
1113 871 1225 905 Ἔλεγον
1253 870 1277 896 οἱ
1300 869 1428 904 γέροντες
1456 866 1496 902 τῷ
1511 865 1583 901 ἀῦῦᾷ
1604 864 1684 899 Ἠλίᾳ
1707 864 1749 894 εἰς
1765 863 1812 888 Δί’-

178 916 276 944 abbate
287 916 429 952 Agathone
451 926 457 943 :
473 916 564 944 Bonus
579 917 664 944 abbas
691 921 743 945 est.
757 918 802 944 Ait
814 918 854 944 eis
866 926 948 944 senex
960 927 965 944 :

1035 927 1122 945 ὐπτον
1145 917 1209 952 περὶ
1229 915 1277 942 τοῦ
1297 914 1369 941 ἁϐϐᾶ.
1391 912 1555 946 Ἀγάθωνος,
1585 911 1625 937 δτι
1649 909 1738 940 Καλὸς
1762 908 1812 959 ἅδ-

181 963 340 990 Secuudum
357 966 464 991 aetatem
484 971 538 999 qua
549 963 624 996 vivit,
633 964 721 992 bonus
738 968 788 991 est.
802 963 967 999 Excipiunt:

180 1008 252 1042 Quid
279 1017 344 1037 vero
366 1009 517 1037 secundum
542 1010 690 1045 antiquos?
716 1010 884 1046 Respondit:
907 1009 968 1037 Dixi

181 1055 270 1087 vobis,
285 1055 359 1091 quod
371 1055 451 1090 juxta
465 1059 572 1084 aetatem
587 1064 665 1085 suam
682 1057 832 1091 praeclarus
845 1057 899 1090 sit;
920 1056 968 1084 sed

181 1102 254 1138 quod
278 1107 385 1138 spectat
414 1103 447 1130 ad
465 1107 579 1135 veteres,
597 1103 651 1130 vidi
675 1104 812 1131 hominem
836 1103 863 1130 in
884 1103 968 1136 Secti,

182 1150 228 1184 qui
245 1153 353 1185 poterat
363 1149 448 1177 solem
464 1150 492 1177 in
507 1150 579 1178 coelo
591 1150 701 1183 sistere,
719 1151 791 1178 sicut
799 1149 881 1178 Jesus
897 1150 969 1178 illius

182 1193 275 1222 Navze.
291 1194 351 1228 Quo
362 1195 468 1228 audito,
486 1195 700 1231 obstupuerunt,
716 1200 744 1223 et
759 1196 874 1230 gloriam
895 1200 969 1223 retu-

183 1241 274 1269 lerunt
289 1241 354 1270 Deo.

219 1329 246 1356 3.
269 1328 341 1356 Dixit
358 1329 443 1357 abbas
467 1329 552 1362 Elias,
571 1329 616 1357 ille
631 1329 764 1357 diaconia:
780 1338 826 1357 seu
849 1329 972 1357 ministe-

185 1375 236 1402 rii:
253 1375 324 1409 Quid
341 1375 412 1404 valet
439 1379 593 1411 peccatum.
621 1377 666 1403 ubi
684 1380 726 1403 est
748 1376 925 1410 pmnitentia?
946 1381 972 1403 ct

184 1421 250 1458 quid
263 1422 340 1456 juvat
354 1422 485 1455 Charitas,
502 1423 547 1450 ubi
563 1422 665 1450 residet
681 1423 830 1457 superbia?

219 1468 247 1495 4.
269 1467 373 1496 Retulit
400 1468 485 1496 abbas
509 1468 601 1496 Elias:
618 1467 680 1495 Vidi
696 1469 836 1495 hominem
852 1469 900 1504 qui
917 1469 973 1496 viui

185 1515 356 1543 cucurbitam
368 1515 552 1550 capiebatsub
567 1514 677 1542 axillam
692 1522 788 1547 suam;
808 1518 836 1542 et
855 1518 884 1542 ut
904 1514 974 1542 infa-

186 1561 268 1588 miam
279 1561 416 1588 inurcrcm
427 1561 609 1593 daemonibus,
625 1561 697 1596 quod
710 1561 873 1596 phantasma
888 1566 970 1593 esset,

1019 965 1069 996 6a;
1085 965 1107 980 ³³
1125 963 1209 990 ἐστιν,
1234 961 1289 988 Καὶ
1311 960 1385 994 λέγει
1407 959 1498 990 αὺτοῖς
1513 959 1528 984 ὁ
1542 958 1646 992 γέρων·
1667 955 1746 982 Κατὰ
1761 954 1812 990 τὴν

1018 1009 1115 1046 γενεὰν
1130 1008 1212 1036 αὑτοῦ
1228 1007 1309 1038 καλός
1325 1007 1394 1034 ἐστι,
1413 1005 1467 1031 Καὶ
1479 1004 1603 1037 λέγουσιν
1622 1001 1697 1037 αὑτῷ
1708 1010 1714 1016 ·
1733 1000 1812 1046 Κατὰ

1018 1057 1047 1083 δὲ
1063 1056 1126 1087 τοὺς
1147 1053 1279 1090 ἀρχαίους
1294 1052 1340 1085 τί;
1360 1052 1415 1086 ,Καὶ
1434 1050 1594 1086 ἀποκριθεὶς
1618 1048 1709 1082 λέγει·
1728 1045 1813 1075 Εἶπον

1020 1104 1093 1139 ὑμῖν,
1108 1103 1149 1128 ὃτι
1163 1101 1233 1127 κατὰ
1251 1100 1300 1135 τὴν
1327 1098 1424 1133 γενεὰν
1445 1096 1527 1123 αὐτοῦ
1544 1095 1626 1127 καλός
1642 1095 1700 1121 ἐστι
1711 1102 1718 1108 ·
1741 1092 1814 1120 κατὰ

1020 1149 1049 1175 δὲ
1063 1149 1127 1179 τοὺς
1140 1146 1280 1182 ἀρχαίους,
1303 1144 1412 1179 ἑώρακα
1428 1142 1570 1179 ἄνθρωπον
1592 1142 1620 1167 ὲν
1644 1140 1754 1175 Σκήτει,
1772 1140 1813 1166 ὅτι

1021 1193 1137 1228 ἠδύνατο
1153 1191 1199 1218 τὸν
1216 1190 1290 1226 ἥλιον
1321 1190 1418 1224 στῆσαι
1436 1189 1465 1214 ὲν
1490 1187 1529 1222 τῷ
1552 1186 1670 1222 οὐρανῷ,
1689 1185 1815 1220 καθάπερ

1028 1239 1129 1274 Ἰησους
1140 1239 1153 1264 6
1169 1236 1216 1263 τοῦ
1236 1236 1307 1263 Ναυῖ
1317 1235 1350 1262 ³⁸.
1371 1235 1426 1260 Καὶ
1439 1234 1518 1260 τοῦτο
1537 1232 1713 1265 ἀκούσαντες,
1730 1231 1815 1266 ὲοαμ-

1022 1285 1156 1321 δήοησαν,
1173 1283 1221 1310 καὶ
1238 1282 1366 1314 ἐδόξασαν
1377 1281 1422 1308 τὴν
1436 1281 1503 1307 Θεὸν

1058 1334 1093 1365 γ’.
1111 1329 1195 1357 Εἶπεν
1218 1330 1233 1356 6
1254 1328 1341 1360 ἁϐδᾶς
1372 1327 1465 1358 Ἠλίας
1489 1327 1503 1353 ὁ
1525 1326 1575 1361 τῆς
1589 1325 1727 1356 διακονίας
1744 1324 1814 1358 (54)-

1024 1379 1056 1406 Τί
1071 1377 1156 1413 ἰσχύει
1168 1376 1383 1413 ἁμαρτίαίὸπου
1401 1375 1460 1402 ἐστὶ
1479 1374 1626 1410 μετάνοιας
1647 1372 1693 1400 καὶ
1704 1373 1731 1399 τί
1744 1372 1818 1408 ὠφε-

1025 1425 1065 1452 λεῖ
1081 1425 1186 1460 ἀγάπη,
1200 1423 1264 1450 ἔνθα
1277 1423 1350 1450 ἐστὶν
1365 1421 1554 1458 ὑπερηιρανίας

1059 1472 1089 1498 δ’.
1106 1469 1189 1498 Εἶπεν
1206 1471 1219 1497 ὁ
1236 1469 1323 1501 assa;
1345 1468 1448 1499 Ἠλίας,
1469 1468 1510 1494 ὅτι
1531 1465 1608 1494 Εἶδον
1623 1467 1678 1501 ἐγώ
1691 1475 1752 1494 τινα
1768 1466 1816 1493 λα-

1026 1518 1107 1545 ϐόντα
1117 1517 1286 1543 κολοκύντιον
1301 1514 1372 1541 οἴνου
1389 1515 1429 1546 είς
1439 1513 1488 1550 τὴν
1499 1513 1586 1549 μάλην
1598 1513 1681 1540 αὑτοῦ
1690 1521 1697 1529 ·
1715 1512 1761 1539 καὶ
1773 1513 1818 1539 ἵνα

1027 1562 1146 1597 αίσχύνω
1170 1561 1233 1592 τοὺς
1257 1560 1387 1595 δαίμονας
1408 1559 1449 1585 ὅτι
1477 1558 1612 1593 φαντασία
1624 1555 1669 1594 ἦν,
1687 1556 1763 1584 εἶπον
1778 1557 1819 1593 τῷ

185 1608 242 1636 dixi
265 1607 343 1635 fratri
361 1617 367 1636 :
384 1607 423 1635 Ex
438 1608 584 1640 charitate,
610 1607 663 1634 hoc
689 1615 780 1634 meum
803 1608 877 1635 tolle.
906 1607 974 1634 Tum

1035 1607 1148 1643 ἱιδελφῷ·
1164 1607 1280 1642 Ποίησον
1294 1605 1414 1640 ἀγάπην,
1436 1604 1484 1631 καὶ
1502 1602 1569 1640 ἆρόν
1587 1613 1638 1639 μου
1656 1603 1750 1631 τοῦτο·
1771 1603 1819 1630 καὶ

187 1654 296 1682 sublato
310 1654 393 1689 pallio
403 1662 465 1686 suo,
480 1654 547 1681 nihil
561 1653 664 1681 habere
678 1653 806 1681 iuventus
818 1658 871 1681 est.
887 1654 916 1681 ld
928 1662 976 1681 au-

187 1705 240 1728 tem
263 1700 422 1736 prolocutus
442 1707 515 1732 sum,
542 1697 657 1727 ut‘licct
674 1701 876 1736 conspexeritis
893 1700 976 1734 quid-

187 1747 258 1782 piam
273 1746 315 1774 vel
328 1746 481 1780 audicritis,
497 1754 551 1774 non
566 1746 727 1774 admittatis.
743 1746 871 1780 Quinimo
884 1747 978 1775 obser-

188 1797 250 1820 vate
276 1793 514 1825 ratiocinationes,
543 1793 629 1820 animi
655 1798 817 1828 conceptus,
843 1795 976 1830 cogitata;

188 1839 307 1867 scientes
329 1839 393 1867 talia
420 1847 435 1866 a
450 1839 621 1867 damtonibus
640 1840 760 1872 immitti,
775 1847 830 1875 quo
857 1841 976 1868 animam

189 1885 322 1920 polluant,
340 1884 496 1912 inducendo
508 1884 541 1912 ad
558 1893 650 1913 rerum
663 1885 903 1921 incongruentium
913 1894 978 1914 cou—

189 1929 396 1963 siderationem,
415 1934 500 1965 utque
528 1935 648 1959 tuentem
676 1936 792 1959 avocent
816 1940 831 1959 a
859 1934 978 1968 propriis

190 1976 309 2010 peccatis
324 1980 406 2012 atque
417 1985 432 2004 a
447 1977 512 2005 Deo.

272 2020 360 2048 Etiam
393 2022 462 2050 hanc
488 2023 602 2058 protulit
633 2023 821 2051 sententiam:
850 2023 980 2052 Homines

191 2072 310 2095 mentem
327 2069 430 2096 habent
445 2069 578 2097 intentam
593 2069 636 2097 vel
650 2069 684 2097 ad
698 2075 819 2105 peccata,
835 2071 877 2099 vel
891 2071 925 2099 ad
939 2071 981 2100 Je-

191 2122 264 2147 sum,
283 2115 325 2142 vel
341 2116 375 2143 ad
393 2115 529 2145 homines.

226 2159 252 2187 6.
275 2160 331 2196 (55)
348 2161 445 2189 Adhuc
456 2163 525 2190 dixit
539 2171 546 2190 :
564 2163 622 2192 Nisi
640 2172 719 2192 mens
731 2165 829 2200 psallat
841 2173 903 2192 cum
917 2174 980 2193 cor-

192 2215 268 2242 pore,
284 2208 312 2234 in
326 2216 427 2236 vanum
441 2213 484 2237 cst
496 2210 583 2238 labor.
602 2211 653 2239 Et:
672 2212 700 2238 Si
717 2212 778 2246 quis
793 2212 919 2239 dilexerit
931 2213 980 2239 tri-

192 2253 373 2287 bulationem,
384 2259 480 2290 postca
495 2256 521 2283 ei
537 2256 590 2284 erit
604 2257 631 2284 iu
649 2257 779 2292 gaudium
798 2264 831 2285 ac
845 2258 978 2293 requiem.
996 2277 1018 2306 υ

227 2342 253 2368 7.
273 2340 304 2369 id
319 2350 430 2378 qu0que
445 2345 571 2373 elocutus
587 2349 647 2374 est:
660 2345 748 2375 Senex
764 2347 876 2383 quidam
892 2355 982 2376 mane-

192 2388 239 2416 bat
254 2389 281 2417 iu
295 2388 373 2423 fano;
386 2395 519 2418 venerunt
534 2391 671 2421 daemones
681 2413 688 2425 ,
701 2393 823 2422 dicentes
838 2395 862 2422 ei
874 2405 880 2422 :
893 2394 981 2422 Recc-

192 2433 227 2461 de
241 2442 256 2462 e
271 2435 331 2462 loco
348 2440 454 2463 nostro.
474 2436 563 2465 Senex
581 2438 657 2465 inﬁt:
675 2437 730 2466 Vos
745 2446 799 2466 non
815 2439 920 2466 habetis
940 2439 981 2465 lo-

193 2487 266 2507 cum.
277 2480 426 2516 Cceperunt
436 2491 503 2518 ergo
517 2484 620 2519 passim
633 2492 761 2520 spargere
777 2486 882 2520 palmas
897 2484 980 2512 illius.

194 2527 283 2555 Senex
302 2536 365 2556 vero
379 2530 574 2564 perseveravit,
593 2531 726 2565 colligens
742 2539 799 2559 eas.
814 2531 911 2558 Postea
928 2531 984 2558 daa-

196 2581 271 2607 mon,
286 2575 458 2610 apprehensa
471 2584 554 2604 manu
568 2577 638 2612 ejus,
652 2577 726 2605 foras
743 2578 818 2605 illum
833 2578 924 2605 traxit.
948 2577 983 2605 Ut

193 2625 282 2647 autem
296 2623 419 2656 pervenit
434 2630 517 2651 senex
532 2623 566 2650 ad
583 2624 709 2659 jauuaiu,
724 2625 776 2652 alia
799 2632 880 2652 manu
897 2625 983 2652 tenuit

229 2697 251 2737 ’ξ
265 2698 307 2737 Al.
328 2699 526 2737 16__<9titei’y_r&;
549 2701 683 2737 βλαϐερὰς
700 2702 807 2737 ἡδονάς.
844 2703 867 2718 θ’
884 2702 925 2728 Al.
944 2702 1026 2728 inser.

194 2732 316 2768 ἀδελφός.
354 2735 377 2750 ⁸⁸
385 2732 434 2762 ’ΛΙ.
450 2735 538 2771 Ναυῆ.

228 2792 289 2838 ’(51)
311 2793 366 2822 Vit.
388 2793 466 2822 Patr.
491 2802 533 2827 ιιι,
551 2794 587 2828 ις
610 2794 703 2822 Schol.
735 2794 766 2821 9.1
789 2794 822 2821 ad
843 2794 983 2821 Urad.‘26.

194 2828 276 2860 Clilu.

229 2864 286 2900 (52)
306 2864 359 2892 Vit.
376 2864 452 2892 Patr.
473 2873 503 2895 ιι,
519 2865 547 2891 5.

242 2900 286 2935 55}
303 2900 334 2928 L.
351 2899 463 2928 Doroth.
481 2900 574 2927 Dactr.
592 2900 639 2926 ‘25.

243 2934 288 2968 54)
321 2936 419 2969 Ἠλίας
448 2935 536 2970 ότῆς
564 2935 727 2969 διακονίας.
756 2935 828 2962 Infra
856 2935 934 2963 titulo
954 2934 987 2963 de

1028 1656 1097 1691 ἄρας
1112 1654 1143 1680 τὸ
1161 1653 1273 1680 τεάλλιον
1296 1651 1390 1683 αὑτοῦ,
1413 1651 1512 1686 εὑρέθη
1531 1650 1612 1685 μηδὲν
1637 1649 1715 1685 ἔχων.
1734 1649 1819 1676 Τοῦτο

1028 1701 1055 1728 δὲ
1070 1699 1156 1728 εἷπον,
1173 1700 1214 1725 ὅτι
1234 1698 1285 1725 κᾶν
1303 1699 1359 1729 τοῖς
1382 1697 1530 1732 ὀφθαλμοῖς
1552 1696 1626 1731 ἴδητέ
1646 1705 1689 1727 τι,
1706 1695 1721 1730 ἢ
1738 1695 1820 1722 ἁκού-

1029 1756 1105 1783 σητε,
1128 1747 1164 1782 μὴ
1179 1744 1371 1780 καταδέξησοε.
1393 1744 1473 1778 Πόσῳ
1499 1743 1599 1778 μᾶλλον
1627 1743 1736 1778 τηρεῖτε
1756 1743 1821 1773 τοὺς

1027 1794 1218 1828 διαλογισμοὺς
1241 1792 1288 1818 καὶ
1307 1791 1357 1822 τὰς
1381 1789 1545 1825 ἐνθυμήσεις
1567 1789 1614 1816 καὶ
1636 1788 1686 1818 τὰς
1705 1788 1818 1819 ἐννοίας.

1029 1839 1128 1871 εἰδότες
1143 1840 1183 1865 δτι
1201 1837 1277 1865 αὐτοὶ
1292 1836 1473 1872 ἐμϐάλλουσιν
1486 1835 1567 1865 αὐτὰ,
1585 1834 1629 1861 ἵνα
1644 1834 1760 1869 μιὰνωσι
1770 1833 1820 1869 τὴν

1028 1886 1117 1921 ψυχὴν
1133 1884 1288 1919 λογίζεσθαι
1304 1883 1339 1909 τὰ
1358 1882 1395 1918 μὴ
1429 1881 1614 1917 συμφέροντα,
1642 1881 1688 1907 καὶ
1709 1880 1751 1906 ἵνα
1771 1880 1820 1906 ὰπ-

1030 1932 1201 1968 ασχολήσωσι
1221 1930 1267 1957 τὸν
1284 1929 1346 1956 νοῦν
1360 1929 1415 1955 ἀπὸ
1431 1927 1486 1954 τῶν
1503 1927 1644 1964 ἁμαρτιῶν
1657 1926 1750 1959 αὑτοῦ,
1773 1927 1821 1952 καὶ

1029 1980 1076 2006 τοῦ
1092 1979 1170 2006 Θεοῦ.

1066 2025 1096 2052 ε’.
1114 2023 1181 2051 Eine
1197 2023 1277 2051 πάλιν
1288 2031 1295 2037 ·
1318 2023 1349 2049 Οῐ
1367 2022 1507 2058 ἄνθρωποι
1531 2021 1576 2047 τὸν
1595 2019 1657 2046 νοῦν
1673 2019 1789 2054 ἔχουσιν,
1804 2017 1820 2052 ἥ

1030 2073 1070 2104 εἰς
1084 2071 1134 2103 τὰς
1154 2070 1300 2106 ἁμαρτίας,
1316 2069 1332 2104 ἢ
1353 2069 1420 2104 πρὸς
1438 2068 1483 2095 τὸν
1503 2066 1618 2102 Ἰησοῦν,
1635 2066 1652 2101 ἣ
1674 2065 1742 2100 πρὸς
1760 2063 1824 2094 τοῦς

1032 2118 1081 2146 ἀνθ
1085 2118 1202 2154 ρώπους.

1069 2169 1105 2197 ς’.
1121 2161 1188 2191 Eine
1215 2162 1313 2190 πάλιν·
1350 2162 1412 2188 Ἐὰν
1443 2161 1480 2197 μὴ
1506 2161 1520 2187 ὀ
1548 2159 1610 2191 νοῦς
1635 2158 1723 2194 ψάλλῃ
1755 2156 1824 2192 μετὰ

1031 2210 1078 2237 τοῦ
1092 2210 1227 2245 σώματος,
1241 2209 1281 2239 εἰς
1298 2208 1386 2243 μάτην
1401 2208 1416 2234 ὁ
1432 2207 1527 2238 κόπος.
1548 2205 1610 2232 Ἐὰν
1630 2204 1684 2239 γάρ
1695 2211 1736 2234 τις
1752 2203 1822 2236 ἀγα-

1034 2258 1072 2292 πᾷ
1087 2256 1136 2291 τὴν
1151 2255 1252 2289 θλίψιν,
1271 2253 1384 2288 ὕστερον
1399 2253 1504 2286 γίνεται
1519 2250 1593 2286 αὐτῷ
1608 2251 1647 2282 είς
1671 2249 1758 2285 χαρὰν
1777 2249 1825 2275 καὶ

1033 2301 1196 2328 ἀνάπαυσιν.
1434 2305 1439 2307 ·

1070 2346 1102 2379 ζ’.
1119 2343 1186 2372 Εῐπε
1200 2345 1290 2376 πάλιν,
1308 2344 1349 2370 ὅτι
1367 2343 1415 2375 Τις
1430 2342 1519 2378 γέρων
1538 2341 1644 2376 ἔμεινεν
1669 2340 1709 2372 είς
1735 2339 1806 2374 ἱερόν
1817 2347 1824 2353 ·

1034 2394 1082 2422 καὶ
1095 2391 1177 2428 ἦλθον
1197 2392 1222 2418 οἱ
1244 2391 1370 2426 δαίμονες
1389 2390 1515 2424 λέγοντες
1535 2387 1626 2423 αὐτῷ’
1654 2386 1771 2413 Ἀπελθε
1794 2386 1826 2412 ἐν

1035 2439 1081 2466 τοῦ
1095 2439 1175 2465 τόπου
1189 2437 1278 2473 ἡμῶν.
1293 2437 1348 2464 Καὶ
1360 2438 1373 2463 6
1385 2436 1474 2471 γέρων
1487 2435 1538 2470 ἔφη
1549 2443 1555 2449 ·
1579 2434 1675 2469 Ὑμεῖς
1685 2433 1735 2459 οὐκ
1750 2432 1825 2467 ἔχετε

1035 2487 1127 2513 τόπον.
1145 2485 1201 2512 Καὶ
1217 2484 1334 2520 ἧρξαντο
1357 2482 1515 2523 σκορπίζειν
1532 2480 1615 2507 αὑτοῦ
1631 2480 1664 2506 τὰ
1686 2479 1749 2515 βαΐα
1765 2478 1826 2505 καθ’

1037 2533 1120 2566 ἅπαξ.
1143 2531 1171 2558 ’0
1186 2531 1215 2558 δὲ
1230 2531 1318 2566 γέρων
1328 2530 1461 2566 ἐπέμενεν
1478 2528 1547 2555 αὐτὰ
1567 2526 1712 2560 συλλέγων.
1729 2525 1821 2563 ’Ὑσσε-

1039 2587 1084 2614 ρον
1095 2579 1108 2604 ὀ
1120 2577 1225 2613 δαίμων
1243 2576 1383 2612 κρατήσας
1396 2573 1479 2601 αὑτοῦ
1495 2575 1545 2608 τήν
1564 2574 1654 2608 χεῖρα,
1667 2571 1763 2606 ἔσυρεν
1779 2569 1825 2596 αὑ-

1036 2625 1082 2650 τὸν
1098 2623 1160 2656 ἔξω,
1184 2623 1228 2654 Ὠς
1244 2622 1273 2648 δὲ
1285 2622 1386 2657 ἔφθασε
1400 2621 1449 2656 τὴν
1460 2619 1546 2655 θύραν
1564 2620 1578 2645 ὁ
1593 2618 1695 2654 γέρων,
1711 2618 1743 2652 τῇ
1759 2615 1827 2651 ἄλλῃ

1050 2701 1096 2727 τὸν
1118 2699 1184 2726 Θεὸν
1269 2699 1292 2715 ⁸⁸
1307 2699 1350 2726 Al.
1362 2697 1456 2725 αὐτοῦ.
1493 2697 1517 2713 ⁸⁸
1530 2697 1572 2724 ΑΙ.
1586 2697 1702 2732 αἵρεσις.
1745 2695 1768 2710 ⁸⁵
1785 2695 1827 2722 Al.

1037 2793 1142 2821 Joanne
1160 2793 1254 2825 Persa,
1271 2800 1345 2819 num.
1361 2792 1390 2824 2,
1413 2790 1540 2818 Ἰάκωϐον
1555 2790 1600 2816 τὸν
1613 2789 1663 2824 τῆς
1680 2788 1828 2821 διακονίας,

1040 2829 1092 2857 Ubi
1105 2828 1231 2863 Pelagius
1244 2828 1325 2854 vertit
1333 2828 1551 2863 dispensatorem.
1562 2825 1695 2863 Typicﬁurri
1710 2825 1738 2851 ὃ.
1751 2825 1830 2863 Saba:

1040 2872 1100 2899 cap.
1114 2864 1131 2891 5
1144 2873 1150 2891 :
1162 2860 1192 2890 Οί
1203 2863 1362 2898 διακονηταὶ
1376 2862 1552 2899 σχολὰςουσιν
1565 2862 1594 2887 ὲν
1608 2862 1668 2892 ταῖς
1682 2860 1831 2899 διακονίαις

1041 2894 1140 2926 αὐξῶν.
1164 2899 1276 2926 Videtur
1295 2894 1377 2932 porro
1392 2894 1446 2924 iste
1460 2897 1532 2924 Elias
1546 2897 1569 2923 is
1585 2904 1657 2932 esse,
1672 2895 1718 2931 qui
1734 2902 1750 2922 a
1769 2894 1831 2922 Pal-

1042 2935 1114 2962 ladio
1134 2931 1302 2962 memoratur
1321 2932 1393 2960 Hist.
1411 2932 1492 2960 Laus.
1510 2939 1570 2966 cap.
1589 2931 1616 2959 5.
