1970 3074
159 181 208 209 £85

749 183 1058 212 APOPHTIIEGMATA
1077 185 1235 215 PA'I'RUM.

1738 190 1791 219 136

154 241 226 278 χειρὶ.
251 241 367 276 κατέσχε
393 242 443 277 τὴν
467 242 563 278 θύραν,
578 243 704 279 κράζων·
728 244 829 279 Ἰησοῦ,
849 244 939 280 βοήθει

993 253 1065 278 eam,
1082 245 1206 274 clamans
1220 255 1226 273 :
1243 244 1320 280 Jesu,
1336 254 1469 275 succurre
1485 247 1563 275 mihi.
1579 247 1789 284 Confestimque

156 295 210 321 μοι.
228 287 281 313 Kal.
291 286 373 319 εὐθὺς
382 287 397 314 6
407 287 512 323 δαίμων
530 288 625 323 ἔφυγε.
639 288 694 314 Kal
708 289 722 315 6
736 289 825 325 γέρων
841 289 944 326 ῆρξατο

153 332 265 360 κλαίειν.
287 332 318 359 '0
329 332 359 360 δὲ
375 333 475 370 Κύριος
495 331 571 361 εἶπεν
591 333 680 369 αὐτῷ·
702 333 734 361 Τί
756 335 879 367 κλαίεις;
896 337 944 362 καὶ

152 378 226 413 λέγει
247 378 262 404 6
281 378 385 414 γέρων
405 379 465 406 Ὀτι
485 379 606 415 τολμῶσι
621 380 757 415 κρατῆσαι
778 381 824 407 τὸν
839 380 945 417 ἄνθρω-

152 432 213 455 πον,
239 425 286 451 καὶ
309 424 396 456 οὕτως
423 425 545 460 ποιῆσαι.
568 424 635 452 Eius
653 426 682 453 δὲ
704 426 796 462 αὐτῷ·
820 428 856 454 Σὺ
875 428 944 464 ὴμέ-

152 469 246 505 λησας.
266 469 329 496 Ὅτε
346 469 401 506 γὰρ
423 470 560 506 ἐζήτησας
587 479 632 506 με,
651 469 720 504 εἶδες
745 472 805 504 πῶς
828 473 944 510 εὐρέθην

153 522 203 539 σοι.
216 514 308 541 Ταῦτα
323 514 404 549 λέγω,
423 515 464 542 ότι
479 515 563 543 κόπου
577 516 675 543 πολλοῦ
699 518 789 554 χρεία,
806 519 852 546 καὶ
865 519 889 546 εί
905 519 943 555 μὴ

152 560 235 592 κόπος
249 560 372 594 γένηται,
395 561 425 588 οὐ
450 561 562 588 δύναταί
586 571 628 595 τις
652 562 724 598 ἔχειν
746 564 792 591 τὸν
814 564 881 591 Θεὸν
895 565 944 592 αὑ-

150 606 198 633 τοῦ
212 606 247 633 ".
260 607 345 640 Αὐτὸς
356 607 411 643 γὰρ
421 607 455 634 δι’
469 609 544 643 ἡμᾶς
559 609 730 646 ἐσταυρώθη.

191 651 316 686 ’Δδελφὸς
337 653 478 688 παρὲὁαλε
499 654 538 689 τῷ
556 654 628 690 ὰεὸᾷ
651 654 729 691 Ἠλία
747 655 786 690 τῷ
801 656 940 692 ἡσυχαστῇ

151 698 225 733 (55),
260 700 300 730 εἰς
326 698 356 724 τὸ
384 699 516 725 κοινόϐιον
545 700 591 726 τοῦ
625 701 757 736 σπηλαίου
789 701 836 728 τοῦ
870 702 943 729 esse

150 743 283 776 Ζάΰῦαη,
300 744 347 770 καὶ
366 744 440 779 λέγει
465 746 554 780 αὐτῷ·
580 747 675 778 Ἀϐϐἆ,
694 745 770 773 εἶπόν
790 757 834 783 μοι
854 749 940 783 ῥῆμα.

155 790 184 817 '0
197 791 225 817 δὲ
241 791 328 827 γέρων
347 791 421 826 λέγει
436 791 475 826 τῷ
490 792 607 828 ἀδελφῷ.
627 793 668 820 ὅτι
687 794 731 820 Ἐν
744 795 805 825 ταῖς
825 795 941 830 ἡμέραις

149 837 204 864 τῶν
219 838 344 872 πατέρων
363 838 454 873 ἡμῶν,
472 839 620 872 ὴγαπῶντο
641 840 668 866 αί
685 841 759 874 τρεῖς
775 841 873 876 ἀρεταὶ
890 838 940 867 αὖ·

155 891 205 916 ται,
258 884 447 919 ἀκτημοσύνη,
462 885 676 921 καὶὴπραότης,
686 886 732 912 καὶ
747 887 762 921 ὴ
775 887 937 922 ἐγκράτεια’

996 290 1067 326 fugit
1080 291 1198 320 daemon.
1213 291 1308 327 Itaque
1322 300 1407 320 senex
1423 292 1488 321 ﬂere
1502 294 1597 329 cepit.
1609 294 1644 321 At
1659 295 1790 323 Dominus

995 337 1065 364 dixit
1079 338 1120 365 ei:
1138 337 1195 365 Cur
1207 337 1275 366 ﬂes?
1289 338 1443 374 Respondit
1459 347 1543 367 senex
1555 349 1561 367 :
1578 339 1657 374 Quod
1671 341 1791 369 audeam

994 383 1165 418 prehendere
1176 384 1327 418 hominem,
1339 388 1422 420 atque
1433 386 1471 412 ita
1484 385 1584 413 facere.
1596 385 1665 413 Tum
1678 386 1713 413 ad
1726 394 1789 414 eum

995 428 1147 458 Dominus:
1168 430 1209 457 Tu
1226 431 1368 466 negligens
1391 431 1479 458 fuisti.
1493 431 1609 464 Quando
1625 432 1698 459 enim
1714 439 1790 467 quae-

993 475 1067 503 siisti
1085 483 1138 507 me.
1155 476 1248 504 vidisti
1281 477 1420 512 quomodo
1435 478 1564 505 Inventus
1582 477 1633 506 sim
1650 478 1710 505 tibi.
1728 478 1789 506 Haec

994 522 1048 555 aio,
1064 522 1195 557 quoniam
1217 522 1310 550 labore
1325 523 1412 550 multo
1425 531 1496 558 opus
1513 527 1573 556 est;
1591 530 1624 550 ac
1640 523 1694 551 nisi
1711 524 1790 551 labo-

992 570 1080 600 retur,
1103 575 1158 595 non
1186 571 1275 603 potest
1292 568 1354 604 quis
1371 568 1472 596 habere
1489 568 1574 596 Deum
1602 576 1694 597 suum.
1721 568 1789 597 Nam

991 612 1052 648 ipse
1068 618 1181 649 propter
1197 621 1247 641 nos
1264 615 1342 642 cruci
1355 614 1452 642 allixus
1465 615 1528 643 fuit.

1028 658 1055 685 8.
1077 659 1144 694 (56)
1168 659 1264 687 Frater
1286 661 1413 688 convenit
1432 661 1557 689 abbatem
1587 661 1673 688 Eliam
1689 660 1789 695 quieta;

991 705 1053 732 vitae
1077 710 1256 739 sectatorem,
1278 706 1306 734 in
1332 708 1488 735 cmuobium
1514 709 1651 744 speluncae
1682 709 1788 737 abbatis

993 750 1099 782 Sabbw,
1115 752 1220 778 ctdixit
1236 753 1260 779 ei
1276 762 1282 780 τ
1300 753 1376 780 Abba
1400 753 1592 781 documentum
1611 754 1676 781 mihi
1698 756 1786 783 trade.

990 794 1026 822 At
1047 803 1129 822 senex
1145 797 1182 822 nit
1205 796 1301 824 fratri:
1320 798 1349 824 ln
1370 797 1468 825 diebus
1489 804 1596 832 patrum
1612 806 1786 834 noslrorum,

990 840 1032 867 hae
1051 845 1108 868 tres
1133 841 1250 869 virtutes
1273 842 1467 877 diligebantur,
1485 848 1642 878 paupertas.
1663 852 1789 872 mansue-

990 887 1065 919 tudo,
1084 887 1259 914 abstinentia.
1289 887 1368 914 Nuno:
1390 896 1454 915 vero
1484 889 1555 916 inter
1575 890 1724 918 monachos
1744 898 1787 918 re-

149 929 197 956 νῦν
211 929 239 956 δὲ
260 931 357 966 κρατεί
379 931 419 962 είς
438 932 503 963 τοὺς
523 933 658 967 μοναχοὺς
727 933 878 965 πλεονεξία,
896 933 939 960 καὶ

993 936 1097 968 guant,
1122 933 1253 966 avaritia,
1274 934 1455 968 confidentia,
1477 935 1549 970 gula.
1576 935 1654 969 Quod
1676 937 1787 972 placue-

149 977 166 1011 ἠ
190 977 411 1012 γαστριμαργία,
437 978 484 1005 καὶ
505 979 522 1012 ἠ
544 978 692 1010 θρασύτης.
716 979 749 1006 Et
764 988 790 1006 τι
801 980 824 995 ⁸’
854 980 942 1012 θέλεις

149 1022 298 1058 κοὰτησον.

327 1078 397 1112 Περὶ
412 1078 466 1105 τοῦ
476 1077 551 1105 ἁϐϐᾶ
569 1078 757 1113 Ἡρακλείου.

189 1131 315 1167 ’Δδελφὺς
330 1133 536 1169 πολεμηθεὶςνθ,
549 1133 701 1169 ἀπήγγειλε
716 1134 755 1169 τῷ
769 1134 841 1170 ἁῦὃᾷ
858 1134 941 1170 Ἡρα-

147 1176 266 1213 κλείῳ’¹-
283 1178 338 1204 Καὶ
362 1177 435 1212 λέγει
458 1178 532 1214 αὐτῷ
555 1180 658 1210 ἐκεῖνος
689 1179 825 1215 στηρίζων
848 1180 940 1214 αὐτὸν,

147 1223 188 1250 ὅτι
211 1223 260 1256 Τὶς
271 1224 361 1260 γέρων
373 1223 436 1260 ἔσχε
446 1224 570 1260 μαθητὴν
585 1225 706 1260 ὑπήκοον
714 1225 784 1252 πάνυ
796 1226 843 1252 ἐπὶ
855 1226 941 1253 πολλὰ

147 1271 206 1306 ἔτη.
224 1271 281 1306 Mt;
301 1268 348 1298 οὖν
370 1271 536 1307 πολεμηθεὶς
561 1271 640 1298 ,ἔϐαλε
668 1272 812 1308 μετάνοιαν
834 1272 873 1308 τῷ
894 1272 941 1307 γέ-

149 1325 231 1352 ροντι,
252 1317 353 1352 λέγων’
380 1317 498 1353 Ποίησον
516 1327 551 1353 με
576 1318 704 1352 γενέσθαι
731 1318 858 1354 μοναχόν.
883 1318 940 1345 Kal

147 1362 220 1397 λέγει
235 1363 310 1399 αὑτῷ
325 1364 339 1390 6
353 1363 443 1399 γέρων
453 1372 460 1379 ⁸
479 1364 565 1390 Βλέπε
581 1364 672 1396 τόπον,
689 1365 736 1391 καὶ
754 1364 883 1400 ποιοῦμεν
897 1373 939 1391 σοι

147 1409 293 1437 κελλίονη.
307 1410 362 1436 Kal.
371 1409 496 1437 ἀπελθὼν
507 1410 561 1437 ἀπὸ
574 1410 689 1445 σημείου
705 1409 765 1442 ἐνὸς
792 1407 867 1445 εὗρε.
884 1410 939 1437 Καὶ

146 1456 310 1488 ἀπελθόντες
322 1456 454 1492 ἐποίησαν
470 1456 585 1484 κελλίον.
603 1456 658 1483 Kal
670 1456 744 1491 λέγει
759 1456 798 1492 τῷ
815 1456 936 1492 ἀδελφῷ·

146 1502 180 1528 Et
192 1501 218 1528 τί
233 1510 274 1528 σοι
289 1501 372 1536 λέγω,
389 1501 468 1529 τοῦτο
488 1502 610 1537 ποίησον.
630 1502 713 1529 Ὅταν
730 1503 836 1538 πεινᾷς,
854 1502 935 1537 φάγε,

146 1548 203 1580 πίε,
220 1547 323 1583 κοιμῶ·
340 1547 420 1583 μόνον
439 1546 485 1574 τοῦ
505 1547 612 1574 κελλίου
631 1555 678 1574 σου
699 1548 736 1583 μὴ
757 1547 867 1583 ἐξέλθῃς
884 1547 936 1579 ἓως

145 1593 193 1620 τοῦ
208 1593 360 1620 σαϐϐάτου·
374 1593 434 1620 τότε
454 1593 534 1629 ἔρχου
553 1593 637 1628 ἐγγύς
656 1602 707 1629 μου
718 1594 751 1621 ⁸³.
776 1594 804 1621 '0
815 1594 843 1620 δὲ
858 1594 935 1620 ἀδελ·
949 1611 970 1640 c

145 1640 195 1674 φὺς
209 1639 320 1675 εποίησε
336 1639 385 1671 τὰς
399 1639 445 1666 δύο
463 1640 569 1676 ἡμέρας
584 1640 654 1667 κατὰ
673 1641 722 1676 τὴν
743 1640 853 1675 ἐντολήν
863 1649 869 1656 ·
888 1640 936 1667 καὶ

145 1687 178 1720 τῇ
195 1685 276 1721 τρίτῃ
290 1685 382 1721 ἡμέρᾳ
399 1685 560 1721 ἁκηδιάσας,
573 1685 662 1720 λέγει·
676 1686 708 1712 Τί
729 1685 808 1712 τοῦτο
823 1685 935 1720 ἐποίησὲ

147 1740 192 1766 μοι
205 1732 220 1757 ό
234 1732 372 1768 γέρων⁹⁸ς
389 1732 437 1758 καὶ
452 1732 581 1764 ἀναστὰς,
597 1731 696 1766 ἔψαλλε
714 1732 856 1763 πλείστους
869 1731 936 1766 ψαλ-

148 1777 232 1814 μοῦς·
252 1778 299 1804 καὶ
314 1777 383 1813 μετὰ
395 1777 426 1804 τὸ
442 1776 519 1804 δῦναι
535 1777 581 1804 τὸν
599 1777 674 1813 ἥλιον
691 1777 792 1812 ἔφαγε·
808 1778 854 1804 καὶ
868 1778 935 1804 ἁνα-

147 1823 214 1856 στὰς
241 1823 346 1858 ἀπῆλθε
364 1823 529 1859 κοιμηθῆναι
548 1823 588 1855 είς
600 1823 631 1850 1:6
643 1823 751 1858 ψιάθιον
769 1823 862 1850 αὐτοῦ.
881 1823 937 1850 Kal.

147 1870 246 1906 θεωρεῖ
259 1869 376 1897 Αἰθίοπα
390 1870 516 1904 κείμενον
529 1870 656 1906 τρίζοντα
675 1870 737 1902 τοὺς
753 1870 862 1902 ὀδόντας
875 1870 935 1896 κατ’

147 1914 241 1941 αὐτοῦ.
260 1914 315 1941 Kal.
332 1914 460 1950 δρομαῖος
475 1914 549 1950 φόόῳ
564 1914 653 1950 πολλῴ
665 1912 731 1950 ἦλθε
748 1915 817 1949 πρὸς
831 1915 876 1941 τὸν
891 1914 937 1948 γέ-

148 1969 244 1996 ροντα·
262 1960 310 1986 καὶ
323 1960 443 1996 κρούσας
458 1960 507 1995 τὴν
521 1960 618 1996 Θύραν,
635 1959 712 1988 εἶπεν
723 1969 729 1977 ·
752 1960 845 1992 Ἀ66ἄ,
860 1961 937 1996 ἐλέη-

148 2005 194 2031 σόν
208 2013 252 2040 με,
264 2004 311 2031 καὶ
318 2004 423 2037 ἄνοιξον
431 2004 464 2031 ⁸⁸.
481 2005 509 2031 '0
520 2005 548 2031 δὲ
556 2005 655 2040 γέρων,
668 2006 749 2039 γνοὺς
761 2005 802 2031 ὅτι
813 2005 862 2031 οὐκ
872 2004 937 2040 ἐφύ-

146 2049 210 2082 λαξε
220 2050 251 2077 τὸ
266 2050 342 2086 ῥῆμα
352 2050 445 2083 αὐτοῦ,
459 2052 509 2077 οὐκ
523 2051 628 2085 ἤνοιξεν
644 2051 717 2087 αὐτῷ
729 2052 781 2083 ἕως
792 2051 875 2086 πρωῒ,
889 2051 937 2078 καὶ

148 2095 257 2128 ἀνοίξας
269 2096 308 2131 τῷ
316 2096 400 2131 πρωῒ,
412 2094 491 2133 εὗρεν
498 2097 580 2123 αὑτὸν
590 2097 642 2129 ἔξω
654 2097 863 2134 παρακαλοῦντα
871 2105 877 2112 ·
890 2097 937 2124 καὶ

148 2142 315 2177 οἱκτηρήσας
335 2142 494 2178 εἰσήνεγκεν
516 2143 608 2170 αὐτόν.
643 2143 710 2169 Τότε
734 2142 823 2177 λέγει·
837 2142 938 2178 Δέομαί

151 2195 207 2220 σου,
231 2188 333 2223 Πάτερ·
353 2188 470 2215 Αἰθίοπα
489 2188 593 2224 μέλανα
617 2187 686 2216 εἶδον
707 2189 754 2215 ἐπὶ
776 2189 807 2215 τὸ
830 2188 937 2223 ψιάθιόν

152 2243 213 2269 μου,
234 2235 272 2267 ὡς
292 2235 414 2271 ἀπῆλθον
432 2235 609 2271 κοιμηθῆναι.
638 2236 667 2262 ’0
691 2236 719 2262 δὲ
748 2234 825 2263 εἶπεε
852 2236 938 2263 Τοῦτο

995 978 1048 1010 rit,
1070 978 1150 1014 elige.

1249 1074 1288 1102 De
1311 1075 1404 1102 abbate
1436 1075 1570 1105 Heraclio.

1028 1131 1126 1159 Frater
1155 1133 1353 1160 lenlationibus
1389 1133 1583 1168 impugnatus,
1614 1134 1784 1163 denuntiavit

991 1178 1083 1206 abbati
1115 1178 1250 1206 Heraclio.
1278 1179 1324 1206 Ille
1344 1184 1373 1206 ut
1401 1180 1578 1208 conﬁrmaret
1601 1189 1681 1214 eum,
1714 1182 1785 1210 hanc

991 1225 1113 1251 narravit
1138 1225 1303 1253 historiam:
1323 1225 1413 1253 Senex
1442 1227 1553 1261 quidam
1578 1227 1674 1255 habuit
1699 1228 1784 1256 disci-

991 1270 1085 1303 pulum
1110 1269 1273 1297 obedientiaa
1290 1271 1390 1298 virtute
1413 1277 1606 1307 praestantem,
1627 1273 1661 1300 ad
1685 1275 1784 1302 multos

990 1322 1088 1342 annos.
1105 1314 1157 1348 Qui
1172 1316 1319 1350 aliquando
1342 1320 1463 1345 tentatus
1478 1326 1509 1345 ac
1535 1319 1726 1354 impugnatus,
1741 1328 1784 1348 se-

990 1369 1051 1388 nem
1071 1361 1239 1389 demitteudo
1266 1370 1296 1390 se
1319 1364 1465 1396 salutavit;
1487 1371 1520 1392 ac
1551 1365 1640 1393 dixit:
1660 1365 1714 1392 Fac
1741 1373 1784 1394 me

989 1414 1051 1434 esse
1067 1408 1244 1436 monachum.
1266 1409 1311 1435 Ait
1327 1409 1364 1436 illi
1386 1417 1469 1437 senex
1485 1419 1492 1436 :
1509 1410 1612 1438 Locum
1627 1411 1783 1444 considera,

988 1458 1015 1481 et
1032 1453 1165 1482 faciemus
1185 1455 1232 1482 tibi
1256 1456 1364 1483 cellam.
1391 1456 1461 1491 Ergo
1484 1457 1580 1484 abiens
1605 1458 1700 1492 procul
1728 1465 1784 1484 uno

988 1500 1093 1535 lapide.
1119 1502 1230 1536 reperit.
1256 1501 1324 1528 Tum
1350 1502 1462 1537 profecti
1496 1503 1593 1530 cellam
1620 1507 1783 1531 construxe-

988 1550 1062 1573 runt.
1080 1546 1150 1574 Dicit
1168 1547 1246 1574 fratri
1263 1556 1270 1574 :
1286 1547 1364 1581 Quod
1377 1549 1427 1575 tibi
1449 1549 1640 1580 edisseruero.
1657 1549 1709 1576 hoc
1728 1549 1781 1578 fac.

988 1590 1103 1624 Quando
1129 1593 1280 1624 esurieris,
1301 1593 1459 1627 manduca;
1489 1594 1572 1621 simili
1600 1594 1683 1622 modo
1708 1595 1782 1628 bibe,

986 1638 1096 1665 dormi:
1115 1642 1220 1666 tantum
1245 1648 1260 1667 e
1288 1640 1356 1666 cella
1379 1643 1424 1666 tua
1451 1647 1485 1667 ne
1504 1640 1624 1673 exieris,
1645 1648 1732 1676 usque
1747 1642 1782 1668 ad

987 1683 1156 1717 Sabbatum;
1175 1688 1240 1712 tunc
1255 1686 1316 1712 veni
1329 1685 1409 1720 juxta
1427 1693 1479 1713 me.
1496 1684 1591 1712 Frater
1603 1690 1694 1713 autem
1711 1687 1782 1714 duos

986 1728 1045 1756 dies
1064 1731 1167 1764 peregit
1181 1737 1213 1757 ex
1243 1735 1402 1766 praecepto;
1421 1735 1447 1757 at
1471 1731 1516 1759 die
1541 1732 1621 1758 tertia
1640 1731 1722 1758 taedio
1741 1732 1783 1758 af-

987 1775 1076 1802 fectus
1090 1776 1159 1802 dixit
1172 1785 1179 1802 :
1198 1776 1253 1803 Cur
1268 1777 1305 1803 ita
1321 1784 1427 1804 mecum
1441 1777 1496 1812 egit
1509 1777 1610 1805 senex?
1623 1777 1713 1810 Quare
1725 1786 1783 1805 sur-

987 1828 1071 1855 gens,
1092 1821 1176 1855 cwpit
1191 1822 1305 1856 psallere
1325 1823 1417 1856 plures
1434 1823 1555 1857 psalmos
1569 1831 1577 1856 ;
1594 1831 1626 1850 ac
1642 1828 1702 1858 post
1714 1823 1782 1851 solis

987 1873 1115 1893 occasum
1143 1866 1234 1894 cibum
1265 1868 1406 1902 sumpsit;
1423 1876 1594 1904 surgensque
1616 1869 1683 1896 abiit
1702 1870 1781 1897 cubi-

987 1914 1045 1938 tum
1070 1919 1153 1946 super
1175 1916 1260 1939 matta
1280 1921 1340 1940 sua.
1365 1913 1398 1940 Et
1417 1913 1490 1941 videt
1506 1914 1662 1949 Ethiopem
1684 1915 1781 1950 jacen-

988 1960 1059 1989 tem,
1073 1958 1120 1992 qui
1139 1957 1268 1986 dentibus
1292 1959 1426 1986 stridebat
1452 1960 1586 1988 adversus
1610 1968 1682 1988 eum.
1703 1960 1781 1988 Unde

987 2010 1050 2030 cum
1078 2003 1179 2031 timore
1204 2005 1290 2031 multo
1306 2005 1432 2032 cucurrit
1449 2006 1483 2032 ad
1507 2014 1600 2033 senem
1620 2015 1626 2033 :
1648 2007 1780 2041 pulsatis-

988 2057 1041 2084 que
1055 2049 1179 2082 foribus,
1195 2051 1251 2077 ait:
1267 2051 1343 2078 Abba
1355 2070 1363 2082 .
1381 2052 1512 2079 miserere
1536 2053 1588 2080 mei
1600 2072 1608 2084 ν
1631 2054 1717 2088 aperi.
1733 2052 1781 2080 Se-

988 2103 1041 2123 nex
1056 2100 1157 2129 autem,
1173 2096 1265 2124 sciens
1276 2097 1348 2132 quod
1364 2105 1419 2125 non
1433 2098 1600 2126 custodisset
1610 2099 1781 2131 mandatum,

989 2149 1043 2169 non
1055 2143 1161 2177 aperuit
1176 2150 1263 2177 usque
1274 2143 1307 2171 ad
1318 2143 1470 2171 diluculum
1483 2154 1490 2171 :
1506 2153 1562 2180 quo
1576 2150 1697 2180 tempore
1714 2153 1780 2180 ape-

988 2188 1076 2219 riens,
1101 2189 1205 2216 invenit
1226 2189 1299 2216 foras
1320 2195 1482 2225 rogantem:
1501 2195 1528 2218 et
1542 2190 1783 2218 commiseratione

989 2234 1088 2262 ductus
1109 2235 1263 2262 introduxit
1284 2244 1358 2264 eum.
1377 2236 1455 2264 Tunc
1474 2237 1513 2264 ait
1531 2246 1538 2264 :
1553 2236 1608 2264 Oro
1633 2241 1670 2268 te,
1700 2236 1783 2263 Pater

151 2280 260 2313 ἔπαθες,
275 2281 316 2308 ὅτι
333 2282 383 2308 οὐκ
400 2281 536 2316 ἐφύλαξας
551 2283 581 2309 τὸ
596 2283 672 2318 ῥῆμά
687 2291 747 2318 μου.
768 2282 835 2309 Τότε
849 2281 939 2308 τυπώ-

993 2280 1047 2308 vidi
1063 2280 1220 2316 Ethiopem
1238 2290 1321 2318 super
1340 2287 1452 2310 mattam
1467 2290 1565 2316 meam,
1587 2287 1616 2310 ut
1629 2283 1781 2310 dormitum

153 2335 201 2359 σας
220 2327 294 2362 αὐτῷ
315 2327 384 2363 πρὸς
408 2328 459 2364 τὴν
481 2328 606 2364 δύναμιν,
633 2329 664 2355 τὸ
686 2329 832 2356 ἀκόλουθον
841 2329 864 2344 ⁵⁸
891 2328 938 2355 τοῦ

152 2374 284 2409 μονήρους
311 2373 369 2409 βίου
394 2374 416 2391 ’⁷
424 2394 432 2407 ,

148 2421 237 2454 καλός.

183 2563 205 2579 ⁸⁷
223 2562 264 2590 Al.
280 2564 339 2594 μετ’
350 2564 443 2592 αὑτοῦ.
497 2565 520 2581 ⁸⁸
535 2564 584 2593 Ed.
610 2565 694 2593 Eiﬁa.
738 2566 761 2582 "
777 2566 826 2594 Ed.
841 2567 856 2594 ὂ
871 2576 907 2594 τι.

183 2572 203 2579 "
223 2572 264 2590 Al.
301 2572 338 2591 ἐτ’
350 2572 443 2592 αυτου.
497 2572 520 2581 ’⁵⁸
535 2572 584 2593 Βα-

148 2597 175 2636 ”_
184 2599 226 2636 Al.
253 2572 317 2626 atiil.
339 2600 387 2627 καὶ
402 2600 465 2636 γίνῃ
483 2600 608 2636 μοναχός.

991 2326 1056 2353 abii.
1076 2325 1189 2362 Excepit
1206 2335 1287 2355 senex
1305 2337 1311 2355 :
1330 2327 1358 2356 Id
1374 2329 1422 2356 tibi
1440 2329 1551 2362 accidit,
1570 2330 1632 2364 quia
1651 2336 1704 2356 non
1721 2337 1781 2356 ser-

458 2374 528 2401 κατὰ
567 2375 664 2411 μικρὸν
692 2375 789 2409 γέγονε
823 2374 939 2410 μοναχὸς

994 2372 1063 2399 vasti
1075 2372 1148 2406 quod
1167 2380 1359 2408 praeceperam.
1384 2373 1450 2401 Post
1469 2374 1526 2401 haec
1542 2382 1590 2409 pro
1607 2374 1679 2401 virili
1696 2373 1781 2401 infor-

986 2420 1072 2447 mavit
1088 2428 1151 2447 eum
1171 2421 1197 2447 in
1217 2421 1313 2448 ordine
1327 2422 1388 2449 vitae.
1402 2422 1577 2455 monasticae;
1593 2422 1784 2457 paulatimque

990 2468 1077 2496 evasit
1091 2468 1194 2503 probus
1210 2469 1371 2496 monachus.

955 2568 982 2607 '°_
992 2568 1044 2595 Alii
1059 2568 1125 2607 add.
1148 2569 1258 2607 οίκῆσαι
1270 2605 1274 2607 _
1287 2570 1348 2607 καθ’
1367 2570 1472 2607 ὲαιιτόν.
1518 2570 1594 2607 "VAI.
1604 2570 1777 2607 Ἡρακλείδῃ.

652 2601 735 2638 ⁰¹ᾹᾹ1.
766 2601 849 2629 inser.
863 2604 911 2629 καὶ
930 2603 1101 2638 ὑπέοτρεψεν
1114 2604 1129 2630 ὁ
1142 2604 1174 2638 γέ

1178 2601 1231 2640 ρὼν
1252 2605 1292 2636 είς
1307 2605 1338 2631 1:6
1352 2605 1457 2632 κελλίον
1474 2606 1568 2633 αὑτοῦ.
1612 2601 1693 2634 ’δ’Δι.
1713 2601 1777 2636 adii.

148 2633 231 2669 εὐχὰς
247 2636 344 2661 ποιεῖν.
381 2633 465 2662 "'Al'.’
480 2633 608 2672 maxum
624 2636 738 2672 ταχέως.
777 2638 800 2653 ⁹⁶
816 2637 858 2664 AI.
873 2638 939 2673 τὴν4

991 2633 1107 2666 λοὺθῑαν.
1145 2633 1167 2656 ίτ
1178 2633 1224 2667 'AI.
1239 2633 1302 2667 add.
1317 2641 1452 2667 ἀπέλυσεν
1469 2641 1560 2675 actm,
1576 2641 1632 2669 καί.

184 2744 241 2779 (55)
262 2744 450 2784 'Ho‘vzao'tﬁ.
482 2746 657 2784 ςῌσυχαστής
678 2751 706 2775 et
729 2749 940 2784 ἡσυχαστήριον,

994 2749 1156 2784 presbytero.
1172 2751 1211 2778 vel
1221 2752 1315 2778 viventi
1328 2753 1365 2779 vel
1381 2753 1504 2779 morienti
1518 2761 1563 2780 seu
1574 2753 1609 2780 ad
1627 2754 1708 2780 aliam
1734 2762 1776 2780 re-

147 2785 210 2808 tiola
228 2781 351 2822 nominart
372 2780 425 2822 sed
528 2780 602 2822 vetat
619 2780 678 2810 leve
695 2780 822 2822 [nendum
846 2780 942 2822 tollere
994 2780 1121 2822 iiyiorierrt
1138 2786 1204 2820 (imo
1216 2787 1357 2822 regionem)
1372 2788 1411 2813 vel
1424 2788 1458 2814 ad
1473 2789 1589 2822 quietam
1602 2789 1683 2815 vitam
1695 2795 1779 2815 trans—

147 2823 180 2842 ex
200 2815 316 2849 epistola
331 2814 470 2853 Paschalis
483 2815 504 2842 ll
517 2816 550 2853 ad
568 2816 748 2853 rNurgaudum
769 2819 940 2853 Augustodu-

148 2858 262 2879 ncmem.
275 2857 364 2889 quam_
374 2850 432 2889 luce
445 2851 555 2889 (lonavit
568 2852 594 2879 in
609 2850 763 2889 appendice
772 2854 805 2881 ad
812 2850 938 2889 ’8θείηο-

148 2893 318 2922 nenrsuum
343 2885 382 2911 vir
408 2885 578 2922 clarissimus
608 2885 762 2922 Stephanus
791 2885 937 2917 Balusius?

149 2920 221 2948 Illud
233 2925 324 2948 autem
337 2921 482 2954 apostolica
492 2920 813 2954 auctoritatestatuimus.
826 2931 852 2951 ut
865 2926 932 2952 nulli

991 2821 1076 2856 eunti,
1095 2821 1173 2848 liceat
1187 2830 1227 2848 res
1242 2831 1307 2856 quas
1327 2832 1343 2848 a
1358 2823 1402 2850 die
1427 2821 1604 2850 ordinatimris
1619 2832 1675 2850 sua:
1688 2825 1713 2850 in
1730 2832 1776 2850 u-

990 2853 1113 2895 elesior‘n
1132 2865 1184 2895 qua
1200 2863 1238 2884 est
1248 2853 1392 2895 ordinatus
1412 2859 1565 2895 conquirere
1576 2859 1671 2893 poterit
1686 2859 1720 2893 (ι.
1734 2865 1779 2893 ρο-

990 2891 1091 2923 tuerit),
1106 2892 1211 2926 auferre
1228 2893 1266 2919 vel
1282 2894 1409 2921 minuere.

1027 2926 1083 2962 (50)
1103 2926 1206 2955 Moschi
1224 2936 1249 2956 c.
1271 2928 1314 2956 52.
