1970 3074
171 169 222 198 187

396 229 566 266 Principium
585 230 684 259 littera:
700 231 732 258 Θ.

327 287 365 314 De
381 287 476 315 abbate
488 287 625 316 Theodoro
642 288 805 316 Pltermensi.

211 354 237 382 1.
251 354 307 390 (57)
322 355 414 383 Abbas
431 355 594 384 Theodorus
609 356 732 384 Phermm
756 361 812 384 tres
843 356 967 391 posside—

176 400 226 430 bat
243 401 331 430 bonos
349 402 435 429 libros
449 410 456 435 ;
472 407 499 429 et
514 403 589 430 venit
605 402 639 429 ad
655 403 781 430 abbatem
807 402 966 433 Macarium,

175 448 298 484 dixitque
311 450 334 476 ei
350 459 357 476 :
371 448 439 476 Tres
466 448 533 476 Inibi
553 454 619 476 sunt
642 449 753 477 codices
777 449 914 484 prmelari,
934 457 967 476 cx

175 501 296 529 quorum
314 494 431 522 lectione
444 494 574 529 prolicio;
599 494 698 523 fratres
711 503 820 530 quoque
833 495 867 522 ad
888 503 967 522 nsum

176 539 328 574 accipiunt,
354 543 382 567 et
410 539 559 575 proﬁciunt
592 541 705 575 pariter.
729 539 799 567 Fare
823 547 888 575 ergo
903 540 968 575 quid

175 584 290 612 debeam
307 584 408 612 facere.
428 584 600 613 Retinebone
612 593 661 613 eos
680 585 713 612 ad
729 593 817 613 meam
842 585 971 612 fratrum-

176 638 231 665 que
244 630 408 663 utilitatem,
429 635 476 658 aut
498 631 625 663 vendam,
644 636 671 659 ut
695 631 756 659 dem
782 632 971 666 pauperibus?

175 675 330 711 Respondit
357 684 459 705 senex:
480 676 562 704 Bonan
587 677 698 712 quidem
728 681 793 705 sunt
824 678 968 710 actiones;

177 722 226 750 sed
241 722 332 757 majus
345 723 475 750 omnibus
486 726 539 755 est,
549 722 618 750 nihil
630 723 780 758 possidere.
794 723 854 756 Quo
864 723 970 756 audito,

177 767 317 802 discessit,
334 776 367 796 ac
379 768 504 796 vendidit
515 776 575 800 eos,
592 769 793 804 pecuniamque
805 768 971 804 pauperibus

178 814 302 842 tradidit.

212 859 240 887 2.
258 859 314 895 (58)
328 858 424 887 Frater
438 859 551 894 quidam
569 859 696 888 residens
721 861 748 887 in
765 860 848 888 Cellis
879 859 973 888 solita-

756 171 930 200 APPENDIX
949 173 996 201 Al.)
1016 173 1225 203 PALLADlUM.

1759 177 1811 204 153

1241 235 1325 271 Ἀρχὴ
1341 235 1387 262 τοῦ
1407 235 1428 262 θ
1449 236 1591 271 στοιχείου.

1068 291 1138 325 Περὶ
1153 291 1207 318 τοῦ
1222 291 1297 319 ἁὸϐἁ
1316 292 1467 326 Θεοδώρου
1483 293 1537 320 τοῦ
1552 292 1608 327 τῆς
1624 291 1750 327 Φέρμης.

1054 361 1089 384 α’.
1108 358 1137 384 ’0
1148 358 1235 390 ἀὸὃᾶς
1246 359 1383 394 Θεόδωρος
1391 360 1405 385 ό
1419 359 1467 394 τῆς
1477 358 1588 394 Φέρμης
1601 359 1735 394 ἐκτήσατο
1748 357 1810 394 τρία

1020 403 1109 439 βιϐλία
1124 404 1209 431 καλά’
1226 405 1273 431 καὶ
1296 405 1431 440 παρέϐαλε
1448 405 1487 440 τῷ
1504 405 1576 442 ἀϐὒᾴ
1599 405 1747 442 Μακαρίῳ,
1764 405 1812 431 καὶ

1018 449 1091 484 λέγει
1113 450 1196 486 αὐτῷ,
1221 451 1262 477 ὅτι
1283 451 1357 486 ’Ἑχω
1372 451 1435 487 τρία
1458 451 1548 486 βιϐλία
1567 452 1648 483 καλὰ,
1666 451 1714 478 καὶ
1739 451 1808 485 ὠτε-

1019 495 1117 531 λοῦμαι
1131 496 1161 528 ἐξ
1181 496 1285 522 αὐτῶν·
1303 496 1350 523 καὶ
1371 497 1395 522 oi
1416 496 1525 531 ἀδελφοὶ
1547 496 1697 532 κιχρῶνται
1724 495 1812 526 αὐτὰ.

1021 542 1068 568 καὶ
1082 541 1259 576 ὠφελοῦνται.
1281 542 1347 569 Εἰπὲ
1362 540 1408 569 οὖν
1427 551 1481 578 μοι.
1507 542 1535 568 τί
1550 542 1665 578 ὤφειλον
1680 543 1811 577 ποιῆσαι;

1021 587 1150 622 κατάσχω
1171 587 1241 614 αὐτὰ
1266 588 1307 619 είς
1329 588 1379 624 τὴν
1403 589 1473 624 ἐμὴν
1489 588 1535 615 καὶ
1555 589 1604 624 τὴν
1618 589 1672 615 τῶν
1690 589 1812 624 ἀδελφῶν

1021 633 1165 668 ὠφέλειαν,
1188 633 1204 669 ἢ
1228 633 1347 669 πωλήσω
1361 634 1430 660 αὐτὰ
1447 633 1494 660 καὶ
1512 633 1590 661 δώσω
1609 635 1742 670 πτωχοῖς;
1759 635 1813 662 Καὶ

1021 678 1182 714 ἀποκριθεὶς
1204 679 1218 706 ό
1239 679 1327 714 γέρων
1350 677 1425 706 εἷπε”
1443 679 1532 706 Καλαὶ
1559 680 1609 716 μὲν
1629 681 1658 708 αἰ
1681 681 1813 716 πράξεις,

1022 723 1089 751 ἀλλὰ
1108 724 1209 759 μείζων
1225 724 1334 751 πάντων
1354 725 1371 760 ἡ
1384 724 1559 760 ἀκτημοςύνη
1577 726 1644 752 ἐστι.
1664 726 1718 752 Καὶ
1736 726 1815 753 τοῦτο

1022 770 1151 803 ἀκούσας,
1163 770 1288 797 ἀπελθὼν
1300 770 1441 806 ἐπώλησεν
1455 771 1534 801 αὐτὰ,
1551 772 1598 798 καί
1612 771 1722 799 διέδωκε
1741 781 1813 799 πτω-

1023 816 1091 850 χοτς.

1059 860 1093 896 β’.
1120 860 1247 895 Ἀδελφός
1266 870 1308 893 τις
1328 861 1510 897 καθεζόμενος
1527 863 1566 894 είς
1582 862 1616 889 τὰ
1633 863 1731 890 Κελλία
1750 864 1813 890 ετα-

178 906 219 933 rie
231 905 415 938 turbabatur;
431 910 459 932 et
475 905 572 932 abiens
597 905 630 932 ad
647 906 773 933 abbatem
797 905 971 933 Theodorum

1030 906 1141 933 οάσσετο
1158 907 1329 942 καταμόνας·
1351 907 1398 934 καὶ
1418 907 1543 934 ἀπελθὼν
1569 908 1637 943 πρὸς
1662 908 1707 934 τὸν
1728 908 1814 935 ἀσεᾶν

178 951 386 984 Phermensem,
404 952 500 981 retulit
516 951 552 979 ei.
576 951 663 980 Senex
685 959 749 980 vero
767 952 836 979 dixit
851 962 857 978 :
884 951 968 985 Vade,

179 997 310 1024 humilem
328 997 412 1025 redde
430 997 624 1033 cogitationem
640 1002 725 1028 tuam,
753 998 859 1032 subjice
883 1002 920 1028 te.
945 1001 972 1024 et

178 1051 242 1072 cum
255 1043 317 1072 aliis
333 1049 452 1071 maneto.
472 1043 571 1071 Postea
593 1051 720 1071 reversus
735 1047 778 1071 est
801 1043 836 1071 ad
865 1051 970 1075 senem,

179 1089 303 1125 dixitque
318 1099 325 1117 :
343 1089 437 1125 Neque
451 1097 514 1116 cum
529 1089 688 1117 hominibus
703 1089 883 1124 conquiesco.
897 1088 968 1116 Tum

179 1143 263 1163 senex
280 1135 314 1163 ad
331 1143 414 1162 eum:
437 1135 466 1162 Si
487 1143 576 1170 neque
603 1136 680 1163 solus
707 1143 795 1170 neque
818 1143 881 1162 cum
910 1135 972 1162 aliis

179 1181 299 1216 quietem
318 1181 438 1214 obtines,
462 1189 517 1216 qua
532 1180 566 1209 de
583 1189 666 1209 causa
692 1189 822 1216 egressus
836 1189 866 1209 es
882 1181 916 1208 ad
933 1181 973 1208 vi-

180 1231 236 1254 tain
251 1227 441 1254 monachalem
455 1227 466 1254 Ἰ
480 1227 577 1255 Nonne
592 1231 622 1254 ut
639 1228 834 1255 tribulationes
851 1228 974 1256 sustine-

182 1274 251 1301 res!
273 1272 361 1301 Dicito
394 1277 485 1301 autem
504 1274 571 1301 mihi
586 1283 594 1301 :
611 1274 634 1300 Α
660 1278 727 1309 quot
742 1274 823 1301 annis
848 1274 972 1301 habitum

184 1319 289 1351 gestas?
305 1319 384 1351 Octo,
404 1320 505 1355 inquit.
520 1319 597 1347 Tunc
611 1327 693 1347 senex
712 1320 736 1347 ei
752 1329 759 1347 :
779 1319 860 1347 Certe
882 1319 909 1346 in
925 1320 973 1346 ha-

181 1365 240 1392 bitu
264 1365 317 1393 hoc
331 1366 506 1401 septuaginta
533 1373 621 1393 annos
641 1366 771 1401 transegi,
796 1373 845 1393 nec
861 1366 903 1393 vel
918 1374 973 1393 uno

182 1410 227 1438 die
241 1410 361 1445 quietem
377 1415 478 1439 nactus
497 1419 557 1439 sum
572 1420 580 1444 ;
598 1415 627 1438 tu
645 1419 711 1439 vero
729 1415 791 1446 post
805 1415 869 1438 octo
886 1419 974 1439 annos

182 1457 225 1485 vis
242 1458 364 1493 requiem
379 1458 531 1494 possidere.
559 1458 620 1491 Quo
636 1458 680 1486 ille
696 1458 802 1491 audito,
825 1458 975 1486 continua-

182 1506 228 1531 tus
245 1504 373 1532 recessit.

217 1548 244 1575 5.
257 1548 313 1583 (59)
336 1548 434 1576 Frater
461 1549 581 1577 accessit
607 1550 755 1585 aliquando
783 1549 817 1577 ad
847 1550 974 1577 abbatem

1023 952 1160 988 Θεόδωρον
1175 953 1221 979 τὸν
1240 952 1290 987 τῆς
1304 952 1425 987 ⁴ινέρμης,
1441 951 1517 979 εἶπεν
1533 953 1617 988 αὐτῷ.
1638 953 1667 980 '0
1681 953 1709 980 δὲ
1724 953 1814 990 γέρων

1023 997 1117 1025 εἶπεν·
1140 998 1261 1032 ”Υπαγε,
1285 998 1452 1025 ταπείνωσον
1475 999 1520 1025 τὸν
1544 999 1673 1034 λογισμόν
1694 1007 1751 1031 σου,
1769 1001 1816 1026 καὶ

1023 1043 1187 1078 ὑποτάγηθι,
1207 1043 1255 1070 καὶ
1273 1045 1362 1078 μεῖνον
1381 1044 1449 1077 μετὰ
1462 1044 1563 1071 ἄλλων.
1579 1045 1633 1071 Kal.
1649 1045 1816 1079 ὑποστρέφει

1023 1090 1091 1125 πρὸς
1107 1089 1154 1118 τὸν
1175 1089 1300 1124 γέροντα,
1324 1090 1372 1116 καὶ
1390 1089 1463 1123 λέγει
1483 1090 1574 1124 αὐτῷ’
1592 1090 1659 1116 Οὐδὲ
1677 1090 1746 1126 μετά
1761 1091 1817 1118 τῶν

1023 1134 1176 1170 ἀνθρώπων
1190 1135 1376 1170 ἀναπαύομαι.
1392 1135 1447 1161 Καὶ
1459 1135 1532 1169 λέγει
1548 1134 1621 1170 αὐτῷ
1637 1135 1651 1160 ὁ
1665 1135 1768 1171 γέρων·
1784 1136 1827 1167 Et.

1024 1181 1105 1216 μόνος
1127 1181 1177 1207 οὐκ
1200 1180 1338 1216 ἀναπαύῃ,
1364 1181 1425 1207 οὐδὲ
1449 1181 1518 1216 μετὰ
1543 1180 1598 1207 τῶν
1623 1180 1720 1213 ἄλλων,
1745 1180 1816 1208 Stati

1023 1225 1134 1261 ἐξῆλθες
1151 1227 1191 1256 είς
1202 1226 1248 1252 τὸν
1264 1226 1394 1261 μοναχόν;
1413 1227 1473 1261 οὐχ).
1490 1227 1534 1253 ἵνα
1549 1227 1688 1262 ὑποφὲρῃς
1702 1229 1750 1258 τὰς
1761 1226 1817 1252 Θλί-

1023 1271 1098 1306 ψεις;
1124 1271 1185 1297 είπὲ
1207 1271 1237 1298 δέ
1265 1279 1324 1306 μοι*
1349 1271 1422 1298 Πόσα
1441 1271 1489 1306 ἔτη
1505 1271 1576 1307 ἔχεις
1593 1273 1633 1303 είς
1657 1273 1687 1298 τὸ
1708 1272 1816 1307 σχῆμα;

1024 1317 1120 1351 Λέγει·
1143 1317 1239 1344 Ὀκτώ.
1257 1315 1340 1344 Εἶπεν
1358 1315 1405 1344 οὖν
1419 1317 1493 1352 αὑτῷ
1510 1318 1524 1344 ὸ
1538 1317 1628 1353 γέρων
1639 1326 1645 1332 ·
1662 1317 1745 1344 Φύσει
1762 1317 1818 1353 ἔχω

1024 1364 1053 1389 ὲν
1070 1363 1109 1398 τῷ
1125 1363 1245 1398 σχήματι
1260 1363 1444 1399 ὲὸδομήκοντα
1463 1363 1522 1400 ετη,
1537 1364 1584 1390 καὶ
1597 1363 1657 1390 οὐδὲ
1670 1364 1734 1399 μίαν
1747 1364 1816 1400 ὴμέ-

1026 1417 1075 1445 ραν
1097 1407 1175 1444 εὖρον
1199 1409 1370 1436 ἀνάπαυσινο
1388 1410 1436 1436 καὶ
1456 1410 1488 1436 σὺ
1507 1411 1548 1442 είς
1561 1409 1634 1436 ὀκτὼ
1659 1409 1705 1445 ἔτη
1726 1409 1814 1441 θέλεις

1025 1453 1177 1481 ἀνάπαυσιν
1201 1453 1289 1489 ἐχειν;
1310 1455 1365 1481 Καὶ
1390 1454 1469 1481 τοῦτο
1495 1454 1625 1487 ἀκούσας,
1659 1455 1817 1490 ιδραιωθεὶς

1025 1499 1159 1536 ἀπῆλθεν.

1062 1547 1098 1581 γ’.
1119 1547 1278 1583 Παρέὸαλεν
1302 1547 1417 1581 ἀδελφός
1440 1554 1506 1573 ποτε
1527 1545 1566 1582 τῷ
1587 1545 1659 1582 ἀδόᾷ
1675 1545 1818 1582 Θεοδώρῳ,

181 1593 367 1626 Theodorum.
383 1599 411 1622 et
425 1596 576 1630 permansit
590 1596 649 1624 dies
666 1601 738 1630 tres,
753 1603 838 1624 orans
861 1601 891 1624 ut
915 1605 963 1624 au-

1030 1593 1063 1620 ια).
1079 1593 1191 1629 ἐποίησε
1211 1595 1285 1629 τρεῖς
1300 1593 1406 1628 ἡμέρας
1426 1592 1591 1628 παρακαλῶν
1606 1592 1687 1618 αὑτὸν
1703 1592 1818 1619 ἀκοῦσαι

182 1639 254 1667 diret
266 1640 370 1668 dictum
384 1641 506 1677 aliquod.
524 1641 578 1669 Sed
601 1642 647 1670 ille
669 1650 843 1678 nequaquam
859 1651 974 1679 respon-

182 1686 234 1714 dit.
263 1685 340 1715 Unde
365 1687 451 1715 frater
474 1688 562 1716 tristis
585 1697 714 1724 egressus
737 1694 792 1717 est.
823 1689 869 1716 Ait
893 1690 975 1725 igitur

183 1732 338 1768 discipulus
355 1733 416 1768 ejus
430 1743 437 1761 :
453 1733 542 1767 Abba,
558 1742 645 1769 quare
675 1734 743 1761 nihil
767 1735 792 1762 ei
816 1735 934 1763 dixisti?
948 1740 975 1764 et

186 1779 370 1808 contristatus
393 1780 538 1808 abscessit.
560 1779 630 1808 Tum
660 1788 762 1809 senex:
791 1781 891 1817 Utique
920 1789 975 1810 non

184 1825 295 1854 locutus
311 1833 373 1854 sum
385 1826 412 1853 ei
426 1835 434 1860 ;
448 1826 603 1861 negotiator
616 1828 690 1856 enim
718 1830 781 1860 est,
799 1828 911 1863 vultque
938 1835 972 1855 ex

185 1873 304 1900 aliorum
315 1873 490 1900 sermonibus
507 1873 622 1908 gloriati]
638 1879 791 1908 reportare.

221 1919 322 1954 4.160)
339 1919 414 1946 Dixit
436 1919 556 1946 iterum:
580 1919 609 1947 Si
630 1921 779 1947 amicitiam
803 1928 866 1948 cum
884 1922 976 1956 aliquo

183 1963 323 1999 junxeris,
339 1964 488 2000 contigerit
501 1969 592 1992 autem
610 1972 672 1992 eum
685 1965 808 1993 incidere
834 1966 860 1992 in
887 1969 977 1993 tenta-

186 2011 288 2038 tionem
315 2010 518 2042 fornicationis,
538 2011 561 2041 si
595 2015 684 2046 poles.
714 2012 822 2046 porrige
843 2019 952 2039 manum
968 2034 975 2046 ,

186 2064 304 2091 eumque
319 2064 428 2084 sursum
441 2057 528 2084 trahe.
544 2055 597 2084 Sed
615 2057 638 2084 si
654 2057 782 2084 inciderit
798 2058 823 2084 in
840 2057 976 2092 haeresim,

187 2109 239 2129 nec
250 2109 266 2128 a
282 2105 307 2129 te
321 2101 521 2136 persuadeatur
532 2101 565 2128 ad
583 2102 790 2129 conversionem
805 2123 812 2134 ,
833 2103 888 2129 cito
900 2103 977 2130 illum

187 2149 243 2174 ate
256 2146 402 2180 abscinde;
424 2154 459 2174 ne
471 2147 494 2174 si
512 2147 676 2182 tardaveris,
697 2148 779 2175 simul
804 2149 922 2176 traharis
943 2149 978 2176 ad

188 2191 307 2220 foveam.

223 2239 250 2266 5.
269 2238 327 2274 (61)
347 2240 464 2268 Aiebam
486 2240 521 2268 de
547 2241 646 2269 abbate
663 2240 806 2268 Theodoro
820 2248 835 2268 e
849 2240 977 2275 Pherme,

1027 1640 1115 1674 λόγον.
1136 1640 1166 1666 Ὅ
1180 1639 1208 1666 δὲ
1223 1640 1274 1666 οὐκ
1287 1639 1423 1675 ἀπεκρίθη
1440 1638 1526 1674 αὐτῷ.
1542 1639 1596 1665 Καὶ
1611 1638 1706 1674 ἐξῆλθε
1717 1638 1819 1665 λυπού-

1028 1696 1117 1722 μενος.
1139 1686 1222 1722 Λέγει
1246 1684 1293 1712 οὖν
1315 1685 1390 1720 αὺτῷ
1415 1687 1430 1712 ό
1454 1685 1577 1720 μαθητὴς
1601 1685 1701 1712 αὑτοῦ·
1724 1685 1818 1717 ’Δ66ᾰ,

1026 1733 1085 1765 πῶς
1100 1733 1150 1759 οὐκ
1163 1731 1240 1764 εῐπες
1256 1732 1331 1767 αὐτῷ
1349 1731 1443 1766 λόγον;
1458 1731 1505 1758 καὶ
1520 1731 1624 1767 ἀπῆλθε
1639 1731 1818 1767 λυπούμενος.

1026 1780 1082 1806 Καὶ
1104 1779 1178 1813 λέγει
1202 1778 1276 1814 αὐτῷ
1291 1779 1305 1805 ό
1323 1779 1429 1814 γέρων·
1447 1777 1529 1804 Φύσει
1550 1778 1600 1805 οὐκ
1617 1777 1710 1813 ἔλεγον
1726 1778 1818 1813 αὐτῷ·

1027 1825 1243 1862 πραγματευτὴς
1263 1825 1317 1861 γάρ
1338 1826 1407 1857 ἐστι,
1423 1823 1471 1851 καὶ
1493 1825 1533 1856 είς
1552 1824 1709 1860 ἀλλοτρίους
1725 1824 1821 1859 λόγους

1027 1872 1100 1899 θέλει
1114 1871 1284 1905 δοξάζεσθαι.

1061 1917 1092 1944 δ’.
1114 1914 1181 1943 Εἷπε
1199 1917 1296 1944 πάλιν
1319 1915 1382 1943 Ἐὰν
1395 1915 1467 1948 ἕξεις
1481 1915 1572 1950 φιλίαν
1584 1916 1653 1951 μετὰ
1673 1915 1755 1948 τινὸς,
1773 1915 1822 1942 καὶ

1029 1963 1118 1999 συμϐῇ
1133 1963 1214 1990 αὑτὸν
1238 1963 1279 1994 εἰς
1301 1963 1453 1998 πειρασμὸν
1466 1962 1596 1997 πορνείας
1616 1962 1756 1997 ἐμπεσεῖν,
1773 1962 1822 1987 ἐὰν

1027 2009 1141 2035 δύνασαι
1165 2009 1210 2040 δὸς
1239 2007 1314 2043 αὺτῷ
1338 2009 1428 2042 χεῖρα,
1453 2007 1501 2033 καὶ
1523 2007 1636 2034 ἕλκυσον
1652 2007 1732 2034 αὑτὸν
1754 2007 1820 2034 ἄνω.

1034 2054 1098 2081 Ἐὰν
1118 2054 1147 2081 δὲ
1159 2055 1199 2086 εἰς
1218 2053 1324 2089 αἵρεσιν
1340 2054 1459 2090 ἐμπέσῃ,
1475 2054 1522 2080 καὶ
1536 2054 1573 2089 μὴ
1588 2053 1685 2089 πεισθῇ
1701 2061 1741 2080 σοι
1753 2053 1821 2079 ἀπο-

1030 2101 1192 2136 στραφῆναι,
1218 2100 1323 2135 ταχέως
1343 2100 1428 2135 κόψον
1449 2100 1530 2127 αὑτὸν
1553 2099 1607 2126 ἀπὸ
1632 2099 1697 2127 σοῦ·
1717 2100 1823 2135 μήποτε

1031 2146 1168 2183 βραδύνων
1184 2146 1433 2181 συγκατασπασθῇς
1445 2145 1520 2181 αὑτῷ
1535 2147 1574 2178 εἰς
1587 2146 1632 2172 τὸν
1650 2145 1744 2182 βόθρον
1753 2146 1786 2173 ’³.

1079 2241 1097 2264 ¹.
1137 2238 1250 2271 Ἔλεγον
1262 2237 1326 2272 περὶ
1338 2236 1385 2263 eo?)
1398 2236 1470 2264 esse
1483 2235 1620 2271 Θεοδώρου
1631 2235 1678 2262 τοῦ
1691 2235 1740 2270 τῆς
1753 2235 1823 2270 Φέρο

187 2284 262 2320 quod
280 2285 308 2312 in
323 2285 367 2313 his
381 2286 470 2314 tribus
485 2287 623 2322 capitibus
642 2294 725 2321 supra
748 2287 848 2314 multos
863 2288 972 2316 excelle-

1033 2293 1096 2319 μης,
1114 2284 1154 2310 ὃτι
1172 2283 1206 2310 τὰ
1228 2283 1291 2319 τρία
1311 2282 1397 2309 ταῦτα
1412 2283 1547 2316 κεφάλαια
1565 2280 1636 2317 εἶχεν
1653 2281 1724 2317 ὑπὲρ
1753 2281 1821 2307 πολ-

189 2335 231 2358 ret
245 2340 251 2358 :
268 2331 296 2358 in
308 2336 479 2367 paupertate,
495 2333 522 2360 in
539 2333 710 2364 austeritate.
726 2337 754 2360 et
780 2333 808 2360 in
836 2333 977 2361 hominum

190 2377 266 2413 fuga.

225 2423 252 2450 6.
271 2423 329 2459 (63)
344 2423 454 2452 Vacans
475 2424 625 2459 aliquando
647 2425 719 2453 inter
743 2433 790 2453 eos
817 2425 980 2453 vorsabatur

190 2469 277 2497 abbas
307 2468 491 2502 Theodorus;
521 2478 640 2505 cumque
673 2471 867 2502 comeilerent,
885 2479 978 2499 sume-

189 2515 256 2543 bant
270 2515 503 2542 cum-reverentia
523 2515 622 2542 calices
645 2515 741 2547 taciti,
770 2523 821 2542 nec
850 2516 980 2542 dicebant

191 2561 279 2588 illud:
300 2561 420 2597 Ignosce.
439 2561 472 2588 Et
487 2562 556 2589 dixit
567 2562 651 2589 abbas
671 2561 832 2589 Theodorus
847 2570 854 2589 :
871 2562 980 2590 Amise-

191 2615 255 2635 runt
270 2608 396 2635 monachi
409 2607 579 2635 nobilitatem
593 2615 683 2641 suam,
695 2608 796 2640 dicere,
816 2607 935 2644 Ignosce.

1030 2330 1109 2361 λούς·
1130 2330 1179 2365 τὴν
1200 2328 1404 2365 ἀκτημοσύνην,
1426 2329 1476 2364 τὴν
1499 2328 1625 2363 ἄσκησιν,
1645 2327 1737 2354 καὶτὸ
1758 2326 1824 2362 φεύ-

1030 2385 1088 2410 γειν
1103 2376 1165 2406 τοὺς
1181 2375 1230 2401 ἀνθ
1234 2375 1353 2410 ρώπους.

1067 2425 1104 2454 ς’,
1125 2420 1280 2456 Εὑκαίρησέ
1303 2427 1367 2445 ποτε
1394 2418 1408 2444 ό
1432 2417 1519 2449 ἁὸὁᾶς
1535 2417 1672 2454 Θεόδωρος
1695 2419 1753 2454 μετ’
1775 2420 1825 2446 αὐ-

1031 2466 1118 2494 τῶν⁹⁹
1130 2475 1138 2482 ο
1155 2466 1202 2492 καὶ
1225 2465 1368 2492 ἐσθιόντων
1383 2463 1482 2497 αὐτῶν,
1500 2464 1558 2490 κατ’
1579 2464 1722 2490 εὺλάὁειαν
1737 2465 1822 2500 ἐλάμ-

1032 2513 1112 2539 ϐανον
1125 2511 1159 2537 τὰ
1167 2511 1283 2545 ποτήρια
1299 2508 1465 2540 σιωπῶντες,
1476 2508 1522 2534 καὶ
1537 2508 1587 2534 οὐκ
1601 2508 1693 2542 ἔλεγον
1709 2509 1738 2535 τὸ
1751 2510 1802 2544 Συ)
1811 2524 1824 2530 -

1033 2557 1181 2592 χώρησον.
1202 2555 1257 2582 Καὶ
1272 2553 1348 2581 εἶπεν
1369 2554 1382 2580 ὁ
1398 2553 1485 2584 esse;
1496 2553 1649 2588 Θεόδωρος’
1668 2553 1824 2581 Ἀπώλεσαν

1033 2605 1056 2630 οἱ
1073 2603 1185 2639 μοναχοὶ
1200 2602 1249 2637 τὴν
1260 2601 1399 2635 εὐγένειαν
1409 2600 1510 2634 αὐτῶν,
1525 2599 1557 2626 τὸ
1570 2599 1659 2634 λέγειν
1669 2600 1689 2633 ¹,
1706 2600 1822 2636 Euryb-

1030 2657 1140 2684 ρησον.

225 2737 249 2754 ’⁸
263 2737 305 2764 Al.
319 2737 409 2772 βυθόν.
447 2739 469 2754 ’³
482 2739 525 2765 Al.
540 2739 598 2774 μετ’
611 2738 732 2773 ἀδελφῶν
748 2740 786 2771 εἰς
799 2739 908 2775 Σκῆτιν.
955 2739 962 2754 ¹

1030 2747 1036 2766 ›
1051 2739 1082 2766 τὸ
1097 2739 1186 2773 λέγειν
1198 2740 1244 2766 alii
1260 2740 1297 2776 μὴ
1311 2741 1448 2774 λέγοντες.

227 2827 284 2863 (57)
307 2827 359 2855 Vit.
379 2828 454 2854 Patr.
472 2836 511 2858 Vl,
526 2827 553 2854 6.

227 2863 284 2898 (58)
309 2863 361 2898 Vit.
382 2863 456 2889 I’atr.
474 2871 520 2894 vn,
537 2863 563 2889 5.

229 2897 285 2934 (59)
307 2897 358 2925 Vit.
374 2898 450 2925 Ραιν.
469 2905 526 2931 vui,
541 2899 567 2924 b.

1073 2825 1130 2860 (60)
1149 2825 1202 2852 Vit.
1220 2825 1295 2853 Patr.
1314 2835 1341 2858 ι,
1356 2827 1402 2855 95.

1072 2861 1131 2893 (61)
1156 2861 1207 2888 Vu.
1230 2861 1305 2889 Patr.
1323 2871 1341 2893 ι,
1357 2862 1382 2888 7.

1072 2862 1114 2893 (fil
1156 2862 1207 2888 γη.
1230 2862 1305 2889 Patr.
1323 2871 1341 2893 ι,
1357 2862 1382 2888 7.

1072 2862 1131 2933 (62)
1149 2896 1200 2925 Vit.
1217 2896 1292 2924 Patr.
1308 2905 1353 2932 xv,
1367 2897 1411 2925 ‘20.
