1970 3074
170 159 221 186 θ89

749 161 1056 190 ΑΡΟΡΗΤΗΕΟΜΔΤΔ
1074 162 1227 193 ΡΑΤΒυΜ.

1748 167 1799 194 '90

203 217 236 250 ζ’.
261 217 417 254 Ἦρὼτησεν
427 218 508 246 αὐτὸν
519 219 642 255 ἀδελφὸς,
655 219 751 254 λέγων·
764 220 867 252 Θέλεις,
878 221 960 254 ἀδεᾶ,

1049 223 1074 250 7.
1087 222 1144 259 (64)
1157 223 1338 252 Percontatus
1349 229 1393 253 est
1405 232 1468 253 eum
1481 225 1568 254 frater
1582 233 1590 253 :
1605 225 1700 259 Visne,
1715 227 1797 257 abba.

170 263 272 299 μικρὰς
285 265 393 300 ἡμέρας
416 265 454 301 μὴ
477 266 557 301 φάγω
573 266 666 302 ἄρτον;
690 267 745 293 Καὶ
769 266 842 301 λέγει
859 267 933 303 αὺτῷ
947 268 961 294 6

169 308 271 345 γέρων·
285 311 382 344 Καλῶς
401 314 486 344 ποιεῖς
495 321 502 328 ·
516 313 628 348 καὶγὰρ
641 312 719 347 κάγὼ
734 313 850 349 ἐποίησα
865 313 959 346 οὕτως.

171 355 224 382 Kal
238 356 311 391 λέγει
326 357 400 392 αὐτῴ
410 359 424 384 6
438 358 550 393 ἀδελφός
561 367 568 373 ·
582 359 659 385 Θέλω
670 357 716 386 οὖν
732 359 840 386 λαϐεῖν¹
855 359 889 386 τὰ
902 360 962 395 ἔρε-

170 401 262 430 ὃίνυιά
286 412 335 438 μου
361 404 400 435 εἰς
421 405 451 430 τὸ
472 405 659 440 ἀρτοκοπεῖον,
681 405 730 432 καὶ
753 405 866 440 ποιῆσαι
891 406 962 433 αὐτὰ

170 448 292 486 ἄλευρον.
310 451 365 477 Καὶ
375 451 448 486 λέγει
463 451 536 487 αὑτῷ
548 453 562 478 6
582 451 672 487 γέρων
682 459 689 466 ·
705 451 738 478 Εἰ
751 451 832 478 πάλιν
844 452 961 487 ὑπάγεις

171 495 210 527 εις
225 495 256 522 τὸ
270 496 457 531 ὰρτοκοπεϊον,
479 497 593 532 ποίησον
615 497 661 524 τὸν
677 497 758 533 ἄρτον
776 506 823 524 σου
833 506 839 512 ·
855 498 902 524 καὶ
920 497 961 530 τίς

170 542 188 577 ὴ
201 542 281 578 χρεία
294 543 344 578 τῆς
353 543 495 580 ἐξαγωγῆς
509 544 612 580 ταύτης
621 544 696 579 (65)’;

205 591 240 623 η’.
262 586 349 615 Ἦλθέ
372 598 413 622 τις
432 590 486 617 τῶν
500 589 636 625 γερόντων
650 589 720 625 πρὸς
731 588 777 615 τὸν
797 588 884 616 assa»:
896 588 962 615 Θεό.

170 633 266 669 δωρον,
280 635 327 661 καὶ
343 632 420 662 εἶπεν
443 635 534 671 αὐτῷ·
559 635 623 662 Ἰδοὺ
636 636 650 662 ό
661 635 734 662 δεῖνα
748 636 762 661 6
777 634 888 669 ἀδελφὸς
911 635 963 661 ὐπ-

171 680 302 716 έστρεψεν
319 681 359 712 εις
376 681 423 707 τὸν
443 681 555 717 κόσμον.
573 683 629 709 Kal
641 679 718 709 εἶπεν
734 681 808 716 αὐτῷ
827 682 841 708 6
854 681 959 716 γέρωνο

179 725 239 752 Ἐπὶ
254 726 341 762 τούτῳ
361 727 529 763 θαυμάζεις;
547 728 584 763 μὴ
604 727 759 763 Baianae-qq,
774 727 842 754 ἀλλὰ
855 726 962 762 θαύμα-

173 779 218 798 σον
239 773 339 806 μᾶλλον
355 773 402 800 ἐὰν
423 773 543 810 ἀκούσῃς
567 774 607 800 ὅτι
629 774 748 809 ἠδυνήθη
767 783 809 806 τις
832 775 962 808 ἐκφυγεῖν

172 816 225 843 ἀπὸ
238 817 285 844 τοῦ
305 819 438 853 στόματος
451 821 497 848 τοῦ
514 819 623 855 ἐχθροῦ.

207 861 239 890 θ’.
268 863 392 898 Ἀδελφός
406 873 448 896 τις
460 862 542 899 ἦλθεν
565 864 634 900 πρὸς
649 864 696 891 τὸν
711 864 800 892 ἀὸὃᾶν
813 864 960 900 Θεόδωρον,

1014 273 1041 295 ut
1058 269 1161 303 aliquot
1175 269 1274 297 diebus
1288 277 1343 297 non
1361 270 1503 298 comedam
1515 272 1633 307 panem?
1647 271 1798 307 Respondit

1013 322 1117 343 senex:
1145 314 1230 343 Recte
1262 315 1368 350 facies;
1393 324 1444 352 ego
1462 319 1562 345 etenim
1591 318 1629 345 ita
1664 318 1727 346 feci.
1753 319 1799 347 Ait

1012 359 1117 387 frater:
1132 359 1202 387 Volo
1225 360 1308 395 igitur
1332 364 1440 395 portare
1458 362 1592 389 cicercula
1604 370 1664 390 mea
1689 363 1722 390 ad
1741 363 1799 398 pis-

1012 405 1127 438 trinum,
1152 409 1182 432 ut
1197 406 1260 433 inde
1272 406 1361 433 farina
1382 406 1438 433 ﬂat.
1460 407 1530 434 Tum
1561 416 1644 435 senex
1662 417 1669 436 :
1691 408 1731 441 Si,
1757 411 1799 437 in-

1012 450 1082 485 quit,
1115 451 1215 478 iterum
1241 452 1274 478 ad
1298 452 1444 487 pistrinum
1476 453 1680 488 proﬁcisceris,
1700 462 1798 489 panem

1011 499 1088 523 tuum
1106 495 1148 523 fac
1160 505 1168 529 ;
1180 500 1207 524 et
1225 504 1285 529 qua:
1300 497 1402 525 utilitas
1417 505 1451 525 ex
1469 498 1521 525 ista
1537 500 1751 533 exportatioue?

1047 586 1075 616 8.
1091 586 1148 623 (65)
1163 587 1244 615 Venit
1258 587 1358 623 aliquis
1369 588 1505 615 esenibus
1521 587 1554 615 ad
1571 587 1696 615 abbatem
1711 587 1799 615 Theo-

1010 633 1118 665 dorum,
1144 633 1267 668 dixitque
1294 633 1319 661 ei
1348 642 1356 660 :
1390 632 1461 661 Ecce
1489 633 1535 662 ille
1557 633 1643 661 frater
1671 641 1799 661 reversus

1011 683 1054 707 est
1066 679 1101 706 ad
1112 679 1253 707 saeculum.
1272 679 1306 706 Et
1316 680 1355 707 ait
1370 687 1476 708 senex:
1492 679 1550 707 Hac
1568 680 1602 707 de
1620 687 1650 708 re
1667 679 1800 707 miraris?

1011 725 1149 753 Admirari
1172 726 1248 759 noli;
1268 725 1317 754 sed
1340 726 1443 754 mirare
1462 726 1565 761 magis,
1589 733 1651 753 cum
1678 725 1799 754 audieris

1011 770 1134 801 potuisse
1148 770 1304 805 quempiam
1319 769 1438 806 elfugcre
1454 778 1488 798 ex
1507 777 1556 799 ore
1574 769 1690 798 inimici.

1047 856 1073 884 9.
1095 856 1150 891 (66)
1168 857 1282 890 Quidam
1299 862 1381 885 l’rater
1398 858 1473 885 venit
1485 858 1519 886 ad
1534 857 1660 885 abbatem
1675 857 1799 886 Theodo-

172 907 219 934 καὶ
230 907 330 944 ἧρξατο
343 908 432 935 λαλεῖν
445 910 491 936 καὶ
503 909 640 942 ἐξετάζειν
657 910 817 946 πράγματα,
832 906 869 936 ὧν
885 909 961 936 οὔπω

1021 909 1085 933 'um,
1102 906 1129 928 et
1144 902 1228 936 coepit
1242 903 1316 937 loqui
1331 910 1363 930 ac
1374 903 1529 938 disquirere
1540 903 1573 930 de
1583 903 1667 931 rebus
1681 911 1798 939 quarum

172 953 222 988 τὴν
235 953 365 989 ἐργασίαν
381 954 476 981 ἐποίει.
492 955 546 981 Kal
560 955 634 988 λέγει
646 954 720 990 αὐτῷ
730 955 745 981 6
758 955 848 990 γέρων
858 963 864 970 '
880 953 962 981 Οὔπω

173 995 251 1034 εὗρες
265 999 297 1024 τὸ
312 999 414 1032 πλοῖον,
426 1000 486 1027 οὐδὲ
506 1001 540 1027 τὰ
560 1000 644 1036 σκεύη
663 1009 709 1027 σου
728 1000 833 1033 ἔϐαλες,
849 1000 896 1026 καὶ
911 999 963 1035 πρὸ

172 1044 219 1071 τοῦ
248 1045 438 1082 πλεῦσαι,ἥδη
463 1047 502 1078 εἰς
526 1046 575 1082 τὴν
601 1047 678 1073 πόλιν
702 1047 809 1081 ἐκείνην
832 1045 962 1080 ἀπῆλθες.

172 1090 284 1126 Πρῶτον
299 1091 363 1118 ὅταν
375 1092 490 1128 ποιήσῃς
502 1092 532 1119 τὸ
543 1092 633 1128 ἔργον,
643 1092 710 1128 ἔρχῃ
719 1093 758 1124 εἰς
770 1092 789 1120 ἃ.
801 1091 848 1119 νῦν
861 1091 962 1123 λαλεῖς.

210 1225 234 1248 ι’.
259 1220 290 1249 '0
307 1222 388 1254 αὐτός
403 1230 468 1248 ποτε
487 1221 623 1256 παρέϐαλε
646 1221 686 1256 τῷ
707 1220 780 1256 esse
800 1219 911 1256 Ἰωάννῃ
925 1219 963 1256 τῷ

172 1267 227 1293 ἀπὸ
267 1268 420 1303 γεννήσεως
444 1267 575 1302 εὐνούχῳ·
607 1267 654 1293 καὶ
680 1265 832 1292 λαλούντων
862 1265 963 1299 αὐτῶν,

172 1311 263 1340 εἶπεν·
281 1313 366 1340 Ὅταν
386 1314 460 1349 ἢμην
481 1313 520 1344 εἰς
545 1313 655 1348 Σκῆτιν,
670 1311 704 1338 τὰ
725 1311 794 1347 ἔργα
811 1311 861 1346 τῆς
873 1310 963 1346 ψυχῆς

171 1356 206 1396 ἦν
226 1359 258 1386 τὺ
275 1359 355 1396 ἔργον
379 1359 469 1395 ἡμῶν,
486 1359 517 1386 τὸ
537 1358 565 1386 δὲ
585 1359 741 1394 ὲργόχειρον
763 1358 801 1390 ὡς
823 1357 963 1394 πάρεργον

173 1413 296 1440 ε;χομεν·
317 1406 363 1432 νῦν
378 1406 406 1432 δὲ
421 1405 517 1440 γέγονε
533 1406 562 1432 τὸ
577 1405 657 1440 ἔργον
672 1405 720 1440 τῆς
734 1403 822 1439 ψυχῆς
836 1403 874 1436 ὡς
893 1403 965 1439 πάρ-

173 1459 264 1486 εργον,
276 1453 323 1478 καὶ
338 1451 367 1478 τὸ
385 1452 522 1487 πάρεργον
536 1451 625 1486 ἔργον·

209 1542 253 1566 ια’.
279 1538 419 1574 Ἦρώτησε
443 1539 472 1565 δὲ
495 1538 576 1565 αὑτὸν
600 1537 724 1572 ἁδελφὸς,
748 1536 850 1570 λέγων·
882 1534 962 1562 Ποῖόν

173 1586 231 1612 ἔστι
243 1584 364 1621 τὸέργον
377 1585 426 1619 τῆς
440 1584 539 1620 ψυχῆς,
559 1583 574 1610 ὃ
587 1583 635 1610 νῦν
650 1583 687 1615 ὼς
703 1582 841 1618 πάρεργον
853 1580 962 1616 ἔχομεν,
977 1584 999 1613 c

173 1633 221 1659 καὶ
234 1632 309 1658 ποῖόν
323 1632 381 1658 ἔστι
393 1631 424 1658 τὸ
436 1632 583 1667 πάρεργον,
599 1629 613 1656 ὃ
626 1629 673 1656 νῦν
688 1629 766 1664 ἔργον
778 1628 891 1663 ἔχομεν;
912 1627 966 1653 Kal

172 1678 248 1712 λέγει
266 1679 279 1704 6
293 1677 397 1714 γέρων·
418 1678 510 1703 Πάντα
529 1677 564 1703 τὰ
582 1676 712 1711 γινόμενα
727 1674 772 1701 διὰ
791 1674 840 1709 τὴν
854 1672 965 1708 ἐντολὴν

173 1725 220 1751 τοῦ
232 1724 310 1757 Θεοῦ,
327 1724 406 1760 ἔργον
423 1723 513 1759 ψυχῆς
527 1725 586 1750 ἐστι
597 1731 604 1737 ·
619 1722 648 1749 τὸ
662 1722 690 1748 δὲ
704 1722 744 1752 εἰς
764 1721 841 1755 λόγον
858 1719 966 1747 ἑαυτῶν

174 1770 338 1807 ἐργάζεσθαι
349 1770 396 1797 καὶ
411 1769 547 1803 συνάγειν,
559 1769 638 1795 τοῦτο
657 1768 793 1803 πάρεργον
807 1767 879 1802 ἔχειν
891 1766 967 1800 ὀφεί-

173 1817 267 1852 λομεν.
283 1817 336 1843 Καὶ
349 1816 423 1851 λέγει
439 1817 453 1842 6
467 1814 589 1849 ἀδελφός·
604 1813 755 1849 Σαφήνισόν
777 1822 821 1848 μοι
831 1812 879 1848 τὴν
897 1811 966 1838 ὑπό-

175 1863 250 1890 οεσιν
263 1863 374 1898 ταύτην,
392 1862 447 1889 Kal
459 1862 532 1896 λέγει
548 1861 563 1887 6
577 1861 666 1896 γέρων
677 1868 684 1875 ·
704 1860 768 1886 Ἰδοὺ
780 1858 888 1890 ἀκούεις
901 1859 966 1894 περ)⁹

175 1909 244 1945 ἐμοῦ
260 1910 300 1936 ὃτι
314 1909 430 1940 ἀσθενῶ,
445 1909 492 1935 καὶ
508 1907 627 1942 ὀφείλεις
639 1905 840 1940 ἐπισκέψασθαι
854 1913 899 1940 με,
919 1905 966 1931 καὶ

175 1955 265 1990 λέγεις
285 1956 314 1981 ὲν
328 1954 431 1990 ἐαυτῷ·
447 1952 613 1980 Καταλιπεῖν
628 1952 682 1987 ἔχω
695 1951 724 1978 τὸ
740 1951 819 1987 ἔργον
844 1959 904 1986 μου,
921 1950 966 1976 καὶ

175 2000 224 2028 νῦν
248 2000 393 2033 ἀπελθείν;
415 1999 483 2026 ἀλλὰ
511 1998 648 2035 πληρὼσω
671 1998 789 2035 πρῶτον,
815 1998 862 2024 καὶ
880 1997 966 2028 οὕτως

176 2046 344 2081 ἀπέρχομαι.
370 2045 500 2080 Ἔρχεται
517 2045 546 2072 δέ
568 2053 608 2074 om
629 2044 676 2072 κα).
692 2044 759 2079 ἄλλη
782 2043 904 2079 ἀφορμὴ.
920 2042 968 2069 καὶ

177 2092 248 2127 τάχα
262 2091 322 2117 οὐδὲ
340 2091 408 2122 ὅλως
427 2090 552 2124 ὑπάγεις.
574 2090 659 2117 Πάλιν
674 2089 753 2121 ἄλλος
768 2089 880 2123 ἀδελφὸς
894 2088 967 2122 λέγει

180 2147 238 2164 σοι’
251 2137 299 2169 Δός
312 2138 454 2173 μοιχεῐρα,
466 2137 577 2171 ἁδελφέῐ
592 2137 638 2164 καὶ
652 2136 757 2170 λέγεις·
774 2136 848 2170 Ἔχω
863 2135 967 2169 ἁῳῆσαι

178 2185 210 2211 τὸ
221 2183 300 2220 ἔργον
314 2193 377 2219 μου,
394 2184 440 2210 καὶ
453 2183 579 2210 ἀπελθεῖν
595 2182 764 2218 ἐργάσασθαι
779 2182 848 2217 μετὰ
861 2181 967 2214 toti-:01);

186 2229 249 2258 Ἐὰν
261 2228 308 2256 οὖν
330 2230 366 2265 μὴ
386 2229 517 2264 ἀπέλθῃς.
531 2229 621 2263 ἁφίεις
635 2229 684 2264 τὴν
704 2227 813 2262 ἐντολὴν
827 2226 873 2253 τοῦ
888 2226 967 2258 Θεοῦ,

1014 947 1135 975 nondum
1148 948 1342 982 experientiam
1363 956 1411 983 per
1438 956 1520 984 opera
1536 949 1665 977 habebat.
1684 949 1758 977 Dixit
1772 950 1798 977 ei

1014 1001 1095 1021 senex
1109 1002 1116 1021 :
1134 993 1261 1021 Nondum
1276 1002 1372 1022 navem
1386 999 1482 1023 nactus
1497 1003 1543 1027 es.
1561 1003 1611 1023 nec
1631 995 1658 1023 in
1674 1003 1734 1023 eam
1746 996 1800 1024 im-

1014 1039 1128 1074 posuisti
1144 1040 1341 1074 supellectilem
1367 1045 1440 1067 tuam
1457 1048 1463 1074 j
1479 1044 1506 1067 et
1520 1044 1666 1076 antequam
1688 1041 1799 1076 naviga-

1015 1086 1097 1118 veris,
1111 1085 1166 1120 jam
1179 1085 1206 1112 in
1224 1085 1362 1113 civitatem
1378 1086 1541 1121 pervenisti.
1559 1087 1629 1121 Ergo
1644 1094 1706 1113 cum
1723 1086 1800 1121 prius

1014 1139 1083 1167 opus
1097 1131 1231 1166 etlecerls,
1245 1131 1307 1159 veni
1324 1131 1358 1159 ad
1389 1139 1532 1160 sermones
1557 1140 1628 1168 quos
1655 1139 1729 1160 nunc
1758 1132 1801 1159 lo-

1013 1185 1118 1212 quens.

1050 1222 1163 1258 10.(67)
1192 1220 1264 1249 idem
1293 1221 1441 1257 aliquando
1471 1220 1591 1249 accessit
1611 1220 1644 1249 ad
1675 1221 1718 1248 abl
1730 1225 1802 1248 atem

1014 1267 1159 1302 Joannem,
1177 1267 1253 1295 illum
1271 1275 1304 1295 ex
1325 1268 1465 1296 nativitate
1479 1268 1656 1296 eunuchum:
1679 1271 1706 1295 et
1731 1268 1802 1295 inter

1014 1313 1238 1349 colloquendum,
1255 1312 1324 1340 dixit
1339 1322 1346 1340 :
1371 1313 1487 1346 Quando
1512 1313 1540 1340 in
1558 1313 1632 1340 Sceti
1652 1311 1780 1340 versabar
1793 1332 1802 1346 ,

1014 1367 1098 1396 opera
1114 1360 1211 1387 anima:
1225 1363 1304 1386 erant
1319 1367 1388 1394 opus
1402 1364 1540 1392 nostrum.
1557 1366 1639 1394 opera
1660 1366 1726 1386 vero
1742 1365 1803 1385 ma-

1014 1414 1098 1434 nuum
1114 1406 1185 1433 velut
1202 1405 1294 1440 operis
1307 1405 1493 1432 aceessionem
1514 1405 1685 1432 habebamus
1700 1412 1707 1437 ;
1729 1411 1804 1432 nunc

1014 1460 1077 1479 vero
1100 1459 1169 1486 opus
1190 1452 1286 1478 animae
1311 1452 1397 1478 evasit
1427 1451 1454 1478 in
1479 1451 1570 1486 operis
1600 1450 1801 1481 accessionem,

1013 1503 1039 1525 et
1056 1497 1147 1532 operis
1163 1497 1286 1523 accessio
1313 1497 1340 1523 in
1355 1504 1433 1531 opus.

1050 1545 1093 1571 Η.
1108 1543 1286 1578 Interrogavit
1304 1547 1394 1570 autem
1411 1543 1487 1570 illum
1504 1543 1599 1574 frater,
1612 1543 1685 1575 ’sicj:
1711 1538 1804 1575 Quod-

1015 1598 1078 1617 nam
1091 1593 1134 1618 est
1148 1597 1217 1625 opus
1229 1590 1327 1617 animae
1341 1589 1413 1626 quod
1435 1596 1509 1616 nunc
1532 1589 1608 1616 velut
1624 1588 1802 1624 appendicem

1017 1637 1160 1668 habemus,
1177 1641 1202 1664 et
1230 1644 1355 1671 quaenam
1373 1636 1508 1671 appendix
1536 1643 1618 1670 quam
1635 1635 1708 1662 velut
1734 1642 1804 1670 opus

1016 1671 1164 1710 ducimus?
1184 1681 1336 1717 Respondit
1354 1689 1435 1708 senex
1454 1690 1460 1708 :
1487 1680 1662 1715 Quaecunque
1677 1679 1744 1706 [lunt
1770 1686 1803 1706 ex

1016 1727 1146 1754 mandato
1164 1726 1222 1758 Dei,
1241 1733 1311 1761 opus
1334 1726 1431 1753 anima:
1448 1729 1534 1758 sunt;
1559 1729 1585 1751 at
1606 1727 1733 1759 respectu
1761 1723 1805 1751 sui

1017 1774 1136 1809 operari,
1156 1778 1183 1800 et
1198 1780 1374 1808 congregare,
1390 1773 1444 1799 hoc
1466 1780 1516 1808 pro
1531 1770 1680 1807 appendice
1704 1769 1806 1797 habere

1017 1821 1158 1848 debemus.
1176 1819 1273 1846 Frater
1287 1819 1411 1854 excepit:
1429 1818 1543 1846 Declara
1559 1818 1626 1845 mihi
1644 1817 1715 1844 hanc
1734 1823 1803 1843 rem.

1019 1865 1128 1893 Senex:
1143 1865 1223 1897 Ecce,
1240 1865 1319 1892 audis
1333 1872 1376 1892 me
1393 1868 1537 1899 aegrotare,
1556 1871 1675 1898 cumque
1691 1861 1806 1889 visitare

1018 1919 1061 1939 me
1075 1911 1186 1944 debeas,
1204 1910 1274 1938 dicis
1289 1909 1361 1945 apud
1378 1914 1404 1937 te
1418 1919 1424 1937 :
1439 1910 1479 1936 An
1495 1909 1642 1936 relicturus
1660 1915 1720 1935 sum
1736 1914 1806 1942 opus

1018 1964 1120 1990 meum,
1134 1961 1215 1992 atque
1232 1955 1407 1991 profecturus
1426 1955 1512 1982 mox?
1538 1953 1637 1982 Verum
1663 1953 1805 1988 perﬁciam

1019 2003 1105 2039 prius,
1123 2003 1219 2038 sicque
1233 2002 1474 2038 pergam..Accidit
1489 2005 1580 2028 autem
1594 2000 1643 2028 tibi
1659 2000 1711 2027 alia
1728 2007 1808 2026 occu-

1019 2048 1112 2083 patio;
1130 2051 1157 2074 et
1171 2046 1242 2074 forte
1258 2053 1430 2082 nequaquam
1448 2046 1536 2073 vadis.
1563 2046 1641 2077 Item.
1665 2045 1734 2071 alius
1751 2044 1807 2070 fra-

1020 2099 1060 2122 ter
1071 2094 1137 2120 dicit
1162 2093 1233 2120 tibi:
1254 2092 1364 2128 Porrige
1383 2092 1450 2119 mihi
1481 2099 1612 2124 manum,
1642 2091 1737 2118 frater.
1763 2089 1804 2117 Tu

1018 2149 1083 2169 vero
1101 2141 1142 2169 ais
1157 2150 1164 2168 :
1184 2141 1309 2168 Debeone
1326 2140 1462 2168 dimittere
1477 2147 1547 2176 opus
1567 2147 1667 2172 meum,
1680 2143 1707 2166 et
1726 2138 1801 2165 abire.

1019 2187 1051 2213 ad
1075 2187 1242 2221 operandum
1260 2194 1322 2214 cum
1338 2187 1414 2214 isto?
1439 2185 1466 2213 Si
1481 2194 1545 2221 ergo
1562 2193 1615 2212 non
1634 2184 1746 2216 abieris.
1764 2191 1807 2211 re-

1019 2233 1120 2268 linquis
1135 2234 1293 2260 mandatum
1319 2233 1376 2264 Dei,
1393 2233 1466 2268 quod
1481 2236 1525 2260 est
1549 2231 1645 2258 animae
1670 2238 1750 2265 opus,
1779 2233 1809 2258 et

181 2275 196 2301 ὂ
209 2275 266 2300 ἔστι
283 2274 313 2300 τὸ
332 2274 412 2309 ἔργον
430 2274 481 2308 τῆς
496 2273 595 2308 ψυχῆς,
613 2273 660 2300 καὶ
674 2274 760 2304 ποιεῖς
774 2273 805 2299 τὸ
818 2273 964 2307 πάρεργον,

1021 2279 1198 2314 appendicem
1214 2278 1384 2314 exsequeris,
1399 2279 1503 2306 scilicet
1517 2286 1586 2313 opus
1604 2284 1745 2304 manuum.

180 2320 195 2346 ὃ
205 2321 263 2346 ἐστι
273 2321 303 2346 τὸ
312 2319 391 2356 ἔργον
402 2319 455 2346 τῶν
467 2319 576 2355 χειρῶν.

219 2367 261 2400 ιβ’.
283 2364 364 2392 Εἶπεν
388 2367 402 2392 6
426 2365 511 2397 esea;
531 2364 667 2400 Θεόδωρος
686 2365 700 2390 ὀ
717 2364 767 2399 τῆς
786 2364 906 2399 Φέρμης,
929 2364 970 2390 ὅτι

180 2410 324 2446 ἄνθρωπος
340 2413 447 2447 στήχων
462 2412 502 2442 εἰς
520 2410 674 2446 μετάνοιαν,
697 2410 727 2436 οὐ
747 2409 850 2436 δέδεται
872 2410 912 2441 εἰς
927 2410 970 2436 ὲν-

179 2458 272 2493 τολήν.

217 2507 263 2539 ιγ’.
288 2504 317 2531 '0
339 2504 420 2536 αὐτὸς
441 2501 534 2530 εἶπεν
560 2502 645 2538 ’Ἄλλη
663 2502 748 2538 ἀρετὴ
763 2502 813 2529 οὐκ
829 2502 913 2534 ἔστιν,
931 2502 969 2534 ὠς

179 2551 212 2578 τὺ
227 2551 265 2586 μὴ
276 2549 435 2582 ἐξουθενεῖν.

217 2598 259 2625 ιδ’.
280 2597 364 2624 Πάλιν
380 2594 474 2623 εἶπενο
499 2595 659 2632 Ἀνθρωπος
686 2595 777 2631 μαθὼν
800 2596 849 2632 τὴν
870 2595 970 2630 γλυκὺ-

228 2691 240 2706 ²
260 2689 303 2717 Al.
320 2687 420 2724 βαλεῖν.

217 2779 370 2829 remark]?
384 2779 478 2829 Iw!“
491 2776 546 2829 τῆς
556 2778 717 2829 ἐξαγωγῆς.
726 2779 853 2829 τειύτηα
870 2777 965 2829 \Lersio

181 2820 296 2850 antiqua
312 2824 319 2841 :
337 2820 388 2847 Qui

184 2851 245 2889 liin1
260 2849 390 2889 educatio:

221 2884 281 2920 (Μ)
304 2884 353 2911 Vit.
374 2884 448 2912 Patr.
467 2892 525 2918 vin,
541 2884 565 2910 7.

337 2814 408 2847 Quid
423 2823 487 2848 opus
500 2819 538 2842 est
553 2815 606 2841 ista
620 2814 755 2849 adjectio?
770 2820 815 2842 aut
827 2814 900 2850 quod
916 2821 972 2841 uia-

1055 2366 1098 2394 12.
1119 2366 1283 2394 Dixitabbas
1304 2366 1465 2394 Theodorus
1486 2374 1501 2393 e
1517 2365 1642 2397 Pherme,
1669 2364 1807 2392 hominem

1021 2413 1068 2448 qui
1083 2412 1116 2439 ad
1134 2413 1322 2447 pmnitemiam
1345 2416 1410 2443 stat,
1438 2419 1493 2438 non
1519 2411 1626 2446 alligari
1654 2410 1688 2437 ad
1709 2417 1810 2445 praece-

1022 2463 1109 2494 ptum.

1060 2503 1103 2530 15.
1123 2502 1195 2530 Idem
1208 2503 1295 2530 dixit:
1313 2502 1392 2530 Nulla
1407 2507 1493 2530 Virtus
1509 2505 1551 2530 est
1563 2501 1637 2535 talis,
1658 2508 1690 2528 ac
1707 2508 1810 2536 nequa-

1023 2557 1104 2585 quam
1121 2552 1306 2576 contemnere.

1060 2595 1104 2623 M.
1123 2594 1202 2622 Hunc
1233 2595 1315 2622 etiam
1346 2601 1499 2622 sermonem
1514 2593 1632 2621 habuit:
1650 2593 1738 2620 Homo
1762 2591 1810 2628 qui

1055 2775 1111 2808 (65)
1137 2774 1188 2801 Vit.
1210 2774 1288 2801 Patr.
1306 2782 1332 2806 κ,
1347 2773 1393 2800 25.

1059 2811 1115 2841 (66)
1138 2810 1189 2837 Vit.
1212 2809 1288 2836 Patr.
1311 2817 1368 2839 vm,
1383 2810 1408 2836 8.

1059 2846 1115 2882 (67)
1137 2845 1189 2874 Vit.
1213 2844 1287 2872 Patr.
1305 2853 1332 2878 x,
1353 2844 1396 2872 Mn.
