1970 3074
751 166 923 195 ΑΡΡεΝοιι
944 166 990 195 AD
1006 164 1214 193 PALLADIUM.

1745 161 1795 189 ΝΞ

163 227 257 255 didicit
275 225 352 254 cellae
367 226 553 260 dulcedinem,
567 227 722 262 proximum
739 235 819 255 suum
836 227 916 263 fugit,
927 233 954 255 at

1022 234 1074 262 ητα
1085 225 1131 252 τοῦ
1139 225 1257 256 κελλίου,
1268 226 1318 261 οὐχ
1329 225 1366 257 ὡς
1381 225 1524 261 ἀτιμάζων
1533 223 1578 251 τὸν
1587 223 1701 259 πλησίον
1711 221 1796 250 αὑτοῦ

163 273 223 300 sine
235 272 441 307 aspernatione.

197 319 242 346 15.
264 317 340 346 Dixit
351 318 451 346 iterum
465 329 473 347 τ
486 318 547 347 Nisi
561 324 663 348 memet
677 320 824 348 abscidero
844 328 860 347 a
883 327 956 347 com-

165 365 394 394 utiserationibus
420 366 475 400 bis,
497 374 552 394 non
580 367 673 395 sinent
698 374 743 394 me
767 374 830 395 esse
859 374 955 394 mona-

203 455 249 483 16.
268 453 326 490 (68)
354 453 423 490 Ejus
447 463 558 491 quoque
584 454 687 484 dictum
713 455 783 483 fuit:
813 455 888 483 Militi
905 456 957 484 hoc

167 505 290 535 tempore
322 501 445 536 quietem
472 502 549 536 prius
579 505 776 536 sumpserunt,
805 509 887 538 quam
916 502 958 530 eis

168 546 301 581 praeberet
317 547 400 575 Deus.

204 593 249 621 17.
278 592 344 621 Item
375 593 449 621 hoc:
475 593 536 621 Noli
563 593 686 622 dormire
712 593 740 621 in
760 593 821 621 loco
845 593 891 621 ubi
915 597 958 622 est
986 600 988 603 ·

169 640 278 668 mulier.

205 687 251 714 l8.
270 686 365 714 Frater
377 685 558 721 interrogavit
569 685 696 713 abbatem
716 686 902 718 Theodorum.
917 686 961 714 di-

171 741 256 760 cens:
277 733 344 759 Volo
359 731 487 759 mandata
506 732 646 767 perﬁcere.
665 731 770 760 Retulit
782 734 806 760 ei
831 741 912 761 senex
926 733 960 762 de

171 779 270 806 abbate
283 779 406 811 Theona,
419 779 491 814 quod
507 779 565 813 ipse
585 786 696 814 quoque
719 779 820 806 dixerit
836 780 960 815 aliquan-

171 825 226 852 do:
241 825 308 853 Volo
324 825 473 860 adimplere
490 826 685 860 cogitationem
708 834 796 854 meam
813 834 876 854 cum
894 826 959 854 Deo.

172 871 206 898 Et
219 874 332 905 accepta
354 871 382 897 in
401 870 482 897 furno
504 870 590 898 farina
616 872 741 903 subacta,
758 879 843 907 panes
867 872 960 900 confe-

1049 272 1112 300 iYet.

1027 281 1057 298 ευ
1093 281 1112 300 ι.

1006 281 1025 307 φ
1042 280 1089 346 ιέῗ
1104 319 1189 346 Πάλιν
1210 316 1303 345 εἶπεν·
1333 318 1394 345 Ἐὰν
1419 317 1455 354 μὴ
1479 316 1588 352 ἐκκόψω
1605 314 1723 350 ἐμαυτὸν
1744 313 1797 340 ἀπὺ

1005 365 1060 392 τῶν
1070 365 1222 402 οἰκτιρμῶν
1232 364 1345 396 τούτων,
1362 364 1412 390 οὐκ
1426 363 1492 390 ἐῶσί
1511 371 1545 398 με
1563 359 1632 389 εἷναι
1648 359 1775 396 μοναχόν.

1045 453 1092 488 ις’.
1113 451 1181 482 Eine
1206 454 1302 482 πάλιν·
1323 453 1420 482 Πολλοὶ
1440 454 1471 480 ὲν
1484 452 1524 488 τῷ
1545 451 1636 488 καιρῷ
1651 450 1741 486 τούτῳ
1756 450 1798 477 εἴ-

1007 501 1085 528 λοντο
1095 501 1145 537 τὴν
1160 501 1325 532 ἀνάπαυσιν,
1338 500 1403 536 πρὶν
1416 500 1431 526 6
1443 499 1509 531 Θεὸς
1523 499 1615 530 αὐτοῖς
1626 497 1766 533 παράσχῃ,

1046 591 1089 623 ιζ’.
1112 588 1180 618 Eine
1195 590 1276 617 πάλιν
1285 597 1292 604 ·
1307 589 1352 625 Μὴ
1365 588 1501 625 κοιμηθῇς
1511 590 1552 620 cl;
1562 588 1645 615 τόπον
1657 588 1725 614 ὅπου
1740 588 1799 614 ἐστὶ

1119 681 1246 715 Ἀδελφὸς
1265 680 1392 717 ἠρώτησε
1414 680 1460 707 τὸν
1481 679 1568 706 ἀ66ᾶν
1584 679 1733 715 Θεόδωρον,
1752 679 1799 706 λέ-

1009 737 1082 763 γων’
1104 728 1180 754 Θέλω
1199 727 1352 754 ἐπιτελέσαι
1375 727 1424 758 τὰς
1446 726 1565 758 ἐντολάς.
1589 726 1671 760 Λέγει
1692 725 1766 761 αὑτῷ
1785 727 1800 752 6

1010 773 1100 809 γέρων
1124 773 1189 808 περὶ
1213 772 1260 799 τοῦ
1287 772 1359 799 ἀῦϐἆ
1383 772 1488 804 Batava,
1505 771 1546 797 ὅτι
1568 768 1629 797 εἷπε
1655 771 1702 797 καὶ
1719 771 1801 803 αὐτός

1012 827 1094 846 ποτε’
1117 819 1192 845 Θέλω
1215 817 1357 853 πληρῶσαι
1380 817 1426 844 τὸν
1449 817 1580 852 λογισμόν
1599 826 1649 852 μου
1669 817 1738 853 μετὰ
1751 818 1799 844 τοῦ

1012 865 1091 897 Θεοῦ,
1103 865 1150 891 καὶ
1163 863 1254 892 λαϐὼν
1268 864 1356 890 σιτίαν
1370 865 1410 895 εἰς
1426 863 1457 890 τδ
1469 864 1656 898 ἁρτοκοπείον,
1672 864 1801 900 ἐποίησεν

172 917 229 950 cit;
260 903 329 951 quos
349 917 504 951 petentibus
524 917 689 952 pauperibus
703 903 786 946 dedit.
802 919 903 947 lterum
916 927 961 954 pe-

1022 911 1111 947 ἱρτους
1121 919 1127 926 ·
1147 911 1195 938 καὶ
1210 911 1381 946 αἰτησάντων
1396 910 1480 937 αὑτὸν
1495 910 1621 946 πτωχῶν,
1638 911 1723 937 ἔδωκε
1738 913 1801 943 τοὺς

173 962 292 990 tentibtts
306 962 378 995 aliis,
393 962 506 989 tradidit
529 963 683 997 sportellas,
696 964 824 998 quodque
838 965 961 999 gestabat

176 1008 287 1043 pallium
301 1016 309 1040 ;
324 1013 350 1036 et
363 1009 475 1035 intravit
497 1009 524 1035 in
539 1009 636 1036 cellam
655 1009 770 1037 maforte
784 1011 960 1045 praecinctus.

173 1054 238 1082 Post
255 1054 312 1081 haec
327 1059 419 1082 tamen
436 1053 470 1081 de
487 1062 517 1082 se
531 1055 621 1082 adhuc
635 1056 865 1090 conquerebatur,
882 1057 961 1092 quasi

173 1109 227 1128 non
243 1100 421 1136 adiinplesset
440 1101 486 1129 Dei
502 1102 671 1129 mandatum.

210 1189 254 1216 l9.
275 1189 429 1225 [Egrotavit
445 1191 593 1226 aliquando
608 1192 694 1220 abbas
703 1192 816 1228 Joseph,
832 1197 860 1221 et
888 1193 964 1222 misit

173 1232 209 1259 ad
223 1233 349 1262 abbatem
365 1234 550 1269 TheodorumI
579 1237 693 1266 dicens:
711 1237 788 1272 Veni,
806 1243 836 1265 ut
858 1239 963 1267 videam

174 1283 202 1305 te
215 1279 292 1314 prius
306 1288 388 1315 quam
405 1290 420 1309 e
435 1289 551 1317 corpore
563 1284 706 1319 egrediar;
727 1289 786 1312 erat
801 1290 890 1313 autem
908 1294 964 1314 nie-

175 1324 219 1350 dia
236 1324 415 1353 hebdomada.
432 1326 479 1355 llle
493 1335 546 1354 non
563 1327 703 1362 profectus
717 1334 759 1356 est
774 1338 781 1362 ;
805 1330 851 1357 sed
877 1330 962 1362 misit,

175 1370 272 1397 aiens:
291 1371 319 1398 Si
346 1373 447 1400 vixeris
471 1381 558 1408 usque
575 1373 608 1401 ad
628 1374 701 1402 diem
726 1373 849 1407 Sabbati,
865 1376 963 1410 adibo;

176 1417 220 1444 sin
235 1417 399 1452 decesseris,
414 1420 441 1458 in
456 1419 503 1446 illo
518 1421 618 1448 saeculo
633 1420 788 1448 videbimus
801 1421 928 1449 invicem.

211 1462 257 1490 20.
271 1463 368 1492 Frater
379 1465 449 1492 dixit
465 1466 555 1493 abbati
573 1466 718 1494 Theodoro
732 1476 738 1494 :
761 1468 870 1502 Aliquid
887 1468 965 1496 verbi

177 1509 245 1536 mihi
264 1510 376 1544 profer;
392 1519 454 1538 nam
471 1519 562 1546 pereo.
579 1512 618 1539 Ac
649 1520 720 1548 aegre
747 1514 890 1548 respondit
912 1514 938 1542 ei
956 1523 963 1542 :

177 1555 234 1591 Ego
249 1556 400 1591 periclitor,
411 1562 438 1585 et
455 1558 520 1593 quid
536 1559 583 1585 tibi
602 1558 689 1586 habeo
705 1559 853 1594 proloqui?

212 1602 256 1629 2i.
276 1601 356 1630 Venit
373 1603 459 1631 frater
471 1605 504 1632 ad
520 1605 646 1632 abbatem
662 1605 846 1638 Theodorum,
862 1611 891 1634 ut
903 1615 965 1634 eum

178 1645 289 1674 doceret
312 1652 468 1681 contexere,
497 1651 642 1685 attulitqne
661 1651 789 1685 plectam.
808 1651 895 1680 Senex
917 1660 966 1679 an-

178 1694 233 1716 tem
248 1690 317 1718 dixit
334 1692 358 1719 ei
373 1701 379 1719 :
396 1693 458 1726 Abi,
475 1698 501 1720 et
518 1701 597 1721 mane
609 1695 662 1721 huc
679 1697 750 1722 veni.
769 1697 889 1731 Sui-gens
901 1706 966 1733 ergo

178 1743 274 1769 senex,
293 1738 409 1772 plectam
427 1739 452 1766 ei
477 1740 601 1776 irrigavit
614 1762 621 1773 ,
639 1744 799 1778 paravitqne
822 1748 967 1778 praetextu-

177 1790 246 1814 ram,
264 1783 376 1811 dicens:
392 1785 429 1812 Ita
444 1789 526 1821 atque
541 1787 576 1813 ita
593 1788 675 1815 facito
690 1797 698 1820 ι
722 1794 749 1817 et
767 1790 877 1824 reliquit
891 1798 966 1817 enm.

179 1827 322 1863 Ingressus
355 1835 446 1858 autem
474 1833 502 1859 in
528 1834 624 1860 eellam
656 1843 733 1862 suam
761 1843 842 1863 senex
875 1837 966 1870 sedit;

179 1883 298 1910 cumque
328 1881 436 1912 tempus
455 1879 629 1913 advenisset,
659 1881 751 1908 cibum
771 1882 911 1917 apposuit,
937 1890 968 1910 ac

179 1921 319 1950 hominem
337 1925 453 1951 remisit.
476 1923 555 1952 Venit
572 1927 669 1954 iterum
695 1936 774 1955 mane
787 1949 796 1961 ,
831 1933 858 1956 et
874 1929 912 1955 ait
929 1929 968 1956 illi

181 1977 263 1997 senex
279 1979 286 1998 :
308 1971 384 1999 Tolle
399 1972 462 1999 hinc
478 1973 593 2007 plectaln
617 1979 702 2005 tuam,
719 1979 802 2011 atque
830 1975 886 2002 abi.
916 1975 969 2003 Ve-

181 2017 246 2044 nisti
264 2018 349 2050 enim,
365 2022 394 2045 ut
413 2026 458 2046 me
475 2019 501 2046 in
517 2020 694 2048 tentationem
713 2029 744 2048 ac
757 2021 969 2048 sollicitudinem

180 2065 315 2092 mitteres.
334 2064 390 2093 Nec
407 2067 525 2101 amplius
543 2067 668 2101 permisit
682 2075 744 2094 eum
761 2069 832 2096 intro
848 2076 968 2096 manere.

215 2155 261 2182 29..
290 2153 394 2183 Retulit
419 2156 527 2184 abbatis
551 2156 688 2183 Theodori
716 2156 891 2191 discipulus:
914 2157 972 2184 Ali—

181 2202 294 2236 quando
307 2203 381 2229 venit
410 2202 492 2229 homo
522 2203 644 2230 vendens
673 2210 766 2237 cepas,
800 2206 828 2229 et
849 2203 972 2238 implevit

1012 957 1127 991 ἄρτους·
1154 957 1202 983 καὶ
1224 957 1306 984 πάλιν
1326 958 1498 993 αἰτησάντων
1524 958 1621 990 ἄλλων,
1651 959 1735 985 ἔδωκε
1766 959 1802 986 τὰ

1014 1003 1141 1038 σπυρίδια
1162 1004 1208 1030 καὶ
1222 1003 1252 1030 τὸ
1273 1003 1380 1038 ἱμάτιον
1393 1004 1408 1030 6
1424 1004 1533 1039 ἐφόρει.
1551 1006 1598 1030 καὶ
1615 1005 1740 1039 εἰσῆλθεν
1762 1007 1803 1036 εἰς

1012 1050 1043 1076 τὸ
1059 1049 1174 1081 κελλιον,
1193 1050 1416 1086 περιζωσάμενος
1432 1050 1462 1077 τὸ
1481 1051 1624 1086 μαφόριον.
1644 1051 1699 1078 Καὶ
1715 1050 1802 1083 οὕτως

1013 1095 1095 1122 πάλιν
1117 1096 1257 1130 ἐμέμφετο
1283 1095 1377 1123 ἑαυτὸν
1397 1096 1493 1130 λέγων,
1517 1096 1557 1122 ὃτι
1578 1097 1634 1123 Οὐκ
1656 1097 1803 1133 ὲπλήρωσα

1013 1140 1061 1175 τὴν
1076 1140 1186 1176 ἐντολὴν
1203 1141 1250 1167 τοῦ
1265 1140 1341 1168 Θεοῦ.

1051 1186 1093 1214 ιϐ’.
1120 1187 1267 1221 Ἦσθένησέ
1284 1188 1372 1214 ποτέὸ
1387 1187 1473 1219 ὰὸὁᾶς
1496 1187 1604 1223 Ἰωσὴφ,
1628 1189 1675 1216 καὶ
1697 1188 1804 1224 ἔπεμψε

1014 1232 1083 1268 πρὸς
1098 1232 1144 1258 τὸν
1159 1231 1246 1258 ὰϐϐᾱν
1261 1232 1408 1268 θεόδωρον,
1424 1232 1527 1266 λέγων’
1543 1234 1638 1268 Δεῦρο,
1657 1234 1699 1260 ἵνα
1714 1243 1743 1260 σε
1757 1235 1805 1261 ἴδω

1015 1278 1067 1312 πρὸ
1086 1278 1132 1304 τοῦ
1153 1286 1186 1313 με
1210 1277 1328 1310 ἐξελθεῖν
1343 1279 1375 1304 ὲκ
1396 1278 1444 1305 τοῦ
1465 1279 1604 1314 σώματος·
1620 1277 1654 1315 ἦν
1673 1280 1700 1306 δὲ
1722 1280 1804 1315 μέσον

1014 1323 1063 1358 τῆς
1076 1323 1231 1359 ἑϐδομάδος.
1247 1325 1301 1350 Καὶ
1312 1325 1362 1351 οὐκ
1378 1325 1511 1360 ἀπῆλθεν·
1526 1326 1632 1361 ἔπεμψε
1646 1326 1685 1358 δὲ,
1701 1326 1804 1360 λέγων·

1022 1369 1084 1396 Ἐὰν
1111 1369 1205 1405 μείνῃς
1233 1369 1286 1401 ἕως
1315 1369 1362 1396 τοῦ
1388 1370 1535 1402 σαὸὁάτου.
1566 1371 1697 1407 ἔρχομαιο
1729 1373 1753 1398 εἰ
1776 1372 1806 1398 δὲ.

1016 1415 1142 1450 ὑπάγεις,
1158 1417 1197 1447 εἰς
1213 1417 1316 1442 ἐκεῖνον
1331 1416 1377 1443 τὸν
1392 1417 1495 1452 κόσμον
1513 1417 1648 1453 βλέπομεν
1663 1419 1805 1454 ἀλλήλους.

1051 1465 1085 1488 κ’.
1117 1462 1243 1496 Ἀδελφὸς
1264 1460 1323 1489 εἷπε
1341 1462 1380 1498 τῷ
1397 1463 1470 1498 ἀῧὸᾷ
1492 1463 1639 1500 Θεοδώρῳ·
1667 1465 1735 1492 Εἰπέ
1761 1474 1806 1501 μοι

1018 1507 1104 1542 ῥῆμα,
1119 1507 1159 1534 ὅτι
1178 1508 1343 1544 ἀπόλλυμαι,
1360 1509 1416 1535 Καὶ
1433 1509 1502 1544 μετὰ
1518 1510 1602 1536 κόπου
1621 1509 1697 1538 εἶπεν
1713 1512 1787 1547 αὐτῷ
1798 1520 1805 1527 ·

977 1573 1000 1602 C
1022 1553 1094 1588 Ἐγὼ
1108 1554 1266 1585 κινδυνεύω,
1283 1554 1329 1580 καὶ
1343 1556 1368 1581 τί
1381 1564 1421 1582 σοι
1434 1556 1488 1590 ἔχω
1502 1557 1606 1589 εἰπεῖνς

1053 1603 1104 1626 κα’.
1129 1599 1255 1634 Ἀδελφδς
1270 1598 1334 1636 ἦλθε
1348 1601 1416 1636 πρὸς
1431 1601 1477 1628 τὸν
1493 1601 1580 1628 ἀϐὀᾶν
1597 1603 1745 1638 Θεόδωρον,
1762 1603 1806 1630 ἵνα

1016 1646 1108 1682 διδάξῃ
1123 1647 1203 1674 αὐτὸν
1223 1648 1346 1682 ῥάπτειν,
1366 1647 1479 1681 ἐνέγκας
1498 1649 1544 1674 καὶ
1562 1649 1610 1684 τὴν
1629 1649 1722 1684 σειρὰν
1740 1650 1808 1685 πρὺς

1017 1694 1108 1722 αὐτόν.
1130 1694 1159 1720 '0
1178 1694 1206 1720 δὲ
1223 1695 1311 1730 γέρων
1336 1694 1409 1728 λέγει
1432 1695 1520 1730 αὐτῷ·
1537 1695 1656 1730 ’Ύπσγε,
1671 1696 1718 1723 καὶ
1735 1696 1808 1732 πρωῒ

1017 1739 1097 1776 δεῦρο
1112 1737 1173 1766 ὦδε.
1193 1741 1247 1766 Καὶ
1264 1740 1383 1772 ἀναστὰς
1397 1741 1411 1766 6
1427 1741 1525 1775 γέρων,
1544 1741 1655 1777 ἔϐρεξεν
1669 1742 1744 1778 αὐτῷ
1758 1743 1808 1777 τὴν

1019 1786 1123 1822 σειρὰν,
1155 1786 1202 1813 καὶ
1230 1786 1379 1821 ἡτοίμασεν
1404 1787 1478 1822 αὐτῷ
1507 1788 1557 1823 τὴν
1579 1790 1806 1825 προκαταραίρὴν,

1018 1832 1120 1866 λέγων·
1133 1832 1228 1864 Οὕτως
1241 1833 1286 1859 καὶ
1298 1832 1384 1863 οὕτως
1398 1833 1509 1868 ποίησον
1519 1841 1526 1848 ·
1540 1834 1586 1860 καὶ
1599 1835 1704 1870 ἀφῆκεν
1715 1836 1805 1862 αὐτόν.

1019 1879 1074 1905 Καὶ
1085 1877 1212 1904 εἰσελθὼν
1224 1879 1263 1909 εἰς
1278 1879 1307 1904 τὸ
1322 1879 1424 1905 κελλὶον
1434 1880 1528 1909 αὑτοῦ,
1539 1880 1665 1906 ἐκάθισεν
1678 1882 1691 1906 6
1701 1881 1805 1916 γέρων·

1019 1927 1066 1953 καὶ
1084 1928 1123 1958 εἰς
1138 1927 1187 1961 τὴν
1204 1926 1288 1962 ὥραν,
1313 1927 1440 1962 ἐποίησεν
1469 1927 1549 1954 αὑτὸν
1566 1929 1672 1962 φαγεῖν,
1691 1929 1736 1955 καὶ
1758 1929 1810 1955 ἀπ-

1020 1974 1152 2009 έπεμψεν.
1168 1971 1254 2000 Ἦλθε
1265 1974 1292 2000 δὲ
1307 1973 1386 2000 πάλιν
1402 1973 1487 2009 πρωΐ⁶
1502 1975 1548 2000 καὶ⁸
1559 1974 1631 2008 λέγει
1647 1974 1720 2010 αὐτῷ
1735 1976 1748 2002 6
1762 1975 1809 2010 γέ-

1021 2028 1090 2055 ρων-
1109 2018 1193 2055 ’Λρον
1207 2020 1255 2055 τὴν
1276 2020 1370 2055 σειρὰν
1385 2029 1431 2046 σου
1445 2020 1531 2052 ἐνθεν,
1545 2021 1591 2046 καὶ
1605 2021 1755 2057 ἀναλώρει·
1770 2023 1810 2053 εἰς

1021 2065 1173 2100 πειρασμὸν
1194 2065 1248 2100 γὰρ
1269 2063 1350 2100 ἦλθες
1373 2065 1462 2099 βαλεῖν
1491 2073 1524 2100 με
1549 2066 1595 2091 καὶ
1612 2067 1652 2097 εἰς
1671 2066 1809 2102 φροντίδα.

1022 2113 1076 2138 Καὶ
1086 2112 1136 2138 οὐκ
1149 2112 1187 2138 ἔτι
1201 2111 1307 2146 ἀφῆκεν
1322 2112 1401 2138 αὑτὸν
1417 2111 1478 2139 ἔσω.

1059 2156 1110 2191 κβν.
1130 2155 1213 2184 Εἶπεν
1238 2159 1252 2184 6
1278 2157 1403 2193 μαθητὴς
1427 2157 1474 2184 τοῦ
1498 2158 1570 2185 ὰὸὃᾶ
1592 2157 1741 2193 Θεοδώρου,
1769 2160 1811 2186 ὅτι

1023 2200 1108 2229 Ἧλθέ
1121 2204 1233 2235 ποτέτις
1250 2203 1347 2230 πωλῶν
1355 2204 1494 2238 κρόμμυα.
1506 2205 1552 2231 καὶ
1565 2204 1675 2239 ὲγέμισέ
1687 2213 1731 2239 μοι
1744 2213 1812 2240 xpu-

185 2249 250 2276 mihi
267 2254 414 2276 craterem.
442 2249 511 2276 llicit
541 2257 646 2277 senex:
665 2250 749 2285 lmple
777 2248 926 2281 frumento,
944 2254 965 2277 el

1024 2251 1104 2286 τῆρα.
1123 2251 1178 2277 Καὶ
1195 2248 1300 2284 λέγειο
1320 2252 1423 2286 γέρων·
1441 2251 1555 2286 Γέμισον
1573 2251 1647 2286 αὐτῷ
1664 2253 1746 2282 σῖτον,
1765 2252 1812 2279 καὶ

181 2294 215 2321 da
234 2295 269 2322 ei.
302 2295 386 2323 Erant
403 2300 494 2323 autem
523 2296 578 2324 duo
607 2297 698 2323 acervi
725 2295 876 2325 frumenti.
898 2304 970 2323 unus

183 2341 315 2373 mundus,
344 2343 413 2369 alter
439 2350 493 2369 non
515 2345 667 2377 purgatus;
686 2349 718 2369 ac
751 2342 860 2377 implevi
886 2341 911 2368 ei
937 2348 969 2368 ex

182 2387 335 2414 immundo.
353 2387 443 2415 Senex
459 2395 524 2414 vero
537 2387 633 2414 oculos
655 2387 682 2414 in
710 2395 753 2414 me
769 2388 884 2415 intendit
898 2387 971 2414 acri-

184 2437 264 2461 teret
287 2441 350 2460 cum
368 2434 502 2461 tristitia:
531 2434 603 2461 unde
638 2441 672 2461 ex
701 2434 799 2461 timore
826 2434 972 2469 prolapsus

183 2488 255 2512 sum,
270 2483 353 2515 atque
367 2485 501 2508 craterem
526 2479 604 2516 fregi.
622 2479 692 2507 Tum
710 2480 817 2508 veniam
843 2487 972 2515 procum-

183 2526 253 2554 bens
269 2526 346 2561 petii.
365 2526 409 2553 Ait
426 2534 531 2554 senex:
550 2526 649 2561 Surge,
671 2531 716 2554 tua
736 2534 791 2553 non
816 2531 858 2554 est
880 2527 972 2561 culpa,

183 2572 230 2599 sed
246 2579 296 2608 ego
324 2571 439 2607 deliqui,
469 2572 541 2607 quod
575 2572 625 2599 tibi
654 2571 853 2598 mandaverint.
879 2570 972 2606 Itaque

184 2618 326 2653 ingressus
345 2626 439 2651 senex,
469 2618 584 2653 replevit
616 2618 708 2646 sinum
729 2625 810 2645 suum
831 2617 972 2645 frumento

183 2669 308 2699 purgato.
325 2665 454 2700 deditque
473 2665 499 2692 ei
520 2672 574 2691 una
589 2672 652 2691 enm
669 2664 754 2699 cepis.

218 2710 264 2737 25.
284 2710 358 2737 Abiit
370 2709 518 2745 aliquando
530 2710 615 2737 abbas
625 2709 787 2737 Theodorus
799 2715 862 2737 cum
875 2707 971 2742 fratre,

183 2757 216 2785 ad
232 2757 411 2786 hauriendam
426 2766 542 2794 aquam;
557 2764 584 2787 et
606 2760 775 2794 praeveniens
788 2759 872 2787 frater
883 2757 918 2785 ad
932 2757 972 2784 la-

183 2813 244 2833 cum
255 2824 263 2837 ,
279 2805 347 2833 vidit
364 2805 524 2833 draconem.
541 2805 612 2834 Dicit
630 2806 655 2835 ei
674 2814 756 2835 senex
775 2815 782 2835 ς
799 2805 889 2839 Vade,
905 2811 973 2834 con-

220 2886 275 2924 (68)
299 2886 353 2916 Vit.
371 2886 447 2914 Patr.
466 2894 494 2917 x.
507 2886 550 2913 26.

1022 2297 1066 2328 δὺς
1085 2296 1167 2332 αὐτῷ.
1185 2294 1275 2323 Ἦσαν
1291 2297 1318 2323 δὲ
1337 2297 1383 2322 δύο
1404 2297 1493 2331 βουνοὶ
1514 2297 1598 2328 σίτου,
1619 2295 1659 2328 εἷς
1679 2297 1809 2333 καθαρος,

1023 2342 1070 2368 καὶ
1085 2339 1124 2374 εἷς
1141 2343 1310 2378 ἀκαθάρτος’
1327 2343 1443 2378 ὲγέμισα
1453 2343 1481 2369 δὲ
1496 2344 1570 2379 αὐτῷ
1582 2345 1614 2370 ὲκ
1626 2343 1673 2370 τοῦ
1687 2345 1811 2380 ἁκαῠάρ-

1022 2397 1080 2414 του.
1104 2388 1159 2414 Καὶ
1178 2388 1311 2423 προσέσχε
1330 2396 1376 2423 μοι
1389 2389 1402 2414 6
1418 2388 1506 2424 γέρων
1520 2388 1588 2423 μετὰ
1610 2388 1693 2421 ἕξεως
1709 2390 1755 2416 καὶ
1766 2389 1812 2416 λύ-

1024 2441 1092 2468 πης·
1114 2434 1161 2460 καὶ
1184 2434 1238 2460 ἀπὸ
1254 2434 1301 2460 τοῦ
1326 2433 1409 2468 φόϐου
1431 2434 1539 2465 ἔπεσον,
1572 2435 1619 2461 καὶ
1641 2434 1744 2461 ἔκλασα
1766 2436 1812 2462 τὸν

1024 2480 1166 2515 κρατῆρα·
1187 2479 1236 2505 καὶ
1256 2479 1351 2505 ἔϐαλον
1368 2479 1442 2515 αὑτῴ
1465 2480 1618 2515 μετάνοιαν.
1636 2481 1690 2507 Καὶ
1705 2481 1779 2515 λέγει
1799 2483 1813 2508 ὁ

1023 2526 1129 2561 γέρωνο
1160 2525 1293 2560 Ἐγείρου,
1319 2526 1369 2552 οὐκ
1391 2525 1463 2560 ἔχεις
1482 2526 1514 2552 σὺ
1533 2527 1661 2561 πρᾶγμα,
1678 2527 1736 2553 ἀλλ’
1757 2527 1812 2562 ἐγὼ

1022 2573 1156 2607 ἥμαρτον,
1172 2572 1213 2598 ὅτι
1229 2569 1305 2598 εἶπόν
1320 2579 1371 2599 σοι,
1391 2571 1447 2598 Καὶ
1465 2571 1593 2598 εἰσελθὼν
1608 2573 1622 2598 6
1637 2572 1726 2608 γέρων
1751 2573 1813 2608 ἐγέ-

1024 2626 1087 2653 μισε
1111 2616 1157 2644 τὸν
1180 2616 1279 2643 κόλπον
1296 2616 1378 2643 αὑτοῦ
1399 2618 1472 2643 σῖτον
1493 2617 1623 2652 καθαρὸν,
1644 2618 1692 2644 καὶ
1712 2618 1813 2645 ἔδωκεν

1023 2663 1098 2698 αὐτῷ
1115 2663 1183 2698 μετὰ
1197 2663 1252 2689 τῶν
1263 2662 1424 2698 κρομμύων.

1058 2709 1111 2744 κγ’.
1144 2708 1262 2743 Ἀπῆλθέ
1279 2717 1344 2735 ποτε
1361 2709 1375 2735 ὀ
1389 2708 1477 2740 ἀϐὃᾶς
1497 2708 1634 2744 Θεόδωρος
1651 2708 1720 2744 μετὰ
1737 2707 1814 2735 ἀδελ-

1024 2756 1073 2792 φοῦ
1087 2755 1200 2791 γεμίσαι
1212 2755 1284 2791 ὕδωρ
1295 2763 1302 2770 ’
1318 2755 1366 2781 καὶ
1385 2754 1529 2792 προλαϐὼν
1546 2756 1560 2782 6
1581 2755 1694 2790 ἀδελφὸς
1713 2756 1752 2787 εἰς
1767 2755 1812 2782 τὸν

1028 2801 1129 2830 λάκκον
1149 2797 1202 2828 εἵδε
1226 2800 1370 2837 δράκοντα.
1399 2801 1457 2828 Καὶ
1478 2799 1552 2835 λέγει
1577 2800 1651 2836 αὐτῷ
1665 2801 1681 2828 6
1703 2801 1792 2837 γέρων
