1970 3074
161 168 211 197 l95

743 165 949 194 APOPHTHEG
955 165 1050 192 ΜᾹΤᾹ
1069 163 1225 192 ικΑτιιωι.

1741 161 1792 190 193

160 228 280 261 ”Υπαγε,
301 225 423 261 πάτησον
436 226 486 261 τὴν
503 225 624 261 κεφαλὴν
641 224 734 252 αὑτοῦ.
755 226 810 252 Καὶ
825 224 954 260 φοϐηθεὶς

1023 224 1083 251 ulca
1098 223 1186 258 ipsius
1201 225 1295 257 caput.
1308 221 1355 249 ille
1370 220 1486 249 territus
1501 228 1556 248 non
1571 220 1703 256 perrexit.
1713 219 1792 248 Venit

161 272 209 299 σύκ
227 271 358 308 ἀπῆλθεν.
373 269 460 298 1Ἦλθε
476 271 505 298 δὲ
524 272 538 298 ὁ
554 272 654 308 γέρων,
671 272 719 298 καὶ
735 268 805 297 εἶδεν
824 271 906 298 αὐτὸν
920 270 951 296 τὸ

162 320 265 356 θηρίον,
278 320 324 347 καὶ
341 319 540 355 καταισχυνθὲν
555 319 656 353 ἔφυγεν
667 319 706 351 εἰς
720 319 769 354 τὴν
782 318 896 354 ἔρημον.

197 365 245 394 κδ’.
264 365 406 402 Ἦρώτησέ
419 374 460 397 τις
471 366 516 392 τὸν
529 365 615 392 essay
627 364 763 400 Θεόδωρον
772 372 780 381 ·
797 364 860 391 Ἐὰν
874 363 951 398 ἄφνω

162 413 271 448 γένηταί
287 421 328 444 τις
342 412 456 444 πτῶσις,
469 412 516 439 καὶ
533 412 565 438 σὺ
581 411 661 447 φοὸῇ,
673 411 759 444 ἀϐϐἄ;
778 411 858 444 Λέγει
876 409 952 445 αὐτῷ

161 459 176 485 ὁ
198 458 302 494 γέρων·
330 457 394 485 Ἐὰν
413 457 531 493 κολληοῇ
556 458 570 483 ὁ
586 457 700 492 οὑρανδς
714 458 746 492 τῇ
771 458 825 492 γῇ,
850 456 952 483 θεόδω-

164 511 208 537 ρος
233 503 263 529 οὺ
285 501 418 538 φοϐεῖται.
441 500 496 528 Ἦν
524 502 578 537 γὰρ
604 502 709 537 δεηθεὶς
735 501 781 528 τοῦ
801 502 884 533 Θεοῦ,
908 502 952 528 ἴνα

162 546 231 582 ἀρθῇ
255 548 304 574 ἀπ’
327 546 412 574 αὑτοῦ
428 547 445 582 ἡ
464 547 559 573 δειλία.
579 546 628 573 Διά
646 546 725 573 τοῦτο
746 547 792 573 καὶ
808 546 953 582 ἠρώτησεν

163 594 255 620 αὐτόν.

195 642 245 665 κε’.
268 638 393 673 Ἐλέγετο
414 638 479 674 περὶ
493 638 586 669 αὑτοῦ,
601 638 642 664 ὅτι
663 638 808 673 γενόμενος
831 638 954 670 διάκονος

164 685 203 716 εἰς
221 684 320 719 Σκῆτιν
343 684 393 712 οὐκ
425 684 505 720 ἦθελε
530 683 726 716 καταδέξασθαι
745 684 887 716 διακονεῖν,
907 684 954 710 καὶ

165 732 203 763 εἰς
227 730 342 762 πολλοὺς
360 730 459 762 τόπους
481 730 574 765 ἔφυγε.
597 730 652 757 Kal.
676 730 756 756 πάλιν
779 730 803 756 οἱ
827 730 954 765 γέροντες

165 777 260 813 ἔφερον
279 777 370 810 αὑτὸν,
396 776 537 811 λέγοντες·
553 776 598 810 Μὴ
621 776 774 812 καταλίπῃς
790 776 838 812 τὴν
863 776 955 802 διακο-

165 823 223 850 νίαν
241 831 299 850 σου.
320 823 402 858 Λέγει
424 823 516 854 αὐτοῖς
534 824 548 850 ὁ
566 823 654 854 ἁῦῦἆς
668 822 819 858 Θεόδωρος·
838 822 955 849 Ἐἀσατέ

168 877 210 904 με.
228 869 275 895 καὶ
288 868 384 904 δέομαι
399 868 447 895 τοῦ
461 868 538 900 Θεοῦ,
554 869 578 895 εἰ
591 868 795 903 πληροφορήσει
811 876 844 902 με
861 868 955 903 στῆναι

1005 274 1098 296 autem
1112 276 1213 300 senex;
1226 267 1274 295 sed
1287 267 1332 294 ubi
1345 266 1491 301 conspexit
1503 273 1565 293 eum
1577 273 1701 301 serpens,
1714 267 1793 300 quasi

1003 315 1107 348 pudore
1121 313 1254 344 suffusus,
1268 313 1376 348 aufugit
1390 313 1418 339 iii
1432 312 1620 340 solitudinem.

1037 361 1083 388 24.
1105 360 1161 395 (69)
1181 360 1288 391 Aliquis
1308 359 1434 386 abbatem
1450 357 1626 386 Theodorum
1645 358 1795 394 interroga-

1002 407 1041 434 vit
1060 416 1066 433 :
1088 406 1116 433 Si
1137 405 1228 433 subito
1249 405 1327 431 ruina
1351 404 1518 439 contigerit,
1536 407 1564 430 et
1582 407 1612 430 tu
1630 404 1793 435 terreberis.

1004 452 1090 479 abba?
1107 450 1314 487 Responditqiie
1329 457 1413 478 senex
1429 459 1436 477 :
1452 449 1585 482 Quamvis
1602 450 1701 476 caelum
1718 455 1797 477 terra:

1003 498 1163 529 misceatur,
1182 496 1345 524 Theodorus
1366 503 1420 523 non
1442 495 1601 523 terrebitur.
1623 495 1792 530 Deprecatus

1004 544 1105 579 quippe
1121 542 1205 570 Deum
1224 543 1324 574 fuerat,
1342 546 1372 569 ut
1389 542 1424 569 ab
1440 548 1473 568 eo
1490 541 1634 569 tolleretur
1651 542 1796 570 timiditas.

1005 590 1121 624 ldeoqiie
1140 597 1203 616 eum
1223 588 1267 615 ille
1285 589 1512 622 interrogaverat.

1039 635 1085 662 95.
1107 635 1164 669 (70)
1186 634 1334 662 Dicebatur
1348 635 1383 661 de
1400 642 1450 667 eo,
1469 633 1542 668 quod
1559 633 1693 661 diaconus
1710 633 1799 660 factus

1006 682 1033 709 in
1055 681 1143 713 Secti,
1163 681 1252 708 noluit
1274 681 1451 715 acquiescere
1472 684 1502 707 ut
1522 679 1685 707 diaconatus
1706 681 1800 706 munia

1005 731 1162 759 exerceret.
1186 727 1233 754 sed
1255 727 1289 754 ad
1309 728 1384 754 varia
1407 728 1467 755 loca
1489 727 1620 762 profugit.
1641 726 1674 752 Et
1697 726 1797 753 iterum

1006 784 1089 804 senes
1108 775 1284 803 adducebant
1302 784 1382 808 cuin,
1398 777 1522 804 dicentes
1540 785 1547 803 :
1564 775 1624 802 Noli
1645 776 1801 810 relinquere

1006 823 1189 849 ministerium
1209 826 1297 849 tuum.
1316 823 1361 849 Ait
1377 823 1432 850 illis
1448 823 1535 850 abbas
1551 822 1712 850 Theodorus
1731 832 1737 849 :
1759 822 1801 849 Si-

1007 869 1064 896 nite
1082 877 1138 899 me.
1157 873 1183 895 et
1204 869 1289 896 orabo
1308 868 1407 900 Deum,
1426 870 1450 895 si
1468 873 1572 896 certum
1593 877 1635 896 me
1652 869 1802 896 reddiderit

166 915 206 946 εἰς
218 915 264 942 τὸν
276 915 359 941 τόπον
374 915 424 949 τῆς
436 914 608 950 λειτουργίας
623 923 684 949 μου.
700 915 754 941 Καὶ
771 914 897 949 δεόμενος
908 913 954 940 τοῦ

1019 919 1037 941 ιι
1056 919 1125 941 stem
1150 914 1179 941 in
1203 914 1264 941 loco
1285 915 1431 942 ministerii
1454 915 1519 941 mei.
1541 915 1635 950 Itaque
1656 914 1740 942 Deum
1763 916 1801 942 ita

166 961 243 994 Θεοῦ,
260 961 370 996 ἔλεγεν·
389 962 420 988 Εἰ
436 962 543 997 θέλημα
562 962 608 988 σού
630 963 704 988 ἐστιν
719 961 762 988 ἵνα
784 961 839 988 στῶ
852 963 892 993 εἰς
911 962 956 988 τὸν

166 1007 267 1034 τόπον²
287 1016 349 1043 μου,
375 1007 583 1043 πληροφόρησόν
606 1016 649 1042 με.
676 1008 730 1034 Καὶ
752 1007 856 1042 ἐδείχθη
882 1007 957 1042 αὐτῷ

168 1053 263 1085 στύλος
280 1054 365 1090 πυρὸς
387 1054 442 1080 ἀπὸ
464 1054 514 1088 τῆς
528 1053 580 1088 γῆς
606 1054 659 1085 ἕως
680 1053 728 1080 τοῦ
751 1054 884 1090 ούρανοῦ,
910 1054 958 1080 καὶ

167 1099 244 1135 φωνὴ
256 1100 267 1115 ⁵
282 1099 414 1134 λέγουσα·
441 1097 473 1126 El
493 1100 606 1127 δύνασαι
619 1099 745 1134 γενέσθαι
765 1099 803 1131 ὡς
825 1101 839 1127 ὁ
863 1100 958 1132 στύλος

167 1142 259 1178 οὗτος,
284 1146 389 1181 ὕπαγε,
412 1145 581 1181 διακόνησον.
612 1147 641 1172 '0
665 1146 694 1173 δὲ
721 1146 841 1178 ἀκούσας
867 1147 959 1182 ἔκρινε

170 1191 269 1228 μηκέτι
288 1192 497 1226 καταδέξασθαι.
522 1192 661 1224 Ἐλθόντος
681 1190 728 1219 οὖν
743 1193 825 1220 αὑτοῦ
846 1194 886 1225 εἰς
910 1193 958 1230 τὴν

169 1238 328 1274 ἐκκλησίαν,
341 1239 436 1265 ἔϐαλον
451 1238 525 1274 αὐτῷ
542 1240 685 1273 μετάνοιαν
696 1241 720 1265 οι
733 1239 852 1274 ἀδελφοὶ,
867 1240 960 1274 λέγον-

169 1294 231 1317 τεςο
250 1285 282 1312 El
294 1286 324 1312 οὐ
345 1285 432 1316 Θέλεις
447 1286 592 1316 διακονεῖν,
608 1286 660 1313 κᾶν
680 1286 710 1313 τὸ
732 1287 862 1322 ποτήριον
876 1287 961 1313 κατά-

171 1339 228 1365 σχε.
254 1331 308 1357 Kal
332 1331 382 1358 οὐκ
399 1331 543 1366 ἠνέσχετο,
571 1331 674 1366 λέγων·
707 1333 769 1359 Ἐὰν
799 1333 836 1368 μὴ
862 1333 960 1369 ἀφῆτε,

170 1377 306 1413 ἀναχωρῶ
320 1378 353 1404 ὲκ
367 1377 414 1404 τοῦ
438 1377 521 1404 τόπου
536 1377 644 1405 τούτου.
666 1379 721 1405 Kal
741 1378 829 1411 οὕτως
851 1379 961 1414 ἀφῆκαν

170 1423 263 1450 αὐτόν.

207 1469 264 1502 κς¹.
289 1470 401 1504 Ἔλεγον
421 1470 449 1496 δὲ
478 1471 542 1506 περὶ
563 1471 657 1503 αὐτοῦ,
673 1472 714 1498 ὃτι
736 1472 774 1504 ὡς
792 1472 927 1508 ἠρημώθη
944 1473 960 1510 ὴ

171 1515 289 1550 Σκῆτις,
328 1513 394 1551 ἦλθε
426 1518 515 1552 μεῖναι
543 1518 583 1548 εἰς
610 1518 736 1553 Φέρμην’
764 1519 812 1545 καὶ
838 1519 964 1554 γηράσας

171 1560 317 1597 ἠσθένησε.
335 1561 505 1598 Προσέφερον
522 1560 568 1590 οὖν
582 1563 657 1598 αὐτῷ
674 1563 809 1599 ἐδέσματά
821 1572 893 1590 τινα.
909 1563 964 1590 Καὶ

171 1607 190 1633 ἃ
203 1606 301 1642 ἔφερεν
318 1609 332 1635 ὁ
349 1608 475 1644 πρῶτος,
497 1609 584 1635 ὲδίδου
598 1609 637 1645 τῷ
661 1609 796 1645 δευτέρῳ,
813 1609 860 1636 καὶ
879 1609 964 1642 οὕτως

173 1653 246 1679 κατὰ
270 1654 321 1689 τὴν
341 1654 433 1686 τάξιν.
453 1653 471 1681 ἃ
493 1655 647 1690 ἐλάμϐανεν
671 1655 747 1691 παρὰ
769 1655 815 1682 τοῦ
843 1655 964 1691 πρώτου,

174 1700 289 1733 παρεῖχε
303 1697 341 1734 τῷ
352 1699 438 1735 ἄλλῳ·
457 1700 496 1731 εἰς
509 1700 537 1726 δὲ
556 1700 605 1735 τὴν
620 1700 693 1735 ὤραν
711 1700 759 1727 τοῦ
772 1700 932 1733 γεύσασθαι,
951 1701 966 1727 ὂ

174 1743 273 1780 ἔφερεν
289 1745 303 1771 ὁ
323 1745 481 1781 ἐρχόμενος,
500 1746 579 1772 τοῦτο
597 1746 700 1781 ἢσθιεν.

211 1830 263 1864 κζ’.
282 1831 396 1867 Ἔλεγον
420 1832 485 1869 περὶ¹
513 1832 561 1859 τοῦ
582 1832 654 1859 (5.6δᾶ
679 1832 835 1869 Θεοδώρου,
862 1833 903 1860 δτι
923 1833 967 1860 ὅτε

175 1877 295 1914 ἐκάθητο
313 1879 342 1905 ἐν
360 1879 474 1915 Σκήτει,
492 1876 558 1914 ἦλθε
575 1879 643 1914 πρὸς
661 1879 742 1906 αὐτὸν
763 1879 867 1915 δαίμων
883 1879 967 1906 Θέλων

176 1924 326 1951 εἰσελθεῖν·
344 1926 391 1952 καὶ
416 1925 510 1961 ἔδησεν
528 1925 608 1952 αὐτὸν
633 1924 686 1958 ἔξω
711 1925 760 1960 τῆς
782 1925 891 1959 κέλλης.
913 1925 968 1952 Kal

176 1971 260 1998 πάλιν
284 1971 363 2004 ἄλλος
389 1972 493 2007 δαίμων
519 1966 600 2008 ἦλθεν
628 1972 777 1999 εἰσελθεῖν·
808 1973 854 2000 καὶ¹
872 1973 967 2000 τοῦτον

176 2018 267 2053 ἔδησε.
284 2019 339 2045 Kal
358 2018 489 2054 προσθεὶς
498 2019 512 2045 ὁ
525 2018 617 2054 τρίτος
626 2019 741 2054 δαίμων,
755 2016 831 2054 ἦλθε,
843 2019 891 2046 καὶ
904 2017 967 2055 εὗρε

176 2065 336 2101 δεδεμένους
350 2066 413 2097 τοὺς
427 2065 483 2092 δύο·
506 2066 554 2092 καὶ
569 2066 643 2100 λέγει
658 2067 761 2098 αὐτοῖς·
783 2066 816 2093 Τί
834 2067 969 2102 ἑστήκατε

177 2109 230 2139 ὦδε
245 2112 312 2146 Etim;
332 2113 387 2139 Kal
407 2112 532 2147 λέγουσιν
547 2112 632 2148 αὐτῷ,
655 2113 696 2140 ὃτι
719 2113 797 2140 Ἐστι
818 2113 971 2149 καθήμενος

178 2158 244 2190 ἔσω,
257 2158 303 2185 καὶ
319 2158 357 2194 μὴ
368 2158 421 2185 ὲῶν
435 2159 509 2194 ἡμᾶς
522 2159 664 2186 εἰσελθεῖν.
674 2159 728 2186 Καὶ
744 2159 825 2191 αὐτὸς
837 2160 972 2196 τυραννή-

179 2213 230 2236 σας
254 2205 432 2241 ὲπεχεῐῃσεν
461 2205 602 2233 εἰσελθεῖν.
624 2206 652 2233 ’0
669 2206 698 2232 δὲ
719 2206 808 2242 γέρων
830 2206 908 2242 ἔδησε
925 2206 972 2233 καὶ

1009 965 1138 995 precatus
1157 964 1199 987 est
1217 969 1223 987 :
1244 960 1272 987 Si
1291 961 1417 988 voluntas
1436 965 1481 987 tua
1500 966 1542 988 cst
1559 965 1588 988 ut
1606 965 1675 988 stem
1694 962 1721 988 in
1741 961 1802 988 Ιοοο

1011 1014 1087 1038 meo,
1110 1007 1256 1034 certiorem
1279 1015 1321 1033 me
1342 1007 1394 1033 fac.
1414 1007 1482 1034 Tum
1503 1011 1613 1034 ostensa
1633 1011 1676 1034 est
1697 1008 1734 1034 illi
1755 1015 1802 1034 co.

1010 1053 1102 1080 limina
1123 1053 1211 1088 ignis,
1231 1061 1245 1079 ιι
1264 1058 1336 1080 terra
1353 1053 1385 1080 ad
1406 1053 1505 1080 callum
1524 1061 1611 1088 iisque
1628 1054 1801 1088 pertingens.

1012 1099 1172 1134 audivitque
1189 1107 1283 1126 vocem
1304 1098 1462 1133 liujusniodi
1482 1108 1488 1126 :
1509 1098 1536 1125 Si
1558 1103 1634 1133 potes
1656 1099 1712 1126 ticri
1731 1100 1803 1126 sicut

1010 1144 1138 1171 columna
1149 1144 1232 1185 κΙιειξιι,
1251 1143 1336 1176 vade,
1355 1151 1454 1170 exerce
1474 1143 1660 1170 diaconatum.
1680 1143 1740 1176 Quo
1759 1145 1803 1170 ille

1013 1190 1121 1222 audito,
1141 1189 1263 1217 decrevit
1283 1197 1423 1224 nunquam
1446 1190 1630 1224 acquiescere.
1649 1190 1718 1216 Cum
1739 1198 1804 1225 ergo

1011 1237 1132 1264 venisset
1148 1236 1180 1263 ad
1196 1237 1359 1269 ecclesiam,
1376 1235 1475 1264 fratres
1492 1237 1697 1263 inclinaverunt
1713 1244 1742 1263 se
1757 1244 1799 1264 co-

1012 1291 1070 1310 ram
1089 1291 1137 1315 eo,
1153 1283 1337 1318 dixeruntque
1357 1292 1364 1310 :
1383 1282 1411 1310 Si
1431 1283 1588 1309 ministrare
1606 1290 1659 1309 non
1676 1283 1732 1314 vis,
1751 1283 1789 1310 sal

1014 1335 1067 1356 tein
1082 1329 1194 1356 calicem
1211 1332 1281 1356 tene.
1299 1328 1352 1355 Sed
1372 1336 1462 1363 neque
1479 1328 1530 1355 hoc
1547 1328 1696 1360 sustinuit,
1714 1329 1789 1363 prol‘a

1013 1380 1059 1404 tus
1081 1385 1088 1405 ;
1110 1375 1165 1403 Nisi
1188 1375 1351 1403 dimiseritis
1373 1383 1432 1407 me,
1452 1383 1486 1402 ex
1509 1375 1560 1402 lioc
1584 1375 1646 1402 loco
1667 1375 1804 1403 recedam.

1015 1421 1150 1456 Quocirca
1166 1422 1336 1456 reliquerunt
1352 1429 1425 1449 eum.

1051 1468 1096 1496 ‘26.
1116 1468 1249 1495 Cteteriiin
1269 1468 1420 1494 narrabant
1440 1467 1474 1494 de
1493 1467 1550 1499 illo,
1570 1468 1643 1503 quod
1663 1472 1806 1503 postquam

1016 1518 1124 1540 vastata
1140 1513 1190 1540 l‘uit
1206 1512 1304 1545 Scctis,
1319 1514 1393 1540 venit
1409 1517 1438 1540 ut
1455 1517 1577 1540 maneret.
1593 1515 1619 1540 in
1636 1513 1767 1545 Plieriiie;
1782 1519 1809 1541 et

1017 1567 1079 1586 cum
1100 1560 1255 1590 senuisset,
1278 1560 1306 1586 in
1328 1560 1453 1587 morbum
1476 1560 1582 1587 incidit.
1603 1559 1687 1595 Igitur
1707 1559 1808 1587 fratres

1017 1605 1168 1633 aﬂerebaiit
1181 1606 1281 1633 edulia.
1296 1604 1350 1632 Sed
1364 1614 1425 1641 qiia-
1438 1605 1542 1633 ferebat
1554 1607 1671 1638 primus,
1686 1605 1809 1633 secundo

1017 1653 1115 1686 dabat;
1131 1658 1213 1688 atque
1227 1654 1263 1680 ita
1277 1661 1310 1680 ex
1326 1654 1436 1685 ordine,
1453 1661 1513 1688 qiue
1530 1661 1544 1679 a
1563 1661 1651 1688 primo
1664 1653 1807 1688 capiebat,

1018 1699 1157 1734 praebebat
1178 1699 1269 1726 alteri.
1292 1699 1464 1727 Adventante
1487 1704 1578 1726 autem
1602 1699 1669 1726 liora
1692 1700 1811 1727 mandu-

1017 1745 1108 1777 candi,
1123 1745 1196 1780 quod
1212 1745 1318 1780 primus
1333 1753 1367 1773 ex
1383 1746 1579 1774 accedentibus
1593 1746 1761 1781 porrigebat,
1777 1754 1811 1774 eo

1017 1792 1191 1820 vescebatur.

1053 1838 1098 1865 27.
1120 1838 1236 1865 Aiebaiit
1254 1838 1288 1866 de
1310 1838 1408 1866 abbate
1425 1838 1587 1870 Theodoro.
1607 1838 1681 1874 quod
1700 1839 1810 1874 quando

1019 1884 1047 1911 iii
1065 1883 1138 1911 Sceti
1154 1883 1308 1917 residebat,
1324 1884 1398 1911 venit
1413 1884 1447 1911 ad
1464 1884 1552 1919 ipsum
1566 1884 1690 1917 dicmon,
1708 1885 1811 1913 intrare

1021 1930 1116 1958 volens
1129 1939 1136 1957 :
1149 1933 1178 1957 et
1191 1929 1285 1965 ligavit
1299 1938 1360 1957 cum
1373 1934 1451 1956 extra
1462 1930 1569 1958 cellam.
1581 1930 1680 1958 lterum
1695 1932 1812 1959 accessit

1022 1976 1093 2003 alius
1108 1975 1227 2009 daemon,
1244 1980 1272 2002 ut
1287 1975 1493 2011 ingrederetur;
1510 1976 1584 2004 liiinc
1597 1985 1706 2012 quoque
1718 1977 1812 2013 alliga—

1020 2023 1070 2050 vit.
1082 2023 1116 2050 Et
1129 2023 1263 2057 adjicieiis
1277 2023 1375 2050 tertius
1387 2023 1506 2055 diemon.
1518 2024 1640 2056 advenit,
1655 2024 1813 2059 invenitque

1022 2070 1093 2096 duos
1108 2067 1214 2103 priores
1227 2068 1350 2098 vinctos,
1367 2071 1451 2103 atque
1465 2068 1534 2095 dixit
1548 2069 1589 2096 eis
1606 2078 1612 2096 :
1629 2069 1685 2096 Cur
1697 2068 1751 2096 liuc
1766 2076 1814 2096 cx-

1022 2118 1064 2141 tra
1085 2113 1185 2142 statis?
1207 2112 1385 2148 Respondent
1403 2114 1486 2147 :-Qiii
1509 2114 1580 2141 intra
1601 2114 1697 2142 cellam
1719 2114 1812 2144 sedet,

1023 2167 1078 2187 iion
1092 2159 1158 2187 sinit
1174 2166 1224 2186 nos
1240 2160 1354 2187 intrare.
1368 2159 1428 2194 Ipse
1441 2167 1505 2187 vero
1518 2160 1542 2187 vi
1559 2160 1629 2187 facta
1646 2165 1761 2187 conatus
1773 2165 1815 2187 est

1024 2206 1148 2233 introire.
1169 2205 1203 2233 At
1225 2213 1306 2233 senex
1328 2206 1401 2232 hunc
1420 2206 1502 2233 etiam
1524 2206 1700 2233 constrinxit.
1721 2204 1816 2240 Itaque

179 2249 283 2277 τοῦτον.
297 2250 464 2286 Φοϐηθέντες
481 2251 510 2278 δὲ
522 2251 571 2283 τὰς
587 2251 669 2287 εὐχὰς
683 2251 730 2278 τοῦ
745 2251 882 2287 γέροντος,
899 2260 963 2288 παρα

1023 2253 1103 2280 veriti
1125 2252 1201 2280 senis
1223 2260 1335 2287 preces.
1361 2256 1526 2288 rogaverunt
1547 2253 1639 2285 illiilli,
1661 2251 1784 2279 dicentes
1806 2260 1813 2279 :

180 2296 295 2323 εκάλουν
317 2296 420 2329 αὐτὸν,
446 2297 587 2332 λέγοντες·
627 2297 773 2324 ’Δπόλυσον
801 2299 885 2334 ἡμᾶς.
916 2299 972 2326 Kal

180 2343 256 2376 λέγει
265 2343 358 2375 αὐτοῖς
372 2344 386 2370 ὁ
398 2343 488 2380 γέρων
498 2352 506 2360 ·
522 2344 668 2379 Ὑπάγετε.
682 2345 738 2372 Καὶ
753 2344 846 2372 λοιπὸν
860 2346 972 2381 αἰσχυν-

180 2388 273 2421 θέντες
298 2389 487 2425 ἀνεχώρησαν.

217 2438 271 2470 κη’.
291 2436 447 2471 Διηγήσατό
460 2445 502 2467 τις
516 2435 570 2463 τῶν
589 2437 735 2473 Πατέρων,
753 2437 878 2474 περὶτοῦ
901 2437 974 2465 “Si

181 2479 322 2516 Θεοδώρου
337 2480 385 2507 τοῦ
404 2481 454 2516 τῆς
466 2481 587 2517 Φέρμης,
607 2483 648 2509 ὅτι
672 2481 773 2510 Ἧλθόν
791 2492 857 2510 ποτε
883 2484 974 2520 δείλης

182 2526 253 2562 πρὸς
269 2526 367 2558 αὑτὸν,
384 2527 431 2554 καὶ
454 2524 533 2564 εὗρον
550 2528 632 2555 αὑτὸν
654 2529 789 2566 φοροῦντα
804 2530 974 2566 κεκομμένον

182 2573 329 2607 λεὸίτωνα,
345 2575 390 2602 καὶ
410 2574 442 2601 τὸ
459 2575 558 2611 στῆθος
574 2576 657 2603 αὑτοῦ
677 2577 791 2611 γυμνὸν,
810 2577 856 2604 καὶ
873 2578 904 2604 τὸ
926 2586 974 2604 κο-

183 2619 291 2646 κούλιον
309 2620 393 2647 αὑτοῦ
407 2620 571 2656 ἔμπροσθεν.
590 2622 645 2648 Καὶ
659 2622 714 2648 ἰδού
723 2631 766 2655 ςτις
786 2624 882 2659 Κύμης
894 2622 976 2660 ἦλθεν

186 2665 250 2692 ιδείν
261 2665 351 2693 αὐτόν.
367 2666 422 2693 Kal
440 2666 605 2702 κρούσαντος
617 2668 710 2699 αὐτοῦ,
728 2668 839 2704 ἐξῆλθεν
858 2671 872 2696 ὀ
886 2671 976 2705 γέρων

185 2711 300 2744 ἀνοῖξαι,
318 2712 366 2739 καὶ
379 2712 541 2748 ἀπαντήσας
557 2713 631 2749 αὐτῷ
659 2714 785 2742 ἐκάθισεν
804 2716 844 2748 εἰς
863 2717 912 2752 τὴν
930 2716 977 2743 θύ-

187 2766 239 2793 (av
254 2757 346 2784 λαλεῖν
362 2758 448 2794 αὐτῷ.
468 2759 525 2786 Καὶ
543 2759 639 2787 ἔλαθον
652 2761 749 2797 κόμμα
768 2763 913 2799 μαφοριου,
929 2764 976 2790 καὶ

238 2835 298 2864 Ἀι.
313 2837 398 2865 inser.
414 2837 594 2874 λειτουργίας,
633 2839 644 2855 δ
658 2839 699 2867 Al.
715 2839 799 2868 inser.
814 2840 921 2875 γέγονε.

223 2908 280 2944 (69)
299 2907 354 2936 Vit.
371 2908 445 2936 Patr.
463 2917 510 2942 VII,
526 2910 553 2937 6.

1026 2299 1108 2326 Solve
1124 2307 1185 2326 nos.
1204 2298 1273 2326 Tum
1292 2299 1326 2326 ad
1344 2307 1393 2327 eos
1411 2307 1494 2327 senex
1514 2309 1521 2326 :
1539 2299 1631 2326 Abite.
1649 2298 1717 2326 Dein
1736 2298 1815 2334 igno-

1025 2344 1110 2371 minia
1127 2343 1227 2377 alTecti,
1242 2345 1440 2372 discesserunt.

1060 2443 1106 2470 28.
1126 2442 1254 2470 Narravit
1267 2442 1379 2471 Patrum
1391 2445 1492 2480 aliquis
1504 2443 1538 2472 de
1550 2445 1649 2473 abbate
1660 2444 1816 2477 Theodoro,

1027 2489 1075 2516 illo
1090 2497 1105 2516 e
1122 2487 1239 2517 Plierme
1254 2499 1261 2516 τ
1277 2489 1344 2517 Veni
1359 2491 1508 2526 aliquando
1525 2492 1558 2519 ad
1577 2499 1639 2519 eum
1657 2492 1709 2520 sub
1722 2499 1818 2528 vespe—

1028 2542 1099 2567 ram,
1118 2538 1145 2562 et
1167 2534 1259 2562 inveni
1281 2534 1406 2562 indutum
1430 2536 1548 2563 levitone
1570 2537 1671 2569 lacero.
1691 2537 1819 2572 nudoque

1028 2586 1089 2608 erat
1108 2585 1232 2616 pectore,
1250 2582 1386 2609 cucullam
1408 2582 1513 2610 habens
1530 2587 1594 2610 ante
1611 2591 1650 2611 se.
1668 2583 1737 2610 Tum
1756 2592 1820 2611 ecce

1029 2633 1123 2653 comes
1143 2626 1254 2661 quidam
1278 2628 1405 2661 accessit,
1427 2633 1457 2655 ut
1476 2629 1582 2656 videret
1601 2637 1674 2657 eum.
1698 2630 1819 2665 Cumque

1029 2673 1184 2707 piilsasset,
1200 2673 1284 2700 exivit
1301 2681 1385 2701 senex
1402 2674 1435 2701 ad
1455 2675 1646 2710 aperiendum.
1662 2675 1694 2703 Et
1712 2677 1818 2704 obviam

1029 2718 1134 2753 factus,
1161 2720 1233 2747 sedit
1262 2721 1289 2747 in
1316 2725 1394 2756 porta
1420 2729 1482 2749 cum
1510 2722 1557 2750 illo
1584 2723 1736 2751 locuturus.
1764 2723 1818 2758 Ege

1031 2766 1138 2801 sumpsi
1154 2774 1264 2801 segmen
1280 2767 1417 2799 iiial‘ortis,
1430 2770 1594 2804 cmitcxique
1607 2770 1737 2799 humeros
1749 2770 1818 2806 ejus.

1070 2914 1125 2950 (το)
1150 2914 1202 2942 Vit.
1225 2914 1300 2943 Patr.
1314 2923 1358 2950 xv,
1372 2916 1424 2949 2!;
1444 2923 1492 2944 \'tl.
1506 2915 1550 2950 53,
1570 2917 1594 2944 1.
