  <div class='ocr_page' id='page_1' title='image "/cluster/home/n/w/nwhite01/storage/ocr_20150623/65/njp.32101077772687/103.png"; bbox 0 0 1970 3074; ppageno 0'>
   <div class='ocr_carea' id='block_1_1' title="bbox 151 157 976 189">
    <p class='ocr_par' dir='ltr' id='par_1_1' title="bbox 151 157 976 189">
     <span class='ocr_line' id='line_1_1' title="bbox 151 157 976 189; baseline -0.002 -1"><span class='ocrx_word' id='word_1_1' title='bbox 151 159 203 189; x_wconf 76' lang='grc'><strong>195</strong></span> <span class='ocrx_word' id='word_1_2' title='bbox 738 157 909 187; x_wconf 72' lang='lat' dir='ltr'><strong>APPENDIX</strong></span> <span class='ocrx_word' id='word_1_3' title='bbox 931 158 976 186; x_wconf 79' lang='lat' dir='ltr'><strong>AD</strong></span> 
     </span>
    </p>
   </div>
   <div class='ocr_carea' id='block_1_2' title="bbox 151 214 981 252">
    <p class='ocr_par' dir='ltr' id='par_1_2' title="bbox 151 214 981 252">
     <span class='ocr_line' id='line_1_2' title="bbox 151 214 981 252; baseline -0.002 -8"><span class='ocrx_word' id='word_1_4' title='bbox 151 217 188 244; x_wconf 77' lang='lat' dir='ltr'><strong>At</strong></span> <span class='ocrx_word' id='word_1_5' title='bbox 207 223 291 244; x_wconf 89' lang='lat' dir='ltr'><strong>senex</strong></span> <span class='ocrx_word' id='word_1_6' title='bbox 310 218 425 243; x_wconf 85' lang='lat' dir='ltr'><strong>extensa</strong></span> <span class='ocrx_word' id='word_1_7' title='bbox 444 223 544 248; x_wconf 83' lang='lat' dir='ltr'><strong>manu.</strong></span> <span class='ocrx_word' id='word_1_8' title='bbox 564 215 631 243; x_wconf 91' lang='lat' dir='ltr'><strong>illud</strong></span> <span class='ocrx_word' id='word_1_9' title='bbox 649 214 776 252; x_wconf 75' lang='lat' dir='ltr'><strong>proiecit.</strong></span> <span class='ocrx_word' id='word_1_10' title='bbox 792 215 942 250; x_wconf 73' lang='lat' dir='ltr'><strong>Postquam</strong></span> <span class='ocrx_word' id='word_1_11' title='bbox 957 218 981 246; x_wconf 76' lang='grc' dir='ltr'><strong>Α</strong></span> 
     </span>
    </p>
   </div>
   <div class='ocr_carea' id='block_1_3' title="bbox 150 262 942 297">
    <p class='ocr_par' dir='ltr' id='par_1_3' title="bbox 150 262 942 297">
     <span class='ocr_line' id='line_1_3' title="bbox 150 262 942 297; baseline -0.001 -8"><span class='ocrx_word' id='word_1_12' title='bbox 150 267 243 290; x_wconf 87' lang='lat' dir='ltr'><strong>autem</strong></span> <span class='ocrx_word' id='word_1_13' title='bbox 256 262 430 290; x_wconf 85' lang='lat' dir='ltr'><strong>discessisset</strong></span> <span class='ocrx_word' id='word_1_14' title='bbox 443 270 547 294; x_wconf 82' lang='lat' dir='ltr'><strong>comes,</strong></span> <span class='ocrx_word' id='word_1_15' title='bbox 559 262 617 290; x_wconf 83' lang='lat' dir='ltr'><strong>dixi</strong></span> <span class='ocrx_word' id='word_1_16' title='bbox 629 262 655 290; x_wconf 92' lang='lat' dir='ltr'><strong>ei</strong></span> <span class='ocrx_word' id='word_1_17' title='bbox 669 272 675 290; x_wconf 87' lang='lat'><strong>:</strong></span> <span class='ocrx_word' id='word_1_18' title='bbox 688 262 776 295; x_wconf 80' lang='lat' dir='ltr'><strong>Abba,</strong></span> <span class='ocrx_word' id='word_1_19' title='bbox 788 269 875 297; x_wconf 88' lang='lat' dir='ltr'><strong>quare</strong></span> <span class='ocrx_word' id='word_1_20' title='bbox 889 262 942 289; x_wconf 89' lang='lat' dir='ltr'><strong>hoc</strong></span> 
     </span>
    </p>
   </div>
   <div class='ocr_carea' id='block_1_4' title="bbox 150 307 943 344">
    <p class='ocr_par' dir='ltr' id='par_1_4' title="bbox 150 307 943 344">
     <span class='ocr_line' id='line_1_4' title="bbox 150 307 943 344; baseline -0.003 -8"><span class='ocrx_word' id='word_1_21' title='bbox 150 308 248 344; x_wconf 75' lang='lat' dir='ltr'><strong>egisti?</strong></span> <span class='ocrx_word' id='word_1_22' title='bbox 259 307 339 335; x_wconf 81' lang='lat' dir='ltr'><strong>Venit</strong></span> <span class='ocrx_word' id='word_1_23' title='bbox 354 308 450 342; x_wconf 89' lang='lat' dir='ltr'><strong>homo,</strong></span> <span class='ocrx_word' id='word_1_24' title='bbox 465 312 495 336; x_wconf 89' lang='lat' dir='ltr'><strong>ut</strong></span> <span class='ocrx_word' id='word_1_25' title='bbox 509 309 654 344; x_wconf 85' lang='lat' dir='ltr'><strong>proliceret</strong></span> <span class='ocrx_word' id='word_1_26' title='bbox 672 318 678 336; x_wconf 93' lang='lat'>:</span> <span class='ocrx_word' id='word_1_27' title='bbox 695 308 819 343; x_wconf 89' lang='lat' dir='ltr'><strong>nunquid</strong></span> <span class='ocrx_word' id='word_1_28' title='bbox 834 316 899 336; x_wconf 88' lang='lat' dir='ltr'><strong>vero</strong></span> <span class='ocrx_word' id='word_1_29' title='bbox 914 312 943 334; x_wconf 90' lang='lat' dir='ltr'><strong>ut</strong></span> 
     </span>
    </p>
   </div>
   <div class='ocr_carea' id='block_1_5' title="bbox 151 354 943 390">
    <p class='ocr_par' dir='ltr' id='par_1_5' title="bbox 151 354 943 390">
     <span class='ocr_line' id='line_1_5' title="bbox 151 354 943 390; baseline -0.003 -7"><span class='ocrx_word' id='word_1_30' title='bbox 151 355 311 383; x_wconf 86' lang='lat' dir='ltr'><strong>scandalum</strong></span> <span class='ocrx_word' id='word_1_31' title='bbox 333 355 487 390; x_wconf 87' lang='lat' dir='ltr'><strong>pateretur?</strong></span> <span class='ocrx_word' id='word_1_32' title='bbox 505 354 657 390; x_wconf 81' lang='lat' dir='ltr'><strong>Respondit</strong></span> <span class='ocrx_word' id='word_1_33' title='bbox 676 363 759 383; x_wconf 84' lang='lat' dir='ltr'><strong>senex</strong></span> <span class='ocrx_word' id='word_1_34' title='bbox 779 363 787 382; x_wconf 83' lang='lat'><strong>:</strong></span> <span class='ocrx_word' id='word_1_35' title='bbox 807 354 878 388; x_wconf 90' lang='lat' dir='ltr'><strong>Quid</strong></span> <span class='ocrx_word' id='word_1_36' title='bbox 901 355 943 382; x_wconf 89' lang='lat' dir='ltr'><strong>ais</strong></span> 
     </span>
    </p>
   </div>
   <div class='ocr_carea' id='block_1_6' title="bbox 152 399 943 432">
    <p class='ocr_par' dir='ltr' id='par_1_6' title="bbox 152 399 943 432">
     <span class='ocr_line' id='line_1_6' title="bbox 152 399 943 432; baseline 0 -6"><span class='ocrx_word' id='word_1_37' title='bbox 152 401 229 432; x_wconf 81' lang='lat' dir='ltr'><strong>mihi,</strong></span> <span class='ocrx_word' id='word_1_38' title='bbox 246 400 334 427; x_wconf 85' lang='lat' dir='ltr'><strong>abba?</strong></span> <span class='ocrx_word' id='word_1_39' title='bbox 349 399 507 428; x_wconf 75' lang='lat' dir='ltr'><strong>Etiamnum</strong></span> <span class='ocrx_word' id='word_1_40' title='bbox 525 401 684 428; x_wconf 90' lang='lat' dir='ltr'><strong>hominibus</strong></span> <span class='ocrx_word' id='word_1_41' title='bbox 698 400 850 428; x_wconf 82' lang='lat' dir='ltr'><strong>servimus?</strong></span> <span class='ocrx_word' id='word_1_42' title='bbox 866 399 943 427; x_wconf 84' lang='lat' dir='ltr'><strong>Feci-</strong></span> 
     </span>
    </p>
   </div>
   <div class='ocr_carea' id='block_1_7' title="bbox 152 444 943 481">
    <p class='ocr_par' dir='ltr' id='par_1_7' title="bbox 152 444 943 481">
     <span class='ocr_line' id='line_1_7' title="bbox 152 444 943 481; baseline -0.003 -9"><span class='ocrx_word' id='word_1_43' title='bbox 152 454 215 473; x_wconf 93' lang='lat' dir='ltr'><strong>mus</strong></span> <span class='ocrx_word' id='word_1_44' title='bbox 239 445 313 481; x_wconf 88' lang='lat' dir='ltr'><strong>quod</strong></span> <span class='ocrx_word' id='word_1_45' title='bbox 338 446 410 473; x_wconf 80' lang='lat' dir='ltr'><strong>facto</strong></span> <span class='ocrx_word' id='word_1_46' title='bbox 432 453 500 481; x_wconf 88' lang='lat' dir='ltr'><strong>opus</strong></span> <span class='ocrx_word' id='word_1_47' title='bbox 521 449 597 478; x_wconf 89' lang='lat' dir='ltr'><strong>erat;</strong></span> <span class='ocrx_word' id='word_1_48' title='bbox 618 445 652 473; x_wconf 92' lang='lat' dir='ltr'><strong>de</strong></span> <span class='ocrx_word' id='word_1_49' title='bbox 673 445 780 480; x_wconf 86' lang='lat' dir='ltr'><strong>reliquo</strong></span> <span class='ocrx_word' id='word_1_50' title='bbox 803 444 943 479; x_wconf 60' lang='lat' dir='ltr'><strong>praeteriit.</strong></span> 
     </span>
    </p>
   </div>
   <div class='ocr_carea' id='block_1_8' title="bbox 152 491 944 527">
    <p class='ocr_par' dir='ltr' id='par_1_8' title="bbox 152 491 944 527">
     <span class='ocr_line' id='line_1_8' title="bbox 152 491 944 527; baseline 0 -9"><span class='ocrx_word' id='word_1_51' title='bbox 152 491 203 524; x_wconf 85' lang='lat' dir='ltr'><strong>Qui</strong></span> <span class='ocrx_word' id='word_1_52' title='bbox 222 492 280 518; x_wconf 92' lang='lat' dir='ltr'><strong>vult</strong></span> <span class='ocrx_word' id='word_1_53' title='bbox 301 492 453 527; x_wconf 77' lang='lat' dir='ltr'><strong>proiicere,</strong></span> <span class='ocrx_word' id='word_1_54' title='bbox 474 492 617 527; x_wconf 83' lang='lat' dir='ltr'><strong>proﬁciat;</strong></span> <span class='ocrx_word' id='word_1_55' title='bbox 636 492 683 527; x_wconf 93' lang='lat' dir='ltr'><strong>qui</strong></span> <span class='ocrx_word' id='word_1_56' title='bbox 702 493 761 519; x_wconf 86' lang='lat' dir='ltr'><strong>vult</strong></span> <span class='ocrx_word' id='word_1_57' title='bbox 783 491 944 519; x_wconf 79' lang='lat' dir='ltr'><strong>scandalum</strong></span> 
     </span>
    </p>
   </div>
   <div class='ocr_carea' id='block_1_9' title="bbox 153 537 945 574">
    <p class='ocr_par' dir='ltr' id='par_1_9' title="bbox 153 537 945 574">
     <span class='ocr_line' id='line_1_9' title="bbox 153 537 945 574; baseline 0 -9"><span class='ocrx_word' id='word_1_58' title='bbox 153 539 228 573; x_wconf 85' lang='lat' dir='ltr'><strong>pati,</strong></span> <span class='ocrx_word' id='word_1_59' title='bbox 250 539 380 574; x_wconf 82' lang='lat' dir='ltr'><strong>patiatur.</strong></span> <span class='ocrx_word' id='word_1_60' title='bbox 399 539 456 574; x_wconf 78' lang='lat' dir='ltr'><strong>Ego</strong></span> <span class='ocrx_word' id='word_1_61' title='bbox 473 547 537 566; x_wconf 92' lang='lat' dir='ltr'><strong>vero</strong></span> <span class='ocrx_word' id='word_1_62' title='bbox 553 546 609 574; x_wconf 90' lang='lat' dir='ltr'><strong>quo</strong></span> <span class='ocrx_word' id='word_1_63' title='bbox 628 539 656 566; x_wconf 92' lang='lat' dir='ltr'><strong>in</strong></span> <span class='ocrx_word' id='word_1_64' title='bbox 677 538 770 566; x_wconf 90' lang='lat' dir='ltr'><strong>habitu</strong></span> <span class='ocrx_word' id='word_1_65' title='bbox 789 537 884 570; x_wconf 83' lang='lat' dir='ltr'><strong>fuero,</strong></span> <span class='ocrx_word' id='word_1_66' title='bbox 906 538 945 565; x_wconf 88' lang='lat' dir='ltr'><strong>ita</strong></span> 
     </span>
    </p>
   </div>
   <div class='ocr_carea' id='block_1_10' title="bbox 152 583 945 620">
    <p class='ocr_par' dir='ltr' id='par_1_10' title="bbox 152 583 945 620">
     <span class='ocr_line' id='line_1_10' title="bbox 152 583 945 620; baseline -0.001 -8"><span class='ocrx_word' id='word_1_67' title='bbox 152 592 306 613; x_wconf 85' lang='lat' dir='ltr'><strong>occurram.</strong></span> <span class='ocrx_word' id='word_1_68' title='bbox 333 584 507 613; x_wconf 88' lang='lat' dir='ltr'><strong>Denuntiavit</strong></span> <span class='ocrx_word' id='word_1_69' title='bbox 533 590 624 612; x_wconf 89' lang='lat' dir='ltr'><strong>autem</strong></span> <span class='ocrx_word' id='word_1_70' title='bbox 650 585 786 620; x_wconf 86' lang='lat' dir='ltr'><strong>discipulo</strong></span> <span class='ocrx_word' id='word_1_71' title='bbox 809 592 878 615; x_wconf 89' lang='lat' dir='ltr'><strong>suo,</strong></span> <span class='ocrx_word' id='word_1_72' title='bbox 901 583 945 611; x_wconf 89' lang='lat' dir='ltr'><strong>di-</strong></span> 
     </span>
    </p>
   </div>
   <div class='ocr_carea' id='block_1_11' title="bbox 152 631 943 667">
    <p class='ocr_par' dir='ltr' id='par_1_11' title="bbox 152 631 943 667">
     <span class='ocr_line' id='line_1_11' title="bbox 152 631 943 667; baseline -0.001 -8"><span class='ocrx_word' id='word_1_73' title='bbox 152 639 219 659; x_wconf 89' lang='lat' dir='ltr'><strong>cens</strong></span> <span class='ocrx_word' id='word_1_74' title='bbox 235 641 240 659; x_wconf 92' lang='lat'>:</span> <span class='ocrx_word' id='word_1_75' title='bbox 260 631 289 658; x_wconf 89' lang='lat' dir='ltr'><strong>Si</strong></span> <span class='ocrx_word' id='word_1_76' title='bbox 306 632 368 667; x_wconf 86' lang='lat' dir='ltr'><strong>quis</strong></span> <span class='ocrx_word' id='word_1_77' title='bbox 385 631 536 664; x_wconf 74' lang='lat' dir='ltr'><strong>advenerit,</strong></span> <span class='ocrx_word' id='word_1_78' title='bbox 551 631 644 658; x_wconf 89' lang='lat' dir='ltr'><strong>videre</strong></span> <span class='ocrx_word' id='word_1_79' title='bbox 662 639 705 659; x_wconf 90' lang='lat' dir='ltr'><strong>me</strong></span> <span class='ocrx_word' id='word_1_80' title='bbox 720 631 891 663; x_wconf 87' lang='lat' dir='ltr'><strong>desiderans,</strong></span> <span class='ocrx_word' id='word_1_81' title='bbox 908 638 943 658; x_wconf 93' lang='lat' dir='ltr'><strong>ne</strong></span> 
     </span>
    </p>
   </div>
   <div class='ocr_carea' id='block_1_12' title="bbox 153 677 944 713">
    <p class='ocr_par' dir='ltr' id='par_1_12' title="bbox 153 677 944 713">
     <span class='ocr_line' id='line_1_12' title="bbox 153 677 944 713; baseline -0.003 -7"><span class='ocrx_word' id='word_1_82' title='bbox 153 678 206 713; x_wconf 83' lang='lat' dir='ltr'><strong>ipsi</strong></span> <span class='ocrx_word' id='word_1_83' title='bbox 227 679 350 713; x_wconf 85' lang='lat' dir='ltr'><strong>loquaris</strong></span> <span class='ocrx_word' id='word_1_84' title='bbox 369 678 510 713; x_wconf 81' lang='lat' dir='ltr'><strong>quidpiam</strong></span> <span class='ocrx_word' id='word_1_85' title='bbox 534 686 629 705; x_wconf 90' lang='lat' dir='ltr'><strong>eorum</strong></span> <span class='ocrx_word' id='word_1_86' title='bbox 650 685 712 713; x_wconf 66' lang='lat' dir='ltr'><strong>quae</strong></span> <span class='ocrx_word' id='word_1_87' title='bbox 733 677 858 705; x_wconf 83' lang='lat' dir='ltr'><strong>homines</strong></span> <span class='ocrx_word' id='word_1_88' title='bbox 879 685 944 712; x_wconf 89' lang='lat' dir='ltr'><strong>pro-</strong></span> 
     </span>
    </p>
   </div>
   <div class='ocr_carea' id='block_1_13' title="bbox 153 723 945 757">
    <p class='ocr_par' dir='ltr' id='par_1_13' title="bbox 153 723 945 757">
     <span class='ocr_line' id='line_1_13' title="bbox 153 723 945 757; baseline -0.001 -6"><span class='ocrx_word' id='word_1_89' title='bbox 153 723 225 751; x_wconf 76' lang='lat' dir='ltr'><strong>ferre</strong></span> <span class='ocrx_word' id='word_1_90' title='bbox 245 725 349 757; x_wconf 77' lang='lat' dir='ltr'><strong>solent;</strong></span> <span class='ocrx_word' id='word_1_91' title='bbox 374 723 422 751; x_wconf 86' lang='lat' dir='ltr'><strong>sed</strong></span> <span class='ocrx_word' id='word_1_92' title='bbox 444 723 468 750; x_wconf 90' lang='lat' dir='ltr'><strong>si</strong></span> <span class='ocrx_word' id='word_1_93' title='bbox 492 723 651 757; x_wconf 89' lang='lat' dir='ltr'><strong>comedero,</strong></span> <span class='ocrx_word' id='word_1_94' title='bbox 676 723 737 755; x_wconf 86' lang='lat' dir='ltr'><strong>dic,</strong></span> <span class='ocrx_word' id='word_1_95' title='bbox 761 723 898 757; x_wconf 85' lang='lat' dir='ltr'><strong>Comedit;</strong></span> <span class='ocrx_word' id='word_1_96' title='bbox 921 723 945 752; x_wconf 88' lang='lat' dir='ltr'><strong>si</strong></span> 
     </span>
    </p>
   </div>
   <div class='ocr_carea' id='block_1_14' title="bbox 152 770 436 802">
    <p class='ocr_par' dir='ltr' id='par_1_14' title="bbox 152 770 436 802">
     <span class='ocr_line' id='line_1_14' title="bbox 152 770 436 802; baseline -0.004 -4"><span class='ocrx_word' id='word_1_97' title='bbox 152 771 302 802; x_wconf 81' lang='lat' dir='ltr'><strong>dornliero,</strong></span> <span class='ocrx_word' id='word_1_98' title='bbox 320 770 436 797; x_wconf 81' lang='lat' dir='ltr'><strong>Dormit.</strong></span> 
     </span>
    </p>
   </div>
   <div class='ocr_carea' id='block_1_15' title="bbox 188 814 944 850">
    <p class='ocr_par' dir='ltr' id='par_1_15' title="bbox 188 814 944 850">
     <span class='ocr_line' id='line_1_15' title="bbox 188 814 944 850; baseline -0.001 -7"><span class='ocrx_word' id='word_1_99' title='bbox 188 816 234 845; x_wconf 76' lang='grc'><strong>29.</strong></span> <span class='ocrx_word' id='word_1_100' title='bbox 257 817 398 843; x_wconf 64' lang='lat' dir='ltr'><strong>iri-uerunt</strong></span> <span class='ocrx_word' id='word_1_101' title='bbox 418 815 565 850; x_wconf 83' lang='lat' dir='ltr'><strong>aliquando</strong></span> <span class='ocrx_word' id='word_1_102' title='bbox 581 815 610 842; x_wconf 90' lang='lat' dir='ltr'><strong>in</strong></span> <span class='ocrx_word' id='word_1_103' title='bbox 628 815 705 842; x_wconf 88' lang='lat' dir='ltr'><strong>illum</strong></span> <span class='ocrx_word' id='word_1_104' title='bbox 723 814 845 842; x_wconf 86' lang='lat' dir='ltr'><strong>latrones</strong></span> <span class='ocrx_word' id='word_1_105' title='bbox 862 819 919 842; x_wconf 87' lang='lat' dir='ltr'><strong>tres</strong></span> <span class='ocrx_word' id='word_1_106' title='bbox 936 823 944 842; x_wconf 87' lang='lat'><strong>:</strong></span> 
     </span>
    </p>
   </div>
   <div class='ocr_carea' id='block_1_16' title="bbox 152 861 948 898">
    <p class='ocr_par' dir='ltr' id='par_1_16' title="bbox 152 861 948 898">
     <span class='ocr_line' id='line_1_16' title="bbox 152 861 948 898; baseline -0.004 -8"><span class='ocrx_word' id='word_1_107' title='bbox 152 871 270 898; x_wconf 86' lang='lat' dir='ltr'><strong>quorum</strong></span> <span class='ocrx_word' id='word_1_108' title='bbox 290 863 345 889; x_wconf 89' lang='lat' dir='ltr'><strong>duo</strong></span> <span class='ocrx_word' id='word_1_109' title='bbox 362 862 493 890; x_wconf 84' lang='lat' dir='ltr'><strong>tenebant</strong></span> <span class='ocrx_word' id='word_1_110' title='bbox 509 869 582 895; x_wconf 84' lang='lat' dir='ltr'><strong>eum,</strong></span> <span class='ocrx_word' id='word_1_111' title='bbox 598 862 695 889; x_wconf 88' lang='lat' dir='ltr'><strong>tertius</strong></span> <span class='ocrx_word' id='word_1_112' title='bbox 710 869 775 889; x_wconf 85' lang='lat' dir='ltr'><strong>vero</strong></span> <span class='ocrx_word' id='word_1_113' title='bbox 789 861 948 896; x_wconf 84' lang='lat' dir='ltr'><strong>supellccti-</strong></span> 
     </span>
    </p>
   </div>
   <div class='ocr_carea' id='block_1_17' title="bbox 152 897 983 943">
    <p class='ocr_par' dir='ltr' id='par_1_17' title="bbox 152 897 983 943">
     <span class='ocr_line' id='line_1_17' title="bbox 152 897 983 943; baseline -0.002 -7"><span class='ocrx_word' id='word_1_114' title='bbox 152 897 206 936; x_wconf 80' lang='lat' dir='ltr'><strong>lem</strong></span> <span class='ocrx_word' id='word_1_115' title='bbox 221 909 280 943; x_wconf 89' lang='lat' dir='ltr'><strong>ejus</strong></span> <span class='ocrx_word' id='word_1_116' title='bbox 296 908 446 936; x_wconf 87' lang='lat' dir='ltr'><strong>aulerebat.</strong></span> <span class='ocrx_word' id='word_1_117' title='bbox 461 908 609 943; x_wconf 86' lang='lat' dir='ltr'><strong>Postquam</strong></span> <span class='ocrx_word' id='word_1_118' title='bbox 626 912 717 935; x_wconf 88' lang='lat' dir='ltr'><strong>autem</strong></span> <span class='ocrx_word' id='word_1_119' title='bbox 732 908 830 935; x_wconf 81' lang='lat' dir='ltr'><strong>extulit</strong></span> <span class='ocrx_word' id='word_1_120' title='bbox 845 907 943 940; x_wconf 89' lang='lat' dir='ltr'><strong>libros,</strong></span> <span class='ocrx_word' id='word_1_121' title='bbox 961 897 983 924; x_wconf 74' lang='grc' dir='ltr'><strong><em>Β</em></strong></span> 
     </span>
    </p>
   </div>
   <div class='ocr_carea' id='block_1_18' title="bbox 152 953 946 990">
    <p class='ocr_par' dir='ltr' id='par_1_18' title="bbox 152 953 946 990">
     <span class='ocr_line' id='line_1_18' title="bbox 152 953 946 990; baseline -0.003 -8"><span class='ocrx_word' id='word_1_122' title='bbox 152 956 239 983; x_wconf 82' lang='lat' dir='ltr'><strong>voluit</strong></span> <span class='ocrx_word' id='word_1_123' title='bbox 260 955 405 982; x_wconf 85' lang='lat' dir='ltr'><strong>lcvitoncm</strong></span> <span class='ocrx_word' id='word_1_124' title='bbox 424 962 533 990; x_wconf 92' lang='lat' dir='ltr'><strong>quoque</strong></span> <span class='ocrx_word' id='word_1_125' title='bbox 551 961 670 981; x_wconf 86' lang='lat' dir='ltr'><strong>sumere.</strong></span> <span class='ocrx_word' id='word_1_126' title='bbox 691 954 769 981; x_wconf 88' lang='lat' dir='ltr'><strong>Tunc</strong></span> <span class='ocrx_word' id='word_1_127' title='bbox 788 954 858 980; x_wconf 80' lang='lat' dir='ltr'><strong>dixit</strong></span> <span class='ocrx_word' id='word_1_128' title='bbox 881 953 920 981; x_wconf 90' lang='lat' dir='ltr'><strong>eis</strong></span> <span class='ocrx_word' id='word_1_129' title='bbox 938 962 946 980; x_wconf 73' lang='grc' dir='ltr'><strong>ι</strong></span> 
     </span>
    </p>
   </div>
   <div class='ocr_carea' id='block_1_19' title="bbox 153 999 947 1035">
    <p class='ocr_par' dir='ltr' id='par_1_19' title="bbox 153 999 947 1035">
     <span class='ocr_line' id='line_1_19' title="bbox 153 999 947 1035; baseline -0.005 -5"><span class='ocrx_word' id='word_1_130' title='bbox 153 1002 213 1030; x_wconf 79' lang='lat' dir='ltr'><strong>Hoc</strong></span> <span class='ocrx_word' id='word_1_131' title='bbox 228 1002 367 1030; x_wconf 83' lang='lat' dir='ltr'><strong>dimittite.</strong></span> <span class='ocrx_word' id='word_1_132' title='bbox 382 1001 416 1028; x_wconf 81' lang='lat' dir='ltr'><strong>At</strong></span> <span class='ocrx_word' id='word_1_133' title='bbox 432 1001 470 1028; x_wconf 87' lang='lat' dir='ltr'><strong>illi</strong></span> <span class='ocrx_word' id='word_1_134' title='bbox 485 1001 644 1028; x_wconf 85' lang='lat' dir='ltr'><strong>noluerunt.</strong></span> <span class='ocrx_word' id='word_1_135' title='bbox 663 999 746 1027; x_wconf 83' lang='lat' dir='ltr'><strong>Motis</strong></span> <span class='ocrx_word' id='word_1_136' title='bbox 761 1000 844 1035; x_wconf 69' lang='lat' dir='ltr'><strong>igitur</strong></span> <span class='ocrx_word' id='word_1_137' title='bbox 858 1000 947 1027; x_wconf 90' lang='lat' dir='ltr'><strong>mani-</strong></span> 
     </span>
    </p>
   </div>
   <div class='ocr_carea' id='block_1_20' title="bbox 153 1046 946 1081">
    <p class='ocr_par' dir='ltr' id='par_1_20' title="bbox 153 1046 946 1081">
     <span class='ocr_line' id='line_1_20' title="bbox 153 1046 946 1081; baseline -0.004 -4"><span class='ocrx_word' id='word_1_138' title='bbox 153 1049 207 1077; x_wconf 83' lang='lat' dir='ltr'><strong>bus</strong></span> <span class='ocrx_word' id='word_1_139' title='bbox 221 1049 290 1080; x_wconf 86' lang='lat' dir='ltr'><strong>suis.</strong></span> <span class='ocrx_word' id='word_1_140' title='bbox 305 1049 367 1076; x_wconf 90' lang='lat' dir='ltr'><strong>illos</strong></span> <span class='ocrx_word' id='word_1_141' title='bbox 380 1048 450 1075; x_wconf 87' lang='lat' dir='ltr'><strong>duos</strong></span> <span class='ocrx_word' id='word_1_142' title='bbox 463 1047 571 1081; x_wconf 77' lang='lat' dir='ltr'><strong>deiecit.</strong></span> <span class='ocrx_word' id='word_1_143' title='bbox 584 1046 662 1079; x_wconf 85' lang='lat' dir='ltr'><strong>Quod</strong></span> <span class='ocrx_word' id='word_1_144' title='bbox 676 1050 834 1077; x_wconf 87' lang='lat' dir='ltr'><strong>cernentes,</strong></span> <span class='ocrx_word' id='word_1_145' title='bbox 848 1046 946 1074; x_wconf 90' lang='lat' dir='ltr'><strong>timore</strong></span> 
     </span>
    </p>
   </div>
   <div class='ocr_carea' id='block_1_21' title="bbox 153 1090 949 1129">
    <p class='ocr_par' dir='ltr' id='par_1_21' title="bbox 153 1090 949 1129">
     <span class='ocr_line' id='line_1_21' title="bbox 153 1090 949 1129; baseline -0.008 -6"><span class='ocrx_word' id='word_1_146' title='bbox 153 1095 272 1129; x_wconf 84' lang='lat' dir='ltr'><strong>correpti</strong></span> <span class='ocrx_word' id='word_1_147' title='bbox 289 1097 365 1122; x_wconf 87' lang='lat' dir='ltr'><strong>sunt.</strong></span> <span class='ocrx_word' id='word_1_148' title='bbox 382 1093 426 1120; x_wconf 78' lang='lat' dir='ltr'><strong>Ait</strong></span> <span class='ocrx_word' id='word_1_149' title='bbox 443 1100 526 1120; x_wconf 81' lang='lat' dir='ltr'><strong>senex</strong></span> <span class='ocrx_word' id='word_1_150' title='bbox 545 1102 551 1119; x_wconf 94' lang='lat'>:</span> <span class='ocrx_word' id='word_1_151' title='bbox 572 1092 644 1119; x_wconf 82' lang='lat' dir='ltr'><strong>Nihil</strong></span> <span class='ocrx_word' id='word_1_152' title='bbox 661 1091 800 1124; x_wconf 82' lang='lat' dir='ltr'><strong>titneatis;</strong></span> <span class='ocrx_word' id='word_1_153' title='bbox 818 1090 900 1118; x_wconf 81' lang='lat' dir='ltr'><strong>facite</strong></span> <span class='ocrx_word' id='word_1_154' title='bbox 916 1099 949 1118; x_wconf 88' lang='lat' dir='ltr'><strong>ex</strong></span> 
     </span>
    </p>
   </div>
   <div class='ocr_carea' id='block_1_22' title="bbox 153 1137 949 1176">
    <p class='ocr_par' dir='ltr' id='par_1_22' title="bbox 153 1137 949 1176">
     <span class='ocr_line' id='line_1_22' title="bbox 153 1137 949 1176; baseline -0.006 -8"><span class='ocrx_word' id='word_1_155' title='bbox 153 1141 317 1176; x_wconf 85' lang='lat' dir='ltr'><strong>supellectili</strong></span> <span class='ocrx_word' id='word_1_156' title='bbox 363 1143 455 1175; x_wconf 87' lang='lat' dir='ltr'><strong>partes</strong></span> <span class='ocrx_word' id='word_1_157' title='bbox 479 1142 606 1174; x_wconf 87' lang='lat' dir='ltr'><strong>quatuor,</strong></span> <span class='ocrx_word' id='word_1_158' title='bbox 630 1142 687 1165; x_wconf 87' lang='lat' dir='ltr'><strong>tres</strong></span> <span class='ocrx_word' id='word_1_159' title='bbox 712 1137 838 1172; x_wconf 84' lang='lat' dir='ltr'><strong>accipite,</strong></span> <span class='ocrx_word' id='word_1_160' title='bbox 862 1137 949 1164; x_wconf 88' lang='lat' dir='ltr'><strong>relin-</strong></span> 
     </span>
    </p>
   </div>
   <div class='ocr_carea' id='block_1_23' title="bbox 154 1183 948 1222">
    <p class='ocr_par' dir='ltr' id='par_1_23' title="bbox 154 1183 948 1222">
     <span class='ocr_line' id='line_1_23' title="bbox 154 1183 948 1222; baseline -0.006 -8"><span class='ocrx_word' id='word_1_161' title='bbox 154 1187 230 1222; x_wconf 86' lang='lat' dir='ltr'><strong>quite</strong></span> <span class='ocrx_word' id='word_1_162' title='bbox 246 1193 340 1213; x_wconf 85' lang='lat' dir='ltr'><strong>unam.</strong></span> <span class='ocrx_word' id='word_1_163' title='bbox 354 1185 444 1219; x_wconf 81' lang='lat' dir='ltr'><strong>Atque</strong></span> <span class='ocrx_word' id='word_1_164' title='bbox 459 1185 495 1211; x_wconf 90' lang='lat' dir='ltr'><strong>ita</strong></span> <span class='ocrx_word' id='word_1_165' title='bbox 512 1183 645 1212; x_wconf 80' lang='lat' dir='ltr'><strong>fecerunt.</strong></span> <span class='ocrx_word' id='word_1_166' title='bbox 661 1186 691 1210; x_wconf 91' lang='lat' dir='ltr'><strong>ut</strong></span> <span class='ocrx_word' id='word_1_167' title='bbox 706 1186 827 1210; x_wconf 85' lang='lat' dir='ltr'><strong>sumeret</strong></span> <span class='ocrx_word' id='word_1_168' title='bbox 843 1186 948 1218; x_wconf 88' lang='lat' dir='ltr'><strong>partem</strong></span> 
     </span>
    </p>
   </div>
   <div class='ocr_carea' id='block_1_24' title="bbox 155 1228 792 1265">
    <p class='ocr_par' dir='ltr' id='par_1_24' title="bbox 155 1228 792 1265">
     <span class='ocr_line' id='line_1_24' title="bbox 155 1228 792 1265; baseline -0.009 -5"><span class='ocrx_word' id='word_1_169' title='bbox 155 1240 244 1265; x_wconf 88' lang='lat' dir='ltr'><strong>suam,</strong></span> <span class='ocrx_word' id='word_1_170' title='bbox 261 1231 406 1259; x_wconf 89' lang='lat' dir='ltr'><strong>levitonem</strong></span> <span class='ocrx_word' id='word_1_171' title='bbox 424 1237 479 1264; x_wconf 93' lang='lat' dir='ltr'><strong>quo</strong></span> <span class='ocrx_word' id='word_1_172' title='bbox 496 1229 523 1256; x_wconf 92' lang='lat' dir='ltr'><strong>in</strong></span> <span class='ocrx_word' id='word_1_173' title='bbox 541 1228 637 1264; x_wconf 74' lang='lat' dir='ltr'><strong>synaxi</strong></span> <span class='ocrx_word' id='word_1_174' title='bbox 655 1228 792 1255; x_wconf 86' lang='lat' dir='ltr'><strong>utebatur.</strong></span> 
     </span>
    </p>
   </div>
   <div class='ocr_carea' id='block_1_25' title="bbox 333 1284 769 1315">
    <p class='ocr_par' dir='ltr' id='par_1_25' title="bbox 333 1284 769 1315">
     <span class='ocr_line' id='line_1_25' title="bbox 333 1284 769 1315; baseline -0.007 0"><span class='ocrx_word' id='word_1_175' title='bbox 333 1287 371 1315; x_wconf 87' lang='lat' dir='ltr'><strong>De</strong></span> <span class='ocrx_word' id='word_1_176' title='bbox 388 1287 482 1314; x_wconf 81' lang='lat' dir='ltr'><strong>abbate</strong></span> <span class='ocrx_word' id='word_1_177' title='bbox 496 1286 631 1313; x_wconf 83' lang='lat' dir='ltr'><strong>Theodoro</strong></span> <span class='ocrx_word' id='word_1_178' title='bbox 648 1293 662 1312; x_wconf 71' lang='grc' dir='ltr'><strong><em>ι</em></strong></span> <span class='ocrx_word' id='word_1_179' title='bbox 680 1284 769 1312; x_wconf 84' lang='lat' dir='ltr'><strong>Nono.</strong></span> 
     </span>
    </p>
   </div>
   <div class='ocr_carea' id='block_1_26' title="bbox 191 1340 949 1376">
    <p class='ocr_par' dir='ltr' id='par_1_26' title="bbox 191 1340 949 1376">
     <span class='ocr_line' id='line_1_26' title="bbox 191 1340 949 1376; baseline -0.011 -3"><span class='ocrx_word' id='word_1_180' title='bbox 191 1347 218 1374; x_wconf 77' lang='grc' dir='ltr'><strong>Ι.</strong></span> <span class='ocrx_word' id='word_1_181' title='bbox 240 1345 316 1373; x_wconf 86' lang='lat' dir='ltr'><strong>Dixit</strong></span> <span class='ocrx_word' id='word_1_182' title='bbox 339 1345 426 1372; x_wconf 86' lang='lat' dir='ltr'><strong>abbas</strong></span> <span class='ocrx_word' id='word_1_183' title='bbox 445 1343 619 1376; x_wconf 84' lang='lat' dir='ltr'><strong>Theodorus,</strong></span> <span class='ocrx_word' id='word_1_184' title='bbox 643 1342 688 1369; x_wconf 93' lang='lat' dir='ltr'><strong>ille</strong></span> <span class='ocrx_word' id='word_1_185' title='bbox 711 1341 744 1368; x_wconf 92' lang='lat' dir='ltr'><strong>de</strong></span> <span class='ocrx_word' id='word_1_186' title='bbox 772 1340 879 1367; x_wconf 82' lang='lat' dir='ltr'><strong>Ennato</strong></span> <span class='ocrx_word' id='word_1_187' title='bbox 902 1346 949 1366; x_wconf 89' lang='lat' dir='ltr'><strong>seu</strong></span> 
     </span>
    </p>
   </div>
   <div class='ocr_carea' id='block_1_27' title="bbox 154 1386 951 1425">
    <p class='ocr_par' dir='ltr' id='par_1_27' title="bbox 154 1386 951 1425">
     <span class='ocr_line' id='line_1_27' title="bbox 154 1386 951 1425; baseline -0.01 -5"><span class='ocrx_word' id='word_1_188' title='bbox 154 1393 234 1420; x_wconf 85' lang='lat' dir='ltr'><strong>Nono</strong></span> <span class='ocrx_word' id='word_1_189' title='bbox 253 1402 259 1420; x_wconf 92' lang='lat'>:</span> <span class='ocrx_word' id='word_1_190' title='bbox 278 1392 393 1425; x_wconf 83' lang='lat' dir='ltr'><strong>Quando</strong></span> <span class='ocrx_word' id='word_1_191' title='bbox 412 1398 487 1418; x_wconf 76' lang='lat' dir='ltr'><strong>erant</strong></span> <span class='ocrx_word' id='word_1_192' title='bbox 506 1388 633 1425; x_wconf 85' lang='lat' dir='ltr'><strong>juvenis,</strong></span> <span class='ocrx_word' id='word_1_193' title='bbox 653 1389 680 1415; x_wconf 92' lang='lat' dir='ltr'><strong>in</strong></span> <span class='ocrx_word' id='word_1_194' title='bbox 702 1387 851 1415; x_wconf 86' lang='lat' dir='ltr'><strong>solitudine</strong></span> <span class='ocrx_word' id='word_1_195' title='bbox 868 1386 951 1420; x_wconf 75' lang='lat' dir='ltr'><strong>dege-</strong></span> 
     </span>
    </p>
   </div>
   <div class='ocr_carea' id='block_1_28' title="bbox 154 1431 952 1473">
    <p class='ocr_par' dir='ltr' id='par_1_28' title="bbox 154 1431 952 1473">
     <span class='ocr_line' id='line_1_28' title="bbox 154 1431 952 1473; baseline -0.011 -6"><span class='ocrx_word' id='word_1_196' title='bbox 154 1439 230 1467; x_wconf 82' lang='lat' dir='ltr'><strong>bam.</strong></span> <span class='ocrx_word' id='word_1_197' title='bbox 249 1438 310 1465; x_wconf 86' lang='lat' dir='ltr'><strong>Abii</strong></span> <span class='ocrx_word' id='word_1_198' title='bbox 329 1444 395 1473; x_wconf 76' lang='lat' dir='ltr'><strong>ergo</strong></span> <span class='ocrx_word' id='word_1_199' title='bbox 415 1436 448 1464; x_wconf 89' lang='lat' dir='ltr'><strong>ad</strong></span> <span class='ocrx_word' id='word_1_200' title='bbox 470 1436 597 1467; x_wconf 90' lang='lat' dir='ltr'><strong>l&#39;urnnm,</strong></span> <span class='ocrx_word' id='word_1_201' title='bbox 615 1439 645 1462; x_wconf 93' lang='lat' dir='ltr'><strong>ut</strong></span> <span class='ocrx_word' id='word_1_202' title='bbox 667 1433 784 1461; x_wconf 76' lang='lat' dir='ltr'><strong>iacerem</strong></span> <span class='ocrx_word' id='word_1_203' title='bbox 807 1432 875 1459; x_wconf 91' lang='lat' dir='ltr'><strong>duas</strong></span> <span class='ocrx_word' id='word_1_204' title='bbox 896 1431 952 1458; x_wconf 81' lang='lat' dir='ltr'><strong>fru-</strong></span> 
     </span>
    </p>
   </div>
   <div class='ocr_carea' id='block_1_29' title="bbox 157 1478 952 1516">
    <p class='ocr_par' dir='ltr' id='par_1_29' title="bbox 157 1478 952 1516">
     <span class='ocr_line' id='line_1_29' title="bbox 157 1478 952 1516; baseline -0.011 -3"><span class='ocrx_word' id='word_1_205' title='bbox 157 1485 308 1513; x_wconf 86' lang='lat' dir='ltr'><strong>mentarias</strong></span> <span class='ocrx_word' id='word_1_206' title='bbox 324 1488 469 1516; x_wconf 86' lang='lat' dir='ltr'><strong>cocturas;</strong></span> <span class='ocrx_word' id='word_1_207' title='bbox 488 1482 579 1509; x_wconf 84' lang='lat' dir='ltr'><strong>inveni</strong></span> <span class='ocrx_word' id='word_1_208' title='bbox 597 1481 633 1508; x_wconf 91' lang='lat' dir='ltr'><strong>ibi</strong></span> <span class='ocrx_word' id='word_1_209' title='bbox 653 1480 762 1508; x_wconf 79' lang='lat' dir='ltr'><strong>fratrem</strong></span> <span class='ocrx_word' id='word_1_210' title='bbox 779 1480 826 1514; x_wconf 87' lang='lat' dir='ltr'><strong>qui</strong></span> <span class='ocrx_word' id='word_1_211' title='bbox 843 1478 952 1505; x_wconf 84' lang='lat' dir='ltr'><strong>volebat</strong></span> 
     </span>
    </p>
   </div>
   <div class='ocr_carea' id='block_1_30' title="bbox 157 1524 951 1568">
    <p class='ocr_par' dir='ltr' id='par_1_30' title="bbox 157 1524 951 1568">
     <span class='ocr_line' id='line_1_30' title="bbox 157 1524 951 1568; baseline -0.011 -9"><span class='ocrx_word' id='word_1_212' title='bbox 157 1539 242 1568; x_wconf 86' lang='lat' dir='ltr'><strong>panes</strong></span> <span class='ocrx_word' id='word_1_213' title='bbox 257 1530 405 1562; x_wconf 78' lang='lat' dir='ltr'><strong>coniicere,</strong></span> <span class='ocrx_word' id='word_1_214' title='bbox 415 1537 466 1556; x_wconf 84' lang='lat' dir='ltr'><strong>nec</strong></span> <span class='ocrx_word' id='word_1_215' title='bbox 479 1528 595 1556; x_wconf 89' lang='lat' dir='ltr'><strong>habebat</strong></span> <span class='ocrx_word' id='word_1_216' title='bbox 607 1533 770 1562; x_wconf 89' lang='lat' dir='ltr'><strong>quemquam</strong></span> <span class='ocrx_word' id='word_1_217' title='bbox 784 1525 819 1552; x_wconf 94' lang='lat' dir='ltr'><strong>ad</strong></span> <span class='ocrx_word' id='word_1_218' title='bbox 831 1524 951 1552; x_wconf 87' lang='lat' dir='ltr'><strong>dandam</strong></span> 
     </span>
    </p>
   </div>
   <div class='ocr_carea' id='block_1_31' title="bbox 157 1569 987 1613">
    <p class='ocr_par' dir='ltr' id='par_1_31' title="bbox 157 1569 987 1613">
     <span class='ocr_line' id='line_1_31' title="bbox 157 1569 987 1613; baseline -0.013 -6"><span class='ocrx_word' id='word_1_219' title='bbox 157 1579 183 1607; x_wconf 86' lang='lat' dir='ltr'><strong>ei</strong></span> <span class='ocrx_word' id='word_1_220' title='bbox 206 1586 329 1606; x_wconf 89' lang='lat' dir='ltr'><strong>manum.</strong></span> <span class='ocrx_word' id='word_1_221' title='bbox 349 1575 405 1613; x_wconf 73' lang='lat' dir='ltr'><strong>Ego</strong></span> <span class='ocrx_word' id='word_1_222' title='bbox 427 1581 518 1603; x_wconf 90' lang='lat' dir='ltr'><strong>autem</strong></span> <span class='ocrx_word' id='word_1_223' title='bbox 539 1582 598 1602; x_wconf 91' lang='lat' dir='ltr'><strong>mea</strong></span> <span class='ocrx_word' id='word_1_224' title='bbox 619 1573 728 1609; x_wconf 84' lang='lat' dir='ltr'><strong>reliqui,</strong></span> <span class='ocrx_word' id='word_1_225' title='bbox 746 1575 773 1599; x_wconf 87' lang='lat' dir='ltr'><strong>et</strong></span> <span class='ocrx_word' id='word_1_226' title='bbox 795 1579 906 1599; x_wconf 92' lang='lat' dir='ltr'><strong>manum</strong></span> <span class='ocrx_word' id='word_1_227' title='bbox 925 1569 951 1597; x_wconf 89' lang='lat' dir='ltr'><strong>ei</strong></span> <span class='ocrx_word' id='word_1_228' title='bbox 965 1571 987 1602; x_wconf 78' lang='grc' dir='ltr'>ο</span> 
     </span>
    </p>
   </div>
   <div class='ocr_carea' id='block_1_32' title="bbox 157 1617 949 1661">
    <p class='ocr_par' dir='ltr' id='par_1_32' title="bbox 157 1617 949 1661">
     <span class='ocr_line' id='line_1_32' title="bbox 157 1617 949 1661; baseline -0.011 -10"><span class='ocrx_word' id='word_1_229' title='bbox 157 1623 279 1661; x_wconf 82' lang='lat' dir='ltr'><strong>porrexi.</strong></span> <span class='ocrx_word' id='word_1_230' title='bbox 295 1622 330 1650; x_wconf 91' lang='lat' dir='ltr'><strong>llt</strong></span> <span class='ocrx_word' id='word_1_231' title='bbox 342 1629 407 1649; x_wconf 83' lang='lat' dir='ltr'><strong>vero</strong></span> <span class='ocrx_word' id='word_1_232' title='bbox 421 1621 455 1648; x_wconf 93' lang='lat' dir='ltr'><strong>ab</strong></span> <span class='ocrx_word' id='word_1_233' title='bbox 469 1621 514 1648; x_wconf 89' lang='lat' dir='ltr'><strong>illa</strong></span> <span class='ocrx_word' id='word_1_234' title='bbox 528 1619 710 1654; x_wconf 81' lang='lat' dir='ltr'><strong>occupatione</strong></span> <span class='ocrx_word' id='word_1_235' title='bbox 725 1617 858 1645; x_wconf 88' lang='lat' dir='ltr'><strong>liberatus</strong></span> <span class='ocrx_word' id='word_1_236' title='bbox 874 1622 949 1647; x_wconf 86' lang='lat' dir='ltr'><strong>sum,</strong></span> 
     </span>
    </p>
   </div>
   <div class='ocr_carea' id='block_1_33' title="bbox 157 1663 952 1701">
    <p class='ocr_par' dir='ltr' id='par_1_33' title="bbox 157 1663 952 1701">
     <span class='ocr_line' id='line_1_33' title="bbox 157 1663 952 1701; baseline -0.013 -3"><span class='ocrx_word' id='word_1_237' title='bbox 157 1671 232 1698; x_wconf 90' lang='lat' dir='ltr'><strong>venit</strong></span> <span class='ocrx_word' id='word_1_238' title='bbox 254 1670 325 1697; x_wconf 86' lang='lat' dir='ltr'><strong>alius</strong></span> <span class='ocrx_word' id='word_1_239' title='bbox 346 1668 447 1701; x_wconf 80' lang='lat' dir='ltr'><strong>frater;</strong></span> <span class='ocrx_word' id='word_1_240' title='bbox 468 1667 623 1701; x_wconf 78' lang='lat' dir='ltr'><strong>iterumque</strong></span> <span class='ocrx_word' id='word_1_241' title='bbox 643 1665 668 1692; x_wconf 87' lang='lat' dir='ltr'><strong>ei</strong></span> <span class='ocrx_word' id='word_1_242' title='bbox 689 1663 751 1690; x_wconf 84' lang='lat' dir='ltr'><strong>dedi</strong></span> <span class='ocrx_word' id='word_1_243' title='bbox 774 1670 896 1695; x_wconf 86' lang='lat' dir='ltr'><strong>manum,</strong></span> <span class='ocrx_word' id='word_1_244' title='bbox 920 1669 952 1689; x_wconf 90' lang='lat' dir='ltr'><strong>ac</strong></span> 
     </span>
    </p>
   </div>
   <div class='ocr_carea' id='block_1_34' title="bbox 158 1707 952 1751">
    <p class='ocr_par' dir='ltr' id='par_1_34' title="bbox 158 1707 952 1751">
     <span class='ocr_line' id='line_1_34' title="bbox 158 1707 952 1751; baseline -0.014 -7"><span class='ocrx_word' id='word_1_245' title='bbox 158 1716 209 1744; x_wconf 78' lang='lat' dir='ltr'><strong>feci</strong></span> <span class='ocrx_word' id='word_1_246' title='bbox 225 1723 321 1751; x_wconf 88' lang='lat' dir='ltr'><strong>panes.</strong></span> <span class='ocrx_word' id='word_1_247' title='bbox 334 1713 444 1742; x_wconf 86' lang='lat' dir='ltr'><strong>Tertius</strong></span> <span class='ocrx_word' id='word_1_248' title='bbox 460 1715 554 1748; x_wconf 89' lang='lat' dir='ltr'><strong>postea</strong></span> <span class='ocrx_word' id='word_1_249' title='bbox 571 1710 702 1742; x_wconf 80' lang='lat' dir='ltr'><strong>acceSsit;</strong></span> <span class='ocrx_word' id='word_1_250' title='bbox 718 1708 854 1743; x_wconf 83' lang='lat' dir='ltr'><strong>similique</strong></span> <span class='ocrx_word' id='word_1_251' title='bbox 870 1707 952 1734; x_wconf 90' lang='lat' dir='ltr'><strong>modo</strong></span> 
     </span>
    </p>
   </div>
   <div class='ocr_carea' id='block_1_35' title="bbox 156 1753 949 1798">
    <p class='ocr_par' dir='ltr' id='par_1_35' title="bbox 156 1753 949 1798">
     <span class='ocr_line' id='line_1_35' title="bbox 156 1753 949 1798; baseline -0.015 -7"><span class='ocrx_word' id='word_1_252' title='bbox 156 1763 209 1798; x_wconf 54' lang='grc' dir='ltr'><strong>θῇ.</strong></span> <span class='ocrx_word' id='word_1_253' title='bbox 222 1762 311 1798; x_wconf 81' lang='lat' dir='ltr'><strong>Atque</strong></span> <span class='ocrx_word' id='word_1_254' title='bbox 321 1761 363 1788; x_wconf 85' lang='lat' dir='ltr'><strong>sic</strong></span> <span class='ocrx_word' id='word_1_255' title='bbox 374 1760 408 1787; x_wconf 91' lang='lat' dir='ltr'><strong>ad</strong></span> <span class='ocrx_word' id='word_1_256' title='bbox 420 1758 544 1794; x_wconf 78' lang='lat' dir='ltr'><strong>singulos</strong></span> <span class='ocrx_word' id='word_1_257' title='bbox 558 1756 736 1784; x_wconf 86' lang='lat' dir='ltr'><strong>adventantes</strong></span> <span class='ocrx_word' id='word_1_258' title='bbox 749 1762 791 1781; x_wconf 87' lang='lat' dir='ltr'><strong>me</strong></span> <span class='ocrx_word' id='word_1_259' title='bbox 802 1753 929 1789; x_wconf 77' lang='lat' dir='ltr'><strong>gerebam</strong></span> <span class='ocrx_word' id='word_1_260' title='bbox 941 1761 949 1785; x_wconf 90' lang='lat'><strong>;</strong></span> 
     </span>
    </p>
   </div>
   <div class='ocr_carea' id='block_1_36' title="bbox 157 1800 949 1835">
    <p class='ocr_par' dir='ltr' id='par_1_36' title="bbox 157 1800 949 1835">
     <span class='ocr_line' id='line_1_36' title="bbox 157 1800 949 1835; baseline -0.013 0"><span class='ocrx_word' id='word_1_261' title='bbox 157 1811 184 1835; x_wconf 87' lang='lat' dir='ltr'><strong>et</strong></span> <span class='ocrx_word' id='word_1_262' title='bbox 200 1815 248 1835; x_wconf 81' lang='lat' dir='ltr'><strong>sex</strong></span> <span class='ocrx_word' id='word_1_263' title='bbox 263 1810 394 1834; x_wconf 84' lang='lat' dir='ltr'><strong>cocturas</strong></span> <span class='ocrx_word' id='word_1_264' title='bbox 409 1803 527 1832; x_wconf 82' lang='lat' dir='ltr'><strong>confeci.</strong></span> <span class='ocrx_word' id='word_1_265' title='bbox 541 1801 662 1829; x_wconf 87' lang='lat' dir='ltr'><strong>Tandem</strong></span> <span class='ocrx_word' id='word_1_266' title='bbox 676 1800 746 1827; x_wconf 89' lang='lat' dir='ltr'><strong>duas</strong></span> <span class='ocrx_word' id='word_1_267' title='bbox 762 1806 837 1826; x_wconf 85' lang='lat' dir='ltr'><strong>meas</strong></span> <span class='ocrx_word' id='word_1_268' title='bbox 852 1802 949 1826; x_wconf 89' lang='lat' dir='ltr'><strong>coctu-</strong></span> 
     </span>
    </p>
   </div>
   <div class='ocr_carea' id='block_1_37' title="bbox 158 1847 763 1888">
    <p class='ocr_par' dir='ltr' id='par_1_37' title="bbox 158 1847 763 1888">
     <span class='ocr_line' id='line_1_37' title="bbox 158 1847 763 1888; baseline -0.015 -6"><span class='ocrx_word' id='word_1_269' title='bbox 158 1853 325 1888; x_wconf 69' lang='lat' dir='ltr'><strong>rasvperegi,</strong></span> <span class='ocrx_word' id='word_1_270' title='bbox 339 1859 401 1879; x_wconf 79' lang='lat' dir='ltr'><strong>Cum</strong></span> <span class='ocrx_word' id='word_1_271' title='bbox 417 1858 499 1878; x_wconf 88' lang='lat' dir='ltr'><strong>nemo</strong></span> <span class='ocrx_word' id='word_1_272' title='bbox 515 1849 633 1884; x_wconf 91' lang='lat' dir='ltr'><strong>amplius</strong></span> <span class='ocrx_word' id='word_1_273' title='bbox 645 1847 763 1874; x_wconf 63' lang='lat' dir='ltr'><strong>veniret.</strong></span> 
     </span>
    </p>
   </div>
   <div class='ocr_carea' id='block_1_38' title="bbox 195 1889 955 1935">
    <p class='ocr_par' dir='ltr' id='par_1_38' title="bbox 195 1889 955 1935">
     <span class='ocr_line' id='line_1_38' title="bbox 195 1889 955 1935; baseline -0.014 -7"><span class='ocrx_word' id='word_1_274' title='bbox 195 1900 223 1928; x_wconf 75' lang='lat'><strong>2.</strong></span> <span class='ocrx_word' id='word_1_275' title='bbox 239 1900 295 1935; x_wconf 74' lang='lat'><strong>(73)</strong></span> <span class='ocrx_word' id='word_1_276' title='bbox 312 1889 499 1928; x_wconf 77' lang='lat' dir='ltr'><strong>Memorabant</strong></span> <span class='ocrx_word' id='word_1_277' title='bbox 510 1895 544 1922; x_wconf 92' lang='lat' dir='ltr'><strong>de</strong></span> <span class='ocrx_word' id='word_1_278' title='bbox 555 1894 653 1921; x_wconf 87' lang='lat' dir='ltr'><strong>abbate</strong></span> <span class='ocrx_word' id='word_1_279' title='bbox 661 1892 808 1920; x_wconf 81' lang='lat' dir='ltr'><strong>Theodoro</strong></span> <span class='ocrx_word' id='word_1_280' title='bbox 818 1895 845 1918; x_wconf 93' lang='lat' dir='ltr'><strong>et</strong></span> <span class='ocrx_word' id='word_1_281' title='bbox 856 1890 955 1918; x_wconf 89' lang='lat' dir='ltr'><strong>abbate</strong></span> 
     </span>
    </p>
   </div>
   <div class='ocr_carea' id='block_1_39' title="bbox 158 1938 954 1978">
    <p class='ocr_par' dir='ltr' id='par_1_39' title="bbox 158 1938 954 1978">
     <span class='ocr_line' id='line_1_39' title="bbox 158 1938 954 1978; baseline -0.011 -5"><span class='ocrx_word' id='word_1_282' title='bbox 158 1945 256 1978; x_wconf 83' lang='lat' dir='ltr'><strong>Lucio,</strong></span> <span class='ocrx_word' id='word_1_283' title='bbox 283 1943 383 1971; x_wconf 87' lang='lat' dir='ltr'><strong>Ennati</strong></span> <span class='ocrx_word' id='word_1_284' title='bbox 410 1942 519 1974; x_wconf 88' lang='lat' dir='ltr'><strong>incolis,</strong></span> <span class='ocrx_word' id='word_1_285' title='bbox 543 1940 617 1976; x_wconf 90' lang='lat' dir='ltr'><strong>quod</strong></span> <span class='ocrx_word' id='word_1_286' title='bbox 642 1938 841 1975; x_wconf 78' lang='lat' dir='ltr'><strong>quinquaginta</strong></span> <span class='ocrx_word' id='word_1_287' title='bbox 865 1944 954 1965; x_wconf 83' lang='lat' dir='ltr'><strong>annos</strong></span> 
     </span>
    </p>
   </div>
   <div class='ocr_carea' id='block_1_40' title="bbox 159 2017 672 2058">
    <p class='ocr_par' dir='ltr' id='par_1_40' title="bbox 159 2017 672 2058">
     <span class='ocr_line' id='line_1_40' title="bbox 159 2017 672 2058; baseline -0.012 -8"><span class='ocrx_word' id='word_1_288' title='bbox 159 2024 171 2040; x_wconf 86' lang='grc'><strong><em>⁵</em></strong></span> <span class='ocrx_word' id='word_1_289' title='bbox 190 2023 233 2050; x_wconf 76' lang='lat' dir='ltr'><strong>Al.</strong></span> <span class='ocrx_word' id='word_1_290' title='bbox 243 2021 394 2058; x_wconf 75' lang='grc' dir='ltr'>λεϐήτωνα.</span> <span class='ocrx_word' id='word_1_291' title='bbox 432 2020 455 2036; x_wconf 81' lang='grc'><strong>⁵·</strong></span> <span class='ocrx_word' id='word_1_292' title='bbox 471 2019 514 2046; x_wconf 83' lang='lat' dir='ltr'><strong>Al.</strong></span> <span class='ocrx_word' id='word_1_293' title='bbox 530 2017 672 2053; x_wconf 81' lang='grc' dir='ltr'>λεϐήτονσ..</span> 
     </span>
    </p>
   </div>
   <div class='ocr_carea' id='block_1_41' title="bbox 195 2085 526 2123">
    <p class='ocr_par' dir='ltr' id='par_1_41' title="bbox 195 2085 526 2123">
     <span class='ocr_line' id='line_1_41' title="bbox 195 2085 526 2123; baseline -0.009 -8"><span class='ocrx_word' id='word_1_294' title='bbox 195 2088 253 2123; x_wconf 83' lang='lat' dir='ltr'><strong>(7i)</strong></span> <span class='ocrx_word' id='word_1_295' title='bbox 275 2086 329 2123; x_wconf 56' lang='lat' dir='ltr'><strong>fit.</strong></span> <span class='ocrx_word' id='word_1_296' title='bbox 348 2085 424 2123; x_wconf 77' lang='lat' dir='ltr'><strong>Patr.</strong></span> <span class='ocrx_word' id='word_1_297' title='bbox 439 2093 489 2116; x_wconf 85' lang='lat' dir='ltr'><strong>vn.</strong></span> <span class='ocrx_word' id='word_1_298' title='bbox 511 2085 526 2111; x_wconf 83' lang='lat'><strong>7</strong></span> 
     </span>
    </p>
   </div>
   <div class='ocr_carea' id='block_1_42' title="bbox 196 2118 955 2158">
    <p class='ocr_par' dir='ltr' id='par_1_42' title="bbox 196 2118 955 2158">
     <span class='ocr_line' id='line_1_42' title="bbox 196 2118 955 2158; baseline -0.004 -9"><span class='ocrx_word' id='word_1_299' title='bbox 196 2118 253 2158; x_wconf 61' lang='lat'><strong>[72)</strong></span> <span class='ocrx_word' id='word_1_300' title='bbox 272 2122 332 2158; x_wconf 61' lang='grc' dir='ltr'><strong>Τρν</strong></span> <span class='ocrx_word' id='word_1_301' title='bbox 346 2121 491 2158; x_wconf 64' lang='grc' dir='ltr'><em>λεὸίτῳνᾳ</em></span> <span class='ocrx_word' id='word_1_302' title='bbox 509 2118 775 2158; x_wconf 53' lang='grc' dir='ltr'><strong>ςὸϊ-ᾳυηακτικόν.</strong></span> <span class='ocrx_word' id='word_1_303' title='bbox 797 2118 955 2158; x_wconf 79' lang='lat' dir='ltr'><strong>A_p_ud__Bol-</strong></span> 
     </span>
    </p>
   </div>
   <div class='ocr_carea' id='block_1_43' title="bbox 161 2154 957 2192">
    <p class='ocr_par' dir='ltr' id='par_1_43' title="bbox 161 2154 957 2192">
     <span class='ocr_line' id='line_1_43' title="bbox 161 2154 957 2192; baseline -0.006 -5"><span class='ocrx_word' id='word_1_304' title='bbox 161 2154 282 2192; x_wconf 80' lang='lat' dir='ltr'><strong>landum,</strong></span> <span class='ocrx_word' id='word_1_305' title='bbox 294 2157 436 2185; x_wconf 82' lang='lat' dir='ltr'><strong>Februarii</strong></span> <span class='ocrx_word' id='word_1_306' title='bbox 453 2156 496 2188; x_wconf 82' lang='lat' dir='ltr'><strong>il,</strong></span> <span class='ocrx_word' id='word_1_307' title='bbox 509 2155 536 2182; x_wconf 94' lang='lat' dir='ltr'><strong>in</strong></span> <span class='ocrx_word' id='word_1_308' title='bbox 554 2154 614 2182; x_wconf 85' lang='lat' dir='ltr'><strong>Vita</strong></span> <span class='ocrx_word' id='word_1_309' title='bbox 625 2154 705 2192; x_wconf 80' lang='lat' dir='ltr'><strong>Jo_me_</strong></span> <span class='ocrx_word' id='word_1_310' title='bbox 717 2154 839 2192; x_wconf 75' lang='lat' dir='ltr'><strong>monachi</strong></span> <span class='ocrx_word' id='word_1_311' title='bbox 850 2162 859 2181; x_wconf 87' lang='lat'><em>:</em></span> <span class='ocrx_word' id='word_1_312' title='bbox 869 2154 957 2182; x_wconf 81' lang='lat' dir='ltr'><strong>Habe-</strong></span> 
     </span>
    </p>
   </div>
   <div class='ocr_carea' id='block_1_44' title="bbox 160 2189 957 2225">
    <p class='ocr_par' dir='ltr' id='par_1_44' title="bbox 160 2189 957 2225">
     <span class='ocr_line' id='line_1_44' title="bbox 160 2189 957 2225; baseline -0.006 -2"><span class='ocrx_word' id='word_1_313' title='bbox 160 2197 206 2223; x_wconf 88' lang='lat' dir='ltr'><strong>bat</strong></span> <span class='ocrx_word' id='word_1_314' title='bbox 231 2189 291 2222; x_wconf 74' lang='lat' dir='ltr'><strong>vero</strong></span> <span class='ocrx_word' id='word_1_315' title='bbox 309 2201 391 2220; x_wconf 89' lang='lat' dir='ltr'><strong>unum</strong></span> <span class='ocrx_word' id='word_1_316' title='bbox 415 2192 566 2222; x_wconf 81' lang='lat' dir='ltr'><strong>lebitanem.</strong></span> <span class='ocrx_word' id='word_1_317' title='bbox 581 2199 631 2225; x_wconf 89' lang='lat' dir='ltr'><strong>quo</strong></span> <span class='ocrx_word' id='word_1_318' title='bbox 659 2189 819 2216; x_wconf 78' lang='lat' dir='ltr'><strong>induebatur</strong></span> <span class='ocrx_word' id='word_1_319' title='bbox 842 2194 957 2224; x_wconf 76' lang='lat' dir='ltr'><strong>tempore</strong></span> 
     </span>
    </p>
   </div>
   <div class='ocr_carea' id='block_1_45' title="bbox 160 2226 952 2259">
    <p class='ocr_par' dir='ltr' id='par_1_45' title="bbox 160 2226 952 2259">
     <span class='ocr_line' id='line_1_45' title="bbox 160 2226 952 2259; baseline -0.006 -1"><span class='ocrx_word' id='word_1_320' title='bbox 160 2230 309 2258; x_wconf 85' lang='lat' dir='ltr'><strong>divinorum</strong></span> <span class='ocrx_word' id='word_1_321' title='bbox 323 2233 348 2256; x_wconf 88' lang='lat' dir='ltr'><strong>et</strong></span> <span class='ocrx_word' id='word_1_322' title='bbox 363 2229 580 2255; x_wconf 83' lang='lat' dir='ltr'><strong>intemeratarum</strong></span> <span class='ocrx_word' id='word_1_323' title='bbox 591 2230 818 2253; x_wconf 78' lang='lat' dir='ltr'><strong>sacramentorum</strong></span> <span class='ocrx_word' id='word_1_324' title='bbox 834 2226 952 2259; x_wconf 77' lang='lat' dir='ltr'><strong>corporis</strong></span> 
     </span>
    </p>
   </div>
   <div class='ocr_carea' id='block_1_46' title="bbox 163 2251 991 2294">
    <p class='ocr_par' dir='ltr' id='par_1_46' title="bbox 163 2251 991 2294">
     <span class='ocr_line' id='line_1_46' title="bbox 163 2251 991 2294; baseline -0.008 0"><span class='ocrx_word' id='word_1_325' title='bbox 163 2251 578 2293; x_wconf 62' lang='grc' dir='ltr'><strong>ἱὶὀὶῐνὲ</strong></span> <span class='ocrx_word' id='word_1_326' title='bbox 593 2251 691 2288; x_wconf 14' lang='lat' dir='ltr'><strong>relicum</strong></span> <span class='ocrx_word' id='word_1_327' title='bbox 704 2261 819 2294; x_wconf 80' lang='lat' dir='ltr'><strong>primum</strong></span> <span class='ocrx_word' id='word_1_328' title='bbox 833 2251 952 2288; x_wconf 62' lang='lat' dir='ltr'><strong>comma;</strong></span> <span class='ocrx_word' id='word_1_329' title='bbox 968 2251 991 2279; x_wconf 72' lang='grc' dir='ltr'><strong>θ</strong></span> 
     </span>
    </p>
   </div>
   <div class='ocr_carea' id='block_1_47' title="bbox 162 2295 951 2332">
    <p class='ocr_par' dir='ltr' id='par_1_47' title="bbox 162 2295 951 2332">
     <span class='ocr_line' id='line_1_47' title="bbox 162 2295 951 2332; baseline -0.008 -3"><span class='ocrx_word' id='word_1_330' title='bbox 162 2303 287 2332; x_wconf 77' lang='lat' dir='ltr'><strong>uicauet,</strong></span> <span class='ocrx_word' id='word_1_331' title='bbox 304 2308 364 2328; x_wconf 88' lang='lat' dir='ltr'><strong>eum</strong></span> <span class='ocrx_word' id='word_1_332' title='bbox 382 2306 474 2326; x_wconf 73' lang='lat' dir='ltr'><strong>rursus</strong></span> <span class='ocrx_word' id='word_1_333' title='bbox 489 2297 600 2325; x_wconf 68' lang='lat' dir='ltr'><strong>exuebat</strong></span> <span class='ocrx_word' id='word_1_334' title='bbox 617 2300 642 2324; x_wconf 83' lang='lat' dir='ltr'><strong>el</strong></span> <span class='ocrx_word' id='word_1_335' title='bbox 656 2295 806 2332; x_wconf 77' lang='lat' dir='ltr'><strong>reponebat,</strong></span> <span class='ocrx_word' id='word_1_336' title='bbox 821 2296 951 2332; x_wconf 68' lang='lat' dir='ltr'><strong>mundum</strong></span> 
     </span>
    </p>
   </div>
   <div class='ocr_carea' id='block_1_48' title="bbox 161 2330 953 2371">
    <p class='ocr_par' dir='ltr' id='par_1_48' title="bbox 161 2330 953 2371">
     <span class='ocr_line' id='line_1_48' title="bbox 161 2330 953 2371; baseline -0.008 -7"><span class='ocrx_word' id='word_1_337' title='bbox 161 2345 267 2364; x_wconf 75' lang='lat' dir='ltr'><strong>servans</strong></span> <span class='ocrx_word' id='word_1_338' title='bbox 278 2330 412 2371; x_wconf 79' lang='lat' dir='ltr'><strong>octoginta</strong></span> <span class='ocrx_word' id='word_1_339' title='bbox 421 2334 538 2371; x_wconf 67' lang='lat' dir='ltr'><strong>quinque</strong></span> <span class='ocrx_word' id='word_1_340' title='bbox 549 2340 643 2371; x_wconf 51' lang='lat' dir='ltr'><strong>annos.</strong></span> <span class='ocrx_word' id='word_1_341' title='bbox 658 2331 762 2364; x_wconf 88' lang='lat' dir='ltr'><strong>Quibus</strong></span> <span class='ocrx_word' id='word_1_342' title='bbox 774 2330 846 2371; x_wconf 74' lang='lat' dir='ltr'><strong>adde</strong></span> <span class='ocrx_word' id='word_1_343' title='bbox 862 2332 953 2371; x_wconf 83' lang='lat' dir='ltr'><strong>locum</strong></span> 
     </span>
    </p>
   </div>
   <div class='ocr_carea' id='block_1_49' title="bbox 162 2366 954 2399">
    <p class='ocr_par' dir='ltr' id='par_1_49' title="bbox 162 2366 954 2399">
     <span class='ocr_line' id='line_1_49' title="bbox 162 2366 954 2399; baseline -0.008 0"><span class='ocrx_word' id='word_1_344' title='bbox 162 2373 277 2399; x_wconf 79' lang='lat' dir='ltr'><strong>inferius</strong></span> <span class='ocrx_word' id='word_1_345' title='bbox 289 2366 408 2399; x_wconf 79' lang='lat' dir='ltr'><strong>positum</strong></span> <span class='ocrx_word' id='word_1_346' title='bbox 421 2366 448 2396; x_wconf 80' lang='lat' dir='ltr'><strong>in</strong></span> <span class='ocrx_word' id='word_1_347' title='bbox 464 2366 562 2396; x_wconf 81' lang='lat' dir='ltr'><strong>abbate</strong></span> <span class='ocrx_word' id='word_1_348' title='bbox 573 2367 675 2399; x_wconf 68' lang='lat' dir='ltr'><strong>Phoce,</strong></span> <span class='ocrx_word' id='word_1_349' title='bbox 684 2374 759 2393; x_wconf 86' lang='lat' dir='ltr'><strong>num.</strong></span> <span class='ocrx_word' id='word_1_350' title='bbox 770 2366 796 2393; x_wconf 81' lang='grc'><strong>1.</strong></span> <span class='ocrx_word' id='word_1_351' title='bbox 809 2367 847 2394; x_wconf 80' lang='lat' dir='ltr'><strong>Ac</strong></span> <span class='ocrx_word' id='word_1_352' title='bbox 859 2367 954 2394; x_wconf 83' lang='lat' dir='ltr'><strong>nescio</strong></span> 
     </span>
    </p>
   </div>
   <div class='ocr_carea' id='block_1_50' title="bbox 162 2400 954 2435">
    <p class='ocr_par' dir='ltr' id='par_1_50' title="bbox 162 2400 954 2435">
     <span class='ocr_line' id='line_1_50' title="bbox 162 2400 954 2435; baseline -0.009 0"><span class='ocrx_word' id='word_1_353' title='bbox 162 2416 196 2435; x_wconf 88' lang='lat' dir='ltr'><strong>an</strong></span> <span class='ocrx_word' id='word_1_354' title='bbox 216 2408 269 2434; x_wconf 89' lang='lat' dir='ltr'><strong>huc</strong></span> <span class='ocrx_word' id='word_1_355' title='bbox 287 2400 387 2434; x_wconf 66' lang='lat' dir='ltr'><strong>iaciant</strong></span> <span class='ocrx_word' id='word_1_356' title='bbox 397 2405 514 2432; x_wconf 82' lang='lat' dir='ltr'><strong>obscura</strong></span> <span class='ocrx_word' id='word_1_357' title='bbox 526 2403 607 2430; x_wconf 91' lang='lat' dir='ltr'><strong>verba</strong></span> <span class='ocrx_word' id='word_1_358' title='bbox 623 2403 650 2429; x_wconf 94' lang='lat' dir='ltr'><strong>in</strong></span> <span class='ocrx_word' id='word_1_359' title='bbox 668 2401 729 2428; x_wconf 86' lang='lat' dir='ltr'><strong>Vita</strong></span> <span class='ocrx_word' id='word_1_360' title='bbox 744 2400 868 2428; x_wconf 72' lang='lat' dir='ltr'><strong>Gut/alaci</strong></span> <span class='ocrx_word' id='word_1_361' title='bbox 880 2402 954 2428; x_wconf 79' lang='lat' dir='ltr'><strong>Ana-</strong></span> 
     </span>
    </p>
   </div>
   <div class='ocr_carea' id='block_1_51' title="bbox 162 2437 956 2476">
    <p class='ocr_par' dir='ltr' id='par_1_51' title="bbox 162 2437 956 2476">
     <span class='ocr_line' id='line_1_51' title="bbox 162 2437 956 2476; baseline -0.008 -6"><span class='ocrx_word' id='word_1_362' title='bbox 162 2444 286 2475; x_wconf 69' lang='lat' dir='ltr'><strong>choretae,</strong></span> <span class='ocrx_word' id='word_1_363' title='bbox 301 2449 362 2476; x_wconf 88' lang='lat' dir='ltr'><strong>cap.</strong></span> <span class='ocrx_word' id='word_1_364' title='bbox 371 2441 417 2472; x_wconf 75' lang='grc'>51,</span> <span class='ocrx_word' id='word_1_365' title='bbox 426 2440 526 2476; x_wconf 69' lang='lat' dir='ltr'><strong>saeculo</strong></span> <span class='ocrx_word' id='word_1_366' title='bbox 536 2446 576 2471; x_wconf 86' lang='grc' dir='ltr'>ιιι,</span> <span class='ocrx_word' id='word_1_367' title='bbox 589 2437 735 2476; x_wconf 74' lang='lat' dir='ltr'><strong>desanctis</strong></span> <span class='ocrx_word' id='word_1_368' title='bbox 747 2437 853 2465; x_wconf 89' lang='lat' dir='ltr'><strong>ordinis</strong></span> <span class='ocrx_word' id='word_1_369' title='bbox 865 2437 895 2464; x_wconf 90' lang='lat' dir='ltr'><strong>S.</strong></span> <span class='ocrx_word' id='word_1_370' title='bbox 905 2437 956 2464; x_wconf 83' lang='lat' dir='ltr'><strong>Be-</strong></span> 
     </span>
    </p>
   </div>
   <div class='ocr_carea' id='block_1_52' title="bbox 163 2473 956 2512">
    <p class='ocr_par' dir='ltr' id='par_1_52' title="bbox 163 2473 956 2512">
     <span class='ocr_line' id='line_1_52' title="bbox 163 2473 956 2512; baseline -0.01 -6"><span class='ocrx_word' id='word_1_371' title='bbox 163 2473 372 2512; x_wconf 48' lang='lat' dir='ltr'><strong>nedicti,&#39;parte</strong></span> <span class='ocrx_word' id='word_1_372' title='bbox 390 2483 409 2508; x_wconf 87' lang='grc' dir='ltr'>ι,</span> <span class='ocrx_word' id='word_1_373' title='bbox 427 2474 540 2512; x_wconf 61' lang='lat' dir='ltr'><strong>p.278;</strong></span> <span class='ocrx_word' id='word_1_374' title='bbox 557 2475 594 2501; x_wconf 79' lang='lat' dir='ltr'><strong>Ac</strong></span> <span class='ocrx_word' id='word_1_375' title='bbox 610 2473 704 2501; x_wconf 84' lang='lat' dir='ltr'><strong>deinde</strong></span> <span class='ocrx_word' id='word_1_376' title='bbox 717 2480 956 2512; x_wconf 39' lang='lat' dir='ltr'><strong>cummcausﬂam-uec</strong></span> 
     </span>
    </p>
   </div>
   <div class='ocr_carea' id='block_1_53' title="bbox 162 2507 956 2545">
    <p class='ocr_par' dir='ltr' id='par_1_53' title="bbox 162 2507 956 2545">
     <span class='ocr_line' id='line_1_53' title="bbox 162 2507 956 2545; baseline -0.01 -4"><span class='ocrx_word' id='word_1_377' title='bbox 162 2507 278 2541; x_wconf 62' lang='lat' dir='ltr'><strong>sationis</strong></span> <span class='ocrx_word' id='word_1_378' title='bbox 294 2507 349 2539; x_wconf 53' lang='lat' dir='ltr'><strong>lure</strong></span> <span class='ocrx_word' id='word_1_379' title='bbox 365 2520 381 2538; x_wconf 87' lang='lat' dir='ltr'><strong>a</strong></span> <span class='ocrx_word' id='word_1_380' title='bbox 402 2507 547 2545; x_wconf 63' lang='lat' dir='ltr'><strong>primordio</strong></span> <span class='ocrx_word' id='word_1_381' title='bbox 564 2513 697 2539; x_wconf 81' lang='lat' dir='ltr'><strong>narraret,</strong></span> <span class='ocrx_word' id='word_1_382' title='bbox 708 2509 757 2545; x_wconf 54' lang='lat' dir='ltr'><strong>uir</strong></span> <span class='ocrx_word' id='word_1_383' title='bbox 777 2507 826 2534; x_wconf 84' lang='lat' dir='ltr'><strong>Dei</strong></span> <span class='ocrx_word' id='word_1_384' title='bbox 843 2507 956 2545; x_wconf 67' lang='lat' dir='ltr'><strong>Gutlila-</strong></span> 
     </span>
    </p>
   </div>
   <div class='ocr_carea' id='block_1_54' title="bbox 163 2543 955 2580">
    <p class='ocr_par' dir='ltr' id='par_1_54' title="bbox 163 2543 955 2580">
     <span class='ocr_line' id='line_1_54' title="bbox 163 2543 955 2580; baseline -0.009 -4"><span class='ocrx_word' id='word_1_385' title='bbox 163 2558 208 2576; x_wconf 78' lang='lat' dir='ltr'><strong>cus</strong></span> <span class='ocrx_word' id='word_1_386' title='bbox 218 2556 316 2576; x_wconf 70' lang='lat' dir='ltr'><strong>exuens</strong></span> <span class='ocrx_word' id='word_1_387' title='bbox 322 2555 349 2574; x_wconf 78' lang='lat' dir='ltr'><strong>se</strong></span> <span class='ocrx_word' id='word_1_388' title='bbox 359 2543 454 2573; x_wconf 79' lang='lat' dir='ltr'><strong>luterio</strong></span> <span class='ocrx_word' id='word_1_389' title='bbox 463 2546 595 2572; x_wconf 72' lang='lat' dir='ltr'><strong>melotinaa</strong></span> <span class='ocrx_word' id='word_1_390' title='bbox 606 2546 634 2571; x_wconf 87' lang='lat' dir='ltr'><strong>in</strong></span> <span class='ocrx_word' id='word_1_391' title='bbox 645 2543 748 2580; x_wconf 72' lang='lat' dir='ltr'><strong>quoille</strong></span> <span class='ocrx_word' id='word_1_392' title='bbox 758 2550 835 2580; x_wconf 80' lang='lat' dir='ltr'><strong>orare</strong></span> <span class='ocrx_word' id='word_1_393' title='bbox 841 2543 955 2580; x_wconf 68' lang='lat' dir='ltr'><strong>solebat,</strong></span> 
     </span>
    </p>
   </div>
   <div class='ocr_carea' id='block_1_55' title="bbox 164 2579 958 2618">
    <p class='ocr_par' dir='ltr' id='par_1_55' title="bbox 164 2579 958 2618">
     <span class='ocr_line' id='line_1_55' title="bbox 164 2579 958 2618; baseline -0.008 -8"><span class='ocrx_word' id='word_1_394' title='bbox 164 2585 250 2618; x_wconf 74' lang='lat' dir='ltr'><strong>ipsum</strong></span> <span class='ocrx_word' id='word_1_395' title='bbox 276 2582 459 2618; x_wconf 71' lang='lat' dir='ltr'><strong>circumdedit.</strong></span> <span class='ocrx_word' id='word_1_396' title='bbox 478 2580 552 2618; x_wconf 55' lang='lat' dir='ltr'><strong>uagi</strong></span> <span class='ocrx_word' id='word_1_397' title='bbox 568 2581 643 2618; x_wconf 83' lang='lat' dir='ltr'><strong>enim</strong></span> <span class='ocrx_word' id='word_1_398' title='bbox 659 2582 707 2618; x_wconf 83' lang='lat' dir='ltr'><strong>aut</strong></span> <span class='ocrx_word' id='word_1_399' title='bbox 721 2579 846 2618; x_wconf 75' lang='lat' dir='ltr'><strong>_intelli_gi</strong></span> <span class='ocrx_word' id='word_1_400' title='bbox 863 2582 958 2618; x_wconf 70' lang='lat' dir='ltr'><strong>potest</strong></span> 
     </span>
    </p>
   </div>
   <div class='ocr_carea' id='block_1_56' title="bbox 164 2613 956 2653">
    <p class='ocr_par' dir='ltr' id='par_1_56' title="bbox 164 2613 956 2653">
     <span class='ocr_line' id='line_1_56' title="bbox 164 2613 956 2653; baseline -0.009 -6"><span class='ocrx_word' id='word_1_401' title='bbox 164 2613 328 2650; x_wconf 76' lang='lat' dir='ltr'><strong>levilorium,</strong></span> <span class='ocrx_word' id='word_1_402' title='bbox 345 2617 418 2653; x_wconf 93' lang='lat' dir='ltr'><strong>quod</strong></span> <span class='ocrx_word' id='word_1_403' title='bbox 438 2624 487 2652; x_wconf 91' lang='lat' dir='ltr'><strong>pro</strong></span> <span class='ocrx_word' id='word_1_404' title='bbox 504 2613 663 2653; x_wconf 60' lang='lat' dir='ltr'><strong>levitonario</strong></span> <span class='ocrx_word' id='word_1_405' title='bbox 684 2613 800 2642; x_wconf 86' lang='lat' dir='ltr'><strong>habetur</strong></span> <span class='ocrx_word' id='word_1_406' title='bbox 810 2614 843 2653; x_wconf 86' lang='lat' dir='ltr'><strong>_in</strong></span> <span class='ocrx_word' id='word_1_407' title='bbox 855 2613 956 2653; x_wconf 85' lang='lat' dir='ltr'><strong>_Papia.</strong></span> 
     </span>
    </p>
   </div>
   <div class='ocr_carea' id='block_1_57' title="bbox 165 2649 958 2683">
    <p class='ocr_par' dir='ltr' id='par_1_57' title="bbox 165 2649 958 2683">
     <span class='ocr_line' id='line_1_57' title="bbox 165 2649 958 2683; baseline -0.009 -1"><span class='ocrx_word' id='word_1_408' title='bbox 165 2654 229 2682; x_wconf 86' lang='lat' dir='ltr'><strong>Scio</strong></span> <span class='ocrx_word' id='word_1_409' title='bbox 249 2654 283 2681; x_wconf 91' lang='lat' dir='ltr'><strong>ab</strong></span> <span class='ocrx_word' id='word_1_410' title='bbox 299 2649 460 2681; x_wconf 67' lang='lat' dir='ltr'><strong>auctoribus</strong></span> <span class='ocrx_word' id='word_1_411' title='bbox 475 2651 558 2683; x_wconf 88' lang='lat' dir='ltr'><strong>tradi,</strong></span> <span class='ocrx_word' id='word_1_412' title='bbox 580 2652 732 2678; x_wconf 85' lang='lat' dir='ltr'><strong>Iebetonem</strong></span> <span class='ocrx_word' id='word_1_413' title='bbox 748 2657 796 2676; x_wconf 77' lang='lat' dir='ltr'><strong>seu</strong></span> <span class='ocrx_word' id='word_1_414' title='bbox 810 2649 958 2676; x_wconf 87' lang='lat' dir='ltr'><strong>levitonem</strong></span> 
     </span>
    </p>
   </div>
   <div class='ocr_carea' id='block_1_58' title="bbox 163 2684 959 2718">
    <p class='ocr_par' dir='ltr' id='par_1_58' title="bbox 163 2684 959 2718">
     <span class='ocr_line' id='line_1_58' title="bbox 163 2684 959 2718; baseline -0.009 0"><span class='ocrx_word' id='word_1_415' title='bbox 163 2695 192 2718; x_wconf 89' lang='lat' dir='ltr'><strong>et</strong></span> <span class='ocrx_word' id='word_1_416' title='bbox 212 2690 398 2718; x_wconf 89' lang='lat' dir='ltr'><strong>libitonarium</strong></span> <span class='ocrx_word' id='word_1_417' title='bbox 420 2692 523 2716; x_wconf 84' lang='lat' dir='ltr'><strong>vestem</strong></span> <span class='ocrx_word' id='word_1_418' title='bbox 543 2687 629 2715; x_wconf 76' lang='lat' dir='ltr'><strong>fuisse</strong></span> <span class='ocrx_word' id='word_1_419' title='bbox 647 2684 836 2713; x_wconf 84' lang='lat' dir='ltr'><strong>monachicam</strong></span> <span class='ocrx_word' id='word_1_420' title='bbox 856 2692 889 2712; x_wconf 82' lang='lat' dir='ltr'><strong>ex</strong></span> <span class='ocrx_word' id='word_1_421' title='bbox 903 2685 959 2711; x_wconf 87' lang='lat' dir='ltr'><strong>lino</strong></span> 
     </span>
    </p>
   </div>
   <div class='ocr_carea' id='block_1_59' title="bbox 165 2719 958 2760">
    <p class='ocr_par' dir='ltr' id='par_1_59' title="bbox 165 2719 958 2760">
     <span class='ocr_line' id='line_1_59' title="bbox 165 2719 958 2760; baseline -0.009 -7"><span class='ocrx_word' id='word_1_422' title='bbox 165 2731 211 2753; x_wconf 87' lang='lat' dir='ltr'><strong>aut</strong></span> <span class='ocrx_word' id='word_1_423' title='bbox 228 2726 311 2753; x_wconf 86' lang='lat' dir='ltr'><strong>etiam</strong></span> <span class='ocrx_word' id='word_1_424' title='bbox 334 2732 367 2751; x_wconf 88' lang='lat' dir='ltr'><strong>ex</strong></span> <span class='ocrx_word' id='word_1_425' title='bbox 391 2724 638 2760; x_wconf 17' lang='lat' dir='ltr'><strong>pilisﬂcorntextain.</strong></span> <span class='ocrx_word' id='word_1_426' title='bbox 662 2720 716 2748; x_wconf 87' lang='lat' dir='ltr'><strong>Sed</strong></span> <span class='ocrx_word' id='word_1_427' title='bbox 740 2720 806 2760; x_wconf 75' lang='lat' dir='ltr'><strong>quid</strong></span> <span class='ocrx_word' id='word_1_428' title='bbox 835 2719 958 2760; x_wconf 69' lang='lat' dir='ltr'><strong>impedit,</strong></span> 
     </span>
    </p>
   </div>
   <div class='ocr_carea' id='block_1_60' title="bbox 165 2755 961 2796">
    <p class='ocr_par' dir='ltr' id='par_1_60' title="bbox 165 2755 961 2796">
     <span class='ocr_line' id='line_1_60' title="bbox 165 2755 961 2796; baseline -0.008 -8"><span class='ocrx_word' id='word_1_429' title='bbox 165 2762 231 2796; x_wconf 92' lang='lat' dir='ltr'><strong>quin</strong></span> <span class='ocrx_word' id='word_1_430' title='bbox 250 2760 376 2788; x_wconf 88' lang='lat' dir='ltr'><strong>nonnulli</strong></span> <span class='ocrx_word' id='word_1_431' title='bbox 391 2755 483 2787; x_wconf 68' lang='lat' dir='ltr'><strong>simile</strong></span> <span class='ocrx_word' id='word_1_432' title='bbox 498 2758 690 2786; x_wconf 84' lang='lat' dir='ltr'><strong>indumentum</strong></span> <span class='ocrx_word' id='word_1_433' title='bbox 705 2763 720 2784; x_wconf 93' lang='lat' dir='ltr'><strong>e</strong></span> <span class='ocrx_word' id='word_1_434' title='bbox 733 2755 851 2791; x_wconf 87' lang='lat' dir='ltr'><strong>pellibus</strong></span> <span class='ocrx_word' id='word_1_435' title='bbox 865 2755 961 2783; x_wconf 84' lang='lat' dir='ltr'><strong>confe-</strong></span> 
     </span>
    </p>
   </div>
   <div class='ocr_carea' id='block_1_61' title="bbox 165 2796 271 2824">
    <p class='ocr_par' dir='ltr' id='par_1_61' title="bbox 165 2796 271 2824">
     <span class='ocr_line' id='line_1_61' title="bbox 165 2796 271 2824; baseline -0.019 0"><span class='ocrx_word' id='word_1_436' title='bbox 165 2796 271 2824; x_wconf 87' lang='lat' dir='ltr'><strong>cerint?</strong></span> 
     </span>
    </p>
   </div>
   <div class='ocr_carea' id='block_1_62' title="bbox 200 2824 961 2868">
    <p class='ocr_par' dir='ltr' id='par_1_62' title="bbox 200 2824 961 2868">
     <span class='ocr_line' id='line_1_62' title="bbox 200 2824 961 2868; baseline -0.009 -9"><span class='ocrx_word' id='word_1_437' title='bbox 200 2831 258 2868; x_wconf 80' lang='lat'><strong>(73)</strong></span> <span class='ocrx_word' id='word_1_438' title='bbox 273 2831 329 2868; x_wconf 69' lang='grc' dir='ltr'><strong>Τοῦ</strong></span> <span class='ocrx_word' id='word_1_439' title='bbox 352 2830 505 2868; x_wconf 59' lang='lat' dir='ltr'><strong>&#39;Emfdzov.</strong></span> <span class='ocrx_word' id='word_1_440' title='bbox 530 2830 708 2868; x_wconf 83' lang='lat' dir='ltr'><strong>lnterpretes,</strong></span> <span class='ocrx_word' id='word_1_441' title='bbox 723 2826 763 2868; x_wconf 84' lang='lat' dir='ltr'><strong>D_e</strong></span> <span class='ocrx_word' id='word_1_442' title='bbox 778 2826 908 2868; x_wconf 59' lang='lat' dir='ltr'><strong>Enna}o.__</strong></span> <span class='ocrx_word' id='word_1_443' title='bbox 922 2824 961 2852; x_wconf 83' lang='lat' dir='ltr'><strong>De</strong></span> 
     </span>
    </p>
   </div>
   <div class='ocr_carea' id='block_1_63' title="bbox 167 2861 961 2897">
    <p class='ocr_par' dir='ltr' id='par_1_63' title="bbox 167 2861 961 2897">
     <span class='ocr_line' id='line_1_63' title="bbox 167 2861 961 2897; baseline -0.01 -3"><span class='ocrx_word' id='word_1_444' title='bbox 167 2861 255 2894; x_wconf 59' lang='lat' dir='ltr'><strong>Nono&#39;</strong></span> <span class='ocrx_word' id='word_1_445' title='bbox 272 2865 453 2897; x_wconf 65' lang='lat' dir='ltr'><strong>Alexandrina,</strong></span> <span class='ocrx_word' id='word_1_446' title='bbox 470 2866 522 2892; x_wconf 89' lang='lat' dir='ltr'><strong>hoc</strong></span> <span class='ocrx_word' id='word_1_447' title='bbox 536 2868 579 2892; x_wconf 86' lang='lat' dir='ltr'><strong>est</strong></span> <span class='ocrx_word' id='word_1_448' title='bbox 601 2861 770 2890; x_wconf 77' lang='lat' dir='ltr'><strong>monasterio</strong></span> <span class='ocrx_word' id='word_1_449' title='bbox 788 2862 860 2897; x_wconf 91' lang='lat' dir='ltr'><strong>quod</strong></span> <span class='ocrx_word' id='word_1_450' title='bbox 876 2861 961 2897; x_wconf 79' lang='lat' dir='ltr'><strong>situm</strong></span> 
     </span>
    </p>
   </div>
   <div class='ocr_carea' id='block_1_64' title="bbox 167 2896 961 2934">
    <p class='ocr_par' dir='ltr' id='par_1_64' title="bbox 167 2896 961 2934">
     <span class='ocr_line' id='line_1_64' title="bbox 167 2896 961 2934; baseline -0.009 -3"><span class='ocrx_word' id='word_1_451' title='bbox 167 2906 225 2931; x_wconf 88' lang='lat' dir='ltr'><strong>erat</strong></span> <span class='ocrx_word' id='word_1_452' title='bbox 239 2902 266 2931; x_wconf 92' lang='lat' dir='ltr'><strong>in</strong></span> <span class='ocrx_word' id='word_1_453' title='bbox 278 2902 384 2930; x_wconf 88' lang='lat' dir='ltr'><strong>Ennato</strong></span> <span class='ocrx_word' id='word_1_454' title='bbox 395 2896 543 2934; x_wconf 79' lang='lat' dir='ltr'><strong>seuNono,</strong></span> <span class='ocrx_word' id='word_1_455' title='bbox 556 2906 629 2928; x_wconf 84' lang='lat' dir='ltr'><strong>nona</strong></span> <span class='ocrx_word' id='word_1_456' title='bbox 645 2898 755 2934; x_wconf 73' lang='lat' dir='ltr'><strong>regione</strong></span> <span class='ocrx_word' id='word_1_457' title='bbox 769 2896 961 2927; x_wconf 72' lang='lat' dir='ltr'><strong>Alexandrina</strong></span> 
     </span>
    </p>
   </div>
   <div class='ocr_carea' id='block_1_65' title="bbox 996 159 1789 189">
    <p class='ocr_par' dir='ltr' id='par_1_65' title="bbox 996 159 1789 189">
     <span class='ocr_line' id='line_1_65' title="bbox 996 159 1789 189; baseline 0.004 -3"><span class='ocrx_word' id='word_1_458' title='bbox 996 159 1106 186; x_wconf 81' lang='lat' dir='ltr'><strong>PALLA</strong></span> <span class='ocrx_word' id='word_1_459' title='bbox 1113 159 1204 187; x_wconf 74' lang='lat' dir='ltr'><strong>DIUM.</strong></span> <span class='ocrx_word' id='word_1_460' title='bbox 1736 160 1789 189; x_wconf 68' lang='lat' dir='ltr'><strong>me</strong></span> 
     </span>
    </p>
   </div>
   <div class='ocr_carea' id='block_1_66' title="bbox 995 216 1789 254">
    <p class='ocr_par' dir='ltr' id='par_1_66' title="bbox 995 216 1789 254">
     <span class='ocr_line' id='line_1_66' title="bbox 995 216 1789 254; baseline 0.003 -12"><span class='ocrx_word' id='word_1_461' title='bbox 995 216 1137 243; x_wconf 79' lang='grc' dir='ltr'>ὲσκέπασα</span> <span class='ocrx_word' id='word_1_462' title='bbox 1154 217 1217 248; x_wconf 82' lang='grc' dir='ltr'><strong>τοὺς</strong></span> <span class='ocrx_word' id='word_1_463' title='bbox 1238 217 1330 252; x_wconf 76' lang='grc' dir='ltr'>ὤμους</span> <span class='ocrx_word' id='word_1_464' title='bbox 1349 217 1443 246; x_wconf 80' lang='grc' dir='ltr'><strong>αὑτοῦ.</strong></span> <span class='ocrx_word' id='word_1_465' title='bbox 1462 218 1491 245; x_wconf 91' lang='lat'><strong>&#39;0</strong></span> <span class='ocrx_word' id='word_1_466' title='bbox 1508 218 1536 245; x_wconf 80' lang='grc' dir='ltr'><strong>δὲ</strong></span> <span class='ocrx_word' id='word_1_467' title='bbox 1555 218 1644 254; x_wconf 82' lang='grc' dir='ltr'>γέρων</span> <span class='ocrx_word' id='word_1_468' title='bbox 1672 217 1789 251; x_wconf 71' lang='grc' dir='ltr'><strong>ἐξέτεινε</strong></span> 
     </span>
    </p>
   </div>
   <div class='ocr_carea' id='block_1_67' title="bbox 995 261 1792 299">
    <p class='ocr_par' dir='ltr' id='par_1_67' title="bbox 995 261 1792 299">
     <span class='ocr_line' id='line_1_67' title="bbox 995 261 1792 299; baseline 0.003 -11"><span class='ocrx_word' id='word_1_469' title='bbox 995 261 1045 297; x_wconf 82' lang='grc' dir='ltr'><strong>τὴν</strong></span> <span class='ocrx_word' id='word_1_470' title='bbox 1058 264 1146 297; x_wconf 87' lang='grc' dir='ltr'>χεῖρα,</span> <span class='ocrx_word' id='word_1_471' title='bbox 1163 262 1209 289; x_wconf 79' lang='grc' dir='ltr'><strong>καὶ</strong></span> <span class='ocrx_word' id='word_1_472' title='bbox 1223 262 1319 298; x_wconf 74' lang='grc' dir='ltr'>ἔρριψε</span> <span class='ocrx_word' id='word_1_473' title='bbox 1339 263 1417 290; x_wconf 80' lang='grc' dir='ltr'><strong>αὐτό.</strong></span> <span class='ocrx_word' id='word_1_474' title='bbox 1434 263 1489 290; x_wconf 92' lang='lat' dir='ltr'><strong>Kal</strong></span> <span class='ocrx_word' id='word_1_475' title='bbox 1506 263 1545 296; x_wconf 86' lang='grc' dir='ltr'><strong>ὡς</strong></span> <span class='ocrx_word' id='word_1_476' title='bbox 1565 263 1686 299; x_wconf 80' lang='grc' dir='ltr'><strong>ἀπῆλθεν</strong></span> <span class='ocrx_word' id='word_1_477' title='bbox 1708 264 1722 290; x_wconf 99' lang='lat'><strong>6</strong></span> <span class='ocrx_word' id='word_1_478' title='bbox 1737 264 1792 290; x_wconf 82' lang='lat' dir='ltr'><strong>K6-</strong></span> 
     </span>
    </p>
   </div>
   <div class='ocr_carea' id='block_1_68' title="bbox 998 305 1791 345">
    <p class='ocr_par' dir='ltr' id='par_1_68' title="bbox 998 305 1791 345">
     <span class='ocr_line' id='line_1_68' title="bbox 998 305 1791 345; baseline 0.003 -11"><span class='ocrx_word' id='word_1_479' title='bbox 998 315 1062 343; x_wconf 81' lang='grc' dir='ltr'><strong>μης,</strong></span> <span class='ocrx_word' id='word_1_480' title='bbox 1079 305 1156 334; x_wconf 81' lang='grc' dir='ltr'>εἷπον</span> <span class='ocrx_word' id='word_1_481' title='bbox 1173 308 1264 343; x_wconf 74' lang='grc' dir='ltr'>αὐτῷ·</span> <span class='ocrx_word' id='word_1_482' title='bbox 1290 309 1385 340; x_wconf 83' lang='grc' dir='ltr'>Ἀϐϐᾶ,</span> <span class='ocrx_word' id='word_1_483' title='bbox 1401 309 1427 335; x_wconf 84' lang='grc' dir='ltr'>τί</span> <span class='ocrx_word' id='word_1_484' title='bbox 1446 308 1527 336; x_wconf 76' lang='grc' dir='ltr'>τοῦτο</span> <span class='ocrx_word' id='word_1_485' title='bbox 1540 310 1692 345; x_wconf 81' lang='grc' dir='ltr'>ὲποίησας;</span> <span class='ocrx_word' id='word_1_486' title='bbox 1707 307 1791 345; x_wconf 80' lang='grc' dir='ltr'>ἦλθεν</span> 
     </span>
    </p>
   </div>
   <div class='ocr_carea' id='block_1_69' title="bbox 996 353 1792 391">
    <p class='ocr_par' dir='ltr' id='par_1_69' title="bbox 996 353 1792 391">
     <span class='ocr_line' id='line_1_69' title="bbox 996 353 1792 391; baseline 0.003 -11"><span class='ocrx_word' id='word_1_487' title='bbox 996 355 1010 380; x_wconf 84' lang='grc' dir='ltr'>ὁ</span> <span class='ocrx_word' id='word_1_488' title='bbox 1023 353 1166 390; x_wconf 78' lang='grc' dir='ltr'>ἄνθρωπος</span> <span class='ocrx_word' id='word_1_489' title='bbox 1184 354 1376 390; x_wconf 80' lang='grc' dir='ltr'>ὠφεληθῆναι·</span> <span class='ocrx_word' id='word_1_490' title='bbox 1393 355 1430 391; x_wconf 84' lang='grc' dir='ltr'><strong>μὴ</strong></span> <span class='ocrx_word' id='word_1_491' title='bbox 1447 356 1493 382; x_wconf 83' lang='grc' dir='ltr'><strong>ἵνα</strong></span> <span class='ocrx_word' id='word_1_492' title='bbox 1515 355 1697 391; x_wconf 80' lang='grc' dir='ltr'><strong>σκανδαλισθῇ</strong></span> <span class='ocrx_word' id='word_1_493' title='bbox 1712 364 1720 388; x_wconf 83' lang='grc'>;</span> <span class='ocrx_word' id='word_1_494' title='bbox 1735 355 1792 383; x_wconf 87' lang='lat' dir='ltr'><strong>Kal</strong></span> 
     </span>
    </p>
   </div>
   <div class='ocr_carea' id='block_1_70' title="bbox 996 400 1791 438">
    <p class='ocr_par' dir='ltr' id='par_1_70' title="bbox 996 400 1791 438">
     <span class='ocr_line' id='line_1_70' title="bbox 996 400 1791 438; baseline 0.003 -11"><span class='ocrx_word' id='word_1_495' title='bbox 996 400 1070 435; x_wconf 82' lang='grc' dir='ltr'><strong>λέγει</strong></span> <span class='ocrx_word' id='word_1_496' title='bbox 1085 410 1129 436; x_wconf 87' lang='grc' dir='ltr'>μοι</span> <span class='ocrx_word' id='word_1_497' title='bbox 1143 403 1156 428; x_wconf 85' lang='lat'><strong>6</strong></span> <span class='ocrx_word' id='word_1_498' title='bbox 1172 401 1261 436; x_wconf 84' lang='grc' dir='ltr'>γέρων</span> <span class='ocrx_word' id='word_1_499' title='bbox 1271 410 1278 417; x_wconf 94' lang='grc'><strong>·</strong></span> <span class='ocrx_word' id='word_1_500' title='bbox 1294 401 1326 428; x_wconf 84' lang='grc' dir='ltr'>Τί</span> <span class='ocrx_word' id='word_1_501' title='bbox 1344 401 1434 436; x_wconf 80' lang='grc' dir='ltr'>λέγεις</span> <span class='ocrx_word' id='word_1_502' title='bbox 1448 411 1503 437; x_wconf 88' lang='grc' dir='ltr'>μοι.</span> <span class='ocrx_word' id='word_1_503' title='bbox 1515 402 1605 434; x_wconf 66' lang='lat' dir='ltr'><strong>esse;</strong></span> <span class='ocrx_word' id='word_1_504' title='bbox 1624 402 1717 438; x_wconf 83' lang='grc' dir='ltr'><strong>ἀκμὴν</strong></span> <span class='ocrx_word' id='word_1_505' title='bbox 1732 403 1791 434; x_wconf 78' lang='grc' dir='ltr'>τοῖς</span> 
     </span>
    </p>
   </div>
   <div class='ocr_carea' id='block_1_71' title="bbox 995 447 1788 484">
    <p class='ocr_par' dir='ltr' id='par_1_71' title="bbox 995 447 1788 484">
     <span class='ocr_line' id='line_1_71' title="bbox 995 447 1788 484; baseline 0 -9"><span class='ocrx_word' id='word_1_506' title='bbox 995 447 1150 483; x_wconf 80' lang='grc' dir='ltr'>ἀνθρώποις</span> <span class='ocrx_word' id='word_1_507' title='bbox 1180 448 1366 484; x_wconf 80' lang='grc' dir='ltr'>δουλεύομεν;</span> <span class='ocrx_word' id='word_1_508' title='bbox 1396 449 1567 484; x_wconf 76' lang='grc' dir='ltr'><strong>ἐποιήσαμεν</strong></span> <span class='ocrx_word' id='word_1_509' title='bbox 1596 448 1646 484; x_wconf 80' lang='grc' dir='ltr'><strong>τὴν</strong></span> <span class='ocrx_word' id='word_1_510' title='bbox 1676 449 1788 484; x_wconf 88' lang='grc' dir='ltr'>χρείαν·</span> 
     </span>
    </p>
   </div>
   <div class='ocr_carea' id='block_1_72' title="bbox 996 493 1788 530">
    <p class='ocr_par' dir='ltr' id='par_1_72' title="bbox 996 493 1788 530">
     <span class='ocr_line' id='line_1_72' title="bbox 996 493 1788 530; baseline 0.003 -11"><span class='ocrx_word' id='word_1_511' title='bbox 996 493 1121 529; x_wconf 81' lang='grc' dir='ltr'>παρῆλθε</span> <span class='ocrx_word' id='word_1_512' title='bbox 1146 493 1249 521; x_wconf 87' lang='grc' dir='ltr'>λοιπόν.</span> <span class='ocrx_word' id='word_1_513' title='bbox 1269 495 1298 520; x_wconf 89' lang='lat'>&#39;0</span> <span class='ocrx_word' id='word_1_514' title='bbox 1324 494 1409 521; x_wconf 86' lang='grc' dir='ltr'>θέλων</span> <span class='ocrx_word' id='word_1_515' title='bbox 1432 494 1617 530; x_wconf 79' lang='grc' dir='ltr'>ὠφεληθῆναι,</span> <span class='ocrx_word' id='word_1_516' title='bbox 1640 494 1788 530; x_wconf 81' lang='grc' dir='ltr'>ὠφεληθῇ-</span> 
     </span>
    </p>
   </div>
   <div class='ocr_carea' id='block_1_73' title="bbox 995 540 1791 577">
    <p class='ocr_par' dir='ltr' id='par_1_73' title="bbox 995 540 1791 577">
     <span class='ocr_line' id='line_1_73' title="bbox 995 540 1791 577; baseline 0.003 -11"><span class='ocrx_word' id='word_1_517' title='bbox 995 541 1010 567; x_wconf 81' lang='grc' dir='ltr'>ὁ</span> <span class='ocrx_word' id='word_1_518' title='bbox 1023 540 1108 567; x_wconf 83' lang='grc' dir='ltr'>θέλων</span> <span class='ocrx_word' id='word_1_519' title='bbox 1115 541 1352 577; x_wconf 80' lang='grc' dir='ltr'>σκανδαλισθῆναι.</span> <span class='ocrx_word' id='word_1_520' title='bbox 1361 541 1553 576; x_wconf 82' lang='grc' dir='ltr'><strong>σκανδαλισθῇ·</strong></span> <span class='ocrx_word' id='word_1_521' title='bbox 1568 541 1623 576; x_wconf 81' lang='grc' dir='ltr'><strong>ἐγὼ</strong></span> <span class='ocrx_word' id='word_1_522' title='bbox 1635 541 1663 568; x_wconf 83' lang='grc' dir='ltr'><strong>δὲ</strong></span> <span class='ocrx_word' id='word_1_523' title='bbox 1676 541 1714 573; x_wconf 84' lang='grc' dir='ltr'>ὡς</span> <span class='ocrx_word' id='word_1_524' title='bbox 1724 541 1746 568; x_wconf 86' lang='grc' dir='ltr'><strong>δ’</strong></span> <span class='ocrx_word' id='word_1_525' title='bbox 1757 541 1791 568; x_wconf 86' lang='grc' dir='ltr'><strong>ἆν</strong></span> 
     </span>
    </p>
   </div>
   <div class='ocr_carea' id='block_1_74' title="bbox 996 586 1790 624">
    <p class='ocr_par' dir='ltr' id='par_1_74' title="bbox 996 586 1790 624">
     <span class='ocr_line' id='line_1_74' title="bbox 996 586 1790 624; baseline 0.003 -12"><span class='ocrx_word' id='word_1_526' title='bbox 996 586 1111 622; x_wconf 80' lang='grc' dir='ltr'><strong>εὑρεθῶ,</strong></span> <span class='ocrx_word' id='word_1_527' title='bbox 1130 587 1218 619; x_wconf 77' lang='grc' dir='ltr'><strong>οὕτως</strong></span> <span class='ocrx_word' id='word_1_528' title='bbox 1238 588 1361 614; x_wconf 81' lang='grc' dir='ltr'>ἀπαντῶ.</span> <span class='ocrx_word' id='word_1_529' title='bbox 1381 587 1553 623; x_wconf 85' lang='grc' dir='ltr'>Παρήγγειλε</span> <span class='ocrx_word' id='word_1_530' title='bbox 1571 588 1599 614; x_wconf 82' lang='grc' dir='ltr'><strong>δὲ</strong></span> <span class='ocrx_word' id='word_1_531' title='bbox 1623 587 1662 622; x_wconf 84' lang='grc' dir='ltr'><strong>τῷ</strong></span> <span class='ocrx_word' id='word_1_532' title='bbox 1681 587 1790 624; x_wconf 82' lang='grc' dir='ltr'>μαθητῇ</span> 
     </span>
    </p>
   </div>
   <div class='ocr_carea' id='block_1_75' title="bbox 996 632 1789 670">
    <p class='ocr_par' dir='ltr' id='par_1_75' title="bbox 996 632 1789 670">
     <span class='ocr_line' id='line_1_75' title="bbox 996 632 1789 670; baseline 0.003 -12"><span class='ocrx_word' id='word_1_533' title='bbox 996 632 1097 665; x_wconf 79' lang='grc' dir='ltr'>αὑτοῦ,</span> <span class='ocrx_word' id='word_1_534' title='bbox 1123 633 1228 667; x_wconf 80' lang='grc' dir='ltr'>λέγων·</span> <span class='ocrx_word' id='word_1_535' title='bbox 1257 634 1319 660; x_wconf 85' lang='grc' dir='ltr'><strong>Ἐάν</strong></span> <span class='ocrx_word' id='word_1_536' title='bbox 1335 642 1377 665; x_wconf 82' lang='grc' dir='ltr'><strong>τις</strong></span> <span class='ocrx_word' id='word_1_537' title='bbox 1397 633 1461 669; x_wconf 77' lang='grc' dir='ltr'>ἔλθῃ</span> <span class='ocrx_word' id='word_1_538' title='bbox 1484 633 1548 660; x_wconf 80' lang='grc' dir='ltr'>ἰδεῖν</span> <span class='ocrx_word' id='word_1_539' title='bbox 1572 642 1606 669; x_wconf 87' lang='grc' dir='ltr'>με</span> <span class='ocrx_word' id='word_1_540' title='bbox 1626 633 1727 665; x_wconf 81' lang='grc' dir='ltr'><strong>θέλων,</strong></span> <span class='ocrx_word' id='word_1_541' title='bbox 1750 635 1789 670; x_wconf 85' lang='grc' dir='ltr'><strong>μὴ</strong></span> 
     </span>
    </p>
   </div>
   <div class='ocr_carea' id='block_1_76' title="bbox 996 678 1789 716">
    <p class='ocr_par' dir='ltr' id='par_1_76' title="bbox 996 678 1789 716">
     <span class='ocr_line' id='line_1_76' title="bbox 996 678 1789 716; baseline 0.003 -11"><span class='ocrx_word' id='word_1_542' title='bbox 996 678 1076 715; x_wconf 74' lang='grc' dir='ltr'><strong>εἴπῃς</strong></span> <span class='ocrx_word' id='word_1_543' title='bbox 1097 679 1170 714; x_wconf 77' lang='grc' dir='ltr'>αὐτῷ</span> <span class='ocrx_word' id='word_1_544' title='bbox 1192 679 1217 706; x_wconf 84' lang='grc' dir='ltr'>τί</span> <span class='ocrx_word' id='word_1_545' title='bbox 1243 688 1308 706; x_wconf 59' lang='grc' dir='ltr'>ποτε</span> <span class='ocrx_word' id='word_1_546' title='bbox 1324 679 1494 716; x_wconf 88' lang='grc' dir='ltr'>ἀνθρώπινον</span> <span class='ocrx_word' id='word_1_547' title='bbox 1506 688 1512 694; x_wconf 94' lang='grc'><strong>·</strong></span> <span class='ocrx_word' id='word_1_548' title='bbox 1531 679 1588 706; x_wconf 83' lang='grc' dir='ltr'>ἀλλ’</span> <span class='ocrx_word' id='word_1_549' title='bbox 1608 680 1656 707; x_wconf 77' lang='grc' dir='ltr'><strong>ἐὰν</strong></span> <span class='ocrx_word' id='word_1_550' title='bbox 1679 680 1789 716; x_wconf 81' lang='grc' dir='ltr'>τρώγω,</span> 
     </span>
    </p>
   </div>
   <div class='ocr_carea' id='block_1_77' title="bbox 997 725 1677 762">
    <p class='ocr_par' dir='ltr' id='par_1_77' title="bbox 997 725 1677 762">
     <span class='ocr_line' id='line_1_77' title="bbox 997 725 1677 762; baseline 0.003 -10"><span class='ocrx_word' id='word_1_551' title='bbox 997 725 1069 758; x_wconf 76' lang='grc' dir='ltr'>εἰπὲ,</span> <span class='ocrx_word' id='word_1_552' title='bbox 1084 725 1205 761; x_wconf 89' lang='grc' dir='ltr'>Τρώγει·</span> <span class='ocrx_word' id='word_1_553' title='bbox 1221 726 1268 753; x_wconf 84' lang='grc' dir='ltr'><strong>ὲὰν</strong></span> <span class='ocrx_word' id='word_1_554' title='bbox 1283 726 1435 762; x_wconf 86' lang='grc' dir='ltr'>κοιμῶμαι,</span> <span class='ocrx_word' id='word_1_555' title='bbox 1448 727 1519 759; x_wconf 77' lang='grc' dir='ltr'>εἰπὲ,</span> <span class='ocrx_word' id='word_1_556' title='bbox 1531 727 1677 762; x_wconf 82' lang='grc' dir='ltr'>Κοιμᾶται.</span> 
     </span>
    </p>
   </div>
   <div class='ocr_carea' id='block_1_78' title="bbox 1032 812 1788 851">
    <p class='ocr_par' dir='ltr' id='par_1_78' title="bbox 1032 812 1788 851">
     <span class='ocr_line' id='line_1_78' title="bbox 1032 812 1788 851; baseline 0.003 -11"><span class='ocrx_word' id='word_1_557' title='bbox 1032 813 1083 840; x_wconf 84' lang='grc' dir='ltr'>κθ’.</span> <span class='ocrx_word' id='word_1_558' title='bbox 1104 812 1206 841; x_wconf 77' lang='grc' dir='ltr'><strong>Ἵῐλθὸν</strong></span> <span class='ocrx_word' id='word_1_559' title='bbox 1221 823 1287 841; x_wconf 85' lang='grc' dir='ltr'>ποτε</span> <span class='ocrx_word' id='word_1_560' title='bbox 1307 815 1401 842; x_wconf 75' lang='grc' dir='ltr'><strong>ἐπάνω</strong></span> <span class='ocrx_word' id='word_1_561' title='bbox 1417 814 1500 842; x_wconf 77' lang='grc' dir='ltr'>αὑτοῦ</span> <span class='ocrx_word' id='word_1_562' title='bbox 1519 816 1592 851; x_wconf 79' lang='grc' dir='ltr'>τρεῖς</span> <span class='ocrx_word' id='word_1_563' title='bbox 1609 815 1722 851; x_wconf 82' lang='grc' dir='ltr'>λῃσταί·</span> <span class='ocrx_word' id='word_1_564' title='bbox 1739 815 1788 842; x_wconf 77' lang='grc' dir='ltr'>καὶ</span> 
     </span>
    </p>
   </div>
   <div class='ocr_carea' id='block_1_79' title="bbox 997 858 1789 897">
    <p class='ocr_par' dir='ltr' id='par_1_79' title="bbox 997 858 1789 897">
     <span class='ocr_line' id='line_1_79' title="bbox 997 858 1789 897; baseline 0.003 -11"><span class='ocrx_word' id='word_1_565' title='bbox 997 860 1022 886; x_wconf 77' lang='grc' dir='ltr'>οἱ</span> <span class='ocrx_word' id='word_1_566' title='bbox 1038 860 1084 887; x_wconf 85' lang='grc' dir='ltr'><strong>δύο</strong></span> <span class='ocrx_word' id='word_1_567' title='bbox 1100 861 1230 896; x_wconf 78' lang='grc' dir='ltr'><strong>ἐκράτουν</strong></span> <span class='ocrx_word' id='word_1_568' title='bbox 1247 861 1338 894; x_wconf 80' lang='grc' dir='ltr'>αὐτὸν,</span> <span class='ocrx_word' id='word_1_569' title='bbox 1356 862 1370 887; x_wconf 92' lang='lat'><strong>6</strong></span> <span class='ocrx_word' id='word_1_570' title='bbox 1389 861 1417 887; x_wconf 84' lang='grc' dir='ltr'><strong>δὲ</strong></span> <span class='ocrx_word' id='word_1_571' title='bbox 1438 858 1478 893; x_wconf 79' lang='grc' dir='ltr'>εἷς</span> <span class='ocrx_word' id='word_1_572' title='bbox 1496 861 1639 888; x_wconf 84' lang='grc' dir='ltr'>ὲκουϐἀλει</span> <span class='ocrx_word' id='word_1_573' title='bbox 1651 862 1685 888; x_wconf 86' lang='grc' dir='ltr'><strong>τὰ</strong></span> <span class='ocrx_word' id='word_1_574' title='bbox 1705 862 1789 897; x_wconf 81' lang='grc' dir='ltr'>σκεύη</span> 
     </span>
    </p>
   </div>
   <div class='ocr_carea' id='block_1_80' title="bbox 998 907 1789 943">
    <p class='ocr_par' dir='ltr' id='par_1_80' title="bbox 998 907 1789 943">
     <span class='ocr_line' id='line_1_80' title="bbox 998 907 1789 943; baseline 0.001 -9"><span class='ocrx_word' id='word_1_575' title='bbox 998 907 1091 934; x_wconf 81' lang='grc' dir='ltr'><strong>αὑτοῦ.</strong></span> <span class='ocrx_word' id='word_1_576' title='bbox 1114 908 1157 939; x_wconf 79' lang='grc' dir='ltr'><strong>Ὠς</strong></span> <span class='ocrx_word' id='word_1_577' title='bbox 1171 908 1200 934; x_wconf 82' lang='grc' dir='ltr'><strong>δὲ</strong></span> <span class='ocrx_word' id='word_1_578' title='bbox 1212 907 1342 943; x_wconf 80' lang='grc' dir='ltr'><strong>ἐξήνεγκε</strong></span> <span class='ocrx_word' id='word_1_579' title='bbox 1357 907 1390 934; x_wconf 84' lang='grc' dir='ltr'>τὰ</span> <span class='ocrx_word' id='word_1_580' title='bbox 1404 907 1506 942; x_wconf 85' lang='grc' dir='ltr'>βιϐλία,</span> <span class='ocrx_word' id='word_1_581' title='bbox 1521 908 1568 935; x_wconf 81' lang='grc' dir='ltr'>καὶ</span> <span class='ocrx_word' id='word_1_582' title='bbox 1579 908 1624 934; x_wconf 83' lang='grc' dir='ltr'><strong>τὸν</strong></span> <span class='ocrx_word' id='word_1_583' title='bbox 1635 908 1766 935; x_wconf 81' lang='grc' dir='ltr'>λεϐίτωνα</span> <span class='ocrx_word' id='word_1_584' title='bbox 1777 908 1789 924; x_wconf 81' lang='grc'><strong><em>⁸</em></strong></span> 
     </span>
    </p>
   </div>
   <div class='ocr_carea' id='block_1_81' title="bbox 998 953 1791 988">
    <p class='ocr_par' dir='ltr' id='par_1_81' title="bbox 998 953 1791 988">
     <span class='ocr_line' id='line_1_81' title="bbox 998 953 1791 988; baseline 0.004 -9"><span class='ocrx_word' id='word_1_585' title='bbox 998 953 1077 988; x_wconf 71' lang='grc' dir='ltr'>ἤθελε</span> <span class='ocrx_word' id='word_1_586' title='bbox 1101 953 1210 980; x_wconf 86' lang='grc' dir='ltr'>λαϐεῖν·</span> <span class='ocrx_word' id='word_1_587' title='bbox 1225 953 1285 980; x_wconf 83' lang='grc' dir='ltr'><strong>τότε</strong></span> <span class='ocrx_word' id='word_1_588' title='bbox 1303 953 1377 988; x_wconf 82' lang='grc' dir='ltr'>λέγει</span> <span class='ocrx_word' id='word_1_589' title='bbox 1397 954 1488 986; x_wconf 76' lang='grc' dir='ltr'>αὐτοῖς</span> <span class='ocrx_word' id='word_1_590' title='bbox 1504 963 1510 970; x_wconf 89' lang='grc'>·</span> <span class='ocrx_word' id='word_1_591' title='bbox 1532 954 1617 981; x_wconf 83' lang='grc' dir='ltr'>Τοῦτο</span> <span class='ocrx_word' id='word_1_592' title='bbox 1637 955 1743 988; x_wconf 74' lang='grc' dir='ltr'>ἀφίετε.</span> <span class='ocrx_word' id='word_1_593' title='bbox 1759 955 1791 982; x_wconf 86' lang='grc' dir='ltr'><strong>οι</strong></span> 
     </span>
    </p>
   </div>
   <div class='ocr_carea' id='block_1_82' title="bbox 998 999 1790 1038">
    <p class='ocr_par' dir='ltr' id='par_1_82' title="bbox 998 999 1790 1038">
     <span class='ocr_line' id='line_1_82' title="bbox 998 999 1790 1038; baseline 0.003 -12"><span class='ocrx_word' id='word_1_594' title='bbox 998 999 1026 1026; x_wconf 87' lang='grc' dir='ltr'><strong>δὲ</strong></span> <span class='ocrx_word' id='word_1_595' title='bbox 1043 1001 1092 1027; x_wconf 85' lang='grc' dir='ltr'>οὐκ</span> <span class='ocrx_word' id='word_1_596' title='bbox 1103 1000 1207 1036; x_wconf 76' lang='grc' dir='ltr'>ἡθελον.</span> <span class='ocrx_word' id='word_1_597' title='bbox 1223 1002 1278 1028; x_wconf 89' lang='lat' dir='ltr'><strong>Kal</strong></span> <span class='ocrx_word' id='word_1_598' title='bbox 1288 1003 1403 1037; x_wconf 79' lang='grc' dir='ltr'>κινήσας</span> <span class='ocrx_word' id='word_1_599' title='bbox 1417 1001 1466 1034; x_wconf 83' lang='grc' dir='ltr'><strong>τὰς</strong></span> <span class='ocrx_word' id='word_1_600' title='bbox 1482 1003 1577 1037; x_wconf 86' lang='grc' dir='ltr'>χεῖρας</span> <span class='ocrx_word' id='word_1_601' title='bbox 1590 1001 1672 1028; x_wconf 82' lang='grc' dir='ltr'>αὑτοῦ</span> <span class='ocrx_word' id='word_1_602' title='bbox 1696 1001 1790 1038; x_wconf 74' lang='grc' dir='ltr'>ἔρριψε</span> 
     </span>
    </p>
   </div>
   <div class='ocr_carea' id='block_1_83' title="bbox 999 1047 1791 1084">
    <p class='ocr_par' dir='ltr' id='par_1_83' title="bbox 999 1047 1791 1084">
     <span class='ocr_line' id='line_1_83' title="bbox 999 1047 1791 1084; baseline 0.001 -11"><span class='ocrx_word' id='word_1_603' title='bbox 999 1048 1061 1079; x_wconf 76' lang='grc' dir='ltr'>τοὺς</span> <span class='ocrx_word' id='word_1_604' title='bbox 1074 1047 1130 1073; x_wconf 75' lang='grc' dir='ltr'><strong>δύο.</strong></span> <span class='ocrx_word' id='word_1_605' title='bbox 1144 1048 1199 1074; x_wconf 87' lang='lat' dir='ltr'><strong>Kal</strong></span> <span class='ocrx_word' id='word_1_606' title='bbox 1215 1048 1315 1080; x_wconf 80' lang='grc' dir='ltr'><strong>ἰδόντες</strong></span> <span class='ocrx_word' id='word_1_607' title='bbox 1330 1048 1514 1084; x_wconf 75' lang='grc' dir='ltr'>ἐφοϐήθησαν.</span> <span class='ocrx_word' id='word_1_608' title='bbox 1533 1048 1588 1075; x_wconf 84' lang='grc' dir='ltr'><strong>Καὶ</strong></span> <span class='ocrx_word' id='word_1_609' title='bbox 1603 1048 1676 1082; x_wconf 80' lang='grc' dir='ltr'>λέγει</span> <span class='ocrx_word' id='word_1_610' title='bbox 1696 1049 1791 1080; x_wconf 77' lang='grc' dir='ltr'>αὐτοῖς</span> 
     </span>
    </p>
   </div>
   <div class='ocr_carea' id='block_1_84' title="bbox 1000 1092 1793 1129">
    <p class='ocr_par' dir='ltr' id='par_1_84' title="bbox 1000 1092 1793 1129">
     <span class='ocr_line' id='line_1_84' title="bbox 1000 1092 1793 1129; baseline 0.001 -10"><span class='ocrx_word' id='word_1_611' title='bbox 1000 1093 1014 1119; x_wconf 89' lang='lat'><strong>6</strong></span> <span class='ocrx_word' id='word_1_612' title='bbox 1031 1092 1120 1128; x_wconf 84' lang='grc' dir='ltr'>γέρων</span> <span class='ocrx_word' id='word_1_613' title='bbox 1130 1101 1136 1107; x_wconf 82' lang='grc'><strong>”</strong></span> <span class='ocrx_word' id='word_1_614' title='bbox 1154 1093 1245 1128; x_wconf 84' lang='grc' dir='ltr'><strong>Μηδὲν</strong></span> <span class='ocrx_word' id='word_1_615' title='bbox 1260 1093 1409 1128; x_wconf 80' lang='grc' dir='ltr'><strong>δειμάσητε</strong></span> <span class='ocrx_word' id='word_1_616' title='bbox 1420 1101 1429 1109; x_wconf 73' lang='grc'><strong>⁸</strong></span> <span class='ocrx_word' id='word_1_617' title='bbox 1443 1094 1575 1129; x_wconf 84' lang='grc' dir='ltr'>ποιήσατε</span> <span class='ocrx_word' id='word_1_618' title='bbox 1592 1093 1663 1120; x_wconf 80' lang='grc' dir='ltr'>αὐτὰ</span> <span class='ocrx_word' id='word_1_619' title='bbox 1680 1094 1719 1125; x_wconf 83' lang='grc' dir='ltr'>εἰς</span> <span class='ocrx_word' id='word_1_620' title='bbox 1730 1093 1793 1120; x_wconf 85' lang='grc' dir='ltr'><strong>τέσ-</strong></span> 
     </span>
    </p>
   </div>
   <div class='ocr_carea' id='block_1_85' title="bbox 1001 1137 1794 1174">
    <p class='ocr_par' dir='ltr' id='par_1_85' title="bbox 1001 1137 1794 1174">
     <span class='ocr_line' id='line_1_85' title="bbox 1001 1137 1794 1174; baseline 0.004 -10"><span class='ocrx_word' id='word_1_621' title='bbox 1001 1145 1072 1173; x_wconf 85' lang='grc' dir='ltr'>σαρα</span> <span class='ocrx_word' id='word_1_622' title='bbox 1086 1137 1169 1173; x_wconf 82' lang='grc' dir='ltr'>μέρη,</span> <span class='ocrx_word' id='word_1_623' title='bbox 1181 1139 1228 1165; x_wconf 80' lang='grc' dir='ltr'>καὶ</span> <span class='ocrx_word' id='word_1_624' title='bbox 1241 1138 1338 1166; x_wconf 84' lang='grc' dir='ltr'>λάϐετε</span> <span class='ocrx_word' id='word_1_625' title='bbox 1349 1138 1383 1165; x_wconf 85' lang='grc' dir='ltr'><strong>τὰ</strong></span> <span class='ocrx_word' id='word_1_626' title='bbox 1395 1139 1470 1174; x_wconf 82' lang='grc' dir='ltr'>τρία,</span> <span class='ocrx_word' id='word_1_627' title='bbox 1485 1139 1534 1165; x_wconf 72' lang='grc' dir='ltr'>καὶ</span> <span class='ocrx_word' id='word_1_628' title='bbox 1545 1139 1628 1174; x_wconf 78' lang='grc' dir='ltr'>ἄφετε</span> <span class='ocrx_word' id='word_1_629' title='bbox 1642 1139 1673 1166; x_wconf 79' lang='grc' dir='ltr'><strong>τὺ</strong></span> <span class='ocrx_word' id='word_1_630' title='bbox 1688 1140 1727 1167; x_wconf 70' lang='grc' dir='ltr'><strong>ἐν.</strong></span> <span class='ocrx_word' id='word_1_631' title='bbox 1738 1140 1794 1167; x_wconf 83' lang='lat' dir='ltr'><strong>Kal</strong></span> 
     </span>
    </p>
   </div>
   <div class='ocr_carea' id='block_1_86' title="bbox 999 1183 1794 1220">
    <p class='ocr_par' dir='ltr' id='par_1_86' title="bbox 999 1183 1794 1220">
     <span class='ocr_line' id='line_1_86' title="bbox 999 1183 1794 1220; baseline 0.003 -10"><span class='ocrx_word' id='word_1_632' title='bbox 999 1183 1086 1216; x_wconf 75' lang='grc' dir='ltr'>οὕτως</span> <span class='ocrx_word' id='word_1_633' title='bbox 1109 1184 1256 1219; x_wconf 78' lang='grc' dir='ltr'>ἐποίησαν·</span> <span class='ocrx_word' id='word_1_634' title='bbox 1280 1184 1324 1211; x_wconf 84' lang='grc' dir='ltr'>διὰ</span> <span class='ocrx_word' id='word_1_635' title='bbox 1341 1184 1371 1211; x_wconf 81' lang='grc' dir='ltr'>τὸ</span> <span class='ocrx_word' id='word_1_636' title='bbox 1384 1184 1475 1211; x_wconf 82' lang='grc' dir='ltr'>λαϐεῖν</span> <span class='ocrx_word' id='word_1_637' title='bbox 1498 1184 1529 1211; x_wconf 80' lang='grc' dir='ltr'><strong>τὸ</strong></span> <span class='ocrx_word' id='word_1_638' title='bbox 1550 1185 1633 1220; x_wconf 80' lang='grc' dir='ltr'>μέρος</span> <span class='ocrx_word' id='word_1_639' title='bbox 1652 1184 1736 1212; x_wconf 83' lang='grc' dir='ltr'>αὑτοῦ</span> <span class='ocrx_word' id='word_1_640' title='bbox 1748 1185 1794 1212; x_wconf 82' lang='grc' dir='ltr'><strong>τὸν</strong></span> 
     </span>
    </p>
   </div>
   <div class='ocr_carea' id='block_1_87' title="bbox 1000 1229 1480 1267">
    <p class='ocr_par' dir='ltr' id='par_1_87' title="bbox 1000 1229 1480 1267">
     <span class='ocr_line' id='line_1_87' title="bbox 1000 1229 1480 1267; baseline 0.004 -11"><span class='ocrx_word' id='word_1_641' title='bbox 1000 1229 1132 1257; x_wconf 86' lang='grc' dir='ltr'>λεϐίτωνα</span> <span class='ocrx_word' id='word_1_642' title='bbox 1143 1231 1166 1246; x_wconf 80' lang='grc'><em>⁸⁴</em></span> <span class='ocrx_word' id='word_1_643' title='bbox 1181 1231 1226 1257; x_wconf 82' lang='grc' dir='ltr'><strong>τὸν</strong></span> <span class='ocrx_word' id='word_1_644' title='bbox 1237 1231 1397 1258; x_wconf 82' lang='grc' dir='ltr'>συνακτικόν</span> <span class='ocrx_word' id='word_1_645' title='bbox 1411 1231 1480 1267; x_wconf 65' lang='lat'><strong>(72).</strong></span> 
     </span>
    </p>
   </div>
   <div class='ocr_carea' id='block_1_88' title="bbox 1076 1286 1724 1321">
    <p class='ocr_par' dir='ltr' id='par_1_88' title="bbox 1076 1286 1724 1321">
     <span class='ocr_line' id='line_1_88' title="bbox 1076 1286 1724 1321; baseline 0.005 -9"><span class='ocrx_word' id='word_1_646' title='bbox 1076 1286 1145 1319; x_wconf 79' lang='grc' dir='ltr'>Περὶ</span> <span class='ocrx_word' id='word_1_647' title='bbox 1167 1286 1219 1313; x_wconf 87' lang='grc' dir='ltr'><strong>τοῦ</strong></span> <span class='ocrx_word' id='word_1_648' title='bbox 1235 1286 1310 1314; x_wconf 78' lang='grc' dir='ltr'>ἀϐϐᾱ</span> <span class='ocrx_word' id='word_1_649' title='bbox 1328 1286 1479 1321; x_wconf 80' lang='grc' dir='ltr'><strong>Θεοδώρου</strong></span> <span class='ocrx_word' id='word_1_650' title='bbox 1495 1287 1549 1314; x_wconf 80' lang='grc' dir='ltr'><strong>τοῦ</strong></span> <span class='ocrx_word' id='word_1_651' title='bbox 1568 1286 1724 1316; x_wconf 79' lang='grc' dir='ltr'><strong>Ἐννάτου.</strong></span> 
     </span>
    </p>
   </div>
   <div class='ocr_carea' id='block_1_89' title="bbox 1037 1342 1796 1381">
    <p class='ocr_par' dir='ltr' id='par_1_89' title="bbox 1037 1342 1796 1381">
     <span class='ocr_line' id='line_1_89' title="bbox 1037 1342 1796 1381; baseline 0.003 -11"><span class='ocrx_word' id='word_1_652' title='bbox 1037 1346 1072 1370; x_wconf 83' lang='grc' dir='ltr'><strong>α’.</strong></span> <span class='ocrx_word' id='word_1_653' title='bbox 1091 1342 1174 1370; x_wconf 79' lang='grc' dir='ltr'>Εἶπεν</span> <span class='ocrx_word' id='word_1_654' title='bbox 1191 1344 1206 1369; x_wconf 87' lang='lat'><strong>6</strong></span> <span class='ocrx_word' id='word_1_655' title='bbox 1228 1344 1315 1376; x_wconf 79' lang='grc' dir='ltr'>ἀϐϐᾶς</span> <span class='ocrx_word' id='word_1_656' title='bbox 1333 1344 1472 1380; x_wconf 80' lang='grc' dir='ltr'>Θεόδωρος</span> <span class='ocrx_word' id='word_1_657' title='bbox 1490 1346 1504 1371; x_wconf 91' lang='lat'><strong>6</strong></span> <span class='ocrx_word' id='word_1_658' title='bbox 1518 1344 1565 1371; x_wconf 86' lang='grc' dir='ltr'><strong>τοῦ</strong></span> <span class='ocrx_word' id='word_1_659' title='bbox 1587 1344 1712 1372; x_wconf 83' lang='grc' dir='ltr'>Ὲννάτου</span> <span class='ocrx_word' id='word_1_660' title='bbox 1727 1345 1796 1381; x_wconf 81' lang='lat'><strong>(75),</strong></span> 
     </span>
    </p>
   </div>
   <div class='ocr_carea' id='block_1_90' title="bbox 1003 1389 1796 1428">
    <p class='ocr_par' dir='ltr' id='par_1_90' title="bbox 1003 1389 1796 1428">
     <span class='ocr_line' id='line_1_90' title="bbox 1003 1389 1796 1428; baseline 0.004 -12"><span class='ocrx_word' id='word_1_661' title='bbox 1003 1390 1043 1416; x_wconf 81' lang='grc' dir='ltr'><strong>ὃτι</strong></span> <span class='ocrx_word' id='word_1_662' title='bbox 1067 1389 1131 1416; x_wconf 85' lang='grc' dir='ltr'><strong>Ὅτε</strong></span> <span class='ocrx_word' id='word_1_663' title='bbox 1157 1390 1232 1425; x_wconf 72' lang='grc' dir='ltr'><strong>ήμην</strong></span> <span class='ocrx_word' id='word_1_664' title='bbox 1256 1390 1405 1427; x_wconf 85' lang='grc' dir='ltr'>νεώτερος,</span> <span class='ocrx_word' id='word_1_665' title='bbox 1423 1392 1464 1424; x_wconf 77' lang='grc' dir='ltr'>εἰς</span> <span class='ocrx_word' id='word_1_666' title='bbox 1494 1392 1543 1427; x_wconf 79' lang='grc' dir='ltr'><strong>τὴν</strong></span> <span class='ocrx_word' id='word_1_667' title='bbox 1565 1391 1667 1428; x_wconf 78' lang='grc' dir='ltr'>ἔρημον</span> <span class='ocrx_word' id='word_1_668' title='bbox 1689 1391 1796 1427; x_wconf 80' lang='grc' dir='ltr'>ἔμενον.</span> 
     </span>
    </p>
   </div>
   <div class='ocr_carea' id='block_1_91' title="bbox 1010 1433 1796 1472">
    <p class='ocr_par' dir='ltr' id='par_1_91' title="bbox 1010 1433 1796 1472">
     <span class='ocr_line' id='line_1_91' title="bbox 1010 1433 1796 1472; baseline 0.004 -11"><span class='ocrx_word' id='word_1_669' title='bbox 1010 1435 1142 1471; x_wconf 81' lang='grc' dir='ltr'>Ἀπῆλθον</span> <span class='ocrx_word' id='word_1_670' title='bbox 1156 1433 1203 1462; x_wconf 77' lang='grc' dir='ltr'><strong>οὖν</strong></span> <span class='ocrx_word' id='word_1_671' title='bbox 1217 1437 1256 1468; x_wconf 75' lang='grc' dir='ltr'><strong>εἰς</strong></span> <span class='ocrx_word' id='word_1_672' title='bbox 1271 1437 1301 1463; x_wconf 80' lang='grc' dir='ltr'><strong>τὸ</strong></span> <span class='ocrx_word' id='word_1_673' title='bbox 1315 1437 1493 1472; x_wconf 83' lang='grc' dir='ltr'>ἀρτοκοπεῖον</span> <span class='ocrx_word' id='word_1_674' title='bbox 1510 1438 1621 1472; x_wconf 80' lang='grc' dir='ltr'>ποιῆσαι</span> <span class='ocrx_word' id='word_1_675' title='bbox 1634 1437 1681 1464; x_wconf 88' lang='grc' dir='ltr'><strong>δύο</strong></span> <span class='ocrx_word' id='word_1_676' title='bbox 1697 1437 1796 1470; x_wconf 81' lang='grc' dir='ltr'>σιτίας,</span> 
     </span>
    </p>
   </div>
   <div class='ocr_carea' id='block_1_92' title="bbox 1004 1478 1794 1519">
    <p class='ocr_par' dir='ltr' id='par_1_92' title="bbox 1004 1478 1794 1519">
     <span class='ocr_line' id='line_1_92' title="bbox 1004 1478 1794 1519; baseline 0.004 -11"><span class='ocrx_word' id='word_1_677' title='bbox 1004 1482 1051 1508; x_wconf 70' lang='grc' dir='ltr'>καὶ</span> <span class='ocrx_word' id='word_1_678' title='bbox 1069 1478 1150 1517; x_wconf 72' lang='grc' dir='ltr'>εὖρον</span> <span class='ocrx_word' id='word_1_679' title='bbox 1165 1483 1223 1509; x_wconf 77' lang='grc' dir='ltr'>ἐκεῖ</span> <span class='ocrx_word' id='word_1_680' title='bbox 1244 1482 1358 1517; x_wconf 80' lang='grc' dir='ltr'>ἀδελφὸν</span> <span class='ocrx_word' id='word_1_681' title='bbox 1376 1482 1487 1510; x_wconf 85' lang='grc' dir='ltr'>θέλοντα</span> <span class='ocrx_word' id='word_1_682' title='bbox 1501 1484 1612 1519; x_wconf 85' lang='grc' dir='ltr'>ποιῆσαι</span> <span class='ocrx_word' id='word_1_683' title='bbox 1627 1483 1735 1519; x_wconf 78' lang='grc' dir='ltr'>ἄρτους,</span> <span class='ocrx_word' id='word_1_684' title='bbox 1750 1485 1794 1511; x_wconf 82' lang='grc' dir='ltr'>καὶ</span> 
     </span>
    </p>
   </div>
   <div class='ocr_carea' id='block_1_93' title="bbox 1004 1525 1795 1565">
    <p class='ocr_par' dir='ltr' id='par_1_93' title="bbox 1004 1525 1795 1565">
     <span class='ocr_line' id='line_1_93' title="bbox 1004 1525 1795 1565; baseline 0.004 -12"><span class='ocrx_word' id='word_1_685' title='bbox 1004 1527 1055 1554; x_wconf 85' lang='grc' dir='ltr'>οὐκ</span> <span class='ocrx_word' id='word_1_686' title='bbox 1068 1525 1124 1563; x_wconf 76' lang='grc' dir='ltr'><strong>εἶχέ</strong></span> <span class='ocrx_word' id='word_1_687' title='bbox 1140 1536 1202 1555; x_wconf 86' lang='grc' dir='ltr'>τινα</span> <span class='ocrx_word' id='word_1_688' title='bbox 1214 1528 1306 1555; x_wconf 81' lang='grc' dir='ltr'>δοῦναι</span> <span class='ocrx_word' id='word_1_689' title='bbox 1321 1528 1396 1564; x_wconf 82' lang='grc' dir='ltr'>αὐτῷ</span> <span class='ocrx_word' id='word_1_690' title='bbox 1411 1530 1501 1565; x_wconf 87' lang='grc' dir='ltr'>χεῖρα.</span> <span class='ocrx_word' id='word_1_691' title='bbox 1523 1528 1593 1564; x_wconf 81' lang='grc' dir='ltr'>Ἐγὼ</span> <span class='ocrx_word' id='word_1_692' title='bbox 1611 1529 1640 1557; x_wconf 85' lang='grc' dir='ltr'><strong>δὲ</strong></span> <span class='ocrx_word' id='word_1_693' title='bbox 1656 1530 1750 1565; x_wconf 78' lang='grc' dir='ltr'>ἀφῆκα</span> <span class='ocrx_word' id='word_1_694' title='bbox 1764 1530 1795 1556; x_wconf 76' lang='grc' dir='ltr'><strong>τὰ</strong></span> 
     </span>
    </p>
   </div>
   <div class='ocr_carea' id='block_1_94' title="bbox 1003 1572 1798 1610">
    <p class='ocr_par' dir='ltr' id='par_1_94' title="bbox 1003 1572 1798 1610">
     <span class='ocr_line' id='line_1_94' title="bbox 1003 1572 1798 1610; baseline 0.003 -11"><span class='ocrx_word' id='word_1_695' title='bbox 1003 1572 1070 1608; x_wconf 76' lang='grc' dir='ltr'>ἐμὰ,</span> <span class='ocrx_word' id='word_1_696' title='bbox 1086 1574 1133 1600; x_wconf 80' lang='grc' dir='ltr'>καὶ</span> <span class='ocrx_word' id='word_1_697' title='bbox 1147 1573 1237 1600; x_wconf 74' lang='grc' dir='ltr'>ἔδωκα</span> <span class='ocrx_word' id='word_1_698' title='bbox 1249 1573 1324 1609; x_wconf 85' lang='grc' dir='ltr'><strong>αὺτῷ</strong></span> <span class='ocrx_word' id='word_1_699' title='bbox 1340 1575 1431 1610; x_wconf 86' lang='grc' dir='ltr'>χεῖρα.</span> <span class='ocrx_word' id='word_1_700' title='bbox 1455 1574 1498 1606; x_wconf 80' lang='grc' dir='ltr'><strong>Ὧς</strong></span> <span class='ocrx_word' id='word_1_701' title='bbox 1513 1573 1542 1600; x_wconf 72' lang='grc' dir='ltr'><strong>δὲ</strong></span> <span class='ocrx_word' id='word_1_702' title='bbox 1558 1574 1702 1610; x_wconf 72' lang='grc' dir='ltr'>ἐσχόλασα,</span> <span class='ocrx_word' id='word_1_703' title='bbox 1715 1572 1798 1610; x_wconf 79' lang='grc' dir='ltr'>ἦλθεν</span> 
     </span>
    </p>
   </div>
   <div class='ocr_carea' id='block_1_95' title="bbox 1003 1618 1799 1655">
    <p class='ocr_par' dir='ltr' id='par_1_95' title="bbox 1003 1618 1799 1655">
     <span class='ocr_line' id='line_1_95' title="bbox 1003 1618 1799 1655; baseline 0.001 -10"><span class='ocrx_word' id='word_1_704' title='bbox 1003 1618 1084 1651; x_wconf 77' lang='grc' dir='ltr'>ἄλλος</span> <span class='ocrx_word' id='word_1_705' title='bbox 1110 1619 1236 1654; x_wconf 74' lang='grc' dir='ltr'>ἀδελφὸς,</span> <span class='ocrx_word' id='word_1_706' title='bbox 1262 1619 1310 1646; x_wconf 77' lang='grc' dir='ltr'>καὶ</span> <span class='ocrx_word' id='word_1_707' title='bbox 1334 1619 1415 1646; x_wconf 81' lang='grc' dir='ltr'>πάλιν</span> <span class='ocrx_word' id='word_1_708' title='bbox 1437 1619 1525 1647; x_wconf 77' lang='grc' dir='ltr'>ἔδωκα</span> <span class='ocrx_word' id='word_1_709' title='bbox 1543 1619 1618 1655; x_wconf 79' lang='grc' dir='ltr'><strong>αὐτῷ</strong></span> <span class='ocrx_word' id='word_1_710' title='bbox 1637 1621 1727 1655; x_wconf 83' lang='grc' dir='ltr'>χεῖρα,</span> <span class='ocrx_word' id='word_1_711' title='bbox 1751 1620 1799 1646; x_wconf 80' lang='grc' dir='ltr'>καὶ</span> 
     </span>
    </p>
   </div>
   <div class='ocr_carea' id='block_1_96' title="bbox 1004 1663 1800 1701">
    <p class='ocr_par' dir='ltr' id='par_1_96' title="bbox 1004 1663 1800 1701">
     <span class='ocr_line' id='line_1_96' title="bbox 1004 1663 1800 1701; baseline 0.003 -11"><span class='ocrx_word' id='word_1_712' title='bbox 1004 1664 1121 1700; x_wconf 79' lang='grc' dir='ltr'>ἐποίησα</span> <span class='ocrx_word' id='word_1_713' title='bbox 1145 1664 1179 1692; x_wconf 83' lang='grc' dir='ltr'><strong>τὰ</strong></span> <span class='ocrx_word' id='word_1_714' title='bbox 1199 1665 1304 1700; x_wconf 82' lang='grc' dir='ltr'>ψωμία.</span> <span class='ocrx_word' id='word_1_715' title='bbox 1329 1665 1385 1691; x_wconf 89' lang='lat' dir='ltr'><strong>Kal</strong></span> <span class='ocrx_word' id='word_1_716' title='bbox 1413 1665 1496 1692; x_wconf 86' lang='grc' dir='ltr'>πάλιν</span> <span class='ocrx_word' id='word_1_717' title='bbox 1523 1665 1615 1701; x_wconf 84' lang='grc' dir='ltr'><strong>τρίτος</strong></span> <span class='ocrx_word' id='word_1_718' title='bbox 1638 1663 1725 1701; x_wconf 80' lang='grc' dir='ltr'>ἦλθε,</span> <span class='ocrx_word' id='word_1_719' title='bbox 1751 1665 1800 1692; x_wconf 75' lang='grc' dir='ltr'>καὶ</span> 
     </span>
    </p>
   </div>
   <div class='ocr_carea' id='block_1_97' title="bbox 1004 1710 1800 1747">
    <p class='ocr_par' dir='ltr' id='par_1_97' title="bbox 1004 1710 1800 1747">
     <span class='ocr_line' id='line_1_97' title="bbox 1004 1710 1800 1747; baseline 0.001 -10"><span class='ocrx_word' id='word_1_720' title='bbox 1004 1710 1119 1746; x_wconf 74' lang='grc' dir='ltr'>ἐποίησα</span> <span class='ocrx_word' id='word_1_721' title='bbox 1143 1711 1244 1746; x_wconf 84' lang='grc' dir='ltr'>ὁμοίως</span> <span class='ocrx_word' id='word_1_722' title='bbox 1255 1719 1262 1726; x_wconf 89' lang='grc'><strong>·</strong></span> <span class='ocrx_word' id='word_1_723' title='bbox 1281 1711 1329 1738; x_wconf 76' lang='grc' dir='ltr'>καὶ</span> <span class='ocrx_word' id='word_1_724' title='bbox 1341 1710 1428 1742; x_wconf 77' lang='grc' dir='ltr'><strong>οὕτως</strong></span> <span class='ocrx_word' id='word_1_725' title='bbox 1442 1711 1560 1738; x_wconf 73' lang='grc' dir='ltr'>ἕκαστον</span> <span class='ocrx_word' id='word_1_726' title='bbox 1574 1710 1629 1737; x_wconf 83' lang='grc' dir='ltr'><strong>τῶν</strong></span> <span class='ocrx_word' id='word_1_727' title='bbox 1643 1711 1800 1747; x_wconf 82' lang='grc' dir='ltr'><strong>ἐρχομένων</strong></span> 
     </span>
    </p>
   </div>
   <div class='ocr_carea' id='block_1_98' title="bbox 1004 1756 1800 1793">
    <p class='ocr_par' dir='ltr' id='par_1_98' title="bbox 1004 1756 1800 1793">
     <span class='ocr_line' id='line_1_98' title="bbox 1004 1756 1800 1793; baseline 0.001 -10"><span class='ocrx_word' id='word_1_728' title='bbox 1004 1756 1113 1783; x_wconf 73' lang='grc' dir='ltr'>ἐποίουν</span> <span class='ocrx_word' id='word_1_729' title='bbox 1123 1764 1130 1771; x_wconf 69' lang='grc' dir='ltr'><strong><em>ο</em></strong></span> <span class='ocrx_word' id='word_1_730' title='bbox 1144 1757 1192 1783; x_wconf 80' lang='grc' dir='ltr'>καὶ</span> <span class='ocrx_word' id='word_1_731' title='bbox 1206 1757 1323 1792; x_wconf 79' lang='grc' dir='ltr'>ἐποίησα</span> <span class='ocrx_word' id='word_1_732' title='bbox 1336 1757 1366 1789; x_wconf 83' lang='grc' dir='ltr'><strong>ἒξ</strong></span> <span class='ocrx_word' id='word_1_733' title='bbox 1381 1757 1481 1788; x_wconf 83' lang='grc' dir='ltr'><strong>σιτῐας.</strong></span> <span class='ocrx_word' id='word_1_734' title='bbox 1494 1757 1627 1793; x_wconf 83' lang='grc' dir='ltr'>Ὕστερον</span> <span class='ocrx_word' id='word_1_735' title='bbox 1643 1757 1671 1784; x_wconf 83' lang='grc' dir='ltr'>δὲ</span> <span class='ocrx_word' id='word_1_736' title='bbox 1684 1757 1800 1793; x_wconf 71' lang='grc' dir='ltr'>ἐποίησα</span> 
     </span>
    </p>
   </div>
   <div class='ocr_carea' id='block_1_99' title="bbox 1003 1802 1802 1840">
    <p class='ocr_par' dir='ltr' id='par_1_99' title="bbox 1003 1802 1802 1840">
     <span class='ocr_line' id='line_1_99' title="bbox 1003 1802 1802 1840; baseline 0.001 -11"><span class='ocrx_word' id='word_1_737' title='bbox 1003 1802 1054 1834; x_wconf 84' lang='grc' dir='ltr'><strong>τὰς</strong></span> <span class='ocrx_word' id='word_1_738' title='bbox 1075 1802 1122 1830; x_wconf 85' lang='grc' dir='ltr'><strong>δύο</strong></span> <span class='ocrx_word' id='word_1_739' title='bbox 1145 1802 1234 1835; x_wconf 83' lang='grc' dir='ltr'>σιτίας</span> <span class='ocrx_word' id='word_1_740' title='bbox 1259 1802 1309 1835; x_wconf 82' lang='grc' dir='ltr'><strong>τὰς</strong></span> <span class='ocrx_word' id='word_1_741' title='bbox 1333 1803 1422 1839; x_wconf 71' lang='grc' dir='ltr'>ἐμὰς,</span> <span class='ocrx_word' id='word_1_742' title='bbox 1447 1803 1623 1839; x_wconf 78' lang='grc' dir='ltr'><strong>ἁποσχόντων</strong></span> <span class='ocrx_word' id='word_1_743' title='bbox 1644 1803 1699 1831; x_wconf 80' lang='grc' dir='ltr'><strong>τῶν</strong></span> <span class='ocrx_word' id='word_1_744' title='bbox 1723 1805 1802 1840; x_wconf 74' lang='grc' dir='ltr'>ἔρχο-</span> 
     </span>
    </p>
   </div>
   <div class='ocr_carea' id='block_1_100' title="bbox 1006 1849 1106 1885">
    <p class='ocr_par' dir='ltr' id='par_1_100' title="bbox 1006 1849 1106 1885">
     <span class='ocr_line' id='line_1_100' title="bbox 1006 1849 1106 1885; baseline 0.01 -9"><span class='ocrx_word' id='word_1_745' title='bbox 1006 1849 1106 1885; x_wconf 82' lang='grc' dir='ltr'><strong>μένων.</strong></span> 
     </span>
    </p>
   </div>
   <div class='ocr_carea' id='block_1_101' title="bbox 1041 1894 1802 1932">
    <p class='ocr_par' dir='ltr' id='par_1_101' title="bbox 1041 1894 1802 1932">
     <span class='ocr_line' id='line_1_101' title="bbox 1041 1894 1802 1932; baseline 0.001 -10"><span class='ocrx_word' id='word_1_746' title='bbox 1041 1895 1074 1930; x_wconf 84' lang='grc' dir='ltr'><strong>β’.</strong></span> <span class='ocrx_word' id='word_1_747' title='bbox 1105 1894 1220 1930; x_wconf 87' lang='grc' dir='ltr'>Ἔλεγον</span> <span class='ocrx_word' id='word_1_748' title='bbox 1233 1895 1296 1931; x_wconf 77' lang='grc' dir='ltr'>περὶ</span> <span class='ocrx_word' id='word_1_749' title='bbox 1311 1895 1358 1922; x_wconf 80' lang='grc' dir='ltr'><strong>τοῦ</strong></span> <span class='ocrx_word' id='word_1_750' title='bbox 1375 1895 1448 1922; x_wconf 70' lang='lat' dir='ltr'><strong>asas</strong></span> <span class='ocrx_word' id='word_1_751' title='bbox 1459 1895 1597 1932; x_wconf 83' lang='grc' dir='ltr'>Θεοδώρου</span> <span class='ocrx_word' id='word_1_752' title='bbox 1612 1896 1716 1923; x_wconf 80' lang='grc' dir='ltr'>καὶτοῦ</span> <span class='ocrx_word' id='word_1_753' title='bbox 1728 1895 1802 1923; x_wconf 65' lang='grc' dir='ltr'>ἀϐϐι</span> 
     </span>
    </p>
   </div>
   <div class='ocr_carea' id='block_1_102' title="bbox 1005 1941 1801 1979">
    <p class='ocr_par' dir='ltr' id='par_1_102' title="bbox 1005 1941 1801 1979">
     <span class='ocr_line' id='line_1_102' title="bbox 1005 1941 1801 1979; baseline 0.003 -11"><span class='ocrx_word' id='word_1_754' title='bbox 1005 1941 1120 1969; x_wconf 81' lang='grc' dir='ltr'>Λουκίου</span> <span class='ocrx_word' id='word_1_755' title='bbox 1134 1941 1189 1969; x_wconf 86' lang='grc' dir='ltr'><strong>τῶν</strong></span> <span class='ocrx_word' id='word_1_756' title='bbox 1204 1942 1252 1969; x_wconf 81' lang='grc' dir='ltr'><strong>τοῦ</strong></span> <span class='ocrx_word' id='word_1_757' title='bbox 1270 1942 1408 1975; x_wconf 84' lang='grc' dir='ltr'>Ἐννάτου,</span> <span class='ocrx_word' id='word_1_758' title='bbox 1425 1943 1467 1970; x_wconf 81' lang='grc' dir='ltr'><strong>ὅτι</strong></span> <span class='ocrx_word' id='word_1_759' title='bbox 1484 1943 1616 1979; x_wconf 74' lang='grc' dir='ltr'>ἐποίησαν</span> <span class='ocrx_word' id='word_1_760' title='bbox 1632 1943 1801 1979; x_wconf 79' lang='grc' dir='ltr'>πεντήκοντα</span> 
     </span>
    </p>
   </div>
   <div class='ocr_carea' id='block_1_103' title="bbox 1007 2083 1799 2119">
    <p class='ocr_par' dir='ltr' id='par_1_103' title="bbox 1007 2083 1799 2119">
     <span class='ocr_line' id='line_1_103' title="bbox 1007 2083 1799 2119; baseline -0.001 -7"><span class='ocrx_word' id='word_1_761' title='bbox 1007 2084 1138 2112; x_wconf 87' lang='lat' dir='ltr'><strong>civitatis.</strong></span> <span class='ocrx_word' id='word_1_762' title='bbox 1154 2083 1257 2112; x_wconf 65' lang='lat' dir='ltr'><strong>Praeter</strong></span> <span class='ocrx_word' id='word_1_763' title='bbox 1270 2083 1413 2112; x_wconf 75' lang='lat' dir='ltr'><strong>Joannem</strong></span> <span class='ocrx_word' id='word_1_764' title='bbox 1423 2083 1566 2113; x_wconf 86' lang='lat' dir='ltr'><strong>Moschum</strong></span> <span class='ocrx_word' id='word_1_765' title='bbox 1581 2091 1642 2119; x_wconf 87' lang='lat' dir='ltr'><strong>cap.</strong></span> <span class='ocrx_word' id='word_1_766' title='bbox 1663 2083 1724 2117; x_wconf 78' lang='lat' dir='ltr'><strong>H5,</strong></span> <span class='ocrx_word' id='word_1_767' title='bbox 1738 2084 1799 2115; x_wconf 78' lang='grc' dir='ltr'><strong>ΓΠ.</strong></span> 
     </span>
    </p>
   </div>
   <div class='ocr_carea' id='block_1_104' title="bbox 1007 2119 1802 2154">
    <p class='ocr_par' dir='ltr' id='par_1_104' title="bbox 1007 2119 1802 2154">
     <span class='ocr_line' id='line_1_104' title="bbox 1007 2119 1802 2154; baseline 0 -8"><span class='ocrx_word' id='word_1_768' title='bbox 1007 2120 1069 2152; x_wconf 70' lang='grc'><strong>184,</strong></span> <span class='ocrx_word' id='word_1_769' title='bbox 1091 2119 1221 2148; x_wconf 87' lang='lat' dir='ltr'><strong>Leontius</strong></span> <span class='ocrx_word' id='word_1_770' title='bbox 1240 2120 1280 2147; x_wconf 86' lang='lat' dir='ltr'><strong>De</strong></span> <span class='ocrx_word' id='word_1_771' title='bbox 1298 2121 1385 2151; x_wconf 76' lang='lat' dir='ltr'><strong>sectis.</strong></span> <span class='ocrx_word' id='word_1_772' title='bbox 1403 2121 1511 2148; x_wconf 86' lang='lat' dir='ltr'><strong>actione</strong></span> <span class='ocrx_word' id='word_1_773' title='bbox 1525 2121 1562 2147; x_wconf 87' lang='lat'><strong>5:</strong></span> <span class='ocrx_word' id='word_1_774' title='bbox 1578 2119 1708 2154; x_wconf 79' lang='grc' dir='ltr'>Φοϐηθεὶς</span> <span class='ocrx_word' id='word_1_775' title='bbox 1722 2120 1736 2145; x_wconf 88' lang='lat'><strong>6</strong></span> <span class='ocrx_word' id='word_1_776' title='bbox 1755 2120 1802 2146; x_wconf 89' lang='grc' dir='ltr'><strong>Σε-</strong></span> 
     </span>
    </p>
   </div>
   <div class='ocr_carea' id='block_1_105' title="bbox 1007 2153 1802 2191">
    <p class='ocr_par' dir='ltr' id='par_1_105' title="bbox 1007 2153 1802 2191">
     <span class='ocr_line' id='line_1_105' title="bbox 1007 2153 1802 2191; baseline -0.001 -9"><span class='ocrx_word' id='word_1_777' title='bbox 1007 2155 1102 2191; x_wconf 80' lang='grc' dir='ltr'>ϐἦρος,</span> <span class='ocrx_word' id='word_1_778' title='bbox 1125 2155 1222 2190; x_wconf 81' lang='grc' dir='ltr'>φεύγει</span> <span class='ocrx_word' id='word_1_779' title='bbox 1245 2157 1286 2187; x_wconf 84' lang='grc' dir='ltr'><strong>εἰς</strong></span> <span class='ocrx_word' id='word_1_780' title='bbox 1305 2155 1521 2190; x_wconf 79' lang='grc' dir='ltr'>Ἀλεξάνδρειαν,</span> <span class='ocrx_word' id='word_1_781' title='bbox 1539 2155 1619 2191; x_wconf 20' lang='grc' dir='ltr'>ἔχωνῗ</span> <span class='ocrx_word' id='word_1_782' title='bbox 1632 2153 1694 2191; x_wconf 72' lang='grc' dir='ltr'><strong>μεθ;</strong></span> <span class='ocrx_word' id='word_1_783' title='bbox 1705 2153 1802 2191; x_wconf 64' lang='lat' dir='ltr'><strong>tau-r96</strong></span> 
     </span>
    </p>
   </div>
   <div class='ocr_carea' id='block_1_106' title="bbox 1014 2187 1804 2226">
    <p class='ocr_par' dir='ltr' id='par_1_106' title="bbox 1014 2187 1804 2226">
     <span class='ocr_line' id='line_1_106' title="bbox 1014 2187 1804 2226; baseline -0.003 -8"><span class='ocrx_word' id='word_1_784' title='bbox 1014 2187 1156 2218; x_wconf 76' lang='grc' dir='ltr'>ἰὄυλιανὸν</span> <span class='ocrx_word' id='word_1_785' title='bbox 1180 2187 1240 2218; x_wconf 51' lang='lat' dir='ltr'><strong>slva.</strong></span> <span class='ocrx_word' id='word_1_786' title='bbox 1260 2191 1409 2218; x_wconf 75' lang='grc' dir='ltr'>ἐπίσκοπον</span> <span class='ocrx_word' id='word_1_787' title='bbox 1430 2187 1642 2226; x_wconf 22' lang='grc' dir='ltr'>Ἂλικαρνατοῖῦί</span> <span class='ocrx_word' id='word_1_788' title='bbox 1666 2187 1739 2217; x_wconf 71' lang='grc' dir='ltr'>οὗτοι</span> <span class='ocrx_word' id='word_1_789' title='bbox 1760 2190 1804 2216; x_wconf 77' lang='grc' dir='ltr'><strong>ὲλ-</strong></span> 
     </span>
    </p>
   </div>
   <div class='ocr_carea' id='block_1_107' title="bbox 1008 2225 1804 2259">
    <p class='ocr_par' dir='ltr' id='par_1_107' title="bbox 1008 2225 1804 2259">
     <span class='ocr_line' id='line_1_107' title="bbox 1008 2225 1804 2259; baseline 0 -7"><span class='ocrx_word' id='word_1_790' title='bbox 1008 2225 1109 2258; x_wconf 86' lang='grc' dir='ltr'>θόντες,</span> <span class='ocrx_word' id='word_1_791' title='bbox 1126 2225 1287 2259; x_wconf 73' lang='grc' dir='ltr'>ἐκαθέζοντο</span> <span class='ocrx_word' id='word_1_792' title='bbox 1310 2227 1350 2258; x_wconf 79' lang='grc' dir='ltr'><strong>είς</strong></span> <span class='ocrx_word' id='word_1_793' title='bbox 1373 2226 1404 2252; x_wconf 84' lang='grc' dir='ltr'><strong>τὸ</strong></span> <span class='ocrx_word' id='word_1_794' title='bbox 1424 2225 1564 2253; x_wconf 73' lang='grc' dir='ltr'>Ἔννατον.</span> <span class='ocrx_word' id='word_1_795' title='bbox 1597 2225 1707 2252; x_wconf 71' lang='lat' dir='ltr'><strong>Severus</strong></span> <span class='ocrx_word' id='word_1_796' title='bbox 1733 2231 1804 2252; x_wconf 88' lang='lat' dir='ltr'><strong>metu</strong></span> 
     </span>
    </p>
   </div>
   <div class='ocr_carea' id='block_1_108' title="bbox 1005 2260 1804 2296">
    <p class='ocr_par' dir='ltr' id='par_1_108' title="bbox 1005 2260 1804 2296">
     <span class='ocr_line' id='line_1_108' title="bbox 1005 2260 1804 2296; baseline -0.003 -8"><span class='ocrx_word' id='word_1_797' title='bbox 1005 2261 1150 2296; x_wconf 65' lang='lat' dir='ltr'><strong>impulsus,</strong></span> <span class='ocrx_word' id='word_1_798' title='bbox 1165 2261 1356 2288; x_wconf 68' lang='lat' dir='ltr'><strong>Alexandriam</strong></span> <span class='ocrx_word' id='word_1_799' title='bbox 1368 2261 1495 2296; x_wconf 64' lang='lat' dir='ltr'><strong>profugit,</strong></span> <span class='ocrx_word' id='word_1_800' title='bbox 1510 2260 1649 2287; x_wconf 78' lang='lat' dir='ltr'><strong>lulianum</strong></span> <span class='ocrx_word' id='word_1_801' title='bbox 1664 2260 1804 2296; x_wconf 75' lang='lat' dir='ltr'><strong>quemdam</strong></span> 
     </span>
    </p>
   </div>
   <div class='ocr_carea' id='block_1_109' title="bbox 1007 2295 1806 2331">
    <p class='ocr_par' dir='ltr' id='par_1_109' title="bbox 1007 2295 1806 2331">
     <span class='ocr_line' id='line_1_109' title="bbox 1007 2295 1806 2331; baseline -0.001 -8"><span class='ocrx_word' id='word_1_802' title='bbox 1007 2295 1282 2330; x_wconf 70' lang='lat' dir='ltr'><strong>llalicarnauensem,</strong></span> <span class='ocrx_word' id='word_1_803' title='bbox 1296 2295 1547 2331; x_wconf 20' lang='lat' dir='ltr'><strong>episcopumisecum</strong></span> <span class='ocrx_word' id='word_1_804' title='bbox 1560 2296 1668 2323; x_wconf 66' lang='lat' dir='ltr'><strong>habent.</strong></span> <span class='ocrx_word' id='word_1_805' title='bbox 1686 2295 1723 2322; x_wconf 82' lang='lat' dir='ltr'><strong>Hi</strong></span> <span class='ocrx_word' id='word_1_806' title='bbox 1736 2300 1806 2329; x_wconf 75' lang='lat' dir='ltr'><strong>post-</strong></span> 
     </span>
    </p>
   </div>
   <div class='ocr_carea' id='block_1_110' title="bbox 1006 2330 1803 2367">
    <p class='ocr_par' dir='ltr' id='par_1_110' title="bbox 1006 2330 1803 2367">
     <span class='ocr_line' id='line_1_110' title="bbox 1006 2330 1803 2367; baseline -0.001 -8"><span class='ocrx_word' id='word_1_807' title='bbox 1006 2340 1154 2367; x_wconf 82' lang='lat' dir='ltr'><strong>eaquameo</strong></span> <span class='ocrx_word' id='word_1_808' title='bbox 1163 2333 1302 2363; x_wconf 80' lang='lat' dir='ltr'><strong>venissent,</strong></span> <span class='ocrx_word' id='word_1_809' title='bbox 1310 2330 1441 2359; x_wconf 55' lang='lat' dir='ltr'><strong>sedebant</strong></span> <span class='ocrx_word' id='word_1_810' title='bbox 1456 2332 1491 2358; x_wconf 88' lang='lat' dir='ltr'><strong>ad</strong></span> <span class='ocrx_word' id='word_1_811' title='bbox 1507 2330 1654 2367; x_wconf 79' lang='lat' dir='ltr'><strong>Ennatum.</strong></span> <span class='ocrx_word' id='word_1_812' title='bbox 1671 2331 1712 2358; x_wconf 82' lang='lat' dir='ltr'><strong>Ad</strong></span> <span class='ocrx_word' id='word_1_813' title='bbox 1722 2339 1803 2365; x_wconf 89' lang='lat' dir='ltr'><strong>quem</strong></span> 
     </span>
    </p>
   </div>
   <div class='ocr_carea' id='block_1_111' title="bbox 1008 2366 1804 2395">
    <p class='ocr_par' dir='ltr' id='par_1_111' title="bbox 1008 2366 1804 2395">
     <span class='ocr_line' id='line_1_111' title="bbox 1008 2366 1804 2395; baseline -0.004 0"><span class='ocrx_word' id='word_1_814' title='bbox 1008 2366 1098 2395; x_wconf 85' lang='lat' dir='ltr'><strong>locum</strong></span> <span class='ocrx_word' id='word_1_815' title='bbox 1119 2367 1262 2395; x_wconf 87' lang='lat' dir='ltr'><strong>observari</strong></span> <span class='ocrx_word' id='word_1_816' title='bbox 1280 2367 1361 2395; x_wconf 85' lang='lat' dir='ltr'><strong>debet</strong></span> <span class='ocrx_word' id='word_1_817' title='bbox 1379 2367 1497 2394; x_wconf 81' lang='lat' dir='ltr'><strong>varietas</strong></span> <span class='ocrx_word' id='word_1_818' title='bbox 1513 2375 1544 2393; x_wconf 80' lang='lat' dir='ltr'><strong>ex</strong></span> <span class='ocrx_word' id='word_1_819' title='bbox 1566 2366 1677 2393; x_wconf 81' lang='lat' dir='ltr'><strong>Scholia</strong></span> <span class='ocrx_word' id='word_1_820' title='bbox 1688 2366 1804 2393; x_wconf 83' lang='lat' dir='ltr'><strong>Anasta-</strong></span> 
     </span>
    </p>
   </div>
   <div class='ocr_carea' id='block_1_112' title="bbox 1009 2401 1804 2438">
    <p class='ocr_par' dir='ltr' id='par_1_112' title="bbox 1009 2401 1804 2438">
     <span class='ocr_line' id='line_1_112' title="bbox 1009 2401 1804 2438; baseline -0.004 -8"><span class='ocrx_word' id='word_1_821' title='bbox 1009 2403 1078 2430; x_wconf 86' lang='lat' dir='ltr'><strong>siani</strong></span> <span class='ocrx_word' id='word_1_822' title='bbox 1101 2402 1213 2437; x_wconf 78' lang='lat' dir='ltr'><strong>ﬂodegi,</strong></span> <span class='ocrx_word' id='word_1_823' title='bbox 1229 2410 1290 2438; x_wconf 87' lang='lat' dir='ltr'><strong>cap.</strong></span> <span class='ocrx_word' id='word_1_824' title='bbox 1307 2403 1353 2434; x_wconf 74' lang='lat'><strong>2‘2,</strong></span> <span class='ocrx_word' id='word_1_825' title='bbox 1369 2410 1396 2438; x_wconf 89' lang='lat' dir='ltr'><strong>p.</strong></span> <span class='ocrx_word' id='word_1_826' title='bbox 1408 2402 1460 2429; x_wconf 72' lang='grc'><strong>546</strong></span> <span class='ocrx_word' id='word_1_827' title='bbox 1473 2411 1479 2429; x_wconf 88' lang='lat'><strong>:</strong></span> <span class='ocrx_word' id='word_1_828' title='bbox 1495 2401 1675 2438; x_wconf 34' lang='grc' dir='ltr'>Σευῆροςηκαὶ</span> <span class='ocrx_word' id='word_1_829' title='bbox 1691 2401 1804 2433; x_wconf 82' lang='grc' dir='ltr'>Γαῖανδς</span> 
     </span>
    </p>
   </div>
   <div class='ocr_carea' id='block_1_113' title="bbox 1008 2437 1804 2474">
    <p class='ocr_par' dir='ltr' id='par_1_113' title="bbox 1008 2437 1804 2474">
     <span class='ocr_line' id='line_1_113' title="bbox 1008 2437 1804 2474; baseline -0.003 -9"><span class='ocrx_word' id='word_1_830' title='bbox 1008 2439 1159 2474; x_wconf 80' lang='grc' dir='ltr'>ὁμόφρονες</span> <span class='ocrx_word' id='word_1_831' title='bbox 1178 2438 1210 2465; x_wconf 81' lang='grc' dir='ltr'><strong>τὸ</strong></span> <span class='ocrx_word' id='word_1_832' title='bbox 1223 2437 1293 2474; x_wconf 66' lang='grc' dir='ltr'>πρὶν</span> <span class='ocrx_word' id='word_1_833' title='bbox 1309 2437 1466 2474; x_wconf 67' lang='grc' dir='ltr'>ἐτύγχανον,</span> <span class='ocrx_word' id='word_1_834' title='bbox 1487 2437 1533 2474; x_wconf 70' lang='grc' dir='ltr'>καὶ</span> <span class='ocrx_word' id='word_1_835' title='bbox 1548 2438 1577 2474; x_wconf 57' lang='grc' dir='ltr'><strong>εν</strong></span> <span class='ocrx_word' id='word_1_836' title='bbox 1595 2437 1635 2474; x_wconf 70' lang='grc' dir='ltr'><strong>-ςῷ</strong></span> <span class='ocrx_word' id='word_1_837' title='bbox 1653 2437 1712 2474; x_wconf 60' lang='lat' dir='ltr'><strong>atra</strong></span> <span class='ocrx_word' id='word_1_838' title='bbox 1727 2437 1759 2474; x_wconf 57' lang='grc' dir='ltr'><strong>(ί.</strong></span> <span class='ocrx_word' id='word_1_839' title='bbox 1776 2437 1804 2463; x_wconf 77' lang='grc' dir='ltr'><strong>ὲν</strong></span> 
     </span>
    </p>
   </div>
   <div class='ocr_carea' id='block_1_114' title="bbox 1009 2472 1803 2509">
    <p class='ocr_par' dir='ltr' id='par_1_114' title="bbox 1009 2472 1803 2509">
     <span class='ocr_line' id='line_1_114' title="bbox 1009 2472 1803 2509; baseline -0.003 -9"><span class='ocrx_word' id='word_1_840' title='bbox 1009 2473 1048 2508; x_wconf 84' lang='grc' dir='ltr'><strong>τῷ</strong></span> <span class='ocrx_word' id='word_1_841' title='bbox 1058 2472 1148 2508; x_wconf 71' lang='lat' dir='ltr'><strong>vacat)</strong></span> <span class='ocrx_word' id='word_1_842' title='bbox 1157 2474 1186 2500; x_wconf 80' lang='grc' dir='ltr'><strong>ὲν</strong></span> <span class='ocrx_word' id='word_1_843' title='bbox 1194 2473 1233 2509; x_wconf 66' lang='grc' dir='ltr'>Ῑῷ</span> <span class='ocrx_word' id='word_1_844' title='bbox 1252 2472 1475 2508; x_wconf 72' lang='grc' dir='ltr'>ὖκτοκαιδεκάτῳ</span> <span class='ocrx_word' id='word_1_845' title='bbox 1486 2472 1803 2509; x_wconf 11' lang='grc' dir='ltr'>Ἀλεξανδρείαςῠδιῆγον.</span> 
     </span>
    </p>
   </div>
   <div class='ocr_carea' id='block_1_115' title="bbox 1011 2507 1805 2542">
    <p class='ocr_par' dir='ltr' id='par_1_115' title="bbox 1011 2507 1805 2542">
     <span class='ocr_line' id='line_1_115' title="bbox 1011 2507 1805 2542; baseline -0.003 -6"><span class='ocrx_word' id='word_1_846' title='bbox 1011 2507 1120 2536; x_wconf 75' lang='lat' dir='ltr'><strong>severus</strong></span> <span class='ocrx_word' id='word_1_847' title='bbox 1140 2514 1165 2536; x_wconf 87' lang='lat' dir='ltr'><strong>et</strong></span> <span class='ocrx_word' id='word_1_848' title='bbox 1187 2507 1306 2536; x_wconf 79' lang='lat' dir='ltr'><strong>Gaianus</strong></span> <span class='ocrx_word' id='word_1_849' title='bbox 1321 2509 1399 2536; x_wconf 76' lang='lat' dir='ltr'><strong>initio</strong></span> <span class='ocrx_word' id='word_1_850' title='bbox 1414 2507 1556 2535; x_wconf 68' lang='lat' dir='ltr'><strong>concordes</strong></span> <span class='ocrx_word' id='word_1_851' title='bbox 1573 2507 1661 2539; x_wconf 82' lang='lat' dir='ltr'><strong>erant,</strong></span> <span class='ocrx_word' id='word_1_852' title='bbox 1673 2507 1805 2542; x_wconf 78' lang='lat' dir='ltr'><strong>ejusdem-</strong></span> 
     </span>
    </p>
   </div>
   <div class='ocr_carea' id='block_1_116' title="bbox 1010 2542 1806 2580">
    <p class='ocr_par' dir='ltr' id='par_1_116' title="bbox 1010 2542 1806 2580">
     <span class='ocr_line' id='line_1_116' title="bbox 1010 2542 1806 2580; baseline -0.001 -10"><span class='ocrx_word' id='word_1_853' title='bbox 1010 2552 1060 2580; x_wconf 82' lang='lat' dir='ltr'><strong>que</strong></span> <span class='ocrx_word' id='word_1_854' title='bbox 1074 2544 1210 2580; x_wconf 73' lang='lat' dir='ltr'><strong>sententia:</strong></span> <span class='ocrx_word' id='word_1_855' title='bbox 1220 2552 1232 2580; x_wconf 46' lang='lat'><strong>,1</strong></span> <span class='ocrx_word' id='word_1_856' title='bbox 1243 2550 1267 2571; x_wconf 83' lang='lat' dir='ltr'><strong>et</strong></span> <span class='ocrx_word' id='word_1_857' title='bbox 1281 2544 1398 2580; x_wconf 68' lang='lat' dir='ltr'><strong>simutin</strong></span> <span class='ocrx_word' id='word_1_858' title='bbox 1412 2543 1521 2570; x_wconf 84' lang='lat' dir='ltr'><strong>Decimo</strong></span> <span class='ocrx_word' id='word_1_859' title='bbox 1530 2549 1624 2580; x_wconf 69' lang='lat' dir='ltr'><strong>pelago</strong></span> <span class='ocrx_word' id='word_1_860' title='bbox 1631 2542 1806 2580; x_wconf 63' lang='lat' dir='ltr'><strong>Alexandria</strong></span> 
     </span>
    </p>
   </div>
   <div class='ocr_carea' id='block_1_117' title="bbox 1011 2577 1802 2614">
    <p class='ocr_par' dir='ltr' id='par_1_117' title="bbox 1011 2577 1802 2614">
     <span class='ocr_line' id='line_1_117' title="bbox 1011 2577 1802 2614; baseline -0.001 -9"><span class='ocrx_word' id='word_1_861' title='bbox 1011 2577 1148 2614; x_wconf 67' lang='lat' dir='ltr'><strong>degebant.</strong></span> <span class='ocrx_word' id='word_1_862' title='bbox 1165 2579 1236 2612; x_wconf 88' lang='lat' dir='ltr'><strong>Quid</strong></span> <span class='ocrx_word' id='word_1_863' title='bbox 1257 2587 1322 2607; x_wconf 90' lang='lat' dir='ltr'><strong>vero</strong></span> <span class='ocrx_word' id='word_1_864' title='bbox 1335 2579 1389 2606; x_wconf 89' lang='lat' dir='ltr'><strong>sibi</strong></span> <span class='ocrx_word' id='word_1_865' title='bbox 1413 2580 1511 2606; x_wconf 89' lang='lat' dir='ltr'><strong>volunt</strong></span> <span class='ocrx_word' id='word_1_866' title='bbox 1529 2578 1582 2605; x_wconf 88' lang='lat' dir='ltr'><strong>ista</strong></span> <span class='ocrx_word' id='word_1_867' title='bbox 1597 2577 1718 2605; x_wconf 86' lang='lat' dir='ltr'><strong>Liberati</strong></span> <span class='ocrx_word' id='word_1_868' title='bbox 1743 2585 1802 2614; x_wconf 86' lang='lat' dir='ltr'><strong>cap.</strong></span> 
     </span>
    </p>
   </div>
   <div class='ocr_carea' id='block_1_118' title="bbox 1012 2613 1804 2648">
    <p class='ocr_par' dir='ltr' id='par_1_118' title="bbox 1012 2613 1804 2648">
     <span class='ocr_line' id='line_1_118' title="bbox 1012 2613 1804 2648; baseline -0.004 -6"><span class='ocrx_word' id='word_1_869' title='bbox 1012 2613 1067 2643; x_wconf 24' lang='lat'><strong>19’:</strong></span> <span class='ocrx_word' id='word_1_870' title='bbox 1088 2614 1127 2642; x_wconf 85' lang='lat' dir='ltr'><strong>Eo</strong></span> <span class='ocrx_word' id='word_1_871' title='bbox 1152 2620 1265 2648; x_wconf 84' lang='lat' dir='ltr'><strong>tempore</strong></span> <span class='ocrx_word' id='word_1_872' title='bbox 1288 2614 1471 2646; x_wconf 59' lang='lat' dir='ltr'><strong>Alexandria,</strong></span> <span class='ocrx_word' id='word_1_873' title='bbox 1487 2618 1591 2641; x_wconf 86' lang='lat' dir='ltr'><strong>mortuo</strong></span> <span class='ocrx_word' id='word_1_874' title='bbox 1614 2614 1739 2641; x_wconf 73' lang='lat' dir='ltr'><strong>Ilioscoro</strong></span> <span class='ocrx_word' id='word_1_875' title='bbox 1760 2613 1804 2647; x_wconf 82' lang='lat' dir='ltr'><strong>ju-</strong></span> 
     </span>
    </p>
   </div>
   <div class='ocr_carea' id='block_1_119' title="bbox 1013 2649 1805 2684">
    <p class='ocr_par' dir='ltr' id='par_1_119' title="bbox 1013 2649 1805 2684">
     <span class='ocr_line' id='line_1_119' title="bbox 1013 2649 1805 2684; baseline -0.004 -7"><span class='ocrx_word' id='word_1_876' title='bbox 1013 2651 1096 2682; x_wconf 80' lang='lat' dir='ltr'><strong>niore.</strong></span> <span class='ocrx_word' id='word_1_877' title='bbox 1118 2650 1270 2677; x_wconf 77' lang='lat' dir='ltr'><strong>Timotheus</strong></span> <span class='ocrx_word' id='word_1_878' title='bbox 1292 2650 1409 2677; x_wconf 67' lang='lat' dir='ltr'><strong>ecclesia:</strong></span> <span class='ocrx_word' id='word_1_879' title='bbox 1429 2649 1512 2684; x_wconf 77' lang='lat' dir='ltr'><strong>ipsius</strong></span> <span class='ocrx_word' id='word_1_880' title='bbox 1539 2653 1689 2684; x_wconf 68' lang='lat' dir='ltr'><strong>susceperat</strong></span> <span class='ocrx_word' id='word_1_881' title='bbox 1710 2649 1805 2682; x_wconf 76' lang='lat' dir='ltr'><strong>episco-</strong></span> 
     </span>
    </p>
   </div>
   <div class='ocr_carea' id='block_1_120' title="bbox 1012 2683 1804 2748">
    <p class='ocr_par' dir='ltr' id='par_1_120' title="bbox 1012 2683 1804 2748">
     <span class='ocr_line' id='line_1_120' title="bbox 1012 2683 1803 2720; baseline -0.004 -8"><span class='ocrx_word' id='word_1_882' title='bbox 1012 2691 1121 2720; x_wconf 85' lang='lat' dir='ltr'><strong>patum;</strong></span> <span class='ocrx_word' id='word_1_883' title='bbox 1136 2694 1152 2713; x_wconf 88' lang='lat' dir='ltr'><strong>a</strong></span> <span class='ocrx_word' id='word_1_884' title='bbox 1163 2694 1214 2720; x_wconf 86' lang='lat' dir='ltr'><strong>quo</strong></span> <span class='ocrx_word' id='word_1_885' title='bbox 1225 2686 1377 2720; x_wconf 70' lang='lat' dir='ltr'><strong>gratissime</strong></span> <span class='ocrx_word' id='word_1_886' title='bbox 1385 2683 1501 2720; x_wconf 68' lang='lat' dir='ltr'><strong>suaeepti</strong></span> <span class='ocrx_word' id='word_1_887' title='bbox 1515 2684 1624 2712; x_wconf 69' lang='lat' dir='ltr'><strong>Severus</strong></span> <span class='ocrx_word' id='word_1_888' title='bbox 1637 2683 1803 2714; x_wconf 77' lang='lat' dir='ltr'><strong>etJulianus.</strong></span> 
     </span>
     <span class='ocr_line' id='line_1_121' title="bbox 1013 2718 1804 2748; baseline -0.005 0"><span class='ocrx_word' id='word_1_889' title='bbox 1013 2720 1138 2748; x_wconf 76' lang='lat' dir='ltr'><strong>sedebant</strong></span> <span class='ocrx_word' id='word_1_890' title='bbox 1153 2722 1186 2747; x_wconf 86' lang='lat' dir='ltr'><strong>ad</strong></span> <span class='ocrx_word' id='word_1_891' title='bbox 1200 2721 1316 2748; x_wconf 87' lang='lat' dir='ltr'><strong>laborem</strong></span> <span class='ocrx_word' id='word_1_892' title='bbox 1328 2724 1375 2747; x_wconf 91' lang='lat' dir='ltr'><strong>aut</strong></span> <span class='ocrx_word' id='word_1_893' title='bbox 1390 2720 1541 2748; x_wconf 85' lang='lat' dir='ltr'><strong>labranum.</strong></span> <span class='ocrx_word' id='word_1_894' title='bbox 1555 2720 1700 2748; x_wconf 85' lang='lat' dir='ltr'><strong>labronem.</strong></span> <span class='ocrx_word' id='word_1_895' title='bbox 1717 2718 1804 2745; x_wconf 86' lang='lat' dir='ltr'><strong>labra-</strong></span> 
     </span>
    </p>
   </div>
   <div class='ocr_carea' id='block_1_121' title="bbox 1014 2739 1803 2790">
    <p class='ocr_par' dir='ltr' id='par_1_121' title="bbox 1014 2739 1803 2790">
     <span class='ocr_line' id='line_1_122' title="bbox 1014 2739 1803 2790; baseline -0.004 -7"><span class='ocrx_word' id='word_1_896' title='bbox 1014 2757 1088 2784; x_wconf 74' lang='grc' dir='ltr'>ιιοηῖ</span> <span class='ocrx_word' id='word_1_897' title='bbox 1101 2755 1299 2790; x_wconf 78' lang='lat' dir='ltr'><strong>Conjiciebam,</strong></span> <span class='ocrx_word' id='word_1_898' title='bbox 1315 2756 1420 2782; x_wconf 79' lang='lat' dir='ltr'><strong>labrum</strong></span> <span class='ocrx_word' id='word_1_899' title='bbox 1434 2756 1486 2783; x_wconf 88' lang='lat' dir='ltr'><strong>hoc</strong></span> <span class='ocrx_word' id='word_1_900' title='bbox 1506 2741 1548 2783; x_wconf 64' lang='lat' dir='ltr'><strong>esl</strong></span> <span class='ocrx_word' id='word_1_901' title='bbox 1564 2755 1670 2782; x_wconf 84' lang='lat' dir='ltr'><strong>laurum</strong></span> <span class='ocrx_word' id='word_1_902' title='bbox 1687 2739 1803 2790; x_wconf 73' lang='lat' dir='ltr'><strong>ll’onum,</strong></span> 
     </span>
    </p>
   </div>
   <div class='ocr_carea' id='block_1_122' title="bbox 1014 2789 1804 2824">
    <p class='ocr_par' dir='ltr' id='par_1_122' title="bbox 1014 2789 1804 2824">
     <span class='ocr_line' id='line_1_123' title="bbox 1014 2789 1804 2824; baseline -0.004 -6"><span class='ocrx_word' id='word_1_903' title='bbox 1014 2792 1057 2818; x_wconf 91' lang='lat' dir='ltr'><strong>vel</strong></span> <span class='ocrx_word' id='word_1_904' title='bbox 1084 2799 1138 2818; x_wconf 88' lang='lat' dir='ltr'><strong>una</strong></span> <span class='ocrx_word' id='word_1_905' title='bbox 1155 2789 1231 2824; x_wconf 87' lang='lat' dir='ltr'><strong>voce,</strong></span> <span class='ocrx_word' id='word_1_906' title='bbox 1258 2791 1446 2818; x_wconf 88' lang='lat' dir='ltr'><strong>labranonum.</strong></span> <span class='ocrx_word' id='word_1_907' title='bbox 1471 2790 1607 2818; x_wconf 68' lang='lat' dir='ltr'><strong>Caeterum</strong></span> <span class='ocrx_word' id='word_1_908' title='bbox 1630 2790 1731 2817; x_wconf 88' lang='lat' dir='ltr'><strong>nollem</strong></span> <span class='ocrx_word' id='word_1_909' title='bbox 1756 2789 1804 2816; x_wconf 70' lang='lat' dir='ltr'><strong>hoc</strong></span> 
     </span>
    </p>
   </div>
   <div class='ocr_carea' id='block_1_123' title="bbox 1015 2824 1807 2860">
    <p class='ocr_par' dir='ltr' id='par_1_123' title="bbox 1015 2824 1807 2860">
     <span class='ocr_line' id='line_1_124' title="bbox 1015 2824 1807 2860; baseline -0.005 -6"><span class='ocrx_word' id='word_1_910' title='bbox 1015 2826 1151 2854; x_wconf 83' lang='lat' dir='ltr'><strong>Ennatum</strong></span> <span class='ocrx_word' id='word_1_911' title='bbox 1166 2834 1181 2853; x_wconf 90' lang='lat' dir='ltr'><strong>a</strong></span> <span class='ocrx_word' id='word_1_912' title='bbox 1195 2826 1262 2854; x_wconf 87' lang='lat' dir='ltr'><strong>viris</strong></span> <span class='ocrx_word' id='word_1_913' title='bbox 1277 2826 1366 2854; x_wconf 90' lang='lat' dir='ltr'><strong>doctis</strong></span> <span class='ocrx_word' id='word_1_914' title='bbox 1375 2825 1522 2854; x_wconf 80' lang='lat' dir='ltr'><strong>confusum</strong></span> <span class='ocrx_word' id='word_1_915' title='bbox 1535 2826 1620 2854; x_wconf 86' lang='lat' dir='ltr'><strong>fuisse</strong></span> <span class='ocrx_word' id='word_1_916' title='bbox 1643 2833 1704 2852; x_wconf 90' lang='lat' dir='ltr'><strong>cum</strong></span> <span class='ocrx_word' id='word_1_917' title='bbox 1721 2824 1807 2860; x_wconf 73' lang='grc' dir='ltr'>ἐνάτῳ</span> 
     </span>
    </p>
   </div>
   <div class='ocr_carea' id='block_1_124' title="bbox 1016 2859 1772 2899">
    <p class='ocr_par' dir='ltr' id='par_1_124' title="bbox 1016 2859 1772 2899">
     <span class='ocr_line' id='line_1_125' title="bbox 1016 2859 1772 2899; baseline -0.001 -10"><span class='ocrx_word' id='word_1_918' title='bbox 1016 2862 1123 2899; x_wconf 81' lang='grc' dir='ltr'>σημείῳ</span> <span class='ocrx_word' id='word_1_919' title='bbox 1137 2861 1351 2898; x_wconf 74' lang='grc' dir='ltr'>Ἀλεξανδρείας,</span> <span class='ocrx_word' id='word_1_920' title='bbox 1369 2861 1441 2890; x_wconf 82' lang='lat' dir='ltr'><strong>infra</strong></span> <span class='ocrx_word' id='word_1_921' title='bbox 1453 2861 1541 2890; x_wconf 82' lang='lat' dir='ltr'><strong>tibide</strong></span> <span class='ocrx_word' id='word_1_922' title='bbox 1553 2860 1688 2894; x_wconf 76' lang='lat' dir='ltr'><strong>Lontzino,</strong></span> <span class='ocrx_word' id='word_1_923' title='bbox 1700 2867 1729 2889; x_wconf 82' lang='grc' dir='ltr'><strong>ιι.</strong></span> <span class='ocrx_word' id='word_1_924' title='bbox 1744 2859 1772 2888; x_wconf 80' lang='grc'><strong>5.</strong></span> 
     </span>
    </p>
   </div>
  </div>
