  <div class='ocr_page' id='page_1' title='image "/cluster/home/n/w/nwhite01/storage/ocr_20150623/65/njp.32101077772687/104.png"; bbox 0 0 1970 3074; ppageno 0'>
   <div class='ocr_carea' id='block_1_1' title="bbox 139 155 185 183">
    <p class='ocr_par' dir='ltr' id='par_1_1' title="bbox 139 155 185 183">
     <span class='ocr_line' id='line_1_1' title="bbox 139 155 185 183; baseline -0.022 0"><span class='ocrx_word' id='word_1_1' title='bbox 139 155 185 183; x_wconf 71' lang='grc' dir='ltr'><strong>ίθτ</strong></span> 
     </span>
    </p>
   </div>
   <div class='ocr_carea' id='block_1_2' title="bbox 721 153 1206 183">
    <p class='ocr_par' dir='ltr' id='par_1_2' title="bbox 721 153 1206 183">
     <span class='ocr_line' id='line_1_2' title="bbox 721 153 1206 183; baseline -0.002 -1"><span class='ocrx_word' id='word_1_2' title='bbox 721 154 1028 183; x_wconf 76' lang='lat' dir='ltr'><strong>APOPHTIIEGMATA</strong></span> <span class='ocrx_word' id='word_1_3' title='bbox 1050 153 1206 182; x_wconf 79' lang='lat' dir='ltr'><strong>PATBUM.</strong></span> 
     </span>
    </p>
   </div>
   <div class='ocr_carea' id='block_1_3' title="bbox 1723 151 1772 179">
    <p class='ocr_par' dir='ltr' id='par_1_3' title="bbox 1723 151 1772 179">
     <span class='ocr_line' id='line_1_3' title="bbox 1723 151 1772 179; baseline 0.02 -1"><span class='ocrx_word' id='word_1_4' title='bbox 1723 151 1772 179; x_wconf 76' lang='grc'><strong>198</strong></span> 
     </span>
    </p>
   </div>
   <div class='ocr_carea' id='block_1_4' title="bbox 136 209 935 248">
    <p class='ocr_par' dir='ltr' id='par_1_4' title="bbox 136 212 930 248">
     <span class='ocr_line' id='line_1_4' title="bbox 136 212 930 248; baseline 0 -9"><span class='ocrx_word' id='word_1_5' title='bbox 136 214 192 248; x_wconf 77' lang='grc' dir='ltr'><strong>ἔτη,</strong></span> <span class='ocrx_word' id='word_1_6' title='bbox 201 212 379 247; x_wconf 72' lang='grc' dir='ltr'><strong>χλευάζοντες</strong></span> <span class='ocrx_word' id='word_1_7' title='bbox 387 213 450 245; x_wconf 85' lang='grc' dir='ltr'>τοὺς</span> <span class='ocrx_word' id='word_1_8' title='bbox 460 212 607 248; x_wconf 77' lang='grc' dir='ltr'>λογισμοὺς</span> <span class='ocrx_word' id='word_1_9' title='bbox 619 213 720 245; x_wconf 74' lang='grc' dir='ltr'>αὐτῶν,</span> <span class='ocrx_word' id='word_1_10' title='bbox 732 214 780 240; x_wconf 77' lang='grc' dir='ltr'><strong>καὶ</strong></span> <span class='ocrx_word' id='word_1_11' title='bbox 789 213 915 247; x_wconf 82' lang='grc' dir='ltr'>λέγοντες</span> <span class='ocrx_word' id='word_1_12' title='bbox 922 221 930 228; x_wconf 92' lang='grc'><strong>·</strong></span> 
     </span>
    </p>
   </div>
   <div class='ocr_carea' id='block_1_5' title="bbox 994 209 1772 248">
    <p class='ocr_par' dir='ltr' id='par_1_5' title="bbox 994 209 1772 248">
     <span class='ocr_line' id='line_1_5' title="bbox 994 209 1772 248; baseline -0.004 -9"><span class='ocrx_word' id='word_1_13' title='bbox 994 213 1101 248; x_wconf 81' lang='lat' dir='ltr'><strong>:gerint.</strong></span> <span class='ocrx_word' id='word_1_14' title='bbox 1118 212 1237 239; x_wconf 87' lang='lat' dir='ltr'><strong>cavillati</strong></span> <span class='ocrx_word' id='word_1_15' title='bbox 1254 209 1436 246; x_wconf 71' lang='lat' dir='ltr'><strong>cogitationes</strong></span> <span class='ocrx_word' id='word_1_16' title='bbox 1453 217 1529 240; x_wconf 83' lang='lat' dir='ltr'><strong>suas.</strong></span> <span class='ocrx_word' id='word_1_17' title='bbox 1546 217 1608 236; x_wconf 88' lang='lat' dir='ltr'><strong>cum</strong></span> <span class='ocrx_word' id='word_1_18' title='bbox 1625 209 1749 237; x_wconf 86' lang='lat' dir='ltr'><strong>dicerent</strong></span> <span class='ocrx_word' id='word_1_19' title='bbox 1764 218 1772 237; x_wconf 73' lang='grc' dir='ltr'><strong>τ</strong></span> 
     </span>
    </p>
   </div>
   <div class='ocr_carea' id='block_1_6' title="bbox 136 256 930 293">
    <p class='ocr_par' dir='ltr' id='par_1_6' title="bbox 136 256 930 293">
     <span class='ocr_line' id='line_1_6' title="bbox 136 256 930 293; baseline 0.001 -10"><span class='ocrx_word' id='word_1_20' title='bbox 136 257 211 284; x_wconf 75' lang='grc' dir='ltr'>Μετὰ</span> <span class='ocrx_word' id='word_1_21' title='bbox 236 258 282 284; x_wconf 84' lang='grc' dir='ltr'><strong>τὸν</strong></span> <span class='ocrx_word' id='word_1_22' title='bbox 308 258 431 293; x_wconf 82' lang='grc' dir='ltr'>χειμῶνα</span> <span class='ocrx_word' id='word_1_23' title='bbox 450 257 555 290; x_wconf 85' lang='grc' dir='ltr'>τοῦτον,</span> <span class='ocrx_word' id='word_1_24' title='bbox 575 257 775 293; x_wconf 76' lang='grc' dir='ltr'>μεταϐαίνομεν</span> <span class='ocrx_word' id='word_1_25' title='bbox 795 256 930 284; x_wconf 74' lang='grc' dir='ltr'>ἐντεῦθεν.</span> 
     </span>
    </p>
   </div>
   <div class='ocr_carea' id='block_1_7' title="bbox 137 302 932 340">
    <p class='ocr_par' dir='ltr' id='par_1_7' title="bbox 137 302 932 340">
     <span class='ocr_line' id='line_1_7' title="bbox 137 302 932 340; baseline -0.001 -10"><span class='ocrx_word' id='word_1_26' title='bbox 137 304 201 330; x_wconf 82' lang='grc' dir='ltr'>Ὅτε</span> <span class='ocrx_word' id='word_1_27' title='bbox 220 303 248 330; x_wconf 77' lang='grc' dir='ltr'><strong>δὲ</strong></span> <span class='ocrx_word' id='word_1_28' title='bbox 267 304 349 330; x_wconf 83' lang='grc' dir='ltr'>πάλιν</span> <span class='ocrx_word' id='word_1_29' title='bbox 364 304 464 340; x_wconf 77' lang='grc' dir='ltr'>ἤρχετο</span> <span class='ocrx_word' id='word_1_30' title='bbox 482 305 513 330; x_wconf 83' lang='grc' dir='ltr'>τὸ</span> <span class='ocrx_word' id='word_1_31' title='bbox 533 303 623 339; x_wconf 81' lang='grc' dir='ltr'>Θέρος,</span> <span class='ocrx_word' id='word_1_32' title='bbox 639 303 744 338; x_wconf 78' lang='grc' dir='ltr'>ἔλεγον,</span> <span class='ocrx_word' id='word_1_33' title='bbox 756 304 797 330; x_wconf 82' lang='grc' dir='ltr'>ὅτι</span> <span class='ocrx_word' id='word_1_34' title='bbox 816 302 894 329; x_wconf 83' lang='grc' dir='ltr'>Μετὰ</span> <span class='ocrx_word' id='word_1_35' title='bbox 902 303 932 329; x_wconf 83' lang='grc' dir='ltr'><strong>τὸ</strong></span> 
     </span>
    </p>
   </div>
   <div class='ocr_carea' id='block_1_8' title="bbox 136 349 933 386">
    <p class='ocr_par' dir='ltr' id='par_1_8' title="bbox 136 349 933 386">
     <span class='ocr_line' id='line_1_8' title="bbox 136 349 933 386; baseline 0 -11"><span class='ocrx_word' id='word_1_36' title='bbox 136 349 215 385; x_wconf 85' lang='grc' dir='ltr'>θέρος</span> <span class='ocrx_word' id='word_1_37' title='bbox 230 349 310 376; x_wconf 83' lang='grc' dir='ltr'>τοῦτο</span> <span class='ocrx_word' id='word_1_38' title='bbox 325 349 504 386; x_wconf 84' lang='grc' dir='ltr'>ἀπερχόμεθα</span> <span class='ocrx_word' id='word_1_39' title='bbox 518 350 654 377; x_wconf 83' lang='grc' dir='ltr'>ὲντεῦοεν.</span> <span class='ocrx_word' id='word_1_40' title='bbox 673 350 729 376; x_wconf 80' lang='grc' dir='ltr'>Καὶ</span> <span class='ocrx_word' id='word_1_41' title='bbox 739 349 826 381; x_wconf 77' lang='grc' dir='ltr'>οὕτως</span> <span class='ocrx_word' id='word_1_42' title='bbox 839 350 933 383; x_wconf 79' lang='grc' dir='ltr'>ἐποίη-</span> 
     </span>
    </p>
   </div>
   <div class='ocr_carea' id='block_1_9' title="bbox 137 395 818 432">
    <p class='ocr_par' dir='ltr' id='par_1_9' title="bbox 137 395 818 432">
     <span class='ocr_line' id='line_1_9' title="bbox 137 395 818 432; baseline -0.001 -9"><span class='ocrx_word' id='word_1_43' title='bbox 137 404 186 423; x_wconf 80' lang='grc' dir='ltr'><strong>σαν</strong></span> <span class='ocrx_word' id='word_1_44' title='bbox 199 396 289 423; x_wconf 78' lang='grc' dir='ltr'>πάντα.</span> <span class='ocrx_word' id='word_1_45' title='bbox 305 395 351 423; x_wconf 81' lang='grc' dir='ltr'><strong>τὸν</strong></span> <span class='ocrx_word' id='word_1_46' title='bbox 367 397 464 432; x_wconf 85' lang='grc' dir='ltr'>χρόνον</span> <span class='ocrx_word' id='word_1_47' title='bbox 477 398 502 422; x_wconf 89' lang='grc' dir='ltr'>οἰ</span> <span class='ocrx_word' id='word_1_48' title='bbox 519 396 679 431; x_wconf 79' lang='grc' dir='ltr'>ἀείμνηστοι</span> <span class='ocrx_word' id='word_1_49' title='bbox 689 396 818 432; x_wconf 86' lang='grc' dir='ltr'>Πατέρες.</span> 
     </span>
    </p>
   </div>
   <div class='ocr_carea' id='block_1_10' title="bbox 172 483 932 522">
    <p class='ocr_par' dir='ltr' id='par_1_10' title="bbox 172 483 932 522">
     <span class='ocr_line' id='line_1_10' title="bbox 172 483 932 522; baseline 0 -10"><span class='ocrx_word' id='word_1_50' title='bbox 172 488 207 520; x_wconf 78' lang='grc' dir='ltr'><strong>γ’.</strong></span> <span class='ocrx_word' id='word_1_51' title='bbox 224 483 308 512; x_wconf 79' lang='grc' dir='ltr'>Εἶπεν</span> <span class='ocrx_word' id='word_1_52' title='bbox 315 487 329 512; x_wconf 81' lang='lat'><strong>6</strong></span> <span class='ocrx_word' id='word_1_53' title='bbox 337 485 425 518; x_wconf 77' lang='grc' dir='ltr'><strong>ἀὸϐᾶς</strong></span> <span class='ocrx_word' id='word_1_54' title='bbox 431 485 568 522; x_wconf 81' lang='grc' dir='ltr'>Θεόδωρος</span> <span class='ocrx_word' id='word_1_55' title='bbox 577 487 590 512; x_wconf 85' lang='lat'><strong>6</strong></span> <span class='ocrx_word' id='word_1_56' title='bbox 599 485 652 513; x_wconf 82' lang='grc' dir='ltr'>τῶν</span> <span class='ocrx_word' id='word_1_57' title='bbox 666 485 803 516; x_wconf 83' lang='grc' dir='ltr'>Ἑννάτου,</span> <span class='ocrx_word' id='word_1_58' title='bbox 814 486 855 512; x_wconf 82' lang='grc' dir='ltr'>ὅτι</span> <span class='ocrx_word' id='word_1_59' title='bbox 869 485 932 512; x_wconf 83' lang='grc' dir='ltr'><strong>Ἐὰν</strong></span> 
     </span>
    </p>
   </div>
   <div class='ocr_carea' id='block_1_11' title="bbox 136 531 930 567">
    <p class='ocr_par' dir='ltr' id='par_1_11' title="bbox 136 531 930 567">
     <span class='ocr_line' id='line_1_11' title="bbox 136 531 930 567; baseline 0 -10"><span class='ocrx_word' id='word_1_60' title='bbox 136 531 278 567; x_wconf 72' lang='grc' dir='ltr'><strong>λογίσηται</strong></span> <span class='ocrx_word' id='word_1_61' title='bbox 295 533 362 567; x_wconf 86' lang='grc' dir='ltr'>ἡμῖν</span> <span class='ocrx_word' id='word_1_62' title='bbox 378 533 393 559; x_wconf 98' lang='lat'><strong>6</strong></span> <span class='ocrx_word' id='word_1_63' title='bbox 405 532 471 564; x_wconf 86' lang='grc' dir='ltr'><strong>Θεὸς</strong></span> <span class='ocrx_word' id='word_1_64' title='bbox 482 532 532 564; x_wconf 81' lang='grc' dir='ltr'><strong>τὰς</strong></span> <span class='ocrx_word' id='word_1_65' title='bbox 552 533 581 559; x_wconf 81' lang='grc' dir='ltr'>ὲν</span> <span class='ocrx_word' id='word_1_66' title='bbox 598 533 658 563; x_wconf 82' lang='grc' dir='ltr'>ταῖς</span> <span class='ocrx_word' id='word_1_67' title='bbox 675 531 769 567; x_wconf 84' lang='grc' dir='ltr'>εὐχαῖς</span> <span class='ocrx_word' id='word_1_68' title='bbox 789 531 930 567; x_wconf 84' lang='grc' dir='ltr'>ἀμελείας,</span> 
     </span>
    </p>
   </div>
   <div class='ocr_carea' id='block_1_12' title="bbox 137 577 931 614">
    <p class='ocr_par' dir='ltr' id='par_1_12' title="bbox 137 577 931 614">
     <span class='ocr_line' id='line_1_12' title="bbox 137 577 931 614; baseline 0 -10"><span class='ocrx_word' id='word_1_69' title='bbox 137 579 184 604; x_wconf 77' lang='grc' dir='ltr'><strong>καὶ</strong></span> <span class='ocrx_word' id='word_1_70' title='bbox 207 578 257 609; x_wconf 75' lang='grc' dir='ltr'><strong>τὰς</strong></span> <span class='ocrx_word' id='word_1_71' title='bbox 285 578 473 614; x_wconf 69' lang='grc' dir='ltr'><strong>αἰχμαλωσίας</strong></span> <span class='ocrx_word' id='word_1_72' title='bbox 491 578 541 610; x_wconf 72' lang='grc' dir='ltr'><strong>τὰς</strong></span> <span class='ocrx_word' id='word_1_73' title='bbox 566 578 596 604; x_wconf 75' lang='grc' dir='ltr'>ὲν</span> <span class='ocrx_word' id='word_1_74' title='bbox 618 579 679 609; x_wconf 85' lang='grc' dir='ltr'>ταῖς</span> <span class='ocrx_word' id='word_1_75' title='bbox 695 577 882 613; x_wconf 75' lang='grc' dir='ltr'>ψαλμῳδίαις,</span> <span class='ocrx_word' id='word_1_76' title='bbox 901 578 931 604; x_wconf 83' lang='grc' dir='ltr'><strong>οὐ</strong></span> 
     </span>
    </p>
   </div>
   <div class='ocr_carea' id='block_1_13' title="bbox 137 623 420 661">
    <p class='ocr_par' dir='ltr' id='par_1_13' title="bbox 137 623 420 661">
     <span class='ocr_line' id='line_1_13' title="bbox 137 623 420 661; baseline 0.004 -11"><span class='ocrx_word' id='word_1_77' title='bbox 137 623 275 659; x_wconf 73' lang='grc' dir='ltr'>δυνάμεθα</span> <span class='ocrx_word' id='word_1_78' title='bbox 290 624 420 661; x_wconf 83' lang='grc' dir='ltr'>σωθῆναι.</span> 
     </span>
    </p>
   </div>
   <div class='ocr_carea' id='block_1_14' title="bbox 192 690 879 726">
    <p class='ocr_par' dir='ltr' id='par_1_14' title="bbox 192 690 879 726">
     <span class='ocr_line' id='line_1_14' title="bbox 192 690 879 726; baseline 0.003 -9"><span class='ocrx_word' id='word_1_79' title='bbox 192 690 263 725; x_wconf 77' lang='grc' dir='ltr'>Περὶ</span> <span class='ocrx_word' id='word_1_80' title='bbox 281 690 335 718; x_wconf 82' lang='grc' dir='ltr'>τοῦ</span> <span class='ocrx_word' id='word_1_81' title='bbox 356 690 432 718; x_wconf 70' lang='grc' dir='ltr'><strong>ἀδεᾶ</strong></span> <span class='ocrx_word' id='word_1_82' title='bbox 449 690 603 726; x_wconf 77' lang='grc' dir='ltr'><strong>Θεοδώρου</strong></span> <span class='ocrx_word' id='word_1_83' title='bbox 621 691 674 718; x_wconf 85' lang='grc' dir='ltr'>τοῦ</span> <span class='ocrx_word' id='word_1_84' title='bbox 695 692 740 725; x_wconf 79' lang='grc' dir='ltr'><strong>εὶς</strong></span> <span class='ocrx_word' id='word_1_85' title='bbox 757 691 879 726; x_wconf 82' lang='grc' dir='ltr'>Σκῆτιν.</span> 
     </span>
    </p>
   </div>
   <div class='ocr_carea' id='block_1_15' title="bbox 174 744 934 784">
    <p class='ocr_par' dir='ltr' id='par_1_15' title="bbox 174 744 934 784">
     <span class='ocr_line' id='line_1_15' title="bbox 174 744 934 784; baseline 0.004 -12"><span class='ocrx_word' id='word_1_86' title='bbox 174 744 258 773; x_wconf 84' lang='grc' dir='ltr'>Εἶπεν</span> <span class='ocrx_word' id='word_1_87' title='bbox 274 748 288 773; x_wconf 90' lang='lat'><strong>6</strong></span> <span class='ocrx_word' id='word_1_88' title='bbox 307 746 395 779; x_wconf 76' lang='grc' dir='ltr'>ἀὸὁᾶς</span> <span class='ocrx_word' id='word_1_89' title='bbox 416 747 554 783; x_wconf 76' lang='grc' dir='ltr'>Θεόδωρος</span> <span class='ocrx_word' id='word_1_90' title='bbox 579 749 593 775; x_wconf 86' lang='lat'><strong>6</strong></span> <span class='ocrx_word' id='word_1_91' title='bbox 612 749 652 780; x_wconf 82' lang='grc' dir='ltr'><strong>εἰς</strong></span> <span class='ocrx_word' id='word_1_92' title='bbox 672 749 785 783; x_wconf 84' lang='grc' dir='ltr'>Σκῆτιν·</span> <span class='ocrx_word' id='word_1_93' title='bbox 803 749 934 784; x_wconf 82' lang='grc' dir='ltr'><strong>Ἔρχεται</strong></span> 
     </span>
    </p>
   </div>
   <div class='ocr_carea' id='block_1_16' title="bbox 140 793 934 831">
    <p class='ocr_par' dir='ltr' id='par_1_16' title="bbox 140 793 934 831">
     <span class='ocr_line' id='line_1_16' title="bbox 140 793 934 831; baseline 0.003 -12"><span class='ocrx_word' id='word_1_94' title='bbox 140 794 154 820; x_wconf 82' lang='grc' dir='ltr'><strong><em>ὸ</em></strong></span> <span class='ocrx_word' id='word_1_95' title='bbox 164 793 304 829; x_wconf 77' lang='grc' dir='ltr'>λογισμὸς,</span> <span class='ocrx_word' id='word_1_96' title='bbox 320 794 367 820; x_wconf 72' lang='grc' dir='ltr'><strong>καὶ</strong></span> <span class='ocrx_word' id='word_1_97' title='bbox 379 794 511 829; x_wconf 79' lang='grc' dir='ltr'><strong>ταράσσει</strong></span> <span class='ocrx_word' id='word_1_98' title='bbox 526 802 570 829; x_wconf 81' lang='grc' dir='ltr'>με,</span> <span class='ocrx_word' id='word_1_99' title='bbox 581 795 628 820; x_wconf 73' lang='grc' dir='ltr'><strong>καὶ</strong></span> <span class='ocrx_word' id='word_1_100' title='bbox 638 795 748 830; x_wconf 78' lang='grc' dir='ltr'><strong>ἀσχολεῖ</strong></span> <span class='ocrx_word' id='word_1_101' title='bbox 765 803 807 830; x_wconf 84' lang='grc' dir='ltr'>με,</span> <span class='ocrx_word' id='word_1_102' title='bbox 824 796 871 821; x_wconf 77' lang='grc' dir='ltr'>καὶ</span> <span class='ocrx_word' id='word_1_103' title='bbox 885 795 934 831; x_wconf 84' lang='grc' dir='ltr'><strong>τὴν</strong></span> 
     </span>
    </p>
   </div>
   <div class='ocr_carea' id='block_1_17' title="bbox 140 838 934 876">
    <p class='ocr_par' dir='ltr' id='par_1_17' title="bbox 140 838 934 876">
     <span class='ocr_line' id='line_1_17' title="bbox 140 838 934 876; baseline 0.003 -11"><span class='ocrx_word' id='word_1_104' title='bbox 140 838 239 874; x_wconf 74' lang='grc' dir='ltr'>πρᾶξιν</span> <span class='ocrx_word' id='word_1_105' title='bbox 261 839 312 865; x_wconf 71' lang='grc' dir='ltr'><strong>οὐκ</strong></span> <span class='ocrx_word' id='word_1_106' title='bbox 338 839 426 874; x_wconf 83' lang='grc' dir='ltr'>ἰσχύει</span> <span class='ocrx_word' id='word_1_107' title='bbox 445 839 574 875; x_wconf 79' lang='grc' dir='ltr'>ποιῆσαι,</span> <span class='ocrx_word' id='word_1_108' title='bbox 600 840 669 866; x_wconf 78' lang='grc' dir='ltr'>ἀλλὰ</span> <span class='ocrx_word' id='word_1_109' title='bbox 693 841 772 876; x_wconf 83' lang='grc' dir='ltr'>μόνον</span> <span class='ocrx_word' id='word_1_110' title='bbox 794 841 934 876; x_wconf 74' lang='grc' dir='ltr'><strong>ἐμποδίζει</strong></span> 
     </span>
    </p>
   </div>
   <div class='ocr_carea' id='block_1_18' title="bbox 982 254 1774 291">
    <p class='ocr_par' dir='ltr' id='par_1_18' title="bbox 982 254 1774 291">
     <span class='ocr_line' id='line_1_18' title="bbox 982 254 1774 291; baseline -0.004 -6"><span class='ocrx_word' id='word_1_111' title='bbox 982 257 1048 285; x_wconf 81' lang='lat' dir='ltr'><strong>Post</strong></span> <span class='ocrx_word' id='word_1_112' title='bbox 1068 258 1185 285; x_wconf 82' lang='lat' dir='ltr'><strong>hiemem</strong></span> <span class='ocrx_word' id='word_1_113' title='bbox 1205 257 1286 289; x_wconf 83' lang='lat' dir='ltr'><strong>hanc,</strong></span> <span class='ocrx_word' id='word_1_114' title='bbox 1305 255 1484 291; x_wconf 78' lang='lat' dir='ltr'><strong>migrabimus</strong></span> <span class='ocrx_word' id='word_1_115' title='bbox 1501 255 1575 282; x_wconf 90' lang='lat' dir='ltr'><strong>hinc.</strong></span> <span class='ocrx_word' id='word_1_116' title='bbox 1593 254 1708 288; x_wconf 80' lang='lat' dir='ltr'><strong>Quando</strong></span> <span class='ocrx_word' id='word_1_117' title='bbox 1724 263 1774 282; x_wconf 88' lang='lat' dir='ltr'><strong>au-</strong></span> 
     </span>
    </p>
   </div>
   <div class='ocr_carea' id='block_1_19' title="bbox 983 301 1774 334">
    <p class='ocr_par' dir='ltr' id='par_1_19' title="bbox 983 301 1774 334">
     <span class='ocr_line' id='line_1_19' title="bbox 983 301 1774 334; baseline -0.004 -3"><span class='ocrx_word' id='word_1_118' title='bbox 983 309 1037 331; x_wconf 88' lang='lat' dir='ltr'><strong>tem</strong></span> <span class='ocrx_word' id='word_1_119' title='bbox 1057 305 1155 332; x_wconf 91' lang='lat' dir='ltr'><strong>iterum</strong></span> <span class='ocrx_word' id='word_1_120' title='bbox 1176 303 1338 330; x_wconf 88' lang='lat' dir='ltr'><strong>adveniebat</strong></span> <span class='ocrx_word' id='word_1_121' title='bbox 1356 306 1450 334; x_wconf 65' lang='lat' dir='ltr'><strong>aestas,</strong></span> <span class='ocrx_word' id='word_1_122' title='bbox 1469 301 1579 328; x_wconf 81' lang='lat' dir='ltr'><strong>aiebant</strong></span> <span class='ocrx_word' id='word_1_123' title='bbox 1597 310 1604 329; x_wconf 91' lang='lat'>:</span> <span class='ocrx_word' id='word_1_124' title='bbox 1623 301 1774 329; x_wconf 72' lang='lat' dir='ltr'><strong>Transacto</strong></span> 
     </span>
    </p>
   </div>
   <div class='ocr_carea' id='block_1_20' title="bbox 984 346 1774 382">
    <p class='ocr_par' dir='ltr' id='par_1_20' title="bbox 984 346 1774 382">
     <span class='ocr_line' id='line_1_20' title="bbox 984 346 1774 382; baseline -0.004 -6"><span class='ocrx_word' id='word_1_125' title='bbox 984 350 1034 377; x_wconf 87' lang='lat' dir='ltr'><strong>hac</strong></span> <span class='ocrx_word' id='word_1_126' title='bbox 1055 353 1165 381; x_wconf 70' lang='lat' dir='ltr'><strong>aastate,</strong></span> <span class='ocrx_word' id='word_1_127' title='bbox 1187 349 1252 376; x_wconf 89' lang='lat' dir='ltr'><strong>hinc</strong></span> <span class='ocrx_word' id='word_1_128' title='bbox 1273 348 1459 376; x_wconf 84' lang='lat' dir='ltr'><strong>discedemus.</strong></span> <span class='ocrx_word' id='word_1_129' title='bbox 1479 346 1569 382; x_wconf 87' lang='lat' dir='ltr'><strong>Atque</strong></span> <span class='ocrx_word' id='word_1_130' title='bbox 1591 347 1628 374; x_wconf 88' lang='lat' dir='ltr'><strong>ita</strong></span> <span class='ocrx_word' id='word_1_131' title='bbox 1651 347 1774 374; x_wconf 78' lang='lat' dir='ltr'><strong>fecerunt</strong></span> 
     </span>
    </p>
   </div>
   <div class='ocr_carea' id='block_1_21' title="bbox 983 392 1775 430">
    <p class='ocr_par' dir='ltr' id='par_1_21' title="bbox 983 392 1775 430">
     <span class='ocr_line' id='line_1_21' title="bbox 983 392 1775 430; baseline -0.003 -8"><span class='ocrx_word' id='word_1_132' title='bbox 983 397 1057 422; x_wconf 90' lang='lat' dir='ltr'><strong>omni</strong></span> <span class='ocrx_word' id='word_1_133' title='bbox 1086 396 1148 422; x_wconf 64' lang='lat' dir='ltr'><strong>vitae</strong></span> <span class='ocrx_word' id='word_1_134' title='bbox 1175 399 1310 430; x_wconf 82' lang='lat' dir='ltr'><strong>tempore,</strong></span> <span class='ocrx_word' id='word_1_135' title='bbox 1341 394 1508 430; x_wconf 87' lang='lat' dir='ltr'><strong>sempiterna</strong></span> <span class='ocrx_word' id='word_1_136' title='bbox 1537 395 1671 420; x_wconf 87' lang='lat' dir='ltr'><strong>memoria</strong></span> <span class='ocrx_word' id='word_1_137' title='bbox 1700 392 1775 429; x_wconf 72' lang='lat' dir='ltr'><strong>digni</strong></span> 
     </span>
    </p>
   </div>
   <div class='ocr_carea' id='block_1_22' title="bbox 983 442 1090 469">
    <p class='ocr_par' dir='ltr' id='par_1_22' title="bbox 983 442 1090 469">
     <span class='ocr_line' id='line_1_22' title="bbox 983 442 1090 469; baseline 0 0"><span class='ocrx_word' id='word_1_138' title='bbox 983 442 1090 469; x_wconf 78' lang='lat' dir='ltr'><strong>Patres.</strong></span> 
     </span>
    </p>
   </div>
   <div class='ocr_carea' id='block_1_23' title="bbox 1018 483 1777 524">
    <p class='ocr_par' dir='ltr' id='par_1_23' title="bbox 1018 483 1777 524">
     <span class='ocr_line' id='line_1_23' title="bbox 1018 483 1777 524; baseline -0.005 -10"><span class='ocrx_word' id='word_1_139' title='bbox 1018 487 1045 515; x_wconf 74' lang='lat'><strong>3.</strong></span> <span class='ocrx_word' id='word_1_140' title='bbox 1061 486 1115 524; x_wconf 70' lang='lat' dir='ltr'><strong>(7i)</strong></span> <span class='ocrx_word' id='word_1_141' title='bbox 1131 485 1209 514; x_wconf 82' lang='lat' dir='ltr'><strong>Hunc</strong></span> <span class='ocrx_word' id='word_1_142' title='bbox 1218 492 1373 514; x_wconf 79' lang='lat' dir='ltr'><strong>sermonem</strong></span> <span class='ocrx_word' id='word_1_143' title='bbox 1385 485 1480 512; x_wconf 88' lang='lat' dir='ltr'><strong>habuit</strong></span> <span class='ocrx_word' id='word_1_144' title='bbox 1494 485 1578 512; x_wconf 83' lang='lat' dir='ltr'><strong>abbas</strong></span> <span class='ocrx_word' id='word_1_145' title='bbox 1587 483 1749 511; x_wconf 89' lang='lat' dir='ltr'><strong>Theodorus</strong></span> <span class='ocrx_word' id='word_1_146' title='bbox 1761 491 1777 511; x_wconf 91' lang='lat' dir='ltr'><strong>e</strong></span> 
     </span>
    </p>
   </div>
   <div class='ocr_carea' id='block_1_24' title="bbox 983 530 1776 567">
    <p class='ocr_par' dir='ltr' id='par_1_24' title="bbox 983 530 1776 567">
     <span class='ocr_line' id='line_1_24' title="bbox 983 530 1776 567; baseline -0.006 -5"><span class='ocrx_word' id='word_1_147' title='bbox 983 533 1061 562; x_wconf 86' lang='lat' dir='ltr'><strong>Nono</strong></span> <span class='ocrx_word' id='word_1_148' title='bbox 1080 543 1087 561; x_wconf 93' lang='lat'>:</span> <span class='ocrx_word' id='word_1_149' title='bbox 1110 533 1139 561; x_wconf 98' lang='lat' dir='ltr'><strong>Si</strong></span> <span class='ocrx_word' id='word_1_150' title='bbox 1158 533 1239 560; x_wconf 85' lang='lat' dir='ltr'><strong>nobis</strong></span> <span class='ocrx_word' id='word_1_151' title='bbox 1259 532 1436 567; x_wconf 88' lang='lat' dir='ltr'><strong>imputavcrit</strong></span> <span class='ocrx_word' id='word_1_152' title='bbox 1457 531 1529 559; x_wconf 84' lang='lat' dir='ltr'><strong>Deus</strong></span> <span class='ocrx_word' id='word_1_153' title='bbox 1550 530 1776 566; x_wconf 78' lang='lat' dir='ltr'><strong>negligentiasin</strong></span> 
     </span>
    </p>
   </div>
   <div class='ocr_carea' id='block_1_25' title="bbox 984 575 1777 616">
    <p class='ocr_par' dir='ltr' id='par_1_25' title="bbox 984 575 1777 616">
     <span class='ocr_line' id='line_1_25' title="bbox 984 575 1777 616; baseline -0.006 -8"><span class='ocrx_word' id='word_1_154' title='bbox 984 580 1121 616; x_wconf 79' lang='lat' dir='ltr'><strong>precibus,</strong></span> <span class='ocrx_word' id='word_1_155' title='bbox 1139 584 1166 607; x_wconf 87' lang='lat' dir='ltr'><strong>et</strong></span> <span class='ocrx_word' id='word_1_156' title='bbox 1187 579 1378 614; x_wconf 89' lang='lat' dir='ltr'><strong>subreptiones</strong></span> <span class='ocrx_word' id='word_1_157' title='bbox 1395 578 1422 606; x_wconf 93' lang='lat' dir='ltr'><strong>in</strong></span> <span class='ocrx_word' id='word_1_158' title='bbox 1440 577 1613 614; x_wconf 81' lang='lat' dir='ltr'><strong>psalmodiis,</strong></span> <span class='ocrx_word' id='word_1_159' title='bbox 1631 577 1699 605; x_wconf 90' lang='lat' dir='ltr'><strong>salvi</strong></span> <span class='ocrx_word' id='word_1_160' title='bbox 1717 575 1777 604; x_wconf 82' lang='lat' dir='ltr'><strong>ﬁeri</strong></span> 
     </span>
    </p>
   </div>
   <div class='ocr_carea' id='block_1_26' title="bbox 984 633 1214 661">
    <p class='ocr_par' dir='ltr' id='par_1_26' title="bbox 984 633 1214 661">
     <span class='ocr_line' id='line_1_26' title="bbox 984 633 1214 661; baseline -0.004 -8"><span class='ocrx_word' id='word_1_161' title='bbox 984 634 1038 654; x_wconf 92' lang='lat' dir='ltr'><strong>non</strong></span> <span class='ocrx_word' id='word_1_162' title='bbox 1055 633 1214 661; x_wconf 74' lang='lat' dir='ltr'><strong>possumus.</strong></span> 
     </span>
    </p>
   </div>
   <div class='ocr_carea' id='block_1_27' title="bbox 1179 689 1616 720">
    <p class='ocr_par' dir='ltr' id='par_1_27' title="bbox 1179 689 1616 720">
     <span class='ocr_line' id='line_1_27' title="bbox 1179 689 1616 720; baseline -0.005 -1"><span class='ocrx_word' id='word_1_163' title='bbox 1179 691 1217 720; x_wconf 83' lang='lat' dir='ltr'><strong>De</strong></span> <span class='ocrx_word' id='word_1_164' title='bbox 1236 692 1330 719; x_wconf 78' lang='lat' dir='ltr'><strong>abbate</strong></span> <span class='ocrx_word' id='word_1_165' title='bbox 1347 691 1483 719; x_wconf 85' lang='lat' dir='ltr'><strong>Theodoro</strong></span> <span class='ocrx_word' id='word_1_166' title='bbox 1501 689 1616 718; x_wconf 75' lang='lat' dir='ltr'><strong>Sceleos.</strong></span> 
     </span>
    </p>
   </div>
   <div class='ocr_carea' id='block_1_28' title="bbox 1021 745 1777 786">
    <p class='ocr_par' dir='ltr' id='par_1_28' title="bbox 1021 745 1777 786">
     <span class='ocr_line' id='line_1_28' title="bbox 1021 745 1777 786; baseline -0.007 -9"><span class='ocrx_word' id='word_1_167' title='bbox 1021 750 1077 786; x_wconf 84' lang='grc'>(75)</span> <span class='ocrx_word' id='word_1_168' title='bbox 1099 749 1170 777; x_wconf 82' lang='lat' dir='ltr'><strong>Dixit</strong></span> <span class='ocrx_word' id='word_1_169' title='bbox 1186 750 1270 777; x_wconf 81' lang='lat' dir='ltr'><strong>abbas</strong></span> <span class='ocrx_word' id='word_1_170' title='bbox 1283 749 1445 776; x_wconf 89' lang='lat' dir='ltr'><strong>Theodorus</strong></span> <span class='ocrx_word' id='word_1_171' title='bbox 1460 748 1562 776; x_wconf 56' lang='lat' dir='ltr'><strong>e‘Sceti</strong></span> <span class='ocrx_word' id='word_1_172' title='bbox 1580 755 1588 776; x_wconf 90' lang='lat'>:</span> <span class='ocrx_word' id='word_1_173' title='bbox 1606 746 1686 774; x_wconf 91' lang='lat' dir='ltr'><strong>Subit</strong></span> <span class='ocrx_word' id='word_1_174' title='bbox 1703 745 1777 781; x_wconf 82' lang='lat' dir='ltr'><strong>cogi-</strong></span> 
     </span>
    </p>
   </div>
   <div class='ocr_carea' id='block_1_29' title="bbox 984 797 1777 831">
    <p class='ocr_par' dir='ltr' id='par_1_29' title="bbox 984 797 1777 831">
     <span class='ocr_line' id='line_1_29' title="bbox 984 797 1777 831; baseline -0.004 -9"><span class='ocrx_word' id='word_1_175' title='bbox 984 797 1069 828; x_wconf 84' lang='lat' dir='ltr'><strong>tatio,</strong></span> <span class='ocrx_word' id='word_1_176' title='bbox 1088 801 1114 824; x_wconf 90' lang='lat' dir='ltr'><strong>ct</strong></span> <span class='ocrx_word' id='word_1_177' title='bbox 1132 797 1279 824; x_wconf 85' lang='lat' dir='ltr'><strong>conturbat</strong></span> <span class='ocrx_word' id='word_1_178' title='bbox 1298 804 1341 824; x_wconf 89' lang='lat' dir='ltr'><strong>me</strong></span> <span class='ocrx_word' id='word_1_179' title='bbox 1358 800 1440 831; x_wconf 87' lang='lat' dir='ltr'><strong>atque</strong></span> <span class='ocrx_word' id='word_1_180' title='bbox 1457 799 1591 829; x_wconf 79' lang='lat' dir='ltr'><strong>occupat,</strong></span> <span class='ocrx_word' id='word_1_181' title='bbox 1610 802 1664 821; x_wconf 90' lang='lat' dir='ltr'><strong>non</strong></span> <span class='ocrx_word' id='word_1_182' title='bbox 1684 797 1777 820; x_wconf 87' lang='lat' dir='ltr'><strong>tamen</strong></span> 
     </span>
    </p>
   </div>
   <div class='ocr_carea' id='block_1_30' title="bbox 985 839 1776 877">
    <p class='ocr_par' dir='ltr' id='par_1_30' title="bbox 985 839 1776 877">
     <span class='ocr_line' id='line_1_30' title="bbox 985 839 1776 877; baseline -0.004 -9"><span class='ocrx_word' id='word_1_183' title='bbox 985 841 1018 868; x_wconf 90' lang='lat' dir='ltr'><strong>ad</strong></span> <span class='ocrx_word' id='word_1_184' title='bbox 1035 842 1158 875; x_wconf 79' lang='lat' dir='ltr'><strong>eﬂ&#39;ectum</strong></span> <span class='ocrx_word' id='word_1_185' title='bbox 1176 841 1302 877; x_wconf 81' lang='lat' dir='ltr'><strong>progredi</strong></span> <span class='ocrx_word' id='word_1_186' title='bbox 1320 842 1407 874; x_wconf 83' lang='lat' dir='ltr'><strong>valet,</strong></span> <span class='ocrx_word' id='word_1_187' title='bbox 1425 841 1472 869; x_wconf 88' lang='lat' dir='ltr'><strong>sed</strong></span> <span class='ocrx_word' id='word_1_188' title='bbox 1489 845 1595 867; x_wconf 86' lang='lat' dir='ltr'><strong>tantum</strong></span> <span class='ocrx_word' id='word_1_189' title='bbox 1613 839 1726 875; x_wconf 83' lang='lat' dir='ltr'><strong>impedit</strong></span> <span class='ocrx_word' id='word_1_190' title='bbox 1742 839 1776 866; x_wconf 87' lang='lat' dir='ltr'><strong>ad</strong></span> 
     </span>
    </p>
   </div>
   <div class='ocr_carea' id='block_1_31' title="bbox 141 884 935 923">
    <p class='ocr_par' dir='ltr' id='par_1_31' title="bbox 141 884 935 922">
     <span class='ocr_line' id='line_1_31' title="bbox 141 884 935 922; baseline 0.003 -11"><span class='ocrx_word' id='word_1_191' title='bbox 141 884 210 920; x_wconf 67' lang='grc' dir='ltr'>πρὸξ</span> <span class='ocrx_word' id='word_1_192' title='bbox 222 885 271 921; x_wconf 79' lang='grc' dir='ltr'><strong>τὴν</strong></span> <span class='ocrx_word' id='word_1_193' title='bbox 289 887 425 922; x_wconf 83' lang='grc' dir='ltr'>ἀρετήν·ὀ</span> <span class='ocrx_word' id='word_1_194' title='bbox 442 886 470 912; x_wconf 81' lang='grc' dir='ltr'><strong>δὲ</strong></span> <span class='ocrx_word' id='word_1_195' title='bbox 485 886 615 922; x_wconf 78' lang='grc' dir='ltr'><strong>νηφάλιος</strong></span> <span class='ocrx_word' id='word_1_196' title='bbox 629 887 709 922; x_wconf 76' lang='grc' dir='ltr'>ἀνὴρ,</span> <span class='ocrx_word' id='word_1_197' title='bbox 727 887 935 920; x_wconf 70' lang='grc' dir='ltr'>ἐκτιναξάμενος</span> 
     </span>
    </p>
   </div>
   <div class='ocr_carea' id='block_1_32' title="bbox 994 884 1778 923">
    <p class='ocr_par' dir='ltr' id='par_1_32' title="bbox 994 886 1778 923">
     <span class='ocr_line' id='line_1_32' title="bbox 994 886 1778 923; baseline -0.003 -9"><span class='ocrx_word' id='word_1_198' title='bbox 994 888 1135 920; x_wconf 84' lang='lat' dir='ltr'><strong>virtutem;</strong></span> <span class='ocrx_word' id='word_1_199' title='bbox 1156 887 1198 915; x_wconf 88' lang='lat' dir='ltr'><strong>vir</strong></span> <span class='ocrx_word' id='word_1_200' title='bbox 1217 893 1306 914; x_wconf 90' lang='lat' dir='ltr'><strong>autem</strong></span> <span class='ocrx_word' id='word_1_201' title='bbox 1328 887 1444 923; x_wconf 79' lang='lat' dir='ltr'><strong>vigilans</strong></span> <span class='ocrx_word' id='word_1_202' title='bbox 1466 887 1586 922; x_wconf 86' lang='lat' dir='ltr'><strong>seipsum</strong></span> <span class='ocrx_word' id='word_1_203' title='bbox 1607 886 1729 918; x_wconf 75' lang='lat' dir='ltr'><strong>excutit,</strong></span> <span class='ocrx_word' id='word_1_204' title='bbox 1750 891 1778 912; x_wconf 87' lang='lat' dir='ltr'><strong>ct</strong></span> 
     </span>
    </p>
   </div>
   <div class='ocr_carea' id='block_1_33' title="bbox 140 931 623 967">
    <p class='ocr_par' dir='ltr' id='par_1_33' title="bbox 140 931 623 967">
     <span class='ocr_line' id='line_1_33' title="bbox 140 931 623 967; baseline 0 -10"><span class='ocrx_word' id='word_1_205' title='bbox 140 932 230 963; x_wconf 66' lang='grc' dir='ltr'>αὑτὸν,</span> <span class='ocrx_word' id='word_1_206' title='bbox 246 931 382 967; x_wconf 78' lang='grc' dir='ltr'>ἐγείρεται</span> <span class='ocrx_word' id='word_1_207' title='bbox 398 932 438 962; x_wconf 85' lang='grc' dir='ltr'><strong>εἰς</strong></span> <span class='ocrx_word' id='word_1_208' title='bbox 456 932 623 967; x_wconf 82' lang='grc' dir='ltr'>προσευχήν,</span> 
     </span>
    </p>
   </div>
   <div class='ocr_carea' id='block_1_34' title="bbox 141 986 931 1021">
    <p class='ocr_par' dir='ltr' id='par_1_34' title="bbox 141 986 931 1021">
     <span class='ocr_line' id='line_1_34' title="bbox 141 986 931 1021; baseline 0.003 -8"><span class='ocrx_word' id='word_1_209' title='bbox 141 987 212 1021; x_wconf 83' lang='grc' dir='ltr'>Περί</span> <span class='ocrx_word' id='word_1_210' title='bbox 233 987 286 1014; x_wconf 81' lang='grc' dir='ltr'>τοῦ</span> <span class='ocrx_word' id='word_1_211' title='bbox 303 986 378 1014; x_wconf 81' lang='grc' dir='ltr'><strong>ἀϐϐᾱ</strong></span> <span class='ocrx_word' id='word_1_212' title='bbox 396 986 546 1021; x_wconf 80' lang='grc' dir='ltr'>Θεοδώρου</span> <span class='ocrx_word' id='word_1_213' title='bbox 562 987 616 1014; x_wconf 83' lang='grc' dir='ltr'>τοῦ</span> <span class='ocrx_word' id='word_1_214' title='bbox 634 988 931 1021; x_wconf 75' lang='grc' dir='ltr'>Ἐλευθεροπολιτου.</span> 
     </span>
    </p>
   </div>
   <div class='ocr_carea' id='block_1_35' title="bbox 175 1043 936 1081">
    <p class='ocr_par' dir='ltr' id='par_1_35' title="bbox 175 1043 936 1081">
     <span class='ocr_line' id='line_1_35' title="bbox 175 1043 936 1081; baseline 0.003 -11"><span class='ocrx_word' id='word_1_215' title='bbox 175 1048 209 1071; x_wconf 88' lang='grc' dir='ltr'><strong>α’.</strong></span> <span class='ocrx_word' id='word_1_216' title='bbox 231 1043 391 1079; x_wconf 76' lang='grc' dir='ltr'>Ἠρὼτησεν</span> <span class='ocrx_word' id='word_1_217' title='bbox 404 1045 418 1070; x_wconf 88' lang='lat'><strong>6</strong></span> <span class='ocrx_word' id='word_1_218' title='bbox 430 1044 519 1075; x_wconf 77' lang='grc' dir='ltr'><strong>ἀὸὃᾶς</strong></span> <span class='ocrx_word' id='word_1_219' title='bbox 538 1044 664 1080; x_wconf 79' lang='grc' dir='ltr'>Ἀϐραὰμ</span> <span class='ocrx_word' id='word_1_220' title='bbox 674 1045 689 1071; x_wconf 89' lang='lat'><strong>6</strong></span> <span class='ocrx_word' id='word_1_221' title='bbox 706 1044 780 1081; x_wconf 76' lang='grc' dir='ltr'><strong>Ἰϐὴρ</strong></span> <span class='ocrx_word' id='word_1_222' title='bbox 792 1045 837 1072; x_wconf 82' lang='grc' dir='ltr'><strong>τὸν</strong></span> <span class='ocrx_word' id='word_1_223' title='bbox 847 1045 936 1072; x_wconf 75' lang='grc' dir='ltr'>ἁδϐᾱν</span> 
     </span>
    </p>
   </div>
   <div class='ocr_carea' id='block_1_36' title="bbox 140 1090 936 1127">
    <p class='ocr_par' dir='ltr' id='par_1_36' title="bbox 140 1090 936 1127">
     <span class='ocr_line' id='line_1_36' title="bbox 140 1090 936 1127; baseline -0.001 -10"><span class='ocrx_word' id='word_1_224' title='bbox 140 1090 276 1127; x_wconf 81' lang='grc' dir='ltr'>Θεόδωρον</span> <span class='ocrx_word' id='word_1_225' title='bbox 291 1091 338 1117; x_wconf 80' lang='grc' dir='ltr'><strong>τὸν</strong></span> <span class='ocrx_word' id='word_1_226' title='bbox 352 1090 619 1126; x_wconf 80' lang='grc' dir='ltr'>Ἐλευθεροπολίτην,</span> <span class='ocrx_word' id='word_1_227' title='bbox 642 1091 740 1125; x_wconf 85' lang='grc' dir='ltr'>λέγων·</span> <span class='ocrx_word' id='word_1_228' title='bbox 762 1091 825 1123; x_wconf 84' lang='grc' dir='ltr'><strong>Πῶς</strong></span> <span class='ocrx_word' id='word_1_229' title='bbox 844 1091 936 1124; x_wconf 84' lang='grc' dir='ltr'>καλῶς</span> 
     </span>
    </p>
   </div>
   <div class='ocr_carea' id='block_1_37' title="bbox 140 1137 935 1173">
    <p class='ocr_par' dir='ltr' id='par_1_37' title="bbox 140 1137 935 1173">
     <span class='ocr_line' id='line_1_37' title="bbox 140 1137 935 1173; baseline 0 -10"><span class='ocrx_word' id='word_1_230' title='bbox 140 1138 209 1168; x_wconf 72' lang='grc' dir='ltr'>ἐστι,</span> <span class='ocrx_word' id='word_1_231' title='bbox 217 1137 408 1172; x_wconf 81' lang='grc' dir='ltr'>Πάτερ;δόξαν</span> <span class='ocrx_word' id='word_1_232' title='bbox 418 1139 633 1173; x_wconf 69' lang='grc' dir='ltr'>περιποιήσομκι</span> <span class='ocrx_word' id='word_1_233' title='bbox 646 1137 768 1172; x_wconf 76' lang='grc' dir='ltr'>ἐμαυτῷ,</span> <span class='ocrx_word' id='word_1_234' title='bbox 779 1138 794 1172; x_wconf 83' lang='grc' dir='ltr'>ἢ</span> <span class='ocrx_word' id='word_1_235' title='bbox 805 1137 916 1173; x_wconf 82' lang='grc' dir='ltr'>ἀτιμίαν</span> <span class='ocrx_word' id='word_1_236' title='bbox 927 1146 935 1171; x_wconf 89' lang='lat'><strong>;</strong></span> 
     </span>
    </p>
   </div>
   <div class='ocr_carea' id='block_1_38' title="bbox 146 1183 937 1219">
    <p class='ocr_par' dir='ltr' id='par_1_38' title="bbox 146 1183 937 1219">
     <span class='ocr_line' id='line_1_38' title="bbox 146 1183 937 1219; baseline 0.001 -9"><span class='ocrx_word' id='word_1_237' title='bbox 146 1185 176 1210; x_wconf 88' lang='lat'>&#39;0</span> <span class='ocrx_word' id='word_1_238' title='bbox 191 1184 220 1210; x_wconf 82' lang='grc' dir='ltr'><strong>δὲ</strong></span> <span class='ocrx_word' id='word_1_239' title='bbox 236 1184 325 1219; x_wconf 82' lang='grc' dir='ltr'>γέρων</span> <span class='ocrx_word' id='word_1_240' title='bbox 339 1183 431 1218; x_wconf 75' lang='grc' dir='ltr'>λέγει’</span> <span class='ocrx_word' id='word_1_241' title='bbox 447 1184 522 1215; x_wconf 82' lang='grc' dir='ltr'><strong>Τέως</strong></span> <span class='ocrx_word' id='word_1_242' title='bbox 539 1183 594 1218; x_wconf 75' lang='grc' dir='ltr'><strong>ἐγὼ</strong></span> <span class='ocrx_word' id='word_1_243' title='bbox 619 1183 689 1210; x_wconf 82' lang='grc' dir='ltr'>θέλω</span> <span class='ocrx_word' id='word_1_244' title='bbox 704 1184 937 1219; x_wconf 79' lang='grc' dir='ltr'>περιποιήσασθαι</span> 
     </span>
    </p>
   </div>
   <div class='ocr_carea' id='block_1_39' title="bbox 140 1229 938 1266">
    <p class='ocr_par' dir='ltr' id='par_1_39' title="bbox 140 1229 938 1266">
     <span class='ocr_line' id='line_1_39' title="bbox 140 1229 938 1266; baseline 0.001 -10"><span class='ocrx_word' id='word_1_245' title='bbox 140 1230 228 1262; x_wconf 78' lang='grc' dir='ltr'><strong>δόξαν,</strong></span> <span class='ocrx_word' id='word_1_246' title='bbox 247 1230 263 1265; x_wconf 84' lang='grc' dir='ltr'>ἦ</span> <span class='ocrx_word' id='word_1_247' title='bbox 275 1230 400 1265; x_wconf 78' lang='grc' dir='ltr'>ἀτιμίαν.</span> <span class='ocrx_word' id='word_1_248' title='bbox 418 1229 482 1256; x_wconf 80' lang='grc' dir='ltr'><strong>Ἐὰν</strong></span> <span class='ocrx_word' id='word_1_249' title='bbox 496 1230 550 1266; x_wconf 81' lang='grc' dir='ltr'>γὰρ</span> <span class='ocrx_word' id='word_1_250' title='bbox 566 1230 672 1265; x_wconf 78' lang='grc' dir='ltr'>ποιήσω</span> <span class='ocrx_word' id='word_1_251' title='bbox 685 1229 768 1257; x_wconf 80' lang='grc' dir='ltr'>καλὸν</span> <span class='ocrx_word' id='word_1_252' title='bbox 787 1229 877 1265; x_wconf 73' lang='grc' dir='ltr'>ἔργον,</span> <span class='ocrx_word' id='word_1_253' title='bbox 891 1231 938 1257; x_wconf 78' lang='grc' dir='ltr'>καὶ</span> 
     </span>
    </p>
   </div>
   <div class='ocr_carea' id='block_1_40' title="bbox 140 1275 936 1312">
    <p class='ocr_par' dir='ltr' id='par_1_40' title="bbox 140 1275 936 1312">
     <span class='ocr_line' id='line_1_40' title="bbox 140 1275 936 1312; baseline 0.001 -10"><span class='ocrx_word' id='word_1_254' title='bbox 140 1275 273 1308; x_wconf 74' lang='grc' dir='ltr'>ὃοξασθῶ,</span> <span class='ocrx_word' id='word_1_255' title='bbox 285 1275 404 1312; x_wconf 88' lang='grc' dir='ltr'>δύναμαι</span> <span class='ocrx_word' id='word_1_256' title='bbox 421 1277 585 1312; x_wconf 84' lang='grc' dir='ltr'>κατακρῐναι</span> <span class='ocrx_word' id='word_1_257' title='bbox 605 1277 651 1303; x_wconf 86' lang='grc' dir='ltr'><strong>τὸν</strong></span> <span class='ocrx_word' id='word_1_258' title='bbox 670 1277 801 1312; x_wconf 87' lang='grc' dir='ltr'>λογισμόν</span> <span class='ocrx_word' id='word_1_259' title='bbox 818 1285 879 1312; x_wconf 75' lang='grc' dir='ltr'>μου,</span> <span class='ocrx_word' id='word_1_260' title='bbox 895 1277 936 1303; x_wconf 84' lang='grc' dir='ltr'><strong>ὅτι</strong></span> 
     </span>
    </p>
   </div>
   <div class='ocr_carea' id='block_1_41' title="bbox 140 1321 936 1358">
    <p class='ocr_par' dir='ltr' id='par_1_41' title="bbox 140 1321 936 1358">
     <span class='ocr_line' id='line_1_41' title="bbox 140 1321 936 1358; baseline 0 -10"><span class='ocrx_word' id='word_1_261' title='bbox 140 1322 191 1348; x_wconf 73' lang='grc' dir='ltr'>οὐκ</span> <span class='ocrx_word' id='word_1_262' title='bbox 205 1321 263 1357; x_wconf 74' lang='grc' dir='ltr'>εἰμὶ</span> <span class='ocrx_word' id='word_1_263' title='bbox 283 1321 358 1355; x_wconf 73' lang='grc' dir='ltr'>ἄξιος</span> <span class='ocrx_word' id='word_1_264' title='bbox 377 1322 427 1357; x_wconf 83' lang='grc' dir='ltr'><strong>τῆς</strong></span> <span class='ocrx_word' id='word_1_265' title='bbox 443 1322 523 1357; x_wconf 76' lang='grc' dir='ltr'><strong>δόξης</strong></span> <span class='ocrx_word' id='word_1_266' title='bbox 546 1321 664 1358; x_wconf 88' lang='grc' dir='ltr'>ταύτης·</span> <span class='ocrx_word' id='word_1_267' title='bbox 684 1322 700 1358; x_wconf 87' lang='grc' dir='ltr'><strong>ή</strong></span> <span class='ocrx_word' id='word_1_268' title='bbox 718 1322 746 1348; x_wconf 81' lang='grc' dir='ltr'><strong>δὲ</strong></span> <span class='ocrx_word' id='word_1_269' title='bbox 762 1322 858 1357; x_wconf 83' lang='grc' dir='ltr'>ἀτιμία</span> <span class='ocrx_word' id='word_1_270' title='bbox 882 1321 936 1348; x_wconf 77' lang='grc' dir='ltr'>ἀπὸ</span> 
     </span>
    </p>
   </div>
   <div class='ocr_carea' id='block_1_42' title="bbox 141 1366 936 1404">
    <p class='ocr_par' dir='ltr' id='par_1_42' title="bbox 141 1366 936 1404">
     <span class='ocr_line' id='line_1_42' title="bbox 141 1366 936 1404; baseline 0.001 -10"><span class='ocrx_word' id='word_1_271' title='bbox 141 1367 252 1403; x_wconf 79' lang='grc' dir='ltr'>φαύλων</span> <span class='ocrx_word' id='word_1_272' title='bbox 264 1368 435 1403; x_wconf 80' lang='grc' dir='ltr'>πραγμάτων</span> <span class='ocrx_word' id='word_1_273' title='bbox 451 1368 567 1402; x_wconf 86' lang='grc' dir='ltr'>γίνεται.</span> <span class='ocrx_word' id='word_1_274' title='bbox 579 1368 641 1399; x_wconf 85' lang='grc' dir='ltr'><strong>Πῶς</strong></span> <span class='ocrx_word' id='word_1_275' title='bbox 653 1366 700 1395; x_wconf 78' lang='grc' dir='ltr'><strong>οὖν</strong></span> <span class='ocrx_word' id='word_1_276' title='bbox 716 1368 834 1404; x_wconf 85' lang='grc' dir='ltr'>δύναμαι</span> <span class='ocrx_word' id='word_1_277' title='bbox 849 1377 936 1404; x_wconf 80' lang='grc' dir='ltr'>παρα-</span> 
     </span>
    </p>
   </div>
   <div class='ocr_carea' id='block_1_43' title="bbox 141 1414 938 1450">
    <p class='ocr_par' dir='ltr' id='par_1_43' title="bbox 141 1414 938 1450">
     <span class='ocr_line' id='line_1_43' title="bbox 141 1414 938 1450; baseline 0.003 -10"><span class='ocrx_word' id='word_1_278' title='bbox 141 1414 255 1441; x_wconf 77' lang='grc' dir='ltr'>καλέσαι</span> <span class='ocrx_word' id='word_1_279' title='bbox 272 1414 321 1450; x_wconf 83' lang='grc' dir='ltr'>τὴν</span> <span class='ocrx_word' id='word_1_280' title='bbox 343 1414 459 1450; x_wconf 80' lang='grc' dir='ltr'>καρδίαν</span> <span class='ocrx_word' id='word_1_281' title='bbox 477 1423 539 1450; x_wconf 84' lang='grc' dir='ltr'>μου,</span> <span class='ocrx_word' id='word_1_282' title='bbox 560 1415 809 1441; x_wconf 80' lang='grc' dir='ltr'>σκανδαλισοέντων</span> <span class='ocrx_word' id='word_1_283' title='bbox 830 1415 860 1441; x_wconf 79' lang='grc' dir='ltr'>ἐν</span> <span class='ocrx_word' id='word_1_284' title='bbox 875 1415 938 1450; x_wconf 80' lang='grc' dir='ltr'>ἐμοὶ</span> 
     </span>
    </p>
   </div>
   <div class='ocr_carea' id='block_1_44' title="bbox 140 1458 937 1496">
    <p class='ocr_par' dir='ltr' id='par_1_44' title="bbox 140 1458 937 1496">
     <span class='ocr_line' id='line_1_44' title="bbox 140 1458 937 1496; baseline 0.001 -9"><span class='ocrx_word' id='word_1_285' title='bbox 140 1460 195 1487; x_wconf 72' lang='grc' dir='ltr'>τῶν</span> <span class='ocrx_word' id='word_1_286' title='bbox 210 1459 380 1496; x_wconf 81' lang='grc' dir='ltr'><strong>ἁνθρὼπων;</strong></span> <span class='ocrx_word' id='word_1_287' title='bbox 405 1461 531 1495; x_wconf 86' lang='grc' dir='ltr'>κρεῖσσον</span> <span class='ocrx_word' id='word_1_288' title='bbox 546 1458 593 1487; x_wconf 81' lang='grc' dir='ltr'><strong>οὖν</strong></span> <span class='ocrx_word' id='word_1_289' title='bbox 613 1461 644 1487; x_wconf 81' lang='grc' dir='ltr'>τὸ</span> <span class='ocrx_word' id='word_1_290' title='bbox 660 1461 762 1495; x_wconf 80' lang='grc' dir='ltr'>ἀγαθὸν</span> <span class='ocrx_word' id='word_1_291' title='bbox 775 1462 871 1493; x_wconf 82' lang='grc' dir='ltr'>ποιεῖν,</span> <span class='ocrx_word' id='word_1_292' title='bbox 889 1461 937 1489; x_wconf 74' lang='grc' dir='ltr'><strong>καὶ</strong></span> 
     </span>
    </p>
   </div>
   <div class='ocr_carea' id='block_1_45' title="bbox 140 1504 960 1542">
    <p class='ocr_par' dir='ltr' id='par_1_45' title="bbox 140 1504 960 1542">
     <span class='ocr_line' id='line_1_45' title="bbox 140 1504 960 1542; baseline 0.002 -10"><span class='ocrx_word' id='word_1_293' title='bbox 140 1506 310 1539; x_wconf 73' lang='grc' dir='ltr'>δοξάζεσθαι.</span> <span class='ocrx_word' id='word_1_294' title='bbox 327 1507 357 1533; x_wconf 85' lang='lat' dir='ltr'><strong>&#39;U</strong></span> <span class='ocrx_word' id='word_1_295' title='bbox 369 1506 398 1533; x_wconf 77' lang='grc' dir='ltr'><strong>δὲ</strong></span> <span class='ocrx_word' id='word_1_296' title='bbox 411 1506 497 1538; x_wconf 76' lang='grc' dir='ltr'><strong>ἀὸδᾶς</strong></span> <span class='ocrx_word' id='word_1_297' title='bbox 513 1506 641 1542; x_wconf 77' lang='grc' dir='ltr'>Ἀϐραὰμ</span> <span class='ocrx_word' id='word_1_298' title='bbox 652 1504 723 1534; x_wconf 83' lang='grc' dir='ltr'>εἷπε·</span> <span class='ocrx_word' id='word_1_299' title='bbox 735 1507 833 1539; x_wconf 84' lang='grc' dir='ltr'>Καλῶς</span> <span class='ocrx_word' id='word_1_300' title='bbox 843 1505 936 1540; x_wconf 84' lang='grc' dir='ltr'>εἶπας,</span> <span class='ocrx_word' id='word_1_301' title='bbox 958 1509 960 1511; x_wconf 73' lang='grc'><em>’</em></span> 
     </span>
    </p>
   </div>
   <div class='ocr_carea' id='block_1_46' title="bbox 141 1553 245 1588">
    <p class='ocr_par' dir='ltr' id='par_1_46' title="bbox 141 1553 245 1588">
     <span class='ocr_line' id='line_1_46' title="bbox 141 1553 245 1588; baseline 0.01 -8"><span class='ocrx_word' id='word_1_302' title='bbox 141 1553 245 1588; x_wconf 66' lang='grc' dir='ltr'>Πάτερ.</span> 
     </span>
    </p>
   </div>
   <div class='ocr_carea' id='block_1_47' title="bbox 177 1639 936 1676">
    <p class='ocr_par' dir='ltr' id='par_1_47' title="bbox 177 1639 936 1676">
     <span class='ocr_line' id='line_1_47' title="bbox 177 1639 936 1676; baseline 0.001 -9"><span class='ocrx_word' id='word_1_303' title='bbox 177 1640 210 1676; x_wconf 82' lang='grc' dir='ltr'><strong>β’.</strong></span> <span class='ocrx_word' id='word_1_304' title='bbox 234 1639 318 1668; x_wconf 78' lang='grc' dir='ltr'>Εἶπεν</span> <span class='ocrx_word' id='word_1_305' title='bbox 334 1641 348 1668; x_wconf 91' lang='lat'><strong>6</strong></span> <span class='ocrx_word' id='word_1_306' title='bbox 365 1640 452 1673; x_wconf 78' lang='grc' dir='ltr'><strong>ἀϐὂᾶς</strong></span> <span class='ocrx_word' id='word_1_307' title='bbox 465 1641 602 1673; x_wconf 64' lang='grc' dir='ltr'>Θεόδοτος*</span> <span class='ocrx_word' id='word_1_308' title='bbox 621 1641 652 1668; x_wconf 85' lang='grc' dir='ltr'><strong><em>Ἠ</em></strong></span> <span class='ocrx_word' id='word_1_309' title='bbox 671 1641 758 1668; x_wconf 81' lang='grc' dir='ltr'>ἔνδεια</span> <span class='ocrx_word' id='word_1_310' title='bbox 775 1641 820 1668; x_wconf 86' lang='grc' dir='ltr'>τοῦ</span> <span class='ocrx_word' id='word_1_311' title='bbox 851 1641 936 1673; x_wconf 78' lang='grc' dir='ltr'>ἄρτου</span> 
     </span>
    </p>
   </div>
   <div class='ocr_carea' id='block_1_48' title="bbox 140 1687 935 1723">
    <p class='ocr_par' dir='ltr' id='par_1_48' title="bbox 140 1687 935 1723">
     <span class='ocr_line' id='line_1_48' title="bbox 140 1687 935 1723; baseline 0.001 -10"><span class='ocrx_word' id='word_1_312' title='bbox 140 1688 220 1722; x_wconf 81' lang='grc' dir='ltr'>τήκει</span> <span class='ocrx_word' id='word_1_313' title='bbox 234 1687 264 1714; x_wconf 80' lang='grc' dir='ltr'>τὸ</span> <span class='ocrx_word' id='word_1_314' title='bbox 281 1687 362 1722; x_wconf 82' lang='grc' dir='ltr'>σῶμα</span> <span class='ocrx_word' id='word_1_315' title='bbox 377 1687 425 1714; x_wconf 84' lang='grc' dir='ltr'>τοῦ</span> <span class='ocrx_word' id='word_1_316' title='bbox 437 1687 567 1723; x_wconf 82' lang='grc' dir='ltr'>μοναχοῦ.</span> <span class='ocrx_word' id='word_1_317' title='bbox 586 1687 682 1719; x_wconf 80' lang='grc' dir='ltr'>Ἀλλος</span> <span class='ocrx_word' id='word_1_318' title='bbox 692 1687 719 1714; x_wconf 83' lang='grc' dir='ltr'><strong>δὲ</strong></span> <span class='ocrx_word' id='word_1_319' title='bbox 732 1687 820 1723; x_wconf 86' lang='grc' dir='ltr'>γέρων</span> <span class='ocrx_word' id='word_1_320' title='bbox 832 1687 935 1722; x_wconf 73' lang='grc' dir='ltr'>ἔλεγεν,</span> 
     </span>
    </p>
   </div>
   <div class='ocr_carea' id='block_1_49' title="bbox 141 1733 723 1778">
    <p class='ocr_par' dir='ltr' id='par_1_49' title="bbox 141 1733 723 1778">
     <span class='ocr_line' id='line_1_49' title="bbox 141 1733 723 1778; baseline 0 -18"><span class='ocrx_word' id='word_1_321' title='bbox 141 1733 184 1778; x_wconf 73' lang='grc' dir='ltr'>ὅτι</span> <span class='ocrx_word' id='word_1_322' title='bbox 200 1734 217 1769; x_wconf 86' lang='grc' dir='ltr'>ὴ</span> <span class='ocrx_word' id='word_1_323' title='bbox 237 1733 377 1769; x_wconf 78' lang='grc' dir='ltr'>ἀγρυπνία</span> <span class='ocrx_word' id='word_1_324' title='bbox 394 1734 474 1760; x_wconf 84' lang='grc' dir='ltr'>πλέον</span> <span class='ocrx_word' id='word_1_325' title='bbox 489 1735 568 1770; x_wconf 85' lang='grc' dir='ltr'>τήκει</span> <span class='ocrx_word' id='word_1_326' title='bbox 582 1734 612 1760; x_wconf 81' lang='grc' dir='ltr'>τὸ</span> <span class='ocrx_word' id='word_1_327' title='bbox 632 1733 723 1769; x_wconf 81' lang='grc' dir='ltr'>σῶμα.</span> 
     </span>
    </p>
   </div>
   <div class='ocr_carea' id='block_1_50' title="bbox 359 1800 714 1835">
    <p class='ocr_par' dir='ltr' id='par_1_50' title="bbox 359 1800 714 1835">
     <span class='ocr_line' id='line_1_50' title="bbox 359 1800 714 1835; baseline 0 -8"><span class='ocrx_word' id='word_1_328' title='bbox 359 1801 430 1835; x_wconf 75' lang='grc' dir='ltr'>Περὶ</span> <span class='ocrx_word' id='word_1_329' title='bbox 447 1801 501 1828; x_wconf 83' lang='grc' dir='ltr'>τοῦ</span> <span class='ocrx_word' id='word_1_330' title='bbox 516 1800 591 1828; x_wconf 73' lang='grc' dir='ltr'><strong>ἀόϐᾱ</strong></span> <span class='ocrx_word' id='word_1_331' title='bbox 605 1800 714 1828; x_wconf 76' lang='grc' dir='ltr'>Θεωνᾶ.</span> 
     </span>
    </p>
   </div>
   <div class='ocr_carea' id='block_1_51' title="bbox 176 1856 936 1894">
    <p class='ocr_par' dir='ltr' id='par_1_51' title="bbox 176 1856 936 1894">
     <span class='ocr_line' id='line_1_51' title="bbox 176 1856 936 1894; baseline -0.001 -8"><span class='ocrx_word' id='word_1_332' title='bbox 176 1856 260 1886; x_wconf 72' lang='grc' dir='ltr'>Εἶπεν</span> <span class='ocrx_word' id='word_1_333' title='bbox 274 1859 288 1886; x_wconf 94' lang='lat'><strong>6</strong></span> <span class='ocrx_word' id='word_1_334' title='bbox 302 1858 389 1890; x_wconf 79' lang='grc' dir='ltr'><strong>ἀόὁᾶς</strong></span> <span class='ocrx_word' id='word_1_335' title='bbox 402 1859 511 1891; x_wconf 86' lang='grc' dir='ltr'>Θεωνᾶς</span> <span class='ocrx_word' id='word_1_336' title='bbox 520 1867 526 1874; x_wconf 90' lang='grc'><strong>·</strong></span> <span class='ocrx_word' id='word_1_337' title='bbox 543 1858 592 1885; x_wconf 87' lang='grc' dir='ltr'><strong>Διὰ</strong></span> <span class='ocrx_word' id='word_1_338' title='bbox 605 1858 635 1884; x_wconf 84' lang='grc' dir='ltr'>τὸ</span> <span class='ocrx_word' id='word_1_339' title='bbox 656 1858 877 1894; x_wconf 79' lang='grc' dir='ltr'>ἀπασχιιληοῆναι</span> <span class='ocrx_word' id='word_1_340' title='bbox 890 1859 936 1885; x_wconf 84' lang='grc' dir='ltr'><strong>τὸν</strong></span> 
     </span>
    </p>
   </div>
   <div class='ocr_carea' id='block_1_52' title="bbox 143 1904 936 1941">
    <p class='ocr_par' dir='ltr' id='par_1_52' title="bbox 143 1904 936 1941">
     <span class='ocr_line' id='line_1_52' title="bbox 143 1904 936 1941; baseline -0.003 -8"><span class='ocrx_word' id='word_1_341' title='bbox 143 1905 206 1933; x_wconf 85' lang='grc' dir='ltr'>νοῦν</span> <span class='ocrx_word' id='word_1_342' title='bbox 217 1906 270 1932; x_wconf 68' lang='grc' dir='ltr'><strong>ἀπὸ</strong></span> <span class='ocrx_word' id='word_1_343' title='bbox 283 1906 332 1941; x_wconf 83' lang='grc' dir='ltr'>τῆς</span> <span class='ocrx_word' id='word_1_344' title='bbox 344 1906 384 1937; x_wconf 80' lang='grc' dir='ltr'>είς</span> <span class='ocrx_word' id='word_1_345' title='bbox 398 1905 464 1931; x_wconf 80' lang='grc' dir='ltr'>Θεὸν</span> <span class='ocrx_word' id='word_1_346' title='bbox 478 1905 604 1941; x_wconf 77' lang='grc' dir='ltr'>θεωρίας,</span> <span class='ocrx_word' id='word_1_347' title='bbox 615 1904 872 1940; x_wconf 73' lang='grc' dir='ltr'>αἱχμαλωτιζὸμεθα</span> <span class='ocrx_word' id='word_1_348' title='bbox 883 1904 936 1931; x_wconf 83' lang='grc' dir='ltr'><strong>ὑπὸ</strong></span> 
     </span>
    </p>
   </div>
   <div class='ocr_carea' id='block_1_53' title="bbox 142 1951 541 1988">
    <p class='ocr_par' dir='ltr' id='par_1_53' title="bbox 142 1951 541 1988">
     <span class='ocr_line' id='line_1_53' title="bbox 142 1951 541 1988; baseline -0.008 -7"><span class='ocrx_word' id='word_1_349' title='bbox 142 1952 199 1981; x_wconf 81' lang='grc' dir='ltr'>τῶν</span> <span class='ocrx_word' id='word_1_350' title='bbox 214 1952 308 1980; x_wconf 86' lang='grc' dir='ltr'>παθῶν</span> <span class='ocrx_word' id='word_1_351' title='bbox 322 1952 376 1979; x_wconf 85' lang='grc' dir='ltr'>τῶν</span> <span class='ocrx_word' id='word_1_352' title='bbox 391 1951 541 1988; x_wconf 84' lang='grc' dir='ltr'>σαρκικῶν.</span> 
     </span>
    </p>
   </div>
   <div class='ocr_carea' id='block_1_54' title="bbox 258 2007 818 2042">
    <p class='ocr_par' dir='ltr' id='par_1_54' title="bbox 258 2007 818 2042">
     <span class='ocr_line' id='line_1_54' title="bbox 258 2007 818 2042; baseline -0.002 -7"><span class='ocrx_word' id='word_1_353' title='bbox 258 2009 329 2042; x_wconf 79' lang='grc' dir='ltr'>Περὶ</span> <span class='ocrx_word' id='word_1_354' title='bbox 345 2008 494 2042; x_wconf 74' lang='grc' dir='ltr'>Θεοφίλου</span> <span class='ocrx_word' id='word_1_355' title='bbox 506 2007 559 2035; x_wconf 86' lang='grc' dir='ltr'>τοῦ</span> <span class='ocrx_word' id='word_1_356' title='bbox 569 2007 818 2042; x_wconf 80' lang='grc' dir='ltr'>ἀρχιεπισκόπου.</span> 
     </span>
    </p>
   </div>
   <div class='ocr_carea' id='block_1_55' title="bbox 179 2064 937 2100">
    <p class='ocr_par' dir='ltr' id='par_1_55' title="bbox 179 2064 937 2100">
     <span class='ocr_line' id='line_1_55' title="bbox 179 2064 937 2100; baseline -0.001 -8"><span class='ocrx_word' id='word_1_357' title='bbox 179 2068 212 2092; x_wconf 89' lang='grc' dir='ltr'>α’.</span> <span class='ocrx_word' id='word_1_358' title='bbox 233 2064 263 2092; x_wconf 88' lang='lat'><strong>&#39;0</strong></span> <span class='ocrx_word' id='word_1_359' title='bbox 283 2064 417 2100; x_wconf 84' lang='grc' dir='ltr'>μακάριος</span> <span class='ocrx_word' id='word_1_360' title='bbox 434 2064 563 2099; x_wconf 82' lang='grc' dir='ltr'>Θεόφιλος</span> <span class='ocrx_word' id='word_1_361' title='bbox 592 2065 606 2091; x_wconf 88' lang='lat'><strong>6</strong></span> <span class='ocrx_word' id='word_1_362' title='bbox 623 2064 840 2100; x_wconf 79' lang='grc' dir='ltr'>ἀρχιεπίσκοπος</span> <span class='ocrx_word' id='word_1_363' title='bbox 866 2072 937 2100; x_wconf 80' lang='grc' dir='ltr'>παρ-</span> 
     </span>
    </p>
   </div>
   <div class='ocr_carea' id='block_1_56' title="bbox 145 2107 936 2146">
    <p class='ocr_par' dir='ltr' id='par_1_56' title="bbox 145 2107 936 2146">
     <span class='ocr_line' id='line_1_56' title="bbox 145 2107 936 2146; baseline -0.001 -9"><span class='ocrx_word' id='word_1_364' title='bbox 145 2111 227 2138; x_wconf 75' lang='grc' dir='ltr'><strong>ἐσαλέ</strong></span> <span class='ocrx_word' id='word_1_365' title='bbox 249 2120 315 2138; x_wconf 86' lang='grc' dir='ltr'>ποτε</span> <span class='ocrx_word' id='word_1_366' title='bbox 340 2112 380 2142; x_wconf 80' lang='grc' dir='ltr'><strong>εἰς</strong></span> <span class='ocrx_word' id='word_1_367' title='bbox 402 2111 432 2137; x_wconf 82' lang='grc' dir='ltr'>τὸ</span> <span class='ocrx_word' id='word_1_368' title='bbox 449 2110 512 2146; x_wconf 76' lang='grc' dir='ltr'>ὅρος</span> <span class='ocrx_word' id='word_1_369' title='bbox 534 2111 583 2146; x_wconf 82' lang='grc' dir='ltr'>τῆς</span> <span class='ocrx_word' id='word_1_370' title='bbox 605 2110 736 2146; x_wconf 84' lang='grc' dir='ltr'>Νιτρίας·</span> <span class='ocrx_word' id='word_1_371' title='bbox 758 2111 804 2137; x_wconf 73' lang='grc' dir='ltr'><strong>καὶ</strong></span> <span class='ocrx_word' id='word_1_372' title='bbox 827 2107 936 2146; x_wconf 83' lang='grc' dir='ltr'>ἧλθενό</span> 
     </span>
    </p>
   </div>
   <div class='ocr_carea' id='block_1_57' title="bbox 145 2156 938 2193">
    <p class='ocr_par' dir='ltr' id='par_1_57' title="bbox 145 2156 938 2193">
     <span class='ocr_line' id='line_1_57' title="bbox 145 2156 938 2193; baseline -0.001 -9"><span class='ocrx_word' id='word_1_373' title='bbox 145 2157 230 2189; x_wconf 77' lang='grc' dir='ltr'><strong>ἁὸῦᾶς</strong></span> <span class='ocrx_word' id='word_1_374' title='bbox 242 2157 288 2184; x_wconf 86' lang='grc' dir='ltr'>τοῦ</span> <span class='ocrx_word' id='word_1_375' title='bbox 300 2157 380 2193; x_wconf 80' lang='grc' dir='ltr'>ὅρους</span> <span class='ocrx_word' id='word_1_376' title='bbox 393 2157 462 2193; x_wconf 79' lang='grc' dir='ltr'>πρὸς</span> <span class='ocrx_word' id='word_1_377' title='bbox 474 2158 564 2184; x_wconf 86' lang='grc' dir='ltr'>αὐτόν.</span> <span class='ocrx_word' id='word_1_378' title='bbox 579 2157 634 2184; x_wconf 75' lang='grc' dir='ltr'><strong>Καὶ</strong></span> <span class='ocrx_word' id='word_1_379' title='bbox 650 2157 724 2191; x_wconf 82' lang='grc' dir='ltr'>λέγει</span> <span class='ocrx_word' id='word_1_380' title='bbox 739 2156 813 2192; x_wconf 84' lang='grc' dir='ltr'>αὑτῷ</span> <span class='ocrx_word' id='word_1_381' title='bbox 835 2158 849 2183; x_wconf 90' lang='lat'><strong>6</strong></span> <span class='ocrx_word' id='word_1_382' title='bbox 859 2157 938 2192; x_wconf 83' lang='grc' dir='ltr'>ἁρχι-</span> 
     </span>
    </p>
   </div>
   <div class='ocr_carea' id='block_1_58' title="bbox 144 2200 935 2239">
    <p class='ocr_par' dir='ltr' id='par_1_58' title="bbox 144 2200 935 2239">
     <span class='ocr_line' id='line_1_58' title="bbox 144 2200 935 2239; baseline 0.001 -11"><span class='ocrx_word' id='word_1_383' title='bbox 144 2202 307 2234; x_wconf 75' lang='grc' dir='ltr'>επίσκοπος·</span> <span class='ocrx_word' id='word_1_384' title='bbox 326 2200 444 2238; x_wconf 74' lang='grc' dir='ltr'>Τίεῦρες</span> <span class='ocrx_word' id='word_1_385' title='bbox 460 2204 489 2229; x_wconf 80' lang='grc' dir='ltr'>ὲν</span> <span class='ocrx_word' id='word_1_386' title='bbox 504 2204 536 2238; x_wconf 83' lang='grc' dir='ltr'>τῇ</span> <span class='ocrx_word' id='word_1_387' title='bbox 551 2202 603 2238; x_wconf 83' lang='grc' dir='ltr'><strong>ὁδῷ</strong></span> <span class='ocrx_word' id='word_1_388' title='bbox 620 2203 706 2239; x_wconf 82' lang='grc' dir='ltr'>ταύτῃ</span> <span class='ocrx_word' id='word_1_389' title='bbox 724 2203 815 2235; x_wconf 83' lang='grc' dir='ltr'>πλέον,</span> <span class='ocrx_word' id='word_1_390' title='bbox 828 2203 935 2239; x_wconf 84' lang='grc' dir='ltr'>Πάτερ;</span> 
     </span>
    </p>
   </div>
   <div class='ocr_carea' id='block_1_59' title="bbox 987 934 1277 970">
    <p class='ocr_par' dir='ltr' id='par_1_59' title="bbox 987 934 1277 970">
     <span class='ocr_line' id='line_1_59' title="bbox 987 934 1277 970; baseline -0.003 -10"><span class='ocrx_word' id='word_1_391' title='bbox 987 934 1076 970; x_wconf 80' lang='lat' dir='ltr'><strong>surgit</strong></span> <span class='ocrx_word' id='word_1_392' title='bbox 1092 937 1122 961; x_wconf 89' lang='lat' dir='ltr'><strong>ut</strong></span> <span class='ocrx_word' id='word_1_393' title='bbox 1137 937 1277 968; x_wconf 86' lang='lat' dir='ltr'><strong>precetur.</strong></span> 
     </span>
    </p>
   </div>
   <div class='ocr_carea' id='block_1_60' title="bbox 1083 989 1672 1024">
    <p class='ocr_par' dir='ltr' id='par_1_60' title="bbox 1083 989 1672 1024">
     <span class='ocr_line' id='line_1_60' title="bbox 1083 989 1672 1024; baseline -0.003 -6"><span class='ocrx_word' id='word_1_394' title='bbox 1083 990 1121 1018; x_wconf 78' lang='lat' dir='ltr'><strong>De</strong></span> <span class='ocrx_word' id='word_1_395' title='bbox 1140 990 1235 1018; x_wconf 76' lang='lat' dir='ltr'><strong>abbate</strong></span> <span class='ocrx_word' id='word_1_396' title='bbox 1253 989 1389 1018; x_wconf 81' lang='lat' dir='ltr'><strong>Theodoro</strong></span> <span class='ocrx_word' id='word_1_397' title='bbox 1409 989 1672 1024; x_wconf 80' lang='lat' dir='ltr'><strong>Eleutheropolilano</strong></span> 
     </span>
    </p>
   </div>
   <div class='ocr_carea' id='block_1_61' title="bbox 1023 1044 1777 1082">
    <p class='ocr_par' dir='ltr' id='par_1_61' title="bbox 1023 1044 1777 1082">
     <span class='ocr_line' id='line_1_61' title="bbox 1023 1044 1777 1082; baseline -0.004 -8"><span class='ocrx_word' id='word_1_398' title='bbox 1023 1048 1049 1075; x_wconf 80' lang='grc' dir='ltr'><strong>Ι.</strong></span> <span class='ocrx_word' id='word_1_399' title='bbox 1069 1045 1251 1082; x_wconf 78' lang='lat' dir='ltr'><strong>Interrogavit</strong></span> <span class='ocrx_word' id='word_1_400' title='bbox 1273 1047 1358 1074; x_wconf 87' lang='lat' dir='ltr'><strong>abbas</strong></span> <span class='ocrx_word' id='word_1_401' title='bbox 1374 1046 1512 1073; x_wconf 77' lang='lat' dir='ltr'><strong>Abraham</strong></span> <span class='ocrx_word' id='word_1_402' title='bbox 1535 1044 1630 1073; x_wconf 87' lang='lat' dir='ltr'><strong>Iberus</strong></span> <span class='ocrx_word' id='word_1_403' title='bbox 1651 1045 1777 1072; x_wconf 84' lang='lat' dir='ltr'><strong>abbatem</strong></span> 
     </span>
    </p>
   </div>
   <div class='ocr_carea' id='block_1_62' title="bbox 986 1089 1777 1127">
    <p class='ocr_par' dir='ltr' id='par_1_62' title="bbox 986 1089 1777 1127">
     <span class='ocr_line' id='line_1_62' title="bbox 986 1089 1777 1127; baseline -0.008 -5"><span class='ocrx_word' id='word_1_404' title='bbox 986 1093 1160 1122; x_wconf 89' lang='lat' dir='ltr'><strong>Theodorum</strong></span> <span class='ocrx_word' id='word_1_405' title='bbox 1177 1092 1486 1127; x_wconf 88' lang='lat' dir='ltr'><strong>Eleutheropolitanum,</strong></span> <span class='ocrx_word' id='word_1_406' title='bbox 1501 1090 1597 1118; x_wconf 78' lang='lat' dir='ltr'><strong>dicens</strong></span> <span class='ocrx_word' id='word_1_407' title='bbox 1613 1099 1619 1117; x_wconf 95' lang='lat'>:</span> <span class='ocrx_word' id='word_1_408' title='bbox 1634 1089 1777 1122; x_wconf 87' lang='lat' dir='ltr'><strong>Quomodo</strong></span> 
     </span>
    </p>
   </div>
   <div class='ocr_carea' id='block_1_63' title="bbox 986 1135 1778 1172">
    <p class='ocr_par' dir='ltr' id='par_1_63' title="bbox 986 1135 1778 1172">
     <span class='ocr_line' id='line_1_63' title="bbox 986 1135 1778 1172; baseline -0.008 -4"><span class='ocrx_word' id='word_1_409' title='bbox 986 1146 1062 1168; x_wconf 87' lang='lat' dir='ltr'><strong>recte</strong></span> <span class='ocrx_word' id='word_1_410' title='bbox 1085 1139 1179 1172; x_wconf 83' lang='lat' dir='ltr'><strong>habet,</strong></span> <span class='ocrx_word' id='word_1_411' title='bbox 1203 1138 1301 1166; x_wconf 84' lang='lat' dir='ltr'><strong>Pater?</strong></span> <span class='ocrx_word' id='word_1_412' title='bbox 1323 1138 1444 1166; x_wconf 85' lang='lat' dir='ltr'><strong>Gloriam</strong></span> <span class='ocrx_word' id='word_1_413' title='bbox 1469 1137 1535 1164; x_wconf 91' lang='lat' dir='ltr'><strong>mihi</strong></span> <span class='ocrx_word' id='word_1_414' title='bbox 1556 1135 1712 1169; x_wconf 82' lang='lat' dir='ltr'><strong>vindicabo,</strong></span> <span class='ocrx_word' id='word_1_415' title='bbox 1736 1135 1778 1162; x_wconf 84' lang='lat' dir='ltr'><strong>vel</strong></span> 
     </span>
    </p>
   </div>
   <div class='ocr_carea' id='block_1_64' title="bbox 987 1182 1778 1222">
    <p class='ocr_par' dir='ltr' id='par_1_64' title="bbox 987 1182 1778 1222">
     <span class='ocr_line' id='line_1_64' title="bbox 987 1182 1778 1222; baseline -0.008 -8"><span class='ocrx_word' id='word_1_416' title='bbox 987 1186 1181 1222; x_wconf 73' lang='lat' dir='ltr'><strong>ignominiam?</strong></span> <span class='ocrx_word' id='word_1_417' title='bbox 1196 1185 1285 1213; x_wconf 83' lang='lat' dir='ltr'><strong>Senex</strong></span> <span class='ocrx_word' id='word_1_418' title='bbox 1300 1184 1443 1220; x_wconf 84' lang='lat' dir='ltr'><strong>respondit</strong></span> <span class='ocrx_word' id='word_1_419' title='bbox 1458 1193 1464 1211; x_wconf 95' lang='lat'><strong>:</strong></span> <span class='ocrx_word' id='word_1_420' title='bbox 1482 1183 1538 1219; x_wconf 80' lang='lat' dir='ltr'><strong>Ego</strong></span> <span class='ocrx_word' id='word_1_421' title='bbox 1552 1190 1620 1210; x_wconf 85' lang='lat' dir='ltr'><strong>sane</strong></span> <span class='ocrx_word' id='word_1_422' title='bbox 1635 1183 1707 1209; x_wconf 88' lang='lat' dir='ltr'><strong>malo</strong></span> <span class='ocrx_word' id='word_1_423' title='bbox 1720 1182 1778 1216; x_wconf 74' lang='lat' dir='ltr'><strong>glo-</strong></span> 
     </span>
    </p>
   </div>
   <div class='ocr_carea' id='block_1_65' title="bbox 986 1230 1779 1268">
    <p class='ocr_par' dir='ltr' id='par_1_65' title="bbox 986 1230 1779 1268">
     <span class='ocr_line' id='line_1_65' title="bbox 986 1230 1779 1268; baseline -0.006 -8"><span class='ocrx_word' id='word_1_424' title='bbox 986 1233 1074 1265; x_wconf 86' lang='lat' dir='ltr'><strong>riam,</strong></span> <span class='ocrx_word' id='word_1_425' title='bbox 1100 1240 1182 1268; x_wconf 82' lang='lat' dir='ltr'><strong>quam</strong></span> <span class='ocrx_word' id='word_1_426' title='bbox 1209 1231 1399 1267; x_wconf 80' lang='lat' dir='ltr'><strong>ignominiam.</strong></span> <span class='ocrx_word' id='word_1_427' title='bbox 1426 1230 1455 1257; x_wconf 92' lang='lat' dir='ltr'><strong>Si</strong></span> <span class='ocrx_word' id='word_1_428' title='bbox 1481 1230 1554 1257; x_wconf 87' lang='lat' dir='ltr'><strong>enim</strong></span> <span class='ocrx_word' id='word_1_429' title='bbox 1581 1230 1684 1257; x_wconf 80' lang='lat' dir='ltr'><strong>honuni</strong></span> <span class='ocrx_word' id='word_1_430' title='bbox 1710 1236 1779 1264; x_wconf 88' lang='lat' dir='ltr'><strong>opus</strong></span> 
     </span>
    </p>
   </div>
   <div class='ocr_carea' id='block_1_66' title="bbox 986 1275 1778 1314">
    <p class='ocr_par' dir='ltr' id='par_1_66' title="bbox 986 1275 1778 1314">
     <span class='ocr_line' id='line_1_66' title="bbox 986 1275 1778 1314; baseline -0.005 -8"><span class='ocrx_word' id='word_1_431' title='bbox 986 1287 1077 1314; x_wconf 79' lang='lat' dir='ltr'><strong>egero,</strong></span> <span class='ocrx_word' id='word_1_432' title='bbox 1090 1283 1116 1306; x_wconf 86' lang='lat' dir='ltr'><strong>et</strong></span> <span class='ocrx_word' id='word_1_433' title='bbox 1129 1279 1243 1314; x_wconf 77' lang='lat' dir='ltr'><strong>gloriam</strong></span> <span class='ocrx_word' id='word_1_434' title='bbox 1258 1278 1334 1304; x_wconf 81' lang='lat' dir='ltr'><strong>fuero</strong></span> <span class='ocrx_word' id='word_1_435' title='bbox 1347 1281 1502 1308; x_wconf 89' lang='lat' dir='ltr'><strong>assecutus,</strong></span> <span class='ocrx_word' id='word_1_436' title='bbox 1519 1283 1632 1311; x_wconf 87' lang='lat' dir='ltr'><strong>possum</strong></span> <span class='ocrx_word' id='word_1_437' title='bbox 1647 1275 1778 1303; x_wconf 85' lang='lat' dir='ltr'><strong>damnare</strong></span> 
     </span>
    </p>
   </div>
   <div class='ocr_carea' id='block_1_67' title="bbox 987 1321 1776 1361">
    <p class='ocr_par' dir='ltr' id='par_1_67' title="bbox 987 1321 1776 1361">
     <span class='ocr_line' id='line_1_67' title="bbox 987 1321 1776 1361; baseline -0.005 -9"><span class='ocrx_word' id='word_1_438' title='bbox 987 1325 1182 1361; x_wconf 72' lang='lat' dir='ltr'><strong>cogitationem</strong></span> <span class='ocrx_word' id='word_1_439' title='bbox 1201 1331 1305 1356; x_wconf 81' lang='lat' dir='ltr'><strong>meatu,</strong></span> <span class='ocrx_word' id='word_1_440' title='bbox 1321 1323 1394 1358; x_wconf 80' lang='lat' dir='ltr'><strong>quod</strong></span> <span class='ocrx_word' id='word_1_441' title='bbox 1412 1331 1468 1350; x_wconf 93' lang='lat' dir='ltr'><strong>non</strong></span> <span class='ocrx_word' id='word_1_442' title='bbox 1486 1323 1536 1350; x_wconf 92' lang='lat' dir='ltr'><strong>sim</strong></span> <span class='ocrx_word' id='word_1_443' title='bbox 1554 1322 1655 1357; x_wconf 77' lang='lat' dir='ltr'><strong>dignus</strong></span> <span class='ocrx_word' id='word_1_444' title='bbox 1673 1329 1704 1349; x_wconf 91' lang='lat' dir='ltr'><strong>ea</strong></span> <span class='ocrx_word' id='word_1_445' title='bbox 1722 1321 1776 1356; x_wconf 79' lang='lat' dir='ltr'><strong>glo-</strong></span> 
     </span>
    </p>
   </div>
   <div class='ocr_carea' id='block_1_68' title="bbox 987 1367 1779 1406">
    <p class='ocr_par' dir='ltr' id='par_1_68' title="bbox 987 1367 1779 1406">
     <span class='ocr_line' id='line_1_68' title="bbox 987 1367 1779 1406; baseline -0.004 -8"><span class='ocrx_word' id='word_1_446' title='bbox 987 1372 1038 1399; x_wconf 83' lang='lat' dir='ltr'><strong>ria.</strong></span> <span class='ocrx_word' id='word_1_447' title='bbox 1051 1371 1086 1398; x_wconf 83' lang='lat' dir='ltr'><strong>At</strong></span> <span class='ocrx_word' id='word_1_448' title='bbox 1099 1371 1249 1406; x_wconf 77' lang='lat' dir='ltr'><strong>ignominia</strong></span> <span class='ocrx_word' id='word_1_449' title='bbox 1280 1377 1313 1398; x_wconf 79' lang='lat' dir='ltr'><strong>ex</strong></span> <span class='ocrx_word' id='word_1_450' title='bbox 1327 1370 1419 1405; x_wconf 80' lang='lat' dir='ltr'><strong>pravis</strong></span> <span class='ocrx_word' id='word_1_451' title='bbox 1435 1369 1593 1396; x_wconf 79' lang='lat' dir='ltr'><strong>actionibus</strong></span> <span class='ocrx_word' id='word_1_452' title='bbox 1606 1368 1706 1396; x_wconf 89' lang='lat' dir='ltr'><strong>oritur.</strong></span> <span class='ocrx_word' id='word_1_453' title='bbox 1719 1367 1779 1401; x_wconf 83' lang='lat' dir='ltr'><strong>Quo</strong></span> 
     </span>
    </p>
   </div>
   <div class='ocr_carea' id='block_1_69' title="bbox 987 1416 1779 1453">
    <p class='ocr_par' dir='ltr' id='par_1_69' title="bbox 987 1416 1779 1453">
     <span class='ocr_line' id='line_1_69' title="bbox 987 1416 1779 1453; baseline -0.001 -10"><span class='ocrx_word' id='word_1_454' title='bbox 987 1420 1067 1452; x_wconf 91' lang='lat' dir='ltr'><strong>pacto</strong></span> <span class='ocrx_word' id='word_1_455' title='bbox 1083 1417 1167 1453; x_wconf 80' lang='lat' dir='ltr'><strong>igitur</strong></span> <span class='ocrx_word' id='word_1_456' title='bbox 1182 1425 1233 1444; x_wconf 90' lang='lat' dir='ltr'><strong>cor</strong></span> <span class='ocrx_word' id='word_1_457' title='bbox 1248 1425 1339 1445; x_wconf 91' lang='lat' dir='ltr'><strong>meum</strong></span> <span class='ocrx_word' id='word_1_458' title='bbox 1359 1422 1453 1452; x_wconf 80' lang='lat' dir='ltr'><strong>potero</strong></span> <span class='ocrx_word' id='word_1_459' title='bbox 1472 1417 1628 1448; x_wconf 84' lang='lat' dir='ltr'><strong>consolari,</strong></span> <span class='ocrx_word' id='word_1_460' title='bbox 1646 1423 1709 1443; x_wconf 88' lang='lat' dir='ltr'><strong>eum</strong></span> <span class='ocrx_word' id='word_1_461' title='bbox 1728 1416 1779 1443; x_wconf 87' lang='lat' dir='ltr'><strong>ho-</strong></span> 
     </span>
    </p>
   </div>
   <div class='ocr_carea' id='block_1_70' title="bbox 987 1463 1779 1498">
    <p class='ocr_par' dir='ltr' id='par_1_70' title="bbox 987 1463 1779 1498">
     <span class='ocr_line' id='line_1_70' title="bbox 987 1463 1779 1498; baseline -0.001 -8"><span class='ocrx_word' id='word_1_462' title='bbox 987 1464 1075 1491; x_wconf 85' lang='lat' dir='ltr'><strong>mines</strong></span> <span class='ocrx_word' id='word_1_463' title='bbox 1097 1465 1124 1490; x_wconf 93' lang='lat' dir='ltr'><strong>in</strong></span> <span class='ocrx_word' id='word_1_464' title='bbox 1146 1472 1188 1491; x_wconf 89' lang='lat' dir='ltr'><strong>me</strong></span> <span class='ocrx_word' id='word_1_465' title='bbox 1210 1464 1371 1491; x_wconf 81' lang='lat' dir='ltr'><strong>scandalum</strong></span> <span class='ocrx_word' id='word_1_466' title='bbox 1395 1468 1479 1498; x_wconf 86' lang='lat' dir='ltr'><strong>atque</strong></span> <span class='ocrx_word' id='word_1_467' title='bbox 1500 1463 1680 1490; x_wconf 87' lang='lat' dir='ltr'><strong>oil&#39;ensionem</strong></span> <span class='ocrx_word' id='word_1_468' title='bbox 1700 1469 1779 1498; x_wconf 53' lang='lat' dir='ltr'><strong>cepe.</strong></span> 
     </span>
    </p>
   </div>
   <div class='ocr_carea' id='block_1_71' title="bbox 988 1509 1779 1546">
    <p class='ocr_par' dir='ltr' id='par_1_71' title="bbox 988 1509 1779 1546">
     <span class='ocr_line' id='line_1_71' title="bbox 988 1509 1779 1546; baseline -0.001 -9"><span class='ocrx_word' id='word_1_469' title='bbox 988 1511 1058 1538; x_wconf 84' lang='lat' dir='ltr'><strong>rint?</strong></span> <span class='ocrx_word' id='word_1_470' title='bbox 1069 1510 1186 1538; x_wconf 62' lang='lat' dir='ltr'><strong>Praestat</strong></span> <span class='ocrx_word' id='word_1_471' title='bbox 1199 1519 1264 1546; x_wconf 76' lang='lat' dir='ltr'><strong>ergo</strong></span> <span class='ocrx_word' id='word_1_472' title='bbox 1278 1511 1380 1538; x_wconf 91' lang='lat' dir='ltr'><strong>bonum</strong></span> <span class='ocrx_word' id='word_1_473' title='bbox 1395 1509 1496 1542; x_wconf 80' lang='lat' dir='ltr'><strong>facere,</strong></span> <span class='ocrx_word' id='word_1_474' title='bbox 1509 1517 1542 1537; x_wconf 88' lang='lat' dir='ltr'><strong>ac</strong></span> <span class='ocrx_word' id='word_1_475' title='bbox 1554 1509 1669 1545; x_wconf 79' lang='lat' dir='ltr'><strong>gloriam</strong></span> <span class='ocrx_word' id='word_1_476' title='bbox 1683 1517 1779 1544; x_wconf 82' lang='lat' dir='ltr'><strong>repor-</strong></span> 
     </span>
    </p>
   </div>
   <div class='ocr_carea' id='block_1_72' title="bbox 987 1554 1780 1591">
    <p class='ocr_par' dir='ltr' id='par_1_72' title="bbox 987 1554 1780 1591">
     <span class='ocr_line' id='line_1_72' title="bbox 987 1554 1780 1591; baseline -0.003 -7"><span class='ocrx_word' id='word_1_477' title='bbox 987 1560 1054 1584; x_wconf 85' lang='lat' dir='ltr'><strong>tare.</strong></span> <span class='ocrx_word' id='word_1_478' title='bbox 1082 1556 1158 1583; x_wconf 89' lang='lat' dir='ltr'><strong>Tuuc</strong></span> <span class='ocrx_word' id='word_1_479' title='bbox 1185 1557 1269 1584; x_wconf 81' lang='lat' dir='ltr'><strong>abbas</strong></span> <span class='ocrx_word' id='word_1_480' title='bbox 1296 1556 1434 1584; x_wconf 80' lang='lat' dir='ltr'><strong>Abraham</strong></span> <span class='ocrx_word' id='word_1_481' title='bbox 1461 1555 1649 1591; x_wconf 84' lang='lat' dir='ltr'><strong>pronuntiavit</strong></span> <span class='ocrx_word' id='word_1_482' title='bbox 1674 1564 1682 1582; x_wconf 87' lang='lat'><strong>:</strong></span> <span class='ocrx_word' id='word_1_483' title='bbox 1707 1554 1780 1582; x_wconf 84' lang='lat' dir='ltr'><strong>Bene</strong></span> 
     </span>
    </p>
   </div>
   <div class='ocr_carea' id='block_1_73' title="bbox 990 1602 1259 1636">
    <p class='ocr_par' dir='ltr' id='par_1_73' title="bbox 990 1602 1259 1636">
     <span class='ocr_line' id='line_1_73' title="bbox 990 1602 1259 1636; baseline -0.004 -6"><span class='ocrx_word' id='word_1_484' title='bbox 990 1603 1097 1630; x_wconf 90' lang='lat' dir='ltr'><strong>locutus</strong></span> <span class='ocrx_word' id='word_1_485' title='bbox 1111 1611 1152 1636; x_wconf 87' lang='lat' dir='ltr'><strong>es,</strong></span> <span class='ocrx_word' id='word_1_486' title='bbox 1167 1602 1259 1630; x_wconf 82' lang='lat' dir='ltr'><strong>Pater.</strong></span> 
     </span>
    </p>
   </div>
   <div class='ocr_carea' id='block_1_74' title="bbox 1025 1647 1780 1685">
    <p class='ocr_par' dir='ltr' id='par_1_74' title="bbox 1025 1647 1780 1685">
     <span class='ocr_line' id='line_1_74' title="bbox 1025 1647 1780 1685; baseline -0.003 -9"><span class='ocrx_word' id='word_1_487' title='bbox 1025 1650 1052 1676; x_wconf 75' lang='lat'><strong>2.</strong></span> <span class='ocrx_word' id='word_1_488' title='bbox 1068 1649 1124 1685; x_wconf 86' lang='grc'>(76)</span> <span class='ocrx_word' id='word_1_489' title='bbox 1142 1649 1213 1676; x_wconf 75' lang='lat' dir='ltr'><strong>Dixit</strong></span> <span class='ocrx_word' id='word_1_490' title='bbox 1229 1650 1314 1676; x_wconf 86' lang='lat' dir='ltr'><strong>abbas</strong></span> <span class='ocrx_word' id='word_1_491' title='bbox 1326 1648 1487 1676; x_wconf 85' lang='lat' dir='ltr'><strong>Theodorus</strong></span> <span class='ocrx_word' id='word_1_492' title='bbox 1513 1647 1684 1684; x_wconf 78' lang='lat' dir='ltr'><strong>:lndigentia</strong></span> <span class='ocrx_word' id='word_1_493' title='bbox 1700 1647 1780 1683; x_wconf 83' lang='lat' dir='ltr'><strong>panis</strong></span> 
     </span>
    </p>
   </div>
   <div class='ocr_carea' id='block_1_75' title="bbox 990 1695 1780 1730">
    <p class='ocr_par' dir='ltr' id='par_1_75' title="bbox 990 1695 1780 1730">
     <span class='ocr_line' id='line_1_75' title="bbox 990 1695 1780 1730; baseline -0.001 -8"><span class='ocrx_word' id='word_1_494' title='bbox 990 1700 1113 1722; x_wconf 84' lang='lat' dir='ltr'><strong>macerat</strong></span> <span class='ocrx_word' id='word_1_495' title='bbox 1130 1703 1230 1730; x_wconf 87' lang='lat' dir='ltr'><strong>corpus</strong></span> <span class='ocrx_word' id='word_1_496' title='bbox 1248 1695 1386 1723; x_wconf 81' lang='lat' dir='ltr'><strong>monachi.</strong></span> <span class='ocrx_word' id='word_1_497' title='bbox 1402 1695 1479 1723; x_wconf 80' lang='lat' dir='ltr'><strong>Alius</strong></span> <span class='ocrx_word' id='word_1_498' title='bbox 1493 1703 1557 1722; x_wconf 79' lang='lat' dir='ltr'><strong>vero</strong></span> <span class='ocrx_word' id='word_1_499' title='bbox 1573 1702 1657 1722; x_wconf 77' lang='lat' dir='ltr'><strong>senex</strong></span> <span class='ocrx_word' id='word_1_500' title='bbox 1674 1701 1780 1722; x_wconf 83' lang='lat' dir='ltr'><strong>assere-</strong></span> 
     </span>
    </p>
   </div>
   <div class='ocr_carea' id='block_1_76' title="bbox 989 1741 1547 1777">
    <p class='ocr_par' dir='ltr' id='par_1_76' title="bbox 989 1741 1547 1777">
     <span class='ocr_line' id='line_1_76' title="bbox 989 1741 1547 1777; baseline 0 -9"><span class='ocrx_word' id='word_1_501' title='bbox 989 1742 1045 1774; x_wconf 84' lang='lat' dir='ltr'><strong>bat,</strong></span> <span class='ocrx_word' id='word_1_502' title='bbox 1061 1749 1076 1768; x_wconf 87' lang='lat' dir='ltr'><strong>a</strong></span> <span class='ocrx_word' id='word_1_503' title='bbox 1092 1742 1192 1777; x_wconf 78' lang='lat' dir='ltr'><strong>vigiliis</strong></span> <span class='ocrx_word' id='word_1_504' title='bbox 1207 1742 1269 1777; x_wconf 89' lang='lat' dir='ltr'><strong>plus</strong></span> <span class='ocrx_word' id='word_1_505' title='bbox 1285 1749 1386 1776; x_wconf 87' lang='lat' dir='ltr'><strong>corpus</strong></span> <span class='ocrx_word' id='word_1_506' title='bbox 1403 1741 1547 1768; x_wconf 88' lang='lat' dir='ltr'><strong>macerari.</strong></span> 
     </span>
    </p>
   </div>
   <div class='ocr_carea' id='block_1_77' title="bbox 1241 1808 1524 1837">
    <p class='ocr_par' dir='ltr' id='par_1_77' title="bbox 1241 1808 1524 1837">
     <span class='ocr_line' id='line_1_77' title="bbox 1241 1808 1524 1837; baseline 0 -1"><span class='ocrx_word' id='word_1_507' title='bbox 1241 1809 1279 1836; x_wconf 79' lang='lat' dir='ltr'><strong>De</strong></span> <span class='ocrx_word' id='word_1_508' title='bbox 1299 1809 1391 1836; x_wconf 71' lang='lat' dir='ltr'><strong>abbate</strong></span> <span class='ocrx_word' id='word_1_509' title='bbox 1409 1808 1430 1836; x_wconf 86' lang='grc' dir='ltr'><strong><em>Τ</em></strong></span> <span class='ocrx_word' id='word_1_510' title='bbox 1431 1810 1524 1837; x_wconf 76' lang='lat' dir='ltr'><strong>lzeona.</strong></span> 
     </span>
    </p>
   </div>
   <div class='ocr_carea' id='block_1_78' title="bbox 1026 1865 1780 1902">
    <p class='ocr_par' dir='ltr' id='par_1_78' title="bbox 1026 1865 1780 1902">
     <span class='ocr_line' id='line_1_78' title="bbox 1026 1865 1780 1902; baseline -0.003 -8"><span class='ocrx_word' id='word_1_511' title='bbox 1026 1867 1082 1902; x_wconf 88' lang='lat'><strong>(77)</strong></span> <span class='ocrx_word' id='word_1_512' title='bbox 1103 1866 1175 1893; x_wconf 82' lang='lat' dir='ltr'><strong>Dixit</strong></span> <span class='ocrx_word' id='word_1_513' title='bbox 1201 1866 1288 1893; x_wconf 85' lang='lat' dir='ltr'><strong>abbas</strong></span> <span class='ocrx_word' id='word_1_514' title='bbox 1311 1865 1437 1893; x_wconf 83' lang='lat' dir='ltr'><strong>Theonas</strong></span> <span class='ocrx_word' id='word_1_515' title='bbox 1462 1875 1468 1893; x_wconf 93' lang='lat'>:</span> <span class='ocrx_word' id='word_1_516' title='bbox 1492 1865 1626 1899; x_wconf 85' lang='lat' dir='ltr'><strong>Quoniam</strong></span> <span class='ocrx_word' id='word_1_517' title='bbox 1651 1868 1780 1892; x_wconf 84' lang='lat' dir='ltr'><strong>avocatur</strong></span> 
     </span>
    </p>
   </div>
   <div class='ocr_carea' id='block_1_79' title="bbox 990 1912 1780 1948">
    <p class='ocr_par' dir='ltr' id='par_1_79' title="bbox 990 1912 1780 1948">
     <span class='ocr_line' id='line_1_79' title="bbox 990 1912 1780 1948; baseline -0.001 -8"><span class='ocrx_word' id='word_1_518' title='bbox 990 1921 1068 1941; x_wconf 86' lang='lat' dir='ltr'><strong>mens</strong></span> <span class='ocrx_word' id='word_1_519' title='bbox 1084 1922 1098 1939; x_wconf 90' lang='lat' dir='ltr'><strong>a</strong></span> <span class='ocrx_word' id='word_1_520' title='bbox 1114 1913 1345 1948; x_wconf 76' lang='lat' dir='ltr'><strong>contemplatione</strong></span> <span class='ocrx_word' id='word_1_521' title='bbox 1362 1912 1420 1945; x_wconf 90' lang='lat' dir='ltr'><strong>Dei,</strong></span> <span class='ocrx_word' id='word_1_522' title='bbox 1435 1912 1495 1940; x_wconf 85' lang='lat' dir='ltr'><strong>ideo</strong></span> <span class='ocrx_word' id='word_1_523' title='bbox 1509 1912 1610 1948; x_wconf 81' lang='lat' dir='ltr'><strong>captivi</strong></span> <span class='ocrx_word' id='word_1_524' title='bbox 1625 1912 1752 1940; x_wconf 82' lang='lat' dir='ltr'><strong>ducimur</strong></span> <span class='ocrx_word' id='word_1_525' title='bbox 1764 1919 1780 1939; x_wconf 66' lang='grc' dir='ltr'><strong>ο</strong></span> 
     </span>
    </p>
   </div>
   <div class='ocr_carea' id='block_1_80' title="bbox 990 1957 1252 1986">
    <p class='ocr_par' dir='ltr' id='par_1_80' title="bbox 990 1957 1252 1986">
     <span class='ocr_line' id='line_1_80' title="bbox 990 1957 1252 1986; baseline -0.004 0"><span class='ocrx_word' id='word_1_526' title='bbox 990 1959 1082 1986; x_wconf 88' lang='lat' dir='ltr'><strong>carnis</strong></span> <span class='ocrx_word' id='word_1_527' title='bbox 1099 1957 1252 1985; x_wconf 81' lang='lat' dir='ltr'><strong>all‘ectibus.</strong></span> 
     </span>
    </p>
   </div>
   <div class='ocr_carea' id='block_1_81' title="bbox 1176 2014 1599 2050">
    <p class='ocr_par' dir='ltr' id='par_1_81' title="bbox 1176 2014 1599 2050">
     <span class='ocr_line' id='line_1_81' title="bbox 1176 2014 1599 2050; baseline 0 -9"><span class='ocrx_word' id='word_1_528' title='bbox 1176 2015 1212 2042; x_wconf 85' lang='lat' dir='ltr'><strong>De</strong></span> <span class='ocrx_word' id='word_1_529' title='bbox 1231 2015 1373 2049; x_wconf 80' lang='lat' dir='ltr'><strong>Theophila</strong></span> <span class='ocrx_word' id='word_1_530' title='bbox 1393 2014 1599 2050; x_wconf 74' lang='lat' dir='ltr'><strong>archiepiscopo.</strong></span> 
     </span>
    </p>
   </div>
   <div class='ocr_carea' id='block_1_82' title="bbox 1026 2071 1781 2108">
    <p class='ocr_par' dir='ltr' id='par_1_82' title="bbox 1026 2071 1781 2108">
     <span class='ocr_line' id='line_1_82' title="bbox 1026 2071 1781 2108; baseline 0 -9"><span class='ocrx_word' id='word_1_531' title='bbox 1026 2073 1052 2099; x_wconf 80' lang='grc'><strong>1.</strong></span> <span class='ocrx_word' id='word_1_532' title='bbox 1075 2072 1130 2108; x_wconf 86' lang='grc'>(78)</span> <span class='ocrx_word' id='word_1_533' title='bbox 1151 2071 1251 2100; x_wconf 79' lang='lat' dir='ltr'><strong>Beatus</strong></span> <span class='ocrx_word' id='word_1_534' title='bbox 1268 2072 1438 2107; x_wconf 88' lang='lat' dir='ltr'><strong>Theophilus</strong></span> <span class='ocrx_word' id='word_1_535' title='bbox 1474 2071 1701 2107; x_wconf 76' lang='lat' dir='ltr'><strong>archiepiscopus</strong></span> <span class='ocrx_word' id='word_1_536' title='bbox 1717 2079 1781 2107; x_wconf 87' lang='lat' dir='ltr'><strong>pro-</strong></span> 
     </span>
    </p>
   </div>
   <div class='ocr_carea' id='block_1_83' title="bbox 992 2118 1780 2155">
    <p class='ocr_par' dir='ltr' id='par_1_83' title="bbox 992 2118 1780 2155">
     <span class='ocr_line' id='line_1_83' title="bbox 992 2118 1780 2155; baseline -0.003 -9"><span class='ocrx_word' id='word_1_537' title='bbox 992 2119 1080 2147; x_wconf 80' lang='lat' dir='ltr'><strong>fectus</strong></span> <span class='ocrx_word' id='word_1_538' title='bbox 1093 2124 1135 2146; x_wconf 78' lang='lat' dir='ltr'><strong>est</strong></span> <span class='ocrx_word' id='word_1_539' title='bbox 1149 2119 1298 2155; x_wconf 83' lang='lat' dir='ltr'><strong>aliquando</strong></span> <span class='ocrx_word' id='word_1_540' title='bbox 1315 2119 1341 2145; x_wconf 92' lang='lat' dir='ltr'><strong>in</strong></span> <span class='ocrx_word' id='word_1_541' title='bbox 1358 2123 1478 2145; x_wconf 87' lang='lat' dir='ltr'><strong>montcm</strong></span> <span class='ocrx_word' id='word_1_542' title='bbox 1494 2119 1602 2148; x_wconf 64' lang='lat' dir='ltr'><strong>Nitriaa:</strong></span> <span class='ocrx_word' id='word_1_543' title='bbox 1618 2119 1732 2146; x_wconf 82' lang='lat' dir='ltr'><strong>etvenit</strong></span> <span class='ocrx_word' id='word_1_544' title='bbox 1747 2118 1780 2145; x_wconf 89' lang='lat' dir='ltr'><strong>ad</strong></span> 
     </span>
    </p>
   </div>
   <div class='ocr_carea' id='block_1_84' title="bbox 990 2163 1780 2199">
    <p class='ocr_par' dir='ltr' id='par_1_84' title="bbox 990 2163 1780 2199">
     <span class='ocr_line' id='line_1_84' title="bbox 990 2163 1780 2199; baseline -0.001 -8"><span class='ocrx_word' id='word_1_545' title='bbox 990 2165 1051 2191; x_wconf 85' lang='lat' dir='ltr'><strong>eu‘m</strong></span> <span class='ocrx_word' id='word_1_546' title='bbox 1074 2164 1175 2191; x_wconf 88' lang='lat' dir='ltr'><strong>montis</strong></span> <span class='ocrx_word' id='word_1_547' title='bbox 1197 2164 1290 2191; x_wconf 83' lang='lat' dir='ltr'><strong>abbas.</strong></span> <span class='ocrx_word' id='word_1_548' title='bbox 1310 2163 1378 2190; x_wconf 89' lang='lat' dir='ltr'><strong>Dicit</strong></span> <span class='ocrx_word' id='word_1_549' title='bbox 1396 2165 1420 2190; x_wconf 82' lang='lat' dir='ltr'><strong>ei</strong></span> <span class='ocrx_word' id='word_1_550' title='bbox 1439 2164 1665 2199; x_wconf 82' lang='lat' dir='ltr'><strong>archiepiscopus</strong></span> <span class='ocrx_word' id='word_1_551' title='bbox 1684 2174 1690 2190; x_wconf 89' lang='lat'>:</span> <span class='ocrx_word' id='word_1_552' title='bbox 1709 2163 1780 2196; x_wconf 82' lang='lat' dir='ltr'><strong>Quid</strong></span> 
     </span>
    </p>
   </div>
   <div class='ocr_carea' id='block_1_85' title="bbox 991 2209 1780 2245">
    <p class='ocr_par' dir='ltr' id='par_1_85' title="bbox 991 2209 1780 2245">
     <span class='ocr_line' id='line_1_85' title="bbox 991 2209 1780 2245; baseline 0 -8"><span class='ocrx_word' id='word_1_553' title='bbox 991 2210 1116 2237; x_wconf 86' lang='lat' dir='ltr'><strong>invenisti</strong></span> <span class='ocrx_word' id='word_1_554' title='bbox 1136 2210 1162 2236; x_wconf 86' lang='lat' dir='ltr'><strong>in</strong></span> <span class='ocrx_word' id='word_1_555' title='bbox 1178 2210 1221 2237; x_wconf 88' lang='lat' dir='ltr'><strong>via</strong></span> <span class='ocrx_word' id='word_1_556' title='bbox 1240 2210 1289 2236; x_wconf 86' lang='lat' dir='ltr'><strong>hac</strong></span> <span class='ocrx_word' id='word_1_557' title='bbox 1307 2210 1425 2245; x_wconf 66' lang='lat' dir='ltr'><strong>amplius</strong></span> <span class='ocrx_word' id='word_1_558' title='bbox 1442 2210 1596 2245; x_wconf 82' lang='lat' dir='ltr'><strong>majusque,</strong></span> <span class='ocrx_word' id='word_1_559' title='bbox 1614 2210 1712 2237; x_wconf 82' lang='lat' dir='ltr'><strong>Pater?</strong></span> <span class='ocrx_word' id='word_1_560' title='bbox 1730 2209 1780 2237; x_wconf 82' lang='lat' dir='ltr'><strong>Rc-</strong></span> 
     </span>
    </p>
   </div>
   <div class='ocr_carea' id='block_1_86' title="bbox 144 2249 935 2292">
    <p class='ocr_par' dir='ltr' id='par_1_86' title="bbox 144 2249 935 2285">
     <span class='ocr_line' id='line_1_86' title="bbox 144 2249 935 2285; baseline 0.001 -10"><span class='ocrx_word' id='word_1_561' title='bbox 144 2250 226 2282; x_wconf 83' lang='grc' dir='ltr'>Δέγει</span> <span class='ocrx_word' id='word_1_562' title='bbox 241 2249 314 2284; x_wconf 81' lang='grc' dir='ltr'>αὐτῷ</span> <span class='ocrx_word' id='word_1_563' title='bbox 331 2250 344 2276; x_wconf 86' lang='lat'><strong>6</strong></span> <span class='ocrx_word' id='word_1_564' title='bbox 368 2249 473 2285; x_wconf 61' lang='grc' dir='ltr'>γέρων</span> <span class='ocrx_word' id='word_1_565' title='bbox 503 2249 539 2275; x_wconf 84' lang='lat' dir='ltr'><strong><em>T6</em></strong></span> <span class='ocrx_word' id='word_1_566' title='bbox 556 2249 695 2276; x_wconf 79' lang='grc' dir='ltr'>αἰτιᾶσθαι</span> <span class='ocrx_word' id='word_1_567' title='bbox 712 2250 759 2276; x_wconf 81' lang='grc' dir='ltr'><strong>καὶ</strong></span> <span class='ocrx_word' id='word_1_568' title='bbox 781 2250 935 2285; x_wconf 72' lang='grc' dir='ltr'>μέμφεσθαι</span> 
     </span>
    </p>
   </div>
   <div class='ocr_carea' id='block_1_87' title="bbox 994 2249 1781 2292">
    <p class='ocr_par' dir='ltr' id='par_1_87' title="bbox 994 2256 1781 2292">
     <span class='ocr_line' id='line_1_87' title="bbox 994 2256 1781 2292; baseline -0.003 -8"><span class='ocrx_word' id='word_1_569' title='bbox 994 2257 1099 2292; x_wconf 66' lang='lat' dir='ltr'><strong>spondit</strong></span> <span class='ocrx_word' id='word_1_570' title='bbox 1113 2264 1194 2284; x_wconf 83' lang='lat' dir='ltr'><strong>senex</strong></span> <span class='ocrx_word' id='word_1_571' title='bbox 1207 2265 1213 2283; x_wconf 91' lang='lat'><strong>:</strong></span> <span class='ocrx_word' id='word_1_572' title='bbox 1224 2257 1339 2291; x_wconf 67' lang='lat' dir='ltr'><strong>tinipare</strong></span> <span class='ocrx_word' id='word_1_573' title='bbox 1352 2264 1382 2283; x_wconf 87' lang='lat' dir='ltr'><strong>se</strong></span> <span class='ocrx_word' id='word_1_574' title='bbox 1394 2261 1421 2283; x_wconf 87' lang='lat' dir='ltr'><strong>et</strong></span> <span class='ocrx_word' id='word_1_575' title='bbox 1434 2264 1565 2284; x_wconf 84' lang='lat' dir='ltr'><strong>accusare</strong></span> <span class='ocrx_word' id='word_1_576' title='bbox 1577 2264 1693 2291; x_wconf 83' lang='lat' dir='ltr'><strong>semper.</strong></span> <span class='ocrx_word' id='word_1_577' title='bbox 1704 2256 1781 2283; x_wconf 83' lang='lat' dir='ltr'><strong>Tunc</strong></span> 
     </span>
    </p>
   </div>
   <div class='ocr_carea' id='block_1_88' title="bbox 145 2295 935 2332">
    <p class='ocr_par' dir='ltr' id='par_1_88' title="bbox 145 2295 935 2332">
     <span class='ocr_line' id='line_1_88' title="bbox 145 2295 935 2332; baseline 0.001 -11"><span class='ocrx_word' id='word_1_578' title='bbox 145 2295 238 2322; x_wconf 75' lang='grc' dir='ltr'>ἑαυτὸν</span> <span class='ocrx_word' id='word_1_579' title='bbox 253 2296 378 2323; x_wconf 76' lang='grc' dir='ltr'>πάντοτε.</span> <span class='ocrx_word' id='word_1_580' title='bbox 393 2297 474 2331; x_wconf 83' lang='grc' dir='ltr'>Λέγει</span> <span class='ocrx_word' id='word_1_581' title='bbox 489 2295 561 2331; x_wconf 79' lang='grc' dir='ltr'>αὑτῴ</span> <span class='ocrx_word' id='word_1_582' title='bbox 575 2295 682 2328; x_wconf 77' lang='grc' dir='ltr'><strong>όὰὃὸἄς</strong></span> <span class='ocrx_word' id='word_1_583' title='bbox 698 2295 840 2331; x_wconf 77' lang='grc' dir='ltr'>Θεόφιλος·</span> <span class='ocrx_word' id='word_1_584' title='bbox 851 2296 935 2332; x_wconf 77' lang='grc' dir='ltr'>’Δλλη</span> 
     </span>
    </p>
   </div>
   <div class='ocr_carea' id='block_1_89' title="bbox 143 2342 546 2379">
    <p class='ocr_par' dir='ltr' id='par_1_89' title="bbox 143 2342 546 2379">
     <span class='ocr_line' id='line_1_89' title="bbox 143 2342 546 2379; baseline 0 -9"><span class='ocrx_word' id='word_1_585' title='bbox 143 2342 202 2374; x_wconf 83' lang='grc' dir='ltr'><strong>ὁδὸς</strong></span> <span class='ocrx_word' id='word_1_586' title='bbox 213 2344 262 2370; x_wconf 79' lang='grc' dir='ltr'>οὐκ</span> <span class='ocrx_word' id='word_1_587' title='bbox 277 2343 362 2375; x_wconf 79' lang='grc' dir='ltr'>ἐστιν,</span> <span class='ocrx_word' id='word_1_588' title='bbox 375 2345 399 2370; x_wconf 90' lang='grc' dir='ltr'><strong>εί</strong></span> <span class='ocrx_word' id='word_1_589' title='bbox 413 2343 449 2379; x_wconf 81' lang='grc' dir='ltr'>μὴ</span> <span class='ocrx_word' id='word_1_590' title='bbox 465 2342 546 2378; x_wconf 81' lang='grc' dir='ltr'>αὕτη.</span> 
     </span>
    </p>
   </div>
   <div class='ocr_carea' id='block_1_90' title="bbox 180 2389 932 2425">
    <p class='ocr_par' dir='ltr' id='par_1_90' title="bbox 180 2389 932 2425">
     <span class='ocr_line' id='line_1_90' title="bbox 180 2389 932 2425; baseline -0.003 -8"><span class='ocrx_word' id='word_1_591' title='bbox 180 2390 213 2425; x_wconf 84' lang='grc' dir='ltr'><strong>β’.</strong></span> <span class='ocrx_word' id='word_1_592' title='bbox 242 2390 271 2417; x_wconf 84' lang='lat'><strong>&#39;0</strong></span> <span class='ocrx_word' id='word_1_593' title='bbox 299 2390 382 2421; x_wconf 75' lang='grc' dir='ltr'>αὐτὸς</span> <span class='ocrx_word' id='word_1_594' title='bbox 409 2390 497 2421; x_wconf 76' lang='grc' dir='ltr'><strong>ἀΰῦᾶς</strong></span> <span class='ocrx_word' id='word_1_595' title='bbox 516 2389 646 2424; x_wconf 79' lang='grc' dir='ltr'>Θεόφιλος</span> <span class='ocrx_word' id='word_1_596' title='bbox 671 2390 685 2416; x_wconf 86' lang='grc' dir='ltr'>ὁ</span> <span class='ocrx_word' id='word_1_597' title='bbox 715 2389 932 2425; x_wconf 80' lang='grc' dir='ltr'>ἀρχιεπίσκοπος</span> 
     </span>
    </p>
   </div>
   <div class='ocr_carea' id='block_1_91' title="bbox 144 2435 937 2471">
    <p class='ocr_par' dir='ltr' id='par_1_91' title="bbox 144 2435 937 2471">
     <span class='ocr_line' id='line_1_91' title="bbox 144 2435 937 2471; baseline -0.001 -9"><span class='ocrx_word' id='word_1_598' title='bbox 144 2435 282 2471; x_wconf 73' lang='grc' dir='ltr'>παρέϐαλέ</span> <span class='ocrx_word' id='word_1_599' title='bbox 302 2444 369 2462; x_wconf 85' lang='grc' dir='ltr'>ποτε</span> <span class='ocrx_word' id='word_1_600' title='bbox 390 2436 430 2467; x_wconf 85' lang='grc' dir='ltr'>είς</span> <span class='ocrx_word' id='word_1_601' title='bbox 450 2435 500 2471; x_wconf 84' lang='grc' dir='ltr'>τὴν</span> <span class='ocrx_word' id='word_1_602' title='bbox 526 2435 636 2470; x_wconf 86' lang='grc' dir='ltr'>Σκῆτιν.</span> <span class='ocrx_word' id='word_1_603' title='bbox 661 2435 842 2470; x_wconf 82' lang='grc' dir='ltr'>Συναχθέντες</span> <span class='ocrx_word' id='word_1_604' title='bbox 863 2435 891 2461; x_wconf 84' lang='grc' dir='ltr'><strong>δὲ</strong></span> <span class='ocrx_word' id='word_1_605' title='bbox 912 2437 937 2462; x_wconf 80' lang='lat' dir='ltr'><strong>at</strong></span> 
     </span>
    </p>
   </div>
   <div class='ocr_carea' id='block_1_92' title="bbox 144 2479 938 2517">
    <p class='ocr_par' dir='ltr' id='par_1_92' title="bbox 144 2479 938 2517">
     <span class='ocr_line' id='line_1_92' title="bbox 144 2479 938 2517; baseline 0 -9"><span class='ocrx_word' id='word_1_606' title='bbox 144 2482 253 2516; x_wconf 76' lang='grc' dir='ltr'>ἀδελφοὶ</span> <span class='ocrx_word' id='word_1_607' title='bbox 268 2479 345 2508; x_wconf 73' lang='grc' dir='ltr'>εἷπον</span> <span class='ocrx_word' id='word_1_608' title='bbox 366 2481 405 2516; x_wconf 85' lang='grc' dir='ltr'><strong>τῷ</strong></span> <span class='ocrx_word' id='word_1_609' title='bbox 419 2481 492 2517; x_wconf 73' lang='grc' dir='ltr'><strong>ἁὸὃᾷ</strong></span> <span class='ocrx_word' id='word_1_610' title='bbox 508 2481 630 2517; x_wconf 83' lang='grc' dir='ltr'><strong>Παμϐώ·</strong></span> <span class='ocrx_word' id='word_1_611' title='bbox 651 2481 717 2508; x_wconf 79' lang='grc' dir='ltr'><strong>Εἰπὲ</strong></span> <span class='ocrx_word' id='word_1_612' title='bbox 734 2481 781 2508; x_wconf 84' lang='grc' dir='ltr'>’ἐνα</span> <span class='ocrx_word' id='word_1_613' title='bbox 805 2480 883 2516; x_wconf 88' lang='grc' dir='ltr'>λόγον</span> <span class='ocrx_word' id='word_1_614' title='bbox 899 2481 938 2517; x_wconf 86' lang='grc' dir='ltr'>τῷ</span> 
     </span>
    </p>
   </div>
   <div class='ocr_carea' id='block_1_93' title="bbox 143 2527 939 2564">
    <p class='ocr_par' dir='ltr' id='par_1_93' title="bbox 143 2527 939 2564">
     <span class='ocr_line' id='line_1_93' title="bbox 143 2527 939 2564; baseline -0.003 -9"><span class='ocrx_word' id='word_1_615' title='bbox 143 2529 238 2564; x_wconf 52' lang='lat' dir='ltr'><strong>nam,</strong></span> <span class='ocrx_word' id='word_1_616' title='bbox 254 2528 330 2560; x_wconf 83' lang='grc' dir='ltr'><strong>ὅπως</strong></span> <span class='ocrx_word' id='word_1_617' title='bbox 349 2527 476 2563; x_wconf 80' lang='grc' dir='ltr'>ὠφεληθῇ</span> <span class='ocrx_word' id='word_1_618' title='bbox 490 2528 512 2554; x_wconf 74' lang='grc'><strong>⁸.</strong></span> <span class='ocrx_word' id='word_1_619' title='bbox 534 2527 616 2561; x_wconf 86' lang='grc' dir='ltr'>Λέγει</span> <span class='ocrx_word' id='word_1_620' title='bbox 642 2527 732 2559; x_wconf 81' lang='grc' dir='ltr'>αὐτοῖς</span> <span class='ocrx_word' id='word_1_621' title='bbox 746 2528 760 2554; x_wconf 92' lang='lat'><strong>6</strong></span> <span class='ocrx_word' id='word_1_622' title='bbox 783 2527 889 2562; x_wconf 85' lang='grc' dir='ltr'>γέρων·</span> <span class='ocrx_word' id='word_1_623' title='bbox 907 2527 939 2554; x_wconf 86' lang='grc' dir='ltr'>Εἰ</span> 
     </span>
    </p>
   </div>
   <div class='ocr_carea' id='block_1_94' title="bbox 142 2574 938 2612">
    <p class='ocr_par' dir='ltr' id='par_1_94' title="bbox 142 2574 938 2612">
     <span class='ocr_line' id='line_1_94' title="bbox 142 2574 938 2612; baseline -0.003 -9"><span class='ocrx_word' id='word_1_624' title='bbox 142 2577 194 2603; x_wconf 69' lang='grc' dir='ltr'><strong>οὐκ</strong></span> <span class='ocrx_word' id='word_1_625' title='bbox 206 2577 355 2610; x_wconf 77' lang='grc' dir='ltr'>ὠφελεῖται</span> <span class='ocrx_word' id='word_1_626' title='bbox 367 2577 395 2602; x_wconf 81' lang='grc' dir='ltr'>ὲν</span> <span class='ocrx_word' id='word_1_627' title='bbox 408 2577 441 2612; x_wconf 83' lang='grc' dir='ltr'>τῇ</span> <span class='ocrx_word' id='word_1_628' title='bbox 456 2577 545 2611; x_wconf 82' lang='grc' dir='ltr'>σιωπῇ</span> <span class='ocrx_word' id='word_1_629' title='bbox 563 2584 623 2611; x_wconf 86' lang='grc' dir='ltr'>μου,</span> <span class='ocrx_word' id='word_1_630' title='bbox 636 2575 695 2602; x_wconf 82' lang='grc' dir='ltr'>οὐδὲ</span> <span class='ocrx_word' id='word_1_631' title='bbox 709 2576 738 2602; x_wconf 77' lang='grc' dir='ltr'>ὲν</span> <span class='ocrx_word' id='word_1_632' title='bbox 750 2574 788 2610; x_wconf 86' lang='grc' dir='ltr'>τῷ</span> <span class='ocrx_word' id='word_1_633' title='bbox 802 2574 873 2610; x_wconf 84' lang='grc' dir='ltr'>λόγῳ</span> <span class='ocrx_word' id='word_1_634' title='bbox 887 2582 938 2610; x_wconf 88' lang='grc' dir='ltr'><strong>μου</strong></span> 
     </span>
    </p>
   </div>
   <div class='ocr_carea' id='block_1_95' title="bbox 143 2622 405 2659">
    <p class='ocr_par' dir='ltr' id='par_1_95' title="bbox 143 2622 405 2659">
     <span class='ocr_line' id='line_1_95' title="bbox 143 2622 405 2659; baseline -0.004 -10"><span class='ocrx_word' id='word_1_635' title='bbox 143 2622 321 2659; x_wconf 73' lang='grc' dir='ltr'>ὠφεληθῆναι</span> <span class='ocrx_word' id='word_1_636' title='bbox 339 2622 405 2657; x_wconf 70' lang='grc' dir='ltr'>ἔχει.</span> 
     </span>
    </p>
   </div>
   <div class='ocr_carea' id='block_1_96' title="bbox 181 2722 571 2754">
    <p class='ocr_par' dir='ltr' id='par_1_96' title="bbox 181 2722 571 2754">
     <span class='ocr_line' id='line_1_96' title="bbox 181 2722 571 2754; baseline -0.003 -4"><span class='ocrx_word' id='word_1_637' title='bbox 181 2722 193 2738; x_wconf 87' lang='grc'>⁶</span> <span class='ocrx_word' id='word_1_638' title='bbox 210 2723 250 2750; x_wconf 82' lang='grc' dir='ltr'><strong>Μ.</strong></span> <span class='ocrx_word' id='word_1_639' title='bbox 264 2723 350 2750; x_wconf 78' lang='lat' dir='ltr'><strong>insel.</strong></span> <span class='ocrx_word' id='word_1_640' title='bbox 365 2724 405 2754; x_wconf 81' lang='grc' dir='ltr'>είς</span> <span class='ocrx_word' id='word_1_641' title='bbox 418 2722 463 2749; x_wconf 82' lang='grc' dir='ltr'><strong>τὸν</strong></span> <span class='ocrx_word' id='word_1_642' title='bbox 479 2723 571 2753; x_wconf 68' lang='grc' dir='ltr'>τόπον,</span> 
     </span>
    </p>
   </div>
   <div class='ocr_carea' id='block_1_97' title="bbox 177 2816 512 2852">
    <p class='ocr_par' dir='ltr' id='par_1_97' title="bbox 177 2816 512 2852">
     <span class='ocr_line' id='line_1_97' title="bbox 177 2816 512 2852; baseline 0 -8"><span class='ocrx_word' id='word_1_643' title='bbox 177 2818 234 2852; x_wconf 75' lang='grc' dir='ltr'>(τι)</span> <span class='ocrx_word' id='word_1_644' title='bbox 252 2817 305 2844; x_wconf 77' lang='lat' dir='ltr'><strong>Vit.</strong></span> <span class='ocrx_word' id='word_1_645' title='bbox 323 2816 398 2844; x_wconf 84' lang='lat' dir='ltr'><strong>Patr.</strong></span> <span class='ocrx_word' id='word_1_646' title='bbox 411 2825 449 2847; x_wconf 68' lang='grc' dir='ltr'><strong>χι,</strong></span> <span class='ocrx_word' id='word_1_647' title='bbox 470 2818 512 2844; x_wconf 80' lang='grc' dir='ltr'><strong>Η.</strong></span> 
     </span>
    </p>
   </div>
   <div class='ocr_carea' id='block_1_98' title="bbox 177 2852 523 2889">
    <p class='ocr_par' dir='ltr' id='par_1_98' title="bbox 177 2852 523 2889">
     <span class='ocr_line' id='line_1_98' title="bbox 177 2852 523 2889; baseline 0 -9"><span class='ocrx_word' id='word_1_648' title='bbox 177 2853 233 2889; x_wconf 74' lang='lat'><strong>(75)</strong></span> <span class='ocrx_word' id='word_1_649' title='bbox 332 2853 405 2889; x_wconf 72' lang='lat' dir='ltr'><strong>{’atr.</strong></span> <span class='ocrx_word' id='word_1_650' title='bbox 425 2861 461 2882; x_wconf 74' lang='grc' dir='ltr'>γι,</span> <span class='ocrx_word' id='word_1_651' title='bbox 479 2852 523 2880; x_wconf 71' lang='lat' dir='ltr'><strong>2i).</strong></span> 
     </span>
    </p>
   </div>
   <div class='ocr_carea' id='block_1_99' title="bbox 178 2887 516 2924">
    <p class='ocr_par' dir='ltr' id='par_1_99' title="bbox 178 2887 516 2924">
     <span class='ocr_line' id='line_1_99' title="bbox 178 2887 516 2924; baseline -0.009 -8"><span class='ocrx_word' id='word_1_652' title='bbox 178 2887 236 2924; x_wconf 76' lang='grc'>(75)</span> <span class='ocrx_word' id='word_1_653' title='bbox 257 2887 309 2915; x_wconf 75' lang='lat' dir='ltr'><strong>Vit.</strong></span> <span class='ocrx_word' id='word_1_654' title='bbox 330 2887 404 2914; x_wconf 80' lang='lat' dir='ltr'><strong>i‘atr.</strong></span> <span class='ocrx_word' id='word_1_655' title='bbox 421 2895 457 2922; x_wconf 73' lang='lat' dir='ltr'><strong>tv,</strong></span> <span class='ocrx_word' id='word_1_656' title='bbox 476 2889 516 2915; x_wconf 73' lang='lat' dir='ltr'><strong>l8.</strong></span> 
     </span>
    </p>
   </div>
   <div class='ocr_carea' id='block_1_100' title="bbox 990 2302 1778 2337">
    <p class='ocr_par' dir='ltr' id='par_1_100' title="bbox 990 2302 1778 2337">
     <span class='ocr_line' id='line_1_100' title="bbox 990 2302 1778 2337; baseline -0.001 -7"><span class='ocrx_word' id='word_1_657' title='bbox 990 2303 1074 2331; x_wconf 83' lang='lat' dir='ltr'><strong>abbas</strong></span> <span class='ocrx_word' id='word_1_658' title='bbox 1090 2303 1259 2337; x_wconf 85' lang='lat' dir='ltr'><strong>Theophilus</strong></span> <span class='ocrx_word' id='word_1_659' title='bbox 1275 2312 1282 2329; x_wconf 92' lang='lat'>:</span> <span class='ocrx_word' id='word_1_660' title='bbox 1297 2303 1357 2330; x_wconf 83' lang='lat' dir='ltr'><strong>Alia</strong></span> <span class='ocrx_word' id='word_1_661' title='bbox 1372 2303 1415 2330; x_wconf 88' lang='lat' dir='ltr'><strong>via</strong></span> <span class='ocrx_word' id='word_1_662' title='bbox 1432 2310 1486 2330; x_wconf 91' lang='lat' dir='ltr'><strong>non</strong></span> <span class='ocrx_word' id='word_1_663' title='bbox 1503 2306 1555 2335; x_wconf 86' lang='lat' dir='ltr'><strong>est,</strong></span> <span class='ocrx_word' id='word_1_664' title='bbox 1572 2307 1670 2337; x_wconf 67' lang='lat' dir='ltr'><strong>praeter</strong></span> <span class='ocrx_word' id='word_1_665' title='bbox 1686 2302 1778 2330; x_wconf 89' lang='lat' dir='ltr'><strong>istam.</strong></span> 
     </span>
    </p>
   </div>
   <div class='ocr_carea' id='block_1_101' title="bbox 1025 2391 1779 2427">
    <p class='ocr_par' dir='ltr' id='par_1_101' title="bbox 1025 2391 1779 2427">
     <span class='ocr_line' id='line_1_101' title="bbox 1025 2391 1779 2427; baseline 0.001 -9"><span class='ocrx_word' id='word_1_666' title='bbox 1025 2391 1053 2418; x_wconf 77' lang='grc'><strong>2.</strong></span> <span class='ocrx_word' id='word_1_667' title='bbox 1075 2391 1131 2426; x_wconf 90' lang='grc'>(79)</span> <span class='ocrx_word' id='word_1_668' title='bbox 1156 2391 1227 2418; x_wconf 91' lang='lat' dir='ltr'><strong>Idem</strong></span> <span class='ocrx_word' id='word_1_669' title='bbox 1248 2392 1333 2419; x_wconf 84' lang='lat' dir='ltr'><strong>abbas</strong></span> <span class='ocrx_word' id='word_1_670' title='bbox 1352 2391 1520 2427; x_wconf 84' lang='lat' dir='ltr'><strong>Theophilus</strong></span> <span class='ocrx_word' id='word_1_671' title='bbox 1540 2391 1779 2427; x_wconf 78' lang='lat' dir='ltr'><strong>archiepiscopus.</strong></span> 
     </span>
    </p>
   </div>
   <div class='ocr_carea' id='block_1_102' title="bbox 991 2436 1780 2472">
    <p class='ocr_par' dir='ltr' id='par_1_102' title="bbox 991 2436 1780 2472">
     <span class='ocr_line' id='line_1_102' title="bbox 991 2436 1780 2472; baseline 0.001 -8"><span class='ocrx_word' id='word_1_672' title='bbox 991 2437 1066 2464; x_wconf 83' lang='lat' dir='ltr'><strong>venit</strong></span> <span class='ocrx_word' id='word_1_673' title='bbox 1086 2436 1235 2472; x_wconf 84' lang='lat' dir='ltr'><strong>aliquando</strong></span> <span class='ocrx_word' id='word_1_674' title='bbox 1253 2436 1280 2463; x_wconf 91' lang='lat' dir='ltr'><strong>iu</strong></span> <span class='ocrx_word' id='word_1_675' title='bbox 1299 2436 1411 2464; x_wconf 89' lang='lat' dir='ltr'><strong>Scetim.</strong></span> <span class='ocrx_word' id='word_1_676' title='bbox 1429 2437 1592 2472; x_wconf 73' lang='lat' dir='ltr'><strong>Congregati</strong></span> <span class='ocrx_word' id='word_1_677' title='bbox 1614 2441 1704 2465; x_wconf 87' lang='lat' dir='ltr'><strong>autem</strong></span> <span class='ocrx_word' id='word_1_678' title='bbox 1724 2437 1780 2465; x_wconf 84' lang='lat' dir='ltr'><strong>fra-</strong></span> 
     </span>
    </p>
   </div>
   <div class='ocr_carea' id='block_1_103' title="bbox 992 2481 1780 2518">
    <p class='ocr_par' dir='ltr' id='par_1_103' title="bbox 992 2481 1780 2518">
     <span class='ocr_line' id='line_1_103' title="bbox 992 2481 1780 2518; baseline 0.003 -9"><span class='ocrx_word' id='word_1_679' title='bbox 992 2486 1050 2509; x_wconf 89' lang='lat' dir='ltr'><strong>tres</strong></span> <span class='ocrx_word' id='word_1_680' title='bbox 1077 2481 1207 2509; x_wconf 78' lang='lat' dir='ltr'><strong>dixerunt</strong></span> <span class='ocrx_word' id='word_1_681' title='bbox 1230 2483 1322 2510; x_wconf 88' lang='lat' dir='ltr'><strong>abbati</strong></span> <span class='ocrx_word' id='word_1_682' title='bbox 1348 2482 1451 2510; x_wconf 88' lang='lat' dir='ltr'><strong>Pambo</strong></span> <span class='ocrx_word' id='word_1_683' title='bbox 1477 2492 1483 2509; x_wconf 91' lang='lat'>:</span> <span class='ocrx_word' id='word_1_684' title='bbox 1508 2483 1618 2518; x_wconf 79' lang='lat' dir='ltr'><strong>Aliquid</strong></span> <span class='ocrx_word' id='word_1_685' title='bbox 1644 2484 1780 2512; x_wconf 79' lang='lat' dir='ltr'><strong>sermonis</strong></span> 
     </span>
    </p>
   </div>
   <div class='ocr_carea' id='block_1_104' title="bbox 990 2528 1778 2564">
    <p class='ocr_par' dir='ltr' id='par_1_104' title="bbox 990 2528 1778 2564">
     <span class='ocr_line' id='line_1_104' title="bbox 990 2528 1778 2564; baseline 0.003 -8"><span class='ocrx_word' id='word_1_686' title='bbox 990 2529 1061 2556; x_wconf 88' lang='lat' dir='ltr'><strong>habe</strong></span> <span class='ocrx_word' id='word_1_687' title='bbox 1076 2529 1109 2556; x_wconf 92' lang='lat' dir='ltr'><strong>ad</strong></span> <span class='ocrx_word' id='word_1_688' title='bbox 1126 2537 1234 2564; x_wconf 83' lang='lat' dir='ltr'><strong>papam.</strong></span> <span class='ocrx_word' id='word_1_689' title='bbox 1249 2533 1280 2556; x_wconf 86' lang='lat' dir='ltr'><strong>ut</strong></span> <span class='ocrx_word' id='word_1_690' title='bbox 1294 2530 1317 2556; x_wconf 82' lang='lat' dir='ltr'><strong>ei</strong></span> <span class='ocrx_word' id='word_1_691' title='bbox 1333 2529 1431 2564; x_wconf 81' lang='lat' dir='ltr'><strong>prosit.</strong></span> <span class='ocrx_word' id='word_1_692' title='bbox 1446 2529 1490 2556; x_wconf 80' lang='lat' dir='ltr'><strong>Ait</strong></span> <span class='ocrx_word' id='word_1_693' title='bbox 1504 2529 1558 2556; x_wconf 82' lang='lat' dir='ltr'><strong>illis</strong></span> <span class='ocrx_word' id='word_1_694' title='bbox 1574 2537 1657 2558; x_wconf 79' lang='lat' dir='ltr'><strong>senex</strong></span> <span class='ocrx_word' id='word_1_695' title='bbox 1674 2539 1681 2557; x_wconf 92' lang='lat'>:</span> <span class='ocrx_word' id='word_1_696' title='bbox 1701 2528 1729 2557; x_wconf 88' lang='lat' dir='ltr'><strong>Si</strong></span> <span class='ocrx_word' id='word_1_697' title='bbox 1746 2538 1778 2558; x_wconf 78' lang='lat' dir='ltr'><strong>ex</strong></span> 
     </span>
    </p>
   </div>
   <div class='ocr_carea' id='block_1_105' title="bbox 990 2576 1779 2612">
    <p class='ocr_par' dir='ltr' id='par_1_105' title="bbox 990 2576 1779 2612">
     <span class='ocr_line' id='line_1_105' title="bbox 990 2576 1779 2612; baseline 0 -9"><span class='ocrx_word' id='word_1_698' title='bbox 990 2576 1102 2604; x_wconf 87' lang='lat' dir='ltr'><strong>silentio</strong></span> <span class='ocrx_word' id='word_1_699' title='bbox 1125 2583 1185 2603; x_wconf 82' lang='lat' dir='ltr'><strong>meo</strong></span> <span class='ocrx_word' id='word_1_700' title='bbox 1208 2577 1353 2604; x_wconf 87' lang='lat' dir='ltr'><strong>utilitatem</strong></span> <span class='ocrx_word' id='word_1_701' title='bbox 1375 2584 1431 2604; x_wconf 91' lang='lat' dir='ltr'><strong>non</strong></span> <span class='ocrx_word' id='word_1_702' title='bbox 1452 2576 1541 2611; x_wconf 89' lang='lat' dir='ltr'><strong>capit,</strong></span> <span class='ocrx_word' id='word_1_703' title='bbox 1561 2584 1651 2612; x_wconf 85' lang='lat' dir='ltr'><strong>neque</strong></span> <span class='ocrx_word' id='word_1_704' title='bbox 1667 2584 1701 2605; x_wconf 74' lang='lat' dir='ltr'><strong>ex</strong></span> <span class='ocrx_word' id='word_1_705' title='bbox 1720 2584 1779 2605; x_wconf 89' lang='lat' dir='ltr'><strong>ser-</strong></span> 
     </span>
    </p>
   </div>
   <div class='ocr_carea' id='block_1_106' title="bbox 989 2612 1471 2658">
    <p class='ocr_par' dir='ltr' id='par_1_106' title="bbox 989 2612 1471 2658">
     <span class='ocr_line' id='line_1_106' title="bbox 989 2612 1471 2658; baseline 0 -8"><span class='ocrx_word' id='word_1_706' title='bbox 989 2630 1070 2650; x_wconf 84' lang='lat' dir='ltr'><strong>mone</strong></span> <span class='ocrx_word' id='word_1_707' title='bbox 1085 2622 1168 2650; x_wconf 92' lang='lat' dir='ltr'><strong>habet</strong></span> <span class='ocrx_word' id='word_1_708' title='bbox 1184 2623 1327 2658; x_wconf 83' lang='lat' dir='ltr'><strong>proﬁcere.</strong></span> <span class='ocrx_word' id='word_1_709' title='bbox 1469 2612 1471 2617; x_wconf 53' lang='grc'><em>’</em></span> 
     </span>
    </p>
   </div>
   <div class='ocr_carea' id='block_1_107' title="bbox 1027 2813 1368 2847">
    <p class='ocr_par' dir='ltr' id='par_1_107' title="bbox 1027 2813 1368 2847">
     <span class='ocr_line' id='line_1_107' title="bbox 1027 2813 1368 2847; baseline -0.003 -6"><span class='ocrx_word' id='word_1_710' title='bbox 1027 2815 1081 2847; x_wconf 80' lang='grc'>(77)</span> <span class='ocrx_word' id='word_1_711' title='bbox 1102 2814 1154 2842; x_wconf 84' lang='lat' dir='ltr'><strong>Vit.</strong></span> <span class='ocrx_word' id='word_1_712' title='bbox 1174 2813 1248 2841; x_wconf 82' lang='lat' dir='ltr'><strong>l’atr.</strong></span> <span class='ocrx_word' id='word_1_713' title='bbox 1267 2822 1303 2844; x_wconf 77' lang='lat' dir='ltr'><strong>XI.</strong></span> <span class='ocrx_word' id='word_1_714' title='bbox 1326 2813 1368 2840; x_wconf 69' lang='grc'><strong>12.</strong></span> 
     </span>
    </p>
   </div>
   <div class='ocr_carea' id='block_1_108' title="bbox 1027 2847 1662 2886">
    <p class='ocr_par' dir='ltr' id='par_1_108' title="bbox 1027 2847 1662 2886">
     <span class='ocr_line' id='line_1_108' title="bbox 1027 2847 1662 2886; baseline 0 -9"><span class='ocrx_word' id='word_1_715' title='bbox 1027 2851 1081 2886; x_wconf 89' lang='grc'>(78)</span> <span class='ocrx_word' id='word_1_716' title='bbox 1101 2849 1154 2886; x_wconf 55' lang='grc' dir='ltr'>ιτα,</span> <span class='ocrx_word' id='word_1_717' title='bbox 1178 2849 1255 2886; x_wconf 58' lang='lat' dir='ltr'><strong>Patr.</strong></span> <span class='ocrx_word' id='word_1_718' title='bbox 1274 2857 1319 2881; x_wconf 77' lang='lat' dir='ltr'><strong>xv,</strong></span> <span class='ocrx_word' id='word_1_719' title='bbox 1333 2849 1380 2886; x_wconf 77' lang='lat' dir='ltr'><strong>i9;</strong></span> <span class='ocrx_word' id='word_1_720' title='bbox 1401 2847 1513 2876; x_wconf 77' lang='lat' dir='ltr'><strong>Doroth.</strong></span> <span class='ocrx_word' id='word_1_721' title='bbox 1535 2849 1626 2877; x_wconf 78' lang='lat' dir='ltr'><strong>Doctr.</strong></span> <span class='ocrx_word' id='word_1_722' title='bbox 1645 2849 1662 2878; x_wconf 84' lang='grc' dir='ltr'><em>τ</em></span> 
     </span>
    </p>
   </div>
   <div class='ocr_carea' id='block_1_109' title="bbox 1025 2883 1369 2921">
    <p class='ocr_par' dir='ltr' id='par_1_109' title="bbox 1025 2883 1369 2921">
     <span class='ocr_line' id='line_1_109' title="bbox 1025 2883 1369 2921; baseline -0.006 -8"><span class='ocrx_word' id='word_1_723' title='bbox 1025 2883 1081 2921; x_wconf 78' lang='grc'>(79)</span> <span class='ocrx_word' id='word_1_724' title='bbox 1102 2885 1154 2912; x_wconf 78' lang='lat' dir='ltr'><strong>Vit.</strong></span> <span class='ocrx_word' id='word_1_725' title='bbox 1172 2883 1248 2912; x_wconf 78' lang='lat' dir='ltr'><strong>Patr.</strong></span> <span class='ocrx_word' id='word_1_726' title='bbox 1266 2892 1310 2919; x_wconf 80' lang='lat' dir='ltr'><strong>xv,</strong></span> <span class='ocrx_word' id='word_1_727' title='bbox 1325 2885 1369 2912; x_wconf 67' lang='lat'><strong>42.</strong></span> 
     </span>
    </p>
   </div>
  </div>
