1970 3074
168 150 219 178 139
754 146 927 175 ΑΡΡΕΝΒΙΧ
947 146 993 174 AD

201 206 230 234 5.
248 205 305 240 (80;
323 204 462 232 Venerunt
477 203 627 239 aliquando
642 203 738 231 Patres
752 204 958 236 Alexandriam.
974 207 997 235 Α

166 251 257 279 vocati
275 258 290 278 a
304 250 457 286 Theophilo
474 249 695 285 archiepiscopo,
712 253 742 276 ut
759 257 867 285 precem
887 249 960 277 face-

166 300 226 329 ret,
245 304 278 324 ac
299 296 363 323 fana
384 299 528 324 everteret.
546 295 636 330 lisque
654 295 746 323 cibum
763 303 827 323 cum
845 295 894 322 illo
912 303 960 322 su-

167 343 307 370 mentibus
328 342 453 377 apposita
476 345 517 369 est
540 349 606 369 caro
626 342 761 376 vitulina;
783 346 810 368 et
833 341 960 368 comede-

168 389 244 421 bant,
261 388 328 416 nihil
345 389 544 416 discernentes.
560 387 646 416 Porro
660 388 801 423 accipiens
814 388 960 422 episcopus

168 444 253 463 unum
281 435 426 470 copadium
452 442 500 462 seu
525 435 618 462 carnis
643 434 778 466 frustum,
801 434 877 461 dedit
902 433 960 460 seni

166 483 243 518 juxta
260 490 289 510 se.
306 482 488 514 rccumbenti,
503 482 598 509 dicens
613 490 620 508 :
638 482 718 512 Ecce.
734 481 786 508 hoc
801 485 843 508 est
858 481 960 507 bonum

167 529 260 556 carnis
278 530 395 556 lrttstnm
407 549 413 559 ,
434 529 568 555 manduca
581 548 588 559 ,
607 528 686 555 abba.
708 527 747 554 Illi
765 531 934 562 exceperunt
953 535 959 553 :

167 575 221 603 Nos
245 576 387 610 hucusque
410 575 484 602 olera
510 575 633 606 edimus;
655 574 678 602 si
700 579 791 601 autem
814 581 879 601 caro
901 578 960 604 est,

168 630 222 648 non
246 622 457 648 manducamus.
481 620 537 648 Nec
558 621 676 655 amplius
697 627 792 647 eorum
815 620 961 654 quisquam

168 669 233 695 hinc
250 667 415 702 degustat-it.

201 713 229 740 4.
257 713 384 748 Ejusdem
409 713 517 740 abbatis
540 711 683 746 Theophili
709 718 801 738 sermo
822 711 929 738 exstitit
953 720 960 736 :

167 760 280 793 Qualem
298 760 439 790 Iimorem,
458 763 604 786 tremOrem
622 766 654 784 ac
670 758 861 785 necessitatem
877 755 961 783 visuri

167 814 274 836 smnus.
288 806 399 840 quando
413 805 503 832 anima
519 813 534 832 e
548 812 663 839 corpore
678 804 868 839 separabitnr!
885 802 963 830 Tunc

166 851 239 879 enim
251 851 284 877 ad
299 859 350 878 nos
363 852 513 878 adveniunt
524 851 727 878 contrariarum
739 851 871 885 virtutum
883 857 962 877 exer-

167 897 240 924 citus
256 900 282 924 et
299 896 401 931 copiae.
420 896 558 932 principes
575 896 767 926 tenebrarum.
783 895 895 922 malitim
911 895 963 921 im-
979 887 999 914 Β

167 948 324 977 peratores,
341 942 529 977 principatus,
549 945 714 975 potestates,
734 941 848 975 spiritus
865 941 963 976 nequi-

168 989 230 1020 tite;
247 992 275 1015 et
291 989 383 1023 aliquo
397 988 513 1022 justitite
529 987 609 1014 modo
623 987 741 1014 animam
758 987 897 1019 detinent,
913 987 963 1014 ad-

167 1035 302 1062 ducentes
319 1038 419 1062 cuncta
433 1043 494 1069 quae
509 1034 630 1069 prudens
644 1038 670 1061 et
686 1033 807 1061 insciens
822 1033 964 1060 commisit

168 1085 280 1116 peccata
291 1100 298 1112 ,
316 1088 332 1108 a
348 1081 492 1116 juventute
507 1080 540 1107 ad
557 1084 664 1108 nitatem
680 1087 734 1115 qua
752 1084 892 1114 assumpta
908 1083 961 1107 est.

167 1127 265 1154 Astant
281 1135 358 1162 ergo,
376 1131 538 1155 accusantes
556 1131 655 1154 cuncta
675 1134 724 1161 per
738 1134 798 1153 eam
816 1131 905 1162 gesta.
923 1125 962 1154 De

167 1177 267 1201 caetero
284 1177 388 1208 quanto
405 1178 525 1200 tremore
543 1177 623 1208 putas
641 1172 760 1199 animum
781 1172 807 1198 in
828 1172 873 1198 illa
894 1172 962 1199 hora

167 1220 286 1254 corripi,
305 1219 392 1247 donec
413 1219 466 1246 lata
487 1219 567 1246 fuerit
587 1218 741 1250 sententia,
761 1219 963 1253 contigeritqne

169 1266 292 1301 ejusdem
308 1266 406 1293 anima:
421 1265 565 1292 liberatio?
578 1264 641 1292 llaec
653 1268 695 1292 est
709 1264 776 1291 liora
790 1265 962 1292 necessitatis

167 1313 245 1347 ejus,
269 1320 414 1347 nsquequo
436 1311 534 1338 viderit
558 1311 625 1346 quid
651 1311 703 1346 ipsi
729 1311 765 1338 sit
787 1315 961 1337 eventurum.

170 1359 277 1386 ltursns
304 1358 405 1384 divina:
433 1359 548 1384 virtutes
574 1365 590 1384 e
618 1364 730 1391 regmne
757 1357 960 1383 contrariarum

169 1409 254 1436 stant,
273 1405 339 1438 ips-.e
354 1404 456 1438 pariter
471 1404 539 1430 bona
557 1403 655 1430 anima:
671 1401 852 1437 proferentes.
865 1402 962 1437 Cogita

168 1457 234 1485 ergo
249 1449 403 1484 cnjnsmodi
423 1449 450 1476 in
468 1449 567 1476 timore
583 1457 615 1476 ac
632 1453 751 1476 tremore
767 1452 892 1475 versetur
907 1456 963 1475 mc-

168 1497 212 1524 dia
229 1496 377 1524 constituta
392 1496 483 1522 anima
496 1516 504 1527 ,
520 1495 609 1523 donec
623 1495 756 1529 judicium
772 1494 832 1529 ejus
846 1494 963 1529 perjus-

170 1547 227 1569 tutu
248 1542 370 1577 judicent
396 1542 532 1569 sententia
555 1542 728 1569 terminetur.
749 1541 781 1567 Et
803 1542 826 1569 si
849 1541 961 1576 quidem
976 1560 997 1589 ο

169 1588 250 1624 ~digna
271 1588 364 1621 fuerit,
384 1587 522 1615 dzemones
541 1587 720 1622 increpuntttl‘
738 1591 820 1622 atque
842 1588 962 1622 puniun-

169 1638 231 1668 tur;
255 1635 314 1669 ipsa
333 1641 397 1661 vero
420 1633 526 1668 rapitur
547 1633 581 1660 ab
602 1633 706 1667 angelis
726 1642 732 1660 :
753 1637 811 1660 tum
833 1633 962 1668 deinceps

171 1680 229 1709 sine
246 1679 432 1707 sollicitudine
447 1687 492 1712 es,
510 1679 565 1706 imo
583 1679 691 1707 habitas
706 1680 785 1714 juxta
801 1679 873 1714 quod
891 1679 962 1706 scri-

169 1731 246 1762 ptum
261 1731 302 1754 est
319 1735 326 1753 :
343 1726 418 1753 Sicut
436 1726 585 1753 lwtantium
603 1727 721 1752 omnium
737 1725 868 1752 habitatio
883 1729 921 1752 est
937 1726 963 1752 in

170 1778 195 1800 te
203 1773 225 1800 ⁷.
238 1772 316 1800 Tunc
331 1773 460 1807 impletur
472 1772 538 1799 illud
554 1772 703 1807 Scripturze
718 1781 724 1798 :
739 1771 821 1806 Fugit
837 1771 924 1802 dolor.
938 1776 964 1798 et

171 1820 292 1853 tristitia,
303 1824 328 1846 et
342 1820 453 1855 gemitus
464 1819 485 1847 ⁸.
499 1818 578 1846 Tunc
593 1818 707 1845 liberata
723 1818 827 1849 anima,
840 1817 874 1844 ad
890 1817 963 1844 illam

171 1867 338 1894 ineﬂ‘abilem
353 1866 475 1893 laetitiam
489 1871 515 1893 et
530 1865 645 1901 gloriam
660 1864 855 1900 proﬁciscitur,
869 1864 896 1891 in
909 1871 964 1900 qua

170 1913 365 1940 constituetur.
382 1912 461 1945 Quod
477 1912 500 1939 si
517 1911 687 1947 deprehensa
704 1911 786 1938 fuerit
800 1911 904 1938 vixisse
917 1918 967 1937 ne-

170 1958 315 1993 gligenter,
333 1959 411 1985 audit
432 1957 584 1985 terribilem
605 1957 680 1984 illam
700 1964 795 1984 vocem
814 1966 821 1983 :
842 1956 967 1983 Tollatur

171 2005 278 2038 impius.
291 2008 318 2030 ut
333 2012 385 2030 non
398 2003 484 2031 videat
497 2004 611 2039 gloriam
626 2003 762 2030 Domitti’.
787 2001 865 2029 Tunc
878 2003 966 2036 ipsam

171 2049 352 2085 apprehendit
367 2049 427 2077 dies
444 2050 502 2082 ine,
516 2050 574 2078 dies
589 2049 755 2080 aillictionis,
768 2048 827 2076 dies
842 2048 967 2076 tenebra-

172 2103 232 2123 rum
248 2099 275 2122 et
291 2096 428 2131 caliginis.
444 2095 556 2123 Tradita
572 2096 599 2123 in
617 2096 746 2123 tenebras
761 2094 926 2127 exteriores,
941 2100 968 2123 et

172 2141 205 2168 ad
224 2142 312 2177 ignem
331 2146 494 2177 perpetuutn
511 2141 658 2175 damnata,
675 2148 723 2176 per
739 2140 847 2168 inﬁnita
865 2140 967 2168 saecula

173 2187 314 2222 punietur.
327 2186 416 2221 Tunc,
430 2187 476 2215 ubi
491 2187 619 2223 gloriatio
633 2186 748 2214 mundi?
761 2186 808 2214 ubi
820 2193 890 2214 vana
907 2186 968 2221 glo-

1012 145 1224 174 PALLADIUM.
1756 143 1812 172 200

1047 207 1081 238 γ’.
1098 201 1201 230 Ἦλθόν
1222 211 1288 230 ποτε
1305 203 1426 239 Πατέρες
1446 203 1486 234 εἰς
1506 200 1724 236 Ἀλεξάνδρειαν,
1745 200 1810 235 κλῃ-

1013 251 1107 283 θεντες
1123 250 1176 277 ὑπὸ
1191 250 1323 285 θεοφίλου
1339 250 1386 276 τοῦ
1400 248 1629 285 ἀρχιεπισκόπου,
1649 247 1692 274 ἵνα
1709 248 1810 282 ποιήσῃ

1011 297 1104 332 εὐχὴν,
1112 297 1160 323 καὶ
1171 296 1272 333 καθέλῃ
1284 297 1318 324 τὰ
1333 297 1403 332 ἱερά.
1415 296 1470 323 Καὶ
1482 295 1627 322 ἐσθιόντων
1639 293 1729 321 αὐτῶν
1748 295 1806 329 μετ’

1011 343 1104 375 αὐτοῦ,
1129 344 1263 380 παρετέθη
1289 343 1373 378 κρέας
1396 342 1516 378 μόσχιον·
1537 343 1583 369 καὶ
1599 342 1708 378 ἤσθιον,
1727 341 1810 377 μηδὲν

1011 390 1222 426 διακρινόμενα.
1241 390 1296 416 Καὶ
1320 388 1410 416 λαϐὼν
1441 389 1454 415 ό
1477 388 1625 421 ἐπίσκοπος
1644 389 1673 416 ἓν
1697 389 1810 416 κοπάδιν

1012 436 1097 462 ἔδωκε
1108 436 1147 470 τῷ
1161 435 1275 470 ἔγγιστα
1292 435 1375 462 αὑτοῦ
1395 435 1513 470 γέροντι,
1527 435 1628 468 λέγων·
1648 434 1710 462 Ἰδοὺ
1731 434 1811 462 τοῦτο

1012 482 1095 509 καλὸν
1107 482 1219 509 κοπάδιν
1236 482 1292 517 (Si)
1312 482 1381 511 ἐστὶ,
1399 481 1480 515 φάγε,
1493 481 1576 508 ἀϐϐἄ.
1595 483 1626 508 Οἰ
1641 482 1668 508 δέ
1691 482 1810 518 ἀποκριι

1013 527 1106 558 ϐέντες
1122 525 1197 553 εἷπον
1210 535 1217 542 ·
1235 526 1331 562 ῚΙμεῖς
1350 526 1403 557 ἓως
1421 526 1482 562 ἄρτι
1499 526 1604 560 λάχανα
1619 527 1749 562 ὴσθίομεν
1762 534 1769 542 ³
1785 527 1810 553 εἰ

1012 572 1041 598 δὲ
1058 573 1142 607 κρέας
1158 573 1228 605 ἐστὶ,
1246 573 1276 598 οὺ
1290 571 1447 608 τρώγομεν.
1470 572 1524 598 Καὶ
1538 572 1588 599 οὐκ
1604 572 1644 598 ἔτι
1660 573 1811 608 προσέθετο

1012 619 1074 645 οὺδέ
1088 616 1130 650 εἷς
1142 619 1172 651 ἐξ
1187 619 1279 646 αὐτῶν
1295 618 1445 653 γεύσασθαι
1461 618 1556 645 αὑτοῦ.

1048 707 1080 734 δ’.
1103 707 1132 733 '0
1154 706 1236 739 αὐτὸς
1256 706 1344 738 ὰθϐᾱς
1367 707 1495 742 Θεόφιλος
1516 707 1625 741 ἔλεγεν·
1649 705 1711 735 Οἶον
1729 708 1812 743 φόϐον

1014 753 1061 779 καὶ
1082 753 1184 789 τρόμον
1208 752 1254 779 καὶ
1271 752 1396 788 ἀνάγκην
1411 752 1510 788 ἔχομεν
1538 753 1612 784 ἰδεῖν,
1634 753 1677 779 ὅτε
1703 754 1719 789 ἡ
1736 753 1810 790 ψυχὴ

1013 799 1061 825 τοῦ
1097 798 1224 834 σώματος
1250 799 1416 834 χωρίζεταιί
1446 798 1630 835 Παραγίνεται
1656 800 1711 836 γὰρ
1744 800 1811 836 πρὸς

1014 846 1088 881 ἡμᾶς
1109 845 1223 880 στρατιά
1239 846 1285 872 καὶ
1304 845 1419 881 δύναμις
1436 845 1490 872 τῶν
1509 846 1638 873 ἐναντίων
1657 847 1811 883 δυνάμεων,

1014 894 1038 919 οι
1062 892 1109 918 τοῦ
1139 892 1252 924 σκότους
1278 892 1426 927 ἄρχοντες,
1457 894 1481 920 οἱ
1509 894 1732 929 κοσμοκράτορες
1760 894 1811 930 τῆς

1015 939 1157 974 πονηρίας,
1182 938 1229 965 καὶ
1256 939 1340 974 ἀρχαὶ
1365 939 1413 965 καὶ
1436 939 1566 972 ἐξουσίαι,
1588 939 1622 966 τὰ
1636 940 1778 975 πνεύματα
1788 941 1810 956 ¹⁰

1014 986 1063 1020 τῆς
1078 985 1231 1021 πονηρίαςυ
1249 985 1296 1012 καὶ
1316 985 1409 1021 τρόπῳ
1423 986 1478 1012 τινὶ
1499 985 1577 1021 δίκης
1593 986 1739 1022 κατέχουσι
1761 986 1810 1022 τὴν

1013 1031 1112 1068 ψυχὴν,
1132 1032 1310 1068 ἐπιφέροντες
1331 1032 1421 1059 πάντα
1436 1032 1521 1064 αὐτῆς
1540 1032 1574 1059 τὰ
1599 1033 1628 1059 ἐν
1643 1033 1741 1067 γνώσει
1762 1034 1811 1062 καὶ

1014 1078 1109 1114 ἀγνοίᾳ
1133 1079 1338 1114 ἁμαρτήματα,
1366 1077 1421 1105 ἀπὸ
1449 1078 1575 1113 νεότητος
1591 1079 1643 1111 ἕως
1672 1080 1721 1115 τῆς
1750 1080 1811 1115 ἠλι-

1013 1128 1076 1158 κεας
1104 1124 1138 1162 ἧς
1164 1125 1333 1162 κατελήφθη.
1357 1127 1496 1153 Ἵστανται
1519 1124 1566 1154 οὖν
1594 1126 1811 1162 κατηγοροῦντες

1014 1173 1104 1200 πάντα
1129 1172 1163 1199 τὰ
1190 1172 1374 1208 πεπραγμένα
1403 1172 1449 1199 ὑπ’
1479 1173 1574 1208 αὐτῆς.
1594 1173 1697 1200 Λοιπὸν
1718 1174 1811 1200 ὁποῖον

1013 1221 1115 1255 τρόμον
1131 1219 1220 1250 δοκεῖς
1243 1219 1292 1254 τὴν
1309 1219 1398 1254 ψυχὴν
1424 1219 1496 1254 ἔχειν
1520 1220 1549 1246 ἐν
1565 1221 1599 1255 τῇ
1624 1219 1685 1256 ὥρᾳ
1707 1221 1810 1256 ἐκείνῃ.

1013 1266 1066 1297 ἓως
1081 1262 1111 1292 οὗ
1134 1265 1149 1299 ὴ
1175 1265 1313 1299 ἀπόφασις
1328 1264 1441 1301 ἐξέλθῃ,
1467 1265 1515 1292 καὶ
1538 1265 1679 1302 ἐλευθερία
1697 1266 1810 1301 γένηται

1014 1312 1116 1348 αὺτῆςς
1133 1311 1211 1338 τοῦτό
1225 1312 1299 1338 ἐστιν
1321 1313 1337 1346 ἠ
1353 1311 1412 1347 ὥρα
1426 1312 1477 1347 τῆς
1493 1312 1617 1347 ἀνάγκης
1641 1312 1736 1348 αὐτῆς,
1758 1312 1811 1344 ἓως

1013 1356 1045 1386 οὗ
1065 1358 1107 1394 ἴδῃ
1122 1359 1149 1385 τί
1169 1358 1200 1384 τὸ
1219 1357 1426 1394 ἀποϐησόμενον
1440 1358 1520 1394 αὐτῇ.
1534 1359 1590 1385 Καὶ
1606 1358 1686 1385 πάλιν
1699 1359 1727 1385 αἰ
1740 1358 1811 1385 θεῖαι

1013 1406 1143 1440 δυνάμεις
1158 1405 1282 1431 ἵστανται
1298 1405 1368 1432 κατά
1384 1404 1530 1440 πρόσωπον
1545 1404 1598 1431 τῶν
1611 1405 1749 1438 ἐναντίων,
1763 1405 1812 1432 καὶ

1015 1451 1097 1478 αὐταὶ
1123 1451 1156 1478 τὰ
1178 1450 1250 1478 καλά
1264 1451 1349 1486 αὐτῆς
1370 1451 1560 1486 ἐπιφέρουσαι.
1582 1451 1717 1478 Κατανόει
1732 1449 1778 1478 οὖν
1793 1452 1810 1487 ἡ

1014 1495 1087 1531 ψυχὴ
1100 1496 1168 1531 μέση
1179 1496 1309 1531 ἱσταμένη
1318 1495 1386 1530 ποίῳ
1393 1495 1448 1531 ἄρα
1460 1495 1535 1531 φόϐῳ
1546 1496 1592 1523 καὶ
1601 1496 1694 1532 τρόμῳ
1705 1497 1810 1532 στήκει,

1014 1542 1066 1573 ἕως
1073 1539 1128 1577 οὗή
1140 1542 1230 1577 κρίσις
1236 1542 1322 1576 αὐτῆς
1335 1541 1474 1576 ἀπόφασιν
1486 1541 1556 1579 λάϐῃ
1566 1542 1641 1578 παρά
1650 1543 1697 1569 τοῦ
1706 1542 1807 1570 δικαία.

1014 1587 1121 1623 κριτοῦ.
1141 1588 1196 1614 Καὶ
1223 1588 1270 1614 ἐὰν
1296 1585 1382 1623 μὲνῇ
1411 1586 1489 1620 ἀξία,
1515 1588 1614 1614 ἐκεῖνοι
1628 1587 1813 1623 λαμϐάνουσιν

1013 1634 1164 1669 ἐπιτιμίαν,
1187 1634 1234 1660 καὶ
1266 1634 1335 1670 αὑτὴ
1367 1634 1519 1669 ἀρπάζεται
1551 1634 1598 1661 ἀπ’
1625 1635 1735 1661 αὐτῶν·
1764 1635 1813 1661 καὶ

1014 1679 1108 1706 λοιπὸν
1139 1679 1293 1715 άμέριμνος
1315 1676 1359 1712 εἷ,
1376 1680 1477 1714 μᾶλλον
1498 1679 1527 1706 δὲ
1549 1681 1672 1707 κατοικεῖ
1687 1681 1719 1696 ¹⁹⁶
1741 1680 1813 1708 κατά

1013 1727 1044 1754 τὸ
1072 1727 1289 1763 γεγραμμένον·
1325 1727 1379 1760 Ὠς
1419 1727 1663 1762 εὐφραινομένων
1691 1727 1814 1754 πάντων

1015 1774 1033 1807 ἡ
1049 1774 1184 1800 κατοικία
1194 1774 1229 1800 ἐν
1239 1773 1300 1800 σοί.
1314 1773 1381 1800 Τότε
1396 1773 1547 1809 πληροῦται
1557 1773 1587 1800 τὺ
1601 1774 1794 1809 γεγραμμένον
1803 1781 1812 1791 ο

1022 1820 1144 1854 Ἄπέὸρα
1164 1820 1258 1853 ὀδύνη
1281 1820 1330 1846 καὶ
1354 1820 1437 1853 λύπη
1466 1820 1515 1847 καὶ
1541 1821 1727 1855 στεναγμός·
1751 1820 1812 1847 τότε

1016 1865 1205 1900 ἀπαλλαγεῖσα
1227 1864 1375 1900 πορεύεται
1394 1866 1434 1897 εἰς
1447 1865 1556 1901 ἐκείνην
1566 1866 1617 1902 τὴν
1631 1866 1812 1901 ἀνεκλάλητον

1015 1912 1103 1947 χαρὰν
1114 1911 1259 1944 καὶδόξαν,
1269 1912 1310 1942 εἰς
1321 1911 1355 1946 ἣν
1370 1913 1581 1946 καταστήσεται.
1601 1912 1664 1939 Ἐἀν
1675 1912 1702 1939 δὲ
1713 1912 1810 1948 εὑρεθῇ

1016 1960 1045 1985 ἐν
1059 1959 1175 1994 ἀμελείᾳ
1203 1958 1320 1994 ζήσασα,
1339 1957 1434 1984 ἀκούει
1458 1959 1507 1994 τὴν
1522 1958 1678 1994 δεινοτάτην
1702 1959 1811 1995 φωνήν·

1022 2003 1149 2039 Ἀρθήτω
1163 2005 1179 2031 ὀ
1194 2003 1320 2038 ἀσεϐὴς,
1332 2002 1436 2038 ἵναμὴ
1452 2003 1503 2038 ἴδῃ
1518 2003 1576 2038 τὴν
1590 2004 1812 2039 ὅόεαγΚυρίου.

1017 2050 1084 2076 Τότε
1097 2049 1183 2085 αὐτὴν
1199 2050 1403 2085 καταλαμϐάνει
1422 2051 1515 2086 ἡμέρα
1531 2051 1626 2086 ὀργῆς,
1646 2051 1740 2087 ἡμέρα
1757 2051 1814 2078 θλί-

1016 2096 1090 2132 ψεως
1105 2097 1136 2130 “,
1162 2097 1255 2133 ἡμέρα
1273 2096 1385 2128 σκότους
1404 2097 1452 2123 καὶ
1473 2097 1584 2132 γνόφου.
1607 2098 1812 2134 Παραδιδομένη

1016 2144 1057 2174 εἰς
1074 2143 1103 2169 τὸ
1122 2141 1255 2178 ἐξώτερον
1271 2143 1378 2176 σκότος,
1395 2143 1443 2170 καὶ
1461 2141 1501 2174 είς
1516 2143 1546 2169 τὸ
1565 2143 1674 2170 αίώνιον
1693 2143 1748 2179 πῦρ
1766 2152 1814 2171 κα-

1018 2188 1189 2226 τακριθεῖσα,
1216 2190 1257 2221 εἰς
1283 2189 1455 2225 ἀπεράντους
1477 2189 1580 2221 αἰῶνας
1602 2189 1812 2225 κολασθήσεται.

173 2234 233 2261 ria?
254 2234 299 2261 ubi
319 2233 443 2262 deliciae?
463 2233 511 2261 ubi
531 2233 705 2269 voluptates?
725 2232 771 2260 ubi
793 2231 902 2260 fastus?
920 2231 964 2259 ubi

1019 2236 1088 2262 Τότε
1110 2235 1163 2262 ποῦ
1178 2236 1195 2271 ἡ
1208 2235 1343 2271 καύχησις
1357 2235 1403 2262 τοῦ
1418 2235 1522 2270 κόσμου
1535 2243 1542 2268 ;
1558 2235 1610 2262 ποῦ
1624 2236 1641 2271 ἡ
1656 2235 1812 2268 κενοδοξία;

172 2280 302 2315 requies?
317 2279 362 2307 ubi
374 2279 528 2315 iactantia?
541 2279 586 2307 ubi
601 2279 743 2315 pecuniae?
757 2279 804 2306 ubi
817 2277 967 2306 nobilitas?

173 2327 218 2354 ubi
236 2327 330 2362 pater?
344 2327 389 2354 ubi
403 2327 510 2354 mater?
523 2327 569 2354 ubi
585 2326 690 2354 frater?
704 2326 771 2359 Quis
783 2325 966 2361 praesentibus

173 2374 253 2401 malis
267 2374 373 2408 eripere
390 2373 491 2408 poterit
505 2373 566 2408 igne
579 2372 751 2408 ﬂagrantem,
765 2376 793 2400 et
809 2372 836 2399 in
849 2371 966 2399 amaris-

173 2421 252 2448 simis
272 2420 418 2448 tormentis
437 2419 597 2448 detentam?
614 2419 662 2446 His
680 2419 717 2446 ita
734 2426 764 2446 se
781 2418 964 2450 habentibus,

172 2465 270 2501 quales
281 2473 344 2493 esse
355 2473 406 2493 nos
418 2468 527 2501 oportet
538 2465 566 2492 in
578 2463 683 2492 sanctis
695 2463 850 2491 actionibus
860 2467 887 2491 et
899 2470 966 2499 ope-

174 2511 251 2538 ribus
264 2511 334 2546 piis?
346 2510 483 2544 Quantam
497 2510 662 2537 charitatem
678 2508 812 2537 debemus
829 2508 970 2536 obtinere?

174 2561 304 2592 quantam
322 2556 583 2584 conversationem?
599 2555 708 2591 qualem
725 2555 859 2583 cursum?
875 2555 970 2590 cujus-

174 2602 248 2629 modi
259 2602 440 2638 diligentiam,
449 2603 616 2635 orationem,
628 2601 798 2629 cautionem?
806 2600 872 2629 Ηωε
883 2600 969 2634 enim,

1017 2281 1068 2309 ποῦ
1085 2282 1102 2318 ή
1125 2282 1235 2318 τρυφής
1257 2280 1309 2308 ποῦ
1324 2282 1341 2317 ή
1357 2281 1525 2314 ἀπόλαυσις;
1550 2281 1602 2308 ποῦ
1616 2282 1633 2316 ἠ
1657 2281 1812 2316 φαντασίας

1017 2327 1069 2355 ποῦ
1084 2329 1100 2363 ἡ
1117 2328 1288 2361 ἁνάπαυσις;
1305 2327 1358 2354 ποῦ
1371 2328 1385 2354 ό
1401 2327 1523 2363 κόμπος
1541 2326 1593 2354 ποῦ
1612 2327 1646 2354 τὰ
1662 2327 1812 2363 χρήματα;

1018 2373 1069 2400 ποῦ
1084 2374 1100 2409 ή
1117 2374 1257 2408 εὐγένεια;
1273 2373 1325 2400 ποῦ
1341 2375 1450 2409 πατήρ;
1468 2373 1519 2400 ποῦ
1535 2373 1643 2410 μήτηρ;
1667 2373 1718 2401 ποῦ
1737 2373 1814 2401 ἀδελ-

1018 2419 1082 2454 φόςς
1101 2419 1144 2451 τίς
1161 2419 1306 2455 δυνήσεται
1322 2419 1426 2446 τούτων
1439 2419 1578 2451 ἐξελέσθαι
1590 2420 1640 2455 τὴν
1658 2420 1711 2446 ὑπὸ
1727 2420 1814 2456 πυρὸς

1018 2463 1200 2499 φλεγομένην,
1216 2464 1264 2491 καὶ
1281 2464 1334 2491 ὑπὸ
1349 2465 1454 2501 πικρῶν
1471 2464 1596 2500 βασάνων
1611 2465 1813 2500 κατεχομένην;

1019 2510 1129 2536 Τούτων
1156 2509 1243 2543 οὕτως
1263 2511 1430 2546 γινομένων,
1452 2511 1592 2542 ποταποὺς
1615 2511 1656 2537 δεῖ
1681 2511 1814 2547 ὑπάρχειν

1018 2555 1092 2590 ἡμᾶς
1104 2557 1132 2582 ἐν
1146 2556 1238 2590 ἁγίαις
1248 2555 1434 2591 ἀναστροφαῖς
1445 2557 1492 2583 καὶ
1506 2555 1660 2588 εὐσεϐείαις
1670 2565 1678 2589 ;
1690 2556 1814 2592 ποταπὴν

1019 2601 1130 2636 ἀγάπην
1159 2602 1303 2637 ὀφείλομεν
1327 2602 1500 2638 κτήσασθαι;
1530 2602 1656 2638 ποταπὴν
1681 2602 1812 2637 ἁγωγήν;

174 2683 185 2699 "
196 2681 419 2714 Psal.t.xxxvr,7.
437 2681 644 2716 'lsa.uvt,io.
663 2682 674 2697 '
687 2681 880 2713 lsa.xxvt,10.
898 2681 964 2709 ¹⁶ΑΙ.

1016 2681 1162 2716 ευματικά.
1179 2681 1210 2697 ¹⁰¹
1224 2680 1287 2717 Leg.
1301 2683 1451 2713 κατοικεῖς.
1471 2682 1492 2698 ¹¹
1502 2682 1815 2717 Α1.3(1‹1.κα“ιᾰνάγκης.

222 2762 268 2797 80)
289 2761 341 2789 Vit.
359 2761 437 2789 Patr.
452 2769 490 2794 tv,
503 2762 547 2789 65.

222 2797 267 2833 8i)
286 2797 428 2825 Κοπάδιν.
443 2797 603 2833 Copadium.
619 2796 649 2824 Id
670 2796 788 2833 no_minis
803 2805 865 2825 cum
882 2797 965 2825 variis

176 2831 381 2868 acceptionibus
391 2831 528 2868 explicant
539 2831 686 2864 Meursius,
700 2831 874 2868 Rosweydus
883 2852 889 2863 ,
903 2832 967 2859 Ger-

176 2866 273 2898 maniti
287 2866 441 2902 etPortius,
454 2867 482 2895 in
495 2866 672 2896 Dictionariis
684 2867 753 2896 suis.
765 2866 841 2896 Adde
853 2867 966 2896 llumel-

1020 2761 1143 2796 bergium
1168 2760 1360 2796 adiApicium:
1390 2761 1586 2788 C'asanbonum
1602 2762 1629 2788 in
1643 2761 1813 2794 Atlanteum;

1019 2795 1332 2833 Frrontonejnpuczemu
1355 2796 1389 2822 ad
1409 2796 1586 2833 Palladium;
1607 2796 1815 2833 necnonilesy-

1020 2832 1124 2895 eligum.
1151 2830 1276 2865 Suidam,
1294 2831 1418 2867 Glossas,
1439 2831 1474 2860 de
1501 2832 1602 2860 similis
1628 2832 1744 2867 originis
1768 2830 1815 2861 vo-

1020 2875 1045 2896 c:
1069 2875 1108 2895 us.
