  <div class='ocr_page' id='page_1' title='image "/cluster/home/n/w/nwhite01/storage/ocr_20150623/65/njp.32101077772687/107.png"; bbox 0 0 1970 3074; ppageno 0'>
   <div class='ocr_carea' id='block_1_1' title="bbox 197 162 250 190">
    <p class='ocr_par' dir='ltr' id='par_1_1' title="bbox 197 162 250 190">
     <span class='ocr_line' id='line_1_1' title="bbox 197 162 250 190; baseline 0.019 -1"><span class='ocrx_word' id='word_1_1' title='bbox 197 162 250 190; x_wconf 74' lang='grc'><strong>⁸203</strong></span> 
     </span>
    </p>
   </div>
   <div class='ocr_carea' id='block_1_2' title="bbox 772 157 1232 189">
    <p class='ocr_par' dir='ltr' id='par_1_2' title="bbox 772 157 1232 189">
     <span class='ocr_line' id='line_1_2' title="bbox 772 157 1232 189; baseline 0 0"><span class='ocrx_word' id='word_1_2' title='bbox 772 161 881 189; x_wconf 79' lang='lat' dir='ltr'><strong>APPEN</strong></span> <span class='ocrx_word' id='word_1_3' title='bbox 887 159 942 186; x_wconf 66' lang='grc' dir='ltr'><strong>[ΠΧ</strong></span> <span class='ocrx_word' id='word_1_4' title='bbox 960 157 1006 185; x_wconf 84' lang='lat' dir='ltr'><strong>AD</strong></span> <span class='ocrx_word' id='word_1_5' title='bbox 1023 157 1232 189; x_wconf 78' lang='lat' dir='ltr'><strong>PALLADIUM.</strong></span> 
     </span>
    </p>
   </div>
   <div class='ocr_carea' id='block_1_3' title="bbox 1764 160 1817 188">
    <p class='ocr_par' dir='ltr' id='par_1_3' title="bbox 1764 160 1817 188">
     <span class='ocr_line' id='line_1_3' title="bbox 1764 160 1817 188; baseline 0.019 -2"><span class='ocrx_word' id='word_1_6' title='bbox 1764 160 1817 188; x_wconf 68' lang='grc' dir='ltr'><strong>εὶοι</strong></span> 
     </span>
    </p>
   </div>
   <div class='ocr_carea' id='block_1_4' title="bbox 199 216 979 254">
    <p class='ocr_par' dir='ltr' id='par_1_4' title="bbox 199 217 978 253">
     <span class='ocr_line' id='line_1_4' title="bbox 199 217 978 253; baseline -0.005 -6"><span class='ocrx_word' id='word_1_7' title='bbox 199 219 267 247; x_wconf 74' lang='lat' dir='ltr'><strong>rat-it</strong></span> <span class='ocrx_word' id='word_1_8' title='bbox 292 219 373 246; x_wconf 74' lang='lat' dir='ltr'><strong>etiam</strong></span> <span class='ocrx_word' id='word_1_9' title='bbox 402 218 661 246; x_wconf 83' lang='lat' dir='ltr'><strong>hoc:Christianus</strong></span> <span class='ocrx_word' id='word_1_10' title='bbox 676 218 787 253; x_wconf 87' lang='lat' dir='ltr'><strong>quidam</strong></span> <span class='ocrx_word' id='word_1_11' title='bbox 810 226 870 245; x_wconf 83' lang='lat' dir='ltr'><strong>eum</strong></span> <span class='ocrx_word' id='word_1_12' title='bbox 897 217 978 244; x_wconf 80' lang='lat' dir='ltr'><strong>Mani-</strong></span> 
     </span>
    </p>
   </div>
   <div class='ocr_carea' id='block_1_5' title="bbox 1035 216 1817 254">
    <p class='ocr_par' dir='ltr' id='par_1_5' title="bbox 1035 218 1817 254">
     <span class='ocr_line' id='line_1_5' title="bbox 1035 218 1817 254; baseline 0.003 -11"><span class='ocrx_word' id='word_1_13' title='bbox 1035 218 1117 249; x_wconf 72' lang='grc' dir='ltr'>τοῦτο,</span> <span class='ocrx_word' id='word_1_14' title='bbox 1134 220 1173 246; x_wconf 80' lang='grc' dir='ltr'>ὅτι</span> <span class='ocrx_word' id='word_1_15' title='bbox 1187 219 1349 254; x_wconf 76' lang='grc' dir='ltr'>Χριστιανός</span> <span class='ocrx_word' id='word_1_16' title='bbox 1359 228 1411 251; x_wconf 85' lang='grc' dir='ltr'><strong>τις,</strong></span> <span class='ocrx_word' id='word_1_17' title='bbox 1429 220 1498 254; x_wconf 78' lang='grc' dir='ltr'>μετὰ</span> <span class='ocrx_word' id='word_1_18' title='bbox 1511 219 1677 253; x_wconf 85' lang='grc' dir='ltr'>Μαννιχαίου</span> <span class='ocrx_word' id='word_1_19' title='bbox 1693 220 1714 235; x_wconf 81' lang='grc'><strong>⁸³</strong></span> <span class='ocrx_word' id='word_1_20' title='bbox 1727 220 1817 246; x_wconf 79' lang='grc' dir='ltr'>διαλε-</span> 
     </span>
    </p>
   </div>
   <div class='ocr_carea' id='block_1_6' title="bbox 198 261 980 298">
    <p class='ocr_par' dir='ltr' id='par_1_6' title="bbox 198 261 980 298">
     <span class='ocr_line' id='line_1_6' title="bbox 198 261 980 298; baseline -0.006 -6"><span class='ocrx_word' id='word_1_21' title='bbox 198 266 273 292; x_wconf 73' lang='lat' dir='ltr'><strong>clueo</strong></span> <span class='ocrx_word' id='word_1_22' title='bbox 298 264 332 291; x_wconf 87' lang='lat' dir='ltr'><strong>de</strong></span> <span class='ocrx_word' id='word_1_23' title='bbox 358 271 473 298; x_wconf 85' lang='lat' dir='ltr'><strong>corpore</strong></span> <span class='ocrx_word' id='word_1_24' title='bbox 497 264 646 295; x_wconf 76' lang='lat' dir='ltr'><strong>disserens,</strong></span> <span class='ocrx_word' id='word_1_25' title='bbox 670 263 707 289; x_wconf 86' lang='lat' dir='ltr'><strong>ita</strong></span> <span class='ocrx_word' id='word_1_26' title='bbox 731 263 839 290; x_wconf 91' lang='lat' dir='ltr'><strong>locutus</strong></span> <span class='ocrx_word' id='word_1_27' title='bbox 863 268 925 289; x_wconf 84' lang='lat' dir='ltr'><strong>est:</strong></span> <span class='ocrx_word' id='word_1_28' title='bbox 943 261 980 288; x_wconf 87' lang='lat' dir='ltr'><strong>Da</strong></span> 
     </span>
    </p>
   </div>
   <div class='ocr_carea' id='block_1_7' title="bbox 199 308 980 345">
    <p class='ocr_par' dir='ltr' id='par_1_7' title="bbox 199 308 980 345">
     <span class='ocr_line' id='line_1_7' title="bbox 199 308 980 345; baseline -0.003 -8"><span class='ocrx_word' id='word_1_29' title='bbox 199 311 283 345; x_wconf 81' lang='lat' dir='ltr'><strong>legem</strong></span> <span class='ocrx_word' id='word_1_30' title='bbox 299 309 418 344; x_wconf 77' lang='lat' dir='ltr'><strong>corpori,</strong></span> <span class='ocrx_word' id='word_1_31' title='bbox 432 313 459 337; x_wconf 89' lang='lat' dir='ltr'><strong>et</strong></span> <span class='ocrx_word' id='word_1_32' title='bbox 473 309 576 337; x_wconf 80' lang='lat' dir='ltr'><strong>videbis</strong></span> <span class='ocrx_word' id='word_1_33' title='bbox 588 316 687 343; x_wconf 89' lang='lat' dir='ltr'><strong>corpus</strong></span> <span class='ocrx_word' id='word_1_34' title='bbox 702 308 734 336; x_wconf 91' lang='lat' dir='ltr'><strong>ad</strong></span> <span class='ocrx_word' id='word_1_35' title='bbox 750 309 905 336; x_wconf 77' lang='lat' dir='ltr'><strong>Creatorem</strong></span> <span class='ocrx_word' id='word_1_36' title='bbox 917 316 980 343; x_wconf 85' lang='lat' dir='ltr'><strong>per-</strong></span> 
     </span>
    </p>
   </div>
   <div class='ocr_carea' id='block_1_8' title="bbox 199 357 294 382">
    <p class='ocr_par' dir='ltr' id='par_1_8' title="bbox 199 357 294 382">
     <span class='ocr_line' id='line_1_8' title="bbox 199 357 294 382; baseline -0.011 0"><span class='ocrx_word' id='word_1_37' title='bbox 199 357 294 382; x_wconf 86' lang='lat' dir='ltr'><strong>tincre.</strong></span> 
     </span>
    </p>
   </div>
   <div class='ocr_carea' id='block_1_9' title="bbox 234 398 981 432">
    <p class='ocr_par' dir='ltr' id='par_1_9' title="bbox 234 398 981 432">
     <span class='ocr_line' id='line_1_9' title="bbox 234 398 981 432; baseline -0.003 -5"><span class='ocrx_word' id='word_1_38' title='bbox 234 401 260 428; x_wconf 85' lang='lat'><strong>5.</strong></span> <span class='ocrx_word' id='word_1_39' title='bbox 287 399 388 427; x_wconf 81' lang='lat' dir='ltr'><strong>Eadem</strong></span> <span class='ocrx_word' id='word_1_40' title='bbox 414 400 512 426; x_wconf 90' lang='lat' dir='ltr'><strong>iterum</strong></span> <span class='ocrx_word' id='word_1_41' title='bbox 536 399 625 426; x_wconf 77' lang='lat' dir='ltr'><strong>dixit:</strong></span> <span class='ocrx_word' id='word_1_42' title='bbox 642 398 796 432; x_wconf 70' lang='lat' dir='ltr'><strong>Prret-eptor</strong></span> <span class='ocrx_word' id='word_1_43' title='bbox 814 398 893 425; x_wconf 89' lang='lat' dir='ltr'><strong>debet</strong></span> <span class='ocrx_word' id='word_1_44' title='bbox 920 405 981 425; x_wconf 81' lang='lat' dir='ltr'><strong>esse</strong></span> 
     </span>
    </p>
   </div>
   <div class='ocr_carea' id='block_1_10' title="bbox 200 445 981 482">
    <p class='ocr_par' dir='ltr' id='par_1_10' title="bbox 200 445 981 482">
     <span class='ocr_line' id='line_1_10' title="bbox 200 445 981 482; baseline -0.004 -8"><span class='ocrx_word' id='word_1_45' title='bbox 200 448 298 482; x_wconf 78' lang='lat' dir='ltr'><strong>hospes</strong></span> <span class='ocrx_word' id='word_1_46' title='bbox 316 447 342 473; x_wconf 93' lang='lat' dir='ltr'><strong>in</strong></span> <span class='ocrx_word' id='word_1_47' title='bbox 359 454 452 474; x_wconf 85' lang='lat' dir='ltr'><strong>amore</strong></span> <span class='ocrx_word' id='word_1_48' title='bbox 468 446 637 478; x_wconf 79' lang='lat' dir='ltr'><strong>dominandi,</strong></span> <span class='ocrx_word' id='word_1_49' title='bbox 660 446 765 473; x_wconf 88' lang='lat' dir='ltr'><strong>alienus</strong></span> <span class='ocrx_word' id='word_1_50' title='bbox 783 445 816 472; x_wconf 89' lang='lat' dir='ltr'><strong>ab</strong></span> <span class='ocrx_word' id='word_1_51' title='bbox 832 445 906 472; x_wconf 87' lang='lat' dir='ltr'><strong>inani</strong></span> <span class='ocrx_word' id='word_1_52' title='bbox 924 445 981 479; x_wconf 76' lang='lat' dir='ltr'><strong>glo-</strong></span> 
     </span>
    </p>
   </div>
   <div class='ocr_carea' id='block_1_11' title="bbox 199 491 981 526">
    <p class='ocr_par' dir='ltr' id='par_1_11' title="bbox 199 491 981 526">
     <span class='ocr_line' id='line_1_11' title="bbox 199 491 981 526; baseline -0.003 -8"><span class='ocrx_word' id='word_1_53' title='bbox 199 494 251 519; x_wconf 85' lang='lat' dir='ltr'><strong>ria.</strong></span> <span class='ocrx_word' id='word_1_54' title='bbox 269 493 347 526; x_wconf 80' lang='lat' dir='ltr'><strong>longe</strong></span> <span class='ocrx_word' id='word_1_55' title='bbox 365 499 380 518; x_wconf 87' lang='lat' dir='ltr'><strong>a</strong></span> <span class='ocrx_word' id='word_1_56' title='bbox 405 492 543 526; x_wconf 81' lang='lat' dir='ltr'><strong>superbia,</strong></span> <span class='ocrx_word' id='word_1_57' title='bbox 561 499 609 526; x_wconf 89' lang='lat' dir='ltr'><strong>per</strong></span> <span class='ocrx_word' id='word_1_58' title='bbox 634 491 815 518; x_wconf 79' lang='lat' dir='ltr'><strong>adulationem</strong></span> <span class='ocrx_word' id='word_1_59' title='bbox 838 498 894 517; x_wconf 84' lang='lat' dir='ltr'><strong>non</strong></span> <span class='ocrx_word' id='word_1_60' title='bbox 911 491 981 517; x_wconf 86' lang='lat' dir='ltr'><strong>ludi--</strong></span> 
     </span>
    </p>
   </div>
   <div class='ocr_carea' id='block_1_12' title="bbox 198 536 981 572">
    <p class='ocr_par' dir='ltr' id='par_1_12' title="bbox 198 536 981 572">
     <span class='ocr_line' id='line_1_12' title="bbox 198 536 981 572; baseline -0.005 -6"><span class='ocrx_word' id='word_1_61' title='bbox 198 539 258 566; x_wconf 83' lang='lat' dir='ltr'><strong>brio</strong></span> <span class='ocrx_word' id='word_1_62' title='bbox 275 539 394 567; x_wconf 87' lang='lat' dir='ltr'><strong>habitus.</strong></span> <span class='ocrx_word' id='word_1_63' title='bbox 411 545 465 565; x_wconf 92' lang='lat' dir='ltr'><strong>non</strong></span> <span class='ocrx_word' id='word_1_64' title='bbox 481 541 633 564; x_wconf 76' lang='lat' dir='ltr'><strong>excteeatus</strong></span> <span class='ocrx_word' id='word_1_65' title='bbox 645 545 693 572; x_wconf 86' lang='lat' dir='ltr'><strong>per</strong></span> <span class='ocrx_word' id='word_1_66' title='bbox 703 536 784 568; x_wconf 88' lang='lat' dir='ltr'><strong>dona,</strong></span> <span class='ocrx_word' id='word_1_67' title='bbox 801 544 849 564; x_wconf 86' lang='lat' dir='ltr'><strong>nec</strong></span> <span class='ocrx_word' id='word_1_68' title='bbox 858 537 981 564; x_wconf 83' lang='lat' dir='ltr'><strong>devictus</strong></span> 
     </span>
    </p>
   </div>
   <div class='ocr_carea' id='block_1_13' title="bbox 199 583 981 618">
    <p class='ocr_par' dir='ltr' id='par_1_13' title="bbox 199 583 981 618">
     <span class='ocr_line' id='line_1_13' title="bbox 199 583 981 618; baseline -0.003 -7"><span class='ocrx_word' id='word_1_69' title='bbox 199 592 214 611; x_wconf 86' lang='lat' dir='ltr'><strong>a</strong></span> <span class='ocrx_word' id='word_1_70' title='bbox 236 589 340 616; x_wconf 78' lang='lat' dir='ltr'><strong>ventre,</strong></span> <span class='ocrx_word' id='word_1_71' title='bbox 361 593 413 611; x_wconf 90' lang='lat' dir='ltr'><strong>nou</strong></span> <span class='ocrx_word' id='word_1_72' title='bbox 429 585 468 611; x_wconf 83' lang='lat' dir='ltr'><strong>ira</strong></span> <span class='ocrx_word' id='word_1_73' title='bbox 484 584 608 611; x_wconf 75' lang='lat' dir='ltr'><strong>detentus</strong></span> <span class='ocrx_word' id='word_1_74' title='bbox 622 593 629 610; x_wconf 88' lang='lat'><strong>:</strong></span> <span class='ocrx_word' id='word_1_75' title='bbox 644 583 691 610; x_wconf 84' lang='lat' dir='ltr'><strong>sed</strong></span> <span class='ocrx_word' id='word_1_76' title='bbox 716 583 832 618; x_wconf 81' lang='lat' dir='ltr'><strong>patiens,</strong></span> <span class='ocrx_word' id='word_1_77' title='bbox 854 590 981 609; x_wconf 86' lang='lat' dir='ltr'><strong>mansue-</strong></span> 
     </span>
    </p>
   </div>
   <div class='ocr_carea' id='block_1_14' title="bbox 198 629 981 666">
    <p class='ocr_par' dir='ltr' id='par_1_14' title="bbox 198 629 981 666">
     <span class='ocr_line' id='line_1_14' title="bbox 198 629 981 666; baseline -0.004 -8"><span class='ocrx_word' id='word_1_78' title='bbox 198 636 254 662; x_wconf 88' lang='lat' dir='ltr'><strong>tus,</strong></span> <span class='ocrx_word' id='word_1_79' title='bbox 275 635 405 666; x_wconf 88' lang='lat' dir='ltr'><strong>quantum</strong></span> <span class='ocrx_word' id='word_1_80' title='bbox 421 630 478 657; x_wconf 81' lang='lat' dir='ltr'><strong>ﬁeri</strong></span> <span class='ocrx_word' id='word_1_81' title='bbox 498 633 589 665; x_wconf 91' lang='lat' dir='ltr'><strong>potest</strong></span> <span class='ocrx_word' id='word_1_82' title='bbox 606 629 734 662; x_wconf 84' lang='lat' dir='ltr'><strong>humilis;</strong></span> <span class='ocrx_word' id='word_1_83' title='bbox 756 629 834 656; x_wconf 88' lang='lat' dir='ltr'><strong>debet</strong></span> <span class='ocrx_word' id='word_1_84' title='bbox 848 637 909 657; x_wconf 81' lang='lat' dir='ltr'><strong>esse</strong></span> <span class='ocrx_word' id='word_1_85' title='bbox 920 637 981 664; x_wconf 90' lang='lat' dir='ltr'><strong>pro-</strong></span> 
     </span>
    </p>
   </div>
   <div class='ocr_carea' id='block_1_15' title="bbox 198 674 908 706">
    <p class='ocr_par' dir='ltr' id='par_1_15' title="bbox 198 674 908 706">
     <span class='ocr_line' id='line_1_15' title="bbox 198 674 908 706; baseline -0.003 -3"><span class='ocrx_word' id='word_1_86' title='bbox 198 677 249 703; x_wconf 89' lang='lat' dir='ltr'><strong>bus</strong></span> <span class='ocrx_word' id='word_1_87' title='bbox 267 684 297 702; x_wconf 86' lang='lat' dir='ltr'><strong>ae</strong></span> <span class='ocrx_word' id='word_1_88' title='bbox 313 676 443 706; x_wconf 85' lang='lat' dir='ltr'><strong>tolerans,</strong></span> <span class='ocrx_word' id='word_1_89' title='bbox 460 675 571 702; x_wconf 88' lang='lat' dir='ltr'><strong>sedulus</strong></span> <span class='ocrx_word' id='word_1_90' title='bbox 585 678 611 701; x_wconf 88' lang='lat' dir='ltr'><strong>et</strong></span> <span class='ocrx_word' id='word_1_91' title='bbox 629 677 733 700; x_wconf 82' lang='lat' dir='ltr'><strong>amator</strong></span> <span class='ocrx_word' id='word_1_92' title='bbox 745 674 908 701; x_wconf 88' lang='lat' dir='ltr'><strong>animarum.</strong></span> 
     </span>
    </p>
   </div>
   <div class='ocr_carea' id='block_1_16' title="bbox 238 718 993 753">
    <p class='ocr_par' dir='ltr' id='par_1_16' title="bbox 238 718 993 753">
     <span class='ocr_line' id='line_1_16' title="bbox 238 718 993 753; baseline -0.003 -5"><span class='ocrx_word' id='word_1_93' title='bbox 238 723 264 748; x_wconf 79' lang='grc'><strong>6.</strong></span> <span class='ocrx_word' id='word_1_94' title='bbox 284 722 321 748; x_wconf 85' lang='lat' dir='ltr'><strong>lta</strong></span> <span class='ocrx_word' id='word_1_95' title='bbox 340 729 436 748; x_wconf 84' lang='lat' dir='ltr'><strong>rursus</strong></span> <span class='ocrx_word' id='word_1_96' title='bbox 460 721 549 747; x_wconf 90' lang='lat' dir='ltr'><strong>locuta</strong></span> <span class='ocrx_word' id='word_1_97' title='bbox 568 725 609 747; x_wconf 87' lang='lat' dir='ltr'><strong>est</strong></span> <span class='ocrx_word' id='word_1_98' title='bbox 625 729 632 746; x_wconf 85' lang='lat'><strong>:</strong></span> <span class='ocrx_word' id='word_1_99' title='bbox 648 718 741 753; x_wconf 83' lang='lat' dir='ltr'><strong>Neque</strong></span> <span class='ocrx_word' id='word_1_100' title='bbox 757 720 926 746; x_wconf 89' lang='lat' dir='ltr'><strong>monasticus</strong></span> <span class='ocrx_word' id='word_1_101' title='bbox 942 720 993 746; x_wconf 79' lang='lat' dir='ltr'><strong>ri—‘</strong></span> 
     </span>
    </p>
   </div>
   <div class='ocr_carea' id='block_1_17' title="bbox 198 764 980 803">
    <p class='ocr_par' dir='ltr' id='par_1_17' title="bbox 198 764 980 803">
     <span class='ocr_line' id='line_1_17' title="bbox 198 764 980 803; baseline -0.004 -9"><span class='ocrx_word' id='word_1_102' title='bbox 198 776 257 803; x_wconf 80' lang='lat' dir='ltr'><strong>gor,</strong></span> <span class='ocrx_word' id='word_1_103' title='bbox 273 775 360 801; x_wconf 83' lang='lat' dir='ltr'><strong>neque</strong></span> <span class='ocrx_word' id='word_1_104' title='bbox 371 766 479 801; x_wconf 68' lang='lat' dir='ltr'><strong>vigilite,</strong></span> <span class='ocrx_word' id='word_1_105' title='bbox 504 772 556 792; x_wconf 86' lang='lat' dir='ltr'><strong>nec</strong></span> <span class='ocrx_word' id='word_1_106' title='bbox 569 765 684 800; x_wconf 83' lang='lat' dir='ltr'><strong>quilibet</strong></span> <span class='ocrx_word' id='word_1_107' title='bbox 703 764 779 791; x_wconf 84' lang='lat' dir='ltr'><strong>labor</strong></span> <span class='ocrx_word' id='word_1_108' title='bbox 798 765 911 791; x_wconf 78' lang='lat' dir='ltr'><strong>salutem</strong></span> <span class='ocrx_word' id='word_1_109' title='bbox 932 772 980 799; x_wconf 85' lang='lat' dir='ltr'><strong>pa-</strong></span> 
     </span>
    </p>
   </div>
   <div class='ocr_carea' id='block_1_18' title="bbox 200 810 979 846">
    <p class='ocr_par' dir='ltr' id='par_1_18' title="bbox 200 810 979 846">
     <span class='ocr_line' id='line_1_18' title="bbox 200 810 979 846; baseline -0.005 -6"><span class='ocrx_word' id='word_1_110' title='bbox 200 814 252 846; x_wconf 85' lang='lat' dir='ltr'><strong>rit;</strong></span> <span class='ocrx_word' id='word_1_111' title='bbox 270 814 316 840; x_wconf 86' lang='lat' dir='ltr'><strong>sed</strong></span> <span class='ocrx_word' id='word_1_112' title='bbox 332 812 389 839; x_wconf 81' lang='lat' dir='ltr'><strong>sola</strong></span> <span class='ocrx_word' id='word_1_113' title='bbox 405 812 512 839; x_wconf 84' lang='lat' dir='ltr'><strong>sincera</strong></span> <span class='ocrx_word' id='word_1_114' title='bbox 525 811 675 837; x_wconf 83' lang='lat' dir='ltr'><strong>humilitas.</strong></span> <span class='ocrx_word' id='word_1_115' title='bbox 690 810 754 836; x_wconf 85' lang='lat' dir='ltr'><strong>Erat</strong></span> <span class='ocrx_word' id='word_1_116' title='bbox 771 810 842 836; x_wconf 88' lang='lat' dir='ltr'><strong>enim</strong></span> <span class='ocrx_word' id='word_1_117' title='bbox 860 811 979 837; x_wconf 85' lang='lat' dir='ltr'><strong>anacho-</strong></span> 
     </span>
    </p>
   </div>
   <div class='ocr_carea' id='block_1_19' title="bbox 198 856 978 894">
    <p class='ocr_par' dir='ltr' id='par_1_19' title="bbox 198 856 978 894">
     <span class='ocr_line' id='line_1_19' title="bbox 198 856 978 894; baseline -0.003 -8"><span class='ocrx_word' id='word_1_118' title='bbox 198 865 255 887; x_wconf 86' lang='lat' dir='ltr'><strong>reta</strong></span> <span class='ocrx_word' id='word_1_119' title='bbox 267 858 376 894; x_wconf 79' lang='lat' dir='ltr'><strong>quitiam</strong></span> <span class='ocrx_word' id='word_1_120' title='bbox 396 858 442 893; x_wconf 90' lang='lat' dir='ltr'><strong>qui</strong></span> <span class='ocrx_word' id='word_1_121' title='bbox 455 859 593 885; x_wconf 66' lang='lat' dir='ltr'><strong>daemones</strong></span> <span class='ocrx_word' id='word_1_122' title='bbox 607 856 732 892; x_wconf 87' lang='lat' dir='ltr'><strong>ejiciebat</strong></span> <span class='ocrx_word' id='word_1_123' title='bbox 743 878 750 889; x_wconf 89' lang='lat'><strong>,</strong></span> <span class='ocrx_word' id='word_1_124' title='bbox 767 861 794 883; x_wconf 88' lang='lat' dir='ltr'><strong>et</strong></span> <span class='ocrx_word' id='word_1_125' title='bbox 808 857 931 891; x_wconf 66' lang='lat' dir='ltr'><strong>quatsivit</strong></span> <span class='ocrx_word' id='word_1_126' title='bbox 944 857 978 884; x_wconf 86' lang='lat' dir='ltr'><strong>ab</strong></span> 
     </span>
    </p>
   </div>
   <div class='ocr_carea' id='block_1_20' title="bbox 198 901 975 939">
    <p class='ocr_par' dir='ltr' id='par_1_20' title="bbox 198 901 975 939">
     <span class='ocr_line' id='line_1_20' title="bbox 198 901 975 939; baseline -0.003 -7"><span class='ocrx_word' id='word_1_127' title='bbox 198 906 251 932; x_wconf 92' lang='lat' dir='ltr'><strong>iis:</strong></span> <span class='ocrx_word' id='word_1_128' title='bbox 270 905 298 932; x_wconf 86' lang='lat' dir='ltr'><strong>in</strong></span> <span class='ocrx_word' id='word_1_129' title='bbox 318 912 436 939; x_wconf 87' lang='lat' dir='ltr'><strong>quonam</strong></span> <span class='ocrx_word' id='word_1_130' title='bbox 452 903 552 931; x_wconf 65' lang='lat' dir='ltr'><strong>eritis?</strong></span> <span class='ocrx_word' id='word_1_131' title='bbox 571 903 597 929; x_wconf 94' lang='lat' dir='ltr'><strong>ln</strong></span> <span class='ocrx_word' id='word_1_132' title='bbox 616 902 734 936; x_wconf 76' lang='lat' dir='ltr'><strong>jejunio?</strong></span> <span class='ocrx_word' id='word_1_133' title='bbox 750 901 975 937; x_wconf 81' lang='lat' dir='ltr'><strong>Responderunt:</strong></span> 
     </span>
    </p>
   </div>
   <div class='ocr_carea' id='block_1_21' title="bbox 199 948 978 985">
    <p class='ocr_par' dir='ltr' id='par_1_21' title="bbox 199 948 978 985">
     <span class='ocr_line' id='line_1_21' title="bbox 199 948 978 985; baseline -0.001 -8"><span class='ocrx_word' id='word_1_134' title='bbox 199 951 252 977; x_wconf 87' lang='lat' dir='ltr'><strong>Nos</strong></span> <span class='ocrx_word' id='word_1_135' title='bbox 275 958 363 985; x_wconf 87' lang='lat' dir='ltr'><strong>neque</strong></span> <span class='ocrx_word' id='word_1_136' title='bbox 386 950 582 976; x_wconf 88' lang='lat' dir='ltr'><strong>manducamus</strong></span> <span class='ocrx_word' id='word_1_137' title='bbox 602 955 689 982; x_wconf 89' lang='lat' dir='ltr'><strong>neque</strong></span> <span class='ocrx_word' id='word_1_138' title='bbox 715 948 842 975; x_wconf 85' lang='lat' dir='ltr'><strong>bibimus.</strong></span> <span class='ocrx_word' id='word_1_139' title='bbox 869 948 896 976; x_wconf 90' lang='lat' dir='ltr'><strong>In</strong></span> <span class='ocrx_word' id='word_1_140' title='bbox 912 950 978 984; x_wconf 82' lang='lat' dir='ltr'><strong>vigi-</strong></span> 
     </span>
    </p>
   </div>
   <div class='ocr_carea' id='block_1_22' title="bbox 199 991 976 1022">
    <p class='ocr_par' dir='ltr' id='par_1_22' title="bbox 199 991 976 1022">
     <span class='ocr_line' id='line_1_22' title="bbox 199 991 976 1022; baseline -0.003 -1"><span class='ocrx_word' id='word_1_141' title='bbox 199 995 257 1022; x_wconf 84' lang='lat' dir='ltr'><strong>liis?</strong></span> <span class='ocrx_word' id='word_1_142' title='bbox 272 994 402 1021; x_wconf 77' lang='lat' dir='ltr'><strong>Dixerunt</strong></span> <span class='ocrx_word' id='word_1_143' title='bbox 420 1003 426 1020; x_wconf 92' lang='lat'><strong>:</strong></span> <span class='ocrx_word' id='word_1_144' title='bbox 443 993 496 1020; x_wconf 88' lang='lat' dir='ltr'><strong>Nos</strong></span> <span class='ocrx_word' id='word_1_145' title='bbox 519 1000 644 1020; x_wconf 86' lang='lat' dir='ltr'><strong>somnum</strong></span> <span class='ocrx_word' id='word_1_146' title='bbox 664 999 718 1018; x_wconf 83' lang='lat' dir='ltr'><strong>non</strong></span> <span class='ocrx_word' id='word_1_147' title='bbox 733 991 869 1019; x_wconf 83' lang='lat' dir='ltr'><strong>videmus.</strong></span> <span class='ocrx_word' id='word_1_148' title='bbox 887 992 914 1018; x_wconf 96' lang='lat' dir='ltr'><strong>In</strong></span> <span class='ocrx_word' id='word_1_149' title='bbox 931 1000 976 1019; x_wconf 85' lang='lat' dir='ltr'><strong>se-</strong></span> 
     </span>
    </p>
   </div>
   <div class='ocr_carea' id='block_1_23' title="bbox 198 1035 977 1070">
    <p class='ocr_par' dir='ltr' id='par_1_23' title="bbox 198 1035 977 1070">
     <span class='ocr_line' id='line_1_23' title="bbox 198 1035 977 1070; baseline -0.004 -4"><span class='ocrx_word' id='word_1_150' title='bbox 198 1039 338 1066; x_wconf 75' lang='lat' dir='ltr'><strong>cessione?</strong></span> <span class='ocrx_word' id='word_1_151' title='bbox 362 1038 416 1064; x_wconf 91' lang='lat' dir='ltr'><strong>Nos</strong></span> <span class='ocrx_word' id='word_1_152' title='bbox 442 1038 469 1064; x_wconf 92' lang='lat' dir='ltr'><strong>in</strong></span> <span class='ocrx_word' id='word_1_153' title='bbox 497 1036 690 1063; x_wconf 83' lang='lat' dir='ltr'><strong>solitudinibus</strong></span> <span class='ocrx_word' id='word_1_154' title='bbox 710 1035 842 1069; x_wconf 74' lang='lat' dir='ltr'><strong>degituus.</strong></span> <span class='ocrx_word' id='word_1_155' title='bbox 868 1035 896 1062; x_wconf 85' lang='lat' dir='ltr'><strong>In</strong></span> <span class='ocrx_word' id='word_1_156' title='bbox 922 1044 977 1070; x_wconf 88' lang='lat' dir='ltr'><strong>quo</strong></span> 
     </span>
    </p>
   </div>
   <div class='ocr_carea' id='block_1_24' title="bbox 198 1081 976 1120">
    <p class='ocr_par' dir='ltr' id='par_1_24' title="bbox 198 1081 976 1120">
     <span class='ocr_line' id='line_1_24' title="bbox 198 1081 976 1120; baseline -0.004 -8"><span class='ocrx_word' id='word_1_157' title='bbox 198 1086 281 1120; x_wconf 79' lang='lat' dir='ltr'><strong>igitur</strong></span> <span class='ocrx_word' id='word_1_158' title='bbox 304 1083 484 1120; x_wconf 73' lang='lat' dir='ltr'><strong>egredimini?</strong></span> <span class='ocrx_word' id='word_1_159' title='bbox 507 1083 677 1117; x_wconf 84' lang='lat' dir='ltr'><strong>Excepcrunt</strong></span> <span class='ocrx_word' id='word_1_160' title='bbox 694 1091 700 1108; x_wconf 92' lang='lat'><strong>:</strong></span> <span class='ocrx_word' id='word_1_161' title='bbox 716 1081 788 1108; x_wconf 89' lang='lat' dir='ltr'><strong>Nihil</strong></span> <span class='ocrx_word' id='word_1_162' title='bbox 812 1090 862 1109; x_wconf 85' lang='lat' dir='ltr'><strong>nos</strong></span> <span class='ocrx_word' id='word_1_163' title='bbox 882 1082 976 1114; x_wconf 89' lang='lat' dir='ltr'><strong>vincit,</strong></span> 
     </span>
    </p>
   </div>
   <div class='ocr_carea' id='block_1_25' title="bbox 199 1128 978 1160">
    <p class='ocr_par' dir='ltr' id='par_1_25' title="bbox 199 1128 978 1160">
     <span class='ocr_line' id='line_1_25' title="bbox 199 1128 978 1160; baseline -0.003 -4"><span class='ocrx_word' id='word_1_164' title='bbox 199 1131 249 1158; x_wconf 72' lang='lat' dir='ltr'><strong>nisi</strong></span> <span class='ocrx_word' id='word_1_165' title='bbox 264 1130 412 1157; x_wconf 81' lang='lat' dir='ltr'><strong>humilitas.</strong></span> <span class='ocrx_word' id='word_1_166' title='bbox 427 1129 524 1156; x_wconf 88' lang='lat' dir='ltr'><strong>Cernis</strong></span> <span class='ocrx_word' id='word_1_167' title='bbox 544 1132 573 1156; x_wconf 87' lang='lat' dir='ltr'><strong>ut</strong></span> <span class='ocrx_word' id='word_1_168' title='bbox 586 1128 736 1160; x_wconf 76' lang='lat' dir='ltr'><strong>humilitas,</strong></span> <span class='ocrx_word' id='word_1_169' title='bbox 752 1128 866 1154; x_wconf 79' lang='lat' dir='ltr'><strong>victoria</strong></span> <span class='ocrx_word' id='word_1_170' title='bbox 885 1128 921 1156; x_wconf 90' lang='lat' dir='ltr'><strong>sit</strong></span> <span class='ocrx_word' id='word_1_171' title='bbox 935 1128 978 1155; x_wconf 84' lang='lat' dir='ltr'><strong>ad-</strong></span> 
     </span>
    </p>
   </div>
   <div class='ocr_carea' id='block_1_26' title="bbox 197 1174 459 1203">
    <p class='ocr_par' dir='ltr' id='par_1_26' title="bbox 197 1174 459 1203">
     <span class='ocr_line' id='line_1_26' title="bbox 197 1174 459 1203; baseline -0.011 0"><span class='ocrx_word' id='word_1_172' title='bbox 197 1183 293 1203; x_wconf 79' lang='lat' dir='ltr'><strong>versus</strong></span> <span class='ocrx_word' id='word_1_173' title='bbox 307 1174 459 1202; x_wconf 59' lang='lat' dir='ltr'><strong>daemones?</strong></span> 
     </span>
    </p>
   </div>
   <div class='ocr_carea' id='block_1_27' title="bbox 234 1219 980 1255">
    <p class='ocr_par' dir='ltr' id='par_1_27' title="bbox 234 1219 980 1255">
     <span class='ocr_line' id='line_1_27' title="bbox 234 1219 980 1255; baseline -0.001 -9"><span class='ocrx_word' id='word_1_174' title='bbox 234 1221 258 1247; x_wconf 90' lang='lat'><strong>7.</strong></span> <span class='ocrx_word' id='word_1_175' title='bbox 279 1219 406 1246; x_wconf 79' lang='lat' dir='ltr'><strong>Narratio</strong></span> <span class='ocrx_word' id='word_1_176' title='bbox 427 1227 536 1255; x_wconf 85' lang='lat' dir='ltr'><strong>quoque</strong></span> <span class='ocrx_word' id='word_1_177' title='bbox 563 1219 621 1247; x_wconf 70' lang='lat' dir='ltr'><strong>haec</strong></span> <span class='ocrx_word' id='word_1_178' title='bbox 646 1221 752 1247; x_wconf 84' lang='lat' dir='ltr'><strong>exstitit</strong></span> <span class='ocrx_word' id='word_1_179' title='bbox 773 1219 869 1246; x_wconf 79' lang='lat' dir='ltr'><strong>matris</strong></span> <span class='ocrx_word' id='word_1_180' title='bbox 891 1219 980 1246; x_wconf 88' lang='lat' dir='ltr'><strong>Theo-</strong></span> 
     </span>
    </p>
   </div>
   <div class='ocr_carea' id='block_1_28' title="bbox 197 1265 979 1301">
    <p class='ocr_par' dir='ltr' id='par_1_28' title="bbox 197 1265 979 1301">
     <span class='ocr_line' id='line_1_28' title="bbox 197 1265 979 1301; baseline -0.005 -7"><span class='ocrx_word' id='word_1_181' title='bbox 197 1266 370 1294; x_wconf 74' lang='lat' dir='ltr'><strong>dorre:Erat</strong></span> <span class='ocrx_word' id='word_1_182' title='bbox 400 1265 509 1300; x_wconf 89' lang='lat' dir='ltr'><strong>quidam</strong></span> <span class='ocrx_word' id='word_1_183' title='bbox 537 1266 706 1299; x_wconf 90' lang='lat' dir='ltr'><strong>monachus,</strong></span> <span class='ocrx_word' id='word_1_184' title='bbox 731 1265 779 1301; x_wconf 86' lang='lat' dir='ltr'><strong>qui</strong></span> <span class='ocrx_word' id='word_1_185' title='bbox 806 1265 979 1292; x_wconf 88' lang='lat' dir='ltr'><strong>nmltitudiue</strong></span> 
     </span>
    </p>
   </div>
   <div class='ocr_carea' id='block_1_29' title="bbox 198 1310 979 1346">
    <p class='ocr_par' dir='ltr' id='par_1_29' title="bbox 198 1310 979 1346">
     <span class='ocr_line' id='line_1_29' title="bbox 198 1310 979 1346; baseline -0.004 -7"><span class='ocrx_word' id='word_1_186' title='bbox 198 1312 377 1339; x_wconf 85' lang='lat' dir='ltr'><strong>teutationum</strong></span> <span class='ocrx_word' id='word_1_187' title='bbox 394 1319 551 1346; x_wconf 85' lang='lat' dir='ltr'><strong>oppressus,</strong></span> <span class='ocrx_word' id='word_1_188' title='bbox 566 1311 634 1337; x_wconf 77' lang='lat' dir='ltr'><strong>dixit</strong></span> <span class='ocrx_word' id='word_1_189' title='bbox 651 1321 656 1337; x_wconf 94' lang='lat'>:</span> <span class='ocrx_word' id='word_1_190' title='bbox 681 1311 786 1338; x_wconf 74' lang='lat' dir='ltr'><strong>Recedo</strong></span> <span class='ocrx_word' id='word_1_191' title='bbox 808 1311 882 1337; x_wconf 86' lang='lat' dir='ltr'><strong>hinc.</strong></span> <span class='ocrx_word' id='word_1_192' title='bbox 896 1310 979 1337; x_wconf 92' lang='lat' dir='ltr'><strong>Cum-</strong></span> 
     </span>
    </p>
   </div>
   <div class='ocr_carea' id='block_1_30' title="bbox 198 1356 978 1392">
    <p class='ocr_par' dir='ltr' id='par_1_30' title="bbox 198 1356 978 1392">
     <span class='ocr_line' id='line_1_30' title="bbox 198 1356 978 1392; baseline 0 -9"><span class='ocrx_word' id='word_1_193' title='bbox 198 1366 251 1392; x_wconf 86' lang='lat' dir='ltr'><strong>que</strong></span> <span class='ocrx_word' id='word_1_194' title='bbox 277 1362 398 1385; x_wconf 85' lang='lat' dir='ltr'><strong>sumeret</strong></span> <span class='ocrx_word' id='word_1_195' title='bbox 424 1356 545 1384; x_wconf 88' lang='lat' dir='ltr'><strong>sandalia</strong></span> <span class='ocrx_word' id='word_1_196' title='bbox 569 1364 628 1388; x_wconf 84' lang='lat' dir='ltr'><strong>sua,</strong></span> <span class='ocrx_word' id='word_1_197' title='bbox 652 1357 720 1383; x_wconf 80' lang='lat' dir='ltr'><strong>vidit</strong></span> <span class='ocrx_word' id='word_1_198' title='bbox 741 1357 822 1383; x_wconf 87' lang='lat' dir='ltr'><strong>alium</strong></span> <span class='ocrx_word' id='word_1_199' title='bbox 843 1356 978 1383; x_wconf 90' lang='lat' dir='ltr'><strong>hominem</strong></span> 
     </span>
    </p>
   </div>
   <div class='ocr_carea' id='block_1_31' title="bbox 199 1402 978 1437">
    <p class='ocr_par' dir='ltr' id='par_1_31' title="bbox 199 1402 978 1437">
     <span class='ocr_line' id='line_1_31' title="bbox 199 1402 978 1437; baseline -0.003 -6"><span class='ocrx_word' id='word_1_200' title='bbox 199 1408 351 1431; x_wconf 86' lang='lat' dir='ltr'><strong>sumentem</strong></span> <span class='ocrx_word' id='word_1_201' title='bbox 375 1404 455 1430; x_wconf 84' lang='lat' dir='ltr'><strong>etiam</strong></span> <span class='ocrx_word' id='word_1_202' title='bbox 482 1411 530 1429; x_wconf 83' lang='lat' dir='ltr'><strong>sua</strong></span> <span class='ocrx_word' id='word_1_203' title='bbox 555 1403 686 1436; x_wconf 87' lang='lat' dir='ltr'><strong>sandalia,</strong></span> <span class='ocrx_word' id='word_1_204' title='bbox 711 1403 755 1437; x_wconf 86' lang='lat' dir='ltr'><strong>qui</strong></span> <span class='ocrx_word' id='word_1_205' title='bbox 785 1404 822 1429; x_wconf 86' lang='lat' dir='ltr'><strong>ait</strong></span> <span class='ocrx_word' id='word_1_206' title='bbox 841 1404 864 1430; x_wconf 87' lang='lat' dir='ltr'><strong>ei</strong></span> <span class='ocrx_word' id='word_1_207' title='bbox 883 1413 889 1429; x_wconf 88' lang='lat'><strong>:</strong></span> <span class='ocrx_word' id='word_1_208' title='bbox 910 1402 978 1429; x_wconf 81' lang='lat' dir='ltr'><strong>Num</strong></span> 
     </span>
    </p>
   </div>
   <div class='ocr_carea' id='block_1_32' title="bbox 199 1448 978 1485">
    <p class='ocr_par' dir='ltr' id='par_1_32' title="bbox 199 1448 978 1485">
     <span class='ocr_line' id='line_1_32' title="bbox 199 1448 978 1485; baseline 0 -9"><span class='ocrx_word' id='word_1_209' title='bbox 199 1453 309 1485; x_wconf 82' lang='lat' dir='ltr'><strong>propter</strong></span> <span class='ocrx_word' id='word_1_210' title='bbox 336 1457 379 1476; x_wconf 86' lang='lat' dir='ltr'><strong>me</strong></span> <span class='ocrx_word' id='word_1_211' title='bbox 405 1448 560 1484; x_wconf 78' lang='lat' dir='ltr'><strong>egrederis?</strong></span> <span class='ocrx_word' id='word_1_212' title='bbox 593 1448 662 1476; x_wconf 82' lang='lat' dir='ltr'><strong>Ecce</strong></span> <span class='ocrx_word' id='word_1_213' title='bbox 682 1456 845 1484; x_wconf 86' lang='lat' dir='ltr'><strong>quocunque</strong></span> <span class='ocrx_word' id='word_1_214' title='bbox 868 1449 978 1480; x_wconf 84' lang='lat' dir='ltr'><strong>abieris.</strong></span> 
     </span>
    </p>
   </div>
   <div class='ocr_carea' id='block_1_33' title="bbox 199 1494 464 1531">
    <p class='ocr_par' dir='ltr' id='par_1_33' title="bbox 199 1494 464 1531">
     <span class='ocr_line' id='line_1_33' title="bbox 199 1494 464 1531; baseline -0.004 -9"><span class='ocrx_word' id='word_1_215' title='bbox 199 1503 248 1531; x_wconf 80' lang='lat' dir='ltr'><strong>ego</strong></span> <span class='ocrx_word' id='word_1_216' title='bbox 261 1499 287 1522; x_wconf 86' lang='lat' dir='ltr'><strong>te</strong></span> <span class='ocrx_word' id='word_1_217' title='bbox 303 1494 464 1530; x_wconf 70' lang='lat' dir='ltr'><strong>przecedant.</strong></span> 
     </span>
    </p>
   </div>
   <div class='ocr_carea' id='block_1_34' title="bbox 425 1548 1012 1584">
    <p class='ocr_par' dir='ltr' id='par_1_34' title="bbox 425 1548 1012 1584">
     <span class='ocr_line' id='line_1_34' title="bbox 425 1548 1012 1584; baseline 0.003 -9"><span class='ocrx_word' id='word_1_218' title='bbox 425 1548 592 1584; x_wconf 84' lang='lat' dir='ltr'><strong>Principium</strong></span> <span class='ocrx_word' id='word_1_219' title='bbox 615 1549 710 1576; x_wconf 67' lang='lat' dir='ltr'><strong>littera:</strong></span> <span class='ocrx_word' id='word_1_220' title='bbox 729 1549 750 1576; x_wconf 90' lang='lat' dir='ltr'><strong>l.</strong></span> <span class='ocrx_word' id='word_1_221' title='bbox 991 1557 1012 1584; x_wconf 66' lang='grc' dir='ltr'><strong>(ς</strong></span> 
     </span>
    </p>
   </div>
   <div class='ocr_carea' id='block_1_35' title="bbox 321 1604 864 1633">
    <p class='ocr_par' dir='ltr' id='par_1_35' title="bbox 321 1604 864 1633">
     <span class='ocr_line' id='line_1_35' title="bbox 321 1604 864 1633; baseline 0.002 -1"><span class='ocrx_word' id='word_1_222' title='bbox 321 1604 358 1633; x_wconf 85' lang='lat' dir='ltr'><strong>De</strong></span> <span class='ocrx_word' id='word_1_223' title='bbox 373 1605 466 1633; x_wconf 84' lang='lat' dir='ltr'><strong>abbate</strong></span> <span class='ocrx_word' id='word_1_224' title='bbox 476 1604 578 1632; x_wconf 82' lang='lat' dir='ltr'><strong>Joanne</strong></span> <span class='ocrx_word' id='word_1_225' title='bbox 590 1604 687 1632; x_wconf 73' lang='lat' dir='ltr'><strong>Colubo</strong></span> <span class='ocrx_word' id='word_1_226' title='bbox 704 1607 756 1632; x_wconf 78' lang='lat' dir='ltr'><strong>sive</strong></span> <span class='ocrx_word' id='word_1_227' title='bbox 771 1606 864 1633; x_wconf 84' lang='lat' dir='ltr'><strong>Curta.</strong></span> 
     </span>
    </p>
   </div>
   <div class='ocr_carea' id='block_1_36' title="bbox 234 1661 977 1697">
    <p class='ocr_par' dir='ltr' id='par_1_36' title="bbox 234 1661 977 1697">
     <span class='ocr_line' id='line_1_36' title="bbox 234 1661 977 1697; baseline 0.001 -7"><span class='ocrx_word' id='word_1_228' title='bbox 234 1663 259 1690; x_wconf 80' lang='lat' dir='ltr'><strong>L</strong></span> <span class='ocrx_word' id='word_1_229' title='bbox 282 1663 338 1697; x_wconf 62' lang='grc'><strong>(84)</strong></span> <span class='ocrx_word' id='word_1_230' title='bbox 356 1661 540 1689; x_wconf 85' lang='lat' dir='ltr'><strong>Narraverunt</strong></span> <span class='ocrx_word' id='word_1_231' title='bbox 567 1662 600 1689; x_wconf 88' lang='lat' dir='ltr'><strong>de</strong></span> <span class='ocrx_word' id='word_1_232' title='bbox 625 1662 721 1689; x_wconf 86' lang='lat' dir='ltr'><strong>abbate</strong></span> <span class='ocrx_word' id='word_1_233' title='bbox 744 1663 848 1691; x_wconf 80' lang='lat' dir='ltr'><strong>Joanne</strong></span> <span class='ocrx_word' id='word_1_234' title='bbox 876 1664 977 1695; x_wconf 81' lang='lat' dir='ltr'><strong>Curto,</strong></span> 
     </span>
    </p>
   </div>
   <div class='ocr_carea' id='block_1_37' title="bbox 199 1707 979 1744">
    <p class='ocr_par' dir='ltr' id='par_1_37' title="bbox 199 1707 979 1744">
     <span class='ocr_line' id='line_1_37' title="bbox 199 1707 979 1744; baseline 0.001 -8"><span class='ocrx_word' id='word_1_235' title='bbox 199 1708 270 1744; x_wconf 87' lang='lat' dir='ltr'><strong>quod</strong></span> <span class='ocrx_word' id='word_1_236' title='bbox 286 1709 415 1736; x_wconf 81' lang='lat' dir='ltr'><strong>secedens</strong></span> <span class='ocrx_word' id='word_1_237' title='bbox 436 1708 469 1734; x_wconf 88' lang='lat' dir='ltr'><strong>ad</strong></span> <span class='ocrx_word' id='word_1_238' title='bbox 487 1707 634 1735; x_wconf 76' lang='lat' dir='ltr'><strong>Thebreum</strong></span> <span class='ocrx_word' id='word_1_239' title='bbox 650 1716 741 1736; x_wconf 88' lang='lat' dir='ltr'><strong>senem</strong></span> <span class='ocrx_word' id='word_1_240' title='bbox 756 1709 782 1736; x_wconf 96' lang='lat' dir='ltr'><strong>in</strong></span> <span class='ocrx_word' id='word_1_241' title='bbox 803 1709 886 1742; x_wconf 86' lang='lat' dir='ltr'><strong>Secti,</strong></span> <span class='ocrx_word' id='word_1_242' title='bbox 901 1711 979 1738; x_wconf 83' lang='lat' dir='ltr'><strong>sede-</strong></span> 
     </span>
    </p>
   </div>
   <div class='ocr_carea' id='block_1_38' title="bbox 200 1755 978 1789">
    <p class='ocr_par' dir='ltr' id='par_1_38' title="bbox 200 1755 978 1789">
     <span class='ocr_line' id='line_1_38' title="bbox 200 1755 978 1789; baseline -0.001 -7"><span class='ocrx_word' id='word_1_243' title='bbox 200 1757 246 1783; x_wconf 83' lang='lat' dir='ltr'><strong>bat</strong></span> <span class='ocrx_word' id='word_1_244' title='bbox 268 1757 296 1783; x_wconf 94' lang='lat' dir='ltr'><strong>in</strong></span> <span class='ocrx_word' id='word_1_245' title='bbox 311 1756 430 1783; x_wconf 86' lang='lat' dir='ltr'><strong>deserto.</strong></span> <span class='ocrx_word' id='word_1_246' title='bbox 451 1755 568 1782; x_wconf 88' lang='lat' dir='ltr'><strong>Sumens</strong></span> <span class='ocrx_word' id='word_1_247' title='bbox 593 1758 682 1781; x_wconf 85' lang='lat' dir='ltr'><strong>autem</strong></span> <span class='ocrx_word' id='word_1_248' title='bbox 697 1755 756 1789; x_wconf 88' lang='lat' dir='ltr'><strong>ejus</strong></span> <span class='ocrx_word' id='word_1_249' title='bbox 773 1755 858 1782; x_wconf 86' lang='lat' dir='ltr'><strong>abbas</strong></span> <span class='ocrx_word' id='word_1_250' title='bbox 874 1756 978 1782; x_wconf 88' lang='lat' dir='ltr'><strong>aridum</strong></span> 
     </span>
    </p>
   </div>
   <div class='ocr_carea' id='block_1_39' title="bbox 200 1800 979 1837">
    <p class='ocr_par' dir='ltr' id='par_1_39' title="bbox 200 1800 979 1837">
     <span class='ocr_line' id='line_1_39' title="bbox 200 1800 979 1837; baseline -0.001 -8"><span class='ocrx_word' id='word_1_251' title='bbox 200 1804 312 1837; x_wconf 61' lang='lat' dir='ltr'><strong>lignum,</strong></span> <span class='ocrx_word' id='word_1_252' title='bbox 340 1801 481 1836; x_wconf 87' lang='lat' dir='ltr'><strong>plantavit,</strong></span> <span class='ocrx_word' id='word_1_253' title='bbox 510 1807 541 1826; x_wconf 90' lang='lat' dir='ltr'><strong>ac</strong></span> <span class='ocrx_word' id='word_1_254' title='bbox 566 1800 692 1834; x_wconf 72' lang='lat' dir='ltr'><strong>praecepit</strong></span> <span class='ocrx_word' id='word_1_255' title='bbox 716 1800 740 1827; x_wconf 88' lang='lat' dir='ltr'><strong>ei</strong></span> <span class='ocrx_word' id='word_1_256' title='bbox 756 1809 761 1826; x_wconf 93' lang='lat'><strong>:</strong></span> <span class='ocrx_word' id='word_1_257' title='bbox 776 1800 902 1833; x_wconf 82' lang='lat' dir='ltr'><strong>Quotidie</strong></span> <span class='ocrx_word' id='word_1_258' title='bbox 929 1801 979 1828; x_wconf 86' lang='lat' dir='ltr'><strong>hoc</strong></span> 
     </span>
    </p>
   </div>
   <div class='ocr_carea' id='block_1_40' title="bbox 201 1845 980 1881">
    <p class='ocr_par' dir='ltr' id='par_1_40' title="bbox 201 1845 980 1881">
     <span class='ocr_line' id='line_1_40' title="bbox 201 1845 980 1881; baseline 0.001 -9"><span class='ocrx_word' id='word_1_259' title='bbox 201 1849 282 1881; x_wconf 85' lang='lat' dir='ltr'><strong>irriga</strong></span> <span class='ocrx_word' id='word_1_260' title='bbox 297 1854 351 1873; x_wconf 89' lang='lat' dir='ltr'><strong>una</strong></span> <span class='ocrx_word' id='word_1_261' title='bbox 363 1853 439 1881; x_wconf 72' lang='lat' dir='ltr'><strong>aqua:</strong></span> <span class='ocrx_word' id='word_1_262' title='bbox 455 1845 587 1880; x_wconf 81' lang='lat' dir='ltr'><strong>lagenula,</strong></span> <span class='ocrx_word' id='word_1_263' title='bbox 609 1845 696 1871; x_wconf 86' lang='lat' dir='ltr'><strong>donec</strong></span> <span class='ocrx_word' id='word_1_264' title='bbox 714 1845 831 1872; x_wconf 80' lang='lat' dir='ltr'><strong>fructum</strong></span> <span class='ocrx_word' id='word_1_265' title='bbox 846 1846 980 1880; x_wconf 77' lang='lat' dir='ltr'><strong>produxe-</strong></span> 
     </span>
    </p>
   </div>
   <div class='ocr_carea' id='block_1_41' title="bbox 201 1891 980 1926">
    <p class='ocr_par' dir='ltr' id='par_1_41' title="bbox 201 1891 980 1926">
     <span class='ocr_line' id='line_1_41' title="bbox 201 1891 980 1926; baseline -0.001 -6"><span class='ocrx_word' id='word_1_266' title='bbox 201 1896 245 1920; x_wconf 83' lang='lat' dir='ltr'><strong>rit.</strong></span> <span class='ocrx_word' id='word_1_267' title='bbox 262 1892 360 1923; x_wconf 85' lang='lat' dir='ltr'><strong>Procul</strong></span> <span class='ocrx_word' id='word_1_268' title='bbox 377 1895 467 1918; x_wconf 88' lang='lat' dir='ltr'><strong>autem</strong></span> <span class='ocrx_word' id='word_1_269' title='bbox 482 1891 515 1917; x_wconf 91' lang='lat' dir='ltr'><strong>ab</strong></span> <span class='ocrx_word' id='word_1_270' title='bbox 529 1891 561 1917; x_wconf 89' lang='lat' dir='ltr'><strong>iis</strong></span> <span class='ocrx_word' id='word_1_271' title='bbox 571 1895 630 1917; x_wconf 78' lang='lat' dir='ltr'><strong>erat</strong></span> <span class='ocrx_word' id='word_1_272' title='bbox 643 1899 722 1925; x_wconf 86' lang='lat' dir='ltr'><strong>aqua,</strong></span> <span class='ocrx_word' id='word_1_273' title='bbox 739 1891 805 1918; x_wconf 88' lang='lat' dir='ltr'><strong>adeo</strong></span> <span class='ocrx_word' id='word_1_274' title='bbox 823 1897 848 1918; x_wconf 89' lang='lat' dir='ltr'><strong>ut</strong></span> <span class='ocrx_word' id='word_1_275' title='bbox 868 1899 980 1926; x_wconf 79' lang='lat' dir='ltr'><strong>vespere</strong></span> 
     </span>
    </p>
   </div>
   <div class='ocr_carea' id='block_1_42' title="bbox 200 1936 980 1974">
    <p class='ocr_par' dir='ltr' id='par_1_42' title="bbox 200 1936 980 1974">
     <span class='ocr_line' id='line_1_42' title="bbox 200 1936 980 1974; baseline -0.001 -7"><span class='ocrx_word' id='word_1_276' title='bbox 200 1943 321 1974; x_wconf 71' lang='lat' dir='ltr'><strong>pergeret</strong></span> <span class='ocrx_word' id='word_1_277' title='bbox 346 1945 377 1965; x_wconf 92' lang='lat' dir='ltr'><strong>ac</strong></span> <span class='ocrx_word' id='word_1_278' title='bbox 404 1945 483 1964; x_wconf 82' lang='lat' dir='ltr'><strong>mane</strong></span> <span class='ocrx_word' id='word_1_279' title='bbox 508 1941 699 1964; x_wconf 83' lang='lat' dir='ltr'><strong>reverteretur.</strong></span> <span class='ocrx_word' id='word_1_280' title='bbox 723 1936 815 1971; x_wconf 85' lang='lat' dir='ltr'><strong>Itaque</strong></span> <span class='ocrx_word' id='word_1_281' title='bbox 837 1944 898 1972; x_wconf 83' lang='lat' dir='ltr'><strong>post</strong></span> <span class='ocrx_word' id='word_1_282' title='bbox 925 1943 980 1966; x_wconf 86' lang='lat' dir='ltr'><strong>tres</strong></span> 
     </span>
    </p>
   </div>
   <div class='ocr_carea' id='block_1_43' title="bbox 201 1982 980 2017">
    <p class='ocr_par' dir='ltr' id='par_1_43' title="bbox 201 1982 980 2017">
     <span class='ocr_line' id='line_1_43' title="bbox 201 1982 980 2017; baseline -0.003 -5"><span class='ocrx_word' id='word_1_283' title='bbox 201 1993 287 2012; x_wconf 82' lang='lat' dir='ltr'><strong>annos</strong></span> <span class='ocrx_word' id='word_1_284' title='bbox 307 1985 383 2013; x_wconf 84' lang='lat' dir='ltr'><strong>vixit.</strong></span> <span class='ocrx_word' id='word_1_285' title='bbox 411 1983 504 2013; x_wconf 82' lang='lat' dir='ltr'><strong>viruit,</strong></span> <span class='ocrx_word' id='word_1_286' title='bbox 528 1982 640 2017; x_wconf 73' lang='lat' dir='ltr'><strong>protulit</strong></span> <span class='ocrx_word' id='word_1_287' title='bbox 662 1982 790 2009; x_wconf 87' lang='lat' dir='ltr'><strong>lructum.</strong></span> <span class='ocrx_word' id='word_1_288' title='bbox 818 1982 902 2015; x_wconf 85' lang='lat' dir='ltr'><strong>Quem</strong></span> <span class='ocrx_word' id='word_1_289' title='bbox 924 1983 980 2010; x_wconf 79' lang='lat' dir='ltr'><strong>fru-</strong></span> 
     </span>
    </p>
   </div>
   <div class='ocr_carea' id='block_1_44' title="bbox 201 2026 980 2062">
    <p class='ocr_par' dir='ltr' id='par_1_44' title="bbox 201 2026 980 2062">
     <span class='ocr_line' id='line_1_44' title="bbox 201 2026 980 2062; baseline 0 -8"><span class='ocrx_word' id='word_1_290' title='bbox 201 2035 273 2056; x_wconf 64' lang='lat' dir='ltr'><strong>i-tum</strong></span> <span class='ocrx_word' id='word_1_291' title='bbox 290 2036 371 2055; x_wconf 81' lang='lat' dir='ltr'><strong>senex</strong></span> <span class='ocrx_word' id='word_1_292' title='bbox 387 2027 535 2062; x_wconf 87' lang='lat' dir='ltr'><strong>accipiens,</strong></span> <span class='ocrx_word' id='word_1_293' title='bbox 550 2026 666 2061; x_wconf 84' lang='lat' dir='ltr'><strong>portavit</strong></span> <span class='ocrx_word' id='word_1_294' title='bbox 679 2027 713 2053; x_wconf 89' lang='lat' dir='ltr'><strong>ad</strong></span> <span class='ocrx_word' id='word_1_295' title='bbox 727 2026 880 2058; x_wconf 84' lang='lat' dir='ltr'><strong>ecclesiam,</strong></span> <span class='ocrx_word' id='word_1_296' title='bbox 899 2027 980 2054; x_wconf 78' lang='lat' dir='ltr'><strong>dixit-</strong></span> 
     </span>
    </p>
   </div>
   <div class='ocr_carea' id='block_1_45' title="bbox 201 2071 981 2108">
    <p class='ocr_par' dir='ltr' id='par_1_45' title="bbox 201 2071 981 2108">
     <span class='ocr_line' id='line_1_45' title="bbox 201 2071 981 2108; baseline 0.003 -9"><span class='ocrx_word' id='word_1_297' title='bbox 201 2082 254 2108; x_wconf 84' lang='lat' dir='ltr'><strong>que</strong></span> <span class='ocrx_word' id='word_1_298' title='bbox 276 2073 429 2100; x_wconf 83' lang='lat' dir='ltr'><strong>fratribus:</strong></span> <span class='ocrx_word' id='word_1_299' title='bbox 445 2072 550 2098; x_wconf 79' lang='lat' dir='ltr'><strong>Sumite</strong></span> <span class='ocrx_word' id='word_1_300' title='bbox 565 2092 572 2103; x_wconf 88' lang='lat'><strong>,</strong></span> <span class='ocrx_word' id='word_1_301' title='bbox 597 2071 757 2099; x_wconf 86' lang='lat' dir='ltr'><strong>tuanducate</strong></span> <span class='ocrx_word' id='word_1_302' title='bbox 777 2072 894 2099; x_wconf 81' lang='lat' dir='ltr'><strong>fructum</strong></span> <span class='ocrx_word' id='word_1_303' title='bbox 916 2074 981 2101; x_wconf 87' lang='lat' dir='ltr'><strong>obe-</strong></span> 
     </span>
    </p>
   </div>
   <div class='ocr_carea' id='block_1_46' title="bbox 201 2121 318 2147">
    <p class='ocr_par' dir='ltr' id='par_1_46' title="bbox 201 2121 318 2147">
     <span class='ocr_line' id='line_1_46' title="bbox 201 2121 318 2147; baseline -0.017 0"><span class='ocrx_word' id='word_1_304' title='bbox 201 2121 318 2147; x_wconf 67' lang='lat' dir='ltr'><strong>dientiaz.</strong></span> 
     </span>
    </p>
   </div>
   <div class='ocr_carea' id='block_1_47' title="bbox 235 2162 978 2199">
    <p class='ocr_par' dir='ltr' id='par_1_47' title="bbox 235 2162 978 2199">
     <span class='ocr_line' id='line_1_47' title="bbox 235 2162 978 2199; baseline 0 -8"><span class='ocrx_word' id='word_1_305' title='bbox 235 2166 261 2192; x_wconf 77' lang='grc'><strong>2.</strong></span> <span class='ocrx_word' id='word_1_306' title='bbox 288 2165 342 2199; x_wconf 67' lang='lat'><strong>(85)</strong></span> <span class='ocrx_word' id='word_1_307' title='bbox 368 2163 530 2190; x_wconf 81' lang='lat' dir='ltr'><strong>Referebaut</strong></span> <span class='ocrx_word' id='word_1_308' title='bbox 560 2163 593 2190; x_wconf 89' lang='lat' dir='ltr'><strong>de</strong></span> <span class='ocrx_word' id='word_1_309' title='bbox 620 2163 717 2190; x_wconf 85' lang='lat' dir='ltr'><strong>abbate</strong></span> <span class='ocrx_word' id='word_1_310' title='bbox 758 2162 861 2190; x_wconf 86' lang='lat' dir='ltr'><strong>Joanne</strong></span> <span class='ocrx_word' id='word_1_311' title='bbox 884 2163 978 2195; x_wconf 88' lang='lat' dir='ltr'><strong>Curto,</strong></span> 
     </span>
    </p>
   </div>
   <div class='ocr_carea' id='block_1_48' title="bbox 202 2208 1020 2256">
    <p class='ocr_par' dir='ltr' id='par_1_48' title="bbox 202 2208 1020 2256">
     <span class='ocr_line' id='line_1_48' title="bbox 202 2208 1020 2256; baseline 0 -19"><span class='ocrx_word' id='word_1_312' title='bbox 202 2211 273 2246; x_wconf 77' lang='lat' dir='ltr'><strong>quod</strong></span> <span class='ocrx_word' id='word_1_313' title='bbox 288 2209 431 2244; x_wconf 78' lang='lat' dir='ltr'><strong>aliquando</strong></span> <span class='ocrx_word' id='word_1_314' title='bbox 448 2208 524 2235; x_wconf 80' lang='lat' dir='ltr'><strong>fratri</strong></span> <span class='ocrx_word' id='word_1_315' title='bbox 539 2216 588 2236; x_wconf 91' lang='lat' dir='ltr'><strong>suo</strong></span> <span class='ocrx_word' id='word_1_316' title='bbox 602 2209 697 2243; x_wconf 88' lang='lat' dir='ltr'><strong>majori</strong></span> <span class='ocrx_word' id='word_1_317' title='bbox 713 2209 810 2236; x_wconf 76' lang='lat' dir='ltr'><strong>dixerit</strong></span> <span class='ocrx_word' id='word_1_318' title='bbox 827 2219 834 2237; x_wconf 88' lang='lat'><strong>:</strong></span> <span class='ocrx_word' id='word_1_319' title='bbox 849 2209 980 2245; x_wconf 87' lang='lat' dir='ltr'><strong>Cuperem</strong></span> <span class='ocrx_word' id='word_1_320' title='bbox 997 2229 1020 2256; x_wconf 71' lang='grc' dir='ltr'><strong>Β</strong></span> 
     </span>
    </p>
   </div>
   <div class='ocr_carea' id='block_1_49' title="bbox 201 2253 981 2290">
    <p class='ocr_par' dir='ltr' id='par_1_49' title="bbox 201 2253 981 2290">
     <span class='ocr_line' id='line_1_49' title="bbox 201 2253 981 2290; baseline -0.001 -6"><span class='ocrx_word' id='word_1_321' title='bbox 201 2265 262 2284; x_wconf 85' lang='lat' dir='ltr'><strong>esse</strong></span> <span class='ocrx_word' id='word_1_322' title='bbox 278 2257 351 2283; x_wconf 87' lang='lat' dir='ltr'><strong>curis</strong></span> <span class='ocrx_word' id='word_1_323' title='bbox 368 2262 479 2286; x_wconf 77' lang='lat' dir='ltr'><strong>vacuus,</strong></span> <span class='ocrx_word' id='word_1_324' title='bbox 495 2253 567 2281; x_wconf 87' lang='lat' dir='ltr'><strong>sicut</strong></span> <span class='ocrx_word' id='word_1_325' title='bbox 583 2254 668 2288; x_wconf 79' lang='lat' dir='ltr'><strong>angeli</strong></span> <span class='ocrx_word' id='word_1_326' title='bbox 686 2259 759 2285; x_wconf 86' lang='lat' dir='ltr'><strong>sunt,</strong></span> <span class='ocrx_word' id='word_1_327' title='bbox 778 2255 844 2281; x_wconf 94' lang='lat' dir='ltr'><strong>nihil</strong></span> <span class='ocrx_word' id='word_1_328' title='bbox 867 2264 981 2290; x_wconf 87' lang='lat' dir='ltr'><strong>operan-</strong></span> 
     </span>
    </p>
   </div>
   <div class='ocr_carea' id='block_1_50' title="bbox 202 2299 980 2334">
    <p class='ocr_par' dir='ltr' id='par_1_50' title="bbox 202 2299 980 2334">
     <span class='ocr_line' id='line_1_50' title="bbox 202 2299 980 2334; baseline -0.001 -5"><span class='ocrx_word' id='word_1_329' title='bbox 202 2307 254 2334; x_wconf 85' lang='lat' dir='ltr'><strong>tes,</strong></span> <span class='ocrx_word' id='word_1_330' title='bbox 270 2301 316 2328; x_wconf 86' lang='lat' dir='ltr'><strong>sed</strong></span> <span class='ocrx_word' id='word_1_331' title='bbox 333 2301 435 2334; x_wconf 84' lang='lat' dir='ltr'><strong>absque</strong></span> <span class='ocrx_word' id='word_1_332' title='bbox 449 2299 649 2326; x_wconf 87' lang='lat' dir='ltr'><strong>intermissione</strong></span> <span class='ocrx_word' id='word_1_333' title='bbox 663 2299 716 2326; x_wconf 83' lang='lat' dir='ltr'><strong>Deo</strong></span> <span class='ocrx_word' id='word_1_334' title='bbox 733 2301 892 2329; x_wconf 85' lang='lat' dir='ltr'><strong>servientes.</strong></span> <span class='ocrx_word' id='word_1_335' title='bbox 910 2301 980 2329; x_wconf 84' lang='lat' dir='ltr'><strong>Exu-</strong></span> 
     </span>
    </p>
   </div>
   <div class='ocr_carea' id='block_1_51' title="bbox 202 2345 981 2382">
    <p class='ocr_par' dir='ltr' id='par_1_51' title="bbox 202 2345 981 2382">
     <span class='ocr_line' id='line_1_51' title="bbox 202 2345 981 2382; baseline 0 -8"><span class='ocrx_word' id='word_1_336' title='bbox 202 2353 284 2382; x_wconf 88' lang='lat' dir='ltr'><strong>toque</strong></span> <span class='ocrx_word' id='word_1_337' title='bbox 297 2347 386 2381; x_wconf 80' lang='lat' dir='ltr'><strong>pallio.</strong></span> <span class='ocrx_word' id='word_1_338' title='bbox 402 2352 528 2380; x_wconf 81' lang='lat' dir='ltr'><strong>egressus</strong></span> <span class='ocrx_word' id='word_1_339' title='bbox 539 2346 618 2372; x_wconf 87' lang='lat' dir='ltr'><strong>estin</strong></span> <span class='ocrx_word' id='word_1_340' title='bbox 630 2345 812 2374; x_wconf 80' lang='lat' dir='ltr'><strong>solitudinem.</strong></span> <span class='ocrx_word' id='word_1_341' title='bbox 822 2346 887 2374; x_wconf 89' lang='lat' dir='ltr'><strong>Post</strong></span> <span class='ocrx_word' id='word_1_342' title='bbox 901 2356 981 2374; x_wconf 89' lang='lat' dir='ltr'><strong>unam</strong></span> 
     </span>
    </p>
   </div>
   <div class='ocr_carea' id='block_1_52' title="bbox 202 2389 982 2427">
    <p class='ocr_par' dir='ltr' id='par_1_52' title="bbox 202 2389 982 2427">
     <span class='ocr_line' id='line_1_52' title="bbox 202 2389 982 2427; baseline 0 -7"><span class='ocrx_word' id='word_1_343' title='bbox 202 2398 292 2420; x_wconf 84' lang='lat' dir='ltr'><strong>autem</strong></span> <span class='ocrx_word' id='word_1_344' title='bbox 307 2390 501 2419; x_wconf 87' lang='lat' dir='ltr'><strong>hebdomadam</strong></span> <span class='ocrx_word' id='word_1_345' title='bbox 518 2390 596 2417; x_wconf 85' lang='lat' dir='ltr'><strong>rediit</strong></span> <span class='ocrx_word' id='word_1_346' title='bbox 610 2390 643 2417; x_wconf 83' lang='lat' dir='ltr'><strong>ad</strong></span> <span class='ocrx_word' id='word_1_347' title='bbox 658 2389 767 2418; x_wconf 81' lang='lat' dir='ltr'><strong>fratrem</strong></span> <span class='ocrx_word' id='word_1_348' title='bbox 782 2399 871 2420; x_wconf 76' lang='lat' dir='ltr'><strong>suum.</strong></span> <span class='ocrx_word' id='word_1_349' title='bbox 894 2391 982 2427; x_wconf 83' lang='lat' dir='ltr'><strong>thue</strong></span> 
     </span>
    </p>
   </div>
   <div class='ocr_carea' id='block_1_53' title="bbox 202 2435 982 2473">
    <p class='ocr_par' dir='ltr' id='par_1_53' title="bbox 202 2435 982 2473">
     <span class='ocr_line' id='line_1_53' title="bbox 202 2435 982 2473; baseline 0.008 -13"><span class='ocrx_word' id='word_1_350' title='bbox 202 2439 274 2465; x_wconf 69' lang='lat' dir='ltr'><strong>fures</strong></span> <span class='ocrx_word' id='word_1_351' title='bbox 294 2437 420 2472; x_wconf 79' lang='lat' dir='ltr'><strong>pulsavit,</strong></span> <span class='ocrx_word' id='word_1_352' title='bbox 437 2435 545 2470; x_wconf 80' lang='lat' dir='ltr'><strong>agnovit</strong></span> <span class='ocrx_word' id='word_1_353' title='bbox 556 2443 617 2462; x_wconf 84' lang='lat' dir='ltr'><strong>etim</strong></span> <span class='ocrx_word' id='word_1_354' title='bbox 634 2435 717 2462; x_wconf 77' lang='lat' dir='ltr'><strong>frater</strong></span> <span class='ocrx_word' id='word_1_355' title='bbox 731 2440 876 2471; x_wconf 84' lang='lat' dir='ltr'><strong>antequam</strong></span> <span class='ocrx_word' id='word_1_356' title='bbox 894 2439 982 2473; x_wconf 84' lang='lat' dir='ltr'><strong>aperi-</strong></span> 
     </span>
    </p>
   </div>
   <div class='ocr_carea' id='block_1_54' title="bbox 202 2480 979 2518">
    <p class='ocr_par' dir='ltr' id='par_1_54' title="bbox 202 2480 979 2518">
     <span class='ocr_line' id='line_1_54' title="bbox 202 2480 979 2518; baseline 0.003 -9"><span class='ocrx_word' id='word_1_357' title='bbox 202 2487 253 2514; x_wconf 63' lang='lat' dir='ltr'><strong>ret,</strong></span> <span class='ocrx_word' id='word_1_358' title='bbox 271 2483 361 2517; x_wconf 85' lang='lat' dir='ltr'><strong>aitque</strong></span> <span class='ocrx_word' id='word_1_359' title='bbox 378 2491 385 2509; x_wconf 73' lang='grc' dir='ltr'>ι</span> <span class='ocrx_word' id='word_1_360' title='bbox 401 2482 442 2508; x_wconf 85' lang='lat' dir='ltr'><strong>Tu</strong></span> <span class='ocrx_word' id='word_1_361' title='bbox 459 2481 520 2515; x_wconf 90' lang='lat' dir='ltr'><strong>quis</strong></span> <span class='ocrx_word' id='word_1_362' title='bbox 539 2481 586 2508; x_wconf 87' lang='lat' dir='ltr'><strong>es?</strong></span> <span class='ocrx_word' id='word_1_363' title='bbox 604 2480 752 2516; x_wconf 79' lang='lat' dir='ltr'><strong>Respondit</strong></span> <span class='ocrx_word' id='word_1_364' title='bbox 768 2483 830 2510; x_wconf 85' lang='lat' dir='ltr'><strong>ille:</strong></span> <span class='ocrx_word' id='word_1_365' title='bbox 847 2483 902 2518; x_wconf 81' lang='lat' dir='ltr'><strong>Ego</strong></span> <span class='ocrx_word' id='word_1_366' title='bbox 918 2493 979 2511; x_wconf 87' lang='lat' dir='ltr'><strong>sum</strong></span> 
     </span>
    </p>
   </div>
   <div class='ocr_carea' id='block_1_55' title="bbox 186 2525 979 2557">
    <p class='ocr_par' dir='ltr' id='par_1_55' title="bbox 186 2525 979 2557">
     <span class='ocr_line' id='line_1_55' title="bbox 186 2525 979 2557; baseline 0.001 -1"><span class='ocrx_word' id='word_1_367' title='bbox 186 2530 318 2557; x_wconf 77' lang='lat' dir='ltr'><strong>&#39;Joannes</strong></span> <span class='ocrx_word' id='word_1_368' title='bbox 333 2527 415 2554; x_wconf 79' lang='lat' dir='ltr'><strong>frater</strong></span> <span class='ocrx_word' id='word_1_369' title='bbox 430 2532 501 2554; x_wconf 89' lang='lat' dir='ltr'><strong>tuus.</strong></span> <span class='ocrx_word' id='word_1_370' title='bbox 515 2525 584 2553; x_wconf 92' lang='lat' dir='ltr'><strong>Tum</strong></span> <span class='ocrx_word' id='word_1_371' title='bbox 601 2526 634 2553; x_wconf 90' lang='lat' dir='ltr'><strong>ad</strong></span> <span class='ocrx_word' id='word_1_372' title='bbox 651 2526 725 2554; x_wconf 93' lang='lat' dir='ltr'><strong>illum</strong></span> <span class='ocrx_word' id='word_1_373' title='bbox 742 2527 824 2556; x_wconf 85' lang='lat' dir='ltr'><strong>frater</strong></span> <span class='ocrx_word' id='word_1_374' title='bbox 841 2539 846 2555; x_wconf 92' lang='lat'>:</span> <span class='ocrx_word' id='word_1_375' title='bbox 861 2529 979 2557; x_wconf 80' lang='lat' dir='ltr'><strong>Joannes</strong></span> 
     </span>
    </p>
   </div>
   <div class='ocr_carea' id='block_1_56' title="bbox 236 2606 1106 2643">
    <p class='ocr_par' dir='ltr' id='par_1_56' title="bbox 236 2606 1106 2643">
     <span class='ocr_line' id='line_1_56' title="bbox 236 2606 1106 2643; baseline 0.001 -9"><span class='ocrx_word' id='word_1_376' title='bbox 236 2607 258 2624; x_wconf 72' lang='grc' dir='ltr'><strong>ι’</strong></span> <span class='ocrx_word' id='word_1_377' title='bbox 274 2607 304 2634; x_wconf 85' lang='lat' dir='ltr'><strong>F.</strong></span> <span class='ocrx_word' id='word_1_378' title='bbox 315 2606 474 2641; x_wconf 83' lang='grc' dir='ltr'>Μανιχαίου.</span> <span class='ocrx_word' id='word_1_379' title='bbox 512 2607 534 2621; x_wconf 84' lang='grc'><strong>¹⁰</strong></span> <span class='ocrx_word' id='word_1_380' title='bbox 551 2607 592 2633; x_wconf 79' lang='lat' dir='ltr'><strong>Al.</strong></span> <span class='ocrx_word' id='word_1_381' title='bbox 608 2607 786 2642; x_wconf 72' lang='grc' dir='ltr'><strong>φιλαργυρίας</strong></span> <span class='ocrx_word' id='word_1_382' title='bbox 827 2608 847 2622; x_wconf 86' lang='grc'><strong>²¹</strong></span> <span class='ocrx_word' id='word_1_383' title='bbox 867 2607 908 2634; x_wconf 74' lang='lat' dir='ltr'><strong>Al.</strong></span> <span class='ocrx_word' id='word_1_384' title='bbox 923 2608 991 2643; x_wconf 70' lang='grc' dir='ltr'>ὑπὲρ</span> <span class='ocrx_word' id='word_1_385' title='bbox 1010 2609 1106 2636; x_wconf 81' lang='grc' dir='ltr'>πάντα.</span> 
     </span>
    </p>
   </div>
   <div class='ocr_carea' id='block_1_57' title="bbox 235 2661 974 2694">
    <p class='ocr_par' dir='ltr' id='par_1_57' title="bbox 235 2661 974 2694">
     <span class='ocr_line' id='line_1_57' title="bbox 235 2661 974 2694; baseline -0.003 -4"><span class='ocrx_word' id='word_1_386' title='bbox 235 2662 290 2694; x_wconf 79' lang='grc'><strong>(85)</strong></span> <span class='ocrx_word' id='word_1_387' title='bbox 305 2662 444 2689; x_wconf 82' lang='grc' dir='ltr'><strong>Ἰωάννου</strong></span> <span class='ocrx_word' id='word_1_388' title='bbox 463 2662 515 2688; x_wconf 88' lang='grc' dir='ltr'><strong>τοῦ</strong></span> <span class='ocrx_word' id='word_1_389' title='bbox 542 2661 684 2689; x_wconf 77' lang='grc' dir='ltr'>Κολοϐοῦ.</span> <span class='ocrx_word' id='word_1_390' title='bbox 705 2661 824 2689; x_wconf 79' lang='lat' dir='ltr'><strong>Joannes</strong></span> <span class='ocrx_word' id='word_1_391' title='bbox 845 2662 974 2693; x_wconf 80' lang='lat' dir='ltr'><strong>Colobus,</strong></span> 
     </span>
    </p>
   </div>
   <div class='ocr_carea' id='block_1_58' title="bbox 202 2697 976 2731">
    <p class='ocr_par' dir='ltr' id='par_1_58' title="bbox 202 2697 976 2731">
     <span class='ocr_line' id='line_1_58' title="bbox 202 2697 976 2731; baseline -0.003 -7"><span class='ocrx_word' id='word_1_392' title='bbox 202 2706 249 2725; x_wconf 80' lang='lat' dir='ltr'><strong>seu</strong></span> <span class='ocrx_word' id='word_1_393' title='bbox 269 2705 379 2731; x_wconf 87' lang='lat' dir='ltr'><strong>parvus,</strong></span> <span class='ocrx_word' id='word_1_394' title='bbox 395 2704 540 2731; x_wconf 64' lang='lat' dir='ltr'><strong>pygmwus,</strong></span> <span class='ocrx_word' id='word_1_395' title='bbox 554 2704 651 2726; x_wconf 87' lang='lat' dir='ltr'><strong>nauus.</strong></span> <span class='ocrx_word' id='word_1_396' title='bbox 675 2701 780 2727; x_wconf 89' lang='lat' dir='ltr'><strong>curtus,</strong></span> <span class='ocrx_word' id='word_1_397' title='bbox 798 2697 897 2726; x_wconf 80' lang='lat' dir='ltr'><strong>brevis.</strong></span> <span class='ocrx_word' id='word_1_398' title='bbox 921 2703 976 2723; x_wconf 84' lang='lat' dir='ltr'><strong>sta-</strong></span> 
     </span>
    </p>
   </div>
   <div class='ocr_carea' id='block_1_59' title="bbox 201 2731 977 2765">
    <p class='ocr_par' dir='ltr' id='par_1_59' title="bbox 201 2731 977 2765">
     <span class='ocr_line' id='line_1_59' title="bbox 201 2731 977 2765; baseline -0.003 -6"><span class='ocrx_word' id='word_1_399' title='bbox 201 2737 261 2759; x_wconf 84' lang='lat' dir='ltr'><strong>tura</strong></span> <span class='ocrx_word' id='word_1_400' title='bbox 276 2732 361 2760; x_wconf 84' lang='lat' dir='ltr'><strong>brevi.</strong></span> <span class='ocrx_word' id='word_1_401' title='bbox 377 2735 488 2758; x_wconf 65' lang='lat' dir='ltr'><strong>staturae</strong></span> <span class='ocrx_word' id='word_1_402' title='bbox 504 2733 600 2758; x_wconf 87' lang='lat' dir='ltr'><strong>brevis.</strong></span> <span class='ocrx_word' id='word_1_403' title='bbox 622 2731 761 2765; x_wconf 80' lang='lat' dir='ltr'><strong>Appendix</strong></span> <span class='ocrx_word' id='word_1_404' title='bbox 780 2732 813 2758; x_wconf 92' lang='lat' dir='ltr'><strong>ad</strong></span> <span class='ocrx_word' id='word_1_405' title='bbox 831 2731 904 2758; x_wconf 72' lang='lat' dir='ltr'><strong>Vitas</strong></span> <span class='ocrx_word' id='word_1_406' title='bbox 922 2731 977 2757; x_wconf 86' lang='lat' dir='ltr'><strong>Pa-</strong></span> 
     </span>
    </p>
   </div>
   <div class='ocr_carea' id='block_1_60' title="bbox 202 2765 976 2801">
    <p class='ocr_par' dir='ltr' id='par_1_60' title="bbox 202 2765 976 2801">
     <span class='ocr_line' id='line_1_60' title="bbox 202 2765 976 2801; baseline 0 -8"><span class='ocrx_word' id='word_1_407' title='bbox 202 2772 270 2794; x_wconf 83' lang='lat' dir='ltr'><strong>trum</strong></span> <span class='ocrx_word' id='word_1_408' title='bbox 294 2775 319 2801; x_wconf 87' lang='lat' dir='ltr'><strong>p.</strong></span> <span class='ocrx_word' id='word_1_409' title='bbox 341 2767 401 2798; x_wconf 69' lang='lat' dir='ltr'><strong>95M,</strong></span> <span class='ocrx_word' id='word_1_410' title='bbox 418 2774 478 2800; x_wconf 85' lang='lat' dir='ltr'><strong>cap.</strong></span> <span class='ocrx_word' id='word_1_411' title='bbox 497 2766 549 2792; x_wconf 71' lang='lat' dir='ltr'><strong>il:</strong></span> <span class='ocrx_word' id='word_1_412' title='bbox 573 2765 696 2792; x_wconf 79' lang='lat' dir='ltr'><strong>Dicebant</strong></span> <span class='ocrx_word' id='word_1_413' title='bbox 718 2768 803 2792; x_wconf 78' lang='lat' dir='ltr'><strong>sancti</strong></span> <span class='ocrx_word' id='word_1_414' title='bbox 829 2767 921 2792; x_wconf 78' lang='lat' dir='ltr'><strong>Patres</strong></span> <span class='ocrx_word' id='word_1_415' title='bbox 945 2766 976 2793; x_wconf 82' lang='lat' dir='ltr'><strong>de</strong></span> 
     </span>
    </p>
   </div>
   <div class='ocr_carea' id='block_1_61' title="bbox 201 2801 976 2836">
    <p class='ocr_par' dir='ltr' id='par_1_61' title="bbox 201 2801 976 2836">
     <span class='ocr_line' id='line_1_61' title="bbox 201 2801 976 2836; baseline 0 -8"><span class='ocrx_word' id='word_1_416' title='bbox 201 2807 292 2829; x_wconf 72' lang='lat' dir='ltr'><strong>sancto</strong></span> <span class='ocrx_word' id='word_1_417' title='bbox 309 2801 419 2833; x_wconf 82' lang='lat' dir='ltr'><strong>Joanne,</strong></span> <span class='ocrx_word' id='word_1_418' title='bbox 432 2802 476 2836; x_wconf 73' lang='lat' dir='ltr'><strong>qui</strong></span> <span class='ocrx_word' id='word_1_419' title='bbox 488 2801 721 2836; x_wconf 58' lang='lat' dir='ltr'><strong>@gnomiuobatur</strong></span> <span class='ocrx_word' id='word_1_420' title='bbox 730 2801 820 2831; x_wconf 83' lang='lat' dir='ltr'><strong>Cotob,</strong></span> <span class='ocrx_word' id='word_1_421' title='bbox 837 2801 976 2828; x_wconf 84' lang='lat' dir='ltr'><strong>dccurtate</strong></span> 
     </span>
    </p>
   </div>
   <div class='ocr_carea' id='block_1_62' title="bbox 202 2834 666 2873">
    <p class='ocr_par' dir='ltr' id='par_1_62' title="bbox 202 2834 666 2873">
     <span class='ocr_line' id='line_1_62' title="bbox 202 2834 666 2873; baseline -0.006 -9"><span class='ocrx_word' id='word_1_422' title='bbox 202 2845 252 2873; x_wconf 56' lang='lat' dir='ltr'><strong>pro</strong></span> <span class='ocrx_word' id='word_1_423' title='bbox 265 2836 390 2873; x_wconf 56' lang='lat' dir='ltr'><strong>Colobus.</strong></span> <span class='ocrx_word' id='word_1_424' title='bbox 401 2834 478 2873; x_wconf 64' lang='lat' dir='ltr'><strong>Apud</strong></span> <span class='ocrx_word' id='word_1_425' title='bbox 493 2834 647 2873; x_wconf 82' lang='lat' dir='ltr'><strong>Fulbcrtum</strong></span> <span class='ocrx_word' id='word_1_426' title='bbox 660 2845 666 2862; x_wconf 85' lang='lat'><strong>:</strong></span> 
     </span>
    </p>
   </div>
   <div class='ocr_carea' id='block_1_63' title="bbox 236 2871 921 2901">
    <p class='ocr_par' dir='ltr' id='par_1_63' title="bbox 236 2871 921 2901">
     <span class='ocr_line' id='line_1_63' title="bbox 236 2871 921 2901; baseline -0.001 -2"><span class='ocrx_word' id='word_1_427' title='bbox 236 2871 350 2899; x_wconf 76' lang='lat' dir='ltr'><strong>Joannes</strong></span> <span class='ocrx_word' id='word_1_428' title='bbox 364 2871 431 2898; x_wconf 84' lang='lat' dir='ltr'><strong>abba</strong></span> <span class='ocrx_word' id='word_1_429' title='bbox 444 2871 566 2901; x_wconf 79' lang='lat' dir='ltr'><strong>parvulus</strong></span> <span class='ocrx_word' id='word_1_430' title='bbox 586 2874 698 2901; x_wconf 78' lang='lat' dir='ltr'><strong>statura,</strong></span> <span class='ocrx_word' id='word_1_431' title='bbox 711 2879 761 2898; x_wconf 89' lang='lat' dir='ltr'><strong>non</strong></span> <span class='ocrx_word' id='word_1_432' title='bbox 774 2871 921 2898; x_wconf 50' lang='lat' dir='ltr'><strong>virtutibus.</strong></span> 
     </span>
    </p>
   </div>
   <div class='ocr_carea' id='block_1_64' title="bbox 1031 263 1820 299">
    <p class='ocr_par' dir='ltr' id='par_1_64' title="bbox 1031 263 1820 299">
     <span class='ocr_line' id='line_1_64' title="bbox 1031 263 1820 299; baseline 0.003 -9"><span class='ocrx_word' id='word_1_433' title='bbox 1031 264 1144 299; x_wconf 84' lang='grc' dir='ltr'>γόμενος</span> <span class='ocrx_word' id='word_1_434' title='bbox 1160 265 1223 299; x_wconf 70' lang='grc' dir='ltr'>περὶ</span> <span class='ocrx_word' id='word_1_435' title='bbox 1237 264 1282 290; x_wconf 75' lang='grc' dir='ltr'>τοῦ</span> <span class='ocrx_word' id='word_1_436' title='bbox 1300 264 1433 299; x_wconf 78' lang='grc' dir='ltr'>σώματος,</span> <span class='ocrx_word' id='word_1_437' title='bbox 1449 263 1526 291; x_wconf 80' lang='grc' dir='ltr'>εἷπεν</span> <span class='ocrx_word' id='word_1_438' title='bbox 1542 265 1636 297; x_wconf 78' lang='grc' dir='ltr'>οὕτως·</span> <span class='ocrx_word' id='word_1_439' title='bbox 1654 265 1704 297; x_wconf 75' lang='grc' dir='ltr'><strong>Δὸς</strong></span> <span class='ocrx_word' id='word_1_440' title='bbox 1717 265 1762 292; x_wconf 73' lang='grc' dir='ltr'><strong>τδν</strong></span> <span class='ocrx_word' id='word_1_441' title='bbox 1773 266 1820 292; x_wconf 89' lang='grc' dir='ltr'>νό-</span> 
     </span>
    </p>
   </div>
   <div class='ocr_carea' id='block_1_65' title="bbox 1033 309 1745 346">
    <p class='ocr_par' dir='ltr' id='par_1_65' title="bbox 1033 309 1745 346">
     <span class='ocr_line' id='line_1_65' title="bbox 1033 309 1745 346; baseline 0.004 -11"><span class='ocrx_word' id='word_1_442' title='bbox 1033 318 1082 344; x_wconf 91' lang='grc' dir='ltr'><strong>μον</strong></span> <span class='ocrx_word' id='word_1_443' title='bbox 1093 310 1132 345; x_wconf 80' lang='grc' dir='ltr'>τῷ</span> <span class='ocrx_word' id='word_1_444' title='bbox 1145 309 1260 345; x_wconf 78' lang='grc' dir='ltr'>σώματι,</span> <span class='ocrx_word' id='word_1_445' title='bbox 1276 311 1323 337; x_wconf 75' lang='grc' dir='ltr'>καὶ</span> <span class='ocrx_word' id='word_1_446' title='bbox 1336 310 1399 345; x_wconf 64' lang='grc' dir='ltr'>ὕψει</span> <span class='ocrx_word' id='word_1_447' title='bbox 1413 311 1443 337; x_wconf 84' lang='grc' dir='ltr'>τὸ</span> <span class='ocrx_word' id='word_1_448' title='bbox 1460 311 1538 346; x_wconf 85' lang='grc' dir='ltr'>σῶμα</span> <span class='ocrx_word' id='word_1_449' title='bbox 1551 311 1589 346; x_wconf 79' lang='grc' dir='ltr'><strong>τῷ</strong></span> <span class='ocrx_word' id='word_1_450' title='bbox 1603 311 1745 338; x_wconf 72' lang='grc' dir='ltr'>πλάσαντι.</span> 
     </span>
    </p>
   </div>
   <div class='ocr_carea' id='block_1_66' title="bbox 1066 397 1815 436">
    <p class='ocr_par' dir='ltr' id='par_1_66' title="bbox 1066 397 1815 436">
     <span class='ocr_line' id='line_1_66' title="bbox 1066 397 1815 436; baseline -0.001 -9"><span class='ocrx_word' id='word_1_451' title='bbox 1066 401 1096 427; x_wconf 90' lang='grc' dir='ltr'><strong>ε’.</strong></span> <span class='ocrx_word' id='word_1_452' title='bbox 1110 398 1177 427; x_wconf 59' lang='lat' dir='ltr'><strong>Eine</strong></span> <span class='ocrx_word' id='word_1_453' title='bbox 1189 400 1268 427; x_wconf 83' lang='grc' dir='ltr'>πάλιν</span> <span class='ocrx_word' id='word_1_454' title='bbox 1278 401 1293 436; x_wconf 86' lang='grc' dir='ltr'>ὴ</span> <span class='ocrx_word' id='word_1_455' title='bbox 1306 400 1384 434; x_wconf 83' lang='grc' dir='ltr'>αὐτὴ,</span> <span class='ocrx_word' id='word_1_456' title='bbox 1395 401 1438 426; x_wconf 83' lang='grc' dir='ltr'><strong>ὅτι</strong></span> <span class='ocrx_word' id='word_1_457' title='bbox 1448 401 1462 426; x_wconf 85' lang='grc' dir='ltr'>ὁ</span> <span class='ocrx_word' id='word_1_458' title='bbox 1471 400 1629 432; x_wconf 79' lang='grc' dir='ltr'>διδάσκαλος</span> <span class='ocrx_word' id='word_1_459' title='bbox 1637 400 1738 435; x_wconf 76' lang='grc' dir='ltr'><strong>ὀφείλει</strong></span> <span class='ocrx_word' id='word_1_460' title='bbox 1746 397 1815 427; x_wconf 74' lang='grc' dir='ltr'>εἶναι</span> 
     </span>
    </p>
   </div>
   <div class='ocr_carea' id='block_1_67' title="bbox 1031 446 1814 482">
    <p class='ocr_par' dir='ltr' id='par_1_67' title="bbox 1031 446 1814 482">
     <span class='ocr_line' id='line_1_67' title="bbox 1031 446 1814 482; baseline 0 -10"><span class='ocrx_word' id='word_1_461' title='bbox 1031 447 1104 479; x_wconf 75' lang='grc' dir='ltr'>ξένος</span> <span class='ocrx_word' id='word_1_462' title='bbox 1117 446 1299 482; x_wconf 77' lang='grc' dir='ltr'>φιλαρχίας¹⁰,</span> <span class='ocrx_word' id='word_1_463' title='bbox 1313 447 1360 473; x_wconf 69' lang='grc' dir='ltr'>καὶ</span> <span class='ocrx_word' id='word_1_464' title='bbox 1374 446 1510 481; x_wconf 72' lang='grc' dir='ltr'>ἀλλότριος</span> <span class='ocrx_word' id='word_1_465' title='bbox 1524 446 1683 478; x_wconf 77' lang='grc' dir='ltr'><strong>κενοδοξίας,</strong></span> <span class='ocrx_word' id='word_1_466' title='bbox 1706 447 1814 482; x_wconf 70' lang='grc' dir='ltr'>μακρὰν</span> 
     </span>
    </p>
   </div>
   <div class='ocr_carea' id='block_1_68' title="bbox 1031 490 1816 526">
    <p class='ocr_par' dir='ltr' id='par_1_68' title="bbox 1031 490 1816 526">
     <span class='ocr_line' id='line_1_68' title="bbox 1031 490 1816 526; baseline 0.001 -10"><span class='ocrx_word' id='word_1_467' title='bbox 1031 490 1229 525; x_wconf 65' lang='grc' dir='ltr'>ὑπερηῳανίας,</span> <span class='ocrx_word' id='word_1_468' title='bbox 1251 490 1287 525; x_wconf 79' lang='grc' dir='ltr'>μὴ</span> <span class='ocrx_word' id='word_1_469' title='bbox 1311 490 1364 516; x_wconf 75' lang='grc' dir='ltr'>ὑπὸ</span> <span class='ocrx_word' id='word_1_470' title='bbox 1379 490 1522 521; x_wconf 79' lang='grc' dir='ltr'><strong>κολακείας</strong></span> <span class='ocrx_word' id='word_1_471' title='bbox 1542 491 1752 525; x_wconf 76' lang='grc' dir='ltr'>ἑμπαιζόμενος,</span> <span class='ocrx_word' id='word_1_472' title='bbox 1780 492 1816 526; x_wconf 83' lang='grc' dir='ltr'>μὴ</span> 
     </span>
    </p>
   </div>
   <div class='ocr_carea' id='block_1_69' title="bbox 1031 535 1815 572">
    <p class='ocr_par' dir='ltr' id='par_1_69' title="bbox 1031 535 1815 572">
     <span class='ocr_line' id='line_1_69' title="bbox 1031 535 1815 572; baseline 0 -9"><span class='ocrx_word' id='word_1_473' title='bbox 1031 537 1082 564; x_wconf 84' lang='grc' dir='ltr'><strong>ὑπὸ</strong></span> <span class='ocrx_word' id='word_1_474' title='bbox 1096 537 1188 571; x_wconf 80' lang='grc' dir='ltr'>δώρων</span> <span class='ocrx_word' id='word_1_475' title='bbox 1204 535 1394 571; x_wconf 75' lang='grc' dir='ltr'><strong>τυφλούμενος,</strong></span> <span class='ocrx_word' id='word_1_476' title='bbox 1407 537 1443 570; x_wconf 83' lang='grc' dir='ltr'>μὴ</span> <span class='ocrx_word' id='word_1_477' title='bbox 1459 537 1511 562; x_wconf 80' lang='grc' dir='ltr'><strong>ὑπὸ</strong></span> <span class='ocrx_word' id='word_1_478' title='bbox 1526 537 1643 571; x_wconf 68' lang='grc' dir='ltr'>γαστρὸς</span> <span class='ocrx_word' id='word_1_479' title='bbox 1655 537 1815 572; x_wconf 80' lang='grc' dir='ltr'>νικώμενος.</span> 
     </span>
    </p>
   </div>
   <div class='ocr_carea' id='block_1_70' title="bbox 1032 581 1817 618">
    <p class='ocr_par' dir='ltr' id='par_1_70' title="bbox 1032 581 1817 618">
     <span class='ocr_line' id='line_1_70' title="bbox 1032 581 1817 618; baseline -0.001 -10"><span class='ocrx_word' id='word_1_480' title='bbox 1032 583 1069 618; x_wconf 84' lang='grc' dir='ltr'>μὴ</span> <span class='ocrx_word' id='word_1_481' title='bbox 1084 583 1135 609; x_wconf 79' lang='grc' dir='ltr'><strong>ὑπὸ</strong></span> <span class='ocrx_word' id='word_1_482' title='bbox 1145 583 1229 618; x_wconf 82' lang='grc' dir='ltr'>όργῆς</span> <span class='ocrx_word' id='word_1_483' title='bbox 1249 581 1440 617; x_wconf 82' lang='grc' dir='ltr'>κρατούμενος·</span> <span class='ocrx_word' id='word_1_484' title='bbox 1464 581 1531 607; x_wconf 86' lang='grc' dir='ltr'>ἀλλὰ</span> <span class='ocrx_word' id='word_1_485' title='bbox 1554 581 1737 616; x_wconf 81' lang='grc' dir='ltr'>μακρόθυμος,</span> <span class='ocrx_word' id='word_1_486' title='bbox 1755 583 1817 608; x_wconf 79' lang='grc' dir='ltr'><strong>ἐπι-</strong></span> 
     </span>
    </p>
   </div>
   <div class='ocr_carea' id='block_1_71' title="bbox 1030 626 1818 664">
    <p class='ocr_par' dir='ltr' id='par_1_71' title="bbox 1030 626 1818 664">
     <span class='ocr_line' id='line_1_71' title="bbox 1030 626 1818 664; baseline -0.001 -10"><span class='ocrx_word' id='word_1_487' title='bbox 1030 629 1116 664; x_wconf 75' lang='grc' dir='ltr'>εικὴς,</span> <span class='ocrx_word' id='word_1_488' title='bbox 1131 628 1204 664; x_wconf 70' lang='grc' dir='ltr'><strong>πάσῃ</strong></span> <span class='ocrx_word' id='word_1_489' title='bbox 1220 629 1241 643; x_wconf 85' lang='grc'><strong>²¹</strong></span> <span class='ocrx_word' id='word_1_490' title='bbox 1262 627 1374 662; x_wconf 81' lang='grc' dir='ltr'><strong>δυνάμει</strong></span> <span class='ocrx_word' id='word_1_491' title='bbox 1389 627 1587 662; x_wconf 76' lang='grc' dir='ltr'>ταπεινόφρων·</span> <span class='ocrx_word' id='word_1_492' title='bbox 1609 627 1731 662; x_wconf 77' lang='grc' dir='ltr'>ἔγκριτος</span> <span class='ocrx_word' id='word_1_493' title='bbox 1747 626 1818 653; x_wconf 75' lang='grc' dir='ltr'>εἶναι</span> 
     </span>
    </p>
   </div>
   <div class='ocr_carea' id='block_1_72' title="bbox 1031 673 1660 709">
    <p class='ocr_par' dir='ltr' id='par_1_72' title="bbox 1031 673 1660 709">
     <span class='ocr_line' id='line_1_72' title="bbox 1031 673 1660 709; baseline -0.003 -7"><span class='ocrx_word' id='word_1_494' title='bbox 1031 675 1076 702; x_wconf 71' lang='grc' dir='ltr'>καὶ</span> <span class='ocrx_word' id='word_1_495' title='bbox 1089 674 1237 706; x_wconf 82' lang='grc' dir='ltr'>ἀνεκτικός·</span> <span class='ocrx_word' id='word_1_496' title='bbox 1259 674 1321 709; x_wconf 77' lang='grc' dir='ltr'>κηδε</span> <span class='ocrx_word' id='word_1_497' title='bbox 1327 673 1433 708; x_wconf 82' lang='grc' dir='ltr'>μονικὸς</span> <span class='ocrx_word' id='word_1_498' title='bbox 1448 674 1495 700; x_wconf 76' lang='grc' dir='ltr'><strong>καὶ</strong></span> <span class='ocrx_word' id='word_1_499' title='bbox 1506 673 1660 708; x_wconf 63' lang='grc' dir='ltr'>φιλόψυχος.</span> 
     </span>
    </p>
   </div>
   <div class='ocr_carea' id='block_1_73' title="bbox 1065 718 1816 755">
    <p class='ocr_par' dir='ltr' id='par_1_73' title="bbox 1065 718 1816 755">
     <span class='ocr_line' id='line_1_73' title="bbox 1065 718 1816 755; baseline -0.003 -8"><span class='ocrx_word' id='word_1_500' title='bbox 1065 724 1101 753; x_wconf 79' lang='grc' dir='ltr'><strong>ς’.</strong></span> <span class='ocrx_word' id='word_1_501' title='bbox 1118 721 1214 754; x_wconf 81' lang='grc' dir='ltr'>Ἔλεγε</span> <span class='ocrx_word' id='word_1_502' title='bbox 1235 719 1345 755; x_wconf 74' lang='grc' dir='ltr'>πάλινὴ</span> <span class='ocrx_word' id='word_1_503' title='bbox 1368 719 1445 755; x_wconf 77' lang='grc' dir='ltr'>αὑτὴ,</span> <span class='ocrx_word' id='word_1_504' title='bbox 1465 720 1505 745; x_wconf 76' lang='grc' dir='ltr'><strong>ὅτι</strong></span> <span class='ocrx_word' id='word_1_505' title='bbox 1527 719 1577 745; x_wconf 76' lang='grc' dir='ltr'>οὐκ</span> <span class='ocrx_word' id='word_1_506' title='bbox 1602 720 1730 754; x_wconf 80' lang='grc' dir='ltr'>ἄσκησις,</span> <span class='ocrx_word' id='word_1_507' title='bbox 1754 718 1816 745; x_wconf 74' lang='grc' dir='ltr'>οὔτε</span> 
     </span>
    </p>
   </div>
   <div class='ocr_carea' id='block_1_74' title="bbox 1030 764 1817 802">
    <p class='ocr_par' dir='ltr' id='par_1_74' title="bbox 1030 764 1817 802">
     <span class='ocr_line' id='line_1_74' title="bbox 1030 764 1817 802; baseline -0.005 -8"><span class='ocrx_word' id='word_1_508' title='bbox 1030 767 1176 802; x_wconf 76' lang='grc' dir='ltr'>ἀγρυπνία,</span> <span class='ocrx_word' id='word_1_509' title='bbox 1193 766 1254 792; x_wconf 73' lang='grc' dir='ltr'>οὔτε</span> <span class='ocrx_word' id='word_1_510' title='bbox 1278 767 1404 797; x_wconf 72' lang='grc' dir='ltr'>παντοῖος</span> <span class='ocrx_word' id='word_1_511' title='bbox 1420 766 1501 796; x_wconf 78' lang='grc' dir='ltr'>πόνος</span> <span class='ocrx_word' id='word_1_512' title='bbox 1515 764 1605 796; x_wconf 80' lang='grc' dir='ltr'>σώζει·</span> <span class='ocrx_word' id='word_1_513' title='bbox 1623 766 1647 791; x_wconf 82' lang='grc' dir='ltr'>εἰ</span> <span class='ocrx_word' id='word_1_514' title='bbox 1666 765 1703 800; x_wconf 85' lang='grc' dir='ltr'>μὴ</span> <span class='ocrx_word' id='word_1_515' title='bbox 1718 766 1817 800; x_wconf 75' lang='grc' dir='ltr'>γνησία</span> 
     </span>
    </p>
   </div>
   <div class='ocr_carea' id='block_1_75' title="bbox 1029 810 1816 848">
    <p class='ocr_par' dir='ltr' id='par_1_75' title="bbox 1029 810 1816 848">
     <span class='ocr_line' id='line_1_75' title="bbox 1029 810 1816 848; baseline -0.004 -9"><span class='ocrx_word' id='word_1_516' title='bbox 1029 812 1271 848; x_wconf 77' lang='grc' dir='ltr'>ταπεινοφροσύνη.</span> <span class='ocrx_word' id='word_1_517' title='bbox 1287 810 1341 838; x_wconf 76' lang='grc' dir='ltr'><strong>Ἷῐν</strong></span> <span class='ocrx_word' id='word_1_518' title='bbox 1355 811 1408 847; x_wconf 86' lang='grc' dir='ltr'>γάρ</span> <span class='ocrx_word' id='word_1_519' title='bbox 1423 820 1463 843; x_wconf 88' lang='grc' dir='ltr'>τις</span> <span class='ocrx_word' id='word_1_520' title='bbox 1472 811 1650 846; x_wconf 72' lang='grc' dir='ltr'>ἁναχωρητὴε</span> <span class='ocrx_word' id='word_1_521' title='bbox 1658 811 1816 838; x_wconf 83' lang='grc' dir='ltr'>ἀπελαύνων</span> 
     </span>
    </p>
   </div>
   <div class='ocr_carea' id='block_1_76' title="bbox 1029 856 1814 894">
    <p class='ocr_par' dir='ltr' id='par_1_76' title="bbox 1029 856 1814 894">
     <span class='ocr_line' id='line_1_76' title="bbox 1029 856 1814 894; baseline -0.004 -9"><span class='ocrx_word' id='word_1_522' title='bbox 1029 859 1166 894; x_wconf 72' lang='grc' dir='ltr'>δαίμονας·</span> <span class='ocrx_word' id='word_1_523' title='bbox 1184 859 1230 885; x_wconf 75' lang='grc' dir='ltr'>καὶ</span> <span class='ocrx_word' id='word_1_524' title='bbox 1256 856 1384 892; x_wconf 76' lang='grc' dir='ltr'><strong>ἐξήταζεν</strong></span> <span class='ocrx_word' id='word_1_525' title='bbox 1400 856 1507 888; x_wconf 79' lang='grc' dir='ltr'>αὐτούς·</span> <span class='ocrx_word' id='word_1_526' title='bbox 1534 857 1577 883; x_wconf 89' lang='grc' dir='ltr'><strong>Ὲν</strong></span> <span class='ocrx_word' id='word_1_527' title='bbox 1593 857 1644 883; x_wconf 79' lang='grc' dir='ltr'>τίνι</span> <span class='ocrx_word' id='word_1_528' title='bbox 1660 856 1814 892; x_wconf 74' lang='grc' dir='ltr'><strong>ἐξέρχεσθε,</strong></span> 
     </span>
    </p>
   </div>
   <div class='ocr_carea' id='block_1_77' title="bbox 1031 902 1816 940">
    <p class='ocr_par' dir='ltr' id='par_1_77' title="bbox 1031 902 1816 940">
     <span class='ocr_line' id='line_1_77' title="bbox 1031 902 1816 940; baseline -0.006 -8"><span class='ocrx_word' id='word_1_529' title='bbox 1031 906 1059 932; x_wconf 79' lang='grc' dir='ltr'>ἐν</span> <span class='ocrx_word' id='word_1_530' title='bbox 1076 905 1198 940; x_wconf 62' lang='grc' dir='ltr'>νηστείας</span> <span class='ocrx_word' id='word_1_531' title='bbox 1223 904 1276 930; x_wconf 79' lang='lat' dir='ltr'><strong>Ka‘t</strong></span> <span class='ocrx_word' id='word_1_532' title='bbox 1291 903 1390 936; x_wconf 77' lang='grc' dir='ltr'>ἔλεγον·</span> <span class='ocrx_word' id='word_1_533' title='bbox 1411 903 1505 937; x_wconf 78' lang='grc' dir='ltr'>Ἡμεῖς</span> <span class='ocrx_word' id='word_1_534' title='bbox 1525 902 1586 928; x_wconf 70' lang='grc' dir='ltr'>οὔτε</span> <span class='ocrx_word' id='word_1_535' title='bbox 1602 902 1739 937; x_wconf 82' lang='grc' dir='ltr'>ἐσθίομεν,</span> <span class='ocrx_word' id='word_1_536' title='bbox 1753 902 1816 928; x_wconf 75' lang='grc' dir='ltr'>οὔτε</span> 
     </span>
    </p>
   </div>
   <div class='ocr_carea' id='block_1_78' title="bbox 1031 948 1816 986">
    <p class='ocr_par' dir='ltr' id='par_1_78' title="bbox 1031 948 1816 986">
     <span class='ocr_line' id='line_1_78' title="bbox 1031 948 1816 986; baseline -0.004 -9"><span class='ocrx_word' id='word_1_537' title='bbox 1031 952 1153 986; x_wconf 83' lang='grc' dir='ltr'>πίνομεν.</span> <span class='ocrx_word' id='word_1_538' title='bbox 1173 951 1217 977; x_wconf 87' lang='grc' dir='ltr'>Ἐν</span> <span class='ocrx_word' id='word_1_539' title='bbox 1232 949 1382 986; x_wconf 81' lang='grc' dir='ltr'>ἀγρυπνίᾳ;</span> <span class='ocrx_word' id='word_1_540' title='bbox 1399 949 1455 975; x_wconf 73' lang='grc' dir='ltr'>Καὶ</span> <span class='ocrx_word' id='word_1_541' title='bbox 1474 949 1575 982; x_wconf 73' lang='grc' dir='ltr'>ἔλεγονι</span> <span class='ocrx_word' id='word_1_542' title='bbox 1602 948 1697 983; x_wconf 83' lang='grc' dir='ltr'>Ἡμεῖς</span> <span class='ocrx_word' id='word_1_543' title='bbox 1713 949 1743 974; x_wconf 80' lang='grc' dir='ltr'>οὺ</span> <span class='ocrx_word' id='word_1_544' title='bbox 1757 957 1816 974; x_wconf 84' lang='grc' dir='ltr'>κοι-</span> 
     </span>
    </p>
   </div>
   <div class='ocr_carea' id='block_1_79' title="bbox 1034 995 1816 1033">
    <p class='ocr_par' dir='ltr' id='par_1_79' title="bbox 1034 995 1816 1033">
     <span class='ocr_line' id='line_1_79' title="bbox 1034 995 1816 1033; baseline -0.004 -10"><span class='ocrx_word' id='word_1_545' title='bbox 1034 997 1156 1033; x_wconf 81' lang='grc' dir='ltr'>μώμεθα.</span> <span class='ocrx_word' id='word_1_546' title='bbox 1183 996 1226 1022; x_wconf 82' lang='grc' dir='ltr'>Ἐν</span> <span class='ocrx_word' id='word_1_547' title='bbox 1241 996 1412 1030; x_wconf 77' lang='grc' dir='ltr'>ἀναχωρήσει</span> <span class='ocrx_word' id='word_1_548' title='bbox 1427 996 1449 1010; x_wconf 82' lang='grc'><strong>’³</strong></span> <span class='ocrx_word' id='word_1_549' title='bbox 1459 995 1568 1029; x_wconf 68' lang='grc' dir='ltr'><strong>ςἩμείς</strong></span> <span class='ocrx_word' id='word_1_550' title='bbox 1581 995 1620 1026; x_wconf 85' lang='grc' dir='ltr'>εἰς</span> <span class='ocrx_word' id='word_1_551' title='bbox 1633 995 1682 1025; x_wconf 74' lang='grc' dir='ltr'><strong>τὰς</strong></span> <span class='ocrx_word' id='word_1_552' title='bbox 1696 995 1816 1030; x_wconf 76' lang='grc' dir='ltr'><strong>ἐρήμους</strong></span> 
     </span>
    </p>
   </div>
   <div class='ocr_carea' id='block_1_80' title="bbox 1031 1039 1816 1077">
    <p class='ocr_par' dir='ltr' id='par_1_80' title="bbox 1031 1039 1816 1077">
     <span class='ocr_line' id='line_1_80' title="bbox 1031 1039 1816 1077; baseline -0.004 -9"><span class='ocrx_word' id='word_1_553' title='bbox 1031 1043 1169 1077; x_wconf 79' lang='grc' dir='ltr'>διάγομεν.</span> <span class='ocrx_word' id='word_1_554' title='bbox 1190 1041 1234 1067; x_wconf 84' lang='grc' dir='ltr'>Ἐν</span> <span class='ocrx_word' id='word_1_555' title='bbox 1254 1041 1307 1067; x_wconf 80' lang='grc' dir='ltr'>τίνι</span> <span class='ocrx_word' id='word_1_556' title='bbox 1330 1039 1376 1067; x_wconf 75' lang='grc' dir='ltr'>οὖν</span> <span class='ocrx_word' id='word_1_557' title='bbox 1396 1040 1559 1075; x_wconf 79' lang='grc' dir='ltr'>ὲξὲρχεσοε;</span> <span class='ocrx_word' id='word_1_558' title='bbox 1576 1040 1630 1066; x_wconf 69' lang='grc' dir='ltr'><strong>Καὶ</strong></span> <span class='ocrx_word' id='word_1_559' title='bbox 1644 1040 1746 1074; x_wconf 77' lang='grc' dir='ltr'>ἔλεγον,</span> <span class='ocrx_word' id='word_1_560' title='bbox 1774 1040 1816 1066; x_wconf 79' lang='grc' dir='ltr'><strong>ὅτι</strong></span> 
     </span>
    </p>
   </div>
   <div class='ocr_carea' id='block_1_81' title="bbox 1032 1086 1815 1123">
    <p class='ocr_par' dir='ltr' id='par_1_81' title="bbox 1032 1086 1815 1123">
     <span class='ocr_line' id='line_1_81' title="bbox 1032 1086 1815 1123; baseline -0.003 -9"><span class='ocrx_word' id='word_1_561' title='bbox 1032 1089 1114 1114; x_wconf 77' lang='grc' dir='ltr'>Οὐδὲν</span> <span class='ocrx_word' id='word_1_562' title='bbox 1127 1089 1199 1123; x_wconf 76' lang='grc' dir='ltr'>ἡμᾶς</span> <span class='ocrx_word' id='word_1_563' title='bbox 1208 1088 1279 1122; x_wconf 83' lang='grc' dir='ltr'>νικᾷ,</span> <span class='ocrx_word' id='word_1_564' title='bbox 1292 1088 1315 1114; x_wconf 72' lang='grc' dir='ltr'>εἰ</span> <span class='ocrx_word' id='word_1_565' title='bbox 1333 1088 1369 1123; x_wconf 86' lang='grc' dir='ltr'>μὴ</span> <span class='ocrx_word' id='word_1_566' title='bbox 1380 1087 1623 1122; x_wconf 77' lang='grc' dir='ltr'>ταπεινοφροσύνη.</span> <span class='ocrx_word' id='word_1_567' title='bbox 1646 1086 1726 1122; x_wconf 84' lang='grc' dir='ltr'>Ὁρᾷς</span> <span class='ocrx_word' id='word_1_568' title='bbox 1743 1087 1784 1113; x_wconf 84' lang='grc' dir='ltr'><strong>ὅτι</strong></span> <span class='ocrx_word' id='word_1_569' title='bbox 1798 1088 1815 1121; x_wconf 81' lang='grc' dir='ltr'><strong>ή</strong></span> 
     </span>
    </p>
   </div>
   <div class='ocr_carea' id='block_1_82' title="bbox 1031 1133 1677 1169">
    <p class='ocr_par' dir='ltr' id='par_1_82' title="bbox 1031 1133 1677 1169">
     <span class='ocr_line' id='line_1_82' title="bbox 1031 1133 1677 1169; baseline -0.002 -9"><span class='ocrx_word' id='word_1_570' title='bbox 1031 1133 1263 1169; x_wconf 75' lang='grc' dir='ltr'>ταπεινοφροσύνη</span> <span class='ocrx_word' id='word_1_571' title='bbox 1276 1134 1433 1169; x_wconf 87' lang='grc' dir='ltr'>νικητήριόν</span> <span class='ocrx_word' id='word_1_572' title='bbox 1447 1134 1504 1159; x_wconf 71' lang='grc' dir='ltr'>ἐστι</span> <span class='ocrx_word' id='word_1_573' title='bbox 1522 1133 1656 1168; x_wconf 80' lang='grc' dir='ltr'>δαιμόνων</span> <span class='ocrx_word' id='word_1_574' title='bbox 1669 1142 1677 1166; x_wconf 86' lang='lat'><strong>&#39;,</strong></span> 
     </span>
    </p>
   </div>
   <div class='ocr_carea' id='block_1_83' title="bbox 1067 1218 1817 1256">
    <p class='ocr_par' dir='ltr' id='par_1_83' title="bbox 1067 1218 1817 1256">
     <span class='ocr_line' id='line_1_83' title="bbox 1067 1218 1817 1256; baseline -0.001 -9"><span class='ocrx_word' id='word_1_575' title='bbox 1067 1222 1099 1254; x_wconf 78' lang='grc' dir='ltr'><strong>ξ’.</strong></span> <span class='ocrx_word' id='word_1_576' title='bbox 1127 1219 1193 1248; x_wconf 82' lang='grc' dir='ltr'>Εἶπε</span> <span class='ocrx_word' id='word_1_577' title='bbox 1213 1221 1293 1247; x_wconf 83' lang='grc' dir='ltr'>πάλιν</span> <span class='ocrx_word' id='word_1_578' title='bbox 1313 1222 1328 1256; x_wconf 85' lang='grc' dir='ltr'>ἡ</span> <span class='ocrx_word' id='word_1_579' title='bbox 1351 1221 1458 1256; x_wconf 77' lang='grc' dir='ltr'><strong>’Λμμᾶς</strong></span> <span class='ocrx_word' id='word_1_580' title='bbox 1480 1220 1615 1256; x_wconf 79' lang='grc' dir='ltr'>Θεοδώρα,</span> <span class='ocrx_word' id='word_1_581' title='bbox 1635 1221 1675 1246; x_wconf 77' lang='grc' dir='ltr'><strong>ὅτι</strong></span> <span class='ocrx_word' id='word_1_582' title='bbox 1699 1218 1751 1246; x_wconf 86' lang='grc' dir='ltr'>Ἦν</span> <span class='ocrx_word' id='word_1_583' title='bbox 1775 1229 1817 1251; x_wconf 81' lang='grc' dir='ltr'><strong>τις</strong></span> 
     </span>
    </p>
   </div>
   <div class='ocr_carea' id='block_1_84' title="bbox 1034 1267 1815 1304">
    <p class='ocr_par' dir='ltr' id='par_1_84' title="bbox 1034 1267 1815 1304">
     <span class='ocr_line' id='line_1_84' title="bbox 1034 1267 1815 1304; baseline -0.003 -10"><span class='ocrx_word' id='word_1_584' title='bbox 1034 1268 1159 1304; x_wconf 73' lang='grc' dir='ltr'>μοναχός·</span> <span class='ocrx_word' id='word_1_585' title='bbox 1175 1268 1221 1294; x_wconf 68' lang='grc' dir='ltr'>καὶ</span> <span class='ocrx_word' id='word_1_586' title='bbox 1251 1267 1304 1294; x_wconf 83' lang='grc' dir='ltr'><strong>ἀπὸ</strong></span> <span class='ocrx_word' id='word_1_587' title='bbox 1333 1267 1452 1303; x_wconf 82' lang='grc' dir='ltr'>πλήθου;</span> <span class='ocrx_word' id='word_1_588' title='bbox 1470 1267 1524 1293; x_wconf 84' lang='grc' dir='ltr'>τῶν</span> <span class='ocrx_word' id='word_1_589' title='bbox 1551 1267 1712 1302; x_wconf 82' lang='grc' dir='ltr'>πειρασμῶν</span> <span class='ocrx_word' id='word_1_590' title='bbox 1732 1267 1815 1301; x_wconf 74' lang='grc' dir='ltr'>λέγει·</span> 
     </span>
    </p>
   </div>
   <div class='ocr_carea' id='block_1_85' title="bbox 1038 1312 1816 1347">
    <p class='ocr_par' dir='ltr' id='par_1_85' title="bbox 1038 1312 1816 1347">
     <span class='ocr_line' id='line_1_85' title="bbox 1038 1312 1816 1347; baseline -0.003 -7"><span class='ocrx_word' id='word_1_591' title='bbox 1038 1314 1151 1347; x_wconf 69' lang='grc' dir='ltr'>Ὑπάγω</span> <span class='ocrx_word' id='word_1_592' title='bbox 1167 1314 1252 1340; x_wconf 82' lang='grc' dir='ltr'>ἔνθεν.</span> <span class='ocrx_word' id='word_1_593' title='bbox 1269 1313 1324 1339; x_wconf 74' lang='grc' dir='ltr'><strong>Καὶ</strong></span> <span class='ocrx_word' id='word_1_594' title='bbox 1346 1313 1383 1344; x_wconf 80' lang='grc' dir='ltr'><strong>ὡς</strong></span> <span class='ocrx_word' id='word_1_595' title='bbox 1398 1313 1492 1340; x_wconf 74' lang='grc' dir='ltr'>ἔϐαλεν</span> <span class='ocrx_word' id='word_1_596' title='bbox 1522 1312 1617 1339; x_wconf 81' lang='grc' dir='ltr'>ἑαυτοῦ</span> <span class='ocrx_word' id='word_1_597' title='bbox 1631 1313 1664 1340; x_wconf 77' lang='grc' dir='ltr'><strong>τὰ</strong></span> <span class='ocrx_word' id='word_1_598' title='bbox 1679 1313 1816 1344; x_wconf 73' lang='grc' dir='ltr'>σανδάλια,</span> 
     </span>
    </p>
   </div>
   <div class='ocr_carea' id='block_1_86' title="bbox 1032 1358 1817 1394">
    <p class='ocr_par' dir='ltr' id='par_1_86' title="bbox 1032 1358 1817 1394">
     <span class='ocr_line' id='line_1_86' title="bbox 1032 1358 1817 1394; baseline -0.003 -8"><span class='ocrx_word' id='word_1_599' title='bbox 1032 1360 1083 1394; x_wconf 82' lang='grc' dir='ltr'>ὁρᾷ</span> <span class='ocrx_word' id='word_1_600' title='bbox 1095 1358 1237 1394; x_wconf 78' lang='grc' dir='ltr'>ἄνθρωπον</span> <span class='ocrx_word' id='word_1_601' title='bbox 1254 1359 1330 1384; x_wconf 79' lang='grc' dir='ltr'>ἄλλον</span> <span class='ocrx_word' id='word_1_602' title='bbox 1343 1358 1472 1393; x_wconf 81' lang='grc' dir='ltr'>βάλλοντα</span> <span class='ocrx_word' id='word_1_603' title='bbox 1483 1365 1529 1384; x_wconf 87' lang='grc' dir='ltr'><strong>και</strong></span> <span class='ocrx_word' id='word_1_604' title='bbox 1544 1359 1624 1384; x_wconf 64' lang='grc' dir='ltr'>αὑτὸν</span> <span class='ocrx_word' id='word_1_605' title='bbox 1640 1358 1674 1384; x_wconf 77' lang='grc' dir='ltr'>τὰ</span> <span class='ocrx_word' id='word_1_606' title='bbox 1691 1358 1817 1384; x_wconf 74' lang='grc' dir='ltr'>σανδάλια</span> 
     </span>
    </p>
   </div>
   <div class='ocr_carea' id='block_1_87' title="bbox 1033 1403 1816 1440">
    <p class='ocr_par' dir='ltr' id='par_1_87' title="bbox 1033 1403 1816 1440">
     <span class='ocr_line' id='line_1_87' title="bbox 1033 1403 1816 1440; baseline -0.001 -9"><span class='ocrx_word' id='word_1_607' title='bbox 1033 1404 1124 1437; x_wconf 75' lang='grc' dir='ltr'>αὑτοῦ,</span> <span class='ocrx_word' id='word_1_608' title='bbox 1147 1405 1193 1431; x_wconf 75' lang='grc' dir='ltr'><strong>καὶ</strong></span> <span class='ocrx_word' id='word_1_609' title='bbox 1208 1404 1322 1438; x_wconf 83' lang='grc' dir='ltr'>λέγοντα</span> <span class='ocrx_word' id='word_1_610' title='bbox 1346 1403 1430 1438; x_wconf 81' lang='grc' dir='ltr'>αύτῷ·</span> <span class='ocrx_word' id='word_1_611' title='bbox 1457 1404 1493 1429; x_wconf 84' lang='grc' dir='ltr'><strong>υὺ</strong></span> <span class='ocrx_word' id='word_1_612' title='bbox 1515 1404 1548 1430; x_wconf 80' lang='grc' dir='ltr'>δι’</span> <span class='ocrx_word' id='word_1_613' title='bbox 1570 1404 1619 1439; x_wconf 76' lang='grc' dir='ltr'><strong>ἐμὲ</strong></span> <span class='ocrx_word' id='word_1_614' title='bbox 1636 1404 1747 1440; x_wconf 71' lang='grc' dir='ltr'><strong>ἐξὲρχῃς</strong></span> <span class='ocrx_word' id='word_1_615' title='bbox 1763 1404 1816 1432; x_wconf 77' lang='grc' dir='ltr'>ἰδοὺ</span> 
     </span>
    </p>
   </div>
   <div class='ocr_carea' id='block_1_88' title="bbox 1033 1449 1517 1485">
    <p class='ocr_par' dir='ltr' id='par_1_88' title="bbox 1033 1449 1517 1485">
     <span class='ocr_line' id='line_1_88' title="bbox 1033 1449 1517 1485; baseline 0 -10"><span class='ocrx_word' id='word_1_616' title='bbox 1033 1449 1087 1484; x_wconf 79' lang='grc' dir='ltr'><strong>ἐγώ</strong></span> <span class='ocrx_word' id='word_1_617' title='bbox 1103 1458 1132 1476; x_wconf 87' lang='grc' dir='ltr'><strong>σε</strong></span> <span class='ocrx_word' id='word_1_618' title='bbox 1144 1450 1255 1485; x_wconf 80' lang='grc' dir='ltr'>προάγω</span> <span class='ocrx_word' id='word_1_619' title='bbox 1267 1450 1333 1476; x_wconf 79' lang='grc' dir='ltr'>ὅπου</span> <span class='ocrx_word' id='word_1_620' title='bbox 1344 1449 1391 1475; x_wconf 75' lang='grc' dir='ltr'><strong>ἐὰν</strong></span> <span class='ocrx_word' id='word_1_621' title='bbox 1399 1449 1517 1484; x_wconf 78' lang='grc' dir='ltr'><strong>ἀπέρχῃ.</strong></span> 
     </span>
    </p>
   </div>
   <div class='ocr_carea' id='block_1_89' title="bbox 1259 1547 1590 1584">
    <p class='ocr_par' dir='ltr' id='par_1_89' title="bbox 1259 1547 1590 1584">
     <span class='ocr_line' id='line_1_89' title="bbox 1259 1547 1590 1584; baseline -0.006 -8"><span class='ocrx_word' id='word_1_622' title='bbox 1259 1548 1342 1584; x_wconf 80' lang='grc' dir='ltr'>Ἀρχὴ</span> <span class='ocrx_word' id='word_1_623' title='bbox 1357 1547 1405 1574; x_wconf 72' lang='grc' dir='ltr'>τοῦ</span> <span class='ocrx_word' id='word_1_624' title='bbox 1422 1549 1431 1574; x_wconf 91' lang='grc' dir='ltr'><strong>Ι</strong></span> <span class='ocrx_word' id='word_1_625' title='bbox 1447 1548 1590 1583; x_wconf 83' lang='grc' dir='ltr'>στοιχείου.</span> 
     </span>
    </p>
   </div>
   <div class='ocr_carea' id='block_1_90' title="bbox 1082 1604 1762 1642">
    <p class='ocr_par' dir='ltr' id='par_1_90' title="bbox 1082 1604 1762 1642">
     <span class='ocr_line' id='line_1_90' title="bbox 1082 1604 1762 1642; baseline -0.007 -7"><span class='ocrx_word' id='word_1_626' title='bbox 1082 1610 1151 1642; x_wconf 77' lang='grc' dir='ltr'>Περι</span> <span class='ocrx_word' id='word_1_627' title='bbox 1166 1607 1218 1634; x_wconf 84' lang='grc' dir='ltr'>τοῦ</span> <span class='ocrx_word' id='word_1_628' title='bbox 1232 1606 1305 1633; x_wconf 78' lang='grc' dir='ltr'><strong>ἀϐϐᾱ</strong></span> <span class='ocrx_word' id='word_1_629' title='bbox 1326 1605 1459 1632; x_wconf 77' lang='grc' dir='ltr'>Ἰωάννου</span> <span class='ocrx_word' id='word_1_630' title='bbox 1476 1604 1529 1631; x_wconf 84' lang='grc' dir='ltr'><strong>τοῦ</strong></span> <span class='ocrx_word' id='word_1_631' title='bbox 1545 1604 1679 1631; x_wconf 77' lang='grc' dir='ltr'>Κολσϐοῦ</span> <span class='ocrx_word' id='word_1_632' title='bbox 1695 1605 1762 1639; x_wconf 78' lang='lat'><strong>(83).</strong></span> 
     </span>
    </p>
   </div>
   <div class='ocr_carea' id='block_1_91' title="bbox 1064 1660 1818 1699">
    <p class='ocr_par' dir='ltr' id='par_1_91' title="bbox 1064 1660 1818 1699">
     <span class='ocr_line' id='line_1_91' title="bbox 1064 1660 1818 1699; baseline -0.008 -7"><span class='ocrx_word' id='word_1_633' title='bbox 1064 1669 1099 1692; x_wconf 84' lang='grc' dir='ltr'><strong>α’.</strong></span> <span class='ocrx_word' id='word_1_634' title='bbox 1116 1665 1286 1699; x_wconf 78' lang='grc' dir='ltr'>Διηγήσαντο</span> <span class='ocrx_word' id='word_1_635' title='bbox 1303 1662 1368 1696; x_wconf 81' lang='grc' dir='ltr'><strong>περὶ</strong></span> <span class='ocrx_word' id='word_1_636' title='bbox 1384 1661 1430 1687; x_wconf 78' lang='grc' dir='ltr'>τοῦ</span> <span class='ocrx_word' id='word_1_637' title='bbox 1453 1661 1525 1687; x_wconf 73' lang='grc' dir='ltr'><strong>ἁὸΰᾶ.</strong></span> <span class='ocrx_word' id='word_1_638' title='bbox 1547 1661 1669 1687; x_wconf 82' lang='grc' dir='ltr'>Ἰωάννου</span> <span class='ocrx_word' id='word_1_639' title='bbox 1684 1660 1730 1686; x_wconf 84' lang='grc' dir='ltr'>τοῦ</span> <span class='ocrx_word' id='word_1_640' title='bbox 1743 1661 1818 1686; x_wconf 69' lang='grc' dir='ltr'>κολοι</span> 
     </span>
    </p>
   </div>
   <div class='ocr_carea' id='block_1_92' title="bbox 1030 1706 1817 1744">
    <p class='ocr_par' dir='ltr' id='par_1_92' title="bbox 1030 1706 1817 1744">
     <span class='ocr_line' id='line_1_92' title="bbox 1030 1706 1817 1744; baseline -0.008 -7"><span class='ocrx_word' id='word_1_641' title='bbox 1030 1710 1089 1740; x_wconf 65' lang='grc' dir='ltr'>δοῦ,</span> <span class='ocrx_word' id='word_1_642' title='bbox 1104 1711 1145 1736; x_wconf 79' lang='grc' dir='ltr'><strong>ὅτι</strong></span> <span class='ocrx_word' id='word_1_643' title='bbox 1157 1709 1335 1744; x_wconf 76' lang='grc' dir='ltr'>ἀναχωρήσας</span> <span class='ocrx_word' id='word_1_644' title='bbox 1351 1707 1416 1742; x_wconf 77' lang='grc' dir='ltr'>πρὸς</span> <span class='ocrx_word' id='word_1_645' title='bbox 1437 1706 1552 1741; x_wconf 71' lang='grc' dir='ltr'>Θηϐαῖον</span> <span class='ocrx_word' id='word_1_646' title='bbox 1567 1707 1682 1741; x_wconf 80' lang='grc' dir='ltr'>γέροντα</span> <span class='ocrx_word' id='word_1_647' title='bbox 1693 1707 1732 1737; x_wconf 85' lang='grc' dir='ltr'>είς</span> <span class='ocrx_word' id='word_1_648' title='bbox 1748 1707 1817 1740; x_wconf 61' lang='grc' dir='ltr'><strong>Σκῆ-</strong></span> 
     </span>
    </p>
   </div>
   <div class='ocr_carea' id='block_1_93' title="bbox 1029 1752 1816 1789">
    <p class='ocr_par' dir='ltr' id='par_1_93' title="bbox 1029 1752 1816 1789">
     <span class='ocr_line' id='line_1_93' title="bbox 1029 1752 1816 1789; baseline -0.006 -6"><span class='ocrx_word' id='word_1_649' title='bbox 1029 1767 1081 1789; x_wconf 83' lang='grc' dir='ltr'>τιν,</span> <span class='ocrx_word' id='word_1_650' title='bbox 1096 1756 1213 1789; x_wconf 75' lang='grc' dir='ltr'><strong>ἐκάθητο</strong></span> <span class='ocrx_word' id='word_1_651' title='bbox 1228 1756 1255 1781; x_wconf 82' lang='grc' dir='ltr'>ἑν</span> <span class='ocrx_word' id='word_1_652' title='bbox 1268 1756 1301 1789; x_wconf 86' lang='grc' dir='ltr'><strong>τῇ</strong></span> <span class='ocrx_word' id='word_1_653' title='bbox 1317 1755 1421 1789; x_wconf 82' lang='grc' dir='ltr'><strong>ἐρήμῳ.</strong></span> <span class='ocrx_word' id='word_1_654' title='bbox 1441 1753 1538 1780; x_wconf 75' lang='grc' dir='ltr'>Λαϐὼν</span> <span class='ocrx_word' id='word_1_655' title='bbox 1553 1753 1580 1779; x_wconf 80' lang='grc' dir='ltr'>δὲ</span> <span class='ocrx_word' id='word_1_656' title='bbox 1599 1754 1612 1778; x_wconf 82' lang='grc' dir='ltr'>ὁ</span> <span class='ocrx_word' id='word_1_657' title='bbox 1624 1753 1710 1783; x_wconf 75' lang='grc' dir='ltr'><strong>ἀϐὗᾶς</strong></span> <span class='ocrx_word' id='word_1_658' title='bbox 1734 1752 1816 1778; x_wconf 76' lang='grc' dir='ltr'>αὑτοῦ</span> 
     </span>
    </p>
   </div>
   <div class='ocr_carea' id='block_1_94' title="bbox 1031 1797 1817 1837">
    <p class='ocr_par' dir='ltr' id='par_1_94' title="bbox 1031 1797 1817 1837">
     <span class='ocr_line' id='line_1_94' title="bbox 1031 1797 1817 1837; baseline -0.009 -7"><span class='ocrx_word' id='word_1_659' title='bbox 1031 1804 1108 1836; x_wconf 81' lang='grc' dir='ltr'>ξύλον</span> <span class='ocrx_word' id='word_1_660' title='bbox 1121 1802 1211 1837; x_wconf 79' lang='grc' dir='ltr'><strong>ξηρὸν,</strong></span> <span class='ocrx_word' id='word_1_661' title='bbox 1224 1801 1354 1835; x_wconf 69' lang='grc' dir='ltr'>ἐφύτευσε</span> <span class='ocrx_word' id='word_1_662' title='bbox 1377 1800 1424 1826; x_wconf 68' lang='grc' dir='ltr'><strong>καὶ</strong></span> <span class='ocrx_word' id='word_1_663' title='bbox 1437 1797 1513 1825; x_wconf 78' lang='grc' dir='ltr'>εἶπεν</span> <span class='ocrx_word' id='word_1_664' title='bbox 1531 1798 1613 1833; x_wconf 68' lang='grc' dir='ltr'>αύτῷι</span> <span class='ocrx_word' id='word_1_665' title='bbox 1629 1798 1696 1825; x_wconf 80' lang='grc' dir='ltr'><strong>Καο’</strong></span> <span class='ocrx_word' id='word_1_666' title='bbox 1709 1798 1817 1833; x_wconf 77' lang='grc' dir='ltr'>ἡμέραν</span> 
     </span>
    </p>
   </div>
   <div class='ocr_carea' id='block_1_95' title="bbox 1031 1847 1814 1884">
    <p class='ocr_par' dir='ltr' id='par_1_95' title="bbox 1031 1847 1814 1884">
     <span class='ocr_line' id='line_1_95' title="bbox 1031 1847 1814 1884; baseline -0.009 -5"><span class='ocrx_word' id='word_1_667' title='bbox 1031 1851 1122 1884; x_wconf 73' lang='grc' dir='ltr'>πότιζε</span> <span class='ocrx_word' id='word_1_668' title='bbox 1143 1850 1221 1877; x_wconf 77' lang='grc' dir='ltr'>τοῦτο</span> <span class='ocrx_word' id='word_1_669' title='bbox 1234 1849 1360 1882; x_wconf 77' lang='grc' dir='ltr'>λαγύνιον</span> <span class='ocrx_word' id='word_1_670' title='bbox 1373 1848 1482 1879; x_wconf 78' lang='grc' dir='ltr'>ὕδατος,</span> <span class='ocrx_word' id='word_1_671' title='bbox 1495 1848 1547 1878; x_wconf 70' lang='grc' dir='ltr'><strong>ἕως</strong></span> <span class='ocrx_word' id='word_1_672' title='bbox 1572 1847 1674 1882; x_wconf 71' lang='grc' dir='ltr'>καρπὸν</span> <span class='ocrx_word' id='word_1_673' title='bbox 1698 1849 1814 1877; x_wconf 77' lang='grc' dir='ltr'>ποιήσει.</span> 
     </span>
    </p>
   </div>
   <div class='ocr_carea' id='block_1_96' title="bbox 1030 1891 1817 1931">
    <p class='ocr_par' dir='ltr' id='par_1_96' title="bbox 1030 1891 1817 1931">
     <span class='ocr_line' id='line_1_96' title="bbox 1030 1891 1817 1931; baseline -0.01 -8"><span class='ocrx_word' id='word_1_674' title='bbox 1030 1896 1083 1923; x_wconf 84' lang='grc' dir='ltr'>Ἦν</span> <span class='ocrx_word' id='word_1_675' title='bbox 1100 1897 1128 1922; x_wconf 77' lang='grc' dir='ltr'>δὲ</span> <span class='ocrx_word' id='word_1_676' title='bbox 1140 1895 1247 1931; x_wconf 73' lang='grc' dir='ltr'>μακρὰν</span> <span class='ocrx_word' id='word_1_677' title='bbox 1256 1894 1302 1920; x_wconf 72' lang='grc' dir='ltr'><strong>ἀπ’</strong></span> <span class='ocrx_word' id='word_1_678' title='bbox 1317 1893 1406 1919; x_wconf 75' lang='grc' dir='ltr'>αὐτῶν</span> <span class='ocrx_word' id='word_1_679' title='bbox 1419 1893 1448 1919; x_wconf 77' lang='grc' dir='ltr'>τὸ</span> <span class='ocrx_word' id='word_1_680' title='bbox 1467 1892 1548 1928; x_wconf 72' lang='grc' dir='ltr'>ὕδωρ,</span> <span class='ocrx_word' id='word_1_681' title='bbox 1560 1893 1596 1923; x_wconf 82' lang='grc' dir='ltr'><strong>ὡς</strong></span> <span class='ocrx_word' id='word_1_682' title='bbox 1612 1892 1664 1917; x_wconf 79' lang='grc' dir='ltr'><strong>ἀπὺ</strong></span> <span class='ocrx_word' id='word_1_683' title='bbox 1678 1891 1725 1925; x_wconf 60' lang='grc' dir='ltr'><strong>ὀψὲ</strong></span> <span class='ocrx_word' id='word_1_684' title='bbox 1738 1891 1817 1916; x_wconf 78' lang='grc' dir='ltr'>ἀπελ-</span> 
     </span>
    </p>
   </div>
   <div class='ocr_carea' id='block_1_97' title="bbox 1031 1935 1817 1973">
    <p class='ocr_par' dir='ltr' id='par_1_97' title="bbox 1031 1935 1817 1973">
     <span class='ocr_line' id='line_1_97' title="bbox 1031 1935 1817 1973; baseline -0.01 -5"><span class='ocrx_word' id='word_1_685' title='bbox 1031 1943 1086 1968; x_wconf 84' lang='grc' dir='ltr'>οεῖν</span> <span class='ocrx_word' id='word_1_686' title='bbox 1106 1941 1153 1967; x_wconf 75' lang='grc' dir='ltr'>καὶ</span> <span class='ocrx_word' id='word_1_687' title='bbox 1173 1939 1260 1966; x_wconf 78' lang='grc' dir='ltr'>ἐλθεῖν</span> <span class='ocrx_word' id='word_1_688' title='bbox 1283 1938 1364 1973; x_wconf 81' lang='grc' dir='ltr'>πρωΐ.</span> <span class='ocrx_word' id='word_1_689' title='bbox 1386 1937 1462 1964; x_wconf 77' lang='grc' dir='ltr'>Μετὰ</span> <span class='ocrx_word' id='word_1_690' title='bbox 1474 1937 1502 1963; x_wconf 82' lang='grc' dir='ltr'>δὲ</span> <span class='ocrx_word' id='word_1_691' title='bbox 1519 1936 1580 1971; x_wconf 79' lang='grc' dir='ltr'>τρία</span> <span class='ocrx_word' id='word_1_692' title='bbox 1601 1935 1749 1970; x_wconf 77' lang='grc' dir='ltr'><strong>ἕτη,ἒζησε</strong></span> <span class='ocrx_word' id='word_1_693' title='bbox 1770 1935 1817 1960; x_wconf 77' lang='grc' dir='ltr'>καὶ</span> 
     </span>
    </p>
   </div>
   <div class='ocr_carea' id='block_1_98' title="bbox 1031 1980 1817 2022">
    <p class='ocr_par' dir='ltr' id='par_1_98' title="bbox 1031 1980 1817 2022">
     <span class='ocr_line' id='line_1_98' title="bbox 1031 1980 1817 2022; baseline -0.01 -8"><span class='ocrx_word' id='word_1_694' title='bbox 1031 1987 1135 2022; x_wconf 79' lang='grc' dir='ltr'>καρπὸν</span> <span class='ocrx_word' id='word_1_695' title='bbox 1149 1986 1269 2020; x_wconf 77' lang='grc' dir='ltr'>ἐποίησε·</span> <span class='ocrx_word' id='word_1_696' title='bbox 1285 1985 1331 2011; x_wconf 84' lang='grc' dir='ltr'>καὶ</span> <span class='ocrx_word' id='word_1_697' title='bbox 1354 1983 1471 2018; x_wconf 69' lang='grc' dir='ltr'>λαϐὼνρ</span> <span class='ocrx_word' id='word_1_698' title='bbox 1488 1982 1575 2017; x_wconf 82' lang='grc' dir='ltr'>γέρων</span> <span class='ocrx_word' id='word_1_699' title='bbox 1586 1982 1631 2008; x_wconf 75' lang='grc' dir='ltr'>τὸν</span> <span class='ocrx_word' id='word_1_700' title='bbox 1644 1981 1747 2017; x_wconf 73' lang='grc' dir='ltr'>καρπὸν</span> <span class='ocrx_word' id='word_1_701' title='bbox 1770 1980 1817 2006; x_wconf 79' lang='grc' dir='ltr'><strong>αὺ-</strong></span> 
     </span>
    </p>
   </div>
   <div class='ocr_carea' id='block_1_99' title="bbox 1031 2027 1817 2068">
    <p class='ocr_par' dir='ltr' id='par_1_99' title="bbox 1031 2027 1817 2068">
     <span class='ocr_line' id='line_1_99' title="bbox 1031 2027 1817 2068; baseline -0.01 -8"><span class='ocrx_word' id='word_1_702' title='bbox 1031 2034 1088 2065; x_wconf 77' lang='grc' dir='ltr'>τοῦ,</span> <span class='ocrx_word' id='word_1_703' title='bbox 1111 2033 1224 2068; x_wconf 73' lang='grc' dir='ltr'>ἤνεγκεν</span> <span class='ocrx_word' id='word_1_704' title='bbox 1252 2033 1292 2062; x_wconf 78' lang='grc' dir='ltr'><strong>εἰς</strong></span> <span class='ocrx_word' id='word_1_705' title='bbox 1319 2031 1368 2066; x_wconf 79' lang='grc' dir='ltr'>τὴν</span> <span class='ocrx_word' id='word_1_706' title='bbox 1395 2029 1551 2064; x_wconf 80' lang='grc' dir='ltr'>ἐκκλησίαν,</span> <span class='ocrx_word' id='word_1_707' title='bbox 1571 2029 1655 2062; x_wconf 76' lang='grc' dir='ltr'>λέγων</span> <span class='ocrx_word' id='word_1_708' title='bbox 1671 2029 1726 2059; x_wconf 81' lang='grc' dir='ltr'>τοῖς</span> <span class='ocrx_word' id='word_1_709' title='bbox 1741 2027 1817 2053; x_wconf 80' lang='grc' dir='ltr'>ἀδελ-</span> 
     </span>
    </p>
   </div>
   <div class='ocr_carea' id='block_1_100' title="bbox 1032 2075 1603 2115">
    <p class='ocr_par' dir='ltr' id='par_1_100' title="bbox 1032 2075 1603 2115">
     <span class='ocr_line' id='line_1_100' title="bbox 1032 2075 1603 2115; baseline -0.012 -7"><span class='ocrx_word' id='word_1_710' title='bbox 1032 2082 1101 2115; x_wconf 82' lang='grc' dir='ltr'>φοῖς·</span> <span class='ocrx_word' id='word_1_711' title='bbox 1113 2079 1227 2110; x_wconf 79' lang='grc' dir='ltr'>Λάϐετε,</span> <span class='ocrx_word' id='word_1_712' title='bbox 1236 2079 1336 2112; x_wconf 80' lang='grc' dir='ltr'>φάγετε</span> <span class='ocrx_word' id='word_1_713' title='bbox 1351 2076 1455 2111; x_wconf 73' lang='grc' dir='ltr'>καρπὸν</span> <span class='ocrx_word' id='word_1_714' title='bbox 1471 2075 1603 2109; x_wconf 73' lang='grc' dir='ltr'>ὑπακοῆς.</span> 
     </span>
    </p>
   </div>
   <div class='ocr_carea' id='block_1_101' title="bbox 1070 2162 1815 2202">
    <p class='ocr_par' dir='ltr' id='par_1_101' title="bbox 1070 2162 1815 2202">
     <span class='ocr_line' id='line_1_101' title="bbox 1070 2162 1815 2202; baseline -0.008 -9"><span class='ocrx_word' id='word_1_715' title='bbox 1070 2167 1102 2202; x_wconf 80' lang='grc' dir='ltr'><strong>β’.</strong></span> <span class='ocrx_word' id='word_1_716' title='bbox 1119 2166 1231 2199; x_wconf 87' lang='grc' dir='ltr'>Ἔλεγον</span> <span class='ocrx_word' id='word_1_717' title='bbox 1257 2165 1324 2200; x_wconf 60' lang='grc' dir='ltr'>περὶ</span> <span class='ocrx_word' id='word_1_718' title='bbox 1337 2164 1384 2191; x_wconf 76' lang='grc' dir='ltr'>τοῦ</span> <span class='ocrx_word' id='word_1_719' title='bbox 1399 2164 1470 2191; x_wconf 72' lang='grc' dir='ltr'><strong>ἀϐὂᾶ</strong></span> <span class='ocrx_word' id='word_1_720' title='bbox 1489 2164 1611 2190; x_wconf 79' lang='grc' dir='ltr'>Ἰωάννου</span> <span class='ocrx_word' id='word_1_721' title='bbox 1633 2162 1678 2189; x_wconf 81' lang='grc' dir='ltr'>τοῦ</span> <span class='ocrx_word' id='word_1_722' title='bbox 1694 2162 1815 2193; x_wconf 72' lang='grc' dir='ltr'>κολοεοῦ,</span> 
     </span>
    </p>
   </div>
   <div class='ocr_carea' id='block_1_102' title="bbox 1032 2209 1818 2246">
    <p class='ocr_par' dir='ltr' id='par_1_102' title="bbox 1032 2209 1818 2246">
     <span class='ocr_line' id='line_1_102' title="bbox 1032 2209 1818 2246; baseline -0.006 -7"><span class='ocrx_word' id='word_1_723' title='bbox 1032 2213 1071 2239; x_wconf 82' lang='grc' dir='ltr'><strong>ὃτι</strong></span> <span class='ocrx_word' id='word_1_724' title='bbox 1091 2210 1151 2238; x_wconf 78' lang='grc' dir='ltr'><strong>εἷπέ</strong></span> <span class='ocrx_word' id='word_1_725' title='bbox 1162 2220 1226 2237; x_wconf 85' lang='grc' dir='ltr'>ποτε</span> <span class='ocrx_word' id='word_1_726' title='bbox 1239 2211 1278 2245; x_wconf 81' lang='grc' dir='ltr'>τῷ</span> <span class='ocrx_word' id='word_1_727' title='bbox 1292 2210 1399 2246; x_wconf 73' lang='grc' dir='ltr'>ἀδελφῷ</span> <span class='ocrx_word' id='word_1_728' title='bbox 1410 2209 1492 2237; x_wconf 72' lang='grc' dir='ltr'>αὑτοῦ</span> <span class='ocrx_word' id='word_1_729' title='bbox 1509 2209 1547 2244; x_wconf 80' lang='grc' dir='ltr'>τῷ</span> <span class='ocrx_word' id='word_1_730' title='bbox 1567 2209 1724 2244; x_wconf 76' lang='grc' dir='ltr'>μειζοτέρῳ·</span> <span class='ocrx_word' id='word_1_731' title='bbox 1740 2209 1818 2235; x_wconf 71' lang='lat' dir='ltr'><strong>&quot;illis-</strong></span> 
     </span>
    </p>
   </div>
   <div class='ocr_carea' id='block_1_103' title="bbox 1033 2254 1817 2293">
    <p class='ocr_par' dir='ltr' id='par_1_103' title="bbox 1033 2254 1817 2293">
     <span class='ocr_line' id='line_1_103' title="bbox 1033 2254 1817 2293; baseline -0.005 -9"><span class='ocrx_word' id='word_1_732' title='bbox 1033 2258 1077 2284; x_wconf 85' lang='grc' dir='ltr'><strong>λον</strong></span> <span class='ocrx_word' id='word_1_733' title='bbox 1088 2258 1238 2293; x_wconf 81' lang='grc' dir='ltr'>ἁμέριμνος</span> <span class='ocrx_word' id='word_1_734' title='bbox 1254 2255 1332 2287; x_wconf 73' lang='grc' dir='ltr'>εἶναι,</span> <span class='ocrx_word' id='word_1_735' title='bbox 1350 2256 1387 2288; x_wconf 83' lang='grc' dir='ltr'>ὡς</span> <span class='ocrx_word' id='word_1_736' title='bbox 1415 2257 1438 2282; x_wconf 77' lang='grc' dir='ltr'>οἱ</span> <span class='ocrx_word' id='word_1_737' title='bbox 1463 2255 1571 2289; x_wconf 79' lang='grc' dir='ltr'>ἄγγελοι</span> <span class='ocrx_word' id='word_1_738' title='bbox 1592 2254 1737 2289; x_wconf 81' lang='grc' dir='ltr'>ἁμέριμνοί</span> <span class='ocrx_word' id='word_1_739' title='bbox 1752 2255 1817 2284; x_wconf 67' lang='grc' dir='ltr'>εισι,</span> 
     </span>
    </p>
   </div>
   <div class='ocr_carea' id='block_1_104' title="bbox 1036 2299 1819 2339">
    <p class='ocr_par' dir='ltr' id='par_1_104' title="bbox 1036 2299 1819 2339">
     <span class='ocr_line' id='line_1_104' title="bbox 1036 2299 1819 2339; baseline -0.005 -10"><span class='ocrx_word' id='word_1_740' title='bbox 1036 2303 1117 2339; x_wconf 78' lang='grc' dir='ltr'>μηδὲν</span> <span class='ocrx_word' id='word_1_741' title='bbox 1134 2302 1321 2338; x_wconf 71' lang='grc' dir='ltr'>ἐργαζόμενοι,</span> <span class='ocrx_word' id='word_1_742' title='bbox 1331 2301 1388 2328; x_wconf 80' lang='grc' dir='ltr'>ἀλλ’</span> <span class='ocrx_word' id='word_1_743' title='bbox 1402 2300 1578 2331; x_wconf 78' lang='grc' dir='ltr'>ἀδιαλείπτως</span> <span class='ocrx_word' id='word_1_744' title='bbox 1589 2299 1761 2335; x_wconf 78' lang='grc' dir='ltr'>λατρεύοντες</span> <span class='ocrx_word' id='word_1_745' title='bbox 1779 2299 1819 2334; x_wconf 85' lang='grc' dir='ltr'>τῷ</span> 
     </span>
    </p>
   </div>
   <div class='ocr_carea' id='block_1_105' title="bbox 1033 2343 1817 2384">
    <p class='ocr_par' dir='ltr' id='par_1_105' title="bbox 1033 2343 1817 2384">
     <span class='ocr_line' id='line_1_105' title="bbox 1033 2343 1817 2384; baseline -0.008 -9"><span class='ocrx_word' id='word_1_746' title='bbox 1033 2349 1101 2384; x_wconf 81' lang='grc' dir='ltr'><strong>θεῷ.</strong></span> <span class='ocrx_word' id='word_1_747' title='bbox 1121 2349 1175 2375; x_wconf 73' lang='grc' dir='ltr'><strong>Καὶ</strong></span> <span class='ocrx_word' id='word_1_748' title='bbox 1190 2347 1393 2382; x_wconf 77' lang='grc' dir='ltr'>ἀποδυσάμενος</span> <span class='ocrx_word' id='word_1_749' title='bbox 1408 2346 1438 2372; x_wconf 81' lang='grc' dir='ltr'>τὸ</span> <span class='ocrx_word' id='word_1_750' title='bbox 1458 2346 1574 2381; x_wconf 83' lang='grc' dir='ltr'>ἱμάτιον,</span> <span class='ocrx_word' id='word_1_751' title='bbox 1594 2343 1703 2380; x_wconf 75' lang='grc' dir='ltr'>ἐξῆλθεν</span> <span class='ocrx_word' id='word_1_752' title='bbox 1719 2345 1758 2375; x_wconf 84' lang='grc' dir='ltr'><strong>είς</strong></span> <span class='ocrx_word' id='word_1_753' title='bbox 1769 2344 1817 2380; x_wconf 84' lang='grc' dir='ltr'>τὴν</span> 
     </span>
    </p>
   </div>
   <div class='ocr_carea' id='block_1_106' title="bbox 1034 2390 1818 2430">
    <p class='ocr_par' dir='ltr' id='par_1_106' title="bbox 1034 2390 1818 2430">
     <span class='ocr_line' id='line_1_106' title="bbox 1034 2390 1818 2430; baseline -0.005 -10"><span class='ocrx_word' id='word_1_754' title='bbox 1034 2394 1143 2430; x_wconf 73' lang='grc' dir='ltr'>ἐρημον⁴</span> <span class='ocrx_word' id='word_1_755' title='bbox 1163 2394 1209 2420; x_wconf 79' lang='grc' dir='ltr'>καὶ</span> <span class='ocrx_word' id='word_1_756' title='bbox 1224 2393 1340 2428; x_wconf 85' lang='grc' dir='ltr'>ποιήσας</span> <span class='ocrx_word' id='word_1_757' title='bbox 1359 2392 1492 2427; x_wconf 72' lang='grc' dir='ltr'>ἑϐδομάδα</span> <span class='ocrx_word' id='word_1_758' title='bbox 1510 2391 1573 2426; x_wconf 87' lang='grc' dir='ltr'>μίαν</span> <span class='ocrx_word' id='word_1_759' title='bbox 1597 2391 1661 2426; x_wconf 74' lang='grc'><strong>(86),</strong></span> <span class='ocrx_word' id='word_1_760' title='bbox 1677 2390 1818 2425; x_wconf 67' lang='grc' dir='ltr'>ἀνέκαμψε</span> 
     </span>
    </p>
   </div>
   <div class='ocr_carea' id='block_1_107' title="bbox 1035 2436 1817 2475">
    <p class='ocr_par' dir='ltr' id='par_1_107' title="bbox 1035 2436 1817 2475">
     <span class='ocr_line' id='line_1_107' title="bbox 1035 2436 1817 2475; baseline -0.005 -9"><span class='ocrx_word' id='word_1_761' title='bbox 1035 2440 1101 2475; x_wconf 81' lang='grc' dir='ltr'>πρὸς</span> <span class='ocrx_word' id='word_1_762' title='bbox 1116 2439 1160 2465; x_wconf 82' lang='grc' dir='ltr'>τὸν</span> <span class='ocrx_word' id='word_1_763' title='bbox 1175 2439 1286 2473; x_wconf 62' lang='grc' dir='ltr'>ἀδελφὺν</span> <span class='ocrx_word' id='word_1_764' title='bbox 1310 2438 1402 2465; x_wconf 76' lang='grc' dir='ltr'>αὐτοῦ.</span> <span class='ocrx_word' id='word_1_765' title='bbox 1416 2439 1469 2464; x_wconf 75' lang='grc' dir='ltr'><strong>Καὶ</strong></span> <span class='ocrx_word' id='word_1_766' title='bbox 1483 2437 1519 2469; x_wconf 83' lang='grc' dir='ltr'><strong>ὡς</strong></span> <span class='ocrx_word' id='word_1_767' title='bbox 1527 2437 1640 2472; x_wconf 77' lang='grc' dir='ltr'>ἔκρουσε</span> <span class='ocrx_word' id='word_1_768' title='bbox 1658 2437 1707 2471; x_wconf 79' lang='grc' dir='ltr'><strong>τὴν</strong></span> <span class='ocrx_word' id='word_1_769' title='bbox 1722 2436 1817 2471; x_wconf 84' lang='grc' dir='ltr'>θύραν,</span> 
     </span>
    </p>
   </div>
   <div class='ocr_carea' id='block_1_108' title="bbox 1034 2480 1815 2520">
    <p class='ocr_par' dir='ltr' id='par_1_108' title="bbox 1034 2480 1815 2520">
     <span class='ocr_line' id='line_1_108' title="bbox 1034 2480 1815 2520; baseline -0.005 -8"><span class='ocrx_word' id='word_1_770' title='bbox 1034 2486 1187 2520; x_wconf 76' lang='grc' dir='ltr'>ὑπήκουσεν</span> <span class='ocrx_word' id='word_1_771' title='bbox 1201 2484 1275 2519; x_wconf 81' lang='grc' dir='ltr'>αὐτῷ</span> <span class='ocrx_word' id='word_1_772' title='bbox 1290 2485 1354 2519; x_wconf 78' lang='grc' dir='ltr'>πρὶν</span> <span class='ocrx_word' id='word_1_773' title='bbox 1381 2483 1491 2515; x_wconf 80' lang='grc' dir='ltr'>ἀνοίξει,</span> <span class='ocrx_word' id='word_1_774' title='bbox 1508 2483 1602 2516; x_wconf 83' lang='grc' dir='ltr'>λέγων·</span> <span class='ocrx_word' id='word_1_775' title='bbox 1618 2483 1653 2509; x_wconf 82' lang='grc' dir='ltr'><strong>Σὺ</strong></span> <span class='ocrx_word' id='word_1_776' title='bbox 1667 2483 1708 2514; x_wconf 79' lang='grc' dir='ltr'>τίς</span> <span class='ocrx_word' id='word_1_777' title='bbox 1724 2480 1764 2513; x_wconf 86' lang='grc' dir='ltr'><strong>εἶ;</strong></span> <span class='ocrx_word' id='word_1_778' title='bbox 1786 2482 1815 2508; x_wconf 87' lang='grc' dir='ltr'><strong>Ὀ</strong></span> 
     </span>
    </p>
   </div>
   <div class='ocr_carea' id='block_1_109' title="bbox 1032 2529 1819 2566">
    <p class='ocr_par' dir='ltr' id='par_1_109' title="bbox 1032 2529 1819 2566">
     <span class='ocr_line' id='line_1_109' title="bbox 1032 2529 1819 2566; baseline -0.004 -9"><span class='ocrx_word' id='word_1_779' title='bbox 1032 2531 1059 2557; x_wconf 84' lang='grc' dir='ltr'>δὲ</span> <span class='ocrx_word' id='word_1_780' title='bbox 1072 2529 1156 2557; x_wconf 76' lang='grc' dir='ltr'>εἷπεψ</span> <span class='ocrx_word' id='word_1_781' title='bbox 1180 2531 1250 2565; x_wconf 80' lang='grc' dir='ltr'><strong>Ἐγώ</strong></span> <span class='ocrx_word' id='word_1_782' title='bbox 1260 2530 1449 2566; x_wconf 79' lang='grc' dir='ltr'>εἰμιΊωᾶννης</span> <span class='ocrx_word' id='word_1_783' title='bbox 1462 2531 1476 2556; x_wconf 80' lang='grc' dir='ltr'>ὁ</span> <span class='ocrx_word' id='word_1_784' title='bbox 1488 2530 1598 2564; x_wconf 77' lang='grc' dir='ltr'>ἁδελφός</span> <span class='ocrx_word' id='word_1_785' title='bbox 1612 2538 1666 2556; x_wconf 83' lang='grc' dir='ltr'>σου.</span> <span class='ocrx_word' id='word_1_786' title='bbox 1684 2529 1739 2556; x_wconf 74' lang='grc' dir='ltr'><strong>Καὶ</strong></span> <span class='ocrx_word' id='word_1_787' title='bbox 1752 2529 1819 2555; x_wconf 78' lang='grc' dir='ltr'><strong>ἀπο-</strong></span> 
     </span>
    </p>
   </div>
   <div class='ocr_carea' id='block_1_110' title="bbox 1145 2607 1498 2642">
    <p class='ocr_par' dir='ltr' id='par_1_110' title="bbox 1145 2607 1498 2642">
     <span class='ocr_line' id='line_1_110' title="bbox 1145 2607 1498 2642; baseline 0 -7"><span class='ocrx_word' id='word_1_788' title='bbox 1145 2610 1167 2624; x_wconf 82' lang='grc'>²¹</span> <span class='ocrx_word' id='word_1_789' title='bbox 1181 2609 1223 2635; x_wconf 88' lang='lat' dir='ltr'><strong>Al.</strong></span> <span class='ocrx_word' id='word_1_790' title='bbox 1237 2609 1318 2636; x_wconf 86' lang='lat' dir='ltr'><strong>inser.</strong></span> <span class='ocrx_word' id='word_1_791' title='bbox 1335 2609 1382 2634; x_wconf 74' lang='grc' dir='ltr'>καὶ</span> <span class='ocrx_word' id='word_1_792' title='bbox 1396 2607 1498 2642; x_wconf 72' lang='grc' dir='ltr'>ἔλεγον.</span> 
     </span>
    </p>
   </div>
   <div class='ocr_carea' id='block_1_111' title="bbox 1031 2662 1815 2697">
    <p class='ocr_par' dir='ltr' id='par_1_111' title="bbox 1031 2662 1815 2697">
     <span class='ocr_line' id='line_1_111' title="bbox 1031 2662 1815 2697; baseline -0.001 -9"><span class='ocrx_word' id='word_1_793' title='bbox 1031 2663 1099 2690; x_wconf 88' lang='lat' dir='ltr'><strong>Male</strong></span> <span class='ocrx_word' id='word_1_794' title='bbox 1120 2664 1146 2690; x_wconf 92' lang='lat' dir='ltr'><strong>iu</strong></span> <span class='ocrx_word' id='word_1_795' title='bbox 1172 2663 1312 2697; x_wconf 68' lang='lat' dir='ltr'><strong>[Ephrzemo</strong></span> <span class='ocrx_word' id='word_1_796' title='bbox 1334 2663 1468 2691; x_wconf 86' lang='lat' dir='ltr'><strong>Vossius:</strong></span> <span class='ocrx_word' id='word_1_797' title='bbox 1488 2664 1501 2688; x_wconf 81' lang='grc' dir='ltr'><strong>ὀ</strong></span> <span class='ocrx_word' id='word_1_798' title='bbox 1517 2663 1655 2693; x_wconf 73' lang='grc' dir='ltr'>Κολόϐιος,</span> <span class='ocrx_word' id='word_1_799' title='bbox 1675 2662 1815 2696; x_wconf 77' lang='lat' dir='ltr'><strong>Calabyta,</strong></span> 
     </span>
    </p>
   </div>
   <div class='ocr_carea' id='block_1_112' title="bbox 1029 2697 1818 2732">
    <p class='ocr_par' dir='ltr' id='par_1_112' title="bbox 1029 2697 1818 2732">
     <span class='ocr_line' id='line_1_112' title="bbox 1029 2697 1818 2732; baseline -0.001 -8"><span class='ocrx_word' id='word_1_800' title='bbox 1029 2697 1154 2732; x_wconf 82' lang='lat' dir='ltr'><strong>Calybita</strong></span> <span class='ocrx_word' id='word_1_801' title='bbox 1170 2699 1240 2724; x_wconf 69' lang='lat' dir='ltr'><strong>aliis.</strong></span> <span class='ocrx_word' id='word_1_802' title='bbox 1254 2699 1293 2725; x_wconf 77' lang='lat' dir='ltr'><strong>Ad</strong></span> <span class='ocrx_word' id='word_1_803' title='bbox 1310 2707 1389 2731; x_wconf 82' lang='lat' dir='ltr'><strong>quem</strong></span> <span class='ocrx_word' id='word_1_804' title='bbox 1411 2699 1498 2724; x_wconf 84' lang='lat' dir='ltr'><strong>locum</strong></span> <span class='ocrx_word' id='word_1_805' title='bbox 1518 2699 1574 2724; x_wconf 52' lang='lat' dir='ltr'><strong>vise</strong></span> <span class='ocrx_word' id='word_1_806' title='bbox 1594 2697 1650 2723; x_wconf 74' lang='lat' dir='ltr'><strong>Nili</strong></span> <span class='ocrx_word' id='word_1_807' title='bbox 1670 2697 1818 2724; x_wconf 59' lang='lat' dir='ltr'><strong>Ilossanem</strong></span> 
     </span>
    </p>
   </div>
   <div class='ocr_carea' id='block_1_113' title="bbox 1029 2733 1613 2768">
    <p class='ocr_par' dir='ltr' id='par_1_113' title="bbox 1029 2733 1613 2768">
     <span class='ocr_line' id='line_1_113' title="bbox 1029 2733 1613 2768; baseline 0.002 -9"><span class='ocrx_word' id='word_1_808' title='bbox 1029 2733 1066 2759; x_wconf 74' lang='lat' dir='ltr'><strong>sis</strong></span> <span class='ocrx_word' id='word_1_809' title='bbox 1081 2733 1174 2768; x_wconf 71' lang='lat' dir='ltr'><strong>Vitam</strong></span> <span class='ocrx_word' id='word_1_810' title='bbox 1187 2743 1200 2759; x_wconf 85' lang='lat' dir='ltr'><strong>a</strong></span> <span class='ocrx_word' id='word_1_811' title='bbox 1215 2733 1379 2768; x_wconf 83' lang='lat' dir='ltr'><strong>Caryophilo</strong></span> <span class='ocrx_word' id='word_1_812' title='bbox 1391 2733 1502 2766; x_wconf 87' lang='lat' dir='ltr'><strong>editam,</strong></span> <span class='ocrx_word' id='word_1_813' title='bbox 1521 2740 1547 2767; x_wconf 90' lang='lat' dir='ltr'><strong>p.</strong></span> <span class='ocrx_word' id='word_1_814' title='bbox 1571 2733 1613 2760; x_wconf 81' lang='lat'><strong>78.</strong></span> 
     </span>
    </p>
   </div>
   <div class='ocr_carea' id='block_1_114' title="bbox 1064 2767 1403 2800">
    <p class='ocr_par' dir='ltr' id='par_1_114' title="bbox 1064 2767 1403 2800">
     <span class='ocr_line' id='line_1_114' title="bbox 1064 2767 1403 2800; baseline 0.006 -7"><span class='ocrx_word' id='word_1_815' title='bbox 1064 2767 1120 2800; x_wconf 69' lang='grc'><strong>(84)</strong></span> <span class='ocrx_word' id='word_1_816' title='bbox 1143 2767 1196 2794; x_wconf 79' lang='lat' dir='ltr'><strong>Vit.</strong></span> <span class='ocrx_word' id='word_1_817' title='bbox 1214 2767 1290 2795; x_wconf 76' lang='lat' dir='ltr'><strong>Patr.</strong></span> <span class='ocrx_word' id='word_1_818' title='bbox 1308 2776 1362 2799; x_wconf 79' lang='lat' dir='ltr'><strong>xlv.</strong></span> <span class='ocrx_word' id='word_1_819' title='bbox 1377 2769 1403 2795; x_wconf 84' lang='grc'>5.</span> 
     </span>
    </p>
   </div>
   <div class='ocr_carea' id='block_1_115' title="bbox 1066 2801 1657 2835">
    <p class='ocr_par' dir='ltr' id='par_1_115' title="bbox 1066 2801 1657 2835">
     <span class='ocr_line' id='line_1_115' title="bbox 1066 2801 1657 2835; baseline -0.002 -7"><span class='ocrx_word' id='word_1_820' title='bbox 1066 2802 1121 2835; x_wconf 82' lang='lat'><strong>(85)</strong></span> <span class='ocrx_word' id='word_1_821' title='bbox 1146 2802 1199 2829; x_wconf 85' lang='lat' dir='ltr'><strong>Vit.</strong></span> <span class='ocrx_word' id='word_1_822' title='bbox 1220 2802 1297 2830; x_wconf 84' lang='lat' dir='ltr'><strong>Patr.</strong></span> <span class='ocrx_word' id='word_1_823' title='bbox 1316 2811 1343 2834; x_wconf 83' lang='lat' dir='ltr'><strong>x,</strong></span> <span class='ocrx_word' id='word_1_824' title='bbox 1356 2803 1410 2834; x_wconf 70' lang='lat'><strong>27;</strong></span> <span class='ocrx_word' id='word_1_825' title='bbox 1427 2802 1546 2829; x_wconf 80' lang='lat' dir='ltr'><strong>Fulbert.</strong></span> <span class='ocrx_word' id='word_1_826' title='bbox 1560 2801 1578 2828; x_wconf 74' lang='grc' dir='ltr'>ί.</span> <span class='ocrx_word' id='word_1_827' title='bbox 1596 2802 1657 2829; x_wconf 78' lang='grc'><strong>185.</strong></span> 
     </span>
    </p>
   </div>
   <div class='ocr_carea' id='block_1_116' title="bbox 1076 2836 1775 2871">
    <p class='ocr_par' dir='ltr' id='par_1_116' title="bbox 1076 2836 1775 2871">
     <span class='ocr_line' id='line_1_116' title="bbox 1076 2836 1775 2871; baseline 0.003 -8"><span class='ocrx_word' id='word_1_828' title='bbox 1076 2837 1121 2871; x_wconf 82' lang='lat'><strong>86)</strong></span> <span class='ocrx_word' id='word_1_829' title='bbox 1137 2837 1191 2863; x_wconf 80' lang='lat' dir='ltr'><strong>Kal</strong></span> <span class='ocrx_word' id='word_1_830' title='bbox 1206 2838 1336 2870; x_wconf 81' lang='grc' dir='ltr'>ποιήσας</span> <span class='ocrx_word' id='word_1_831' title='bbox 1350 2837 1497 2871; x_wconf 78' lang='grc' dir='ltr'>ἑϐδομάδα</span> <span class='ocrx_word' id='word_1_832' title='bbox 1510 2837 1593 2871; x_wconf 81' lang='grc' dir='ltr'>μίαν.</span> <span class='ocrx_word' id='word_1_833' title='bbox 1610 2836 1775 2865; x_wconf 86' lang='lat' dir='ltr'><strong>Fulbertus:</strong></span> 
     </span>
    </p>
   </div>
   <div class='ocr_carea' id='block_1_117' title="bbox 1086 2871 1812 2908">
    <p class='ocr_par' dir='ltr' id='par_1_117' title="bbox 1086 2871 1812 2908">
     <span class='ocr_line' id='line_1_117' title="bbox 1086 2871 1812 2908; baseline 0.003 -10"><span class='ocrx_word' id='word_1_834' title='bbox 1086 2877 1170 2907; x_wconf 85' lang='lat' dir='ltr'><strong>eptent</strong></span> <span class='ocrx_word' id='word_1_835' title='bbox 1184 2873 1238 2899; x_wconf 69' lang='lat' dir='ltr'><strong>dies</strong></span> <span class='ocrx_word' id='word_1_836' title='bbox 1248 2873 1381 2907; x_wconf 82' lang='lat' dir='ltr'><strong>gramineo</strong></span> <span class='ocrx_word' id='word_1_837' title='bbox 1394 2873 1439 2899; x_wconf 69' lang='lat' dir='ltr'><strong>nix</strong></span> <span class='ocrx_word' id='word_1_838' title='bbox 1452 2874 1481 2908; x_wconf 84' lang='grc' dir='ltr'><strong>(Ι.</strong></span> <span class='ocrx_word' id='word_1_839' title='bbox 1497 2872 1549 2906; x_wconf 66' lang='lat' dir='ltr'><strong>vix)</strong></span> <span class='ocrx_word' id='word_1_840' title='bbox 1557 2871 1601 2898; x_wconf 82' lang='lat' dir='ltr'><strong>ubi</strong></span> <span class='ocrx_word' id='word_1_841' title='bbox 1611 2871 1691 2900; x_wconf 82' lang='lat' dir='ltr'><strong>durat</strong></span> <span class='ocrx_word' id='word_1_842' title='bbox 1703 2872 1812 2907; x_wconf 79' lang='lat' dir='ltr'><strong>pabulo.</strong></span> 
     </span>
    </p>
   </div>
  </div>
