1970 3074
143 172 200 200 εοε

728 172 1032 202 APOPHTHEGMATA
1052 175 1205 202 PATRUM.

1717 173 1771 203 ΞΜ

144 228 250 262 κριθεὶς
262 225 338 254 εἶπεν
351 227 436 262 αὐτῷ’
458 228 585 263 Ἰωάννης
604 229 716 263 γέγονεν
731 231 856 265 ἄγγελος,
885 231 933 258 καὶ

993 232 1098 267 mgelus
1115 231 1206 260 factus
1220 237 1271 266 est,
1288 241 1338 261 nec
1354 234 1471 268 amplius
1494 233 1564 261 inter
1580 234 1704 262 homines
1722 236 1771 261 de-

144 277 195 301 οὑκ
206 274 284 300 ἕτιὲν
299 273 453 308 ἀνθρώποις
467 274 550 300 ἐστίν.
575 274 604 301 ’0
616 275 644 301 δὲ
657 277 817 311 παρεκάλει,
835 276 932 310 λέγων·

151 321 222 355 Ἐγώ
235 322 303 356 εἰμι,
317 321 372 347 Καὶ
386 321 436 346 οὐκ
451 321 554 355 ἤνοιξεν
566 321 650 356 αὐτῷ.
667 322 723 348 ἀλλ’
733 323 840 357 ἀφῆκεν
854 322 934 349 αὐτὸν

144 367 196 398 ἕως
211 366 283 402 πρωῒ
296 366 445 392 Θλίῦεσθαι·
464 366 575 402 ὕστερον
589 367 617 393 δὲ
633 369 742 401 ἀνοίξας
749 368 833 403 αὐτῷ,
849 369 933 402 λέγει·

146 413 304 448 ’Ἀνθρωπος
319 411 354 443 εἴ,
379 413 474 448 χρείαν
499 413 571 447 ἔχεις
595 414 676 440 πάλιν
699 414 862 450 ἐργάζεσθαι
891 415 935 441 ἴνα

143 461 261 494 τραᾳῇς.
280 459 334 486 Καὶ
353 459 430 485 ἔϐαλε
455 460 612 494 μετάνοιαν,
637 461 733 495 λέγων·
754 461 934 496 Συγχώρησὸν

147 512 204 538 μοι.

180 551 214 583 γ’.
230 546 313 575 Εἶπεν
325 549 339 574 ὁ
353 548 439 580 ἁϐϐἄς
459 549 586 584 Ἰωάννης
597 550 611 575 ὁ
630 549 751 581 κολοϐὸς,
771 550 811 576 ὅτι
827 549 873 576 ἐὰν
892 550 935 576 θε-

145 594 217 631 λήσῃ
242 593 368 629 βασιλεὺς
393 594 469 620 πόλιν
496 595 663 630 παραλαϐεῖν
685 595 799 631 ἐχθρῶν,
813 596 843 622 τὸ
863 595 935 631 ὕδωρ

146 640 253 676 πρῶτον
271 642 367 676 κρατεῖ
381 641 428 666 καὶ
441 640 490 675 τὴν
510 641 621 676 τροφὴν,
639 642 686 667 καὶ
701 641 786 673 οὕτως
799 643 823 668 οἱ
842 642 935 677 ὲχΟροὶ

145 688 177 713 ὲκ
193 686 239 713 τοῦ
251 686 330 722 λιμοῦ
344 686 524 727 ἀπολλῇμενοι
538 687 735 714 ὐποτάσσονται
748 688 830 723 αὐτῷ.
842 687 935 718 Οὖτως

145 733 193 760 καὶ
218 734 252 760 τὰ
266 733 340 767 παθη
364 734 412 768 τῆς
428 733 538 768 σαρκός·
565 733 612 759 ἐὰν
629 735 658 760 ὲν
671 734 782 768 νηστείᾳ
801 734 847 760 καὶ
863 733 935 768 λιμῷ

147 779 338 814 πολιτεὺσηται
359 779 511 814 ἄνθρωπος,
527 780 552 805 οἱ
568 779 661 815 ἐχθροὶ
677 780 866 813 ἐξασθενοῦσιν
882 780 935 806 ἀπὸ

145 826 194 860 τῆς
209 825 298 860 ψυχῆς
314 825 405 853 αὑτοῦ.

178 871 209 898 δ’.
227 870 294 898 Ehe
309 871 400 902 πάλιν,
416 872 456 905 ὅτι
475 872 489 897 ὁ
504 871 700 907 χορταζόμενος
720 872 766 898 καὶ
783 871 871 897 λαλῶν
886 880 933 906 με-

144 917 179 944 τὰ
193 918 311 950 παιδίου,
324 918 374 952 ἤδη
386 918 536 944 ὲπόονευσε
553 917 592 952 τῷ
603 917 725 953 λογισμῷ
734 918 792 953 μετ’
806 917 898 944 αὑτοῦ.

180 1010 210 1034 ε’.
228 1005 295 1033 Birt:
320 1005 411 1036 πάλιν,
431 1006 472 1032 ὅτι
496 1006 691 1041 Ἀνερχὸμενός
715 1015 780 1032 ποτε
802 1007 851 1042 τὴν
877 1006 936 1033 ὁδὸν

145 1054 195 1089 τῆς
209 1053 333 1088 Σκήτεως
351 1052 420 1088 μετὰ
441 1053 491 1086 τῆς
508 1053 615 1088 σειρᾶς,
631 1050 700 1079 εἶδον
723 1053 768 1078 τὸν
782 1052 935 1088 καμηλίτην

144 1099 287 1130 λαλοῦντα,
307 1100 353 1125 καὶ
368 1098 495 1125 κινοῦντα
513 1107 547 1133 με
562 1099 602 1130 εἰς
623 1098 719 1133 ὀργήν·
734 1099 781 1126 καὶ
796 1099 878 1130 ἐάσας
901 1098 935 1124 τὰ

145 1145 242 1181 σκεύη.
256 1145 366 1180 ἔφυγον.
575 1140 580 1146 ’

181 1195 218 1224 ς’.
237 1191 348 1218 Ἀλλοτε
369 1191 449 1217 πάλιν
467 1192 507 1222 εἰς
528 1191 558 1217 τὸ
579 1190 667 1226 θέρος,
685 1191 800 1225 ἧκουσεν
820 1189 935 1224 ἀδελφοῦ

144 1236 288 1268 λαλοῦντος
302 1236 339 1271 τῷ
357 1236 472 1273 πλησίον
490 1236 548 1270 μετ’
565 1236 660 1271 ὀργῆς,
679 1237 724 1262 καὶ
740 1236 874 1270 λέγοντος,
893 1233 934 1267 Δῖ,

145 1283 193 1310 καὶ
210 1282 257 1314 σύ;
273 1283 329 1309 Καὶ
345 1283 428 1312 ἐάσας
448 1282 493 1308 τὸν
510 1281 649 1316 θερισμὸν,
666 1281 775 1315 ἔφυγεν.

180 1328 213 1360 ζ’.
226 1327 401 1362 Εὑκαίρησάν
412 1335 484 1357 τινες
499 1326 626 1361 γέροντες
640 1327 680 1357 είς
693 1326 791 1360 Σκῆτιν
802 1325 936 1356 ἐσθίοντες

146 1373 204 1408 μετ’
216 1373 347 1408 αλλήλων·
362 1370 396 1407 ἦν
411 1372 438 1398 δὲ
453 1371 509 1406 μετ’
521 1371 610 1397 αὐτῶν
620 1372 666 1398 καὶ
679 1372 692 1396 ὁ
704 1371 791 1402 ἁὸὁᾱς
799 1371 934 1405 Ἰωάννης.

145 1421 201 1446 Καὶ
213 1420 311 1454 ἀνέστη
323 1427 364 1450 τις
381 1418 566 1456 πρεσῦύτερος
579 1418 665 1452 μέγας
681 1417 772 1444 δοῦναι
785 1417 815 1443 τὸ
833 1417 937 1444 καυκά-

145 1467 202 1493 λιον
213 1466 267 1499 (92)
279 1465 324 1492 τοῦ
342 1465 432 1500 νεροῦ·
450 1465 496 1491 καὶ
512 1465 599 1495 οὐδεὶς
616 1463 776 1496 κατεδέξατο
792 1463 938 1492 mamo-

146 1513 176 1539 τὸ
205 1512 269 1547 παρ’
289 1510 384 1542 αὑτοῦ,
416 1511 439 1536 εἰ
464 1510 501 1545 μὴ
530 1510 609 1544 μόνος
628 1509 752 1544 Ἰωάννης
776 1510 790 1536 ὁ
814 1510 937 1542 κολοϐός.

153 1557 328 1593 Ἐοαύμασαν
347 1555 405 1587 οὖν,
424 1557 471 1583 καὶ
488 1554 563 1582 εἷπον
582 1556 665 1591 αὐτῷ·
681 1556 741 1587 Πῶς
763 1556 794 1582 σὺ
813 1558 937 1592 μικρότε-
950 1575 972 1605 (η

210 1603 227 1605 ν.
293 1603 311 1605 λ.
330 1601 340 1605 _
395 1603 400 1605 μ
430 1601 444 1605 ..
568 1601 573 1605 .
690 1600 718 1605 Α-
848 1600 853 1605 ι
921 1600 932 1605 —
964 1594 972 1605 Α

964 1594 973 1605 l

148 1612 194 1640 ρος
208 1603 275 1634 ὅλως
291 1603 313 1617 ¹³
327 1601 375 1633 ὢν,
393 1601 544 1636 ἐτόλμησας
564 1600 768 1635 ὑπηρετηοῖψαι
786 1600 860 1635 παρὰ
887 1600 934 1627 τοῦ

147 1649 333 1686 πρεσϐυτέρου
343 1657 350 1680 ;
361 1648 416 1674 Καὶ
430 1647 504 1682 λέγει
519 1648 620 1678 αὐτοῖς·
645 1646 715 1680 Ἐγὼ
730 1647 774 1672 ὅτε
793 1647 934 1682 ἐγείρομαι

146 1696 237 1723 δοῦναι
248 1695 278 1721 τὸ
292 1694 447 1729 βαυκάλιον,
460 1693 547 1728 χαίρω
563 1693 610 1719 ἐὰν
630 1692 730 1724 πάντες
748 1692 876 1723 λάϐωσιν,
892 1693 935 1719 ἵνα

148 1741 202 1776 ἔχω
219 1740 321 1775 μισθόν·
334 1738 412 1772 κάγὼ
423 1736 468 1765 οὖν
482 1738 525 1764 διὰ
537 1737 614 1764 τοῦτο
627 1737 770 1773 ἐδεξάμην,
780 1738 824 1764 ἵνα
831 1739 935 1773 ποιήσω

149 1787 222 1823 αὐτῷ
236 1786 340 1822 μισθόν
363 1786 461 1821 μήπως
473 1784 592 1820 λυπηθῇ,
610 1784 647 1816 ὡς
662 1784 773 1819 μηδενὸς
789 1784 934 1819 δεξαμένου

149 1834 214 1868 παρ’
225 1831 319 1859 αὑτοῦ.
333 1832 389 1858 Καὶ
409 1830 495 1857 ταῦτα
511 1829 592 1856 αὐτοῦ
615 1830 748 1861 εἰπόντος,
765 1829 934 1865 ἐθαύμασαν,

149 1880 198 1906 καὶ
210 1878 391 1914 ὠφελήθησαν
410 1878 457 1903 ἐπὶ
470 1878 503 1912 τῇ
514 1877 648 1912 διακρίσει
659 1876 752 1903 αὑτοῦ.

183 1973 219 2005 η’.
233 1969 396 2004 Καθημένου
418 1967 500 1994 αὐτοῦ
525 1975 590 1994 ποτε
604 1967 757 2003 ἔμπροσθεν
775 1967 824 2001 τῆς
837 1966 935 2002 ἐκκλη-

151 2017 221 2048 σίας,
237 2015 393 2042 ἐκύκλωσαν
408 2014 489 2040 αὑτὸν
503 2014 526 2040 οἱ
539 2013 663 2047 ἀδελφοὶ,
678 2013 725 2039 καὶ
739 2012 869 2047 ἐξήταζον
885 2012 935 2039 αὑ-

150 2062 195 2089 τὸν
209 2062 272 2093 τοὺς
290 2061 437 2095 λογισμοὺς
459 2059 557 2086 αὐτῶν.
571 2060 626 2086 Καὶ
640 2059 701 2086 ἰδών
719 2067 761 2090 τις
775 2058 828 2085 τῶν
841 2058 935 2093 γερόν-

149 2117 215 2140 των,
232 2108 279 2134 καὶ
293 2106 457 2141 πολεμηθεὶς
472 2107 512 2137 εἰς
527 2105 632 2140 φθόνον,
648 2105 722 2139 λέγει
738 2104 820 2139 αὐτῷ’
831 2105 867 2131 Τὸ
876 2104 937 2140 βαυ-

150 2154 243 2182 ⁴λιάλιόν
261 2162 319 2185 σου,
341 2153 462 2187 Ἰωάννη,
475 2151 620 2187 φάρμακον
638 2151 661 2167 ²⁴
676 2151 767 2186 γέμει.
786 2151 869 2185 Λέγει
889 2151 937 2178 αὺ-

150 2200 213 2227 τῶὀ
225 2199 311 2231 ἀὸὒᾶς
332 2199 468 2233 Ἰωάννης·
489 2197 582 2229 Οὕτως
599 2197 683 2229 ἐστὶν,
701 2197 782 2223 ἀϐϐἄ·
801 2197 936 2224 καὶτοῦτο

152 2243 241 2277 εἶπας,
258 2246 299 2271 ὅτι
315 2244 350 2271 τὰ
374 2243 426 2275 ἔξω
442 2242 550 2278 βλέπεις
565 2242 654 2277 μόνον·
671 2243 696 2269 εἰ
711 2243 739 2269 δὲ
767 2242 880 2274 ἔϐλεπες
903 2242 936 2269 τὰ
953 2254 976 2282 ι)

152 2292 215 2322 ἔσω.
224 2292 249 2318 τι
261 2291 332 2326 εἶχες
342 2291 429 2316 εἰπεῖν
439 2298 446 2321 ;

187 2337 219 2363 θ’.
240 2337 352 2370 Ἔλεγον
371 2337 396 2362 οἱ
420 2334 551 2370 Πατέρες,
573 2333 613 2360 ὅτι
626 2333 769 2360 ἐσθιόντων
789 2334 854 2360 ποτὲ
885 2333 938 2359 τῶν

151 2379 272 2414 ἀδελφῶν
290 2381 318 2406 ὲν
336 2379 443 2414 ἀγάπῃ,
471 2378 600 2412 ἐγέλασεν
618 2375 658 2409 εἷς
684 2377 797 2412 ἀδελφὸς
820 2378 866 2404 ἐπὶ
889 2378 939 2414 τῆς

150 2425 300 2462 τραπέζης.
316 2425 371 2451 Καὶ
387 2423 449 2451 ἰδὼν
458 2424 540 2450 αὐτὸν
554 2424 568 2450 ὀ
582 2423 668 2456 ἀὸϐἇς
689 2424 826 2459 Ἰωάννης,
840 2423 938 2450 ἔκλαυ-

152 2480 194 2503 σε,
209 2471 304 2506 λέγων·
321 2471 353 2498 Τί
367 2471 422 2505 ἄρα.
435 2470 492 2505 ἔχει
504 2470 518 2496 ὁ
537 2469 649 2504 ἀδελφὸς
664 2465 741 2501 οὗτος
754 2471 783 2496 ὲν
793 2471 826 2505 τῇ
841 2469 939 2506 καρδίᾳ

187 2560 210 2575 ¹¹
224 2558 267 2586 AI.
283 2559 401 2586 πάντων.
419 2557 469 2584 An.
485 2557 568 2584 ὃλωνῗ
599 2557 622 2573 ’⁸
637 2556 668 2584 F.
679 2556 836 2592 φαρμάκου.

187 2635 244 2670 (87)
263 2634 406 2670 νῑικῖἀιν.
421 2642 458 2665 tv,
474 2634 516 2670 IS}.

187 2670 244 2705 (88)
260 2670 293 2696 In
310 2669 434 2705 Ephrazm
449 2669 555 2705 [11587.

188 2705 244 2740 (89)
263 2705 314 2731 Vit.
331 2704 408 2731 Patr.
424 2704 522 2740 ινηῖο.

189 2739 245 2774 (90⁷)
263 2740 378 2773 Append.
397 2747 424 2774 p.
441 2739 521 2774 1005,
536 2747 563 2766 n.
579 2739 622 2766 I5.

189 2775 244 2808 (91)
263 2774 316 2801 Vit.
336 2773 414 2801 Patr.
430 2783 456 2805 Χ,
472 2773 517 2800 28.

189 2810 244 2845 (92)
262 2809 299 2845 Τὸ
315 2809 492 2845 καυκᾴνῑιονῖ
511 2816 618 2845 cautas.
638 2807 764 2845 Historia
779 2807 937 2845 translatio-

153 2842 197 2872 nis
214 2842 244 2871 S.
258 2844 419 2875 Stremonii,
435 2844 461 2870 in
479 2844 556 2870 Actis
569 2843 730 2870 Sanctorum
747 2842 938 2870 Benedictino-

153 2886 213 2908 rum
229 2880 330 2908 saeculo
357 2885 399 2911 ut,
412 2886 439 2914 p.
456 2886 486 2913 u,
508 2886 533 2914 p.
553 2878 624 2906 192:
648 2877 697 2904 Ubi
723 2885 770 2913 pro
798 2877 940 2905 reverentia

985 277 1033 312 git.
1049 278 1082 304 At
1097 277 1142 305 ille
1154 279 1265 312 orabat,
1283 279 1426 314 proferens
1443 289 1450 306 τ
1470 279 1524 314 Ego
1543 287 1613 306 sum.
1630 279 1686 306 Nec
1707 288 1771 315 ape-

986 324 1056 356 ruit,
1077 324 1123 351 sed
1143 325 1253 359 reliquit
1282 333 1344 352 eum
1360 325 1393 352 ad
1410 330 1548 360 posterum
1569 333 1648 354 mane
1676 325 1772 353 confli-

986 370 1064 397 ctari.
1081 370 1178 398 Postea
1193 378 1258 397 vero
1272 371 1408 405 aperiens,
1418 371 1477 398 iniit
1492 382 1498 399 τ
1510 371 1596 399 Homo
1609 380 1650 402 es.
1661 379 1772 399 neCesse

986 420 1027 443 est
1041 420 1069 442 ut
1084 416 1181 443 iterum
1197 417 1328 451 opereris,
1344 416 1414 443 unde
1433 417 1489 444 alas
1505 422 1540 444 te.
1558 416 1650 452 Itaque
1666 417 1772 443 veniam

987 461 1099 495 supplex
1114 461 1200 496 petiit,
1215 461 1309 488 dicens
1324 471 1330 488 :
1347 461 1460 496 Ignosce
1478 461 1554 489 mihi.

1021 552 1048 578 5.
1066 551 1123 586 (87)
1141 551 1213 579 Dixit
1232 552 1317 580 abbas
1338 552 1456 581 Joannes
1472 553 1573 582 Curtus
1590 564 1597 582 :
1614 553 1641 581 Si
1658 553 1773 581 voluerit

987 596 1135 632 imperator
1151 600 1244 626 urbem
1267 599 1385 626 hostium
1403 607 1556 635 occupare.
1579 601 1655 636 prius
1675 608 1771 635 aquam

987 647 1013 670 et
1030 644 1157 671 alimenta
1181 645 1291 677 retinet.
1309 646 1403 680 sicque
1421 646 1523 673 inimici
1546 646 1615 674 fame
1628 650 1773 681 pereuntes

987 689 1169 723 Subjiciuntur
1184 691 1220 717 ei.
1245 691 1284 717 Ita
1306 698 1414 726 quoque
1435 691 1548 719 allectus
1571 692 1679 724 carnis;
1700 691 1723 718 si
1745 691 1772 718 in

984 735 1089 769 jejunio
1104 740 1130 763 et
1144 736 1213 763 fame
1233 737 1314 763 homo
1330 737 1436 769 vixerit,
1455 738 1558 765 inimici
1574 745 1637 774 erga
1651 738 1772 765 animam

987 782 1045 816 ejus
1060 782 1208 810 imbecilles
1223 784 1350 810 evadunt.

1023 871 1049 897 4.
1070 871 1126 902 (88)
1146 871 1217 898 Dixit
1236 871 1333 898 iterum
1350 881 1357 898 :
1375 872 1425 905 Qui
1445 877 1521 899 satur
1537 878 1593 905 est,
1611 878 1637 900 et
1651 872 1774 907 loquitur

951 908 972 935 Β
987 925 1048 943 cum
1074 926 1175 952 puero.
1198 918 1255 952 jam
1279 918 1445 953 cogitatione
1470 919 1621 946 fornicatus
1645 923 1686 946 est
1710 925 1774 946 cum

986 971 1057 999 ipso.

1022 1010 1048 1037 5.
1068 1009 1124 1044 (89)
1139 1009 1234 1035 Adhuc
1253 1008 1361 1035 retulit:
1376 1008 1533 1036 Ascendens
1549 1009 1695 1044 aliquando
1709 1017 1772 1036 cum

987 1056 1074 1091 pleeta
1092 1063 1140 1091 per
1159 1055 1229 1081 viam
1247 1054 1370 1085 Sceteos,
1390 1054 1488 1081 olTeudi
1509 1056 1700 1088 eamelarium,
1726 1056 1774 1090 qui

987 1109 1114 1129 sermone
1136 1108 1187 1128 suo
1208 1108 1252 1127 me
1272 1100 1306 1127 ad
1333 1100 1401 1126 iram
1425 1100 1614 1134 provocabat:
1632 1104 1659 1128 et
1678 1100 1773 1127 relicta

987 1147 1153 1182 supellectile
1169 1146 1235 1181 fugi.

1023 1192 1049 1218 6.
1070 1193 1126 1227 (90)
1145 1192 1205 1219 Alia
1226 1192 1294 1223 vice,
1311 1199 1373 1218 cum
1394 1196 1476 1219 :rstas
1494 1196 1576 1222 esset,
1599 1190 1702 1218 audivit
1720 1190 1774 1217 fra-

988 1241 1056 1265 trem
1079 1238 1233 1271 loquentem
1251 1245 1283 1263 ex
1305 1237 1345 1263 ira
1365 1236 1489 1271 proximo
1502 1244 1562 1268 suo,
1579 1244 1610 1263 ac
1623 1236 1772 1264 dicentem:

988 1281 1047 1314 Hei,
1065 1285 1094 1307 tu
1109 1281 1236 1316 quoque?
1252 1280 1284 1307 Et
1297 1281 1391 1307 relicta
1406 1288 1495 1308 messe
1511 1281 1588 1316 fugit.

1024 1327 1049 1352 7.
1068 1326 1124 1362 (9i)
1139 1326 1178 1353 Ex
1190 1326 1246 1353 otio
1259 1330 1392 1353 venerunt
1404 1326 1430 1353 in
1448 1326 1549 1354 Scetim
1561 1327 1671 1361 quidam
1683 1335 1773 1361 senes,

988 1378 1015 1400 et
1037 1373 1118 1400 simul
1140 1373 1232 1399 cibum
1259 1372 1420 1403 sumebant;
1444 1377 1501 1400 erat
1521 1377 1610 1399 autem
1633 1381 1695 1400 cum
1721 1374 1775 1401 illis

988 1420 1069 1446 etiam
1086 1419 1169 1446 abbas
1181 1417 1311 1446 Joannes.
1327 1418 1451 1445 Surrexit
1469 1426 1534 1453 ergo
1549 1418 1649 1454 aliquis
1670 1427 1775 1454 magna:

988 1464 1097 1491 virtutis
1107 1464 1258 1499 presbyter,
1269 1467 1298 1490 ut
1309 1471 1387 1498 aqua:
1400 1471 1513 1490 caucum
1526 1464 1618 1497 daret;
1636 1465 1683 1492 sed
1695 1473 1775 1492 nemo

988 1510 1074 1537 voluit
1097 1511 1130 1537 ab
1146 1518 1178 1538 eo
1198 1511 1335 1545 accipere.
1356 1511 1410 1537 nisi
1432 1510 1507 1538 solus
1520 1510 1639 1539 Joannes
1656 1511 1772 1540 Curtus.

989 1557 1074 1591 Igitur
1089 1556 1215 1583 admirati
1232 1561 1305 1588 sunt,
1322 1556 1502 1591 dixeruntque
1515 1557 1539 1584 ei
1555 1566 1561 1583 :
1579 1557 1722 1590 Quomodo
1745 1563 1774 1588 tu

989 1610 1051 1629 cum
1075 1603 1113 1630 sis
1137 1603 1259 1629 omnium
1278 1603 1419 1634 minimus,
1439 1611 1524 1630 ausus
1546 1611 1575 1631 es
1592 1603 1773 1632 ministerium

988 1646 1141 1682 presbyteri
1165 1646 1328 1674 admittere?
1345 1646 1390 1673 Ait
1405 1647 1458 1674 illis
1472 1657 1478 1673 :
1495 1646 1550 1682 Ego
1567 1649 1675 1682 quando
1691 1656 1775 1684 surgo

989 1691 1022 1718 ad
1037 1691 1156 1718 dandum
1175 1691 1304 1724 baucale,
1325 1692 1429 1728 gaudeo
1444 1692 1466 1720 si
1483 1693 1574 1720 cuncti
1597 1695 1773 1728 sumpserint,

990 1741 1020 1764 ut
1039 1737 1192 1765 mercedem
1211 1738 1333 1773 capiam;
1350 1742 1493 1773 propterea
1514 1745 1579 1773 ergo
1599 1738 1701 1773 accepi,
1719 1747 1776 1774 quo

989 1783 1014 1810 ei
1038 1783 1172 1810 mercedis
1190 1790 1272 1811 causa
1295 1784 1470 1816 exsisterem;
1495 1791 1529 1811 ne
1556 1784 1664 1812 tristitia
1687 1784 1775 1813 affice-

990 1833 1076 1861 retur,
1093 1829 1165 1864 quod
1180 1829 1272 1857 nullus
1287 1829 1321 1857 ab
1340 1829 1399 1864 ipso
1414 1830 1590 1864 suscepisset.
1605 1829 1709 1863 Quibus
1726 1837 1776 1866 per

990 1875 1066 1902 illum
1081 1874 1276 1910 pronuntiatis,
1288 1875 1380 1902 mirati
1397 1879 1472 1906 sunt,
1483 1882 1588 1902 necnon
1601 1875 1774 1910 profecerunt

989 1929 1021 1949 ex
1037 1921 1097 1956 ejus
1112 1921 1286 1948 discretione.

1025 1967 1052 1994 8.
1071 1967 1127 2002 (95)
1146 1966 1214 1994 Cum
1233 1967 1338 1994 sederet
1352 1966 1471 2001 quodam
1485 1967 1530 1995 die
1545 1972 1607 1994 ante
1618 1967 1772 2000 ecclesiam.

989 2011 1088 2040 fratres
1101 2013 1339 2041 circumdederunt
1351 2021 1425 2046 eum,
1441 2014 1673 2049 exquirebantque
1683 2013 1716 2041 de
1727 2021 1775 2041 co-

989 2058 1166 2092 gitationibus
1183 2059 1251 2086 suis.
1267 2058 1343 2091 Quod
1363 2066 1479 2087 cernens
1494 2067 1509 2086 e
1523 2060 1635 2087 senibus
1651 2059 1772 2094 quidam.

989 2103 1091 2131 invidia
1110 2105 1240 2139 agitatus,
1259 2105 1327 2132 dixit
1341 2105 1365 2133 ei
1381 2115 1387 2132 :
1402 2104 1518 2132 Baucale
1540 2109 1626 2138 tuum,
1643 2104 1771 2136 Joannes.

988 2157 1094 2177 veneno
1109 2151 1216 2184 plenum
1236 2154 1288 2178 est.
1308 2150 1457 2186 Respondit
1472 2150 1556 2178 abbas
1577 2150 1696 2178 Joannes
1712 2160 1718 2177 :
1735 2151 1773 2178 Ita

989 2195 1087 2227 habet,
1108 2195 1193 2227 abba;
1215 2200 1296 2231 atque
1312 2196 1352 2224 sic
1373 2196 1480 2223 locutus
1495 2204 1539 2229 es,
1563 2196 1690 2231 quoniam
1715 2196 1773 2223 sola

990 2241 1124 2267 exteriora
1135 2239 1288 2275 conspicis;
1303 2241 1324 2268 si
1337 2244 1426 2268 autem
1437 2241 1544 2268 videres
1556 2241 1695 2272 interiora,
1706 2241 1772 2276 quid

989 2286 1104 2313 haberes
1122 2286 1228 2321 eloqui?

1024 2331 1050 2358 9.
1068 2331 1123 2366 (94)
1143 2331 1295 2359 Narrahant
1318 2331 1427 2364 Patres.
1449 2332 1521 2367 quod
1544 2331 1772 2359 manducantihus

990 2377 1136 2412 aliquando
1158 2377 1289 2405 fratribus
1303 2378 1328 2404 in
1344 2385 1437 2412 agape,
1449 2385 1521 2405 unus
1533 2385 1564 2405 ex
1582 2378 1635 2404 illis
1650 2377 1682 2404 ad
1698 2385 1773 2404 men-

990 2430 1048 2450 sam
1066 2423 1136 2450 risit.
1157 2423 1241 2456 Quem
1263 2423 1377 2450 inluitus
1395 2423 1480 2451 abbas
1496 2422 1625 2455 Joannes,
1646 2423 1771 2458 ploravit,

990 2469 1111 2504 dixitque
1124 2479 1130 2497 :
1147 2469 1280 2502 Quidnam
1304 2470 1385 2497 corde
1398 2469 1468 2504 gerit
1484 2468 1567 2496 frater
1582 2468 1636 2502 hic,
1650 2468 1721 2504 quod
1736 2469 1773 2496 ri-

990 2631 1058 2659 beatz‘
1078 2631 1203 2666 martyris
1217 2631 1332 2665 plurima
1354 2631 1458 2666 reliquit
1472 2631 1596 2666 insignia.
1613 2632 1712 2659 scilicet
1727 2639 1772 2658 ta-

989 2669 1050 2694 clios
1068 2667 1247 2700 crystallinas.
1263 2671 1287 2693 et
1299 2667 1398 2700 lapides
1412 2667 1552 2700 pretiosos,
1565 2672 1590 2694 et
1609 2668 1669 2693 auri
1686 2666 1771 2700 pluri-

989 2710 1071 2731 mum.
1087 2702 1118 2728 de
1133 2709 1182 2737 quo
1194 2702 1266 2736 ﬁeret
1281 2710 1336 2737 an},
1352 2702 1378 2728 in
1397 2710 1447 2737 quo
1463 2709 1556 2736 corpus
1574 2702 1642 2729 beati
1660 2703 1770 2729 Austra-

989 2710 1071 2731 nmm.
1087 2710 1118 2728 ae
1133 2710 1182 2737 quo
1194 2710 1266 2736 pem
1281 2710 1336 2733 vas,
1352 2710 1378 2728 m
1397 2710 1447 2763 quo
1463 2710 1556 2736 corpus
1574 2710 1642 2729 neau
1660 2710 1770 2729 austra-

989 2737 1071 2764 manii
1094 2736 1285 2764 reconderetur.
1301 2736 1382 2764 Forte
1415 2745 1456 2773 eg.
1472 2745 1577 2770 caucos,
1594 2745 1692 2765 nomen
1711 2745 1772 2772 per-

988 2773 1138 2805 vulgatum.

1025 2807 1080 2842 (95)
1102 2807 1156 2842 Yit.
1173 2806 1250 2842 Patr.
1266 2807 1366 2842 “1.73.

1026 2840 1081 2878 (94)
1102 2840 1154 2868 Vit.
1171 2841 1247 2869 Patr.
1266 2850 1306 2873 ut,
1318 2841 1345 2870 6.
