1970 3074
160 187 212 214 107

745 181 917 209 APPENDIX
937 180 983 208 Αυ
1003 178 1214 207 PALLADIUM.

1745 174 1799 201 203

162 247 243 278 serit.
260 253 321 272 cum
345 245 436 280 potius
455 243 594 272 debuisset
616 242 689 274 ﬂere.
708 242 755 277 qui
778 248 880 277 agapen
905 247 952 267 co-

1024 237 1095 265 ὺτοῦ,
1123 238 1164 264 ὅτι
1188 236 1326 270 ἐγέλασεν,
1350 235 1465 270 ὀφείλων
1489 234 1590 270 μᾶλλον
1614 231 1740 263 κλαῦσαι,
1759 234 1800 261 ὃτι

161 294 253 322 medat
267 293 279 319 τ

201 340 242 367 10.
262 339 317 376 (95)
335 337 450 372 Quidam
472 345 486 364 e
504 336 635 364 fratribus
653 339 786 363 venerunt
810 333 956 369 aliquando

164 391 194 414 ut
210 390 346 415 tentarent
360 393 440 418 eum;
455 383 675 420 quandoquidem
692 390 746 409 non
761 381 865 408 sinebat
881 388 954 407 men-

161 439 220 461 tem
237 440 315 460 suam
329 431 447 467 evagari,
464 438 513 457 nec
527 429 560 457 de
576 430 631 455 ullo
643 427 735 455 stet-uli
752 426 834 461 hujus
848 425 956 460 negotio

165 478 342 514 loquebatur;
361 481 388 504 et
403 476 478 503 aiunt
493 475 517 501 ei
533 485 538 501 :
553 474 659 501 Gratias
676 473 780 507 agimus
797 471 862 503 Deo,
883 470 955 506 quod

167 526 219 553 hoc
234 532 304 552 anno
320 523 419 559 plucrit
437 522 564 552 multum,
581 524 607 547 et
623 519 718 553 palmae
736 517 877 552 adaquatre
890 516 955 549 sint,

166 573 347 606 emittantque
367 569 499 604 germina.
519 573 600 602 atque
622 564 756 592 inventuri
779 564 834 590 sint
859 563 957 590 fratres

167 624 221 652 quo
244 624 293 652 pro
314 622 388 642 more
414 613 539 640 manibus
562 615 718 646 operentur.
743 607 892 643 Respondit
917 608 957 635 eis

167 663 251 691 abbas
269 661 389 689 Joannes
405 670 411 687 ι
433 659 471 686 [ta
494 664 536 686 est
552 657 669 692 Spiritus
692 661 803 682 sanctus
821 663 827 681 :
849 653 958 688 quando

168 708 338 738 descenderit
353 708 379 734 in
396 706 477 734 corda
492 705 643 735 hominum,
663 707 841 733 renovantur,
859 705 886 728 et
899 708 958 735 ger-

169 756 240 783 mina
260 754 400 790 prol‘erunt
418 754 445 779 in
463 753 561 778 timore
576 749 633 777 Dei.

206 802 249 829 11.
269 801 323 836 (96)
345 799 381 827 De
394 806 427 826 eo
443 797 579 828 dicebant,
598 795 669 831 quod
685 795 801 822 texucrit
812 793 959 829 aliquando

169 848 285 883 plectam
300 846 415 873 duarum
433 846 601 878 sportarum,
620 848 736 875 eamque
757 848 809 867 una
825 840 851 866 in
866 843 959 874 sporta

169 893 337 922 conﬁcienda
354 891 570 925 consumpserit,
589 897 638 916 nec
660 889 807 916 adverterit
830 893 958 917 mentem,

1006 285 1117 319 ἀγάπην
1132 283 1215 310 ἐσθίει
1226 292 1234 317 ;

1043 333 1069 357 t’.
1082 328 1185 356 Ἧλθόν
1197 328 1262 355 ποτέ
1275 337 1347 359 τινες
1364 327 1417 354 τῶν
1437 327 1558 362 ἀδελφῶν
1567 326 1695 362 πειράσαι
1708 325 1799 352 αὐτόν·

1006 377 1047 404 ὅτι
1062 377 1112 403 οὐκ
1129 376 1192 411 ἣψιε
1207 375 1252 401 τὸν
1268 374 1397 409 λογισμὸν
1418 374 1499 400 αὐτοῦ
1517 373 1716 409 ῥεμϐασθῆναι,
1741 372 1803 398 οὐδὲ

1007 423 1096 450 ὲλάλει
1105 423 1221 458 πρᾶγμα
1231 421 1278 447 τοῦ
1293 421 1389 452 αἰῶνος
1402 420 1507 446 τούτου·
1516 420 1563 446 καὶ
1580 419 1703 453 λέγουσιν
1716 419 1800 452 αὐτῷ·

1008 468 1232 504 Εὑχαριστοῦμεν
1248 467 1286 503 τῷ
1303 467 1373 502 Θεῷ,
1386 467 1426 493 ὅτι
1446 466 1555 502 ἔϐρεξεν
1573 466 1616 492 ἐπ’
1634 466 1691 497 ἔτος
1705 465 1802 498 πολλὰ,

1008 517 1055 542 καὶ
1070 515 1146 541 ἔπιον
1165 516 1189 540 οἱ
1206 514 1336 549 φοίνικες,
1353 514 1398 539 καὶ
1413 513 1574 539 ἐκϐάλλουσι
1597 512 1740 542 λευκάὸας,
1757 512 1804 538 καὶ

1008 562 1180 597 εὑρίσκουσιν
1206 561 1231 586 ot
1256 560 1365 594 ἀδελφοὶ
1388 560 1418 586 τὸ
1432 559 1588 595 ἐργόλειρον
1606 559 1704 585 αὐτῶν.
1723 558 1804 591 Λέγει

1009 607 1100 638 αὐτοῖς
1115 607 1128 632 ὁ
1153 606 1241 637 ἁὸϐᾶς
1261 605 1396 641 Ἰωάννης·
1412 605 1505 637 Οὕτως
1520 605 1578 630 ἐστὶ
1594 604 1623 630 τὸ
1650 603 1760 638 Πνεῦμα
1774 602 1805 629 τὸ

1009 653 1095 687 ἅγιον
1110 654 1173 679 ὅταν
1187 652 1294 688 καταϐῇ
1310 652 1350 683 εἰς
1363 652 1411 683 τὰς
1422 651 1535 686 καρδίας
1547 651 1601 676 τῶν
1611 647 1805 685 ἁνθρώπωνπ,

1010 699 1193 730 ἀνανεοῦνται,
1213 698 1260 725 καὶ
1271 698 1432 725 ἐκϐάλλουσι
1443 698 1574 729 λευκάδας
1583 698 1611 723 ὲν
1622 697 1659 732 τῷ
1672 695 1745 730 φόϐῳ
1757 693 1805 721 τιῦ

1009 745 1085 772 Θεοῦ.

1046 796 1091 819 ια’.
1107 792 1222 826 Ἔλεγον
1246 792 1310 827 περὶ
1327 791 1422 823 αὐτοῦ,
1440 792 1480 817 ὅτι
1507 791 1601 824 ἔπλεξε
1620 801 1684 818 ποτε
1711 793 1806 829 σειρὰν

1010 839 1056 865 δύο
1070 838 1218 873 σπυρίδων,
1233 837 1279 864 καὶ
1300 838 1418 873 ἔρραᾠεν
1440 837 1524 873 αὐτὴν
1541 838 1605 873 μίαν
1615 839 1742 873 σπυρίδα,
1758 840 1806 866 καὶ

1010 885 1060 911 οὐκ
1074 885 1197 919 ἐνόησεν,
1216 884 1268 916 ἓως
1282 885 1452 920 προσήγγισε
1477 883 1516 919 τῷ
1532 883 1624 920 τοίχῳ.
1642 882 1696 910 Ἦν
1710 885 1762 921 γὰρ
1791 886 1807 912 ὸ

135 947 148 962 ι·
171 941 258 969 donec
275 938 371 975 parieti
389 937 644 973 appropinquasset.
659 935 724 969 Ejus
736 934 836 970 quippe
846 935 959 961 animus

1021 930 1140 966 ,ογισμὸς
1149 930 1231 957 αὑτοῦ
1245 930 1382 965 σχολάζων
1398 932 1430 966 τῇ
1447 930 1570 967 θεωρίᾳ.,

171 987 285 1014 vacabat
299 983 533 1019 contemplationi.

207 1033 251 1060 12.
267 1032 323 1067 (97)
342 1031 415 1058 Dixit
431 1031 515 1058 abbas
531 1028 651 1056 Joannes
668 1038 674 1055 :
694 1027 799 1055 Similis
823 1035 883 1055 sum
908 1027 958 1053 lio-

173 1080 238 1107 mini
255 1078 361 1107 sedenti
378 1077 429 1104 sub
447 1083 543 1111 magna
560 1075 669 1105 arbore.
688 1082 719 1101 ac
737 1074 869 1109 spectanti
890 1073 961 1100 feras

174 1126 274 1153 multas
291 1127 318 1151 et
330 1126 472 1158 serpentes
493 1121 633 1148 venientes
647 1120 679 1147 ad
696 1127 743 1151 se;
759 1119 805 1154 qui
826 1125 899 1146 stare
914 1119 962 1145 ad-

174 1178 271 1198 versus
286 1177 347 1197 cum
366 1168 535 1204 nequiverit,
553 1167 698 1194 confestim
719 1166 842 1194 ascendit
865 1165 892 1192 in
915 1172 961 1191 ar-

174 1217 278 1248 borem,
297 1223 328 1242 ac
348 1219 482 1243 servatur.
501 1213 538 1240 lla
559 1212 639 1240 etiam
662 1219 730 1247 ego;
747 1211 829 1238 sedeo
850 1210 876 1237 in
894 1211 962 1237 cella

175 1269 252 1294 mea;
278 1259 420 1295 conspicio
443 1258 527 1285 malas
552 1257 733 1292 cogitationes
760 1256 894 1282 adversus
921 1262 964 1282 me

175 1305 367 1339 insurgentes;
397 1310 515 1337 cumque
547 1309 602 1328 non
632 1300 741 1327 valuero
768 1304 863 1326 contra
891 1299 964 1330 illas,

176 1350 210 1377 ad
235 1349 318 1376 Deum
340 1356 387 1384 per
409 1355 504 1383 preces
528 1346 666 1381 confugio,
690 1346 783 1380 sicque
803 1345 838 1372 ab
853 1344 965 1371 inimico

176 1395 287 1430 eripior.

213 1441 257 1468 15.
275 1439 330 1476 (98)
349 1439 449 1467 Retulit
471 1439 556 1467 abbas
572 1438 682 1466 Pmmen
697 1438 730 1466 de
751 1438 849 1465 abbate
861 1437 966 1464 Joanne

178 1487 290 1520 Colobo,
304 1487 377 1523 quod
392 1487 481 1514 oravit
502 1486 597 1518 Deum,
614 1491 641 1513 ct
665 1486 766 1514 sublati
791 1486 825 1513 ab
848 1494 881 1513 eo
903 1490 967 1514 sunt

179 1533 302 1566 affectus,
313 1532 470 1566 exstititque
485 1531 544 1559 sine
559 1531 752 1559 sollicitudine.
763 1531 832 1558 Tum
851 1531 917 1558 abiit
933 1531 967 1558 ad

179 1579 323 1616 quemdam
339 1586 443 1610 senem,
470 1578 514 1605 cui
528 1578 597 1604 di.\it
613 1586 619 1604 :
634 1576 718 1604 Video
734 1585 777 1604 me
791 1578 924 1612 quietura,
940 1581 966 1604 et

179 1625 254 1652 omni
275 1624 477 1658 impugnatione
492 1630 617 1650 vacuum.
638 1621 725 1649 Senex
744 1626 834 1648 autem
851 1622 896 1661 ait
907 1622 944 1649 illi
959 1631 965 1649 :
982 1621 1002 1636 "

181 1669 265 1702 Vade,
280 1676 344 1704 roga
355 1668 450 1701 Deum,
466 1673 495 1695 ut
510 1668 558 1694 tibi
572 1675 660 1702 pugna
678 1668 828 1702 contingat,
842 1671 869 1694 et
883 1675 965 1702 quam

181 1715 257 1752 prius
277 1714 424 1745 sentiebas.
445 1713 585 1741 tribulatio
608 1717 689 1748 atque
712 1713 875 1740 humiliatio.
898 1711 965 1739 Nam

182 1770 230 1798 per
254 1761 414 1793 certamina,
438 1760 527 1787 anima
550 1760 666 1796 proiicit.
691 1760 729 1786 ita
750 1767 816 1795 ergo
841 1764 967 1795 precatus

181 1810 233 1834 est.
250 1806 280 1832 Et
300 1806 440 1833 aceidente
453 1805 558 1840 proelio,
574 1812 627 1831 non
644 1805 761 1839 amplius
785 1805 889 1838 rogavit
909 1803 934 1830 id
953 1810 967 1830 a

184 1861 214 1881 se
237 1852 356 1886 auferri;
377 1851 426 1879 sed
452 1852 538 1878 dixit:
558 1850 680 1883 Domine,
703 1851 737 1877 da
759 1850 825 1878 mihi
846 1852 870 1877 in
891 1850 969 1877 bellis

182 1899 365 1928 tolerantiam.

219 1945 262 1972 1L.
276 1944 331 1980 (99)
348 1943 406 1970 Hoc
419 1943 552 1970 relatione
563 1942 668 1969 abbatis
678 1941 792 1970 Joannis
802 1943 966 1970 didicimus:

184 1990 206 2019 E
226 1990 337 2019 senibus
357 1989 455 2025 aliquis
475 1988 607 2016 visionem
630 1988 725 2015 habuit
748 1988 776 2015 in
797 1989 900 2016 exstasi
920 1996 971 2016 seu

185 2036 285 2064 mentis
302 2043 418 2063 excessu
434 2044 441 2061 :
458 2035 528 2062 Ecce
540 2038 594 2061 tres
608 2034 733 2061 monachi
747 2038 882 2061 steterunt
893 2039 970 2062 trans

184 2090 275 2116 mare;
293 2082 420 2117 vertitque
435 2082 469 2109 ad
486 2089 533 2109 eos
547 2089 580 2108 ex
597 2080 712 2108 adverso
724 2081 815 2108 littore
827 2089 879 2107 vox
895 2081 970 2115 ejus-

187 2128 260 2156 modi
278 2137 284 2155 :
300 2127 405 2155 Sumite
419 2128 475 2155 alas
486 2127 568 2162 ignis,
584 2130 610 2154 et
625 2126 744 2154 accedite
756 2127 790 2153 ad
801 2134 853 2154 me.
868 2127 906 2154 Ac
917 2127 971 2154 duo

186 2174 294 2209 quidem
317 2182 350 2201 ex
373 2174 426 2201 illis
444 2177 622 2208 acceperunt,
640 2177 721 2208 atque
746 2173 779 2199 ad
799 2173 873 2200 aliud
896 2173 974 2200 littus

184 2219 302 2248 volando
326 2224 524 2255 pervenerunt;
543 2219 639 2247 tertius
659 2227 724 2247 vero
748 2220 864 2252 mansit;
888 2219 970 2247 vehe-

186 2271 347 2302 menterque
355 2266 448 2298 ﬂebat,
462 2270 489 2293 et
508 2266 656 2293 clamabat.
673 2265 770 2293 Postea
790 2270 880 2294 autem
900 2266 971 2293 datae
986 2282 1009 2311 υ

186 2313 268 2341 etiam
280 2313 331 2348 ipsi
346 2316 410 2340 sunt
423 2312 482 2344 alae,
495 2320 549 2339 non
566 2312 673 2347 quidem
687 2312 781 2347 igneae,
793 2312 841 2348 sed
857 2312 971 2340 inﬁrmze

187 2367 219 2388 ac
240 2359 363 2387 debiles:
378 2359 446 2386 adeo
470 2363 500 2386 ut
520 2358 657 2387 interdum
680 2358 832 2391 demersus,
856 2358 919 2386 dein
936 2367 969 2386 ex

187 2404 266 2440 aquis
285 2412 444 2440 emergens,
462 2411 524 2431 cum
546 2404 638 2432 labore
658 2408 685 2431 et
705 2403 864 2432 diiﬁcultato
883 2405 969 2432 multa

187 2450 411 2478 transfretaverit.
434 2450 497 2477 Pari
512 2450 592 2478 modo
608 2455 674 2478 tetas
689 2451 759 2483 haec;
774 2451 900 2486 quamvis
912 2451 970 2478 alas

187 2498 314 2533 accipiat,
324 2505 379 2525 non
393 2501 484 2525 tamen
497 2499 607 2533 igneas;
620 2497 668 2525 sed
679 2497 801 2525 infirmas
813 2497 970 2532 debilesque

186 2544 231 2571 vix
247 2544 354 2579 accipit.

222 2589 265 2616 15.
274 2577 594 2625 (liFraterinterrogavit
603 2590 727 2618 abbatem
735 2589 866 2618 Joannem
880 2599 886 2618 :
896 2577 970 2624 Quo-

186 2635 268 2663 modo
281 2635 371 2663 anima
388 2643 448 2664 mea
466 2636 624 2664 vulneribus
641 2635 747 2669 atIecta,
764 2644 818 2663 non
835 2637 973 2664 erubescit

187 2682 297 2717 obloqui
316 2682 350 2711 de
361 2683 504 2718 proximo?
520 2682 590 2710 Dicit
604 2683 629 2710 ei
645 2690 728 2711 senex
744 2682 913 2717 parabolam,
925 2682 972 2709 de-

223 2762 247 2778 "
258 2761 301 2789 Al.
316 2762 410 2796 ἁγίων.
448 2761 471 2778 ’⁸
483 2761 526 2789 Al.
545 2761 655 2797 μέρους.

234 2817 279 2850 95)
298 2817 353 2845 Vit.
372 2817 446 2845 Patr.
458 2827 497 2850 XI,
514 2818 558 2846 15.

234 2825 279 2887 νο)
301 2825 353 2859 γει.
372 2825 446 2845 r'atr.
458 2827 497 2850 xu,
514 2825 558 2846 1'0.

234 2853 267 2880 96
299 2853 350 2880 VII.
370 2853 447 2880 Patr.
467 2861 506 2885 χι,
524 2853 565 2880 14.

234 2888 280 2923 97)
298 2887 351 2917 Vit.
369 2888 446 2916 Patr.
461 2896 501 2920 In,
518 2888 580 2916 208.

223 2919 278 2956 (98)
301 2923 354 2951 Vit.
368 2923 444 2952 Patr.
461 2919 509 2956 vn,
519 2925 552 2956 8;
566 2924 597 2951 L.
612 2923 725 2951 Climac.
741 2919 825 2948 Grad.
835 2919 870 2947 29
885 2919 970 2947 etDo-

1048 1019 1092 1055 ιβ’.
1110 1017 1194 1046 Εἶπεν
1214 1021 1228 1046 6
1244 1019 1332 1050 άϐϐᾶς
1353 1019 1489 1055 Ἰωάννης,
1501 1020 1541 1046 ὅτι
1560 1020 1672 1055 ’Ὁμοιός
1691 1022 1748 1056 είμι
1762 1023 1807 1048 άν-

1012 1065 1113 1101 Θρώτιῳ
1120 1065 1268 1100 καθημένῳ
1283 1065 1412 1091 ὑποκάτω
1423 1064 1529 1100 δένδρου
1546 1065 1675 1100 μεγάλου,
1688 1068 1735 1093 καὶ
1745 1067 1808 1093 θεω-

1013 1111 1104 1147 ροῦντι
1120 1111 1201 1146 θηρία
1210 1111 1295 1137 πολλὰ
1310 1111 1357 1137 καὶ
1372 1111 1475 1146 ἑρπετὰ
1489 1111 1622 1147 ἐρχόμενα
1636 1112 1702 1148 πρὸς
1714 1113 1805 1139 αὐτόν’

1013 1159 1060 1184 καὶ
1074 1159 1138 1184 ὅταν
1155 1158 1192 1193 μὴ
1217 1157 1318 1193 δυνηθῇ
1338 1158 1434 1192 στῆναι
1452 1157 1511 1184 κατ’
1529 1158 1628 1187 αὐτῶν,
1647 1159 1735 1194 τρέχει
1752 1160 1807 1185 ἅνω

1014 1206 1054 1236 εἰς
1064 1204 1094 1230 τὸ
1105 1204 1223 1239 δένδρον,
1238 1204 1286 1230 καὶ
1301 1202 1428 1235 σώζεται.
1444 1203 1538 1235 Οὕτως
1552 1204 1641 1238 κάγώ’
1657 1204 1809 1238 καθέζομαι
1837 1203 1841 1206 ’

1015 1252 1043 1277 ἐν
1054 1250 1092 1285 τῷ
1103 1250 1200 1285 κελλίῳ
1210 1258 1271 1286 μου,
1281 1250 1327 1276 καὶ
1340 1249 1435 1286 θεωρῶ
1447 1251 1511 1282 τοὺς
1521 1251 1653 1286 πονηροὺς
1663 1250 1809 1285 λογισμοὺς

1016 1297 1108 1323 ἐπάνω
1125 1305 1186 1332 μου·
1203 1297 1249 1322 καὶ
1264 1297 1308 1322 ὅτε
1328 1295 1365 1331 μὴ
1394 1292 1585 1332 ἰσχύσω’πρὸς
1602 1298 1710 1329 αὐτοὺς,
1725 1306 1810 1323 κατα-

1016 1343 1110 1377 φεύγω
1125 1343 1191 1379 πρὸς
1206 1342 1252 1368 τὸν
1270 1342 1336 1368 Θεὸν
1348 1342 1392 1369 διὰ
1418 1342 1468 1378 τῆς
1485 1344 1650 1379 προσευχῆς,
1664 1345 1710 1372 καὶ
1724 1344 1809 1377 σώζο-

1018 1398 1066 1425 μαι
1082 1390 1113 1416 ὲκ
1126 1389 1172 1416 τοῦ
1189 1389 1300 1426 ἐχθροῦ.

1053 1439 1097 1470 ιγ’.
1116 1433 1199 1463 Εἶπεν
1214 1439 1227 1463 6
1242 1437 1329 1469 ἀεέϐςῖς
1344 1437 1450 1473 Ποιμὴν
1463 1438 1525 1473 περ).
1534 1437 1579 1463 τοῦ
1595 1437 1668 1464 ἀδεᾶ
1684 1438 1810 1464 Ἰωάννου

1017 1481 1064 1508 τοῦ
1081 1482 1202 1514 κολοϐοῦ,
1217 1483 1258 1509 ὅτι
1270 1484 1440 1518 παρεκάλεσε
1455 1484 1501 1510 τὴν
1517 1485 1593 1514 Θεὸν,
1613 1485 1658 1510 καὶ
1674 1484 1744 1519 ἤρθη
1777 1485 1812 1510 τὰ

1019 1528 1092 1565 πάθη
1106 1522 1152 1555 dr.‘
1165 1529 1259 1561 αὑτοῦ,
1284 1531 1330 1556 καὶ
1346 1531 1457 1564 γέγονεν
1478 1530 1644 1565 ἁμέριμνος.
1659 1531 1713 1558 Καὶ
1728 1531 1812 1557 ἀπελ-

1019 1574 1083 1607 θὼν,
1097 1573 1156 1601 εἷπέ
1167 1584 1220 1602 τινι
1231 1576 1349 1612 γέροντι·
1374 1576 1444 1612 Ὀρῶ
1456 1576 1573 1612 ἐμαυτὸν
1595 1577 1812 1612 ἀναπαυόμενον,

1020 1623 1065 1648 καὶ
1080 1622 1184 1657 μηδένα
1197 1623 1313 1657 πόλεμον
1321 1624 1426 1657 ἔχοντα.
1440 1624 1495 1649 Καὶ
1508 1623 1580 1657 λέγει
1590 1623 1664 1658 αὐτῷ
1681 1624 1695 1649 6
1709 1624 1810 1657 γέρων·

1019 1668 1138 1702 ”Υπαγε,
1151 1669 1339 1704 παρακάλεσον
1348 1670 1392 1695 τὸν
1405 1669 1482 1699 Θεὸν.
1494 1669 1564 1695 ὥστε
1579 1670 1623 1695 τὸν
1639 1669 1755 1703 πόλεμόν
1771 1678 1813 1696 σοι

1018 1714 1116 1746 ἐλθεῖν,
1130 1715 1177 1741 καὶ
1194 1715 1227 1750 ἣν
1243 1713 1316 1750 εἶχες
1331 1716 1463 1751 πρότερον
1480 1716 1626 1751 συντριϐὴν
1644 1717 1691 1743 καὶ
1715 1715 1811 1743 ταπεί-

1019 1768 1109 1785 νωσιν·
1120 1759 1164 1786 διὰ
1172 1760 1226 1796 γὰρ
1237 1761 1290 1787 τῶν
1302 1761 1427 1796 πολέμων
1439 1762 1614 1797 προκόπτειὴ
1629 1762 1712 1797 ψυχή.
1723 1763 1813 1798 Παρε-

1019 1805 1133 1832 κάλεσεν
1149 1803 1206 1838 οὖν,
1222 1807 1268 1833 καὶ
1287 1807 1410 1839 ἐλθόντος
1426 1807 1474 1834 τοῦ
1491 1808 1622 1842 πολέμου,
1649 1809 1698 1835 οὐκ
1711 1809 1750 1835 ἔτι
1765 1809 1813 1835 εὕ-

1020 1852 1084 1884 ξατο
1099 1852 1214 1888 ἀρθῆναι
1228 1853 1308 1880 αὐτὸν
1328 1854 1376 1880 ἀπ’
1395 1854 1490 1886 αὑτοῦ,
1506 1854 1563 1881 ἀλλ’
1586 1855 1671 1888 ἐλεγε-
1690 1856 1739 1887 Δός
1755 1864 1813 1890 μοι,

1022 1899 1116 1936 Κύριε.
1129 1899 1266 1935 ὑπομονὴν
1281 1901 1309 1926 ὲν
1326 1902 1381 1932 τοῖς
1393 1901 1531 1936 πολέμοις.

1057 1946 1096 1973 ιδ’.
1114 1944 1196 1973 Εἶπεν
1213 1947 1227 1973 ὁ
1243 1946 1330 1978 ἀδεεῖς
1349 1946 1486 1982 Ἰωάννης,
1505 1947 1546 1973 ὅτι
1562 1945 1617 1973 εἷδὲ
1637 1955 1678 1978 τις
1690 1947 1744 1973 τῶν
1766 1955 1812 1980 γε·

1023 1992 1122 2027 ρόντων
1136 1992 1164 2017 ἐν
1181 1992 1316 2018 ὲκστάσεν
1330 1993 1385 2018 Καὶ
1401 1992 1455 2018 ἰδοὺ
1473 1994 1548 2028 τρεῖς
1568 1993 1679 2027 μοναχοὶ
1694 1993 1814 2028 ἓστηκαν

1021 2038 1110 2072 πέραν
1127 2038 1177 2072 τῆς
1192 2037 1339 2072 θαλάσσης·
1356 2037 1403 2064 καὶ
1419 2038 1527 2072 ἐγένετο
1537 2038 1612 2072 φωνὴ
1628 2038 1695 2073 πρὸς
1713 2038 1812 2069 αὐτοὺς

1021 2085 1054 2111 ὲκ
1063 2083 1110 2110 τοῦ
1120 2084 1198 2110 ἄλλου
1210 2085 1297 2119 πέραν
1313 2084 1345 2114 ’⁸,
1356 2084 1482 2118 λέγουσα·
1497 2084 1600 2110 Λάϐετε
1614 2083 1702 2119 πτερὰ
1715 2084 1812 2118 πυρὸς,

1022 2131 1068 2157 καὶ
1082 2129 1158 2156 δεῦτε
1170 2130 1238 2166 πρὸς
1258 2130 1302 2164 μέ.
1323 2130 1379 2156 Καὶ
1392 2130 1416 2156 οἱ
1436 2131 1485 2164 μὲν
1504 2129 1550 2155 δύο
1565 2129 1670 2161 ἔλαϐον,
1687 2130 1734 2156 καὶ
1747 2130 1814 2155 ὲπε-

1021 2176 1159 2212 τάσθησαν
1172 2178 1212 2209 είς
1225 2177 1256 2203 τὸ
1277 2176 1342 2203 ἄλλο
1363 2176 1460 2212 πέρανθ
1478 2177 1492 2203 6
1504 2176 1532 2202 δὲ
1546 2176 1624 2207 ἄλλος
1636 2176 1740 2210 ἔμεινε,
1765 2176 1813 2202 καὶ

1022 2222 1114 2249 ἔκλαιε
1135 2223 1237 2258 σφόδρα
1261 2223 1307 2249 καὶ
1335 2223 1461 2258 ἔκραζεν.
1483 2222 1616 2257 ’Ὕστερον
1629 2222 1657 2248 δὲ
1681 2221 1813 2256 ἐδόθησαν

1022 2268 1069 2294 καὶ
1079 2268 1153 2303 αὐτῷ
1166 2267 1264 2303 πτερά,
1289 2268 1320 2295 οὺ
1342 2268 1434 2304 μέντοι
1454 2268 1549 2304 πυρὸς,
1563 2267 1621 2294 ἀλλ’
1643 2267 1744 2302 ἀσθενῆ
1766 2268 1814 2294 καὶ

1023 2314 1157 2350 ἀδύναμα·
1173 2314 1221 2341 καὶ
1242 2314 1309 2349 μετὰ
1336 2315 1460 2350 καμάτου
1478 2313 1742 2348 καταποντιζόμενος
1766 2314 1814 2340 καὶ

1022 2360 1212 2396 ἀνιστάμενος,
1231 2362 1300 2396 μετὰ
1316 2361 1432 2396 θλίψεως
1450 2360 1550 2395 πολλῆς
1567 2358 1649 2395 ἦλθεν
1663 2361 1704 2393 εἰς
1721 2359 1753 2387 τὸ
1768 2360 1817 2386 πέν-

1024 2415 1082 2442 ραν.
1101 2406 1194 2438 Οὖτως
1212 2408 1286 2442 καὶὴ
1303 2407 1386 2441 γενεὰ
1398 2407 1478 2441 αὕτη,
1498 2406 1578 2432 εἰκαὶ
1592 2406 1725 2441 λαμϐάνει
1749 2414 1813 2432 πτε-

1024 2451 1069 2487 ρὰ,
1080 2452 1110 2478 οὑ
1138 2452 1229 2487 μέντοι
1243 2453 1340 2488 πυρὸς,
1359 2452 1427 2479 ἀλλὰ
1443 2452 1520 2486 μόλις
1535 2451 1636 2486 ἀσθενῆ
1649 2452 1696 2479 καὶ
1711 2451 1811 2479 ἀδύνα-

1026 2506 1065 2532 μα
1076 2497 1219 2533 λαμϐάνει.

1060 2594 1100 2618 ιε’.
1127 2590 1252 2624 ’Δδελφὸς
1263 2589 1390 2626 ἠρώτησε
1400 2591 1445 2617 τὸν
1457 2590 1544 2617 άϐὃᾶν
1561 2590 1698 2625 Ἰωάννην,
1712 2589 1811 2625 λέγων·

1025 2637 1088 2668 Πῶς
1099 2637 1115 2671 ἡ
1127 2637 1199 2672 ψυχή
1220 2645 1270 2671 μου
1285 2636 1384 2672 ἔχουσα
1405 2637 1565 2672 τραύματα,
1588 2637 1638 2663 οὐκ
1654 2636 1813 2671 αἰσχύνεται

1026 2682 1188 2709 καταλαλεῖν
1203 2682 1250 2708 τοῦ
1259 2682 1389 2717 πλησίον;
1405 2683 1485 2717 Λέγει
1501 2682 1575 2717 αὐτῷ
1590 2682 1604 2707 ό
1619 2681 1707 2717 γέρων
1721 2688 1813 2716 παραν-

1025 2815 1097 2842 roth.
1115 2814 1207 2841 Doctr.
1222 2815 1266 2842 15.

1061 2850 1117 2885 (99)
1130 2849 1187 2885 AVit.
1204 2849 1278 2876 Patr.
1294 2857 1371 2879 xvm.
1386 2849 1411 2876 8.

1060 2883 1099 2920 α)
1119 2883 1170 2913 Vit.
1190 2884 1267 2912 Patr.
1282 2885 1373 2918 tv,10.
