1970 3074
153 163 206 192 209

736 165 1042 194 APUPHTHEGMATA
1062 165 1215 192 PATRUM.

1728 167 1781 195 210

153 225 235 260 εολὴν
245 224 288 251 διὰ
299 225 348 260 τὴν
363 223 536 252 καταλαλιάν·
553 225 713 261 ’Ἄνθρωπός
727 234 769 256 τις
779 224 814 260 ἦν
826 226 942 260 πτωχὸς,

1006 225 1143 252 ,τοοιίοηὶε
1157 232 1239 259 ergo:
1250 223 1314 251 Erat
1332 223 1413 251 homo
1426 223 1536 259 quidam
1551 231 1662 259 pauper,
1674 229 1701 250 et
1715 232 1781 250 uxo-

153 272 200 297 καὶ
223 269 278 306 εἶχε
295 273 409 304 γυναῖκα
421 281 428 287 ·
454 270 507 298 εἶδε
524 271 552 298 δὲ
570 272 616 298 καὶ
630 271 712 306 ἄλλην
736 270 877 306 πειθανήν,
894 272 942 298 καὶ

153 316 232 343 ἕλἰϐε
246 317 347 352 ταύτην
356 325 362 332 δ
373 315 443 353 ἦσαν
455 318 483 343 6‘s
498 317 651 353 ἀμφότεραι
663 317 774 352 γυμναί.
792 317 943 352 Γενομένης

153 361 182 388 δὲ
209 363 388 398 πανηγύρεως
407 364 436 389 ὲν
460 363 513 390 τινὶ
531 363 621 398 τόπῳ,
651 363 839 398 παρεκάλεσαν
863 362 943 388 αὐτὸν

153 407 282 442 λέγουσαι
293 417 299 423 ·
311 407 396 443 ⁷Λρον
409 410 483 444 ἡμᾶς
498 409 566 444 μετὰ
580 408 638 435 σοῦ.
650 410 706 435 Καὶ
722 408 811 435 λαϐὼν
823 409 872 440 τὰς
885 407 942 439 δύο,

155 453 249 480 ἔϐαλεν
271 455 311 485 εἰς
327 454 405 481 πίθον
417 462 424 468 ·
443 455 490 480 καὶ
509 454 595 489 ἐμϐὰς
615 454 655 485 είς
680 453 781 486 πλοῖον,
807 452 888 489 ἦλθεν
904 454 943 485 εἰς

154 501 201 527 τὶν
215 501 308 527 τόπον.
324 501 390 527 Ὅτε
405 501 433 527 δὲ
455 501 550 534 γέγονε
576 501 681 536 καῦμα,
700 501 748 527 καὶ
764 500 904 536 ἡσύχασαν
920 501 944 526 οἱ

153 545 310 582 ἄνθρωποι,
327 545 502 580 ἀναδλέψασα
527 547 543 582 ἡ
567 546 625 582 μία,
645 546 693 573 καὶ
711 545 814 581 μηδένα
838 546 943 577 ἰδοῦσα,

154 591 323 626 ἐξεπήδησεν
338 592 376 623 είς
397 592 444 626 τὴν
463 593 589 628 κοπρίαν,
606 593 654 619 καὶ
678 593 815 624 συνάξασα
838 592 939 619 παλαιὰ

157 637 246 672 ῥάκη,
268 637 395 673 ἐποίησεν
413 639 496 674 ἑαυτῇ
516 638 678 674 περίζωμα,
702 639 749 665 καὶ
769 638 859 665 λοιπὸν
878 638 946 673 μετὰ

156 682 312 718 παρρησίας
335 683 506 718 περιεπάτει.
541 684 572 709 Ἡ
595 683 623 709 δὲ
640 683 707 719 ἄλλη
731 680 785 710 ἔσω
802 683 946 718 καθημένη

156 728 259 763 γυμνὴ,
273 728 365 762 ἔλεγεν
377 736 383 743 ·
407 729 470 757 Ἰδοὺ
496 728 564 764 αὕτη
588 730 605 764 ἡ
623 729 708 765 πόρνη
725 729 775 755 οὐκ
791 728 947 763 αἰσχύνεται

157 774 343 809 περιπατοῦσα
363 776 463 809 γυμνή.
482 775 660 810 Διαπονηοεὶς
686 775 714 801 δὲ
736 776 750 801 6
769 776 838 810 ἀνὴρ
862 774 947 809 αὐτῆς

155 818 233 846 εἶπεν
244 829 251 835 ·
269 819 303 846 Ὦ
319 820 426 855 θαῦμα·
451 821 520 856 αὕτη
534 822 587 848 κᾶν
612 822 709 848 σκέπει
724 822 773 857 τὴν
791 821 948 856 ἀσχημοσύ-

157 875 207 901 νην
229 867 313 900 αὐτῆς
325 875 331 881 ·
349 867 381 893 σὺ
396 867 422 893 δὲ
437 867 484 902 ὅλη
506 867 597 902 γυμνὴ
614 865 650 898 εἴ,
667 868 714 894 καὶ
737 867 824 893 ταῦτα
838 868 887 893 οὐκ
906 867 948 893 αὶ-

159 913 244 949 σχύνῃ
257 913 392 945 λαλοῦσα;
409 913 502 945 Οὕτως
521 914 579 939 ἐστὶ
592 913 639 940 καὶ
653 913 684 939 τὸ
705 913 754 948 τῆς
769 913 945 944 καταλαλιςῐς.

197 1048 244 1076 ις’.
264 1044 359 1078 Ἔλεγε
371 1044 399 1070 δὲ
416 1044 495 1070 πάλιν
510 1043 549 1080 τῷ
566 1043 672 1078 ἀδελφῷ
689 1044 703 1070 ὁ
718 1045 807 1080 γέρων
822 1044 886 1080 περὶ
899 1044 950 1079 τῆς

159 1090 248 1125 ψυχῆς
261 1090 309 1125 τῆς
322 1090 452 1128 θελούσης
468 1090 648 1125 μετανοῆσαι·
667 1090 757 1125 Πόρνη
771 1088 804 1126 ἦν
820 1091 908 1125 ὡραῖα
921 1091 950 1117 ὲν

159 1137 213 1163 τινὶ
228 1136 313 1167 πόλει,
327 1137 374 1163 καὶ
386 1136 498 1168 πολλοὺς
513 1137 604 1171 φίλους
618 1134 703 1171 εἶχεν.
725 1136 824 1162 Ἐλθὼν
839 1137 866 1162 δὲ
882 1137 950 1172 πρὸς

159 1182 243 1217 αὐτὴν
257 1180 296 1214 εἷς
309 1183 409 1218 ἄρχων,
425 1181 501 1209 εἶπεν
514 1183 581 1218 αὐτῇ
593 1191 599 1197 ·
615 1182 715 1208 Σύνθού
732 1191 776 1217 μοι
790 1184 948 1218 σωφρονεῖν,

161 1228 239 1262 κὰγὼ
257 1237 286 1254 σε
301 1229 432 1264 λαμϐάνω
445 1230 483 1260 εἰς
494 1231 621 1262 γυναῖκα.
639 1229 672 1255 'Il
684 1228 711 1255 δὲ
724 1229 850 1254 συνέθετο
863 1228 947 1263 αὐτῷ.

161 1275 215 1300 Καὶ
232 1274 322 1301 λαϐὼν
339 1274 424 1310 αὐτὴν
440 1275 582 1310 ἀπήγαγεν
597 1276 635 1306 εἰς
649 1275 693 1301 τὸν
709 1272 782 1301 οἷκον
797 1274 890 1301 αὐτοῦ.
918 1275 950 1300 Oi

160 1320 188 1347 δὲ
205 1320 275 1354 φίλοι
299 1321 400 1354 αὐτῆς,
419 1321 562 1354 ζητοῦντες
579 1320 674 1354 αὐτὴν,
698 1319 806 1354 ἕλεγον”
829 1320 858 1346 ’0
879 1319 951 1346 δεῖνα

161 1367 176 1393 ὁ
193 1367 284 1402 ἅρχων
299 1365 393 1392 ἔλαϐεν
410 1366 494 1401 αὐτὴν
511 1367 550 1397 εἰς
567 1367 612 1392 τὸν
629 1364 702 1393 οἷκον
723 1366 821 1392 αὐτοῦ·
837 1366 884 1392 ἐὰν
905 1365 950 1393 οὖν

161 1410 323 1445 ἀπέλθωμεν
338 1412 378 1442 εἰς
389 1411 434 1436 τὸν
452 1409 523 1436 οἷκον
539 1411 561 1426 ²⁷
585 1410 679 1442 αὑτοῦ,
697 1411 744 1437 καὶ
763 1410 847 1446 μάθῃ,
865 1419 951 1445 τιμω-

165 1458 251 1492 ρεῖται
265 1457 346 1491 ἡμᾶς.
371 1456 449 1482 Ἀλλὰ
462 1457 538 1483 δεῦτε
553 1456 638 1482 ὀπίσω
658 1458 707 1491 τῆς
720 1457 818 1487 οἰκίας,
836 1456 882 1482 καὶ
903 1464 950 1481 συ-

165 1503 285 1537 ρὶσωμεν
298 1504 365 1538 αύτῇ
378 1512 384 1517 ·
400 1503 446 1529 καὶ
460 1503 629 1539 γνωρίζουσα
644 1503 692 1538 τὴν
706 1503 796 1538 φωνὴν
811 1502 856 1529 τοῦ
878 1511 952 1537 συρι-

164 1549 247 1583 γμοῦ,
261 1549 418 1575 καταϐαίνει
436 1549 504 1584 πρὸς
517 1550 600 1583 ἡμᾶς,
617 1549 664 1574 καὶ
678 1549 756 1584 ἡμεῖς
778 1549 891 1575 ἀναίτιοι
908 1549 952 1574 εὑ-

166 1595 326 1632 ριῖκὸμετὶα.
348 1595 500 1622 Ἀκούσασα
515 1593 560 1621 οὖν
574 1595 621 1621 τοῦ
637 1594 771 1630 συριγμοῦ
781 1616 788 1628 ,
802 1595 952 1630 ὲσιρρὰγισε

164 1642 200 1668 τὰ
213 1639 270 1668 ὦτα
283 1642 376 1676 αὐτῆς,
389 1641 436 1668 καὶ
450 1641 628 1676 εἰσεπήδησεν
641 1642 680 1673 εἰς
690 1642 734 1667 τὸν
750 1641 886 1677 ἐνδότερον
899 1650 953 1668 κοι-

166 1689 249 1719 τῶνα,
265 1689 312 1714 καὶ
329 1687 432 1713 ἔκλεισε
447 1687 495 1717 τὰς
512 1687 604 1722 θύρας.
625 1688 721 1721 Ἔλεγε
738 1687 775 1719 δὲ,
790 1687 839 1722 τὴν
851 1687 952 1722 πόρνην

167 1731 236 1760 εἶναι
260 1733 309 1768 τὴν
324 1734 412 1769 ψυχήν
425 1742 432 1749 ⁸
452 1733 477 1759 οἱ
499 1732 528 1759 δὲ
553 1733 623 1766 φίλοι
646 1732 731 1767 αὐτῆς
755 1734 807 1759 εἱσι
828 1733 862 1759 τὰ
879 1733 952 1767 πάθη

168 1781 214 1806 καὶ
228 1781 251 1806 oi
275 1780 429 1815 ἅνθρωποι·
453 1780 466 1806 6
489 1779 516 1805 δὲ
540 1779 629 1814 ἄρχων
651 1780 723 1805 ἐστὶν
739 1780 753 1805 6
782 1779 917 1814 Χριστός·
937 1780 953 1814 ἡ

167 1827 197 1852 δὲ
213 1827 285 1852 οἰκία
300 1828 316 1861 ἡ
333 1826 452 1861 ἐσωτέρα
466 1826 540 1851 ἐστὶν
550 1827 566 1860 ἡ
581 1825 675 1852 αἰωνίσι
693 1826 770 1860 μονή.
788 1827 819 1851 υἱ
834 1825 861 1851 δὲ
881 1825 955 1860 συρί-

169 1872 261 1904 ζοντες
274 1873 341 1908 αὐτῇ
357 1873 423 1898 εἰσιν
435 1873 461 1899 ot
480 1872 591 1907 πονηροὶ
603 1871 729 1906 δαίμονες
741 1879 747 1884 ·
766 1871 834 1906 αὑτὴ
856 1871 884 1897 δὲ
899 1871 956 1897 δια-

169 1918 270 1949 παντὸς
288 1918 382 1952 φεύγει
402 1918 469 1953 πρὸς
485 1917 530 1943 τὸν
547 1917 655 1952 Κύριον.

210 1963 252 1994 ιζ’.
277 1963 477 1993 Ἀναϐαίνοντός
502 1971 565 1989 ποτε
586 1962 634 1988 τοῦ
657 1961 729 1988 ἀδεᾶ
757 1962 880 1989 Ἰωάννου
902 1963 957 1989 ἀπὸ

171 2009 297 2043 Σκήτεως
323 2008 381 2041 μετ’
403 2007 490 2034 ἄλλων
511 2006 642 2041 ἀδελφῶν,
665 2006 803 2041 ἐπλανήθη
818 2008 832 2033 6
853 2006 957 2042 ὁδηγῶν

172 2053 287 2084 αὐτούς·
307 2050 340 2087 ἦν
355 2052 409 2087 γὰρ
432 2051 489 2084 νύξ.
518 2052 574 2077 Καὶ
600 2051 721 2084 λέγουσιν
739 2052 763 2076 ot
789 2051 898 2084 ἀδελφοὶ
919 2050 958 2085 τῷ

174 2099 247 2125 ἁίιὸᾶ
266 2097 375 2132 Ἰωάννῃ
386 2106 392 2112 -
417 2096 448 2123 Τί
467 2097 624 2131 ποιήσομεν.
640 2096 722 2127 ἁϐϐᾶ,
737 2096 777 2122 ὅτι
791 2095 928 2130 ἐπλανήθη
945 2096 958 2122 6

175 2145 287 2178 ἀδελφὸς
302 2144 350 2179 τὴν
366 2143 434 2175 ὁδὸν,
461 2144 558 2178 μήπως
572 2142 752 2177 ἀποθάνωμεν
771 2141 957 2177 πλανώμενοι;

175 2191 255 2224 Λέγει
279 2191 370 2220 αὐτοῖς
389 2190 403 2215 6
423 2189 528 2224 γέρων·
550 2188 612 2213 Ἐὰν
632 2187 754 2221 εἴπωμεν
768 2187 853 2222 αὐτῷ,
869 2187 960 2213 λυπεῖ-

175 2245 219 2263 ται
235 2236 282 2262 καὶ
302 2235 468 2270 αἰσχύνεται.
493 2233 561 2259 Ἀλλ’
585 2233 638 2260 ἰδοὺ
659 2233 727 2259 ποιῶ
747 2233 863 2267 ἐμαυτὸν
878 2233 959 2259 ἀσθε-

176 2283 288 2314 νοῦντα,
307 2282 352 2308 καὶ
367 2281 453 2314 λέγω,
478 2280 514 2306 Οὐ
534 2279 651 2314 δύναμαι
666 2278 792 2310 ὁδεῦσαι,
807 2277 874 2304 ἀλλὰ
888 2278 960 2313 μένω

176 2326 226 2355 ὦδε
247 2328 299 2359 ἓως
319 2327 400 2362 πρωΐ.
419 2326 472 2352 Καὶ
497 2325 624 2360 ἐποίησεν
649 2324 744 2355 οὕτως.
768 2325 799 2350 υἱ
823 2324 852 2350 δὲ
873 2323 961 2350 λοιποὶ

177 2375 269 2403 εἷπον
285 2375 351 2401 Οὐδὲ
371 2375 452 2410 ἡμεῖς
468 2373 621 2407 ὑπάγομεν,
640 2370 708 2398 ἀλλὰ
727 2371 870 2405 καθήμεθα
894 2369 962 2405 μετὰ

178 2422 236 2451 σοῦ.
257 2423 312 2448 Καὶ
331 2421 460 2448 ἐκάθισαν
481 2419 533 2450 ἕως
551 2417 639 2453 πρωΐ·
656 2417 760 2444 καὶτὸν
781 2417 892 2451 ἀδελφὸν
913 2416 962 2442 οὐκ

177 2468 381 2496 ὲσκανδὰλισαν.

214 2518 259 2549 ιη’.
280 2513 368 2549 Γέρων
393 2521 435 2543 τις
451 2509 484 2547 ἦν
507 2513 536 2538 ἐν
558 2512 666 2545 Σκήτει,
686 2508 794 2539 πονικὸς
813 2508 861 2543 μὲν
881 2508 909 2534 ὲν
924 2507 963 2543 τῷ

179 2559 339 2595 σωματικῷ.
356 2558 405 2584 οὐκ
419 2557 534 2592 ἀκριϐὴς
545 2557 573 2582 δὲ
587 2557 615 2582 ἐν
626 2556 681 2586 τοῖς
696 2554 843 2588 λογισμοῖς.
864 2553 963 2587 Ἀπῆλ-

179 2607 226 2633 θεν
243 2604 288 2633 οὗν
310 2605 377 2640 προς
393 2604 437 2630 τὸν
459 2603 544 2629 ἀϐὂᾶν
572 2601 707 2636 Ἰωάννην,
727 2600 861 2635 ἐρωτῆσαι
883 2599 963 2629 αὐτὸν

180 2653 246 2686 περὶ
267 2652 316 2686 τῆς
338 2651 440 2686 λήθης·
467 2650 512 2675 καὶ
537 2648 656 2679 ἀκούσας
681 2646 745 2681 παρ’
772 2645 854 2672 αὐτοῦ
875 2645 962 2679 λόγον,

181 2696 352 2732 ὑπέστρεψεν
372 2696 411 2727 είς
432 2695 481 2730 τὴν
495 2694 592 2720 κὲλλαν
612 2692 705 2725 αὐτοῦ,
725 2692 771 2719 καὶ
790 2690 935 2718 ἐπελάθετο
950 2690 964 2716 ὃ

219 2774 240 2789 ’⁷
254 2773 295 2799 Al.
310 2771 358 2806 τὴν
369 2771 461 2806 θύραν.

230 2841 259 2869 2y
281 2839 335 2866 Vit.
358 2837 430 2864 Patr.
451 2846 485 2868 iv,
503 2838 543 2864 13.

230 2843 259 2869 ἓν
282 2843 335 2866 γει.
358 2843 430 2864 Patr.
451 2846 485 2868 iv,
503 2843 543 2864 ιδ.

219 2843 261 2911 ἒῦ)
280 2874 334 2902 Vit.
355 2872 430 2900 Patr.
443 2881 508 2906 xvn,
523 2873 547 2898 ἶ.

963 901 984 929 Β

966 1578 987 1606 C

976 2256 998 2283 ι)

994 276 1081 302 ratus,
1098 271 1144 304 qui
1162 270 1240 297 aliam
1262 270 1402 296 mulierem
1416 270 1567 304 speciosam
1584 270 1708 302 intuitus,
1720 278 1781 298 eam

993 324 1102 351 quoque
1121 317 1259 343 connubio
1277 316 1328 343 sibi
1349 316 1504 350 copulavit;
1523 316 1609 343 amba:
1623 325 1687 343 vero
1701 320 1782 345 erant

992 363 1083 389 nudae.
1101 362 1170 388 Cum
1186 366 1277 388 autem
1295 361 1424 388 nundina:
1446 361 1648 388 celebrarentur
1665 361 1779 394 alicubi,

992 412 1161 443 rogaverunt
1184 408 1291 440 virum,
1319 408 1461 435 dicentes:
1478 407 1534 434 Nos
1563 412 1652 435 tecum
1677 407 1780 434 ducito.

995 454 1085 486 Quare
1113 458 1257 488 utramque
1282 457 1448 488 assumptam
1472 453 1499 480 in
1528 453 1601 480 dolio
1622 452 1782 485 collocavit;

995 500 1112 533 navique
1139 507 1290 526 conscensa
1315 499 1349 526 ad
1373 503 1511 526 mercatus
1538 499 1626 525 locum
1650 497 1782 532 pervenit.

996 545 1142 579 Postquam
1172 549 1262 572 autem
1285 548 1368 571 azstus
1392 544 1446 571 diei
1471 544 1589 574 advenit,
1612 547 1639 570 et
1660 543 1784 571 homines

996 591 1079 625 quieti
1105 599 1133 617 se
1157 590 1307 623 dederunt,
1338 598 1391 618 una
1416 598 1510 618 earum
1535 589 1703 624 respiciens,
1734 596 1784 616 nec

997 645 1161 672 quemquam
1178 638 1285 668 intuita,
1301 638 1388 664 exiliit
1410 638 1437 664 in
1460 637 1671 671 Sterquilinium,
1685 635 1784 662 veteri-

997 684 1103 718 busque
1123 683 1220 718 pannis
1236 684 1368 713 collectis,
1381 684 1432 710 sibi
1445 683 1643 718 subligaculum
1655 681 1783 712 confecit,

997 737 1030 757 ac
1044 729 1143 756 deinde
1157 736 1218 755 cuin
1234 728 1331 755 fiducia
1343 729 1512 756 ambulabat.
1530 729 1621 755 Altera
1635 735 1699 755 vero
1712 728 1783 754 intus

998 774 1099 801 sedens
1124 774 1214 803 nuda,
1239 773 1327 800 dixit:
1344 773 1411 801 Ecce
1433 771 1600 800 meretricem
1623 773 1702 804 hanc,
1729 780 1784 799 non

998 820 1135 847 erubescit
1158 819 1230 846 nuda
1254 819 1388 846 incedere.
1417 820 1453 845 At
1472 827 1542 854 aegre
1561 819 1649 846 ferens
1669 819 1784 847 maritus

999 866 1106 900 excepit
1123 875 1128 892 :
1145 865 1211 892 Hem
1228 865 1341 891 miram!
1360 864 1418 899 Ipsa
1435 866 1530 892 saltem
1549 865 1706 892 iuliouestas
1722 873 1785 891 cor-

1000 912 1076 946 poris
1093 911 1133 937 sui
1152 916 1242 945 partes
1260 911 1378 945 obtegit;
1393 915 1421 937 tu
1436 919 1500 937 vero
1515 915 1569 937 tota
1590 910 1660 937 nuda
1678 918 1718 943 es,
1735 918 1785 938 nec

1000 958 1139 985 erubescis
1155 958 1206 985 ista
1220 957 1362 992 proloqui?
1379 957 1418 983 lta
1436 957 1516 984 habet
1530 956 1706 984 detractionis
1723 964 1786 991 pec-

1000 1006 1102 1030 catum.

1036 1050 1079 1076 16.
1100 1049 1136 1084 (ει)
1157 1048 1243 1075 Porro
1265 1056 1347 1076 senex
1370 1049 1505 1076 referebat
1529 1048 1615 1075 adhuc
1636 1048 1731 1080 fratri,
1752 1049 1786 1077 de

1001 1095 1092 1122 anima
1109 1102 1171 1130 qua:
1189 1095 1376 1130 pmnitentiam
1394 1102 1474 1130 agere
1496 1095 1554 1122 vult
1569 1104 1575 1121 :
1590 1094 1664 1127 Erat,
1687 1095 1785 1129 inquit,

1001 1141 1027 1168 in
1044 1141 1158 1176 quadam
1181 1141 1290 1168 civitate
1310 1142 1437 1168 meretrix
1459 1141 1589 1176 pulchra,
1607 1149 1668 1175 quae
1687 1141 1787 1168 multos

1000 1187 1117 1214 habebat
1138 1192 1284 1214 amatores.
1300 1187 1440 1214 Accedens
1456 1192 1544 1214 autem
1567 1188 1599 1214 ad
1613 1196 1671 1214 eam
1688 1195 1758 1215 unus
1772 1196 1787 1215 e

1001 1232 1151 1259 rectoribus
1175 1231 1321 1266 provincia:
1343 1231 1411 1258 dixit
1434 1234 1458 1258 ei
1484 1241 1490 1259 :
1515 1231 1645 1259 Promitte
1670 1232 1734 1258 mihi
1761 1235 1788 1259 te

1003 1283 1078 1305 caste
1099 1278 1244 1309 victuram,
1259 1282 1286 1304 et
1303 1285 1353 1312 ego
1376 1282 1402 1304 te
1422 1278 1449 1304 in
1473 1285 1585 1304 uxorem
1605 1278 1719 1312 accipio.
1740 1278 1787 1304 Illa

1001 1323 1122 1359 pollicita
1134 1329 1185 1350 est.
1196 1322 1271 1350 Unde
1285 1323 1522 1358 aceeptam,duxit
1534 1324 1559 1350 in
1574 1323 1684 1350 domum
1698 1331 1786 1350 suam.

1001 1369 1036 1394 At
1057 1372 1194 1395 amatores
1216 1368 1290 1402 ejus,
1315 1374 1466 1403 quaerentes
1489 1377 1558 1400 eam,
1575 1368 1725 1396 dixerunt:
1743 1368 1789 1397 Ille

1002 1421 1102 1448 praeses
1127 1413 1275 1448 assumpsit
1296 1421 1355 1440 eam
1377 1414 1405 1441 iu
1424 1414 1536 1441 domum
1551 1422 1645 1446 suam;
1663 1415 1687 1441 si
1706 1414 1789 1447 igitur

1001 1468 1034 1485 co
1052 1460 1212 1491 abierimus,
1227 1467 1259 1486 ac
1278 1459 1450 1492 intellexerit,
1466 1467 1516 1487 uos
1533 1460 1666 1494 supplicio
1682 1459 1787 1487 adiciet.

1003 1505 1054 1532 Sed
1081 1506 1180 1537 venite,
1201 1513 1296 1532 cannis
1319 1513 1388 1540 pone
1411 1505 1536 1537 domum,
1559 1506 1638 1533 sibilo
1659 1513 1788 1533 vocemus

1002 1559 1061 1578 eam
1081 1560 1087 1578 :
1106 1552 1197 1586 agnito
1218 1551 1290 1578 enim
1314 1551 1385 1578 sibili
1411 1558 1477 1579 sono
1497 1551 1643 1578 descendet
1672 1551 1705 1578 ad
1727 1558 1787 1584 nos,

1007 1597 1162 1631 eriinusque
1186 1603 1256 1623 noxa
1279 1596 1369 1623 vacui.
1392 1596 1484 1630 Itaque
1509 1600 1653 1630 postquam
1680 1595 1789 1622 sibilum

1007 1643 1102 1674 audiit,
1117 1641 1268 1677 obsignatis
1282 1641 1394 1668 auribus
1410 1641 1478 1674 suis,
1501 1641 1533 1668 ad
1548 1641 1661 1669 interius
1674 1641 1789 1667 cubicu-

1007 1689 1062 1715 lum
1077 1688 1204 1723 prosiliit,
1219 1689 1344 1722 foresque
1356 1687 1482 1714 occlusit.
1494 1687 1589 1714 Aiebat
1603 1691 1693 1714 autem
1707 1693 1789 1713 senex

1008 1735 1177 1762 meretricem
1193 1742 1253 1761 esse
1268 1733 1403 1766 animam;
1421 1738 1565 1765 amatores,
1580 1733 1693 1760 aliectus
1709 1736 1791 1767 atque

1009 1773 1150 1813 homines;
1167 1785 1311 1812 rectorem,
1335 1781 1495 1814 Christum;
1515 1781 1671 1809 interiorem
1691 1774 1789 1811 aedem,

1009 1829 1136 1852 mternam
1152 1826 1340 1859 mansionem;
1360 1826 1512 1859 sibilantes,
1531 1826 1617 1853 malos
1632 1826 1789 1853 daemones:

1009 1871 1080 1898 hanc
1094 1879 1159 1898 vero
1174 1871 1292 1898 animam
1313 1872 1465 1906 sempenad
1480 1871 1563 1899 Deum
1576 1871 1733 1906 confugere.

1047 1959 1089 1986 17.
1109 1959 1147 1994 (5)
1159 1959 1225 1986 Cum
1242 1959 1389 1994 aliquando
1404 1960 1487 1988 abbas
1500 1960 1618 1988 Joannes
1633 1960 1792 1988 ascenderet

1010 2014 1024 2032 e
1044 2005 1116 2032 Sceti
1129 2012 1190 2032 eum
1209 2005 1271 2032 aliis
1288 2006 1431 2037 fratribus,
1445 2013 1460 2032 a
1476 2007 1519 2033 via
1535 2006 1670 2033 aberravit
1683 2007 1730 2041 qui
1744 2006 1793 2034 du-

1011 2051 1091 2078 cebat
1112 2058 1159 2078 eos
1178 2060 1185 2078 :
1203 2056 1262 2077 erat
1284 2051 1356 2078 enim
1383 2059 1447 2078 nox.
1472 2052 1556 2078 Aiunt
1583 2051 1681 2080 fratres
1702 2053 1792 2079 abbati

1009 2096 1108 2137 Joanni
1126 2106 1132 2123 :
1151 2096 1221 2129 Quid
1237 2097 1378 2130 faciemus,
1402 2097 1482 2129 abba,
1500 2098 1574 2133 quod
1596 2098 1680 2125 frater
1702 2098 1729 2126 in
1750 2099 1792 2126 via

1012 2143 1132 2174 erravit,
1152 2150 1188 2170 ne
1211 2142 1282 2170 forte
1302 2147 1432 2178 vagantes
1455 2145 1623 2170 moriamur?
1644 2143 1794 2179 Respondit

1016 2188 1073 2215 illis
1087 2196 1169 2215 senex
1186 2197 1192 2215 :
1212 2188 1240 2215 Si
1258 2189 1488 2216 enuntiaverimus
1509 2189 1544 2222 ei,
1558 2189 1668 2216 tristitia
1691 2197 1722 2216 ac
1742 2197 1794 2224 pu-

1013 2233 1080 2260 dore
1092 2233 1233 2262 atIicietur.
1247 2232 1345 2261 Verum
1357 2242 1431 2266 ecce,
1448 2242 1490 2261 me
1501 2238 1630 2270 zrgrotum
1646 2235 1792 2268 simulabo,

1014 2279 1158 2313 dicamque
1173 2287 1179 2304 :
1195 2278 1254 2305 Non
1269 2287 1380 2314 possum
1402 2279 1538 2312 incedere,
1558 2279 1604 2306 sed
1621 2287 1718 2307 maneo
1737 2280 1792 2313 hic,

1015 2332 1103 2359 usque
1121 2323 1155 2351 ad
1175 2324 1336 2351 diluculum.
1356 2326 1445 2359 Atque
1464 2325 1501 2351 ita
1518 2323 1593 2352 fecit.
1613 2324 1707 2352 Caneri
1729 2333 1795 2353 vero

1015 2370 1143 2397 dixerunt
1157 2379 1164 2396 :
1178 2369 1271 2405 Neque
1285 2378 1337 2397 nos
1351 2370 1498 2404 pergimus,
1510 2374 1537 2397 at
1553 2369 1679 2398 sedemus
1693 2375 1792 2398 tecum.

1016 2416 1049 2443 Et
1064 2423 1149 2450 ltSqtle
1166 2415 1199 2441 ad
1217 2415 1380 2441 matutinum
1396 2419 1502 2449 tempus
1517 2414 1693 2448 resederunt;
1708 2423 1795 2451 neque

1017 2459 1095 2487 l'ratri
1113 2459 1222 2486 fuerunt
1239 2459 1361 2486 scandali
1379 2463 1515 2487 auctores.

1055 2506 1097 2532 18.
1115 2505 1152 2540 (At)
1167 2505 1255 2532 Senex
1264 2505 1374 2539 quidam
1385 2503 1505 2538 Sceteos,
1515 2505 1542 2532 in
1552 2505 1795 2533 exercitationibus

1017 2550 1127 2585 quidem
1141 2549 1330 2584 corporalibus
1344 2549 1508 2582 laboriosus,
1521 2550 1568 2577 sed
1584 2550 1610 2577 in
1624 2550 1796 2585 cogitationi-

1017 2597 1069 2624 bus
1086 2596 1240 2631 imperitus,
1260 2595 1326 2622 abiit
1345 2594 1380 2622 ad
1400 2595 1525 2623 abbatem
1546 2594 1688 2627 Joannem,
1703 2600 1734 2622 ut
1753 2597 1796 2623 in-

1016 2646 1167 2677 terrogaret
1189 2649 1251 2669 eum
1270 2641 1303 2668 de
1323 2640 1468 2668 oblivione.
1491 2641 1644 2676 Auditoque
1667 2649 1715 2676 per
1735 2649 1796 2668 eum

1018 2696 1155 2720 sermone,
1167 2687 1248 2716 rediit
1264 2687 1292 2715 in
1309 2687 1404 2714 cellam
1419 2695 1506 2722 suam,
1520 2691 1547 2715 et
1558 2687 1658 2715 oblitus
1673 2691 1714 2715 est
1724 2688 1795 2723 quod

1056 2833 1093 2868 (4)
1110 2831 1162 2858 Vit.
1177 2829 1254 2857 Patr.
1274 2837 1310 2863 τι,
1327 2828 1372 2856 15.
