1970 3074
173 163 225 192 2H

758 165 931 193 APPENDIX
950 166 996 193 AD
1015 166 1056 192 PA
1062 165 1222 194 LLADIUM.

1754 165 1808 194 212

173 220 264 255 ipsum
281 221 428 248 edocuerat
442 222 526 249 abbas
537 221 667 250 Joannes.
687 222 771 258 Igitur
787 223 860 250 venit
873 222 956 250 adhut

1014 220 1091 249 εἶπεν
1103 222 1176 258 αὑτῷ
1187 224 1201 249 6
1215 222 1300 254 ὰὸὅᾶς
1319 222 1454 257 Ἰωάννης.
1466 222 1522 248 Καὶ
1533 221 1638 256 ἀπῆλθε
1650 222 1731 249 πάλιν
1742 223 1807 260 ὲρω·

174 267 209 294 ad
225 268 350 295 eumdem
372 268 607 304 interrogandum.
628 269 752 304 Cumque
773 270 856 297 simili
880 269 963 296 modo

174 313 310 340 audiisset
328 321 491 345 sermonem.
510 315 634 342 recessit.
653 314 686 341 Ut
706 319 796 342 autem
817 315 850 342 ad
866 316 963 343 cellam

174 367 252 386 suam
265 361 399 395 pervenit,
414 361 514 388 iterum
528 361 567 388 rei
583 362 742 389 memoriam
756 362 859 389 amisit.
873 362 963 398 Atque

175 405 212 431 ita
225 404 383 441 frequenter
394 406 544 441 profectus.
555 407 581 434 in
595 407 768 439 revertendo,
777 407 811 434 ab
822 408 962 436 oblivione

173 451 344 486 capiebatur.
376 451 474 480 Postea
497 460 563 480 vero
589 454 648 480 seni
675 461 839 486 occurrens,
867 454 960 481 dixit:

171 496 290 530 Nostin’,
313 497 393 529 abba,
421 506 519 526 rursus
540 506 556 525 e
577 500 709 526 memoria
737 507 798 526 mea
822 500 961 528 efﬂuxisse

174 543 248 577 quod
266 543 374 571 loculus
392 543 501 572 fueras?
517 544 570 572 Sed
590 553 624 572 ne
644 546 693 572 tibi
710 553 799 574 essem
817 547 958 580 molestus,

171 588 248 615 nolui
260 590 362 617 venire.
374 590 419 617 Ait
434 591 472 617 illi
485 591 571 619 abbas
585 591 704 620 Joannes
719 603 724 617 :
741 592 826 626 Vade,
840 593 961 621 accende

171 633 327 662 lucernam.
346 634 379 661 Et
396 636 532 663 accendit.
548 636 656 664 Rursus
674 637 708 664 ad
726 645 788 664 eum
806 647 812 664 :
828 637 901 665 Aﬂ‘er
917 638 959 664 lu-

171 687 270 708 cernas
295 680 375 713 alias,
397 686 423 708 et
444 682 564 710 accende
585 690 619 709 ex
640 690 683 710 ea.
701 683 759 710 Hoc
779 683 861 710 etiam
886 683 958 710 fecit.

171 725 240 752 Tum
260 726 345 754 abbas
362 726 482 755 Joannes
497 728 555 755 seni
571 728 661 756 :Num
680 729 854 764 aliquatenus
871 729 959 757 obfuit

170 771 300 803 lucernae,
315 773 387 807 quod
398 782 431 800 ex
445 774 492 800 illa
508 774 577 802 alias
591 774 770 803 accenderis'.’
787 774 875 802 Senex
889 785 895 803 :
908 775 960 803 Ne-

169 826 319 854 quaquam.
344 819 398 851 lta,
421 821 544 856 excepit,
567 829 656 856 neque
676 820 812 855 Joannes;
834 822 959 857 quamvis

170 868 226 891 tota
248 865 336 892 adiret
357 873 401 893 me
425 865 524 898 Scetis,
548 875 601 894 non
621 875 665 894 me
683 871 819 895 averteret
838 875 853 894 a
872 868 958 902 gratia

170 910 284 939 Christi.
304 911 439 945 Quocirca
457 913 567 948 quando
583 914 715 944 volueris.
729 915 802 946 veni,
816 914 884 941 nihil
903 914 958 941 ha:-
975 907 997 936 Β

169 957 267 984 silans.
281 958 369 993 Atque
385 960 426 986 sic
438 967 485 994 per
498 961 640 994 utriusque
659 960 831 995 patientiam,
847 960 960 988 abstulit

169 1002 242 1031 Deus
261 1003 424 1031 oblivionem
443 1014 458 1032 a
477 1013 551 1032 sene.
565 1006 698 1033 Caeterum
714 1006 770 1033 haec
783 1012 842 1033 erat
855 1007 959 1034 Scelio-

168 1052 259 1075 tarum
285 1050 418 1084 operatio,
439 1050 608 1078 alacritatem
642 1051 736 1078 indere
758 1052 792 1079 iis
807 1053 854 1087 qui
869 1052 958 1087 impu-

170 1096 325 1130 gnabantur
343 1106 350 1123 :
367 1096 400 1124 ad
413 1097 469 1124 hrec
485 1097 536 1125 sibi
551 1097 606 1125 vim
622 1097 770 1133 faciebant,
780 1104 808 1126 ut
821 1107 851 1128 se
862 1103 958 1127 mutuo

168 1140 344 1168 Lucrarentur
363 1142 392 1168 in
407 1142 519 1169 bonum.

205 1187 250 1214 i9.
269 1187 310 1223 (5)
320 1187 499 1223 interrogavit
508 1189 594 1217 frater
604 1190 728 1218 abbatem
736 1189 880 1224 Joannem,
896 1191 935 1219 sic
948 1202 955 1219 :

168 1233 240 1267 Quid
256 1234 353 1269 agam?
370 1242 441 1269 saepe
452 1236 526 1262 venit
541 1235 635 1267 frater,
652 1240 681 1263 ut
694 1244 737 1263 me
749 1237 783 1264 ad
798 1245 867 1271 opus
880 1246 957 1265 assu-

168 1285 240 1312 mat;
255 1288 306 1316 ego
324 1288 389 1308 vero
404 1281 488 1308 miser
504 1290 564 1309 sum
580 1289 611 1310 ac
624 1282 760 1316 inﬁrmus,
778 1288 860 1318 atque
879 1284 913 1311 ad
930 1284 957 1311 id

169 1326 277 1354 fatisco.
290 1325 361 1360 Quid
373 1334 437 1362 ergo
454 1327 552 1355 faciam
567 1328 601 1356 ob
613 1329 792 1356 mandatum?
806 1329 957 1365 Respondit

168 1380 251 1400 senex
274 1372 318 1400 his
342 1374 434 1401 verbis
455 1384 460 1400 :
481 1374 583 1402 Chalcb
604 1374 673 1402 dixit
700 1374 764 1402 Jesu
789 1376 844 1402 tilio
864 1375 955 1403 Nave:

170 1418 356 1454 Quadraginta
376 1427 507 1446 armorum
524 1428 607 1453 eram,
623 1421 728 1454 quando
743 1419 847 1455 Moyses
867 1429 956 1448 servus

168 1463 278 1491 Domini
296 1471 328 1491 ex
348 1464 451 1492 deserto
469 1466 539 1492 misit
558 1474 598 1492 me
617 1471 641 1493 et
660 1471 683 1492 te
703 1467 730 1492 in
753 1471 853 1492 terram
870 1467 957 1498 hanc;

168 1514 193 1536 ct
214 1518 282 1537 nunc
297 1510 431 1545 octoginta
444 1512 557 1546 quinque
574 1519 704 1538 annorum
719 1520 787 1539 sum.
804 1512 879 1540 Sicut
895 1517 956 1539 tum:

168 1565 251 1590 eram,
267 1561 292 1584 et
314 1565 383 1584 nunc
402 1557 476 1584 valeo
493 1558 597 1592 ingredi
614 1563 638 1585 et
657 1559 745 1594 egredi
759 1559 794 1585 ad
810 1559 906 1586 bellant
922 1560 954 1585 ".

168 1602 262 1638 Itaque
282 1608 308 1631 et
326 1609 364 1635 tu,
383 1604 406 1631 si
423 1603 530 1631 validus
550 1612 590 1636 es,
605 1608 635 1631 ut
657 1605 729 1631 sicut
745 1605 895 1640 egrederis,
919 1606 957 1632 ita

170 1651 254 1677 etiam
265 1650 437 1685 ingrediaris,
451 1650 519 1677 vade
533 1660 538 1676 :
551 1650 624 1684 quod
640 1651 661 1678 si
678 1651 716 1677 ita
730 1658 810 1686 agere
825 1659 954 1686 nequeas,

168 1695 198 1723 in
218 1700 264 1722 tua
280 1696 347 1723 cella
365 1697 428 1723 sedc
445 1696 556 1731 plorans
577 1702 686 1731 peccata
710 1703 774 1729 tua;
794 1700 821 1724 et
838 1705 899 1723 cum
916 1697 956 1724 in-

167 1739 295 1767 venerint
313 1743 339 1766 te
358 1740 506 1776 lugentem,
523 1748 577 1767 non
590 1745 688 1776 cogent
704 1741 737 1768 ad
755 1742 920 1769 exeundum.

205 1874 249 1901 20-.
267 1873 396 1907 Quaesivit
412 1874 495 1901 abbas
505 1873 624 1901 Joannes
638 1883 643 1900 :
660 1874 727 1906 Quis
742 1873 861 1901 vendidit
874 1873 958 1901 Jose—

171 1919 275 1954 phum?
290 1919 322 1946 Et
335 1915 480 1954 'rcsp0ndil
497 1920 607 1954 quidam
621 1929 635 1947 e
651 1920 781 1947 fratribus
797 1929 803 1947 :
819 1919 885 1954 Ejus
904 1919 958 1946 fra—

172 1971 237 1993 tres.
249 1966 293 1992 Ait
307 1966 344 1992 illi
358 1974 441 1993 senex
458 1975 464 1993 :
478 1965 672 2001 Nequaquam;
688 1966 734 1993 sed
746 1974 806 1993 eum
821 1966 958 1994 humilitas

171 2012 231 2046 ejus
256 2012 386 2040 vendidit.
417 2011 527 2039 Poterat
551 2013 623 2039 enim
650 2013 767 2047 allegare
795 2020 825 2039 se
848 2014 959 2039 fratrem

171 2065 265 2085 eorum
286 2065 361 2091 esse;
382 2063 487 2093 poterat
512 2058 714 2091 contradicere;
740 2066 834 2085 verum
854 2064 957 2091 tacens,

171 2111 220 2138 per
235 2104 415 2131 humilitatem
433 2108 519 2131 semet
535 2104 672 2136 vendidit;
693 2112 724 2131 ac
741 2105 878 2132 humilitas
892 2113 959 2132 con-

171 2147 260 2174 stituit
272 2155 333 2175 eum
345 2147 455 2183 {Egypti
470 2152 615 2176 rectorem.

1014 269 1095 304 τῆσαι
1110 269 1206 296 αὐτόν·
1221 269 1340 300 ἀκούσας
1356 269 1384 295 δὲ
1403 269 1467 304 παρ’
1483 268 1565 295 αὑτοῦ
1581 269 1682 304 ὁμοίως
1700 269 1747 295 τὸν
1761 269 1806 295 λό-

1013 323 1072 349 γον,
1090 315 1267 350 ὑπέπρεψεν.
1289 315 1332 346 Ὠς
1346 315 1374 341 δὲ
1389 314 1490 349 ἔφθασε
1504 315 1534 341 τὸ
1554 314 1619 341 ἴδιον
1632 314 1737 341 κελλίον
1754 315 1808 342 πά-

1013 361 1054 387 λιν
1069 360 1215 387 ἐπελάθετο
1225 382 1231 393 ,
1246 361 1294 388 καὶ
1306 360 1377 387 οὕτω
1389 361 1417 386 δὲ
1432 360 1591 392 πλειστάκις
1607 360 1805 396 ἀπερχόμενος,

1013 409 1042 434 ὲν
1065 408 1104 443 τῷ
1125 408 1304 444 ὑποστρέφειν
1329 407 1543 442 κατακυριεύετο
1565 406 1618 433 ὑπὸ
1640 406 1690 441 τῆς
1709 406 1804 441 λήθης.

1012 454 1088 482 Μετὰ
1103 455 1131 480 δὲ
1146 454 1230 480 ταῦτα
1240 454 1401 489 ἀπαντήσας
1414 453 1452 488 τῷ
1470 453 1589 488 γέροντι,
1602 450 1679 478 εἶπεν
1689 460 1695 466 ·
1712 450 1804 485 Οἶδας,

1012 500 1094 534 ἀϐϐᾶ,
1109 500 1149 526 ὃτι
1163 499 1334 534 ἐπελαθόμην
1352 499 1434 525 πάλιν
1451 498 1464 524 ὅ
1479 507 1524 533 μοι
1545 499 1674 533 εἴρηκαςς
1690 498 1747 524 ἀλλ’
1762 498 1806 524 ἴνα

1013 547 1050 582 μὴ
1072 547 1179 582 ὀχλήσω
1204 555 1260 578 σοι,
1287 545 1336 571 οὐκ
1363 543 1443 580 ἦλθον
1484 544 1561 578 Λέγει
1584 543 1658 579 αὑτῴ
1683 545 1696 570 6
1717 544 1805 575 ἁὸϐᾶς

1018 590 1143 625 Ἰωάννης
1155 599 1162 606 ·
1176 590 1295 624 ’Ύπαγε,
1313 589 1380 624 ἆψον
1392 589 1498 624 λύχνον.
1516 589 1570 615 Καὶ
1583 587 1661 624 ἦψεν.
1677 587 1745 615 Eine
1757 589 1806 615 καὶ

1011 637 1085 672 αὐτῷ
1100 637 1190 663 πάλιν·
1205 637 1274 671 Φέρε
1285 636 1379 667 ἄλλους
1391 635 1515 670 λύχνους,
1528 635 1575 661 καὶ
1585 634 1652 669 ἆξον
1665 634 1694 668 ἐξ
1709 635 1803 661 αὑτοῦ.

1017 683 1143 717 Ἐποίησε
1158 683 1186 709 δὲ
1207 682 1317 717 ὁμοίως.
1337 682 1393 708 Καὶ
1415 679 1490 707 εἶπεν
1510 681 1598 712 ὰεϐᾶς
1624 681 1749 716 Ἰωάννης
1764 681 1805 715 τῷ

1010 728 1132 764 γέροντι·
1149 729 1194 762 Μή
1211 728 1237 754 τί
1249 736 1313 753 ποτε
1327 726 1426 762 ἐϐλάϐη
1443 727 1457 753 6
1473 726 1579 761 λύχνος,
1595 727 1636 753 ὃτι
1656 726 1762 761 ἀνήψας
1774 727 1804 759 ἐξ

1011 775 1092 801 αὑτοῦ
1110 775 1171 806 τοὺς
1191 774 1286 805 ἄλλους
1308 773 1437 808 λύχνους;
1455 773 1550 806 Λέγει·
1569 772 1646 808 Οὐχί.
1666 771 1732 798 Eine
1746 772 1775 798 δὲ
1789 773 1804 798 6

1011 822 1099 857 γέρων
1112 830 1118 836 ·
1137 821 1229 852 Οὕτως
1253 820 1313 846 οὐδὲ
1338 820 1481 855 Ίωά·.ινης’
1497 818 1544 845 ἐὰν
1565 821 1582 854 ἡ
1605 819 1702 852 Σκῆτις
1720 818 1803 854 ἔρχη-

1010 876 1054 894 ται
1070 867 1137 902 πρὸς
1148 867 1181 901 μὲ
1196 867 1254 901 ὂλη,
1268 866 1299 892 οὐ
1313 866 1350 901 μή
1365 874 1398 901 με
1411 865 1551 900 ἐμποδίσει
1565 864 1619 890 ἀπὸ
1630 865 1680 899 τῆς
1692 863 1803 898 χάριτος

1013 912 1060 939 τοῦ
1080 912 1209 948 Χριστοῦ.
1230 911 1334 944 Τοίνυν,
1352 912 1396 938 ὅτε
1417 911 1514 942 θέλεις,
1531 910 1621 945 ἔρχου,
1645 910 1726 945 μηδὲν
1743 910 1803 935 δια-

1012 959 1180 994 κρινόμενος.
1196 958 1250 984 Καὶ
1272 957 1343 984 οὕτω
1357 957 1390 983 δι’
1407 957 1544 992 ὑπομονῆς
1557 956 1731 991 ἀμφοτέρων,
1751 952 1804 991 ἦρε

1011 1005 1058 1038 τὴν
1072 1004 1156 1039 λήθην
1167 1005 1180 1029 6
1191 1003 1255 1035 Θεὸς
1268 1003 1321 1029 ἀπὸ
1332 1002 1379 1029 τοῦ
1393 1003 1530 1038 γέροντος.
1547 1002 1620 1037 Αὕτη
1631 1001 1659 1028 δὲ
1673 999 1706 1037 ἦν
1720 1002 1804 1037 ἐργα-

1012 1051 1055 1076 σία
1068 1050 1122 1076 τῶν
1135 1049 1308 1085 Σκητιωτῶν,
1320 1049 1424 1075 διδόναι
1434 1048 1590 1084 προθυμίαν
1601 1049 1658 1079 τοῖς
1669 1048 1803 1082 πολεμου-

1012 1095 1116 1130 μένοις”
1133 1096 1180 1122 καὶ
1194 1095 1371 1130 βιαζομένους
1393 1095 1415 1110 ’⁸
1436 1094 1550 1126 ἑαυτοὺς
1567 1095 1606 1126 εἰς
1620 1094 1650 1120 τὸ
1671 1093 1803 1128 κερδῆσαι

1010 1142 1141 1177 ἀλλήλους
1157 1143 1197 1173 εἰς
1209 1142 1238 1168 τὸ
1254 1141 1366 1176 ἀγαθόν.

1046 1188 1088 1215 ιϐ’.
1112 1187 1267 1224 ’Πρώτησεν
1277 1187 1389 1222 ἁδελφὸς
1401 1187 1446 1213 τὸν
1455 1186 1542 1213 ἀῦὅᾶν
1553 1186 1691 1220 Ἰωάννην,
1703 1186 1800 1220 λέγων·

1009 1234 1042 1260 Τί
1057 1235 1180 1269 mutilam;
1197 1233 1237 1259 ὅτι
1251 1233 1380 1264 πολλάκις
1394 1232 1505 1268 ἔρχεται
1528 1232 1642 1265 ἀδελφὸς
1662 1231 1753 1258 λαϐεῖν
1767 1239 1801 1266 με

1009 1281 1048 1311 εἰς
1070 1279 1160 1314 ἔργον,
1183 1279 1229 1305 καὶ
1252 1278 1306 1312 ἐγὼ
1325 1278 1497 1314 ταλαίπωρός
1519 1279 1575 1313 εἰμι
1600 1278 1646 1304 και¹
1665 1277 1800 1312 ἀσθενὴς,

1009 1326 1056 1352 καὶ
1083 1324 1171 1351 κοπιῶ
1199 1326 1239 1356 εἰς
1278 1325 1308 1351 τὸ
1337 1326 1470 1360 πρᾶγμα·
1498 1325 1524 1350 τί
1553 1322 1599 1350 οὖν
1624 1324 1730 1358 ποιήσω
1757 1323 1803 1350 διὰ

1007 1373 1057 1407 τὴν
1085 1371 1209 1407 ὲντολήνς
1237 1372 1292 1398 Καὶ
1314 1372 1473 1407 ἀποκριθεὶς
1499 1372 1513 1397 6
1534 1371 1622 1406 γέρων
1641 1369 1719 1397 εἷπε·
1744 1370 1801 1396 Χά-

1008 1419 1054 1444 λεὸ
1069 1416 1129 1444 εἷπε
1147 1417 1186 1453 τῷ
1206 1418 1290 1453 Ἰησοῦ
1305 1417 1356 1452 υἱῷ
1372 1418 1459 1453 Ναυῆ⁴
1482 1419 1709 1451 Τεσσαράκοντα
1726 1416 1803 1443 ἐτῶν·

1007 1464 1099 1499 ἤμην,
1124 1464 1173 1490 ὅτε
1193 1464 1353 1490 ἀπέστειλε
1371 1463 1503 1497 Μωῦσῆς
1521 1465 1536 1490 ό
1558 1463 1669 1496 δοῦλος
1690 1462 1801 1496 Κυρίου

1007 1510 1041 1536 ὲκ
1057 1510 1112 1543 τῆς
1124 1509 1236 1544 ἐρήμου
1252 1511 1274 1525 ‘°
1292 1510 1344 1545 ἐμὲ
1360 1511 1408 1537 καὶ
1422 1509 1460 1537 σὲ
1472 1511 1515 1543 εὶς
1529 1509 1586 1543 τὴν
1600 1509 1659 1544 γῆν
1676 1510 1799 1542 ταύτην·

1008 1555 1057 1582 καὶ
1076 1555 1133 1582 νῦν
1146 1557 1204 1590 εἰμι
1224 1555 1299 1582 ἑτῶν
1319 1555 1503 1591 ὀγδοήκοντα
1531 1555 1630 1582 πέντε.
1665 1556 1713 1587 Ὠς
1736 1555 1802 1582 τότε

1009 1601 1099 1635 ἥμην,
1117 1601 1165 1628 καὶ
1183 1601 1241 1627 νῦν
1259 1602 1353 1635 ἰσχύω
1371 1601 1519 1628 εισελθεῑν
1533 1602 1580 1628 καὶ
1608 1601 1742 1633 ἐξελθεῖν
1758 1602 1802 1633 εἰς

1008 1646 1062 1672 τὸν
1075 1647 1218 1680 πόλεμον
1245 1645 1314 1672 ὥστε
1334 1645 1380 1673 οὖν
1402 1647 1448 1673 καὶ
1465 1647 1496 1673 σὺ
1508 1667 1515 1678 ,
1531 1648 1554 1673 εὶ
1571 1647 1682 1673 δύνασαι
1700 1647 1743 1673 ἵνα
1763 1647 1802 1678 ὡς

1008 1692 1105 1726 ὲξέρχῃ
1129 1691 1216 1723 οὕτως
1231 1693 1278 1718 καὶ
1293 1693 1415 1729 εἰσέρχῃ.
1433 1692 1536 1726 ὕπαγε*
1553 1694 1577 1718 εἰ
1599 1692 1627 1718 δὲ
1643 1693 1673 1718 οὑ
1687 1692 1801 1718 δύνασαι

1008 1739 1093 1769 οὕτως
1108 1738 1218 1772 ποιῆσαι
1229 1760 1235 1771 ,
1252 1739 1336 1765 κάθου
1352 1740 1391 1770 εἰς
1406 1739 1435 1765 τὸ
1451 1739 1554 1765 κελλὶον
1569 1747 1616 1765 σου
1631 1738 1733 1765 κλαίων
1752 1737 1801 1768 τὰς

1008 1785 1146 1819 ἁμαρτίας
1167 1793 1232 1811 σου·
1257 1787 1304 1812 καὶ
1327 1786 1373 1812 ἐὰν
1393 1786 1494 1821 εὑρῶσί
1516 1795 1546 1812 σε
1570 1785 1729 1817 πενθοῦντα,
1751 1785 1802 1811 οὐκ

1008 1829 1194 1864 ἁναγκέιζουπί
1211 1839 1241 1856 σε
1256 1831 1383 1864 ἐξελθεῖν.

1045 1880 1078 1902 κ’.
1100 1875 1182 1903 Εἶπεν
1206 1878 1220 1902 6
1244 1877 1332 1908 ἀὸὂᾶς
1359 1877 1498 1912 Ἰωάννης·
1525 1877 1574 1909 Τίς
1599 1877 1725 1912 πέπρακε
1751 1877 1798 1903 τὸν

1016 1923 1131 1957 Ἰωσηφ;
1158 1922 1213 1948 Καὶ
1243 1922 1379 1958 ἀπεκρίθη
1407 1932 1450 1954 τις
1478 1923 1608 1956 ἀδελφὸς,
1640 1923 1741 1956 λέγων·
1769 1922 1800 1948 Οἱ

1009 1967 1118 2001 ἀδελφοὶ
1141 1967 1234 1994 αὑτοῦ.
1255 1968 1337 2002 Λέγει
1361 1968 1433 2003 αὐτῴ
1448 1970 1462 1995 ὁ
1483 1969 1585 2004 γέρων·
1610 1969 1692 2003 Οὐχί·
1712 1968 1768 1994 ἁλλ’
1783 1969 1800 2003 ἡ

1008 2013 1174 2044 ταπείνωσις
1199 2012 1282 2038 αὑτοῦ
1315 2013 1454 2047 πέπρακεν
1479 2014 1573 2040 αὐτόν.
1597 2014 1724 2040 Ὴδυνατο
1747 2013 1801 2049 γὰρ

1009 2059 1105 2088 εἰπεῖν,
1119 2058 1160 2084 ὅτι
1177 2058 1302 2092 ’Λδελφὸς
1315 2059 1403 2084 αὐτῶν
1420 2060 1487 2094 εἰμι,
1503 2059 1549 2085 καὶ
1563 2059 1715 2091 ἀντιλέξαι·
1733 2059 1802 2085 ἀλλὰ

1012 2103 1132 2136 σιωπῶν,
1147 2105 1179 2139 τῇ
1197 2104 1360 2130 ταπεινώσει
1377 2105 1472 2131 ἑαυτὸν
1488 2105 1614 2140 πέπρακε
1625 2114 1631 2119 ·
1653 2106 1700 2131 καὶ
1719 2106 1735 2140 ἡ
1755 2113 1803 2131 τα-

1010 2151 1140 2182 πείνωσις
1169 2151 1336 2186 κατέστησεν
1366 2151 1446 2177 αὑτὸν
1471 2151 1622 2186 ἡγούμενον
1651 2152 1690 2183 εἰς
1716 2151 1799 2184 Αἴγυ-

1010 2203 1075 2220 πτον
1080 2215 1086 2221 ι

205 2235 250 2262 21.
268 2236 306 2269 (6)
323 2235 397 2262 Dixit
420 2236 504 2264 abbas
527 2236 646 2265 Joannes
664 2247 669 2264 ε
689 2237 758 2265 Leve
783 2245 852 2265 onus
875 2239 956 2265 relin-

1046 2245 1099 2267 xa’.
1118 2239 1200 2267 Εἶπεν
1215 2242 1229 2266 ὁ
1245 2241 1331 2272 ἀῦΰᾶς
1350 2241 1489 2276 Ἰωάννης·
1506 2241 1543 2267 Τὸ
1558 2239 1675 2275 ἐλαφρὸν
1692 2239 1801 2274 φορτίον

170 2285 296 2314 quentes.
306 2281 357 2308 hoc
368 2285 420 2313 cst.
428 2282 503 2316 ipsos
513 2290 542 2310 se
553 2291 692 2316 accusare,
701 2292 782 2318 gravo
791 2285 954 2319 portandum

169 2327 352 2362 suscepimus,
366 2327 439 2362 quod
454 2332 496 2355 est
511 2336 539 2355 se
551 2329 640 2362 justos
656 2328 755 2357 facere.

203 2372 249 2398 2‘2.
263 2372 300 2407 (7)
314 2372 387 2400 ldem
401 2373 451 2400 hoc
465 2374 576 2408 protulit
593 2384 598 2401 :
614 2373 757 2402 llumilitas
769 2379 796 2402 et
813 2374 859 2402 Dei
873 2375 955 2403 timor

168 2426 250 2452 supra
267 2423 381 2447 caeteras
395 2419 510 2446 virtutes
526 2420 656 2447 eminent.

203 2464 248 2491 25.
266 2464 304 2500 (9)
330 2464 402 2493 Idem
426 2466 536 2493 sedebat
562 2467 708 2501 aliquando
729 2469 757 2495 in
780 2469 906 2500 ecclesia,
929 2473 957 2496 et

169 2512 323 2546 suspirium
334 2511 423 2544 duxit,
438 2513 564 2540 nesciens
583 2514 736 2548 quempiam
751 2522 821 2549 pone
836 2523 865 2542 se
884 2523 955 2543 esse.

204 2603 226 2619 "
241 2602 282 2630 AI.
296 2603 423 2638 ἢλεγξαν.
458 2605 482 2620 ¹⁹
498 2603 540 2630 Al.
555 2603 704 2639 βιάζεσθαι.

204 2681 242 2714 (5)
263 2679 318 2708 Vit.
336 2681 413 2708 Patr.
432 2689 469 2710 ιι.
490 2681 533 2708 16.

204 2716 242 2751 (6)
265 2715 317 2742 Vit.
335 2715 412 2743 Patr.
431 2725 471 2748 lu,
484 2717 549 2744 135.

203 2752 242 2784 (Ἰ)
264 2751 315 2778 Vit.
330 2751 406 2779 Patr.
424 2761 468 2782 λν,
482 2752 527 2779 22.

205 2787 243 2822 (8)
264 2787 295 2813 ὀ
307 2787 397 2823 αὐτῇς
410 2785 503 2823 εἶπεν.
517 2787 690 2822 Praeponitur
704 2787 731 2815 in
747 2787 849 2823 Pelagii
870 2789 955 2815 inter-

190 2823 322 2849 retatione
336 2821 429 2849 :Dixit
442 2822 559 2849 Joannes
575 2821 665 2850 Brevis
683 2823 755 2855 (cod.
771 2821 954 2853 Fossatcnsis.

199 2857 290 2890 anus),
313 2858 375 2892 quia
395 2858 479 2891 janua
501 2857 548 2884 Dei
565 2863 603 2884 est
626 2858 782 2889 humilitas;
806 2863 830 2885 et
860 2858 953 2885 Patres

170 2894 256 2919 nostri
271 2901 316 2927 per
331 2893 428 2920 multa:
449 2894 619 2921 contumelias
633 2894 696 2926 acti,
713 2895 853 2929 gautteutco
870 2895 955 2921 intra-

1009 2288 1147 2319 ἐάσαντες,
1169 2288 1291 2314 τουτέστι
1306 2288 1335 2314 τὸ
1360 2288 1473 2318 ἑαυτοὺς
1496 2287 1660 2322 μέμφεσθαι,
1678 2286 1709 2312 τὸ
1731 2285 1801 2320 βαρὺ

1008 2334 1210 2368 ὲΰαστάσαμεν,
1224 2334 1347 2360 τουτέστι
1361 2334 1391 2360 τὸ
1405 2333 1527 2360 δικαιοῦν
1545 2332 1668 2364 ἑαυτούς.

1043 2378 1095 2412 κβ’.
1120 2378 1147 2403 '0
1172 2378 1254 2409 αὐτὸς
1270 2378 1308 2413 (8)
1322 2376 1397 2405 εἶπεν
1409 2387 1416 2393 ·
1439 2378 1472 2405 Ἦ
1483 2377 1717 2413 ταπεινοφροσύνη
1729 2377 1775 2402 καὶ
1787 2378 1801 2403 6

1007 2424 1087 2458 φόϐος
1101 2423 1149 2450 τοῦ
1167 2424 1246 2455 Θεοῦ,
1262 2425 1390 2459 ὑπεράνω
1405 2425 1458 2451 εἰσὶ
1475 2424 1569 2451 πασῶν
1584 2424 1638 2450 τῶν
1654 2423 1771 2459 ἀρετῶν.

1044 2473 1096 2504 κγ’.
1122 2470 1152 2496 ’0
1174 2471 1256 2502 αὐτὸς
1282 2471 1400 2506 ἐκάθητο
1424 2480 1489 2498 ποτε
1505 2472 1545 2502 εἰς
1565 2471 1615 2506 τὴν
1641 2471 1799 2505 ἐκκλησίαν,

1008 2517 1054 2542 καὶ
1070 2515 1223 2548 ἐστέναξεν,
1238 2516 1345 2550 ἀγνοῶν
1366 2518 1407 2544 ὅτι
1432 2518 1491 2544 ἐστι
1508 2525 1550 2549 τις
1569 2516 1680 2543 ὃπισθεν
1706 2516 1798 2543 αὑτοῦ.

745 2605 766 2620 ⁸⁰
782 2604 855 2638 Hac,
869 2606 900 2632 ἐκ
917 2606 956 2641 τῆι

1013 2607 1094 2642 ἡμου,
1107 2615 1160 2634 non
1178 2612 1242 2635 sunt
1259 2608 1286 2634 in
1302 2608 1339 2635 al.
1377 2608 1398 2623 "
1412 2607 1470 2635 Jos.
1488 2616 1544 2640 xlv,
1561 2608 1588 2640 7,
1611 2607 1644 2635 10
1662 2608 1702 2634 Η.

1010 2689 1101 2711 verunt
1116 2685 1143 2711 in
1158 2685 1289 2711 ciuitatem
1307 2685 1362 2712 Dei.
1378 2685 1413 2712 At
1427 2685 1522 2713 Graece
1537 2685 1667 2713 exhibent
1677 2685 1797 2712 Colbcrt.

1010 2727 1084 2756 mssa
1096 2718 1178 2756 Εἶπεν
1194 2721 1208 2746 6
1229 2721 1316 2752 ὰῦΰᾶς
1332 2721 1458 2756 Ἰωάννης
1468 2722 1482 2747 6
1498 2721 1625 2752 Κολοϐὸς,
1641 2721 1681 2747 ἂτι
1700 2722 1715 2755 ὴ
1728 2720 1800 2756 πύλη

1009 2755 1056 2791 τοῦ
1071 2755 1232 2791 Θέοιῖνὲστιν
1249 2756 1264 2789 ἠ
1285 2755 1458 2788 ταπείνωσις,
1476 2756 1523 2783 καὶ
1539 2758 1563 2782 οἱ
1586 2756 1704 2789 πατέρες
1722 2755 1801 2791 ἡμῶν

1008 2790 1052 2827 {ita
1071 2790 1175 2827 πολλῶν
1197 2790 1303 2827 ὖᾷρεων
1320 2792 1366 2817 καὶ
1383 2791 1498 2825 θλίψεων
1514 2792 1654 2827 χαίροντες
1677 2790 1804 2825 εἰσῆλθον

1008 2825 1041 2851 δι’
1058 2825 1140 2860 αὐτῆς
1153 2827 1192 2856 εἰς
1207 2825 1255 2860 τὴν
1271 2826 1346 2853 πόλιν
1360 2826 1405 2852 τοῦ
1420 2826 1499 2854 Θεοῦ,

1045 2861 1082 2895 (υ)
1101 2860 1151 2888 Ini".
1168 2861 1195 2888 in
1211 2860 1311 2888 Tithoc.
1329 2870 1357 2889 n.
1368 2861 1396 2888 6.
