1970 3074
146 149 199 178 215

731 150 1035 179 APOPHTIIEGMATA
1053 149 1204 177 PATIIUM.

1713 146 1771 175 ave

146 207 227 238 Γνοὺς
237 203 293 237 οὖν,
308 205 387 232 ἔϐαλε
402 205 553 241 μετάνοιαν,
568 205 668 239 λέγων·
682 205 861 241 Συγχὼρησόν
876 214 931 240 μοι,

998 205 1062 238 ξιιοά
1078 206 1124 232 ubi
1140 204 1276 240 cognovit,
1294 202 1455 238 proclinavit
1471 211 1499 229 se
1519 210 1611 229 coram
1628 212 1670 235 eo,
1687 205 1768 231 dixit-

147 252 217 278 ὰϐὄᾶ.
227 260 233 266 ·
249 250 325 277 οὔπω
340 251 394 286 γὰρ
409 250 579 285 κατηχήθην.

180 341 229 366 κδ’.
253 341 284 366 Ὀ
305 340 385 371 αὐτὸς
409 339 486 374 ἔλεγε
507 339 546 374 τῷ
566 340 673 375 μαθητῇ
688 338 786 366 αὑτοῦ·
805 340 934 375 Τιμὴσω-

149 394 197 420 μεν
217 385 260 411 τὸν
278 385 336 417 ἕνα,
352 385 398 411 καὶ
421 386 521 417 πάντες
540 386 655 420 τιμῶσιν
671 386 758 419 ἡμᾶς’
773 385 820 411 ἐὰν
842 385 870 411 δὲ
885 394 934 411 κα-

147 432 359 466 ταφρονήσωμεν
373 431 419 457 τοῦ
433 431 502 462 ἑνὸς,
515 431 544 462 ὃς
558 431 616 457 ἐστι
629 431 704 461 Θεὸς,
719 431 933 466 καταφρονοῦσιν

147 477 224 512 ἡμῶν
242 476 351 508 πάντες,
368 477 415 502 καὶ
428 478 468 508 εἰς
483 476 620 503 ἀπώλειαν
635 477 785 511 ὑπάγομεν.

181 521 229 548 κε’.
248 522 359 556 Ἔλεγον
382 523 445 558 περὶ
467 521 513 549 τοῦ
537 522 609 548 ἁϐἦᾶ
631 522 772 553 Ἰωάννου,
789 521 829 547 ὅτι
853 518 934 555 ἦλθεν

147 568 187 599 εἰς
201 567 251 601 τὴν
268 567 415 602 ἐκκλησίαν
435 568 475 598 εἰς
490 567 588 602 Σκῆτιν
599 576 605 582 ·
622 569 670 593 καὶ
693 567 812 597 ἀκούσας
829 567 934 592 ἀντιλο-

147 614 209 646 γίας
224 612 304 639 τινῶν
320 613 450 647 ἀδελφῶν,
467 613 634 648 ὑπέστρεψεν
653 614 692 645 εἰς
708 613 756 648 τὴν
774 613 870 639 κέλλαν
886 613 932 638 αὑ-

148 658 195 685 τοῦ
207 667 213 673 ·
233 659 280 684 καὶ
297 658 449 690 κυκλεύσας
469 659 553 694 αὐτὴν
570 660 671 694 τρίτον,
695 659 780 690 οὕτως
802 659 934 693 εἰσῆλθεν.

154 704 279 738 ’Δδελφοὶ
300 704 329 730 δέ
354 712 425 735 τινες
452 704 550 735 ἰδόντες
578 705 669 736 αὑτὸν,
697 705 838 739 ἠπόρησαν
867 704 937 730 διατί

147 750 224 776 τοῦτο
245 750 369 786 ἐποίησε,
392 750 438 776 καὶ
462 750 585 782 ἐλθόντες
608 751 722 786 ἠρώτων
746 751 838 777 αὐτόν.
861 751 890 776 Ὀ
909 750 937 776 δὲ

148 794 220 828 λέγει
234 795 342 826 αὐτοῖς·
360 795 400 821 Τὰ
416 793 474 822 ὦτά
491 805 541 830 μου
561 794 633 831 εἶχον
646 797 700 822 ἀπὸ
719 797 767 831 τῆς
785 796 938 829 ἀντιλογίας

151 841 250 874 μεστά⁸
263 840 405 867 ὲκύκλωσα
419 839 476 872 οὖν,
490 841 532 867 ἵνα
544 841 685 876 καθαρίσω
699 842 778 870 αὐτὰ,
794 842 840 868 καὶ
854 841 938 872 οὕτως

983 258 1036 286 que
1052 260 1058 277 :
1074 249 1158 278 Parce
1177 250 1256 281 mihi.
1274 250 1360 282 abba;
1386 249 1506 276 nondum
1523 249 1622 283 quippe
1646 249 1769 277 initiatus

983 296 1033 323 fui.

1019 342 1064 369 24.
1086 341 1158 368 Dixit
1173 341 1241 368 idern
1257 341 1392 376 discipulo
1408 348 1458 367 suo
1472 347 1478 365 :
1493 339 1581 366 Uttum
1595 339 1769 372 ltonoremus,

984 389 1011 413 et
1024 386 1113 412 cuncti
1131 386 1287 412 honoraturi
1305 390 1368 412 sunt
1383 392 1432 412 nos
1449 394 1456 411 :
1473 384 1545 419 quod
1561 385 1584 411 si
1601 388 1771 418 contempse—

986 431 1072 458 rimus
1083 438 1177 462 unum,
1190 431 1241 457 hoc
1253 436 1295 457 est
1308 430 1402 462 Deum,
1416 437 1464 457 nos
1479 430 1571 456 cuncti
1586 433 1770 460 contctnnent.

985 484 1017 503 ac
1033 476 1192 510 peribimus.

1020 522 1065 548 25.
1083 522 1200 549 Aiebant
1216 522 1249 550 de
1266 523 1363 550 abbate
1381 520 1495 552 Joanne,
1509 521 1582 555 quod
1598 521 1626 547 in
1648 519 1719 546 Sceti
1739 520 1772 546 ad

987 568 1129 594 ecclesiam
1145 568 1276 602 perrexit;
1291 567 1445 602 auditisque
1465 566 1644 601 quorumdam
1658 566 1772 591 fratrum

987 614 1221 645 altercationibus,
1238 621 1364 641 reversus
1380 618 1422 640 est
1435 612 1466 639 ad
1484 613 1579 639 cellant
1601 618 1696 642 suam;
1718 614 1774 637 ter-

987 667 1040 693 quc
1062 659 1225 686 circumiens
1246 667 1323 691 eam,
1346 659 1382 685 ita
1399 658 1512 685 introiit.
1545 657 1656 684 Fratres
1683 661 1772 683 autent

989 704 1099 737 quidam
1116 705 1240 731 videntes
1255 705 1341 735 illum,
1365 704 1522 731 nesciebant
1537 711 1586 730 cur
1603 703 1630 729 id
1654 702 1773 729 fecisset.

989 749 1136 778 Venientes
1153 758 1216 785 ergo
1234 750 1384 785 percontati
1400 750 1530 777 suntJlle
1547 750 1579 776 ad
1593 757 1640 776 eos
1655 757 1661 775 :
1676 749 1774 778 Aures,

990 797 1090 830 inquit,
1103 804 1169 823 mete
1183 797 1356 823 contentione
1368 796 1453 830 plenm
1465 800 1558 827 erant;
1574 795 1687 822 circuivi
1698 804 1773 831 ergo.

991 847 1019 868 ut
1033 849 1177 876 purgarent
1192 849 1255 872 eas,
1272 845 1353 875 atque
1368 841 1407 868 sic
1425 849 1485 868 cum
1504 841 1602 868 mentis
1620 841 1714 876 requie
1731 842 1773 867 itt-

148 886 261 912 εἱσέλοω
276 887 304 912 ὲν
327 886 427 921 ἡσυχίᾳ
441 887 487 912 τοῦ
501 887 558 918 νοός
577 895 626 922 μου
645 887 685 917 εἰς
701 886 732 912 τὸ
747 886 851 912 κελλίον
877 895 938 921 μου.

998 887 1118 921 ;rederer
1134 886 1160 912 in
1178 887 1274 913 cellam
1291 894 1388 913 meam.

183 931 239 964 κς’.
256 930 342 958 Ἦλθὲ
359 942 423 959 ποτε
439 932 550 967 ἀδελφὸς
565 933 604 964 εἰς
619 932 670 967 τὴν
690 933 785 959 κέλλαν
802 932 847 958 τοῦ
867 932 940 958 ἁ66ᾶ

155 975 276 1003 Ἰωάννου
292 977 350 1011 ὀψὲ,
375 977 531 1009 σπουδάζων
553 977 693 1003 ἀπελθεῖν
717 977 763 1003 καὶ
787 977 939 1003 λαλούντων

148 1022 237 1048 αὐτῶν
257 1024 320 1058 περὶ
334 1023 449 1058 ἀρετῶν,
464 1024 558 1056 γέγονε
581 1023 664 1058 πρωῒ,
678 1024 725 1049 καὶ
738 1023 788 1049 οὐκ
808 1023 938 1056 ἔγνωσαν.

148 1069 203 1094 Καὶ
219 1068 312 1103 ἐξῆλθε
327 1068 484 1103 προπέμψαι
498 1069 577 1094 αὐτόν
588 1077 594 1083 ·
611 1069 656 1094 καὶ
669 1068 778 1103 ἔμειναν
793 1068 938 1100 λαλοῦντες

148 1113 200 1143 ἕως
220 1113 303 1148 ἕκτης
322 1113 405 1148 ὥρας.
423 1114 477 1139 Καὶ
496 1115 670 1149 εἰσήνεγκενι
691 1114 737 1140 καὶ
759 1114 939 1149 γευσάμενος,

148 1157 236 1188 οὕτως
250 1157 382 1192 ἀπῆλθεν.

184 1202 234 1234 κζ’.
256 1203 369 1236 Ἔλεγεν
391 1203 406 1228 ὁ
423 1203 510 1234 eaea;
527 1203 663 1238 Ἰωάννης,
686 1203 728 1230 ὅτι
752 1203 857 1238 φυλακή
872 1204 940 1236 ἐστι,

147 1248 177 1273 τὺ
190 1248 301 1274 καθίσαι
317 1250 345 1274 ἐν
360 1249 398 1284 τῷ
412 1249 518 1283 κελλίῳ,
533 1249 579 1275 καὶ
600 1248 779 1284 μνημονεύειν
804 1249 848 1275 τοῦ
872 1249 939 1275 Θεοῦ

147 1294 263 1320 ’πάντοτε
275 1295 308 1322 ³³,
332 1296 386 1321 Καὶ
408 1295 487 1322 τοῦτό
510 1297 566 1322 ἐστι
581 1296 621 1327 τὺ,
643 1296 692 1322 Ἐν
708 1295 832 1330 φυλακῇ
848 1296 940 1330 ἢμην,

148 1340 196 1367 καὶ
214 1340 321 1374 ἤλθετε
337 1340 412 1375 πρὸς
424 1341 472 1376 μέ.

183 1385 237 1421 xui.
257 1385 323 1412 Εἶπε
338 1386 432 1413 πάλιν’
455 1386 503 1417 Τίς
525 1387 633 1421 ἰσχυρὸς
650 1386 687 1418 ὡς
705 1386 718 1412 6
735 1385 818 1418 λέων;
836 1386 884 1412 καὶ
898 1385 941 1412 διὰ

149 1435 200 1469 τὴν
216 1433 319 1460 κοιλίαν
334 1433 416 1460 αὐτοῦ
432 1434 564 1468 ἐμπίπτει
589 1435 628 1465 εἰς
650 1433 761 1467 παγίδα,
777 1433 824 1459 καὶ
849 1432 896 1468 ὅλη
924 1434 940 1467 ἡ

151 1480 227 1514 ἰσχὺς
240 1480 321 1506 αὑτοῦ
335 1479 521 1506 ταπεινοῦται.

186 1525 236 1552 κθ’.
257 1525 354 1559 Ἔλεγε
378 1524 470 1557 πάλιν,
491 1526 532 1551 ὅτι
548 1525 684 1557 ἐσθίοντες
703 1526 726 1550 οἱ
749 1525 868 1560 Πατέρες
891 1524 940 1559 τῆς

150 1572 276 1606 Σκήτεως
297 1571 378 1606 ἄρτον
392 1571 438 1597 καὶ
451 1570 531 1601 ἅλας,
551 1571 642 1604 ἔλεγον
652 1580 658 1585 ·
676 1571 721 1606 Μὴ
742 1571 940 1606 ἀναγκάσωμεν

151 1617 264 1648 ἑαυτοὺς
278 1618 317 1648 εις
335 1617 402 1648 ἃλας
415 1617 461 1643 καὶ
475 1617 565 1652 ἄρτον.
582 1617 637 1642 Καὶ
653 1616 739 1648 οὕτως
756 1617 859 1652 ἰσχυροὶ
871 1614 940 1651 ἦσαν

150 1663 219 1698 πρὸς
232 1663 262 1688 τὸ
276 1662 356 1697 ἔργον
371 1662 417 1688 τοῦ
433 1662 511 1688 Θεοῦ.

186 1709 218 1735 λ’.
235 1707 335 1735 ἿΙλθεν
349 1708 461 1742 ἀδελφός
476 1717 518 1739 τις
540 1708 630 1734 λαϐεῖν
653 1708 783 1743 σπυρίδας
797 1708 871 1742 παρὰ
893 1707 939 1733 τοῦ

151 1754 225 1781 6665.
243 1755 377 1781 Ἰωάννου.
396 1755 450 1780 Καὶ
464 1754 579 1787 ἐξελθὼν
595 1754 668 1788 λέγει
684 1754 770 1789 αὐτῷ·
788 1755 820 1780 Τί
843 1754 938 1786 θέλεις,

152 1799 266 1833 ἁδελφές
287 1799 315 1825 'U
331 1799 358 1825 δὲ
378 1796 453 1825 εἷπε·
471 1799 622 1833 Σπυρίὸας,
645 1798 727 1825 ἀὸὂᾶ.
751 1799 886 1826 Εἰσελθὼν
911 1799 939 1825 δὲ

153 1844 474 1874 ἑκὸαλεῖν..ὲπελάθετο·
502 1846 549 1871 καὶ
574 1844 683 1870 ἐκάθισε
712 1845 830 1879 ράπτων.
857 1844 940 1871 Πάλιν

152 1891 284 1926 ἔκρουσε·
306 1892 353 1917 καὶ
380 1891 418 1922 ὼς
443 1889 554 1925 ἐξῆλθε,
582 1890 655 1924 λέγει
683 1890 770 1925 αὐτῷ·
798 1890 865 1924 Φέρε
891 1889 939 1924 τὴν

154 1936 281 1971 σπυρίδα,
297 1936 377 1962 ἁΰϐᾶ.
396 1935 528 1962 Εἰσελθὼν
545 1936 573 1962 δὲ
591 1936 671 1962 πάλιν
690 1936 799 1962 ἐκάθισε
816 1936 937 1970 ῥάπτειν.

153 1982 209 2008 Καὶ
239 1982 320 2008 πάλιν
350 1982 452 2012 ἐκεῖνος
482 1982 606 2016 ἔκρουσε.
632 1982 685 2007 Καὶ
719 1980 833 2013 ἐξελθὼν
866 1980 939 2014 λέγει

153 2027 292 2062 αὐτῷ-Τί
319 2027 418 2060 θέλεις,
445 2027 560 2062 ἀδελφέ;
589 2027 617 2053 '0
634 2027 663 2053 δὲ
689 2024 766 2053 εἷπε·
793 2027 848 2062 Τὴν
873 2036 941 2053 σπυ-

155 2074 235 2108 ρίδα,
258 2074 338 2100 6665..
357 2074 411 2100 Καὶ
437 2074 576 2109 κρατήσας
600 2073 681 2099 αὑτοῦ
705 2073 755 2108 τὴν
778 2074 871 2108 χεῖρα,
889 2074 938 2098 εἱσ-

155 2122 270 2156 ήνεγκεν
287 2121 366 2146 αὐτὸν
380 2121 442 2150 ἔσω,
455 2119 553 2153 λέγων·
571 2120 601 2145 Εἰ
618 2119 749 2154 σπυρίδας
765 2119 861 2150 θέλεις,
875 2118 940 2145 λάϐε

155 2167 202 2192 καὶ
215 2166 375 2200 περιπάτει·
393 2165 448 2199 ἐγὼ
464 2166 517 2201 γάρ
536 2165 566 2191 οὐ
582 2165 712 2200 σχολάζω.

192 2215 241 2238 λα’.
263 2210 347 2238 Ἦ).θέ
370 2220 434 2237 ποτε
452 2211 621 2246 καμηλίτης,
648 2211 690 2236 ἵνα
708 2210 775 2245 λάϐῃ
797 2210 830 2236 τὰ
856 2210 940 2244 σκεύη
958 2224 979 2250 D

157 2257 249 2288 αὑτοῦ,
268 2258 315 2284 καὶ
338 2258 444 2292 ἀπέλθῃ
466 2259 504 2289 εἰς
518 2257 596 2284 ἄλλον
619 2257 711 2283 τόπον.
732 2256 759 2282 '0
773 2256 801 2282 δὲ
815 2255 941 2282 εἰσελθὼν

157 2303 265 2336 ἐνέγκαι
278 2303 350 2338 αὐτῷ
364 2303 412 2338 τὴν
429 2303 530 2338 σειρὰν,
545 2301 698 2333 ὲπέλαθετο,
711 2301 859 2336 τεταμένην
874 2301 942 2336 ἔχων

160 2348 205 2384 τὴν
226 2348 345 2375 διάνοιαν
366 2349 433 2384 πρὸς
453 2349 498 2374 τὸν
516 2348 591 2374 Θεόν.
615 2348 698 2374 Πάλιν
720 2346 765 2374 οἷν
788 2347 908 2382 ὢχλησεν
929 2349 943 2374 ὁ

157 2395 310 2430 καμηλίτης
331 2395 437 2429 κρούων
458 2395 506 2429 τὴν
530 2393 624 2429 θύραν,
649 2394 696 2420 καὶ
722 2394 802 2420 πάλιν
822 2395 835 2420 6
857 2394 942 2425 ἀϐϐᾶς

163 2440 289 2474 Ἰωάννης
316 2440 519 2475 εἰσερχόμενος,
552 2438 707 2465 ἐπελάθετο.
733 2438 769 2464 Τὸ
795 2439 824 2464 δὲ
851 2439 942 2473 τρίτον

157 2487 321 2520 κρούσαντος
354 2486 400 2512 τοῦ
430 2485 597 2520 καμηλίτου,
622 2485 810 2520 εἰσερχόμενος
847 2485 922 2519 ἔλεγε
934 2493 941 2500 ⁶

157 2532 240 2569 Σειρὰ
254 2532 385 2568 κάμηλος,
405 2532 482 2567 σειρὰ
495 2531 617 2566 κάμηλος
627 2531 659 2556 ³⁸.

196 2617 245 2653 λβ¹.
269 2617 298 2644 ’0
324 2618 405 2650 αὐτὸς
429 2618 523 2652 γέγονε
549 2618 617 2650 ζέων
633 2618 671 2653 τῷ
690 2618 832 2654 πνεύματι.
854 2620 944 2655 Παρα-

157 2663 249 2691 ῦαλὼν
263 2663 310 2691 οὖν
323 2673 364 2696 τις
382 2664 466 2699 αὐτῷ,
487 2664 617 2699 ἐπῄνεσεν
632 2664 712 2691 αὑτοῦ
731 2664 761 2690 τὸ
774 2664 853 2700 ἔργον
863 2674 869 2680 ν
888 2667 944 2701 εἰρ-

1025 931 1069 958 26.
1088 931 1202 964 Quidam
1221 931 1304 958 frater
1325 939 1387 958 sero
1407 931 1481 957 venit
1504 932 1535 958 ad
1552 932 1645 958 cellam
1668 932 1774 960 abbatis

990 977 1116 1010 Joattnis,
1130 977 1204 1004 abire
1221 977 1370 1010 festinans;
1389 985 1506 1011 cumque
1519 977 1552 1004 de
1569 978 1715 1005 virtutibus
1737 979 1776 1004 Io-

991 1027 1152 1058 querentur,
1163 1022 1222 1049 dics
1238 1026 1349 1049 exortus
1359 1028 1412 1054 est,
1425 1030 1473 1048 nec
1490 1022 1690 1049 intellexerunt.
1705 1022 1776 1049 Exiit

991 1073 1021 1095 ut
1045 1069 1191 1095 deduceret
1207 1076 1287 1101 eum;
1309 1071 1336 1094 ct
1357 1069 1565 1102 perseverarunt
1588 1075 1616 1094 li]
1641 1067 1777 1102 colIOquio

991 1120 1078 1148 usque
1093 1113 1127 1139 ad
1143 1113 1236 1139 horam
1252 1116 1367 1139 sextam.
1394 1111 1544 1138 Introduxit
1564 1119 1629 1146 ergo
1650 1119 1729 1144 eum;
1746 1119 1777 1139 ac

990 1161 1134 1192 postquam
1148 1157 1238 1183 cibum
1257 1158 1427 1190 sumpsisset,
1447 1157 1482 1183 ita
1500 1156 1636 1183 discessit.

1026 1203 1072 1230 27.
1092 1203 1147 1238 (l0)
1177 1203 1283 1230 Monuit
1303 1203 1388 1229 abbas
1412 1203 1530 1230 Joannes
1549 1211 1555 1229 :
1572 1202 1703 1229 Custodia
1725 1208 1777 1235 est,

991 1249 1085 1277 sedere
1101 1250 1127 1275 in
1146 1250 1223 1282 cella,
1236 1254 1262 1276 et
1276 1249 1321 1275 Dei
1340 1257 1447 1283 semper
1461 1249 1627 1276 meminisse.
1643 1249 1729 1283 Atque
1742 1249 1778 1276 ita

991 1295 1193 1329 intelligendum
1210 1299 1251 1321 est
1267 1294 1332 1321 illud
1354 1304 1361 1321 :
1381 1294 1411 1321 lu
1424 1295 1546 1322 custodia
1566 1304 1650 1327 eram,
1667 1303 1690 1322 et
1708 1298 1779 1324 veni-

991 1341 1038 1367 stis
1052 1341 1085 1366 ad
1096 1349 1134 1367 me
1146 1341 1179 1368 ".

1026 1387 1072 1412 28.
1086 1385 1142 1422 (II)
1160 1385 1233 1413 Dixit
1248 1386 1347 1413 iterum
1362 1395 1368 1413 :
1383 1386 1524 1420 Quodnam
1541 1387 1640 1413 animal
1657 1387 1726 1414 forte
1737 1391 1779 1415 est

992 1435 1021 1457 ut
1039 1431 1101 1457 leo?
1123 1435 1149 1457 et
1165 1435 1255 1457 tamen
1276 1438 1388 1466 propter
1408 1437 1529 1458 ventrem
1547 1433 1572 1458 in
1590 1433 1715 1467 laqueum
1737 1434 1780 1461 in-

992 1476 1068 1507 cidit,
1084 1476 1228 1510 omnisque
1245 1476 1304 1510 ejus
1318 1477 1358 1503 vis
1375 1477 1546 1512 deprimitur.

1028 1524 1073 1550 1‘9.
1091 1524 1145 1558 (l2)
1166 1524 1197 1550 Et
1214 1524 1312 1551 iterum
1334 1533 1340 1550 :
1357 1524 1468 1551 Sceteos
1482 1524 1575 1552 Patres
1589 1533 1685 1560 panem
1698 1531 1724 1553 et
1739 1525 1780 1553 sal

997 1571 1179 1601 comedentes.
1196 1571 1305 1597 aiebant
1322 1581 1328 1598 :
1344 1570 1381 1598 Ne
1397 1571 1569 1605 imponamus
1591 1573 1670 1600 nobis
1685 1581 1779 1600 neces-

995 1617 1102 1644 sitatem
1115 1616 1243 1643 vescendi
1257 1617 1313 1643 sale
1325 1624 1355 1643 ac
1367 1625 1444 1651 pane.
1457 1618 1543 1651 Atque
1557 1618 1593 1645 ita
1609 1618 1691 1646 fortes
1702 1623 1779 1646 erant

991 1662 1024 1688 ad
1042 1670 1110 1697 opus
1127 1662 1184 1689 Dei.

1025 1709 1069 1734 50.
1093 1707 1171 1735 Venit
1195 1708 1281 1736 frater
1305 1709 1416 1743 quidatn
1441 1713 1471 1736 ut
1493 1714 1601 1744 spot-tas
1624 1710 1658 1737 ab
1681 1710 1780 1737 abbate

990 1751 1092 1778 Joanne
1108 1753 1251 1787 acciperet.
1268 1752 1317 1779 Hic
1334 1761 1460 1787 egressus
1481 1754 1549 1780 dixit
1563 1754 1586 1780 ei
1607 1763 1613 1780 :
1631 1753 1700 1786 Quid
1719 1753 1778 1786 vis,

993 1796 1097 1824 frater?
1112 1797 1159 1824 Ille
1177 1798 1214 1824 ait
1230 1807 1236 1824 :
1255 1797 1384 1832 Sportas,
1408 1799 1487 1825 abba.
1506 1798 1647 1832 Ingressus
1666 1806 1730 1825 vero
1751 1803 1781 1824 ut

991 1843 1111 1875 affeM‘ct,
1126 1843 1228 1871 oblitus
1243 1849 1299 1876 est;
1317 1845 1397 1875 sedit,
1411 1845 1546 1878 comitque
1561 1851 1703 1871 consucre.
1718 1843 1782 1870 Pul-

991 1890 1061 1916 savit
1073 1890 1169 1917 iterum
1185 1890 1268 1917 frater
1282 1901 1287 1916 :
1300 1899 1416 1925 cumque
1427 1891 1546 1918 Joannes
1557 1891 1668 1918 exiissct
1679 1900 1684 1917 :
1694 1890 1779 1920 Atl'er,

998 1935 1100 1969 inquit,
1122 1943 1245 1970 sporlas,
1270 1937 1348 1963 abba.
1371 1937 1479 1964 Intrans
1502 1941 1607 1969 autent,
1626 1944 1722 1964 rursus
1747 1936 1780 1963 ad

991 1982 1124 2009 snt-udum
1145 1982 1225 2009 sedit.
1246 1981 1293 2009 Ille
1310 1983 1398 2009 denuo
1413 1983 1541 2017 pulsavit.
1563 1983 1695 2018 Egressus
1711 1982 1778 2009 dicit

990 2028 1014 2054 ei
1033 2036 1040 2059 ;
1057 2028 1127 2060 Quid
1146 2029 1198 2059 vis,
1215 2028 1314 2055 frater?
1330 2029 1363 2054 At
1377 2028 1421 2055 ille
1437 2038 1444 2055 z
1460 2029 1598 2064 Sportam,
1613 2029 1692 2056 abba.
1703 2028 1780 2055 Tunc

992 2074 1161 2108 apprehensa
1186 2075 1245 2107 ejus
1270 2082 1369 2106 manu,
1389 2075 1539 2101 introduxit
1561 2075 1648 2106 illum,
1664 2074 1778 2102 dicens:

993 2119 1020 2146 Si
1043 2125 1150 2154 spot-tas
1171 2121 1223 2152 vis,
1242 2128 1329 2152 sume,
1354 2129 1385 2147 ac
1409 2121 1520 2153 recede;
1543 2121 1609 2147 mihi
1632 2128 1703 2147 entnt
1725 2128 1780 2147 non

991 2169 1081 2192 vacat.

1030 2211 1074 2237 51.
1099 2210 1178 2237 Venit
1193 2210 1340 2245 aliquando
1354 2211 1527 2243 camelarius,
1543 2215 1571 2237 ut
1586 2211 1778 2246 supellectilem

995 2257 1054 2291 ejus
1071 2260 1200 2289 sumeret,
1217 2257 1356 2291 abiretque
1378 2258 1405 2283 in
1427 2257 1510 2283 alium
1528 2257 1627 2284 locum.
1652 2257 1698 2285 Ille
1714 2265 1778 2285 vero

995 2303 1134 2336 ingressus
1155 2302 1188 2329 ad
1214 2302 1377 2330 afferendum
1400 2303 1424 2330 ei
1455 2304 1585 2338 plectam,
1609 2304 1711 2332 oblitus
1736 2308 1778 2332 est

995 2347 1067 2381 quod
1085 2351 1200 2374 mentem
1218 2347 1245 2374 in
1269 2348 1350 2375 Deutn
1371 2348 1503 2375 intentam
1525 2348 1648 2376 haberet.
1671 2348 1778 2377 Rursus

995 2391 1077 2426 igitur
1098 2391 1289 2419 interturbavit
1310 2393 1487 2425 came-larius,
1513 2393 1586 2421 fores
1612 2393 1721 2421 feriens.
1746 2394 1779 2421 Et

996 2436 1084 2463 adhuc
1097 2437 1238 2472 ingressus
1248 2438 1332 2464 abbas
1346 2437 1475 2470 Joannes,
1486 2446 1540 2465 non
1549 2442 1591 2466 est
1605 2439 1776 2467 recordatus.

994 2481 1114 2509 Tertium
1126 2482 1216 2517 itaque
1229 2483 1354 2517 pulsante
1368 2484 1521 2515 camelario,
1535 2484 1641 2512 intrans
1659 2484 1776 2512 dicebat.

992 2527 1095 2560 Plecta,
1117 2529 1254 2561 camelus;
1272 2530 1370 2564 plecta,
1388 2530 1517 2557 camelus.
1539 2529 1568 2557 ld
1591 2535 1678 2558 autem
1699 2538 1777 2565 repe-

993 2575 1078 2605 tebat.
1095 2582 1128 2602 ne
1143 2575 1240 2602 itertmt
1258 2583 1302 2602 res
1320 2576 1448 2603 memoria
1461 2576 1606 2603 excideret.

1029 2620 1073 2646 52.
1094 2620 1166 2647 Idem
1182 2620 1237 2647 fuit
1252 2621 1347 2655 spiritu
1367 2620 1496 2648 fervidus.
1517 2621 1609 2656 Itaque
1625 2622 1724 2656 aliquis
1737 2621 1778 2648 vi-

996 2673 1059 2693 sens
1072 2674 1144 2698 eum,
1162 2667 1283 2694 laudavit
1302 2667 1361 2701 ejus
1375 2675 1459 2701 opus;
1473 2668 1588 2702 plectam
1604 2672 1694 2695 autem
1709 2674 1790 2695 con--

194 2741 217 2757 "
233 2741 274 2768 Al.
288 2742 352 2768 add.
391 2741 458 2776 μετὰ
470 2741 585 2776 νήψεως.
623 2741 645 2756 ³³
659 2740 752 2768 Matth.
771 2749 832 2774 xxv,
848 2742 891 2769 36.
930 2743 939 2758 ²

1001 2763 1006 2769 .
1020 2743 1081 2769 add.
1094 2743 1141 2770 καὶ
1157 2743 1233 2770 τοῦτο
1246 2743 1346 2778 ἔλεγεν,
1361 2745 1404 2771 ἵνα
1417 2745 1453 2780 μὴ
1465 2744 1636 2781 ἐπιλάθηται.

195 2833 252 2869 (4οι
269 2833 396 2869 Ιμ-ιιιιιιιςο.
413 2833 477 2861 Cod.
492 2836 553 2862 237.

196 2867 252 2905 (Η)
277 2867 329 2896 Vit.
347 2868 425 2896 Patr.
441 2878 481 2903 ιιι,
497 2871 541 2898 66.

1032 2836 1212 2875 (1'2)Append.
1230 2845 1255 2872 p.
1279 2836 1354 2870 I002,
1367 2845 1393 2863 n.
1411 2835 1436 2863 1.
