1970 3074
187 155 240 183 9ἲῦ

769 159 940 187 ΔΡΡΕΝΙΠΧ
960 161 1005 188 AD
1022 161 1230 189 PALLADIUM.

1759 163 1812 192 210

190 218 307 245 arietat.
323 218 357 246 Et
370 221 465 247 tacuit.
487 220 586 248 lterum
605 221 650 248 ille
668 228 750 248 orsus
764 225 806 249 est
822 229 960 250 sermoner

1029 222 1128 256 γάζετο
1151 223 1180 249 δὲ
1206 223 1317 258 σειρὰν·
1349 224 1395 250 καὶ
1426 223 1573 258 ἐσιώπησε.
1597 223 1681 250 Πάλιν
1711 223 1813 256 ἐκεῖνος

188 264 222 290 ad
235 272 307 292 eum.
332 265 365 292 Et
382 266 471 294 adhuc
491 268 598 295 silebat.
622 267 713 294 'l‘eﬂio
733 267 802 295 dixit
824 267 971 295 inrisenti:

188 310 226 337 Ex
244 319 298 345 quo
311 311 363 339 huc
376 312 517 348 ingressus
530 321 570 344 es,
584 313 668 340 Deum
685 321 700 340 a
713 321 756 341 me
767 313 883 348 ejecisti.

221 400 265 427 55.
286 399 365 428 Venit
379 401 478 437 aliquis
489 410 571 430 senex
586 403 612 430 in
624 404 719 430 cellam
730 404 836 432 abbatis
846 403 971 437 Joannis,

187 451 213 472 ct
226 443 328 474 invenit
339 455 399 475 eum
412 448 601 480 dormientem,
611 449 733 484 angelum
747 457 812 476 vero
826 455 970 484 astantem,

186 493 232 526 qui
248 497 358 520 ventum
372 494 397 521 ei
411 493 537 522 faciebat.
560 494 684 530 Cumque
707 495 829 528 vidisset,
847 497 971 525 recessit.

186 537 221 565 Ut
238 542 327 566 autem
343 544 516 574 experrectus
531 545 583 571 est,
598 541 634 567 ait
649 541 782 574 discipulo
797 549 847 568 suo
860 551 866 569 :
880 541 973 569 Venit-

185 592 221 611 ne
245 585 381 619 quispiam
402 585 553 614 dormiente
577 587 639 614 me?
664 586 820 622 Respondet
841 597 848 615 :
871 588 969 622 Etiam,

186 630 231 658 ille
245 638 326 658 senex
343 640 350 658 :
365 631 552 667 Cognovitque
577 633 660 660 abbas
674 631 796 660 Joannes
809 634 881 668 quod
898 635 971 668 paris

185 684 276 704 secum
295 677 403 705 virtutis
418 681 490 705 esset
506 686 599 710 senex,
619 686 650 705 ac
664 679 775 706 vidisset
795 681 932 714 angelum.

219 723 262 750 54.
286 723 342 758 (15)
368 723 429 750 llzec
453 724 535 752 verba
562 724 625 751 fecit
648 725 733 753 abbas
756 725 875 754 Joannes
893 736 900 753 :
916 727 971 763 Ego

185 769 245 795 volo
263 774 291 796 ut
305 770 387 796 homo
403 778 498 805 parum
516 779 549 798 ex
572 772 699 799 omnibus
718 772 866 800 virtutibus
880 781 970 808 pem-

185 814 249 848 piat.
273 814 366 850 Itaque
389 815 504 849 singulis
520 815 616 843 diebus
632 824 711 844 mane
726 824 887 852 exsurgens,
903 827 970 853 cape

182 859 346 894 principium
360 860 392 887 ad
406 868 513 888 onmem
529 861 664 893 virtutem,
678 862 889 899 mandatumque
911 863 968 896 Dei,

183 905 210 932 in
226 906 344 932 maxima
359 907 499 940 patientia,
515 915 576 934 cum
597 908 694 935 timore
709 916 740 935 ac
755 909 967 943 :equanimitate,

181 951 209 978 in
225 952 338 979 caritate
351 951 409 983 Dei,
423 960 484 979 cum
502 953 576 979 onmi
596 955 736 982 alacritate
755 956 852 982 animm
864 960 891 983 et
905 963 968 983 cor-

182 997 267 1031 poris,
282 1004 399 1032 cumque
420 997 573 1024 humilitate
593 999 729 1029 multa,in
751 1001 894 1028 tolerantia
910 1005 967 1028 tum

182 1041 336 1070 atllictionis
354 1043 454 1076 cordis,
471 1047 528 1070 tum
544 1045 685 1076 custodiat,
700 1045 727 1072 in
749 1047 872 1074 oratione
883 1048 967 1074 multa

181 1093 208 1115 ct
224 1088 472 1122 deprecationibns,
496 1097 556 1116 cum
581 1090 693 1124 gemitu,
716 1092 833 1125 puritate
857 1093 965 1128 linguae,

181 1138 208 1161 et
228 1135 353 1162 custodia
368 1136 509 1162 oculorum
529 1145 535 1163 :
552 1136 743 1169 inhonoratus,
758 1145 808 1164 nec
826 1138 965 1173 irascens;

181 1179 320 1212 pacificus,
340 1187 389 1207 nec
409 1180 526 1208 reddens
550 1182 650 1209 malum
675 1190 724 1217 pro
745 1184 835 1216 malo;
853 1192 907 1212 non
924 1188 966 1211 at-

179 1225 295 1252 tendens
310 1225 344 1252 ad
361 1226 475 1253 aliorum
492 1226 605 1260 delicta;
623 1235 676 1254 non
700 1229 816 1264 teipsum
839 1232 964 1263 metiens,

180 1271 227 1297 Sed
245 1271 296 1298 sub
313 1272 387 1298 omni
403 1273 538 1301 cxsislens
553 1279 677 1301 creatura
695 1285 701 1301 :
720 1283 768 1310 per
783 1278 964 1305 renuntiatio-

179 1322 240 1342 nem
265 1316 384 1342 materize
402 1324 547 1351 rerumque
569 1318 736 1351 carnalium;
755 1319 782 1346 in
800 1328 892 1354 cruce,
906 1329 964 1348 cer-

179 1360 292 1392 tamine,
307 1366 465 1396 paupertate
481 1363 604 1396 spiritus,
623 1363 649 1389 in
666 1365 804 1392 voluntate
820 1371 845 1392 et
860 1366 965 1393 exerci-

178 1407 280 1433 tatione
301 1406 446 1440 spirituali,
471 1407 498 1433 in
517 1406 632 1441 jejunio,
653 1410 821 1442 pumilcntia,
844 1411 917 1440 fletu.
936 1412 964 1438 iu

177 1457 263 1485 agone
275 1451 376 1486 prmlii,
390 1452 417 1478 in
431 1452 605 1486 discretione,
624 1454 651 1480 in
665 1455 761 1482 animae
771 1457 961 1488 sanctimonia,

178 1496 206 1522 in
229 1497 402 1531 perceptione
426 1498 511 1531 bona;
534 1506 596 1526 cum
623 1500 713 1534 quiete
737 1509 806 1536 opus
834 1510 962 1529 manuum

176 1542 345 1570 exercendo:
358 1543 383 1570 in
400 1545 542 1572 nocturnis
556 1545 665 1580 vigiliis,
683 1546 763 1579 fame,
779 1547 835 1580 siti,
851 1548 961 1583 frigore,
976 1568 996 1595 ο

176 1589 317 1622 nuditate,
341 1589 508 1619 laboribus:
534 1596 616 1626 atque
642 1594 778 1621 occludito
807 1596 961 1629 sepulcrum

177 1640 270 1667 tuum,
292 1637 371 1670 quasi
392 1637 448 1670 jam
471 1643 611 1672 mortuus;
634 1640 670 1666 ita
695 1645 724 1667 ut
747 1645 825 1676 putes
847 1646 961 1670 mortem

174 1685 249 1707 tuam
267 1688 350 1716 prope
367 1689 428 1709 esse
442 1683 516 1709 omni
531 1683 608 1711 hora.

209 1769 253 1796 55.
266 1769 382 1797 Aiebam
392 1769 426 1797 de
435 1770 528 1797 eodem
542 1771 638 1799 abbate
648 1772 761 1806 Joanne,
770 1775 840 1809 quod
850 1776 959 1810 quando

173 1815 277 1842 redibat
291 1823 305 1842 e
320 1823 418 1847 messe,
437 1821 483 1843 aut
497 1824 512 1843 e
527 1824 674 1852 congressu
694 1827 754 1846 curn
773 1821 896 1853 senibus,
916 1829 958 1848 va-

173 1860 252 1887 cabat
263 1861 390 1893 orationi,
408 1861 575 1889 meditationi
589 1867 615 1890 et
625 1865 790 1898 psalmodim,
806 1874 893 1900 usque
904 1875 959 1902 quo

172 1912 250 1933 incus
265 1905 369 1940 ejus-in
385 1906 531 1941 pristinum
547 1909 668 1935 ordinem
683 1909 779 1937 fuisset
797 1912 932 1940 restituta.

207 1992 252 2019 36.
274 1993 312 2020 Dc
325 2001 358 2020 eo
372 1995 559 2028 pronuntiavit
573 1995 682 2023 Patrum
700 1998 847 2025 nonnullus
863 2008 869 2025 :
889 1999 956 2032 Quis

170 2043 213 2066 est
230 2038 349 2067 Joannes
361 2059 368 2071 ,
388 2041 460 2074 quod
478 2048 525 2075 per
546 2041 723 2070 humilitatem
745 2052 821 2071 suam
836 2053 852 2072 e
872 2054 956 2081 parvo

170 2085 255 2120 digito
267 2089 349 2113 totam
366 2087 466 2113 Seetim
481 2088 642 2122 suspendit?

205 2173 250 2200 57.
270 2173 449 2208 Interrogavit
460 2174 559 2208 aliquis
572 2182 587 2200 e
599 2174 725 2202 Patribus
738 2176 861 2203 abbatem
875 2176 954 2204 Joan-

170 2227 232 2245 nem
248 2218 374 2251 Curtum,
390 2218 457 2253 quid
473 2223 545 2246 esset
559 2220 720 2247 monachus.
738 2220 783 2248 Ille
799 2221 887 2249 dixit:
905 2222 953 2250 Est

170 2265 255 2292 labor.
276 2265 343 2297 Quia
367 2265 516 2292 monachus
538 2267 564 2292 in
584 2267 657 2292 omni
677 2274 759 2301 opere
782 2267 895 2295 laborat.
915 2268 953 2295 Ita

168 2317 210 2339 est
235 2313 398 2340 monachus.
596 2333 600 2337 ›

203 2357 248 2385 58.
268 2357 498 2385 Commemoravit
518 2358 570 2384 hoc
593 2357 676 2385 abbas
697 2357 815 2386 Joannes
829 2359 950 2387 Curtus:

169 2404 325 2438 Spiritualis
350 2404 460 2439 quidam
487 2412 568 2430 senex
592 2404 702 2432 inclusit
725 2413 769 2438 se;
795 2409 906 2440 eratque
923 2407 951 2433 in

166 2450 278 2477 ciritate
290 2449 416 2484 insignis,
430 2451 526 2485 plenus
542 2451 628 2485 gloria
643 2456 669 2477 et
691 2451 781 2478 laude.
798 2451 867 2479 Huic
881 2452 953 2479 indi-

167 2499 257 2520 catum
285 2495 524 2523 est:Sanctorum
548 2496 645 2530 aliquis
674 2495 785 2523 dissolvi
809 2505 858 2524 seu
881 2499 951 2526 mori

166 2539 264 2572 habet;
287 2540 369 2572 veni,
395 2541 482 2567 saluta
507 2549 569 2568 eum
593 2546 738 2576 antequam
765 2543 854 2571 obeat.
880 2544 951 2580 Ergo

166 2587 301 2619 reputavit
317 2587 387 2621 apud
401 2594 447 2614 se:
469 2587 497 2614 Si
511 2587 544 2614 de
559 2588 602 2614 die
618 2589 720 2619 exicro,
740 2595 883 2617 aceurreut
899 2591 949 2617 ho-

165 2633 263 2662 mines,
283 2634 422 2668 multaque
441 2634 506 2660 mihi
523 2635 574 2661 erit
595 2634 691 2669 gloria.
709 2642 759 2661 nec
782 2635 808 2661 in
827 2636 870 2663 his
885 2644 950 2663 con-

164 2678 287 2712 quiesco.
301 2678 378 2706 Unde
387 2688 448 2707 sero
459 2681 510 2707 sub
520 2681 645 2708 tenebras
656 2681 746 2713 abibo,
758 2682 827 2710 clam
841 2690 947 2712 omnes.

1024 268 1148 303 ἐκίνησεν
1163 268 1236 304 αὺτῷ
1255 269 1332 303 λόγον
1342 279 1348 284 ·
1365 270 1412 297 καὶ
1432 270 1512 296 πάλιν
1535 268 1649 295 ἐσιώπα.
1662 268 1698 294 Τὺ
1712 268 1812 303 τρίτον,

1023 312 1096 346 λέγει
1118 313 1154 348 τῷ
1182 314 1377 348 παραόαλὸντι-
1407 315 1467 348 Ἀφ’
1489 312 1520 340 οὖ
1540 313 1665 348 εἰσῆλθες
1687 312 1811 346 ἐνταῦθα,

1023 357 1119 389 ἔϐαλες
1134 358 1156 373 ³⁵
1169 358 1215 385 τὸν
1232 358 1296 385 Θεὸν
1310 359 1357 385 ἀπ’
1370 359 1448 394 ἐμοί’).

1059 402 1109 436 λγ¹.
1126 400 1213 429 Ἦλθέ
1239 412 1281 434 τις
1303 404 1390 439 γέρων
1413 404 1453 435 είς
1475 403 1525 438 τὴν
1545 403 1643 429 κέλλαν
1667 401 1713 428 τοῦ
1741 401 1812 428 ἀδεᾶ

1028 448 1163 481 Ἰωάννου,
1179 449 1226 476 καὶ
1242 445 1321 485 εὗρεν
1337 450 1419 476 αὑτὸν
1437 449 1611 479 καθεύδοντα,
1634 450 1681 475 καὶ
1696 448 1810 482 ἄγγελον

1023 494 1225 530 παριστάμενον
1237 496 1284 522 καί
1304 495 1444 530 ριπίζοντα
1457 495 1548 522 αὐτόν.
1563 495 1617 521 Καὶ
1637 494 1811 532 ἀνεχώρησεν

1024 538 1094 565 ἰδών.
1114 540 1159 571 Ὧς
1176 540 1205 567 δὲ
1219 541 1329 578 ἀνέστη,
1348 540 1473 576 λέγειτῷ
1491 541 1595 576 μαθητῇ
1613 540 1694 566 αὑτοῦ
1706 549 1712 554 ·
1725 538 1811 566 ἾΙλθέ

1020 592 1063 615 τις
1086 581 1137 610 ὧδε
1154 586 1325 621 κοιμωμένου
1349 595 1417 621 μους
1445 586 1546 620 Λέγει·
1574 585 1644 612 Ναί”
1663 587 1676 612 ὸ
1700 585 1775 611 δεῖνα
1795 584 1811 610 6

1021 630 1119 666 γέρων.
1135 631 1189 657 Καὶ
1205 631 1275 665 ἔγνω
1288 633 1302 658 ὁ
1315 632 1402 663 ἁϐϐᾶς
1422 632 1559 667 Ἰωάννης,
1574 631 1615 657 ὅτι
1629 631 1684 657 τῶν
1704 631 1811 666 μέτρων

1021 675 1104 702 αὐτοῦ
1119 674 1153 711 ἦν
1165 678 1180 702 ὁ
1195 677 1294 712 γέρων,
1313 678 1359 704 καὶ
1375 675 1430 704 εἶδε
1445 677 1490 703 τὸν
1508 676 1632 710 ἄγγελον.

1055 720 1101 748 λδ’.
1120 720 1202 748 Εἶπεν
1215 723 1325 755 ὁάὂϐἄς
1341 723 1483 758 Ἰωάννης·
1506 721 1576 756 Ἐγὼ
1600 721 1669 748 θέλω
1695 720 1811 756 μεταλα-

1021 767 1077 793 ϐεῖν
1093 767 1138 793 τὸν
1163 767 1316 803 ἄνθρωπον,
1334 768 1432 803 μικρὸν
1447 769 1478 794 ἐκ
1495 767 1591 794 πασῶν
1613 767 1667 793 τῶν
1692 767 1808 802 ἀρετῶν,

1020 813 1116 839 Τοίνυν
1133 814 1175 847 ἐφ’
1187 814 1304 848 ἑκάστης
1319 814 1435 850 ἡμέρας,
1449 813 1652 848 διανιστάμενος
1669 813 1707 847 τῷ
1725 812 1808 848 πρωῒ,

1021 859 1149 885 ἐπιλαϐοῦ
1169 860 1255 894 ἀρχὴν
1273 860 1295 875 ³⁵
1318 861 1357 890 είς
1380 860 1470 886 πᾶσαν
1489 860 1599 895 ἀρετὴν,
1626 860 1672 886 καὶ
1698 859 1808 893 ἐντολὴν

985 896 1007 925 Β
1022 904 1100 937 Θεοῦ,
1117 906 1145 931 ἐν
1163 905 1278 941 μεγίστῃ
1302 906 1434 941 ὑπομονῇ,
1453 906 1520 940 μετὰ
1540 905 1623 940 φόϐου
1646 906 1692 932 καὶ
1709 913 1809 940 μακροτ

1019 950 1134 982 Θυμίας,
1162 952 1191 977 ὲν
1216 952 1310 987 ἀγάπῃ
1337 951 1415 984 Θεοῦ,
1443 952 1511 986 μετὰ
1539 951 1628 986 πάσης
1653 951 1807 986 προθυμίας

1018 996 1108 1031 ψυχῆς
1131 997 1178 1023 καὶ
1206 997 1339 1031 σώματος,
1364 997 1411 1023 καὶ
1436 996 1624 1028 ταπεινώσεως
1644 996 1753 1030 πολλῆς,
1776 996 1806 1022 ὲν

1018 1042 1139 1077 ὑπομονῇ
1154 1041 1269 1075 θλίψεως
1289 1042 1399 1077 καρδίας
1417 1043 1463 1068 καὶ
1481 1041 1612 1076 φυλακῆς,
1627 1042 1655 1066 ἐν
1668 1042 1804 1076 προσευχῇ

1017 1087 1101 1123 πολλῇ
1123 1088 1170 1114 καὶ
1184 1088 1350 1123 πρεσϐείαις,
1370 1088 1438 1122 μετὰ
1455 1087 1605 1122 στεναγμοῦ
1618 1087 1650 1116 ³⁷,
1664 1088 1693 1113 ἐν
1710 1087 1807 1123 ἁγνείᾳ

1016 1133 1151 1168 γλώσσης,
1174 1135 1221 1160 καὶ
1241 1134 1345 1169 φυλακῇ
1366 1133 1513 1168 ὀφθαλμῶν
1532 1133 1740 1168 ἀτιμαζόμενος,
1759 1133 1806 1159 καὶ

1018 1179 1056 1215 μὴ
1078 1179 1269 1214 ὀργιζόμενος·
1295 1178 1453 1214 εἰρηνεύων,
1479 1180 1525 1205 καὶ
1551 1179 1587 1214 μὴ
1614 1178 1805 1209 ἀνταποδιδοὺς

1017 1225 1100 1251 κακὸν
1122 1225 1182 1250 ἀντὶ
1199 1223 1303 1250 κακοῖν
1330 1224 1367 1259 μὴ
1385 1223 1528 1259 προσέχων
1555 1222 1722 1257 πταίσμασιν
1747 1222 1806 1248 ἑτε-

1017 1279 1088 1306 ρων·
1107 1270 1144 1306 μὴ
1163 1270 1259 1297 ἑαυτὸν
1278 1270 1394 1305 μετρῶν,
1411 1270 1538 1296 ὑποκάτω
1560 1269 1650 1304 πάσης
1672 1269 1722 1303 τῆς
1745 1269 1804 1295 κτί-

1016 1324 1085 1346 σεως
1107 1315 1160 1341 ὤν’
1178 1315 1207 1341 ὲν
1223 1314 1358 1350 ἁποταξίᾳ.
1383 1314 1449 1349 ὕλης
1465 1314 1512 1340 καὶ
1533 1314 1588 1340 τῶν
1611 1313 1681 1340 κατὰ
1697 1313 1801 1346 σάρκα,

1015 1361 1044 1386 ὲν
1069 1351 1188 1396 σταυρῷ,
1212 1361 1240 1386 ὲν
1264 1360 1358 1394 ἀγῶνι,
1383 1361 1411 1386 ἐν
1436 1359 1557 1394 πτωχείᾳ.
1583 1359 1750 1394 πνεύματος,
1773 1360 1802 1384 ἐν

1015 1406 1171 1441 προαιρέσει
1186 1406 1232 1432 καὶ
1247 1407 1362 1441 ἀσκήσει
1384 1407 1566 1441 πνευματικῇ,
1589 1407 1616 1432 ὲν
1634 1405 1755 1440 νηστεία,
1772 1406 1803 1430 ἐν

1016 1452 1142 1487 μετανοίᾳ
1154 1452 1200 1478 καὶ
1213 1452 1235 1467 ³⁸
1250 1451 1390 1487 κλαυθμῷ,
1406 1454 1434 1478 ἐν
1451 1452 1536 1485 ἀγῶνι
1556 1452 1684 1487 πολέμου,
1697 1452 1726 1477 ἐν
1743 1452 1803 1478 δια-

1014 1498 1114 1531 κρίσει,
1135 1499 1163 1523 ὲν
1184 1498 1280 1533 ἁγνείᾳ.
1298 1498 1397 1533 ψυχῆς,
1421 1500 1449 1524 ἐν
1469 1499 1616 1534 μεταλήψει
1633 1499 1754 1534 χρηστῇ·
1771 1498 1801 1523 ἐν

1013 1541 1113 1576 ἠσυχίᾳ
1131 1542 1162 1568 τὸ
1178 1543 1333 1577 ὲργὸχειρον
1344 1543 1380 1558 ³⁹¹
1398 1544 1426 1568 ὲν
1448 1544 1508 1574 ταῖς
1528 1543 1695 1577 νυκτεριναῖς
1713 1542 1799 1576 ἀγρυο

1013 1587 1115 1618 πνίαις,
1132 1589 1160 1614 ἐν
1178 1588 1256 1624 πείνῃ
1273 1589 1319 1614 καὶ
1332 1588 1406 1624 δίψῃ,
1424 1589 1452 1614 ἐν
1469 1588 1549 1623 ψύχει
1568 1588 1614 1614 καὶ
1639 1587 1798 1622 γυμνότητι,

1013 1633 1042 1658 ἐν
1055 1634 1160 1664 πόνοις
1176 1634 1327 1661 ἀποκλείων
1349 1643 1394 1660 σου
1419 1634 1464 1660 τὸν
1477 1634 1572 1668 τάφον,
1584 1633 1621 1664 ὡς
1641 1633 1690 1668 ἤδη
1705 1633 1799 1659 τελευ-

1012 1679 1113 1710 τήσας·
1134 1679 1171 1710 ὡς
1197 1679 1315 1714 νομίζειν
1341 1676 1409 1705 εἷναί
1434 1688 1480 1705 σου
1506 1679 1550 1706 τὸν
1578 1679 1691 1705 θάνατον
1716 1678 1799 1713 ἐγγὺς

1012 1726 1102 1754 πᾶσαν
1116 1725 1163 1759 τὴν
1177 1725 1250 1761 ὤραν
1263 1725 1296 1751 ⁵ο.

1047 1770 1093 1796 λε’,
1107 1771 1218 1804 Ἔλεγον
1234 1772 1297 1806 περὶ
1321 1771 1403 1798 αὑτοῦ
1425 1771 1471 1798 τοῦ
1500 1772 1572 1798 ἁεΰᾶ
1593 1772 1727 1802 Ἰωάννου,
1752 1771 1794 1798 ὅτι

1010 1815 1048 1847 ὡς
1064 1816 1162 1851 ἤρχετο
1179 1818 1211 1843 ἐκ
1227 1817 1272 1844 τοῦ
1295 1817 1403 1854 θέρους,
1422 1817 1437 1852 ἢ
1456 1817 1637 1853 παραϐάλλων
1658 1818 1795 1852 γέρουσιν,

1010 1863 1050 1893 είς
1064 1863 1112 1897 τὴν
1126 1863 1208 1898 εὐχὴν
1224 1864 1269 1890 καὶ
1288 1865 1327 1895 εις
1338 1864 1387 1899 τὴν
1402 1864 1516 1900 μελέτην
1528 1865 1575 1890 καὶ
1589 1865 1628 1895 εἰς
1643 1864 1690 1898 τὴν
1704 1863 1795 1897 ψαλμ-

1013 1907 1095 1942 ῳδίαν
1122 1907 1282 1941 ἐσχόλαζεν,
1302 1909 1353 1940 ἕως
1376 1907 1406 1935 οὗ
1418 1909 1626 1943 ἀποκατεστάθη
1638 1909 1652 1933 ὁ
1666 1908 1794 1942 λογισμὸς

1009 1952 1091 1979 αὑτοῦ
1108 1955 1146 1984 εἰς
1159 1953 1206 1989 τὴν
1217 1954 1293 1987 τάξιν
1305 1955 1353 1989 τὴν
1367 1955 1492 1990 ἀρχαίαν.

1044 2001 1096 2031 λς’.
1114 1997 1180 2025 Εἶπέ
1197 2008 1239 2031 τις
1267 2000 1320 2026 τῶν
1340 2002 1468 2036 Πατὲρων
1493 2001 1557 2035 περὶ
1572 2001 1671 2034 αὑτοῦ,
1688 2001 1728 2026 ὅτι
1745 2000 1794 2032 Τίς

1007 2045 1080 2070 ἐστιν
1098 2045 1112 2070 ὁ
1132 2045 1268 2081 Ἰωάννης,
1288 2047 1327 2072 ὅτι
1357 2047 1400 2073 διὰ
1416 2048 1464 2082 τῆς
1485 2046 1673 2078 ταπεινώσεως
1698 2046 1792 2077 αὑτοῦ.

1008 2090 1161 2125 ἐκρέμασεν
1193 2091 1256 2126 ὃλην
1284 2092 1334 2127 τὴν
1369 2093 1467 2127 Σκῆτιν
1489 2093 1518 2118 ἐν
1536 2092 1575 2128 τῷ
1592 2092 1682 2128 μικρῷ
1711 2093 1792 2120 αὑτοῦ

1007 2136 1131 2171 δακτύλῳ
1141 2146 1148 2169 ;

1043 2182 1091 2213 λζ’.
1116 2183 1251 2218 Ἐρώτησέ
1265 2193 1307 2215 τις
1320 2184 1374 2210 τῶν
1391 2185 1521 2219 Πατέρων
1536 2185 1581 2211 τὸν
1594 2184 1680 2211 ἀεῦἄν
1700 2185 1792 2211 Ἰωάν-

1006 2237 1053 2262 νην
1068 2228 1113 2254 τὸν
1125 2229 1245 2260 κολοϐὸν,
1269 2230 1294 2256 τί
1318 2231 1376 2256 ἐστι
1398 2231 1527 2265 μοναχός;
1551 2231 1579 2256 Ὀ
1594 2231 1622 2256 δὲ
1640 2229 1700 2256 εἷπε
1711 2239 1717 2246 ’
1734 2231 1792 2257 Κό-

1007 2283 1066 2305 πος.
1086 2274 1145 2300 Ὅτι
1160 2276 1173 2300 ὁ
1190 2275 1304 2311 μοναχὺς
1332 2277 1371 2306 εἰς
1396 2277 1448 2302 πᾶν
1466 2277 1545 2311 ἔργον
1565 2277 1656 2312 κοπιᾷ.
1670 2277 1762 2309 Οὕτως
1777 2279 1795 2304 ὁ

1008 2321 1132 2356 μοναχὸς.

1039 2367 1090 2401 λη’.
1104 2365 1188 2393 Εἶπεν
1204 2368 1218 2393 ὁ
1230 2367 1317 2400 ἀϐὁᾶς
1337 2369 1463 2404 Ἰωάννης
1480 2369 1494 2394 ὁ
1505 2368 1625 2399 κολοϐὸς,
1645 2368 1686 2395 ὅτι
1700 2369 1794 2405 γέρων

1003 2421 1045 2444 τις
1062 2414 1253 2448 πνευματικὸς.
1277 2415 1435 2442 ἀπέκλεισεν
1454 2415 1558 2446 ἑαυτὸν,
1576 2416 1623 2441 καὶ
1640 2412 1674 2450 ἦν
1694 2415 1796 2449 ἐπίση-

1005 2467 1054 2493 μος
1071 2461 1099 2485 ὲν
1113 2461 1145 2495 τῇ
1172 2460 1256 2491 πόλει,
1272 2461 1319 2487 καὶ
1335 2462 1413 2494 δόξαν
1437 2461 1536 2496 πολλὴν
1551 2461 1628 2496 ἔχων.
1652 2460 1793 2498 Ἐδηλώθη
1809 2456 1815 2476 ⁸

1002 2505 1031 2531 δὲ
1047 2505 1144 2541 τούτῳ,
1159 2505 1200 2532 ὅτι
1211 2507 1309 2534 Μέλλει
1326 2516 1368 2539 τις
1385 2507 1440 2534 τῶν
1449 2508 1533 2542 ἁγίων
1547 2507 1681 2540 ἀναλύειν,
1697 2507 1795 2543 δεῦρο,

1003 2550 1123 2577 ἄσπασαι
1148 2552 1228 2578 αὐτὸν
1255 2553 1317 2587 πρὶν
1344 2553 1473 2589 κοιμηθῇ.
1505 2554 1560 2580 Καὶ
1580 2553 1734 2589 ἐνεθυμήθη
1758 2554 1796 2582 ἐν

1002 2597 1100 2631 ἑαυτῷ,
1116 2597 1156 2623 ὅτι
1175 2598 1237 2624 Ἐὰν
1252 2598 1352 2630 ἐξέλθω
1370 2600 1486 2634 ἡμέρας,
1501 2600 1688 2635 ἐπιτρέχουσιν
1699 2600 1723 2625 οἱ
1741 2599 1795 2626 ἄν·

1003 2640 1115 2676 θρωποι,
1141 2642 1188 2668 καὶ
1205 2643 1287 2678 πολλή
1314 2652 1358 2678 μοι
1373 2644 1437 2677 δόξα
1454 2644 1568 2678 γίνεται,
1594 2645 1640 2670 καὶ
1657 2644 1706 2670 οὐκ
1721 2644 1795 2670 ἀνοι-

1001 2687 1122 2722 παύομαι
1148 2689 1187 2720 είς
1215 2689 1310 2716 ταῦτα.
1329 2690 1494 2726 ’Λπέρχομαι
1508 2689 1555 2717 οὖν
1567 2691 1615 2725 ὀψὲ
1627 2691 1659 2726 τῇ
1680 2691 1793 2728 σκοτίὲ,

199 2770 222 2787 ³³
236 2770 278 2797 Al.
295 2770 399 2803 ἔλαϐες.
437 2772 460 2788 ³⁸
474 2772 516 2798 Al.
531 2773 629 2808 ἀρχῆς.
667 2773 688 2788 ⁸⁷
702 2773 744 2800 Al.
761 2775 932 2810 στεναγμῶν.

1018 2777 1046 2803 λι.
1063 2778 1100 2804 ἐν.
1140 2778 1162 2794 ³⁹
1175 2779 1216 2806 Al.
1233 2779 1294 2807 add.
1315 2780 1373 2809 σοῦ.
1411 2781 1431 2807 ‘F
1448 2781 1480 2808 Al
1507 2781 1626 2820 ἱμέραν.

198 2859 254 2895 (15)
274 2859 326 2887 Vit.
345 2860 422 2887 l’atr.
438 2868 457 2895 ι,
473 2862 499 2888 8.
514 2860 624 2888 Doroth.
639 2861 727 2889 Doclr.
746 2863 788 2890 Η».
