1970 3074
126 173 174 201 221

701 172 1009 202 APOPIITIIEGMATA
1027 172 1179 202 PATRUM.

1704 172 1758 200 39.2

124 233 237 261 σεαυτὸν
251 233 351 266 ὀλίγον,
362 233 402 259 ὅτι
414 231 506 259 λοιπὸν
523 232 672 267 ἐγήρασας.
689 233 745 259 Καὶ
760 233 851 267 ἔλεγεν
866 233 915 259 αὺ-

985 240 1016 259 er
1027 231 1113 267 quieti
1129 232 1174 263 da,
1189 230 1253 266 quia
1267 230 1324 264 jam
1339 237 1421 257 senex
1439 237 1478 257 es.
1494 228 1564 256 Tum
1581 228 1619 255 ait
1635 227 1676 256 eis
1690 239 1697 255 :
1712 227 1760 256 Liv

126 281 193 311 τοῖς,
206 279 247 306 ὅτι
262 279 324 306 Ἐὰν
335 279 471 305 καύσωσιν
479 278 624 313 Ἰσίδωρον,
634 278 680 304 καὶ
694 277 743 313 τὴν
757 278 852 305 σποδὸν
866 279 914 304 αὑ-

123 325 173 352 τοῦ
188 325 281 360 ἀνέμῳ
295 325 492 360 σκορπίσωσιν,
504 324 564 350 οὐδὲ
582 325 630 358 μία
647 332 692 358 μοι
707 324 786 358 χάρις
808 323 913 358 ἀκμὴν,

125 372 166 398 ὅτι
181 373 195 398 ὁ
213 371 276 403 Υἱὸς
286 370 333 397 τοῦ
349 370 416 397 Θεοῦ
428 367 479 397 ὧδε
492 368 557 406 ἦλθε
570 369 602 396 δι’
618 371 701 405 ἡμᾶς.

163 465 201 494 ς’.
228 461 256 487 '0
270 460 351 492 αὐτὸς
363 458 424 486 εἷπε
447 460 511 495 περὶ
533 459 580 486 τοῦ
607 459 679 486 ἀῧϐᾶ
707 458 858 494 Ἰσιδώρου,
874 459 916 485 ὃτι

127 508 220 541 ελεγον
244 506 318 542 αὐτῷ
330 507 353 533 οἱ
375 505 624 541 λογισμοί·Μέγας
647 503 671 532 εἶ
686 505 836 540 ἄνθρωπος.
861 505 916 531 Καὶ

128 554 203 588 ἔλεγε
219 553 286 588 πρὸς
301 553 414 584 αὐτούς’
426 553 470 587 Μή
487 553 543 587 εἰμι
560 552 630 578 κατὰ
650 552 696 577 τὴν
711 551 796 577 ἁϐϐᾶν
820 550 917 576 ’Λντώ-

128 607 183 624 νιον
199 607 205 630 ;
222 597 238 634 ἢ
258 598 391 632 ἐγενόμην
410 597 477 627 ὅλως
499 595 569 622 κατὰ
592 595 637 621 τὸν
656 594 743 621 ὰὸΰᾶν
767 593 881 628 Παμεὼ,
898 592 915 628 ἢ

128 645 166 675 ὡς
181 646 205 671 οἱ
229 644 318 670 λοιποὶ
344 643 464 679 Πατέρες
483 644 507 668 οἱ
530 642 568 677 τῷ
582 641 642 676 Θεῷ
667 639 915 676 εὐαρεστήσειντεςῑ

130 689 196 714 Ὅτε
218 689 304 715 ταῦτα
333 690 560 724 παρεισήνεγκεν,
587 687 747 714 ἀνεπαύετο.
769 687 833 712 Ὅτε
852 686 879 712 δῖε
900 687 916 720 ἡ

130 734 214 769 ἔχθρα
231 736 317 761 ἐποίει
327 736 407 761 αὐτὸν
418 735 622 769 ὀλιγοψυχῆσαι,
639 733 677 764 ὡς
691 734 733 759 ὅτι
748 732 815 767 μετὰ
832 732 919 757 ταῦτα

132 782 221 808 πάντα
237 781 277 811 εἰς
292 779 340 815 τὴν
353 780 464 807 κόλασιν
472 781 506 814 ⁸⁷,
522 781 614 814 ἔλεγεν
632 779 712 810 αὐτὸς
736 779 802 813 πρὸς
821 778 919 808 αὐτοὺς

131 828 183 857 ὃτι.
197 827 256 854 Κᾶν
271 829 310 859 εἰς
331 827 441 854 κόλασιν
464 826 607 862 ὲμὸληθὼ,
626 827 698 861 ὑμᾶς
720 825 848 851 ὑποκάτω
875 825 921 850 εὑ-

133 874 229 909 ρίσκω.

168 962 201 994 ζ’.
223 960 305 988 Εἶπεν
324 962 438 993 ὁὰϐϐἱς
463 961 597 996 Ἰσίδωρος
620 961 671 993 ὅτι,
697 960 829 996 Ἀπῆλθόν
854 967 921 986 ποτε

132 1009 162 1034 ὲν
177 1010 210 1043 τῇ
222 1009 310 1044 ἀγορᾷ
322 1009 447 1042 πωλῆσαι
464 1009 546 1043 σκεύη
559 1008 645 1044 μικρά
657 1015 662 1021 ·
677 1007 723 1033 καὶ
737 1006 798 1033 ἰδὼν
813 1006 861 1042 τὴν
875 1007 922 1041 (ip—

133 1054 184 1090 γὴν
199 1054 361 1088 ἐγγίζουσαν
375 1063 431 1090 μοι,
447 1055 530 1085 ἐάσας
547 1055 581 1080 τὰ
598 1053 682 1088 σκεύη
703 1053 813 1087 ἔφυγον.

168 1145 204 1180 η’.
228 1146 344 1180 Ἀπῆλθέ
366 1155 430 1172 ποτε
444 1147 458 1172 ὁ
477 1145 563 1177 ἀϐὂᾶς
581 1145 714 1179 Ἰσίδωρος
731 1144 798 1179 πρὸς
814 1144 859 1169 τὸν
873 1143 923 1170 ἀϐ-

134 1192 185 1220 εᾶν
199 1192 328 1226 Θεόφιλον
343 1193 389 1219 τὸν
407 1192 619 1228 ἀρχιεπίσκοπον
641 1190 840 1226 Ἀλεξανδρείας
851 1199 857 1205 ·
876 1191 922 1216 καὶ

134 1239 174 1269 ὡς
193 1238 362 1274 ὑπέστρεψεν
373 1239 413 1270 εἰς
431 1239 541 1273 Σκῆτιν,
559 1237 703 1272 ἠρώτησαν
716 1237 795 1263 αὑτὸν
813 1235 923 1262 οῑὰδελ-

135 1285 197 1319 φοί·
215 1285 276 1316 Πῶς
293 1285 309 1319 ἡ
331 1285 423 1317 πόλις;
444 1285 473 1310 '0
494 1284 521 1310 δὲ
532 1282 607 1309 εἷπε”
623 1283 715 1315 Φύσει,
732 1282 852 1316 ἀδελφοὶ,
867 1281 922 1316 ἐγὼ

135 1330 280 1365 πρόσωπον
294 1329 439 1365 ἀνθρώπου
453 1329 504 1355 οὐκ
523 1326 608 1357 εἶδον.
622 1329 648 1355 εἰ
666 1329 702 1363 μὴ
722 1328 799 1363 μόνον
811 1327 858 1353 τοῦ
874 1328 924 1362 ἀρ-

135 1384 150 1409 χ
155 1384 176 1401 ιε
181 1375 323 1402 πισκόπου,
332 1376 362 1401 υἱ
374 1375 402 1401 δὲ
410 1375 475 1402 ἀκού
480 1383 574 1405 σαντες
583 1374 780 1409 ἐταράχθησαν,
789 1374 922 1407 λέγοντες⁸

134 1419 208 1455 τΑρα
225 1420 396 1455 ἐχαώθησαν,
428 1420 499 1447 ἁϐϐἄ
516 1428 524 1453 ;
544 1421 572 1447 '0
587 1421 615 1446 δὲ
630 1419 706 1446 εἶπεν
723 1429 728 1434 ·
747 1420 803 1454 Οὐχ
819 1419 904 1450 οὕτως
915 1427 922 1434 ·

136 1467 194 1493 ἀλλ’
209 1468 259 1493 οὐκ
273 1467 383 1501 ἐνίκησέ
400 1475 433 1501 με
447 1467 460 1492 ὁ
474 1466 601 1501 λογισμὸς
616 1465 662 1491 τοῦ
680 1466 743 1492 ἰδεῖν
764 1474 834 1492 τινα.
853 1465 884 1491 Οἱ
897 1464 925 1491 δὲ

137 1513 305 1544 ἀκούσαντες
331 1513 498 1547 ἐθαύμασαν,
515 1513 562 1538 καὶ
584 1511 782 1547 ἐστηρίχθησαν
807 1512 850 1538 ἵνα
873 1520 925 1546 φυ-

137 1559 269 1586 λάττωσιν
285 1559 338 1585 ἀπὸ
350 1558 539 1594 μετεωρισμοῦ
552 1559 616 1589 τοὺς
631 1557 789 1593 ὀφθαλμοὺς
805 1558 906 1584 αὐτῶν.

173 1649 204 1674 0’.
231 1649 260 1674 '0
276 1647 356 1679 αὐτὸς
383 1647 470 1679 ἀϐϐἄς
490 1648 623 1683 Ἰσίδωρος
649 1646 744 1674 εἶπεν
767 1648 798 1674 'H
821 1648 927 1679 σύνεσις

138 1694 192 1720 τὼν
210 1694 296 1727 ἁγίων
315 1693 384 1729 αὕτη
401 1694 468 1725 ἐστὶ,
486 1694 517 1720 τὸ
536 1694 685 1727 ἐπιγνῶναι
706 1694 736 1720 τὸ
760 1694 865 1728 θέλημα
881 1693 928 1720 τοῦ

138 1740 218 1767 Θεοῦ.
247 1740 359 1766 Πάντων
375 1740 429 1776 γὰρ
450 1740 619 1775 περιγίνεται
636 1741 649 1766 ὁ
674 1740 816 1775 ἅνθρωπος
842 1741 870 1766 ὲν
895 1740 928 1775 τῇ

139 1787 246 1821 ὑπακοῇ
271 1786 320 1820 τῆς
344 1785 538 1821 ἀληθείας,ὃτι
562 1785 643 1812 εἰκὼν
668 1786 714 1812 καὶ
741 1786 866 1821 ὁμοίωμα
881 1785 929 1812 τοῦ

139 1832 208 1858 Θεοῦ
228 1833 295 1858 ἐστι.
316 1831 427 1858 Πάντων
451 1832 478 1857 δὲ
497 1831 659 1866 πνεύματων
682 1831 767 1857 δεινόν
783 1831 806 1846 ⁸⁸
823 1832 880 1857 ἐστι
900 1831 931 1857 τὸ

139 1878 296 1904 ἀκολουθεῖν
312 1879 344 1912 τῇ
361 1877 457 1903 ἑαυτοῦ
481 1877 590 1912 καρδίᾳ,
614 1877 735 1904 τουτέστι
752 1877 790 1912 τῷ
811 1877 866 1911 ἰδίῳ
885 1877 930 1903 λο-

140 1925 327 1959 γισμῴ⁵⁹,κα“ι
340 1925 377 1960 μὴ
388 1924 426 1959 τῷ
439 1924 513 1959 νόμῳ
533 1924 578 1950 τοῦ
595 1924 662 1950 Θεοῦ
674 1933 680 1939 ι
695 1923 742 1949 καὶ
759 1923 872 1958 ὕστερον
886 1922 930 1956 γί-

140 1979 216 1997 νεται
236 1971 310 2006 αὐτῷ
327 1972 366 2002 εἰς
382 1970 487 2003 πένθος,
501 1971 541 1996 ὅτι
555 1971 606 1996 οὐκ
630 1969 700 2004 ἔγνω
720 1970 750 1996 τὸ
771 1970 929 2004 μυστήριον,

141 2016 202 2042 οὐδὲ
218 2014 280 2051 εὗρε
301 2017 351 2051 τὴν
370 2016 427 2043 ὁδὸν
446 2016 499 2042 τῶν
517 2016 602 2050 ἁγίων
621 2016 785 2052 ἐργάζεσθαι
800 2017 828 2042 ὲν
850 2016 929 2051 αὐτῇ.

142 2063 200 2088 Νῦν
218 2060 264 2088 οὖν
279 2062 374 2097 καιρὸς
389 2062 435 2088 τοῦ
453 2062 564 2096 ποιῆσαι
581 2062 620 2096 τῷ
638 2062 744 2096 Κυρίῳ,
757 2062 797 2088 ὅτι
810 2063 932 2097 σωτηρία

143 2109 172 2134 ἐν
186 2107 274 2143 καιρῷ
290 2108 406 2142 θλίψεως
417 2117 423 2122 ·
435 2108 475 2134 ὅτι
489 2108 642 2143 γέγραπται
655 2116 661 2122 ·
680 2109 731 2135 Ἐν
742 2108 780 2142 τῇ
794 2107 931 2142 ὑπομονῇ

143 2153 229 2189 ὑμῶν
245 2153 400 2188 κτήσησθε
416 2154 468 2186 τὰς
482 2154 584 2188 ψυχὰς
598 2153 691 2189 ὑμῶν.

181 2211 250 2245 Περὶ
266 2211 320 2237 τοῦ
337 2210 413 2238 ἀϐϐἆ
435 2211 585 2245 Ἰσιδώρου
603 2211 655 2238 τοῦ
672 2212 897 2246 Πηλουσιώτου.

181 2270 215 2293 α’.
236 2267 348 2301 Ἔλεγεν
360 2268 373 2293 ὁ
386 2267 476 2298 ἀϐϐἄς
497 2267 630 2303 Ἰσίδωρος
649 2267 663 2293 ὁ
677 2268 880 2303 Πηλουσιώτης,
897 2269 937 2294 ὅτι
954 2270 976 2297 D

145 2313 206 2344 Βίος
221 2313 284 2339 ἄνευ
299 2313 377 2346 λόγου
397 2312 520 2349 [μᾶλλον]
540 2313 655 2347 ὠφελεῖν
679 2314 810 2348 πέφυκεν,
825 2315 840 2349 ἢ
857 2314 935 2348 λόγος

146 2359 210 2385 ἄνευ
228 2359 294 2393 βίου.
315 2359 344 2384 '0
369 2359 418 2394 μὲν
438 2359 502 2394 γὰρ,
518 2360 565 2385 καὶ
583 2359 665 2393 σιγῶν
685 2359 784 2394 ὠφελεῖ
799 2369 804 2374 ·
818 2361 832 2386 ὀ
846 2360 873 2386 δὲ
889 2361 936 2386 καὶ

147 2405 217 2440 βοῶν
235 2405 345 2440 ἐνοχλεῖ.
362 2404 393 2430 Εἰ
417 2405 444 2431 δὲ
461 2405 506 2431 καὶ
519 2405 596 2439 λόγος
613 2407 659 2432 καὶ
673 2406 727 2441 βίος
747 2406 934 2442 συνδράμοι⁸¹,

146 2451 177 2477 ἓν
195 2450 352 2484 φιλοσοφίας
373 2451 482 2486 ἀπάσης
505 2451 681 2478 ἀποτελοῦσιν
696 2452 817 2487 ἄγαλμα.

183 2541 217 2575 β’.
240 2541 270 2566 '0
294 2541 375 2572 αὐτος
399 2540 492 2574 ἔλεγε·
512 2540 568 2571 Τὰς
592 2540 693 2575 ἀρετὰς
720 2539 788 2574 τίμα
804 2548 810 2554 ·
825 2540 862 2574 μὴ
889 2539 939 2570 τὰς

147 2586 300 2621 εὐημερίας
314 2586 461 2621 θεράπευε·
478 2587 506 2612 αἱ
523 2586 573 2621 μὲν
590 2586 644 2620 γὰρ
661 2585 795 2613 ἀθάνατόν
811 2587 863 2612 εἰσι
878 2585 941 2620 χρῆ-

149 2641 188 2667 μα
199 2641 205 2646 ·
223 2632 251 2657 αἱ
264 2631 292 2657 δὲ
307 2632 405 2667 ῥᾳδίως
418 2632 582 2659 σϐέννυνται,

184 2676 218 2710 γ’.
240 2677 307 2704 Eii-.5
320 2677 416 2709 πάλιν,
432 2677 472 2703 ὅτι
489 2677 584 2704 Πολλοὶ
600 2677 653 2704 τῶν
666 2677 815 2713 ἀνθρώπων
831 2679 940 2714 ὀρέγον-

185 2736 207 2751 ⁸⁷
223 2737 262 2763 Al.
282 2737 345 2764 add.
359 2737 432 2772 ἔχεις
449 2736 589 2773 βληθῆναι.

148 2778 238 2807 μιαν.

186 2828 242 2861 (19)
265 2827 315 2854 Vit.
334 2827 411 2854 Patr.
429 2835 470 2859 ιιι.
489 2829 549 2855 101.

186 2865 244 2895 (20)
267 2862 317 2889 Vit.
335 2862 411 2890 Patr.
426 2871 527 2894 xxxv“,
546 2863 567 2889 Ι.

186 2899 243 2934 μι)
258 2897 322 2926 Isid.
340 2899 387 2926 lib.
403 2906 434 2932 ιι,
451 2900 530 2934 epist.
548 2899 614 2926 275.

646 2737 668 2753 ⁵³
693 2739 734 2765 Al.
751 2739 910 2776 δεινότερον.

972 2740 995 2757 δ’
1012 2740 1055 2767 ΑΙ.
1071 2739 1213 2775 θελήματι.

969 282 1012 306 cet
1028 278 1229 306 combusserth
1241 276 1386 308 lsidorum,
1401 276 1516 310 ejusque
1526 276 1632 302 cineres
1650 275 1677 302 in
1690 283 1758 303 ven-

969 328 1027 351 tum
1050 325 1238 359 disperserint,
1262 323 1336 350 nulla
1353 323 1420 349 mihi
1445 323 1594 348 etiamnum
1619 321 1707 355 gratia
1732 325 1759 347 et

969 371 1156 406 indulgentia;
1174 370 1303 405 quoniam
1318 368 1404 396 Filius
1422 369 1470 396 Dei
1487 368 1541 394 huc
1556 367 1630 394 venit
1647 370 1759 402 propter

969 423 1030 443 IIOS.

1005 461 1032 488 6.
1049 461 1105 496 (19)
1127 460 1199 488 Idem
1220 460 1341 487 narravit
1367 459 1401 487 de
1420 459 1517 486 abbate
1543 458 1664 491 Isidoro,
1686 458 1760 493 quod

972 506 1169 533 subirenteum
1182 505 1316 540 ejusmodi
1336 505 1530 540 cogitationes:
1551 504 1663 539 Magnus
1680 504 1761 531 horno

971 559 1011 579 es.
1033 553 1092 586 Ipse
1108 559 1172 578 vero
1184 552 1215 578 ad
1230 559 1277 578 cas
1300 555 1459 585 reponeret:
1472 549 1601 584 Nunquid
1614 557 1675 577 sum
1691 550 1762 577 sicut

972 598 1058 624 abbas
1069 597 1223 624 Antonius?
1241 597 1349 624 Utinam
1365 597 1476 623 omnino
1487 603 1574 623 essem
1590 596 1662 622 velut
1677 595 1762 623 abbas

971 643 1085 675 Pantho,
1103 647 1148 669 aut
1167 648 1296 678 tanquam
1316 643 1415 678 reliqui
1436 642 1542 674 Patres,
1559 643 1606 677 qui
1626 642 1679 669 Deo
1703 642 1762 676 pla-

973 691 1104 718 cueruntl
1123 690 1191 716 Cum
1207 690 1262 716 haec
1287 689 1456 724 protulisset,
1478 688 1597 723 quietem
1611 695 1763 722 conseque-

973 736 1063 763 batur.
1085 735 1199 768 Quando
1223 740 1314 762 autem
1337 734 1447 761 humani
1471 734 1578 769 generis
1598 734 1690 760 hostes
1708 734 1762 761 d13-

974 789 1067 808 Iuones
1092 781 1198 808 etlicere
1219 781 1376 807 nitebantur
1405 784 1435 806 ut
1452 780 1552 814 pusillo
1573 783 1645 806 esset
1660 779 1761 810 animo,

974 827 1053 861 quasi
1071 830 1132 861 post
1155 827 1213 853 hinc
1229 826 1321 853 omnia
1342 830 1464 853 maneret
1492 826 1568 852 illum
1591 833 1682 859 poena,
1705 824 1764 859 ipse

975 872 1008 898 ad
1026 880 1075 899 eos
1096 873 1236 907 inquiebat
1252 881 1258 898 :
1276 872 1407 904 Quamvis
1430 872 1523 899 mittar
1539 872 1573 899 ad
1586 871 1762 906 supplicium,

937 919 958 946 Β
974 928 1021 947 vos
1038 924 1127 946 tamen
1147 920 1246 947 subtus
1262 920 1408 947 inveniam.

1012 964 1036 991 7.
1063 964 1120 999 (‘20)
1144 965 1246 992 Retulit
1267 965 1353 992 abbas
1373 964 1492 992 Isidorus
1509 976 1516 993 ι
1540 964 1683 992 Profectus
1702 972 1764 992 sum

975 1011 1123 1045 aliquando
1142 1011 1168 1037 in
1186 1011 1286 1044 forum,
1302 1015 1332 1038 ut
1344 1011 1455 1038 vascula
1466 1011 1629 1042 venderent;
1646 1018 1764 1045 cumque

976 1058 1098 1086 intuerer
1117 1058 1288 1085 iracundiam
1313 1058 1381 1085 mihi
1399 1059 1635 1093 appropinquare,
1659 1057 1764 1086 relictis

975 1105 1047 1131 vasis
1062 1104 1129 1139 fugi.

1011 1150 1038 1178 8.
1058 1150 1181 1177 Perrexit
1191 1150 1343 1185 aliquando
1359 1151 1442 1178 abbas
1455 1150 1576 1177 Isidorus
1592 1150 1625 1177 ad
1637 1149 1763 1176 abbatem

976 1195 1160 1230 Theophilum
1179 1196 1416 1230 archiepiscopum
1440 1196 1628 1223 Alexandriae:
1648 1200 1674 1223 et
1690 1200 1763 1230 post-

976 1249 1057 1275 quam
1078 1241 1111 1268 ad
1129 1241 1228 1268 Scctim
1246 1250 1372 1269 reversus
1393 1246 1446 1273 est,
1461 1241 1612 1276 percontati
1625 1245 1689 1268 sunt
1701 1248 1763 1267 eum

977 1287 1076 1314 fratres
1093 1288 1229 1322 quomodo
1259 1288 1370 1315 haberet
1386 1287 1494 1315 civitas.
1519 1287 1670 1322 Respondit
1684 1297 1690 1314 :
1706 1287 1765 1314 ιτιι-

977 1341 1041 1368 que,
1060 1333 1168 1366 fratres,
1189 1341 1238 1368 ego
1251 1333 1370 1360 hominis
1385 1333 1481 1360 facienti
1500 1341 1554 1360 non
1568 1333 1634 1366 vidi,
1654 1337 1766 1368 praeter-

977 1387 1060 1414 quam
1073 1379 1283 1414 archiepiscopi.
1298 1378 1339 1405 Illi
1354 1379 1506 1411 audientes,
1524 1379 1626 1406 turbati
1645 1383 1719 1410 sunt,
1734 1385 1766 1405 ac

977 1425 1127 1451 dixerunt:
1155 1425 1196 1450 An
1212 1424 1246 1450 ad
1272 1423 1356 1451 chaos
1382 1428 1409 1450 ct
1434 1423 1549 1450 nihilum
1566 1423 1670 1450 redacti
1691 1426 1775 1456 sunt,‘

978 1469 1067 1496 abba?
1081 1468 1117 1501 Is,
1132 1468 1192 1495 Non
1206 1469 1255 1500 ita,
1271 1469 1378 1504 inquit:
1405 1469 1452 1496 sed
1472 1477 1515 1496 me
1535 1477 1590 1496 non
1604 1469 1703 1496 devicit
1721 1476 1768 1495 c0-

979 1516 1084 1550 gitatio,
1108 1519 1137 1541 ut
1153 1516 1306 1550 aspicerem
1326 1522 1501 1550 quemquam.
1526 1514 1587 1547 Quo
1607 1515 1645 1542 illi
1663 1514 1766 1546 audito.

980 1561 1007 1588 in
1022 1561 1233 1588 admirationem
1249 1561 1428 1593 devenerunt,
1449 1564 1476 1587 et
1488 1560 1643 1587 conﬁrmati
1659 1565 1723 1588 sunt
1738 1563 1770 1587 ut

979 1608 1012 1634 ab
1027 1607 1186 1642 evagatione
1202 1607 1374 1634 custodirent
1388 1607 1484 1634 oculos
1505 1614 1580 1634 suos.

1013 1653 1040 1680 9.
1056 1652 1128 1679 Idem
1143 1653 1227 1680 abbas
1240 1652 1362 1680 Isidorus
1377 1653 1565 1688 pronuntiavit
1578 1660 1585 1676 :
1604 1651 1768 1679 Sanctorum

979 1698 1128 1733 prudentia
1143 1698 1200 1724 haec
1214 1703 1266 1730 est,
1280 1705 1428 1733 agnoscere
1443 1698 1611 1725 voluntatem
1625 1697 1684 1724 Dei.
1698 1698 1771 1724 Cun-

979 1747 1024 1770 cta
1036 1742 1109 1769 enim
1123 1747 1234 1776 superat
1248 1743 1328 1769 homo
1345 1742 1371 1768 in
1384 1742 1510 1769 veritatis
1528 1741 1695 1773 obcdicntia,
1706 1741 1771 1775 quia

981 1788 1030 1815 Dei
1052 1789 1142 1822 imago
1158 1796 1189 1814 ac
1207 1788 1359 1814 similitudo
1384 1792 1435 1815 est.
1465 1788 1537 1814 Inter
1562 1795 1658 1814 omnes
1681 1791 1772 1813 autent

981 1834 1094 1869 spiritus
1117 1834 1296 1869 gravissimus
1318 1838 1370 1864 est,
1388 1833 1464 1867 sequi
1484 1840 1532 1859 cor
1548 1841 1640 1865 suum,
1662 1833 1713 1860 hoc
1731 1836 1774 1860 est

981 1880 1120 1916 propriam
1148 1879 1355 1914 cogitationem,
1383 1886 1441 1906 non
1464 1887 1530 1906 vero
1550 1879 1637 1914 legem
1661 1878 1725 1911 Dei;
1746 1882 1774 1906 et

981 1932 1076 1962 postea
1095 1927 1122 1952 in
1147 1926 1249 1952 luctum
1263 1925 1288 1952 ei
1303 1925 1404 1958 evadit,
1421 1926 1551 1960 quoniam
1567 1933 1622 1952 non
1647 1925 1775 1960 cognovit

982 1972 1156 2007 mysterium,
1173 1978 1261 2005 neque
1272 1971 1374 1997 invenit
1389 1971 1461 1997 viam
1477 1975 1647 2004 sanctorum,
1661 1975 1690 1997 ut
1705 1971 1732 1997 in
1743 1978 1775 1998 ea

984 2022 1156 2053 operaretur.
1173 2017 1251 2044 Nunc
1267 2025 1332 2052 ergo
1343 2022 1451 2052 tempus
1467 2021 1510 2044 est
1525 2017 1634 2052 operari
1649 2016 1776 2050 Domino,

984 2063 1205 2100 quandoquidem
1231 2063 1305 2091 salus
1327 2063 1354 2090 in
1373 2067 1496 2098 tempore
1517 2063 1681 2090 afﬂictionis.
1703 2063 1776 2090 Scri-

982 2115 1059 2146 ptum
1073 2110 1173 2144 quippe
1187 2113 1228 2136 est
1240 2118 1247 2136 :
1261 2109 1294 2136 In
1305 2109 1434 2144 patientia
1443 2113 1529 2136 vestra
1540 2109 1709 2143 possidebitis
1723 2109 1773 2136 ani

988 2165 1046 2184 mas
1064 2161 1163 2183 vestras
1179 2155 1213 2182 ⁵ο.

1164 2211 1204 2238 De
1225 2211 1318 2238 abbate
1332 2210 1438 2237 Isidoro
1452 2209 1600 2237 Pelusiota.

1025 2269 1051 2297 I.
1067 2269 1122 2304 (21)
1139 2268 1211 2295 Dixit
1225 2268 1308 2295 abbas
1324 2268 1446 2295 isidorus
1462 2267 1598 2294 Pelusiota
1613 2276 1618 2294 :
1638 2266 1699 2294 Vita
1718 2267 1777 2294 sine

989 2323 1115 2343 sermone
1155 2315 1242 2348 magis
1268 2314 1390 2349 prodest,
1414 2321 1497 2348 quam
1515 2320 1605 2340 sermo
1629 2313 1690 2340 sine
1711 2313 1775 2339 vita.

990 2362 1041 2395 Qui
1057 2362 1129 2388 enim
1144 2365 1217 2388 recte
1231 2360 1307 2393 vivit,
1324 2364 1350 2387 et
1367 2365 1461 2387 tacens
1477 2359 1574 2393 juvat:
1591 2359 1637 2393 qui
1656 2367 1721 2386 vero
1737 2360 1777 2386 lo-

990 2407 1082 2441 quitur
1103 2409 1219 2436 tantuln,
1238 2405 1319 2431 etiam
1339 2405 1439 2432 turbat.
1461 2404 1539 2437 Quod
1554 2405 1577 2431 si
1597 2411 1688 2431 Sermo
1709 2404 1777 2431 vita-

990 2461 1043 2488 que
1062 2452 1265 2483 concurrerint,
1281 2450 1427 2477 absolvunt
1441 2451 1526 2478 totius
1547 2450 1726 2485 philosophiae
1740 2450 1777 2477 si-

991 2498 1153 2524 mulacrnm.

1030 2543 1057 2570 2.
1073 2543 1130 2577 (22)
1157 2541 1229 2569 Idem
1255 2541 1381 2568 monuit:
1399 2541 1520 2568 Virtutes
1545 2541 1572 2568 in
1591 2541 1678 2576 pretio
1697 2540 1776 2574 habe,

991 2597 1022 2616 ac
1043 2597 1076 2616 ne
1090 2590 1166 2616 colas
1179 2588 1273 2615 mundi
1295 2596 1434 2623 prospera.
1450 2587 1503 2614 Illae
1517 2588 1589 2614 enim
1607 2596 1652 2616 res
1665 2588 1777 2615 immor-

991 2635 1059 2662 tales
1080 2638 1153 2664 sunt,
1169 2634 1228 2660 haec
1244 2641 1308 2661 vero
1332 2633 1411 2660 facile
1425 2633 1650 2668 exstinguuntur.

1027 2681 1055 2708 5.
1075 2680 1132 2715 (‘23)
1145 2679 1241 2706 Adhuc
1257 2679 1341 2706 dixit:
1359 2679 1429 2706 Inter
1440 2679 1562 2706 homines
1575 2679 1651 2706 multi
1667 2678 1776 2713 quidem

1268 2740 1291 2755 ⁵⁰
1306 2738 1373 2766 Luc.
1389 2747 1445 2773 ni,
1462 2739 1502 2768 I9.
1562 2739 1582 2755 "
1602 2739 1644 2766 Al.
1662 2739 1778 2773 συνᾶραι

1025 2833 1080 2865 (9.2)
1096 2832 1156 2859 Lib.
1171 2841 1202 2864 ιι,
1214 2833 1296 2866 epist.
1311 2833 1368 2859 Ilii.

1025 2869 1081 2903 (2.))
1097 2867 1155 2895 Lib.
1174 2875 1204 2902 tr,
1225 2869 1306 2904 epist.
1327 2868 1371 2896 98.
