1970 3074
126 137 178 165 229

699 139 1002 167 APOPHTHEGMATA
1021 138 1174 166 PATiiUM.

1702 141 1755 170 250

126 199 184 226 ἀλλ’
197 199 297 231 εὐθέως
312 199 426 233 ἔκκοψον
442 200 520 226 αὑτά.
531 199 662 231 Ἀκούσας
676 201 704 226 δὲ
718 202 732 227 6
744 201 830 232 ὰϐὅᾶς
852 203 915 228 Ποι-

970 200 1081 227 ιιποεῐιις
1108 199 1232 236 ingredi.
1250 200 1297 227 sed
1317 199 1391 226 illico
1412 199 1543 227 exscinde.
1563 206 1618 226 eos.
1633 199 1754 227 Audiens

128 245 191 281 μὴν,
216 246 256 272 ὅτι
275 246 360 277 οὕτως
378 244 437 272 εἷπε
462 246 500 280 τῷ
527 246 637 282 Θηϐαίῳ
662 248 675 273 6
698 247 784 279 666i;
805 248 914 283 Ἰωσὴφ,

126 292 245 322 αναστὰς
264 292 367 326 ἀπῆλθε
386 293 451 328 πρὸς
467 293 547 319 αὑτὸν
570 294 609 325 εἰς
632 294 758 328 Πανεφὼ,
773 295 820 320 καὶ
842 295 916 329 λέγει

126 338 211 372 αὐτῷ·
221 337 314 369 Ἀϐὃᾶ,
328 337 383 372 ἐγὼ
396 339 543 365 ἐπίστευσά
560 348 600 365 σοι
617 341 679 371 τοὺς
691 340 837 375 λογισμούς
853 349 913 375 μου·

127 384 175 409 καὶ
195 384 248 410 ἰδοὺ
267 383 352 415 ἄλλως
368 382 446 415 εἶπας
470 386 540 419 ἐμοὶ,
556 385 603 411 καὶ
626 386 713 417 ἄλλως
730 386 770 421 τῷ
793 387 914 422 Θηϐαίῳ.

125 429 208 463 Λέγει
223 429 296 464 αὐτῷ
318 430 332 455 6
349 430 437 465 γέρων
447 438 453 444 ·
470 431 526 456 Οὐκ
539 428 612 462 οἶδας
627 431 666 457 ὅτι
681 432 780 465 ἀγαπῶ
794 440 840 464 σε;
861 433 915 458 Καὶ

127 473 188 502 εἷπε
202 484 209 490 ·
224 476 287 502 Ναί.
311 476 346 502 Οὐ
367 476 399 502 σὺ
422 476 513 510 ἔλεγές
528 484 586 511 μοι·
609 477 651 508 Ὠς
667 477 756 512 ἑαυτῷ
774 478 835 504 εἰπὲ
853 487 914 512 μου

128 522 183 548 Καὶ
209 519 285 548 εἶπεν
295 530 302 536 ·
329 521 421 553 Οὕτως
436 522 502 556 ἔχει.
516 522 597 555 Λέγει
612 522 684 558 αὐτῷ
697 524 710 549 6
725 523 812 559 γέρων
824 532 830 537 ·
853 523 914 549 Ἐὰν

126 567 182 602 γὰρ
195 567 300 602 εἰσέλθῃ
319 568 353 593 τὰ
366 568 450 603 πάθη,
466 568 511 594 καὶ
523 568 575 603 δῷς
589 569 635 594 καὶ
646 563 802 604 λάϐῃςχμεῌ
814 569 913 600 αὐτῶν,

126 613 308 649 δοκιμώτερόν
325 622 354 639 σε
368 613 541 641 καθιστῶσιν,
551 614 621 648 Ἐγὼ
633 614 660 640 δὲ
679 614 715 646 ὡς
731 614 841 649 ἐμαυτῷ
855 615 916 640 ἐλά-

128 658 198 694 λησά
211 667 262 684 σοι.
282 659 341 685 Εἰσὶ
357 659 385 685 δὲ
402 659 486 690 ἄλλοι,
500 657 538 690 οἷς
550 660 610 686 οὐδὲ
623 660 802 694 προσεγγίσαι
815 660 848 686 τὰ
865 660 914 686 πά-

128 703 162 740 θη
195 705 345 740 συμφέρει’
371 705 428 732 ἀλλ’
441 705 542 737 εὐθέως
575 705 690 740 ἐκκόψαι
722 706 790 733 αὐτὰ
821 707 914 743 χρείαν

128 751 246 786 ἔχουσιν.

163 841 195 868 δ’.
220 839 347 875 Ἀδελφὸς
369 851 410 871 τις
429 841 553 878 ἠρώτησε
577 843 663 870 ἀϐϐᾶν
685 844 793 879 Ἰωσὴφ,
810 844 912 878 λέγων·

129 886 162 912 Τί
179 887 291 921 ποιήσω,
303 887 344 912 ὅτι
360 886 419 913 οὔτε
431 888 619 923 κακοπαθῆσαι
629 889 754 924 δύναμαι,
763 889 822 915 οὐδὲ
834 890 915 924 ἐργά-

131 932 229 959 σασθαι
247 933 293 958 καὶ
310 933 401 960 δοῦναι
415 934 533 968 ἀγάπην;
551 935 631 968 Λέγει
648 935 722 970 αὐτῷ
740 936 754 961 6
768 935 854 970 γέρων
865 944 871 950 ·
886 936 915 961 Εἰ

129 979 160 1005 οὐ
175 979 286 1005 δύνασαι
303 979 404 1006 τούτων
417 980 475 1006 οὐδὲ
489 981 518 1007 ἓν
537 981 657 1016 ποιῆσαι,
673 981 724 1008 κᾶν
739 983 855 1017 τήρησον
867 983 916 1018 τὴν

131 1024 282 1059 συνείδησίν
296 1033 342 1051 σου
357 1025 409 1051 ἀπὸ
423 1025 470 1052 τοῦ
486 1025 598 1061 πλησίον
615 1034 662 1052 σου
679 1026 732 1052 ἀπὸ
750 1026 851 1058 παντὸς
866 1035 916 1052 κα-

130 1070 179 1097 κοῦ
190 1078 196 1084 ·
210 1071 256 1096 καὶ
270 1070 342 1106 σώζῃ
353 1071 384 1097 ⁸⁸.

164 1158 194 1185 ε’.
217 1159 313 1193 Ἔλεγέ
337 1168 378 1191 τις
401 1159 454 1186 τῶν
477 1159 658 1193 ἀδελφῶνλτι
684 1159 838 1194 Παρέὸαλόιι
851 1168 916 1186 ποτε

130 1205 170 1236 εἰς
188 1205 333 1240 Ἡρακλέος
347 1206 396 1240 τὴν
410 1206 485 1232 κάτω
498 1205 563 1241 πρὸς
576 1205 620 1231 τὸν
631 1205 718 1232 ὰϐϐἅν
736 1206 833 1240 Ἰωσήφ
845 1214 850 1220 ·
870 1206 917 1231 καὶ

130 1247 203 1284 εἶχεν
218 1251 246 1277 ἐν
260 1250 301 1285 τῷ
314 1250 485 1286 μοναστηρίῳ
500 1251 647 1285 συκάμινον
660 1251 759 1286 ὡραῖον
771 1252 851 1278 πάνυ.
863 1252 917 1278 Καὶ

129 1295 203 1329 λέγει
228 1304 272 1330 μοι
294 1296 346 1322 ἀπὸ
372 1297 459 1331 πρωΐ·
479 1296 599 1330 ’⁷Υπαγε,
618 1297 687 1330 φάγε
701 1305 707 1311 ·
724 1295 756 1332 ἦν
780 1297 808 1322 δὲ
828 1306 916 1332 παροι-

131 1337 225 1375 σκὲυὴ,
243 1341 289 1367 καὶ
303 1341 351 1367 οὐκ
366 1341 484 1376 ἀπῆλθον
499 1341 542 1367 διὰ
553 1341 601 1376 τὴν
614 1342 748 1376 νηστείαν.
763 1343 817 1368 Καὶ
831 1351 917 1377 παρα-

131 1386 248 1418 καλέσας
263 1387 343 1413 αὐτὸν
356 1386 445 1413 εἷπον
464 1387 513 1413 Διὰ
531 1387 577 1414 τὸν
590 1387 666 1419 Θεὸν,
681 1389 741 1414 εἰπέ
758 1397 801 1423 μοι
815 1389 860 1414 τὸν
875 1389 917 1415 λο-

130 1432 228 1466 γισμὸν
243 1432 350 1459 τοῦτονσ
371 1433 423 1459 ἰδοὺ
448 1435 479 1459 σὺ
505 1433 596 1467 ἔλεγές
614 1442 675 1468 μοι’
691 1434 810 1467 ”Υπαγε.
827 1434 896 1468 φάγε
908 1442 914 1448 ·

130 1477 186 1511 ἐγὼ
201 1477 230 1503 δὲ
247 1477 290 1504 διὰ
306 1477 356 1513 τὴν
370 1479 495 1512 νηστείαν
510 1479 559 1504 οὐκ
573 1479 703 1513 ἀπῆλθον,
721 1480 767 1505 καὶ
787 1480 861 1514 ἥμην
875 1481 917 1506 αξ-

969 254 1032 274 vero
1055 246 1139 273 abbas
1162 245 1282 276 Poemen,
1308 246 1344 272 ita
1370 246 1496 272 abbatem
1511 245 1658 280 Josepbum
1680 246 1756 272 locu-

967 296 1022 318 tum
1048 291 1130 318 fuisse
1151 291 1290 323 Thebano,
1306 299 1431 325 surgens,
1447 291 1479 317 ad
1496 298 1557 317 eum
1578 291 1604 317 in
1624 290 1752 325 Paneplio

967 338 1105 372 profectus
1132 341 1190 369 est,
1210 342 1236 364 et
1260 337 1319 363 ait:
1335 337 1420 369 Abba,
1443 345 1493 372 ego
1519 337 1673 364 concredidi
1702 337 1751 363 tib':

966 383 1147 417 cogitationes
1175 390 1269 415 meas,
1296 387 1322 410 et
1352 390 1416 410 ecce
1449 383 1527 410 aliter
1560 383 1644 414 mibi,
1673 383 1751 409 aliter

967 429 1095 456 Thebano
1121 429 1287 456 disseruisti.
1314 428 1384 456 Dicit
1406 429 1430 457 ei
1455 437 1537 456 senex
1559 428 1675 456 :Nonne
1699 430 1753 456 scit:

966 475 1037 510 quod
1049 475 1133 509 diligo
1145 475 1189 501 te?
1202 474 1370 510 Respondit:
1387 474 1484 502 Etiam.
1500 474 1595 501 Nonne
1615 479 1661 501 tua
1673 475 1752 502 verba:

967 525 1031 549 sunt
1049 531 1055 547 :
1074 521 1213 556 Tanquam
1236 526 1325 548 tecum
1351 529 1455 556 ageres,
1472 521 1564 555 profer
1587 521 1674 547 mihi?
1688 521 1750 548 Pce-

966 574 1028 594 men
1044 576 1050 594 :
1069 566 1105 593 Ita
1124 567 1212 593 habet.
1232 566 1301 593 Ttttn
1325 574 1407 593 senex
1428 575 1433 593 :
1452 566 1519 592 Nam
1543 566 1567 593 si
1589 565 1752 593 intraverint

966 613 1089 643 affectus.
1104 617 1130 640 et
1143 621 1203 640 cum
1221 613 1254 640 iis
1269 613 1417 648 confligens
1433 612 1540 639 dederis
1556 615 1582 639 et
1598 612 1748 646 acceperis,

967 664 992 687 te
1022 660 1204 694 probatiorem
1236 661 1412 687 constituent.
1450 659 1505 695 Ego
1536 667 1598 687 vero
1624 663 1754 693 tanquam

967 706 1033 732 mihi
1059 706 1183 733 elocutus
1208 714 1268 733 sum
1293 707 1351 734 tibi.
1374 706 1460 733 Porro
1488 711 1552 734 sunt
1579 706 1637 736 alii,
1655 705 1755 740 qubus

966 752 1096 778 conducit
1108 752 1222 779 allectus
1238 759 1272 778 ne
1284 752 1394 786 quidem
1409 752 1579 786 proximare;
1597 751 1645 778 sed
1661 752 1753 778 statim

966 805 1014 824 eos
1030 802 1172 832 amputare
1190 797 1301 824 debent.

1001 843 1028 870 4.
1046 842 1102 877 (58)
1124 841 1219 868 Frater
1235 842 1334 875 aliquis
1357 841 1537 876 interrogavit
1553 840 1679 867 abbatem
1699 839 1748 867 Jo-

968 887 1081 922 sepltum
1106 887 1157 914 hoc
1177 887 1258 914 modo
1273 897 1278 913 :
1293 887 1363 919 Quid
1391 891 1505 913 acturus
1529 894 1589 913 sum
1634 886 1678 920 qui
1704 894 1755 913 nec

968 933 1129 959 vexationes
1148 933 1220 959 ferre
1235 940 1358 966 pessum,
1375 941 1424 959 nec
1438 933 1545 966 operari
1564 935 1590 959 et
1605 932 1670 958 dare
1687 933 1754 959 elec-

968 978 1129 1012 mosynam?
1141 979 1186 1004 Ait
1203 979 1240 1004 illi
1258 986 1339 1006 senex
1355 988 1360 1005 :
1377 979 1405 1005 Si
1430 986 1524 1005 eorutn
1549 979 1591 1005 vel
1608 986 1689 1005 unutn
1711 978 1752 1005 fa-

967 1032 1030 1051 cere
1049 1031 1103 1050 nou
1125 1025 1211 1056 vales,
1228 1031 1362 1051 conserva
1380 1024 1476 1050 saltem
1508 1027 1581 1050 tuam
1608 1024 1754 1050 conscien-

968 1071 1033 1097 tiam
1059 1077 1124 1105 erga
1142 1071 1296 1105 proximum
1319 1074 1395 1096 tuutn
1411 1070 1445 1096 ab
1463 1070 1536 1097 omni
1560 1070 1641 1103 malo,
1658 1075 1684 1097 et
1699 1071 1754 1098 sal-

967 1125 1017 1144 vus
1036 1117 1101 1144 eris.

1002 1163 1029 1190 5.
1051 1163 1107 1198 (59)
1128 1162 1232 1189 Rettulit
1245 1162 1358 1197 quidam
1377 1163 1491 1189 fratrum
1509 1173 1515 1189 :
1534 1162 1675 1192 Profectus
1694 1172 1755 1191 sum

968 1209 1114 1243 aliquando
1143 1209 1301 1237 Heracleam
1329 1210 1487 1237 ittferiorem
1512 1210 1544 1236 ad
1567 1210 1692 1237 abbatem
1706 1210 1753 1237 Jo—

968 1256 1099 1290 sephum;
1117 1255 1213 1282 habuit
1232 1260 1322 1282 autem
1341 1257 1367 1282 in
1381 1257 1546 1283 monasterio
1562 1264 1667 1283 morutn
1686 1265 1750 1291 spe-

967 1301 1161 1328 ciosissimam.
1187 1301 1220 1327 Et
1245 1301 1314 1328 dixit
1334 1301 1398 1327 milii
1425 1309 1524 1329 mane:
1542 1301 1640 1337 Perge.
1664 1310 1749 1329 man—

967 1346 1052 1379 duca;
1067 1354 1149 1381 porro
1167 1351 1226 1373 erat
1250 1346 1401 1373 Parasceve
1416 1354 1424 1373 :
1443 1354 1494 1373 nec
1517 1347 1564 1379 ivi,
1581 1347 1744 1382 propteer-

965 1391 1082 1426 juuium.
1098 1392 1191 1426 Itaque
1207 1400 1306 1427 rogans
1329 1400 1401 1424 eum,
1423 1392 1479 1418 dixi
1498 1401 1504 1418 :
1522 1392 1636 1427 Propter
1652 1392 1748 1424 Deum,

968 1438 1071 1472 explica
1089 1438 1154 1464 mihi
1167 1438 1404 1465 ratiocinationem
1423 1438 1511 1470 bane;
1526 1445 1590 1465 ecce
1604 1442 1631 1464 tu
1650 1446 1751 1472 praece-

969 1483 1031 1517 pisti
1057 1483 1121 1509 tnilti
1139 1491 1146 1509 :
1163 1483 1258 1517 Perge,
1274 1483 1424 1515 manduca;
1441 1490 1491 1517 ego
1514 1488 1603 1510 autem
1621 1483 1656 1510 ob
1676 1484 1749 1517 jeju—

131 1524 296 1559 σχυνόμενος
310 1525 359 1559 τὴν
373 1524 421 1559 σὴν
444 1524 551 1559 ἐντολὴν
575 1523 757 1560 λογιζόμενος,
775 1525 846 1560 Ποίῳ
871 1525 914 1551 λο-

970 1529 1042 1555 nium
1060 1536 1114 1555 non
1139 1529 1188 1560 ivi,
1205 1529 1252 1569 sed
1275 1529 1379 1562 pudore
1407 1528 1599 1560 suffundebar,
1628 1529 1748 1556 mandati

129 1569 222 1604 γισμῷ
245 1569 319 1603 ἐλεγέ
336 1578 380 1604 μοι
394 1570 408 1596 6
420 1570 524 1605 γέρων;
537 1571 568 1596 Τί
581 1569 628 1596 οὖν
642 1570 712 1605 εἶχον
730 1571 840 1604 ποιῆσαι
852 1580 859 1603 ;
876 1571 915 1597 ὅτι

129 1616 223 1649 ¹ρῑλιεγές
237 1616 413 1650 μοι,”Υπαγε.
422 1616 451 1642 '0
464 1616 491 1642 δὲ
503 1614 594 1642 εἶπεν·
613 1617 643 1642 υἱ
656 1617 775 1652 Ila-ips;
789 1616 818 1648 ἐξ
832 1618 917 1652 ἀρχῆς

130 1662 161 1687 οὐ
179 1661 287 1687 λαλοῦσι
311 1663 366 1692 τοῖς
383 1661 504 1696 ἀδελφοῖς
523 1662 554 1688 τὺ
571 1662 659 1696 ὀρθὸν,
675 1662 742 1688 ἀλλὰ
764 1662 862 1697 μᾶλλον
883 1662 918 1688 τὰ

131 1707 316 1742 στρεϐλὰ-καί
331 1707 378 1733 ἐὰν
391 1708 480 1734 ἴδωσιν
495 1708 535 1734 ὅτι
551 1708 656 1734 ποιοῦσι
679 1708 711 1733 τὰ
728 1708 851 1743 στρεϐλὰ,
868 1708 916 1734 οὐκ

129 1753 170 1778 ἔτι
190 1752 315 1778 λαλοῦσιν
337 1752 426 1783 αὐτοῖς
443 1753 476 1778 τὰ
490 1752 615 1787 στρεϐλὰ,
630 1752 696 1778 ἀλλὰ
708 1753 756 1788 τὴν
770 1753 914 1787 ἀλήθειανι

129 1798 241 1831 εἰδότες,
256 1799 297 1824 ὅτι
312 1799 351 1829 εἰς
365 1798 452 1824 πάντα
467 1799 580 1832 ὑπήκοοί
592 1799 671 1824 εἰσιν.

169 1891 207 1920 ς’.
227 1886 311 1915 Εἶπεν
325 1889 339 1915 6
352 1888 438 1920 ἀὸὀᾶς
451 1888 550 1922 Ἰωσὴφ
561 1887 601 1922 τῷ
614 1888 685 1923 ἁϐΰᾷ
697 1888 770 1915 Λώτ·
785 1889 822 1915 Οὐ
838 1889 916 1915 δύνα-

132 1943 177 1962 σαι
195 1934 320 1969 γενέσθαι
337 1935 461 1970 μοναχὸς,
475 1935 522 1961 ἐὰν
539 1935 575 1969 μὴ
591 1935 655 1970 γένῃ
669 1936 706 1966 ὡς
721 1935 775 1970 πῦρ
793 1936 912 1970 φλογιζὸ-

133 1989 213 2017 μενος
226 1981 295 2012 ὅλος.

167 2027 201 2059 ζ’.
222 2027 376 2069 Παρέσαλεν
393 2028 407 2054 6
423 2027 508 2058 ἀῦὅᾶς
524 2027 584 2054 Λὼτ
601 2027 639 2062 τῷ
657 2028 728 2063 ἀόϐᾷ
748 2028 854 2063 Ἰωσὴφ,
870 2028 916 2054 καὶ

132 2073 206 2107 λέγει
221 2073 307 2108 αὐτῷ·
331 2073 424 2104 Ἀϐϐᾱ,
442 2074 512 2100 κατὰ
525 2073 638 2109 δύναμίν
660 2083 710 2109 μου
732 2074 801 2100 ποιῶ
814 2075 862 2109 τὴν
877 2083 916 2109 μι-

133 2121 203 2154 κρὰν
223 2128 273 2154 μου
292 2119 409 2152 σύναξιν,
424 2119 471 2145 καὶ
485 2119 534 2153 τὴν
548 2119 646 2154 μικρὰν
660 2120 784 2154 νηστείαν
800 2128 859 2154 μου,
869 2118 916 2146 καὶ

133 2166 183 2199 τὴν
193 2165 285 2200 εὐχὴν,
303 2165 349 2191 καὶ
361 2165 409 2199 τὴν
426 2165 548 2200 μελέτην,
561 2165 606 2191 καὶ
624 2165 672 2200 τὴν
683 2165 807 2200 ἡσυχίαν,
822 2166 868 2192 καὶ
886 2166 916 2192 τὸ

133 2211 204 2236 κατὰ
218 2211 331 2246 δύναμιν
345 2219 395 2246 μου
410 2203 553 2246 καθαρεύῶ
562 2211 583 2226 ⁸⁷
596 2212 650 2242 τοῖς
663 2211 851 2246 λογισμοῖς.Τί
868 2210 914 2238 οὗν
930 2208 952 2235 Ῐ)

134 2256 188 2291 ἔχω
208 2257 319 2291 ποιῆσαι
339 2256 446 2289 λοιπύν;
466 2257 597 2288 Ἀναστὰς
609 2254 655 2282 οὖν
667 2257 680 2283 6
691 2257 789 2292 γέρων,
804 2257 915 2292 ἧπλωσε

132 2302 183 2334 τὰς
201 2304 295 2338 χεῖρας
307 2303 346 2334 εἰς
359 2303 403 2328 τὸν
418 2302 529 2337 οὐρανόν
539 2311 546 2317 '
561 2302 608 2328 καὶ
624 2303 765 2336 γεγόνασιν
779 2304 802 2328 οἱ
818 2303 915 2329 δάκτυ-

132 2349 174 2376 λοι
189 2349 281 2380 αὑτοῦ,
297 2349 334 2380 ὼς
350 2349 415 2375 δέκα
431 2348 570 2383 λαμπάδες
592 2349 675 2384 πυρός
685 2356 692 2364 ·
716 2349 762 2375 καὶ
777 2349 850 2383 λέγει
866 2350 914 2375 αὐ-

131 2395 189 2430 τῷ’
207 2394 239 2421 Εἰ
252 2394 348 2426 Θέλεις,
362 2394 441 2428 γενοῦ
457 2395 517 2425 ὅλος
534 2394 570 2426 ὼς
587 2394 651 2428 πῦρ,

168 2441 203 2478 η’.
230 2441 354 2475 Ἀδελφδς
376 2441 501 2476 ἠρώτησε
524 2440 570 2466 τὸν
592 2439 678 2466 ἀϐϐᾶν
697 2440 806 2475 Ἰωσὴφ,
828 2439 914 2473 λέγων

129 2489 183 2520 ὅτι,
201 2488 276 2514 Θέλω
298 2487 413 2518 ἐξελθεῖν
435 2487 486 2513 ἀπὸ
509 2485 556 2512 τοῦ
578 2485 720 2515 κοινοϐίου,
739 2486 786 2512 καὶ
806 2485 914 2512 καθίσαι

130 2534 299 2569 καταμόνας.
312 2533 365 2559 Καὶ
381 2532 453 2566 λέγει
469 2531 542 2566 αὐτῷ
556 2531 570 2557 6
583 2531 670 2566 γέρων
680 2540 687 2547 ·
708 2531 793 2557 Ὅπου
808 2531 915 2566 βλέπεις

129 2582 181 2615 τὴν
195 2581 284 2615 ψυχήν
301 2588 347 2605 σου
364 2578 571 2613 ἀναπαυομένην
589 2578 635 2604 καὶ
654 2578 690 2613 μὴ
712 2577 911 2612 βλαπτομένην,

129 2627 254 2654 κάθισον.
275 2625 356 2658 Λέγει
381 2623 453 2658 αὐτῷ
469 2625 483 2650 ὁ
503 2623 631 2657 ἀδελφός·
654 2623 708 2650 Καὶ
726 2623 765 2654 εἰς
781 2622 911 2649 κοινόϐιον

127 2671 319 2705 ἀναπαύομαι,
333 2670 379 2696 καὶ
392 2670 560 2704 καταμόνας⁸
580 2669 605 2695 τί
621 2666 667 2695 οὖν
685 2668 772 2700 θέλεις
789 2669 910 2703 ποιήσως

165 2751 190 2766 ⁸⁸
204 2749 247 2778 ΔΙ.
268 2748 332 2777 add.
348 2747 538 2782 ἀναμάρτητον
549 2746 659 2782 γὰρπὴν
671 2745 757 2781 ψυχὴν
770 2745 845 2781 ζητεῖ
856 2746 869 2772 6
881 2744 956 2777 Θεὸς.

165 2819 223 2855 (38)
240 2818 297 2847 Vit.-
314 2817 390 2855 Ifatr.
406 2823 433 2848 ι.
450 2817 492 2855 ξε.

165 2852 220 2891 (59)
245 2854 300 2882 Vit.
320 2853 396 2880 Patr.
413 2860 439 2884 x,
454 2852 494 2879 30.

968 1575 1005 1601 tui
1020 1582 1096 1609 ergo.
1116 1581 1220 1601 mecum
1248 1581 1378 1608 reputans
1396 1583 1403 1600 :
1424 1574 1544 1606 Quanam
1571 1574 1678 1600 ratione
1694 1575 1749 1600 elo-

967 1625 1048 1647 cutus
1069 1624 1112 1648 est
1128 1620 1230 1647 senex?
1243 1620 1312 1652 Quid
1327 1627 1391 1654 ergo
1403 1619 1491 1646 facere
1503 1619 1594 1652 debui,
1607 1623 1751 1654 propterea

967 1667 1037 1701 quod
1056 1667 1094 1693 ire
1111 1667 1254 1701 iusseras?
1272 1666 1383 1700 Excepit
1404 1666 1449 1693 ille
1467 1675 1473 1692 :
1492 1665 1586 1692 Patres
1603 1665 1680 1692 initio
1695 1673 1748 1692 non

966 1713 1077 1739 edicunt
1090 1712 1220 1740 fratribus
1238 1711 1309 1746 quod
1322 1716 1426 1738 rectum
1440 1715 1492 1742 est,
1509 1711 1556 1738 Sed
1574 1712 1664 1746 potius
1683 1719 1746 1746 per-

967 1764 1060 1788 versa;
1082 1764 1198 1791 cumque
1222 1756 1340 1783 viderint
1355 1763 1402 1782 eos
1425 1762 1554 1790 perversa
1581 1755 1681 1786 facere,
1696 1763 1751 1782 non

967 1803 1084 1836 amplius
1109 1809 1239 1836 perversa
1271 1801 1424 1835 loquuntur
1450 1800 1500 1832 eis,
1523 1800 1571 1828 sed
1600 1801 1750 1833 veritatem,

967 1848 1042 1882 gnari
1055 1848 1088 1874 ad
1100 1847 1190 1874 omnia
1204 1847 1386 1881 obsequentes
1401 1853 1471 1873 esse.

1001 1893 1028 1920 6.
1056 1893 1238 1925 Dixitabbas
1260 1891 1360 1926 Joseph
1384 1891 1474 1918 abbati
1503 1890 1570 1917 Loto
1591 1899 1598 1918 :
1617 1890 1674 1918 Non
1699 1899 1747 1926 po-

966 1943 1008 1966 tes
1024 1939 1079 1966 fieri
1098 1939 1260 1970 monachus,
1278 1938 1328 1964 nisi
1352 1938 1441 1964 instar
1456 1937 1526 1971 ignis
1548 1941 1621 1964 totus
1636 1938 1748 1965 exstite-

967 1985 1005 2012 ris
1019 1985 1170 2011 flammeus.

1004 2030 1028 2057 '7.
1046 2030 1101 2064 (i0)
1117 2030 1191 2056 Adiit
1210 2029 1294 2056 abbas
1310 2029 1359 2056 |.ot
1383 2029 1506 2056 abbatem
1531 2028 1688 2064 Josephum,
1705 2029 1751 2056 cui

966 2076 1004 2102 ait
1020 2085 1026 2103 :
1042 2075 1126 2108 Abba,
1143 2082 1191 2110 pro
1205 2075 1275 2101 virili
1301 2082 1359 2101 mea
1378 2081 1478 2109 perago
1495 2081 1607 2108 parvum
1624 2073 1747 2101 Ofﬁcium

967 2129 1067 2154 meum,
1084 2128 1196 2155 parvum
1216 2128 1305 2147 meum
1325 2120 1473 2154 jejunium,
1485 2119 1648 2151 Orationem,
1666 2119 1750 2146 medi-

967 2168 1108 2198 tationem,
1123 2167 1241 2201 quietem
1254 2175 1261 2199 ;
1275 2170 1302 2193 et
1321 2170 1451 2201 quantutn
1475 2166 1565 2198 valeo,
1578 2173 1660 2200 puras
1679 2165 1750 2192 obti-

967 2222 1017 2240 neo
1042 2213 1229 2248 cogitationes.
1248 2212 1318 2244 Quid
1341 2219 1406 2246 ergo
1422 2211 1512 2238 adhuc
1529 2211 1615 2238 debeo
1641 2210 1749 2237 facere?

967 2258 1086 2293 Surgeus
1109 2258 1191 2293 igitur
1207 2266 1300 2288 senex,
1318 2264 1415 2284 manus
1436 2256 1559 2283 extendit
1583 2255 1608 2282 in
1628 2255 1746 2286 caelum,

965 2303 1083 2338 factique
1099 2308 1163 2330 sunt
1177 2303 1237 2337 ejus
1251 2303 1329 2338 digiti
1356 2303 1432 2329 velut
1453 2302 1546 2329 decem
1563 2301 1634 2336 ignis
1647 2302 1748 2336 lampa-

965 2348 1027 2381 des;
1043 2353 1068 2375 et
1080 2348 1149 2375 dixit
1165 2348 1189 2375 ei
1206 2359 1212 2375 :
1228 2347 1256 2375 Si
1272 2348 1323 2378 vis,
1338 2347 1444 2374 edicere
1463 2350 1539 2373 totus
1558 2346 1646 2373 instar
1664 2346 1746 2381 ignis.

1000 2438 1025 2464 8.
1049 2437 1143 2464 Frater
1168 2437 1341 2471 interrogavit
1371 2437 1494 2464 abbatem
1522 2435 1670 2471 Josephum
1695 2435 1746 2462 hoc

965 2488 1047 2519 pacto
1074 2493 1080 2510 :
1106 2485 1186 2510 Exire
1217 2483 1278 2510 volo
1303 2491 1318 2510 e
1344 2483 1468 2510 emnobio
1493 2486 1520 2510 et
1541 2481 1680 2509 solitarius
1705 2488 1749 2509 se-

963 2530 1038 2557 dere.
1063 2529 1134 2556 Dixit
1152 2530 1176 2556 ei
1199 2536 1280 2556 senex
1299 2538 1305 2556 :
1325 2528 1374 2555 Ubi
1401 2527 1501 2555 videris
1527 2527 1644 2554 animam
1671 2531 1746 2553 tuam

964 2575 1176 2610 requiescenlem
1192 2582 1243 2602 nec
1257 2575 1356 2602 danmo
1372 2573 1504 2606 all'ectam,
1517 2573 1554 2600 ibi
1566 2572 1664 2600 reside.
1677 2571 1745 2598 Tum

965 2622 1049 2648 frater
1076 2621 1109 2648 ad
1127 2620 1254 2648 etiszt
1280 2621 1305 2647 in
1335 2619 1458 2647 rmnobio
1485 2618 1593 2652 quietus
1619 2624 1696 2647 sum.
1719 2619 1747 2643 et

965 2668 1072 2702 quando
1087 2668 1162 2695 solus
1175 2667 1242 2700 dego
1255 2675 1262 2694 :
1274 2667 1346 2701 quod
1359 2674 1423 2701 ergo
1438 2665 1504 2692 mihi
1520 2663 1664 2692 consilium
1678 2662 1747 2690 das?

995 2744 1016 2764 ⁸⁷
1031 2745 1071 2771 Al.
1086 2743 1250 2779 καθαριεύω.

1001 2816 1055 2851 (40)
1077 2815 1129 2842 Vit.
1149 2814 1221 2841 Patr.
1238 2821 1284 2846 ιιι,
1300 2812 1325 2841 8.
