1970 3074
213 155 263 184 Ωῖί

795 151 969 184 ΔΡΡΕΝΒῘΧ
990 154 1036 181 AD
1056 152 1268 184 PALLADlUM.

1779 156 1832 184 232

226 213 365 248 tespondit
384 221 487 242 senex:
507 214 535 242 Si
551 216 728 250 conquiescis
750 219 807 243 tum
824 216 850 243 in
867 215 1000 243 coenobio.

1060 215 1138 248 Λέγει
1159 214 1233 249 αὑτῷ
1257 216 1270 241 ὁ
1291 215 1396 250 γέρων
1414 212 1444 241 El
1457 214 1584 251 ἀνα-παύῃ
1605 215 1645 247 εις
1665 214 1696 240 τὸ
1716 215 1846 242 κοινόϐιο-

213 262 271 286 tum
296 260 454 296 solitarius;
478 267 567 289 statue
595 263 776 298 cogitationes
800 266 862 290 tttas
886 262 958 289 velut
975 262 1002 288 in

213 305 336 332 trutina:
353 309 379 332 et
398 305 442 333 ubi
462 306 564 334 videris
584 309 705 334 animum
725 313 801 335 tuum
818 308 904 342 magis
922 307 1004 342 protl-

214 357 286 380 cere.
301 359 388 386 eoque
403 353 584 387 propendere,
599 353 625 379 id
643 353 736 380 facito.

249 395 275 424 9-
289 396 414 424 Accessit
433 405 529 424 senum
556 399 704 425 nonnullus
720 398 752 424 ad
768 398 889 425 sodalem
911 405 1000 429 suum,

214 446 242 469 ut
266 443 348 470 simul
372 444 498 470 abbatem
524 444 671 479 .losephum
704 445 869 477 inviserent;
893 450 918 472 et
942 446 1001 471 ait:

212 487 333 523 Puccipe
360 489 497 523 discipulo
525 493 587 520 tuo,
608 495 635 517 ιιι
651 490 729 517 nobis
753 491 862 517 asinum
887 494 1000 517 stcrnat.

212 533 260 561 llle
276 543 282 562 :
301 534 373 561 Voca
390 543 463 567 cum,
483 536 555 570 quod
576 537 694 564 volucris
717 543 891 571 exsequetur.
910 536 1000 564 Dicit:

211 580 289 613 Quod
315 586 357 608 est
375 590 473 609 nomen
490 583 514 609 ei
527 583 537 609 '.’
552 582 701 617 Respondit
718 593 724 610 :
751 583 859 610 Nescio.
875 583 944 610 Tum
961 584 1003 610 al-

212 631 271 653 tn-r:
287 627 307 653 A
324 635 452 662 quonam,
465 628 565 662 inquit.
579 632 699 663 tempore
720 633 810 656 tecum
830 630 913 664 degit,
929 629 1001 664 quod

212 681 311 700 nomen
341 673 414 700 illius
435 673 580 701 nescis?A
602 675 708 702 duobus
731 676 820 708 annis,
844 676 912 703 infit.
932 675 1000 702 Tum

211 719 321 753 excepit
349 719 419 746 alitis
437 729 444 746 :
464 719 491 746 Si
509 727 536 746 ιιι
553 728 600 755 per
621 721 690 748 duos
715 729 801 748 annos
824 730 877 748 non
902 730 1002 757 cogno-

212 763 275 790 visti
295 771 391 790 nomen
415 763 541 798 diseipuli
556 766 605 797 tui,
619 773 669 800 ego
685 766 718 793 ad
735 775 817 793 Ullum
841 767 913 794 diem
935 767 1001 802 quid

211 817 281 844 opus
295 810 380 836 habeo
396 815 424 836 ut
441 810 507 836 illud
524 811 647 838 discam?

248 856 290 882 ll).
306 856 469 890 Congregati
482 862 545 884 sunt
557 858 705 892 aliquando
721 857 820 886 fratres
832 858 903 893 apud
920 858 1002 885 abba-

1057 261 1105 287 καὶ
1119 261 1286 295 καταμόνας,
1303 260 1401 296 στῆσον
1415 262 1479 293 τοὺς
1490 261 1536 287 δύο
1547 260 1692 296 λογισμούς
1707 269 1753 287 σου
1769 261 1806 292 ὡς
1819 263 1845 287 ὲν

1057 305 1132 340 ζυγῷ
1143 315 1149 321 ·
1166 307 1213 333 καὶ
1236 307 1304 333 ὅπου
1322 306 1431 342 βλέπεις
1444 308 1484 333 ὅτι
1498 306 1598 342 μᾶλλον
1622 307 1680 332 ἐκεῖ
1701 307 1845 341 ὠφελεῖται

1057 353 1104 378 καὶ
1115 353 1228 386 κατάγει
1239 352 1253 378 6
1264 353 1393 388 λογισμός
1409 361 1466 385 σου,
1481 352 1560 380 τοῦτο
1573 353 1695 388 ποίησον.

1091 397 1123 425 θ’.
1145 399 1286 434 Παρέλαῆέ
1304 407 1344 430 τις
1362 398 1416 424 τῶν
1433 399 1567 434 γερόντων
1583 399 1649 432 πρὸς
1669 399 1714 425 τὸν
1738 399 1841 434 ἑταῖρον

1056 443 1149 475 αὐτοῦ,
1165 444 1207 470 ἵνα
1222 445 1382 476 ἀπελθόντες
1397 444 1597 479 ἐπισκέψωνται.
1619 444 1664 470 τὸν
1680 444 1766 470 ἁϐϐἇν
1788 445 1843 470 Ὶω-

1058 490 1125 524 σήφ·
1145 490 1190 516 καὶ
1207 490 1296 524 λέγει·
1321 489 1388 516 Εἰπὲ
1403 489 1441 525 τῷ
1458 490 1564 525 μαθητῇ
1588 499 1644 521 σου,
1669 491 1713 517 ἵνα
1737 491 1842 526 στρώσῃ

1055 536 1120 570 ἡμῖν
1135 535 1179 562 τὸν
1202 536 1270 562 ὄνον.
1286 536 1341 562 Καὶ
1357 536 1448 570 λέγει·
1465 535 1591 570 Φώνησον
1606 536 1686 562 αὐτόν
1697 543 1704 551 '
1717 536 1764 562 καὶ
1782 536 1844 561 εἴτι

1055 580 1142 613 θέλεις
1167 583 1246 608 ποιεῖ.
1270 582 1368 616 Λέγει¹
1387 582 1433 613 Τίς
1453 581 1593 612 καλεῖται;
1614 581 1642 607 ’0
1659 581 1686 607 δὲ
1701 581 1768 616 ἔφη·
1789 582 1844 607 Οὺκ

1055 626 1121 654 οἴδα.
1137 629 1190 654 Καὶ
1205 629 1278 662 λέγει
1297 627 1370 663 αὑτῴ
1382 636 1388 643 ·
1406 627 1492 653 Πόσον
1507 627 1601 662 χρόνον
1622 626 1676 661 ἔχει
1697 626 1765 661 μετὰ
1786 625 1843 655 σοῦ.

1054 673 1095 699 ὅτι
1108 673 1157 699 οὐκ
1171 672 1243 704 οἶδας
1259 673 1290 699 τὸ
1304 673 1388 706 ὄνομα
1402 671 1499 704 abre-3;
1517 672 1572 698 Καὶ
1592 669 1667 697 εἶπεν
1677 681 1684 686 ·
1705 672 1781 706 Ἔχει
1798 671 1843 698 δύο

1055 718 1151 753 ἕτη.”0
1166 719 1193 745 δὲ
1210 719 1260 754 ἔφη
1275 726 1281 732 ·
1296 718 1359 745 Ei“
1373 718 1404 744 σὺ
1420 717 1465 743 δύο
1487 717 1533 753 ἐτη
1558 717 1609 743 οὐκ
1631 716 1704 748 οἶδας
1717 718 1747 743 τὸ
1760 717 1842 752 ὄνομα

1053 764 1099 790 τοῦ
1114 764 1233 799 μαθητοῦ
1252 772 1310 795 σου,
1327 763 1382 798 ἐγὼ
1396 765 1434 795 εἰς
1450 763 1515 798 μίαν
1528 763 1633 799 ἡμέραν
1645 763 1671 789 τι
1686 763 1739 798 ἔχω
1750 763 1843 798 χρείαν

1056 809 1153 843 μαθεῖν
1170 809 1251 841 air-.6;

1090 857 1115 879 ι’.
1137 854 1312 888 Συνήχθησαν
1327 853 1436 888 ἀδελφοί
1450 862 1514 880 ποτε
1529 853 1596 889 πρὸς
1615 854 1661 880 τὸν
1678 854 1765 880 ἀδσᾶν
1784 855 1841 880 Ἰω-

210 906 263 929 tem
280 900 428 935 Joscplmm
446 911 452 928 :
469 903 569 936 quibus
583 903 742 930 sedentibus
757 909 837 939 atque
853 905 942 939 ipsum
957 904 998 931 in-

1060 900 1121 935 ῖήφ·
1137 900 1183 926 καὶ
1200 899 1362 935 καθημένων
1384 900 1481 932 αὐτῶν,
1496 901 1544 927 καὶ
1569 900 1769 935 ἐπερωτώντων
1792 900 1841 926 αὺ-

209 948 425 982 terrogantibus,
447 949 601 983 gaudebat;
622 955 647 976 et
674 950 751 976 laetus
769 950 838 976 dixit
863 950 928 982 eis;
946 950 1017 985 Ego.

210 993 290 1020 hodie
303 1002 349 1020 rex
361 1002 438 1026 sum;
458 1002 519 1021 nam
537 1003 619 1029 super
631 996 743 1022 allectus
759 997 880 1031 regnavi.

260 1040 303 1067 Η.
322 1041 438 1067 Ait-bant
452 1041 486 1068 de
506 1041 603 1069 abbate
617 1041 758 1076 .losophoe
774 1042 910 1077 Paneplio,
929 1043 1000 1077 quod

210 1093 272 1112 cum
295 1087 351 1120 jam
373 1092 445 1114 esset
465 1085 624 1119 moriturus,
638 1089 794 1117 sedentibus
813 1090 935 1121 senibus,
957 1091 1000 1117 in-

210 1132 325 1159 tendens
342 1133 367 1158 in
387 1134 498 1164 ostium,
517 1135 654 1168 aspexerit
671 1134 808 1161 diabolan
825 1136 879 1161 illic
903 1135 1001 1163 seden-

210 1181 283 1210 tem;
300 1181 452 1211 vocatoque
466 1177 613 1211 discipulo,
628 1179 729 1205 dixerit
745 1188 751 1206 :
769 1179 842 1206 All'er
854 1179 998 1212 baculum;

211 1223 263 1249 iste
280 1223 352 1250 enim
369 1224 518 1255 existimat,
533 1232 575 1251 me
589 1232 679 1250 senem
693 1225 806 1254 fat-tum.
820 1234 872 1252 non
883 1226 1000 1260 amplius

211 1268 238 1294 in
258 1276 320 1295 eum
338 1269 435 1295 valere.
454 1268 541 1304 thue.
559 1270 684 1296 baculum
711 1279 792 1298 manu
811 1272 907 1303 tenuit,
926 1272 1001 1299 vidc-

212 1319 276 1341 runt
289 1323 366 1341 senes
383 1315 454 1350 quod
470 1316 596 1342 diabolus
612 1325 658 1351 per
669 1317 791 1349 ianuam,
809 1318 894 1344 instar
908 1319 996 1350 canis,

211 1361 343 1388 subduxit
357 1369 396 1393 se,
410 1369 460 1388 nec
477 1363 594 1396 amplius
608 1365 774 1398 comparuit.

486 1419 522 1446 De
534 1420 628 1446 abbate
640 1419 751 1447 Iacobo.

249 1474 274 1501 l.
291 1473 363 1500 Dixit
378 1474 462 1501 abbas
475 1473 612 1502 Iacobus:
630 1475 718 1510 Hujus
728 1481 770 1503 est
782 1476 915 1511 lmspitem
927 1485 1000 1509 esse.

212 1527 293 1554 quam
311 1520 446 1553 hospitem
462 1520 612 1554 suscipere.

246 1565 273 1592 2.
288 1565 388 1592 Monuit
405 1566 498 1598 etiam,
511 1574 572 1593 eum
589 1567 634 1600 qui
651 1565 788 1597 laudatur,
799 1566 899 1593 debere
913 1575 1002 1601 ra-pu—
1014 1567 1036 1595 C

210 1615 268 1637 tare
285 1616 395 1645 pet-cata
424 1612 484 1643 s'ua,
498 1616 525 1639 et
550 1612 669 1645 cositare
693 1613 765 1639 uuod
788 1620 841 1639 non
862 1617 998 1639 mereatur

210 1657 305 1684 laudes
321 1657 466 1690 ejusmodi.

244 1704 270 1729 5.
287 1702 341 1738 (ιι)
365 1703 463 1730 lterum
489 1702 579 1729 dixit:
597 1702 674 1730 Sicut
702 1703 812 1730 lucerna
831 1703 857 1729 in
880 1703 998 1729 obscuro

210 1747 335 1774 cubiculo
352 1748 493 1775 collustrat
509 1756 515 1774 :
534 1749 570 1774 ita
587 1749 668 1775 etiam
686 1749 767 1775 timor
777 1748 822 1775 Dei
837 1757 898 1775 cum
916 1757 998 1776 vene-

211 1793 247 1820 rit
266 1794 292 1820 in
309 1801 357 1820 cor
377 1794 506 1825 hominis,
520 1794 656 1822 illuminat.
673 1803 746 1827 eum,
760 1795 894 1830 docetque
911 1796 997 1822 virtu-

211 1844 252 1867 tes
266 1845 379 1866 cunctas
395 1845 421 1866 ct
439 1839 484 1867 Dei
500 1840 637 1867 mandata.

247 1886 275 1913 4.
293 1885 412 1914 Rursum
429 1887 498 1914 hanc
515 1888 674 1914 sententiam
688 1888 799 1922 protulit
814 1898 820 1915 :
834 1888 892 1914 Non
909 1888 996 1915 solum

211 1931 303 1958 Verbis
320 1939 389 1966 opus
408 1937 450 1959 est
465 1941 471 1959 :
492 1933 542 1959 hoc
554 1933 626 1959 enim
639 1937 760 1967 tempore
776 1934 920 1968 plurimum
937 1942 998 1960 ver-

211 1977 308 2005 borum
323 1983 365 2005 est
380 1978 451 2005 inter
480 1978 613 2006 homines.
632 1978 686 2006 Sed
703 1988 772 2014 opus
793 1986 834 2008 cst
857 1988 955 2015 opere;
972 1981 998 2007 id

211 2023 284 2050 enim
302 2027 344 2050 est
367 2023 441 2058 quod
468 2024 620 2058 quturitur;
639 2032 693 2052 non
710 2029 800 2052 autent
825 2025 918 2057 verba,
938 2034 999 2060 quae

206 2063 331 2096 'l'ructutn
347 2077 402 2097 non
418 2069 519 2097 ferunt.

465 2125 504 2153 De
516 2126 608 2153 abbate
624 2126 649 2152 Η
653 2127 746 2154 ierace.

247 2183 273 2211 l.
285 2182 382 2211 Frater
396 2184 502 2218 rogavit
515 2184 640 2211 abbatem
651 2184 793 2212 llieracem
808 2195 814 2212 :
828 2184 923 2213 Profer
931 2186 997 2213 mihi

1051 946 1108 974 τὸν,
1123 945 1230 982 ἔχαιρεο
1245 947 1291 972 καὶ
1303 946 1528 982 προθυμούμενος
1539 947 1631 981 ἔλεγεν
1643 947 1749 978 αὐτοῖς’
1772 946 1842 980 Ἐγὼ

1052 991 1177 1026 βασιλεύς
1193 993 1250 1026 εἰμι
1263 993 1383 1027 σήμερον
1394 999 1400 1007 ⁸
1415 993 1578 1019 ἐϐασίλευσα
1589 993 1642 1027 γὰρ
1653 992 1699 1018 ἐπὶ
1711 992 1744 1018 τὰ
1756 992 1839 1028 πάθη.

1089 1042 1132 1065 ια’.
1155 1038 1268 1073 Ἔλεγον
1295 1038 1356 1074 περὶ
1380 1038 1426 1064 τοῦ
1443 1039 1514 1065 “Si
1535 1040 1633 1074 Ἰωσὴφ
1650 1039 1698 1074 τῆς
1714 1039 1840 1073 Πανεφὼ,

1051 1084 1091 1110 ὅτι
1106 1084 1247 1119 μέλλοντος
1266 1084 1348 1110 αὑτοῦ
1366 1085 1502 1115 τελευτᾶν,
1517 1084 1679 1119 καθημένων
1695 1085 1841 1121 γερόντων,

1051 1130 1177 1165 προσχὼν
1190 1131 1258 1165 πρὸς
1277 1130 1326 1165 τὴν
1337 1130 1442 1166 θυρίδα.
1459 1129 1541 1157 εἴδεθ’
1557 1131 1601 1157 τὸν
1617 1131 1740 1157 διάϐολον
1757 1132 1842 1167 καθή-

1053 1185 1131 1209 μενον
1148 1177 1216 1212 πρὸς
1231 1178 1264 1212 τῇ
1283 1177 1385 1213 θυρίδι’
1407 1178 1454 1203 καὶ
1471 1178 1594 1213 φωνήσας
1608 1178 1646 1213 τῷ
1667 1178 1772 1213 μαθητῇ
1791 1179 1841 1204 αὺ-

1050 1221 1107 1253 τοῦ,
1125 1221 1218 1256 ἐλεγε-
1237 1222 1305 1258 Φέρε
1321 1223 1369 1257 τὴν
1384 1222 1499 1258 ῥάϐδον·
1513 1223 1617 1258 νομίζει
1637 1224 1691 1257 γὰρ
1711 1221 1787 1254 οὗτος
1800 1224 1842 1250 ὅτι

1051 1268 1184 1304 ὲγῄρασα,
1207 1269 1254 1294 καὶ
1272 1269 1322 1294 οὐκ
1344 1268 1383 1295 ἔτι
1399 1269 1518 1305 δύναμαι
1537 1269 1604 1304 προς
1619 1269 1709 1297 αὐτόν.
1727 1269 1782 1296 Καὶ
1804 1270 1842 1301 ὡς

1051 1314 1164 1348 κατέσχε
1181 1314 1229 1348 τὴν
1245 1314 1352 1349 ῥάϐδον,
1369 1313 1466 1341 εἷδον⁷⁰
1480 1316 1504 1341 οἱ
1519 1315 1643 1350 γέροντες
1657 1315 1697 1341 ὅτι
1709 1315 1840 1350 ἐχάλασεν

1051 1358 1143 1384 ἑαυτὸν
1155 1359 1192 1390 ὡς
1206 1359 1279 1386 κύων
1293 1359 1335 1386 διὰ
1347 1360 1396 1394 τῆς
1409 1360 1526 1396 θυρίδος,
1544 1361 1589 1387 καὶ
1603 1361 1707 1396 ἀφανὴς
1722 1362 1839 1395 ἐγένετο.

1249 1416 1319 1450 Περὶ
1337 1417 1390 1443 τοῦ
1403 1417 1477 1443 άῧϐᾀ
1491 1417 1634 1445 Ἰακώϐου.

1088 1473 1122 1496 α’.
1143 1469 1228 1497 Εἶπεν
1250 1472 1264 1497 ὁ
1290 1471 1376 1502 ἁϐϐἄς
1397 1472 1525 1503 Ίάκωῦος
1547 1474 1598 1505 ὅτι,
1616 1472 1714 1504 Μεῖζόν
1738 1474 1796 1500 ἐστι
1812 1474 1843 1501 τὺ

1052 1515 1201 1548 ξενιτεῦσαι
1214 1517 1290 1552 παρὰ
1306 1517 1336 1543 τὸ
1353 1517 1510 1552 ξενοδοχεῖν.

1088 1562 1119 1596 β’.
1144 1562 1241 1596 Ἔλεγε
1262 1563 1353 1593 πάλιν.
1368 1563 1408 1590 ὄτι
1421 1564 1624 1599 ἐπαινούμενον,
1637 1565 1677 1591 δεῖ
1687 1565 1843 1599 λογίζεσθαι

1048 1607 1097 1639 τὰς
1113 1608 1249 1643 ἁμαρτίας
1267 1609 1359 1642 αὑτοῦ,
1377 1611 1422 1636 καὶ
1438 1611 1535 1636 ἐννοεῖν
1555 1611 1595 1638 ὅτι
1611 1612 1659 1638 οὐκ
1676 1611 1750 1638 ἔστιν
1767 1612 1842 1644 ἄξιος

1048 1653 1101 1679 τῶν
1116 1654 1279 1689 λεγομένων.

1083 1702 1117 1733 γ’.
1140 1697 1208 1726 Eine
1222 1700 1312 1732 πάλιν,
1325 1701 1365 1727 ὅτι
1374 1702 1479 1733 Ὥσπερ
1489 1702 1583 1736 λύχνος
1594 1704 1622 1730 ἐν
1636 1704 1763 1739 σκοτεινῷ
1783 1713 1842 1730 κοι-

1048 1745 1113 1770 τῶνι
1126 1746 1248 1780 φωτίζει,
1259 1747 1344 1778 οὕτως
1362 1748 1408 1773 καὶ
1423 1749 1437 1773 ὁ
1449 1749 1530 1781 φόϐος
1543 1749 1589 1775 τοῦ
1606 1749 1684 1781 Θεοῦ,
1700 1750 1763 1776 ὅταν
1777 1750 1840 1786 ἔλθῃ

1049 1791 1088 1822 εἰς
1107 1792 1218 1828 καρδίαν
1236 1793 1388 1826 ἀνθρώπου,
1409 1794 1523 1827 φωτίζει
1544 1795 1634 1828 αὐτὸν,
1650 1795 1696 1821 καὶ
1721 1795 1842 1824 διδάσκει

1049 1838 1138 1869 πάσας
1152 1839 1200 1870 τὰς
1214 1839 1314 1874 ἀρετὰς
1325 1841 1371 1866 καὶ
1386 1840 1435 1871 τὰς
1450 1841 1559 1872 ἐντολὰς
1571 1841 1617 1867 τοῦ
1635 1841 1714 1868 Θεοῦ.

1083 1884 1113 1910 δ’.
1135 1883 1202 1910 Εἷπε
1217 1885 1297 1912 πάλιν
1308 1895 1315 1901 ·
1334 1887 1391 1913 Οὐκ
1405 1886 1463 1913 ἐστι
1480 1888 1558 1922 χρεία
1571 1887 1658 1921 λόγων
1671 1888 1767 1922 μόνον·
1783 1889 1839 1914 εἰσὶ

1049 1930 1102 1966 γὰρ
1117 1931 1208 1957 πολλοὶ
1225 1931 1298 1965 λόγοι
1310 1933 1339 1958 ἐν
1355 1935 1411 1964 τοῖς
1423 1933 1576 1968 ἀνθρώποις
1587 1935 1615 1960 ὲν
1628 1933 1666 1968 τῷ
1682 1933 1770 1969 καιρῷ
1780 1934 1840 1960 τού-

1049 1985 1097 2010 τῳ.
1107 1975 1186 2003 Ἀλλὰ
1207 1978 1285 2013 χρεία
1302 1979 1374 2005 ἐστὶν
1390 1979 1486 2014 ἔργουθ
1503 1980 1568 2006 αὐτὸ
1593 1980 1646 2015 γάρ
1661 1980 1718 2006 ἐστι
1737 1980 1767 2006 τὺ
1790 1978 1840 2015 ζη-

1049 2023 1188 2058 τούμενον,
1205 2024 1251 2050 καὶ
1267 2024 1297 2049 οὗ
1314 2024 1397 2057 λόγοι,
1416 2025 1513 2056 οἵτινες
1531 2026 1580 2051 οὐκ
1595 2025 1685 2060 ἔχουσι
1705 2025 1820 2060 καρπόν.

1249 2125 1318 2159 Περὶ
1333 2127 1386 2152 τοῦ
1400 2125 1475 2153 ἀϐὄᾶ
1496 2125 1630 2160 Ἱέρακος.

1085 2181 1117 2205 α’.
1146 2179 1270 2213 Ἀδελφὸς
1286 2180 1412 2217 ἠρώτησε
1428 2182 1474 2208 τὸν
1489 2182 1576 2210 ἀὸΰᾶν
1596 2182 1715 2218 Ίέρακα,
1729 2183 1816 2217 λέγων
1828 2193 1835 2199 ·

212 2237 376 2261 sermonem.
393 2237 514 2264 quonam
540 2230 620 2257 modo
638 2231 730 2258 salvus
750 2231 832 2258 (iam?
847 2230 998 2267 Respondit

1060 2224 1117 2250 Εἰπέ
1133 2233 1178 2260 μοι
1196 2225 1285 2259 λόγον,
1308 2226 1367 2258 πῶς
1389 2227 1484 2260 σωθῶ;
1500 2228 1582 2263 Λέγει
1601 2228 1674 2264 αὑτῷ
1694 2230 1708 2255 ὁ
1727 2229 1816 2265 γέρων
1829 2238 1836 2244 ·

212 2275 237 2303 ei
255 2283 337 2302 senex
355 2284 361 2302 :
376 2274 446 2302 Sede
462 2275 488 2302 in
504 2276 572 2302 cella
585 2281 645 2309 tua;
662 2276 683 2303 si
699 2277 838 2309 esurieris,
853 2279 997 2310 manduca,

212 2322 235 2350 Ii
251 2322 367 2353 sitieris.
384 2322 462 2355 bibe;
478 2321 510 2349 ad
526 2322 584 2350 haec
600 2323 654 2350 noli
670 2323 703 2351 de
720 2331 856 2358 quoquam
867 2324 936 2352 male
959 2325 999 2351 lo-

212 2368 271 2403 qui,
289 2371 316 2395 et
333 2368 424 2395 salvus
437 2369 501 2395 eris.

246 2413 359 2440 2.ldcm
382 2414 450 2440 dixit
467 2423 473 2442 :
490 2413 634 2449 Nunquam
659 2415 817 2442 saecularem
844 2423 997 2444 sermonem

213 2464 260 2486 aut
271 2459 382 2494 protuli,
400 2463 447 2486 aut
468 2460 541 2486 volui
558 2460 662 2488 audire.

410 2503 447 2532 De
457 2505 550 2532 abbate
563 2505 665 2533 Joanne
674 2507 802 2535 eunucho.

249 2559 275 2586 1.
293 2559 384 2587 Abbas
399 2559 518 2588 Joannes
533 2561 687 2594 eunuchus,
705 2569 767 2589 cum
784 2566 857 2590 esset
876 2563 994 2598 juvenis.

214 2613 306 2632 senem
328 2606 368 2633 sic
391 2606 569 2640 interrogavit
597 2616 603 2634 :
630 2607 770 2641 Quomodo
793 2617 841 2636 vos
867 2611 995 2645 potuistis

214 2657 341 2685 peragere
353 2658 421 2685 opus
440 2650 485 2677 Dei
501 2651 528 2677 in
546 2651 661 2686 requie;
676 2660 727 2680 nos
747 2661 812 2680 vero
827 2661 914 2689 neque
933 2663 996 2682 cum

213 2691 306 2720 labore
322 2695 486 2729 possumus?
500 2693 651 2730 Respondit
665 2701 748 2724 senex
761 2707 767 2724 :
781 2697 835 2726 Nos
850 2699 995 2733 valuimus,

249 2781 273 2798 ⁸³
287 2781 329 2808 ΔΙ.
347 2783 396 2814 εἰς.
438 2782 460 2799 ⁶⁹
472 2782 515 2810 Al.
529 2783 577 2810 ἴδε.
615 2784 638 2801 ⁷⁸
655 2784 774 2813 Α1.ῐδον.

249 2859 306 2895 (tl)
328 2859 378 2887 Vit.
394 2861 471 2888 Patr.
490 2869 530 2894 In,
547 2861 573 2888 7.

1050 2271 1138 2300 Κάθου
1154 2276 1193 2306 εἰς
1205 2275 1234 2301 τὸ
1249 2275 1353 2302 κελλὶον
1371 2285 1433 2302 σου·
1451 2277 1498 2303 ἐὰν
1514 2278 1618 2312 πεινᾷς,
1633 2277 1716 2312 φάγε·
1733 2277 1780 2304 ἐὰν
1796 2278 1838 2304 δι-

1048 2319 1111 2354 ψᾷς,
1124 2321 1168 2347 πίε
1178 2329 1185 2336 ·
1201 2322 1248 2348 καὶ
1267 2322 1304 2356 μὴ
1320 2323 1507 2359 κακολογήσῃς
1523 2323 1584 2350 τινά
1596 2331 1604 2337 ο
1616 2324 1663 2350 καὶ
1680 2323 1764 2359 σώζῃ.

1085 2409 1117 2444 β’.
1143 2409 1173 2437 '0
1193 2410 1272 2442 αὐτὸς
1291 2408 1379 2444 εἶπεν,
1397 2412 1438 2438 ὅτι
1451 2411 1583 2438 Οὐδέποτε
1606 2411 1737 2448 κοσμικὺν
1759 2411 1840 2446 λόγον

1049 2452 1066 2490 ἢ
1084 2454 1170 2488 εἷπον,
1190 2456 1206 2491 ἦ
1221 2457 1340 2492 ἠθέλησα
1356 2457 1482 2484 ἀκοῦσαι..

1135 2510 1205 2545 Περὶ
1219 2511 1271 2538 τοῦ
1284 2512 1359 2540 ἀΰϐᾶ.
1378 2512 1512 2540 Ἰωάννου
1527 2513 1579 2540 τοῦ
1596 2513 1757 2548 εὐνούχου.

1084 2569 1119 2592 α’.
1147 2566 1175 2593 '0
1201 2567 1287 2600 ἀδὸἄς
1307 2569 1433 2605 Ἰωάννης
1454 2571 1468 2596 ὁ
1492 2570 1629 2605 εὐνοῦχος,
1647 2569 1778 2605 νεώτερος
1799 2568 1840 2596 ὢν

1049 2611 1172 2648 ἠρώτησε
1182 2614 1307 2649 γέροντα,
1321 2615 1409 2650 λέγων
1419 2624 1426 2631 ·
1439 2616 1501 2648 Πῶς
1514 2617 1594 2651 ὑμεῖς
1603 2616 1752 2652 ἠδυνήθητε
1763 2617 1840 2651 ποιῆ-

1051 2665 1095 2683 σαι
1115 2657 1146 2683 τὸ
1166 2657 1245 2693 ἔργον
1258 2659 1304 2686 τοῦ
1320 2660 1387 2687 Θεοῦ
1407 2662 1436 2687 ὲν
1454 2662 1622 2689 ἀναπαύσει·
1640 2663 1720 2697 ἡμεῖς
1732 2661 1760 2688 δὲ
1777 2661 1840 2688 οὐδί

1051 2703 1120 2737 μετὰ
1131 2704 1216 2731 κόπου
1233 2706 1346 2741 ποιῆσαι
1361 2707 1516 2743 δυνάμεθα;
1537 2708 1592 2735 Καὶ
1606 2708 1679 2742 λέγει
1695 2708 1709 2733 ὁ
1727 2707 1818 2744 γέρων
1829 2711 1841 2723 ⁸
