1970 3074
158 150 213 177 255

744 151 1052 181 APOPHTHEGMATA
1072 154 1226 184 PATRUM.

1737 154 1790 183 ρει

163 211 261 247 Ἡμεῖς
276 210 394 246 ἠδυνήθη
399 219 459 245 μεν,
475 210 569 245 ἐπειδὴ
583 210 731 245 κεφάλαιον
744 210 842 246 ἔχομεν
859 211 890 237 τὸ
904 210 950 247 ἕρ-

1015 212 1066 247 [υἰιι
1091 213 1221 248 ρηεείρυί
1245 214 1305 240 loco
1336 213 1482 240 habuimus
1504 220 1572 247 opus
1596 211 1659 243 Dei,
1682 213 1790 242 minimi

158 265 208 292 γον
226 256 272 283 τοῦ
291 256 370 289 Θεοῦ,
383 257 432 292 τὴν
457 257 485 283 δὲ
506 256 600 292 χρείαν
615 257 663 292 τὴν
680 256 837 292 σωματικὴν
858 257 951 292 ἐλάχι-

160 310 240 329 στον·
263 302 343 336 ὑμεῖς
370 301 398 328 δὲ
427 302 575 336 κεφάλαιον
606 302 681 337 ἔχετε
709 302 759 336 τὴν
793 303 951 339 σωματικὴν

160 346 264 382 χρείαν,
279 346 310 372 τὸ
328 346 356 372 δὲ
369 346 448 382 ἔργον
463 346 509 373 τοῦ
526 346 594 373 Θεοῦ
607 347 658 373 οὐκ
672 347 893 383 ἀναγκαιότερον.
902 349 951 375 Διὰ

160 392 239 420 τοῦτο
254 392 382 427 κάμνετε,
401 393 448 418 καὶ
462 391 506 418 διὰ
518 391 598 419 τοῦτο
611 393 625 418 6
641 393 738 429 Σωτὴρ
755 391 814 420 εἷπε
827 395 883 426 τοῖς
902 403 952 430 μα-

161 431 272 471 θηταῖς·
296 436 503 470 Ὀλιτόπιστοι,
523 437 632 470 ζητεῖτε
651 437 768 472 πρῶτον
789 438 845 473 τὴν
858 440 951 472 βασι-

159 483 246 509 λείαν
259 482 311 508 τοῦ
332 482 416 514 Θεοῦ,
428 481 479 509 καὶ
494 481 589 510 ταῦτα
602 483 700 510 πάντα
714 484 952 518 προστεθήσεται

160 529 242 563 ὑμῖν.

197 576 229 611 β’.
251 574 336 603 Εἶπεν
356 577 370 603 6
391 576 478 608 ἁϐϐᾶς
499 577 635 612 Ἰωάννης,
650 577 691 604 ὅτι
707 578 722 604 6
738 579 833 614 Πατὴρ
848 579 925 614 ἡμῶν
938 580 953 606 6

159 622 248 654 ἀδὸἅς
264 622 405 655 Ἀντώνιος
425 621 513 654 εἶπεν,
529 624 571 650 ὅτι
588 623 722 650 Οὐδέποτε
735 625 765 650 τὸ
776 626 872 652 ἑαυτοῦ
885 634 953 662 συμ-

161 669 243 705 φέρον
261 669 409 705 προέκρινα
428 670 478 704 τῆς
492 669 538 696 τοῦ
555 670 670 704 ἀδελφοῦ
686 679 737 706 μου
750 671 892 706 ὡφελείας.

196 718 231 749 γ’.
255 715 368 749 Ἔλεγεν
391 717 406 742 6
427 715 514 747 ὰόὅᾶς
532 715 656 751 Ἰωάννης
673 717 687 742 ὁ
704 716 791 753 Κίληξ
806 719 820 744 ὀ
836 718 954 753 ἡγούμε-

161 770 206 793 νος
218 761 268 796 τῆς
285 761 406 793 Ῥαῖθοῦ,
421 763 477 793 τοῖς
489 762 614 796 ἀδελφοῖς
625 771 631 777 ·
649 762 748 794 Τέκνα,
764 763 801 795 ὡς
816 764 953 800 ἐφύγομεν

161 807 207 833 τὸν
225 808 336 842 κόσμον,
356 807 486 843 φύγωμεν
506 808 554 835 καὶ
578 808 627 839 τὰς
650 808 796 844 ἐπιθυμίας
814 809 864 844 τῆς
886 819 954 846 σαρ-

163 854 226 884 κόςε

1002 267 1069 288 vero
1083 260 1254 295 corporalem
1279 260 1472 287 necessitatem
1490 269 1496 286 ε
1514 267 1561 286 vos
1581 264 1670 287 autem
1694 262 1791 295 prazci-

1002 313 1087 339 puum
1100 306 1202 333 ducitis
1214 306 1404 333 necessitatem
1422 305 1600 340 corporalem,
1613 314 1682 340 opus
1699 311 1790 335 autem

1003 352 1050 378 Dei
1074 359 1131 379 rem
1145 352 1236 379 minus
1251 352 1444 379 necessariam.
1455 352 1518 379 ldeo
1536 352 1665 379 laboratis
1679 361 1686 379 :
1699 357 1727 379 et
1741 360 1788 380 ea-

1003 401 1113 432 propler
1138 397 1263 424 Salvator
1289 398 1430 432 discipulis
1453 398 1510 425 suis
1537 398 1606 425 dixit
1628 408 1634 425 :
1658 398 1789 426 Homines

1003 444 1114 470 modica:
1134 444 1208 478 ﬁdei,
1222 445 1331 479 quwrite
1353 445 1468 478 primunt
1492 452 1600 479 regnum
1622 444 1679 477 Dei,
1695 449 1719 471 et
1737 444 1791 472 Ita'c

1003 490 1092 516 omnia
1105 489 1266 524 adjicientur
1283 489 1354 516 vobis
1369 490 1402 516 τ’.

1038 579 1064 605 2.
1087 578 1211 606 Narravit
1234 579 1320 607 abbas
1345 578 1475 611 Joannes,
1497 579 1571 614 quod
1594 578 1675 606 Pater
1699 582 1792 606 noster

1004 625 1089 652 abbas
1108 625 1244 652 Antonius
1257 625 1357 652 dixerit
1372 634 1378 652 :
1392 623 1537 659 Nunquam
1561 632 1650 652 meum
1670 631 1793 653 commo-

1004 671 1069 698 dum
1087 671 1199 698 utilitati
1219 671 1312 698 fratris
1326 672 1378 698 mei
1396 672 1512 706 praetuli.

1039 717 1066 744 5.
1084 717 1140 752 (45)
1155 717 1246 744 Abbas
1259 716 1378 745 Joannes
1389 717 1470 750 Cilix,
1485 718 1651 752 praepositus
1666 717 1694 744 in
1709 716 1794 744 Rbai-

1004 761 1064 793 thu,
1087 761 1194 788 dicebat
1220 762 1350 790 fratribus
1367 762 1457 795 :Filii,
1478 764 1547 790 sicut
1570 763 1689 799 fugimus
1712 771 1794 791 mun-

1005 809 1081 841 dum,
1098 807 1236 843 fugiamus
1251 809 1354 843 pariter
1368 809 1460 836 carnis
1474 809 1646 844 cupiditates.

197 899 218 925 δ¹
249 897 317 926 Eine
331 900 412 926 πάλιν
424 908 430 914 ·
443 900 636 936 Μιμησὼμεθα
652 901 715 932 τοὺς
728 901 853 937 Πατέρας
863 901 953 936 ἡμῶν·

1041 897 1068 924 λι.
1088 897 1143 932 (tu)
1159 896 1231 923 Dixit
1253 896 1351 924 iterum
1369 906 1375 924 :
1392 897 1532 925 Imitemur
1548 897 1642 926 Patres
1661 903 1792 927 nostros:

165 945 234 979 μετὰ
262 945 340 977 ποίας
367 945 579 981 σκληραγωγίας
608 947 656 974 καὶ
686 947 800 983 ἡσυχίας
824 947 955 975 ἐκάθισαν

163 987 224 1017 ὧδε.

199 1036 230 1064 ε’.
250 1034 316 1062 Eius
333 1036 414 1063 πάλιν
425 1045 431 1052 ·
450 1037 496 1072 Μὴ
512 1037 694 1073 ρυπώσωμεν,
709 1037 802 1069 τέκνα,
817 1038 862 1065 τὸν
874 1038 956 1064 τόπον

163 1081 266 1113 ¹νιςιῖιτον,
283 1082 312 1108 ὃν
325 1083 350 1108 οἰ
370 1083 489 1118 Πατέρες
508 1082 586 1119 ἡμῶν
608 1082 775 1118 ὲκαθάρισαν
788 1083 842 1110 ἀπὸ
863 1083 957 1119 δαιμό-

164 1135 229 1154 νων.

201 1177 238 1205 ς’.
258 1171 326 1200 Eine
342 1174 422 1201 πάλιν
433 1182 440 1189 ’
461 1174 490 1201 '0
500 1174 582 1206 τόπος
594 1170 673 1206 οὗτος
687 1175 814 1212 ἀει-κητῶν
829 1176 913 1207 ἐστιν,
925 1176 955 1202 οὐ

165 1219 394 1255 πραγματευτῶν.

252 1278 322 1312 Περὶ
335 1278 389 1306 τοῦ
402 1278 476 1306 ἀϐϐᾶ
494 1278 635 1307 Ἰωάννου
650 1280 710 1308 τῶν
722 1281 867 1309 Κελλίων.

200 1333 235 1361 α’.
255 1336 408 1371 Διηγήσατο
423 1338 437 1363 6
451 1336 538 1368 ἀΰὸἇς
558 1337 684 1373 Ἰωάννης
697 1337 750 1364 τῶν
764 1337 896 1369 Κελλίων,
912 1337 956 1364 λέ-

165 1386 233 1414 γων,
248 1380 288 1406 ὅτι
308 1381 365 1407 Μία
387 1381 474 1417 πόρνη
497 1379 531 1417 ἦν
554 1383 583 1408 ὲν
602 1382 742 1418 Αἰγύπτῳ,
759 1383 957 1418 εὺμορφωτάτη

165 1425 214 1453 καὶ
237 1427 352 1453 πλουσία
376 1427 495 1463 σφόδρα’
520 1428 567 1454 καὶ
585 1429 610 1454 οἱ
623 1428 752 1464 ἄρχοντες
766 1428 820 1464 (42)
843 1429 957 1464 ἤρχοντο

166 1471 235 1506 πρὸς
263 1473 356 1508 αὐτήν.
377 1473 436 1509 Μιιᾷ
460 1472 507 1501 οὖν
529 1474 582 1501 τῶν
601 1474 713 1510 ἡμερῶν
731 1474 894 1511 εὐκαῐρησεν
912 1475 958 1501 ἐπὶ

165 1518 215 1553 ’τὴν
238 1518 397 1554 ἐκκλησίαν,
415 1520 462 1546 καὶ
488 1520 620 1556 ἠθέλησεν
642 1520 773 1547 εἰσελθεῖν
796 1521 859 1548 ἔσω.
874 1521 903 1549 Ὀ
930 1522 958 1548 δὲ

1006 947 1108 977 quanta
1123 951 1185 970 cum
1200 943 1359 970 austeritate
1375 947 1402 970 et
1415 943 1505 978 quiete
1519 945 1679 972 resederunt
1692 945 1718 972 in
1734 945 1794 973 loco

1007 990 1068 1017 hoc.

1042 1036 1069 1063 5.
1087 1035 1142 1071 (45)
1158 1035 1202 1062 Ait
1227 1044 1323 1063 rursus
1337 1045 1343 1063 :
1359 1035 1436 1068 Filii,
1450 1044 1484 1064 ne
1507 1037 1679 1066 sordidetnus
1703 1046 1794 1066 locum

1007 1083 1101 1116 istum,
1122 1090 1202 1118 quem
1229 1081 1325 1110 Patres
1350 1083 1436 1110 nostri
1454 1091 1469 1110 a
1491 1083 1660 1112 damonihus
1679 1084 1796 1112 munda-

1007 1132 1114 1156 verunt.

1044 1173 1070 1200 6.
1089 1173 1145 1207 (46)
1160 1173 1255 1200 Adhuc
1271 1174 1339 1201 dixit
1354 1184 1361 1201 :
1379 1174 1469 1203 Locus
1490 1175 1541 1202 iste
1564 1179 1721 1204 ascetarum
1740 1181 1793 1210 est,

1007 1228 1061 1247 11011
1080 1225 1172 1247 autem
1186 1220 1398 1255 negotiatorum.

1184 1277 1222 1304 De
1242 1277 1336 1304 abbate
1352 1276 1456 1305 Joanne
1475 1277 1620 1306 Celtarum.

1041 1333 1065 1360 l.
1084 1333 1124 1360 Ad
1142 1333 1214 1360 hunc
1235 1333 1346 1360 modum
1366 1334 1488 1361 narravit
1503 1334 1624 1362 Joannes
1636 1334 1772 1362 Cellensis
1788 1344 1796 1362 :

1009 1377 1074 1405 Erat
1094 1379 1121 1406 in
1138 1378 1258 1414 .Egypto
1281 1380 1411 1407 meretrix
1433 1381 1629 1415 pulchertima,
1650 1380 1798 1408 admodum

1009 1425 1096 1459 dives,
1108 1425 1142 1452 ad
1157 1433 1243 1460 quam
1260 1426 1353 1453 venire
1373 1427 1496 1453 solebant
1512 1427 1563 1453 viri
1580 1428 1607 1454 in
1623 1432 1758 1462 potestate
1771 1433 1800 1454 et

1009 1471 1142 1506 dignitate
1159 1472 1311 1498 constituti.
1324 1472 1446 1504 Quodam
1462 1472 1546 1507 igitur
1559 1472 1603 1500 die
1616 1474 1750 1507 processit
1764 1474 1798 1501 ad

1009 1519 1162 1551 ecclesiam,
1180 1518 1319 1553 voluitque
1343 1518 1466 1545 introire.
1481 1519 1516 1545 At
1540 1519 1725 1547 subdiaconus
1751 1521 1799 1555 qui

167 1563 378 1597 ὑποδιάκονος,ὀ
393 1565 501 1600 στήκων
520 1566 559 1597 εἰς
572 1566 621 1597 τὰς
635 1566 728 1602 Θύρας,
743 1567 792 1593 οὐκ
804 1566 894 1592 εἴασεν
909 1567 958 1593 αὑ-

1015 1564 1043 1590 ad
1061 1569 1166 1598 portam
1192 1563 1293 1594 stabat,
1319 1571 1372 1590 non
1398 1563 1533 1598 permisit,
1554 1564 1648 1591 dicens
1669 1573 1675 1591 :
1695 1563 1802 1599 Nequa-

115 1613 118 1615 '
166 1608 227 1644 τὴν,
243 1609 348 1644 λέγων·
366 1611 423 1637 Οὐκ
444 1609 469 1637 εἷ
485 1611 548 1643 ἀξία
561 1611 692 1638 εἰσελθεῖν
717 1613 756 1643 εἰς
781 1609 855 1638 οἶκον
878 1611 957 1644 Θεοῦ,

166 1655 207 1681 ὅτι
222 1655 375 1691 ἀκάθαρτος
389 1654 424 1683 εἴ.
434 1657 477 1689 Ὠς
492 1657 521 1683 δὲ
537 1657 681 1693 ἐμάχοντο,
692 1658 808 1693 ἤκουσεν
821 1660 835 1684 6
850 1659 959 1685 ἐπίσκο-

167 1711 219 1735 πος
232 1703 279 1730 τοῦ
297 1704 422 1741 θορύϐου,
436 1706 483 1732 καὶ
493 1705 598 1741 ἐξῆλθε.
621 1706 702 1741 Λέγει
716 1705 761 1734 οὖν
775 1707 850 1742 αὐτῷ
862 1709 877 1742 ἡ
891 1707 958 1742 πόρ-

168 1757 200 1784 νη
213 1757 219 1763 '
235 1748 291 1775 Οὐκ
308 1749 383 1783 ἀφίει
406 1758 439 1784 με
456 1750 586 1777 εἰσελθεῖν
606 1752 645 1783 εἰς
665 1752 713 1787 τὴν
733 1752 891 1787 ἐκκλησίαν.
906 1753 959 1778 Καὶ

167 1792 243 1827 λέγει
262 1794 329 1829 αὐτῇ
344 1794 358 1820 ὁ
376 1794 524 1826 ἐπίσκοπος
536 1803 542 1810 ·
567 1796 624 1822 Οὐκ
649 1796 737 1828 ἕξεστὶ
757 1805 797 1823 σοι
818 1796 958 1828 εἰσελθεῖν,

167 1839 209 1866 ὅτι
218 1839 373 1875 ἀκάθαρτος
383 1838 417 1867 εἷ.
440 1841 471 1867 Ἡ
482 1841 510 1867 δὲ
520 1844 702 1876 κατανυγεῐσα
713 1843 787 1876 λέγει
800 1843 873 1878 αὐτῷ
883 1852 889 1858 ·
903 1844 960 1870 Οὐκ

167 1885 208 1912 ἐτι
224 1885 358 1921 πορνεύω,
373 1887 453 1921 Λέγει
477 1887 545 1922 αὐτῇ
572 1889 586 1914 6
605 1888 767 1920 ὲπίσκοπος⁵
791 1889 854 1915 Ἐὰν
874 1890 960 1925 φέρῃς

167 1929 220 1960 ὧδε
235 1933 268 1960 τὰ
282 1934 411 1969 χρήματά
428 1943 485 1965 σου,
495 1931 553 1960 οἶδα
566 1935 607 1961 ὅτι
621 1935 650 1960 οὐ
667 1935 808 1969 πορνεύεις
820 1935 869 1961 ἔτι.
879 1936 922 1966 Ὠς
932 1935 959 1961 δὲ

167 1980 267 2015 ἧνεγκε
280 2000 287 2012 ,
305 1980 394 2007 λαϐὼν
411 1980 524 2008 ἔκαυσεν
541 1981 611 2007 αὐτὰ
623 1981 699 2017 πυρὶ.
717 1981 770 2008 Καὶ
786 1981 910 2016 εἰσῆλθεν
920 1982 960 2013 εἰς

167 2026 218 2061 τὴν
233 2026 392 2062 ἐκκλησίαν.
402 2027 532 2054 κλαίουσα
551 2028 597 2054 καὶ
614 2027 745 2062 λέγουσα·
762 2028 792 2054 El
806 2025 856 2054 ὦδε
873 2028 959 2058 οὕτως

171 2081 216 2107 μοι
233 2073 353 2106 γέγονεν,
370 2074 428 2099 ἐκεῖ
439 2073 466 2099 τί
479 2073 532 2108 ἕχω
545 2073 658 2104 παθεῖν;
673 2075 727 2101 Καὶ
742 2076 896 2109 μετενόησε,
913 2074 960 2100 καὶ

168 2118 264 2152 γέγονε
279 2118 374 2150 σκεῦος
389 2119 515 2154 ἐκλογῆς.

208 2207 240 2242 β’.
271 2206 355 2234 Εἶπεν
383 2209 398 2234 6
425 2207 512 2239 ἀΰϐἄς
546 2208 674 2244 Ἰωάννης
702 2209 752 2244 τῆς
779 2208 910 2244 Θηϐαΐδος
921 2209 958 2224 ¹¹¹·

177 2254 293 2288 Ὀφείλει
312 2255 326 2280 ὁ
351 2254 468 2289 μοναχὸς
491 2255 543 2290 πρὸ
560 2255 669 2281 πάντων
684 2255 733 2290 τὴν
747 2256 961 2291 ταπεινοφροσύ-

170 2309 220 2335 νην
233 2300 416 2336 κατορθῶσαι.
430 2301 503 2336 Αὖτη
517 2301 571 2337 γάρ
585 2302 659 2328 ἐστιν
670 2302 686 2336 ἡ
698 2301 792 2337 πρώτη
806 2302 900 2338 ἐντολὴ
913 2302 960 2329 τοῦ

171 2347 312 2382 Σωτῆρος,
326 2346 451 2381 λέγοντος
462 2355 468 2361 ·
486 2346 631 2381 Μακάριοι
648 2349 675 2373 οὶ
690 2348 801 2381 πτωχοὶ
819 2347 858 2380 τῷ
873 2349 963 2375 πνεύ-

167 2400 250 2426 ματι,
267 2392 312 2418 ὅτι
324 2391 424 2419 αὐτῶν
439 2393 525 2419 ἐστιν
544 2392 563 2425 ’ἡ
580 2392 724 2424 ,βασιλεία
738 2393 797 2418 τῶν
815 2393 959 2427 οὐρανῶν.

216 2450 285 2485 Περὶ
299 2450 353 2477 τοῦ
370 2450 446 2478 ὰϐϐᾶ
468 2450 619 2485 Ἰσιδώρου
635 2451 688 2477 τοῦ
701 2451 915 2485 πρεσϐυτέρου.

208 2500 242 2525 α’.
260 2497 371 2532 Ἔλεγον
391 2498 455 2533 περὶ
469 2497 515 2524 τοῦ
530 2497 602 2524 assa
626 2497 760 2533 Ὶσιδώρου
776 2498 822 2524 τοῦ
843 2498 963 2534 πρεσΰυ-

207 2575 229 2592 η
245 2576 309 2602 Al.o'
326 2576 453 2612 Θηεαῖος.
492 2577 514 2592 τι
528 2575 624 2603 Matth.
638 2585 675 2608 γι,
687 2576 732 2608 50.
748 2577 792 2604 53.
831 2577 854 2592 "
867 2558 962 2604 Matth.
978 2586 1006 2608 ν,

209 2631 266 2668 (42)
282 2634 313 2659 Οἱ
329 2633 482 2667 ἄρχοντες.
497 2633 639 2669 Principes
655 2635 717 2666 viri,
732 2635 837 2662 nobiles
849 2642 881 2662 ac
895 2635 958 2662 illu-

173 2673 254 2700 stres,
268 2669 425 2703 optimates.
438 2670 506 2697 aulae
521 2677 658 2704 proceres,
673 2671 851 2704 magistratus
869 2671 957 2704 majo-

174 2711 228 2740 res,
244 2708 403 2740 potestates.
419 2704 601 2740 InﬂConﬂictu
621 2705 731 2732 Arnobii
748 2710 772 2732 et
790 2705 957 2739 Serapionis,

174 2739 236 2775 post
249 2739 380 2766 Irenaeum
393 2747 420 2774 p.
434 2739 486 2775 527
498 2749 504 2766 :
521 2740 591 2767 Pone
605 2744 657 2767 tres
672 2741 842 2774 imperatores
861 2741 888 2767 in
906 2749 958 2768 uno

174 2774 263 2808 regno,
272 2774 299 2801 in
308 2782 362 2800 una
373 2774 524 2806 concordia,
533 2776 560 2802 in
571 2784 625 2802 una
635 2776 705 2806 sede,
719 2776 745 2802 in
754 2784 806 2802 una
815 2777 957 2807 suavitate.

174 2809 200 2836 in
212 2817 264 2836 uno
278 2810 377 2836 amoris
397 2810 504 2844 aﬂ‘ectu,
519 2811 546 2836 in
562 2819 615 2837 una
629 2815 755 2845 potestate
766 2820 775 2838 :
795 2817 818 2837 et
835 2819 919 2845 quwre
932 2812 960 2837 in

174 2845 247 2880 ipsis,
263 2845 308 2880 qui
334 2846 449 2879 primum
469 2845 553 2872 locum
579 2850 717 2880 potestatis
739 2847 878 2874 obtineat?
897 2845 960 2873 Sine

194 2880 252 2907 utin
264 2881 366 2908 auitati
380 2885 432 2907 tres
449 2881 559 2915 Augusti
572 2887 643 2911 sunt.
655 2883 703 2908 toti
719 2887 770 2909 tres
789 2882 869 2917 primi
879 2886 960 2909 su'tt:

374 2941 507 2970 PATROL.
528 2939 586 2971 on.
604 2940 698 2971 LXV.

1009 1618 1090 1645 quam
1113 1610 1195 1644 (ligna
1219 1617 1254 1637 es
1269 1614 1298 1636 ut
1316 1609 1479 1644 ingrediaris
1491 1610 1517 1636 in
1532 1609 1641 1636 domum
1660 1608 1718 1642 Dei,
1736 1610 1800 1644 quia

1010 1656 1116 1692 impura
1131 1664 1171 1683 cs.
1189 1656 1255 1683 Dum
1279 1659 1369 1682 autem
1395 1659 1595 1687 concertarent,
1613 1663 1736 1683 murnntr
1751 1663 1800 1682 an-

1010 1703 1076 1730 divit
1097 1703 1252 1737 episcopus,
1264 1707 1288 1729 et
1305 1710 1432 1737 egressus
1453 1706 1504 1729 est.
1521 1703 1565 1728 Ait
1580 1710 1645 1737 ergo
1660 1702 1698 1729 illi
1714 1711 1801 1730 mere-

1011 1750 1063 1776 trix
1080 1748 1159 1776 :Non
1184 1749 1250 1776 sinit
1267 1756 1310 1775 me
1335 1748 1441 1775 intrare
1464 1748 1490 1774 in
1512 1748 1665 1775 ecclesiam.
1681 1747 1750 1775 Tum
1774 1747 1800 1774 ei

1010 1795 1156 1830 episcopus
1172 1804 1179 1821 :
1196 1793 1256 1821 Non
1275 1794 1338 1821 licet
1365 1794 1412 1820 tibi
1435 1794 1559 1824 introire,
1580 1802 1643 1821 curn
1660 1794 1801 1821 immunda

1011 1841 1060 1868 sis.
1075 1840 1120 1867 Illa
1137 1848 1202 1867 vero
1215 1845 1378 1875 eompuncta
1392 1840 1461 1866 dixit
1478 1841 1503 1867 ei
1518 1849 1526 1867 :
1540 1840 1598 1867 Non
1613 1840 1730 1874 amplius
1744 1840 1801 1867 for—

1011 1887 1134 1912 nicabor.
1151 1886 1239 1920 Atque
1255 1886 1288 1912 ad
1303 1893 1362 1912 eam
1378 1886 1524 1921 episcopus
1541 1896 1547 1913 :
1565 1885 1592 1912 Si
1608 1886 1733 1913 attuleris
1747 1886 1801 1913 huc

1012 1932 1155 1958 facultates
1175 1936 1251 1962 tuas,
1268 1939 1431 1967 cognoscam
1447 1939 1471 1958 te
1485 1939 1538 1958 non
1552 1932 1667 1966 amplius
1684 1931 1802 1959 fornica-

1011 1983 1112 2005 turam.
1128 1977 1179 2005 Ubi
1205 1983 1294 2005 autem
1312 1978 1414 2011 attulit,
1434 1978 1582 2012 episcopus
1600 1983 1727 2013 acceptas
1745 1978 1802 2014 igni

1011 2025 1179 2057 combussit;
1197 2025 1241 2051 illa
1258 2026 1379 2059 ingressa
1404 2029 1445 2051 est
1463 2024 1490 2051 in
1511 2024 1666 2057 ecclesiam,
1685 2024 1753 2052 fletis
1768 2031 1801 2051 ac

1012 2072 1106 2099 dicens
1123 2081 1129 2098 :
1146 2071 1173 2098 Si
1190 2072 1234 2098 hic
1248 2071 1283 2098 ita
1298 2079 1405 2098 mecum
1424 2074 1514 2097 actum
1532 2075 1584 2101 est,
1605 2071 1660 2097 illic
1671 2070 1736 2105 quid
1752 2071 1802 2097 ha—

1013 2117 1064 2144 beo
1086 2118 1160 2152 pati?
1176 2117 1207 2144 Et
1230 2118 1417 2151 paenitentiam
1440 2117 1505 2151 egit,
1524 2117 1665 2152 cvasitque
1680 2125 1728 2144 vas
1744 2117 1801 2144 ele-

1014 2164 1122 2191 ctionis.

1045 2209 1073 2237 2.
1086 2210 1142 2245 (47)
1160 2209 1230 2237 Dixit
1243 2210 1327 2236 abbas
1338 2209 1457 2236 Joannes
1469 2208 1616 2236 Thebaidis
1629 2218 1634 2235 :
1651 2207 1734 2236 Debet
1744 2217 1802 2236 mo-

1015 2258 1119 2284 nachus
1145 2262 1208 2284 ante
1231 2257 1322 2283 omnia
1348 2256 1509 2283 humilitatis
1539 2256 1641 2282 bonum
1666 2255 1800 2283 obtinere.

1016 2303 1072 2331 Iloc
1085 2304 1157 2330 enim
1172 2307 1214 2330 est
1228 2304 1344 2337 primum
1361 2302 1511 2329 Salvatoris
1527 2302 1695 2334 mandatum,
1713 2302 1802 2330 dicen-

1014 2351 1049 2376 tis
1066 2361 1071 2377 :
1088 2349 1164 2376 Beati
1183 2357 1308 2383 pauperes
1338 2349 1444 2382 spiritu,
1469 2349 1593 2383 quoniam
1617 2349 1734 2382 ipsorum
1763 2355 1802 2376 est

1013 2403 1119 2431 regnum
1137 2395 1261 2422 ate/orum
1276 2394 1309 2421 ".

1179 2451 1219 2479 De
1234 2451 1326 2479 abbate
1343 2451 1447 2478 Isidoro
1463 2451 1623 2486 presbytero.

1047 2499 1073 2526 Ι.
1091 2498 1207 2526 Aiebam
1221 2497 1255 2525 de
1272 2498 1370 2525 abbate
1386 2497 1490 2524 Isidoro
1503 2497 1674 2533 presbytero,
1691 2498 1802 2526 venisse

1020 2585 1046 2605 ί).

1013 2635 1156 2662 secundum
1173 2644 1232 2663 vero
1248 2636 1344 2667 locum,
1362 2639 1386 2662 ct
1402 2640 1507 2662 tertium
1525 2636 1664 2668 potestatis
1688 2634 1802 2665 (substi-

1012 2675 1069 2701 tue,
1090 2673 1243 2703 potestates)
1260 2671 1292 2697 ab
1315 2672 1440 2705 Augustis
1458 2670 1588 2698 ordinatae
1607 2670 1749 2698 habebunt.

1049 2706 1105 2739 (ιδι
1129 2706 1179 2733 vn.
1197 2706 1272 2733 Patr.
1291 2715 1317 2738 Χ,
1335 2706 1395 2733 tis.

1050 2742 1104 2774 (44)
1121 2741 1230 2768 Ibidem.

1049 2777 1105 2812 (45)
1122 2776 1233 2812 ibidem.

1051 2812 1107 2846 (to)
1122 2811 1235 2839 Ibidem.

1050 2847 1105 2882 (47)
1127 2846 1180 2874 Vit.
1199 2846 1277 2874 Patr.
1296 2855 1330 2876 xv
1353 2847 1404 2876 23·
1418 2848 1448 2876 L.
1467 2848 1579 2877 Dorotb.
1599 2848 1689 2876 Doctr.
1702 2848 1721 2875 2

1658 2941 1679 2971 8
