1970 3074
164 141 218 169 ἳ55

743 139 915 168 APPENDIX
935 139 981 166 AD
1001 134 1221 168 PALLADIUM]

1742 142 1795 170 236

164 196 311 232 aliquando
340 196 450 224 fratrem
475 197 631 232 quemdam,
649 201 679 224 ut
698 197 825 224 invitaret
843 205 904 224 eum
919 204 942 223 at

1004 197 1094 231 τέρου,
1109 197 1149 224 ὅτι
1165 195 1231 234 ἦλθέ
1247 197 1311 224 ποτέ
1326 206 1369 229 τις
1384 197 1513 233 ἀδελφὸς,
1535 198 1578 224 ἵνα
1595 197 1696 234 καλέσῃ
1713 199 1795 226 αὐτὸν

164 243 318 279 prandium.
336 243 371 273 At
386 252 468 271 senex
484 245 569 270 ttoluit
585 243 721 278 proﬁcisci
732 253 740 277 ',
753 244 892 279 quoniam,
910 243 951 268 in-

165 289 233 324 quit.
248 289 368 316 Adamus
386 290 448 317 cibo
471 289 612 324 deceptus.
633 295 709 316 extra
726 289 883 324 paradisum
903 289 950 314 Ita-

163 335 322 362 liitationem
340 336 456 370 accepit.
471 335 515 362 Ait
532 336 570 362 illi
596 336 680 362 frater
698 345 704 362 :
724 335 764 362 Tn
788 335 900 362 omnino
912 334 950 362 "ti-

163 390 221 409 mes
243 382 333 416 egredi
356 389 371 409 e
387 380 459 409 'cella
484 382 547 409 tua?
566 384 667 409 lterum
694 382 759 409 ille:
775 381 844 413 Fili,
868 382 950 408 linteo

163 434 238 459 sane,
265 427 328 462 quia
353 427 485 460 diabolus,
510 433 635 462 tanquam
658 428 696 454 leo
720 427 836 462 rugiens,
855 428 950 462 σοαπ-ῆι

163 483 238 508 quem
255 474 358 502 devoret
373 475 405 502 ⁷⁸.
419 474 496 509 Saepe
506 479 595 502 autem
606 475 678 502 hunc
685 475 948 502 emisitsermonem:

171 518 199 545 Si
216 519 277 554 quis
293 527 322 547 se
336 519 363 546 in
380 520 435 546 vini
454 520 619 555 potationem
634 519 750 552 dederit,
767 527 822 546 non
839 519 949 555 effugiet

167 565 280 593 insidias
305 566 510 601 cogitationum.
527 565 632 592 Etenim
650 565 727 592 Lota
758 565 865 592 ﬁliabus
891 565 948 593 suis

161 614 284 641 coaetus,
296 611 359 638 \‘ino
375 611 526 638 inebriatus
539 615 591 641 est,
607 617 637 636 ae
655 617 702 644 per
717 610 875 638 ebrietatem
891 610 949 637 dia-

161 655 240 683 bolus
263 664 325 683 eum
350 655 429 683 facile
454 656 488 682 ad
508 655 651 682 scelestam
673 654 881 681 fornicationem
905 654 950 681 ad-

162 699 252 728 duxit.

195 746 222 773 2.
240 745 314 773 Dixit
328 746 414 774 abbas
427 745 549 773 Isidorus
563 755 569 772 :
585 745 613 772 Si
630 745 706 781 regni
724 745 854 772 caelorum
875 745 948 773 desi-

158 791 236 819 derio
252 791 361 824 teneris,
377 792 521 827 pecuniam
543 796 699 824 contemne,
715 799 746 819 ac
763 791 884 820 divinam
908 800 949 820 re-

159 838 340 866 tributionem
351 838 400 866 tibi
416 838 534 866 vindica.

1005 243 1044 273 εἰς
1060 242 1181 277 ἄριστον.
1202 242 1230 268 '0
1245 242 1274 269 δὲ
1290 243 1378 277 γέρων
1393 243 1443 270 οὐκ
1457 244 1587 278 ἠνέσχετο
1598 244 1737 278 ἀπελθεῖν,
1751 243 1795 273 λέ-

1004 295 1071 321 γων⁷
1091 288 1152 314 Ὂτι
1173 287 1268 323 Ἀδὰμ.
1289 288 1328 323 τῷ
1350 288 1473 324 βρώματι
1490 289 1652 324 ἀπατηθεὶς,
1676 289 1728 321 ἔξω
1746 289 1794 316 τοῦ

1006 333 1170 368 παραδείσου
1184 334 1309 369 ηὐλίσθη.
1324 334 1405 368 Λέγει
1418 334 1492 370 αὑτῷ
1501 337 1515 361 ὁ
1530 335 1644 370 ἀδελφός
1657 343 1665 350 ·
1677 336 1712 362 Σὺ
1725 335 1794 368 ὅλως

1005 379 1073 413 φοὸᾖ
1093 379 1213 411 ἐξελθεῖν
1229 378 1275 405 τοῦ
1295 379 1401 406 κελλίου
1424 388 1487 411 σου;
1508 380 1536 406 Ὁ
1558 380 1585 406 δὲ
1605 380 1686 407 πάλιν
1710 378 1771 406 εἶπε
1785 388 1792 395 ·

1003 424 1114 456 Τέκνον,
1128 424 1274 459 φοϐοῦμαι.
1289 424 1330 451 ὅτι
1343 425 1359 451 o'
1375 424 1513 458 διάϐολος
1524 426 1563 458 ὼς
1577 426 1655 452 λέων
1666 426 1794 460 ὠρυόμε-

1003 477 1055 502 rec
1071 469 1151 503 (nte?
1165 471 1233 497 τίνα
1248 471 1389 505 καταπίῃ.
1418 471 1551 503 Πολλάκις
1571 472 1599 499 δὲ
1618 472 1730 506 ἔλεγεν,
1751 473 1794 499 ὅτι

1009 517 1072 542 Ἐάν
1084 525 1126 548 τις
1140 516 1178 552 δῷ
1189 517 1285 543 ἑαυτὸν
1297 518 1337 548 εἰς
1349 517 1514 550 οἰνοποσίαν,
1529 518 1560 543 οὺ
1573 519 1610 553 μὴ
1623 518 1731 555 ἐκφύγῃ
1742 518 1794 553 τὴν

1003 562 1056 588 τῶν
1072 562 1210 598 λογισμῶν
1226 563 1380 598 ὲπιὸουλήν.
1396 564 1452 591 Καὶ
1472 564 1526 600 γὰρ
1546 565 1561 591 ὁ
1581 564 1653 596 Λὼτ,
1672 565 1794 599 ἀναγκα-

1004 608 1076 640 σθεὶς
1094 608 1146 635 ὑπὸ
1163 609 1217 636 τῶν
1235 609 1395 645 θυγατέρων
1419 610 1501 637 αὑτοῦ
1512 631 1520 641 ,
1537 610 1675 645 ἐμεθύσθη
1697 612 1729 638 ἐκ
1744 610 1792 638 τοῦ

1002 654 1084 687 οἴνου,
1098 655 1145 681 καὶ
1159 654 1204 681 διὰ
1218 655 1267 690 τῆς
1284 655 1369 690 μέθης
1383 655 1503 690 εὐχερῶς
1517 656 1531 682 ὁ
1544 655 1666 688 ὂιάῧολος
1680 657 1720 689 εἰς
1730 657 1792 684 ἄνο-

1004 708 1053 734 μον
1072 700 1200 735 πορνείαν
1217 701 1298 727 αὑτὸν
1313 701 1531 736 παρεσκεύασεν.

1039 745 1072 781 β’.
1088 745 1171 773 Εἶπεν
1185 747 1198 773 ὁ
1211 747 1298 778 άὸϐᾶς
1329 747 1463 782 Ἰσίδωρος
1473 755 1480 762 ·
1504 746 1534 773 Et
1551 747 1691 783 βασιλείας
1706 747 1791 783 οὐρα-

1001 791 1055 818 νῶν
1079 792 1153 827 ἐρᾷς,
1180 793 1330 827 χρημάτων
1354 793 1534 829 καταφρόνει,
1565 793 1612 820 καὶ
1640 793 1691 828 τῆς
1715 793 1791 826 θείας

1002 837 1117 872 ἀμοιϐῆς
1134 837 1282 865 ἀντιποιοῦ.

194 884 220 912 5.
236 883 309 912 Dixit
324 884 420 912 iterum
437 894 443 911 :
459 883 530 912 Fieri
543 884 638 920 nequit
655 888 685 911 ut
696 883 846 911 secundum
863 884 942 912 Deum

1034 887 1068 917 γ’.
1088 881 1154 910 Εῐπε
1172 883 1271 911 πάλιν·
1297 885 1383 920 Ζῆσαί
1400 894 1429 911 σε
1451 885 1522 912 κατὰ
1543 885 1619 918 θεὸν,
1647 886 1789 919 ἀδύνατον,

158 931 245 963 vivas,
261 931 284 959 si
301 931 450 966 voluptatis
465 935 513 957 aut
524 931 628 966 argenti
648 930 733 958 fueris
750 935 865 958 amator.

192 977 220 1005 4.
242 977 304 1005 Hmc
322 978 404 1005 etiam
429 978 509 1005 verba
531 977 595 1005 fecit
611 986 618 1004 :
635 976 664 1004 Si
680 977 798 1012 legitime
810 977 946 1012 jejunium

157 1024 305 1055 exercetis,
328 1024 412 1050 nolite
436 1022 564 1058 superbia
591 1021 680 1049 inﬂari
699 1031 706 1048 .-
725 1022 799 1056 quod
821 1022 846 1049 si
867 1022 893 1049 in
913 1029 945 1049 eo

155 1068 332 1103 gloriamini,
365 1069 456 1104 potius
485 1075 595 1095 carnem
625 1067 798 1095 manducate.
830 1067 946 1094 Praestat

156 1114 229 1141 enint
245 1118 274 1140 ut
288 1114 369 1141 homo
379 1113 506 1141 comedat
524 1120 634 1145 carnes,
650 1120 732 1148 quam
745 1113 873 1148 superbia
886 1117 946 1140 tur-

155 1152 259 1196 gcat'et
275 1161 362 1196 gloria
376 1160 490 1188 extollat
505 1167 545 1187 se.

192 1207 220 1234 5.
235 1207 333 1234 Adhuc
355 1206 425 1233 dixit
441 1215 447 1232 :
462 1205 576 1241 Oportet
593 1210 623 1232 ut
636 1205 762 1240 discipuli
780 1213 859 1233 veros
877 1213 944 1240 pras-

137 1256 287 1288 ‘ceptores
312 1257 369 1280 tum
391 1256 518 1287 tanquam
544 1257 635 1285 patres
658 1256 767 1284 ament,
793 1256 849 1279 tum
870 1252 945 1279 velut

155 1300 293 1334 principes
308 1299 443 1332 timeant;
461 1303 488 1326 et
504 1306 554 1326 nec
577 1302 687 1334 propter
705 1298 892 1329 dilectionem,
908 1298 943 1325 ti-

154 1352 261 1372 morem
274 1345 426 1376 remittant,
437 1352 486 1371 nec
497 1348 610 1379 propter
621 1344 757 1375 timorem,
768 1343 942 1371 dilectionem

134 1404 140 1409 -
152 1391 317 1419 obscurent.

189 1437 215 1464 6.
232 1436 305 1464 Dixit
319 1440 448 1472 prazterea
468 1445 475 1462 :
493 1436 520 1462 Si
536 1436 653 1463 salutem
671 1436 829 1469 desideras,
843 1441 942 1464 cuneta

152 1482 239 1510 facito
254 1490 315 1517 quae
332 1486 357 1510 te
373 1483 405 1509 all
419 1481 490 1508 illam
508 1481 625 1508 ductura
643 1485 718 1509 sunt.

189 1529 216 1555 7.
233 1529 289 1564 (48)
305 1528 463 1556 ,Νιιτι-οιιοηι
487 1528 521 1556 de
543 1528 638 1556 abbate
658 1529 773 1561 Isidoro,
789 1529 861 1564 quod
878 1537 939 1557 cum

999 929 1139 965 φιλήδονον
1154 930 1218 957 ὅντα
1233 931 1281 958 καὶ
1296 931 1473 967 φιλάργυρον.

1032 975 1063 1003 δ’.
1080 975 1148 1003 Εἶπε
1166 976 1247 1003 πάλιν
1258 986 1264 992 ’
1282 977 1314 1004 Et
1333 977 1456 1012 νομίμως
1474 978 1584 1004 ἀσκεῖτε
1602 978 1788 1014 νηστεύοντες,

999 1021 1036 1057 μὴ
1047 1021 1191 1056 τυφοῦσθε·
1202 1023 1226 1048 εἰ
1238 1022 1267 1049 δὲ
1279 1023 1324 1049 ἐπὶ
1335 1022 1414 1049 τοῦτο
1423 1023 1542 1058 αὑχεῐτε,
1557 1024 1657 1059 μᾶλλον
1663 1033 1790 1059 κρεωφα-

997 1069 1080 1101 γεῖτε.
1098 1067 1236 1103 Συμφὲρει
1250 1068 1305 1104 γὰρ
1320 1068 1455 1104 ἀνθρώπῳ
1469 1069 1570 1104 μᾶλλον
1591 1070 1661 1106 κρέα
1676 1070 1789 1103 ἐσθίειν,

997 1112 1013 1148 ἢ
1028 1112 1178 1147 τυφοῦσθαι
1196 1113 1243 1140 καὶ
1260 1113 1452 1150 μεγαλαυχεῖν.

1032 1205 1061 1228 ε’.
1087 1199 1153 1228 Εῐπε
1165 1202 1246 1228 πάλιν
1256 1210 1263 1216 ·
1275 1202 1336 1238 Χρὴ
1353 1203 1415 1235 τοὺς
1432 1203 1670 1240 μαθητευομένους
1689 1207 1736 1233 καὶ
1749 1207 1786 1238 ὡς

996 1247 1117 1283 πατέρας
1140 1248 1227 1282 φιλεῖν
1252 1249 1315 1280 τοὺς
1343 1249 1426 1281 ὅντως
1457 1250 1650 1283 διδασκάλους,
1676 1253 1723 1278 καὶ
1748 1252 1787 1283 ὡς

995 1293 1130 1330 ἄρχοντας
1160 1294 1318 1329 φοϐεῖσθαι·
1347 1296 1394 1322 καὶ
1423 1297 1492 1332 μήτε
1523 1297 1566 1324 διὰ
1596 1297 1645 1332 τὴν
1676 1298 1786 1333 ἀγάπην

995 1341 1101 1368 ἐκλύειν
1120 1341 1166 1367 τδν
1186 1341 1278 1376 φόϐον,
1312 1342 1381 1377 μήτε
1405 1342 1449 1369 διὰ
1469 1343 1514 1370 τὸν
1540 1343 1621 1378 φόϐον
1645 1343 1785 1380 ἀμαυροέν

997 1387 1043 1422 τὴν
1059 1387 1178 1423 ἀγάπην.

1030 1437 1067 1466 ς’.
1085 1431 1152 1460 Εἷπε
1169 1435 1249 1462 πάλιν
1259 1444 1265 1450 ·
1283 1435 1314 1462 Εἰ
1327 1435 1464 1471 σωτηρίας
1476 1437 1553 1472 ἐρᾷς,
1568 1437 1655 1464 πάντα
1671 1438 1740 1464 ποίει
1751 1439 1786 1466 τὰ

995 1481 1034 1512 εἰς
1050 1481 1135 1516 αὐτὴν
1150 1481 1251 1515 ἄγοντά
1267 1490 1307 1508 σε.

1031 1525 1063 1557 ζ’.
1086 1526 1197 1561 Ἔλεγον
1214 1528 1278 1563 περὶ
1294 1527 1340 1554 τοῦ
1357 1528 1429 1555 ἀδεᾶ
1449 1528 1594 1564 Ίσιδώρηυ,
1610 1530 1651 1556 ὅτι
1674 1530 1711 1562 ὡς
1735 1530 1787 1557 ὐτ-

150 1575 316 1602 accessisset
327 1575 361 1602 ad
372 1583 433 1602 eum
449 1574 542 1605 frater.
556 1574 662 1610 fugeret
677 1575 709 1602 ad
723 1575 839 1603 interius
852 1576 938 1603 cellae.

1001 1574 1061 1608 ἦγεν
1079 1573 1192 1608 eam»;
1207 1574 1274 1610 πρὸς
1286 1575 1378 1606 αὑτὸν,
1392 1575 1506 1609 ἔφευγεν
1518 1575 1650 1611 ἐσώτερον
1661 1577 1708 1603 τοῦ
1724 1577 1786 1603 κελ-

149 1620 245 1655 ~ltaqnc
258 1620 386 1648 dixerunt
400 1620 425 1648 ei
443 1621 541 1648 fratres
550 1629 560 1646 ε
574 1621 660 1652 Abba,
672 1620 737 1655 quid
750 1625 792 1649 est
805 1621 857 1649 ltoc
868 1622 942 1657 quod

154 1667 235 1700 agis?
251 1665 283 1692 Et.
300 1668 338 1692 ait
354 1676 359 1693 :
379 1666 465 1692 Etiam
484 1666 547 1694 fera:
572 1666 707 1701 fugientes
723 1668 756 1694 ad
773 1668 859 1695 lustra
880 1676 941 1701 sua,

149 1716 308 1739 servantur.
327 1711 379 1740 Ista
395 1717 485 1739 autent
506 1713 671 1747 loquebatur
696 1717 809 1748 propter
827 1714 941 1742 fratrum

148 1758 309 1784 (utilitatem.

361 1814 399 1841 De
415 1814 509 1841 abbate
520 1814 625 1841 Joanne
640 1815 735 1842 Persa.

193 1870 219 1897 Ι.
236 1870 290 1905 (49)
311 1869 390 1907 Venit
410 1871 557 1906 aliquando
575 1879 643 1905 puer
658 1875 686 1898 nt
702 1877 846 1899 curaretur
859 1879 874 1899 a
887 1872 942 1900 die-

147 1923 252 1948 ntone;
269 1920 297 1943 et
310 1923 489 1945 accesserunt
512 1918 611 1945 fratres
627 1918 660 1945 de
678 1919 804 1946 cmnobio
819 1918 940 1954 Egypti.

147 1959 286 1996 'Egressns
300 1967 390 1990 autent
404 1971 498 1996 senex,
511 1964 581 1990 vidit
596 1963 707 1991 fratrem
723 1972 785 1992 cum
796 1973 882 2000 pucro
894 1966 942 1993 de-

150 2007 341 2042 linquentcm;
360 2017 409 2036 nec
434 2010 572 2045 redarguit
594 2018 673 2042 enin,
691 2011 784 2039 dicens
802 2021 808 2039 :
826 2013 852 2038 Si
869 2011 941 2040 Deus

150 2053 198 2087 qui
223 2052 351 2081 formavit
376 2062 433 2085 eos.
460 2055 586 2088 intuitus,
611 2063 785 2091 nequaquam
813 2058 941 2084 incendio

150 2100 213 2126 illos
233 2101 381 2132 consumit,
398 2109 448 2135 ego
462 2101 523 2136 quis
542 2109 602 2129 sunt
622 2105 651 2128 ut
665 2103 776 2130 eosdem
791 2105 940 2138 reprehen—

150 2146 233 2172 dam?

185 2192 213 2220 εὶ.
227 2191 283 2228 (50)
297 2191 422 2219 Narravit
433 2193 542 2227 quidam
555 2192 665 2220 Patrum
678 2193 711 2220 tle
724 2194 822 2221 abbate
835 2194 940 2222 Joanne

149 2236 245 2267 Persa,
264 2237 337 2271 quod
353 2244 385 2263 ex
407 2237 493 2263 multa
515 2237 612 2271 gratia,
639 2237 671 2263 ad
695 2238 938 2272 profundissimam

150 2283 306 2318 pervenerit
329 2283 515 2309 innocentiam
533 2287 561 2309 et
583 2283 796 2318 simplicitatem.
815 2284 863 2310 llic
882 2292 939 2311 tna-

150 2327 232 2352 nehat
250 2326 277 2352 itt
293 2326 394 2353 Arabia
410 2326 531 2361 Egypti.
546 2327 700 2361 Aliquando
715 2334 804 2355 autent
823 2337 838 2355 a
855 2329 938 2356 fratre

151 2376 291 2400 mutuatus
306 2375 348 2399 est
364 2380 476 2399 anreuut
499 2381 651 2405 nummum,
669 2364 739 2401 undi»
756 2375 822 2401 emit
840 2375 936 2407 linum,

185 2449 208 2465 "‘
221 2448 230 2475 l
243 2449 316 2477 l’etr.
332 2458 358 2481 v,
371 2450 399 2477 8.

185 2505 242 2543 (ίξ)
256 2505 335 2543 {qam
345 2506 445 2543 _Geom.
461 2506 563 2543 Parad.
581 2515 625 2543 ep.
640 2508 685 2536 93.

185 2541 242 2576 (49)
266 2541 320 2568 Vit.
340 2541 415 2569 Patr.
431 2542 523 2572 tv.54.

185 2577 240 2611 (5)0)
262 2576 313 2604 Vit.
335 2577 411 2604 I’alr.
430 2586 466 2607 γι,
480 2577 507 2603 7.

187 2612 242 2647 (51)
263 2613 422 2649 Χρύοιιξον.
452 2612 616 2649 ξυλοκοτξνου
647 2613 769 2649 νόμισμα
791 2618 818 2641 et
849 2615 940 2642 ὁλοκο-

148 2646 219 2682 τίνη,
235 2652 282 2674 aut
318 2647 335 2674 f.
355 2647 501 2674 ὁλοκοτίνιν
517 2655 565 2681 pro
577 2646 755 2681 ὀλοκοτίνιον,
771 2654 799 2676 ιιι
811 2651 836 2676 in
848 2649 938 2677 Theo-

149 2682 248 2717 phanis
278 2683 407 2709 Chronico
426 2691 451 2717 p.
478 2682 530 2709 565
549 2682 586 2712 Ι),
604 2687 631 2709 ct
653 2683 729 2710 Notis
750 2685 781 2711 ad
799 2685 936 2712 Anastasii

149 2716 309 2750 Historiam,
328 2718 398 2745 idem
411 2716 576 2752 significant,
588 2723 614 2745 et
626 2727 673 2753 per
687 2726 770 2745 unum
789 2721 869 2748 solidi
885 2728 934 2747 no-

148 2760 210 2788 I_nen
233 2755 423 2787 exprimuntur
442 2761 456 2779 a
483 2752 592 2788 Pelagio
614 2754 771 2788 interprete.
791 2755 836 2782 Sic
861 2756 933 2788 apud

148 2785 344 2823 Theodoritum
357 2788 499 2816 llisLeccl.
512 2785 558 2815 lib:
575 2797 594 2820 ι,
605 2796 665 2823 cap.
682 2785 723 2822 f6,
739 2785 934 2822 πεντακοσίους

145 2822 324 2861 ὐλοκοτιίνους,
340 2824 509 2859 Epiphanius
521 2822 708 2861 scholasticus
720 2826 800 2861 vertit
810 2834 934 2861 quingen-

145 2863 188 2884 ιοε
202 2859 321 2886 solidos:
336 2863 363 2887 et
384 2863 461 2887 Vetus
478 2860 558 2887 lectio
576 2859 720 2894 χρυσίνους
732 2859 823 2893 habet,
839 2859 933 2890 videli-

995 1620 1062 1647 λίου.
1078 1622 1131 1648 Καὶ
1148 1621 1239 1655 ἔλεγον
1256 1621 1330 1656 αὐτῴ
1344 1622 1369 1648 οἱ
1385 1621 1509 1656 ἀδελφοί·
1532 1622 1626 1655 Ἀϐϐἄ,
1639 1623 1664 1650 τί
1679 1624 1753 1650 ἐστιν
1769 1624 1785 1651 ε

995 1669 1028 1694 σὺ
1042 1669 1141 1701 ποιεῖς;
1155 1668 1209 1695 Καὶ
1223 1669 1325 1703 ἔλεγεν,
1337 1669 1378 1695 ὅτι
1393 1669 1447 1696 Καὶ
1459 1669 1493 1696 τὰ
1505 1669 1587 1706 θηρία
1599 1671 1732 1705 φεύγοντα
1745 1674 1784 1704 εἰς

993 1713 1042 1745 τὰς
1055 1713 1147 1745 κοίτας
1164 1714 1252 1742 αὐτῶν
1271 1714 1411 1747 σώζονται.
1426 1716 1518 1742 Ταῦτα
1530 1716 1558 1743 δὲ
1575 1717 1652 1752 ἔλεγε
1672 1717 1715 1744 διὰ
1736 1719 1785 1751 τὴν

993 1759 1127 1794 ὠφέλειαν
1143 1760 1196 1786 τῶν
1212 1760 1344 1795 ἀδελφῶν.

1095 1818 1164 1852 Περὶ
1176 1819 1228 1846 τοῦ
1243 1819 1317 1846 ἀΰσᾶ
1337 1820 1472 1848 Ἰωάννου
1485 1821 1538 1848 τοῦ
1550 1821 1678 1856 Πέρσου.

1029 1877 1062 1900 α’.
1081 1871 1166 1900 ’Ἦλθέ
1188 1884 1252 1901 ποτε
1271 1876 1376 1902 παιδίον
1399 1876 1600 1912 θεραπευθῆναι
1620 1877 1674 1904 ἀπὸ
1690 1877 1785 1913 bulum

993 1927 1052 1950 νος·
1068 1920 1115 1946 καὶ
1135 1921 1289 1956 παρέϐαλον
1307 1921 1416 1956 ἀδελφοὶ
1436 1922 1489 1949 ἀπὸ
1513 1923 1646 1949 κοινοὸίου
1663 1925 1712 1959 τῆς
1736 1925 1784 1950 Δί-

992 1964 1106 1999 γύπτου.
1119 1967 1172 1993 Καὶ
1183 1967 1296 1999 ἐξελθὼν
1305 1968 1319 1994 ὁ
1330 1968 1418 2003 γέρων
1438 1967 1491 1995 εἶδε
1508 1969 1554 1996 τὸν
1565 1969 1677 2004 ἀδελφὸν
1691 1971 1784 2006 ἀμαρ-

992 2011 1106 2039 τάνοντα
1125 2013 1193 2048 μετὰ
1215 2014 1260 2040 τοῦ
1285 2014 1402 2046 παιδίου,
1419 2015 1466 2041 καὶ
1490 2015 1539 2041 οὑκ
1559 2016 1672 2051 ἤλεγξεν
1688 2016 1782 2050 αὑτὸν,

992 2058 1079 2092 λέγων
1090 2067 1096 2074 ’
1116 2059 1147 2085 Εἰ
1163 2061 1178 2085 ὁ
1192 2059 1259 2091 Θεὸς
1275 2061 1289 2086 ὁ
1302 2060 1408 2092 πλάσας
1422 2061 1519 2093 αὐτοὺς
1535 2061 1642 2095 βλέπων
1662 2063 1692 2088 οὺ
1710 2062 1784 2089 καίει

991 2105 1101 2136 αὐτοὺς,
1116 2106 1171 2139 ἐγὼ
1188 2106 1228 2138 τίς
1243 2107 1301 2142 εἰμι
1321 2107 1365 2134 ἵνα
1377 2107 1478 2142 ἐλέγξω
1492 2108 1607 2140 αὐτούς

1028 2195 1060 2230 β’.
1085 2196 1239 2230 Διηγήσατό
1260 2204 1302 2228 τις
1321 2196 1376 2223 τῶν
1397 2197 1526 2232 Πατέρων
1555 2198 1617 2233 περὶ
1639 2197 1686 2223 τοῦ
1711 2197 1784 2223 ἁὸϐἆ

998 2240 1120 2267 Ἰωάννου
1136 2241 1184 2267 τοῦ
1195 2242 1316 2277 Πέρσου,
1334 2242 1374 2268 ὅτι
1391 2243 1423 2268 ἐκ
1446 2242 1494 2277 τῆς
1514 2242 1614 2276 πολλῆς
1629 2242 1711 2269 αὑτοῦ
1734 2243 1783 2276 χά-

994 2294 1067 2320 ριτος
1086 2287 1126 2318 εἰς
1144 2287 1298 2323 βαθυτάτην
1319 2289 1418 2323 ἤλασεν
1431 2289 1560 2316 ἀκακίαν.
1575 2286 1659 2320 Οὗτος
1673 2289 1701 2315 δὲ
1717 2289 1784 2324 ἔμε-

992 2339 1036 2356 νεν
1056 2332 1084 2357 ὲν
1110 2332 1223 2368 Ἀραϐίᾳ
1245 2334 1294 2367 τῆς
1319 2334 1469 2367 Αἰγύπτου.
1493 2334 1643 2369 Ἐχρήσατο
1665 2334 1693 2361 δὲ
1718 2343 1784 2361 ποτε

992 2377 1066 2412 παρὰ
1079 2377 1194 2412 ἁδελφοῦ
1206 2379 1235 2405 ἓν
1246 2379 1371 2414 χρύσινον
1384 2379 1450 2415 (5!),
1466 2381 1512 2406 καὶ
1529 2381 1647 2416 ἠγόρασε
1663 2380 1783 2417 λινάρια,

991 2514 1035 2550 εει
1053 2511 1237 2550 explicatione
1249 2511 1276 2539 in
1290 2512 1380 2550 locum
1398 2514 1512 2550 termini
1527 2514 1645 2550 expositi
1663 2517 1780 2544 intrnsa.

991 2545 1166 2581 Theophanis
1183 2552 1273 2574 autent
1297 2548 1367 2575 κατὰ
1383 2548 1541 2580 ὀλοκοτίνιν,
1558 2545 1692 2578 mutatum
1708 2558 1748 2579 est
1767 2560 1782 2579 a

991 2579 1098 2619 zonara
1114 2582 1141 2608 itt
1154 2582 1197 2617 ἐφ’
1213 2582 1320 2619 ἑκάστῳ
1331 2584 1489 2619 νομίσματι,
1505 2594 1520 2611 a
1531 2579 1655 2613 Cedreno
1671 2586 1698 2613 in
1711 2588 1783 2614 κατὰ

991 2616 1123 2656 νόμισμα,
1138 2616 1384 2656 ηιξ-ηειιιιιιιηνεῖιῖο
1399 2616 1434 2647 ab
1453 2620 1608 2656 Anastasio.
1628 2630 1674 2656 per
1690 2623 1782 2656 singu-

992 2651 1031 2691 los
1046 2660 1151 2691 aureos.
1169 2651 1202 2678 Et
1221 2653 1330 2691 quidem
1343 2653 1480 2687 Josephus
1502 2651 1780 2691 Scaliger'Disserta-

990 2687 1063 2724 tione
1075 2688 1108 2724 de
1120 2695 1149 2714 re
1161 2689 1325 2724 llll_l_nlllltl'ia,
1338 2698 1364 2724 p.
1379 2691 1424 2720 55.
1436 2691 1473 2716 ait
1483 2687 1589 2717 miran
1597 2693 1708 2718 verbum
1719 2700 1782 2720 esse

989 2721 1166 2754 ὁλοκοτίνους.
1194 2722 1327 2751 Henricus
1338 2721 1432 2752 autem
1447 2725 1572 2753 Valesius
1585 2727 1618 2752 ad
1635 2726 1780 2754 Theodori-

990 2761 1044 2783 tuut
1062 2758 1187 2792 ignorare
1212 2766 1240 2785 se
1264 2759 1365 2786 fatetur
1387 2769 1485 2787 nomen
1509 2761 1670 2789 Graeculum:
1691 2763 1727 2789 sit
1745 2771 1780 2790 an

989 2792 1149 2830 barbarum:
1159 2793 1209 2830 Qui
1226 2802 1290 2821 vero
1303 2800 1406 2825 notum.
1424 2796 1497 2830 quod
1521 2797 1604 2823 tantis
1617 2798 1684 2823 viris
1709 2800 1783 2824 inco-

987 2828 1112 2866 gnitum}
1126 2827 1189 2854 Mihi
1202 2837 1255 2855 non
1267 2831 1379 2857 omnino
1388 2830 1417 2857 fit
1431 2827 1619 2866 improbabile,
1633 2833 1781 2860 holocotini

987 2870 1086 2890 nomen
1097 2863 1242 2890 formatum
1257 2865 1342 2893 fuisse
1355 2874 1389 2894 ex
1401 2863 1532 2894 nonnulla
1544 2867 1678 2896 allusione
1687 2867 1721 2894 ad
1732 2868 1780 2895 κό-
