1970 3074
142 165 195 195 257

725 166 1026 203 APOPHTHEGMATA
1047 168 1199 198 PATRUM.

1710 170 1763 198 258

146 223 189 250 ἵνα
201 223 362 258 ἐργάσηται.
377 224 431 251 Kal
442 222 521 259 ἦλθεν
533 225 645 259 ἁδελφὸς
660 227 825 261 παρακαλῶν
839 229 924 255 αὑτὸν.

982 232 1012 255 ut
1030 234 1199 264 operaretur.
1213 228 1293 256 Venit
1308 229 1390 257 frater
1405 237 1505 265 rogans
1519 236 1591 263 cum,
1605 237 1635 257 ac
1646 230 1740 258 dicens
1753 238 1762 259 :

144 270 192 296 καὶ
206 270 309 303 λέγων·
326 269 443 305 Χάρισαί
468 279 531 305 μοι.
548 271 630 302 acea,
648 272 725 306 ὀλίγα
742 273 861 308 λινάρια,
886 274 930 301 ἵνα

145 316 248 350 ποιήσω
261 315 372 350 ἐμαυτῷ
385 315 527 343 λεῆίτωνα.
540 317 594 343 Καὶ
606 317 704 344 ἔδωκεν
715 318 788 353 αὐτῷ
801 319 870 354 μετὰ
881 329 930 354 χα-

146 361 206 396 ρᾶς.
228 360 343 395 Ὁμοίως
359 361 387 387 δὲ
405 361 450 387 καὶ
470 362 548 393 ἄλλος
566 361 630 398 ἦλθε
650 365 815 398 παρακαλῶν
829 366 909 392 αὐτόν
921 375 927 381 ·

145 407 193 437 Δός
223 415 267 440 μοι
291 406 368 440 ὀλίγα
391 407 514 442 λινάρια.
544 408 587 434 ἵνα
612 410 716 444 ποιήσω
740 419 790 445 μου
817 412 927 439 λέντιον.

146 451 249 478 Ἔδωκε
262 451 291 477 δὲ
303 452 350 478 καὶ
366 452 440 487 αὑτῴ
454 453 564 488 ὁμοίως.
582 455 637 480 Kal
649 454 736 481 ἄλλων
747 457 927 491 αἰτησάντων,

144 497 227 523 ἐδίδου
240 497 333 529 ἁπλῶς
347 497 415 532 μετὰ
429 499 525 533 χαρᾶς.
543 499 675 534 ’Ὕστερον
686 500 795 536 ἔρχεται
810 503 824 528 ὀ
835 502 928 538 κύριος

142 542 189 568 τοῦ
209 542 359 569 ὁλοκοτίνου
389 542 473 569 θέλων
495 543 571 572 αὐτό.
593 545 674 578 Λέγει
696 546 770 581 αὐτῷ
787 548 800 573 6
822 547 926 582 γέρων·

149 587 218 621 Ἐγὼ
232 588 329 622 ὑπάγω
341 588 387 614 καὶ
400 589 475 623 φέρω
490 597 529 615 σοι
542 589 618 616 αὑτό.
635 591 690 617 Καὶ
707 592 744 626 μὴ
761 592 830 627 ἔχων
847 593 928 619 πόθεν

142 633 296 664 ἀποδοῦναι,
312 633 410 670 ἀνέστη
422 633 547 661 ἀπελθεῖν
561 636 628 670 πρὸς
637 636 683 663 τὸν
694 637 782 664 ἁὸὅᾱν
799 639 927 665 Ἰάκωϐον

142 680 187 705 τὸν
208 680 256 715 τῆς
273 680 424 712 διακονίας,
443 681 631 716 παρακαλέσαι
652 682 732 709 αὐτὸν
748 683 838 710 δοῦναι
854 685 927 720 αὐτῷ

142 725 172 751 τὸ
186 725 316 760 νόμισμα,
333 726 376 752 ἵνα
394 726 528 753 ἀποδώσει
550 726 588 761 τῷ
609 728 724 763 ἁδελερῷ.
744 730 798 755 Καὶ
815 729 927 764 ὑπάγων

142 770 220 807 εὗρεν
242 772 395 808 ὁλοκοτίνην
420 772 544 808 κείμενον
567 775 664 809 χαμαὶ,
693 776 740 801 καὶ
764 776 812 811 οὐχ
841 776 927 811 ἥψατο

142 817 236 845 αὐτοῦ.
252 819 371 852 Ποιήσας
383 819 411 845 δὲ
429 819 521 853 εὐχὴν,
540 819 709 855 ὑπέστρεψεν
726 822 765 852 εἰς
780 821 809 847 τὸ
823 822 926 848 κελλίον

141 863 250 892 ἑαυτοῦ.
266 865 321 891 Καὶ
335 862 416 900 ἦλθεν
435 865 449 890 ὁ
461 863 575 898 ἁδελφὸς
594 866 675 892 πάλιν
692 866 778 901 ὁχλῶν
795 867 868 902 αὐτῴ
882 867 926 894 διὰ

980 274 1074 307 Abba,
1098 275 1168 302 dona
1191 282 1286 310 parum
1308 275 1365 308 lini,
1385 283 1439 310 quo
1462 275 1529 302 mihi
1553 275 1649 302 faciam
1667 276 1765 303 levito-

981 328 1053 347 nem.
1065 321 1111 347 Ille
1126 320 1198 348 dedit
1209 328 1270 347 cum
1283 321 1386 348 laetitia.
1398 321 1530 349 Similiter
1545 322 1615 348 alius
1630 322 1764 349 accedens

980 367 1129 400 pestulavit
1141 367 1174 393 ab
1185 374 1216 393 eo
1230 374 1325 401 parum
1340 367 1386 393 lini
1404 367 1437 394 ad
1449 366 1604 394 faciendum
1620 367 1734 394 linteum
1753 376 1760 395 :

980 412 1024 438 cui
1045 412 1145 446 pariter
1173 411 1292 438 tradidit.
1318 412 1386 439 Aliis
1409 419 1517 447 quoque
1538 411 1693 446 petentibus
1714 412 1764 438 da-

978 456 1025 482 bat
1040 457 1200 490 simpliciter
1225 465 1287 484 cum
1306 457 1409 484 laetitia.
1422 457 1519 484 Postea
1543 457 1615 483 venit
1636 456 1763 484 dominus

980 501 1137 534 holocotini,
1155 502 1274 536 illudque
1296 502 1413 537 repetiit.
1438 502 1508 529 Dicit
1531 502 1554 529 ei
1579 509 1661 530 senex
1681 511 1686 528 :
1705 501 1761 536 Ego

979 547 1137 581 proficiscor
1154 553 1181 575 et
1202 548 1284 575 affero
1305 548 1363 575 tibi.
1378 547 1433 575 Nec
1456 548 1559 575 habens
1583 547 1656 575 unde
1679 556 1761 582 repo—

979 598 1064 624 nerct,
1083 595 1202 621 surrexit
1230 598 1259 620 ut
1284 598 1408 630 pergeret
1424 593 1458 620 ad
1475 594 1597 620 abbatem
1619 593 1761 625 Jacobum,

979 638 1053 665 illum
1076 639 1207 666 diaconim
1231 647 1279 667 seu
1297 639 1455 670 ministerii,
1478 643 1624 674 rogaturus
1639 643 1670 666 ut
1685 639 1762 667 daret

978 683 1002 709 ci
1019 691 1158 710 nummum
1175 683 1208 710 ad
1225 683 1391 712 reddendum
1409 683 1496 711 fratri.
1515 684 1606 719 Itaque
1622 684 1648 710 in
1665 684 1763 711 itinere

978 728 1083 756 invenit
1093 729 1280 757 holocotinum
1291 731 1410 765 positum
1426 731 1517 764 humi;
1531 734 1683 757 nontamen
1699 730 1762 757 teti-

978 775 1026 808 git.
1042 774 1092 802 Sed
1110 775 1181 802 facta
1195 778 1318 804 oratione
1332 784 1458 804 reversus
1471 781 1513 804 est
1524 777 1551 804 in
1563 777 1658 804 cellam
1670 783 1759 804 suam.

979 820 1058 848 Venit
1082 823 1166 850 frater
1189 823 1287 850 iterum
1311 823 1463 851 molestiam
1492 824 1543 859 ipsi
1570 824 1702 851 exhibens
1722 824 1760 852 ob

979 875 1130 894 nummum.
1149 868 1192 894 Ait
1216 869 1253 895 illi
1279 876 1358 896 senex
1386 879 1391 896 :
1416 868 1480 896 Mihi
1506 870 1585 904 plane
1611 877 1683 897 cura
1707 876 1759 898 est.

140 910 171 937 τὸ
187 910 316 946 νόμισμα.
333 910 389 937 Καὶ
403 910 477 944 λέγει
495 911 568 946 αὐτῷ
582 912 595 937 6
609 912 697 947 γέρων
707 921 713 926 ·
735 912 805 946 Ἐγὼ
820 913 924 946 πάντως

977 912 1139 947 Rursusque
1154 913 1258 945 abiens,
1277 913 1381 940 invenit
1403 921 1541 941 nummum
1562 913 1637 940 humi
1652 913 1696 941 ubi
1711 921 1760 941 an—

141 956 285 991 φροντίζω.
304 957 358 983 Kal
369 957 493 984 ἀπελθὼν
509 959 599 990 πάλιν,
619 957 680 994 εὗρε
697 959 726 985 τὸ
742 960 862 995 νόμισμα
878 969 925 995 χα-

142 1001 191 1036 μαὶ
204 1001 270 1027 ὅπου
284 999 334 1036 ἦν·
351 1003 397 1028 xal
412 1004 528 1039 ποιήσας
545 1004 627 1040 εὐχὴν
645 1005 735 1036 πάλιν,
756 1006 926 1041 ὑπέστρεψεν

140 1049 180 1078 εἰς
190 1047 220 1073 τὸ
234 1047 337 1074 κελλίον
351 1049 458 1076 ἑαυτοῦ.
477 1051 530 1076 Καὶ
545 1051 600 1077 ἰδοὺ
614 1051 715 1086 ὁμοίως
728 1049 810 1086 ἦλθεν
826 1053 839 1079 6
850 1052 926 1079 ἀδελ-

140 1093 190 1127 φὸς
203 1094 218 1120 6
234 1093 320 1129 ὀχλῶν
341 1095 430 1122 αὐτόν.
448 1097 503 1122 Kal
515 1097 588 1130 λέγει
604 1098 618 1123 6
634 1097 733 1133 γέρων,
757 1099 798 1124 ὅτι
814 1098 926 1130 Πάντως

139 1139 170 1165 τὸ
187 1139 260 1171 ἅπαξ
274 1139 352 1166 τοῦτο
370 1141 444 1176 φέρω
459 1142 532 1168 αὐτό.
552 1142 606 1168 Kal
621 1143 739 1175 ἀναστὰς
754 1144 846 1175 πάλιν,
860 1143 923 1180 ἦλθε

140 1185 200 1210 κατ’
217 1185 320 1211 ἐκείνου
337 1185 383 1212 τοῦ
399 1186 496 1212 τόπων
518 1187 564 1213 καὶ
586 1185 664 1223 εὗρεν
678 1189 743 1215 αὐτὸ
760 1190 817 1216 ἐκεῖ
832 1191 924 1225 κείμε-

139 1237 194 1256 νον.
208 1230 262 1256 Kal
276 1231 391 1266 ποιήσας
402 1232 494 1266 εὐχὴν,
510 1232 604 1259 ἐλαϐεν
616 1234 692 1260 αὐτό.
704 1235 758 1261 Καὶ
771 1233 836 1270 ἦλθε
856 1236 923 1271 πρὸς

137 1275 184 1301 τὸν
202 1275 289 1302 ἀόϐᾶν
312 1277 447 1309 Ἰάκωϐον,
465 1278 513 1304 καὶ
529 1278 603 1312 λέγει
625 1280 697 1314 αὑτῷ
709 1288 716 1294 ·
735 1280 828 1312 ’Δ66Ξ,
847 1282 924 1316 ἐρχό-

140 1329 220 1355 μενος
243 1321 311 1357 πρὸς
331 1322 360 1348 σὲ
376 1319 455 1357 εὗρον
470 1324 500 1350 τὸ
520 1324 638 1359 νόμισμα
655 1325 732 1352 τοῦτο
757 1327 786 1352 ὲν
804 1328 836 1362 τῇ

137 1366 250 1402 ποίησον
264 1365 311 1394 οὖν
325 1368 445 1403 ἀγάπην,
459 1370 506 1396 καὶ
527 1370 643 1405 κήρυξον
659 1372 688 1398 ὲν
701 1374 734 1407 τῇ
750 1373 841 1408 ὲνορίᾳ
856 1373 922 1408 (52),

140 1413 220 1448 μήτις
237 1413 376 1440 ἀπώλεσεν
392 1415 475 1441 αὑτό·
492 1415 538 1441 καὶ
558 1415 605 1442 ἐὰν
625 1417 723 1453 εὑρεθῇ
737 1419 751 1444 6
767 1418 860 1452 κύριος
876 1420 924 1445 αὑ-

137 1459 196 1489 τοῦ,
221 1459 265 1490 δὸς
290 1459 365 1486 αὐτό.
399 1460 535 1487 Ἀπελθὼν
557 1459 603 1488 οὖν
628 1462 642 1488 ὁ
661 1463 760 1497 γέρων,
784 1464 829 1490 ἐπὶ
850 1466 923 1500 τρεῖς

138 1505 244 1539 ἡμέρας
266 1505 398 1540 ἐκήρυξε·
418 1506 465 1532 καὶ
485 1506 573 1538 οὐδεὶς
592 1507 691 1542 εὑρέθη
708 1509 722 1535 ὁ
739 1508 875 1541 ἀπολέσας
893 1509 923 1535 τὸ

138 1550 268 1585 νόμισμα.
288 1551 354 1577 Τότε
379 1551 452 1586 λέγει
477 1552 491 1576 ὁ
510 1552 598 1588 γέρων
621 1553 660 1588 τῷ
679 1553 751 1589 ᾰὸσᾷ
788 1554 922 1589 Ἰακώϐῳ·

137 1595 170 1622 Ει
186 1594 233 1622 οὖν
249 1596 336 1628 οὐδεὶς
348 1597 413 1623 αὐτὸ
426 1597 560 1630 ἀπώλεσε,
576 1598 619 1630 δὸς
638 1599 702 1625 αὐτὸ
717 1599 783 1634 τῷδε
797 1599 835 1635 τῷ
847 1600 924 1627 ἁδελ-

138 1641 200 1675 φῴ·
230 1642 359 1677 χρεωστῶ
386 1643 440 1678 γὰρ
468 1643 559 1678 αὐτῷ·
589 1644 635 1670 καὶ
662 1644 806 1680 ἐρχόμενος
834 1646 924 1672 λαϐεῖν

138 1687 214 1722 παρὰ
242 1687 288 1713 σοῦ
313 1689 423 1723 ἀγάπην
451 1690 496 1715 καὶ
519 1690 663 1718 ἀποδοῦναι
689 1691 718 1718 τὸ
743 1692 829 1727 χρέος,
847 1690 924 1729 εὗρον

137 1732 213 1759 αὐτό.
237 1734 291 1760 Kal
310 1734 465 1770 ἐθαύμασεν
485 1736 499 1761 6
513 1736 611 1771 γέρων,
630 1736 687 1768 πῶς
710 1737 854 1772 χρεωστῶν
878 1739 925 1765 καὶ

137 1778 226 1814 εὑρὼν
244 1780 294 1806 οὐκ
309 1780 409 1812 εὐθέως
423 1781 501 1807 ἔλαϐε
516 1782 562 1807 καὶ
577 1781 677 1809 ἔδωκεν
689 1783 763 1809 αὐτό.
777 1784 832 1810 Kal
847 1785 924 1810 τοῦτο

137 1824 166 1850 δὲ
187 1823 221 1860 ἣν
243 1825 324 1852 αὑτοῦ
344 1826 374 1853 τὸ
398 1827 569 1862 Θαυμαστὸν,
585 1828 626 1854 ὅτι
645 1829 667 1854 εἰ
684 1829 782 1864 ’ήρχετό
798 1839 840 1861 τις
858 1831 924 1866 χρή-

138 1870 238 1896 σασθαι
251 1873 316 1906 παρ’
334 1872 416 1898 αὑτοῦ
431 1872 457 1898 τί
477 1881 551 1905 ποτε,
567 1874 596 1900 οὐ
614 1873 647 1899 δι’
661 1875 757 1901 ἑαυτοῦ
782 1877 921 1910 παρεῖχεν,

137 1916 196 1942 ἀλλ’
213 1916 288 1950 ἔλεγε
307 1917 346 1951 τῷ
362 1917 484 1952 ἀδελφῷ”
506 1918 625 1952 ”Υ“παγε,
647 1919 752 1954 σεαυτῷ
772 1917 837 1954 ἆρον
853 1921 878 1946 εἴ
897 1929 923 1946 τι

137 1961 264 1996 χρῄζεις·
282 1963 329 1989 καὶ
343 1964 367 1989 εἰ
382 1963 489 1999 ἔφερεν,
507 1964 597 1998 ἔλεγεν
612 1965 685 1999 αὐτῷ
696 1973 702 1978 ⁸
730 1965 842 1992 ’Λπόοου
858 1966 923 1992 αὐτὸ

138 2007 219 2034 πάλιν
235 2008 275 2039 εἰς
290 2008 334 2034 τὸν
349 2008 431 2035 τόπον
444 2009 535 2035 αὑτοῦ.
553 2007 582 2035 Ι·Ζί
595 2008 622 2035 δὲ
639 2009 699 2036 οὐδὲ
716 2010 812 2046 ἔφερεν
827 2012 841 2037 6
855 2011 923 2046 λαμ-

138 2050 238 2084 ϐάνων,
251 2053 326 2081 οὐδὲν
343 2055 434 2088 ἔλεγεν
447 2055 531 2090 αὐτῷ.

178 2102 205 2131 γ’.
224 2099 335 2132 ’Ἔλεγον
357 2100 421 2134 περὶ
437 2100 483 2127 τοῦ
500 2100 572 2127 ἀϐὗᾶ
597 2099 719 2128 Ἰωάννου
741 2101 788 2128 τοῦ
808 2101 921 2137 Πέρσου,

138 2142 179 2170 ὅτι
189 2144 350 2180 κακούργων
361 2145 435 2180 αὖτῷ
444 2146 622 2177 ἐπιστάντων,
631 2146 747 2182 νιπτῆρα
758 2148 921 2183 προσέφερε,

138 2190 186 2216 γῖὶ
208 2189 284 2223 ἠξίου
304 2190 367 2222 τοὺς
384 2190 466 2223 πόδας
493 2191 581 2218 αὐτῶν
602 2192 718 2218 νίπτειν·
739 2194 860 2219 κάκεῖνοι
882 2195 922 2220 αἰ-

138 2234 275 2265 δεσθέντες
293 2237 430 2270 μετανοεῖν
444 2237 569 2272 ἤρξαντο.

176 2323 206 2350 δ’.
222 2322 289 2350 Εἷπέ
306 2333 347 2355 τις
368 2324 407 2359 τῷ
426 2324 499 2360 ὰϐὅᾷ
520 2324 630 2361 Ἰωάννῃ
646 2326 684 2361 τῷ
700 2327 802 2362 Πέρσῃ,
816 2327 856 2353 ὅτι
873 2328 923 2353 Το-

142 2368 235 2394 σοῦτον
250 2369 332 2395 κόπον
346 2369 512 2404 ἐποιήσαμεν
528 2369 571 2397 διὰ
588 2370 637 2406 τὴν
654 2371 791 2406 βασιλείαν
809 2372 861 2398 τῶν
880 2373 923 2399 οὑ-

142 2414 230 2450 ρανῶν
242 2423 248 2430 ι
261 2413 315 2450 ἆρα
326 2415 529 2450 κληρονομῆσαι
543 2417 628 2452 αὐτὴν
642 2417 758 2452 ἕχομεν;
777 2418 831 2444 Kal
848 2417 923 2445 εἶπεν

140 2461 154 2486 6
167 2461 255 2495 γέρων
267 2467 274 2476 ’
293 2461 364 2495 Ἐγὼ
379 2461 499 2487 πιστεύω
517 2462 720 2498 κληρονομῆσαι
733 2463 782 2498 τὴν
801 2464 857 2490 ἄνω
875 2465 923 2490 Ἰε-

143 2506 282 2542 ρουσαλὴμ.
294 2507 343 2541 τὴν
354 2507 604 2544 ἀπογεγραμμένην
619 2509 648 2534 ὲν
662 2510 719 2540 τοῖς
732 2509 863 2544 οὐρανοῖς.
876 2510 925 2536 Πι-

143 2553 204 2584 στὸς
213 2552 266 2587 γὰρ
279 2553 293 2578 6
305 2554 622 2589 ὲπαγγειλάμενος.Διατί
633 2554 661 2580 δὲ
678 2555 834 2589 amatque);
849 2555 924 2581 Φιλό-

142 2597 216 2630 ξενος
235 2597 273 2629 ὡς
293 2599 307 2624 6
332 2598 455 2634 Ἀϐραὰμ
470 2599 567 2633 γέγονα
580 2618 586 2630 ,
603 2598 690 2634 πραῢς
703 2598 740 2629 ὡς
760 2600 774 2624 6
792 2599 922 2634 Μωῡσῆς,

141 2703 222 2731 τινον,
232 2695 392 2727 oleastrum,
415 2695 555 2729 Ῑπεεπιίυιη
576 2695 694 2731 inrludis
715 2695 872 2731 Olympicis,
896 2700 925 2723 ut

142 2729 223 2757 fuerit
262 2738 390 2758 nummus
424 2730 568 2765 occasione
603 2730 721 2757 donativi
750 2729 866 2765 alicujus
894 2739 926 2758 ac

142 2765 244 2799 praemii
258 2766 375 2800 primum
385 2772 479 2792 cusus.
491 2764 549 2800 ldsi
566 2771 618 2791 non
635 2765 746 2795 arridet.
760 2764 826 2792 audi
841 2767 926 2800 majo-

143 2807 187 2827 res
199 2799 285 2834 nugas
293 2799 466 2835 Grmcorum:
480 2800 507 2826 in
521 2799 694 2835 Etymologiis
705 2808 737 2828 ex
749 2800 849 2828 Orione
859 2799 927 2828 The-

143 2834 222 2870 bano,
233 2835 295 2862 cod.
315 2834 380 2870 Reg.
399 2834 450 2861 772
464 2840 491 2862 et
504 2835 584 2870 2115,
595 2834 741 2862 ὁλοκοτίνιν
751 2844 757 2849 ·
774 2836 817 2863 διὰ
832 2836 862 2863 τὸ
880 2837 925 2863 τὸν

143 2869 201 2897 nov
228 2872 308 2897 κότον
334 2869 366 2897 ἐν
392 2870 477 2903 αὐτῷ,
504 2869 558 2897 lloc
581 2875 632 2904 est,
653 2875 683 2899 ut
704 2871 833 2904 arbitror,
852 2872 924 2906 quod

976 961 1018 984 tea
1031 963 1107 989 erat;
1126 957 1251 992 factaque
1262 958 1351 985 adhuc
1363 966 1452 992 prece.
1466 959 1492 985 in
1509 958 1604 985 cellam
1622 965 1699 985 suam
1716 966 1761 985 re-

976 1004 1037 1030 diit.
1049 1004 1138 1039 Atque
1152 1011 1184 1031 en
1202 1004 1261 1039 pari
1285 1003 1366 1031 modo
1388 1004 1504 1031 accessit
1524 1004 1618 1037 frater,
1633 1004 1657 1031 ei
1673 1004 1755 1032 mole-

976 1054 1045 1077 stus.
1059 1050 1127 1076 Tum
1140 1057 1223 1077 senex
1241 1059 1247 1076 :
1265 1049 1354 1081 Certe,
1365 1049 1463 1084 inquit,
1475 1050 1588 1076 omnino
1602 1050 1654 1077 hoc
1669 1051 1756 1085 ipsum

974 1095 1029 1130 jam
1049 1095 1117 1122 fero.
1133 1095 1310 1131 Surgensque
1343 1096 1453 1128 iterum,
1477 1096 1599 1130 pervenit
1621 1096 1654 1122 ad
1681 1096 1757 1124 illum

977 1140 1079 1171 locum,
1096 1145 1178 1175 atque
1191 1140 1428 1168 inveniteumdem
1439 1148 1581 1167 nummum
1594 1141 1649 1168 illic
1662 1141 1757 1175 jacen-

975 1191 1039 1214 tem.
1056 1186 1129 1214 Fecit
1153 1187 1234 1221 igitur
1250 1187 1411 1218 orationem.
1433 1185 1563 1220 illumque
1584 1186 1708 1220 sumpsit.
1723 1186 1756 1212 Et

973 1233 1047 1259 venit
1060 1233 1093 1259 ad
1110 1233 1233 1260 abbatem
1252 1232 1393 1262 Iacobum,
1409 1232 1453 1258 cui
1475 1231 1544 1258 dixit
1561 1241 1567 1258 :
1582 1231 1666 1264 Abba,
1681 1232 1714 1258 ad
1731 1237 1757 1259 te

975 1278 1100 1308 veniens,
1121 1277 1209 1312 reperi
1225 1277 1252 1304 in
1267 1278 1309 1303 via
1324 1284 1464 1304 nummum
1486 1277 1568 1305 hunc.
1586 1278 1690 1305 Exerce
1704 1278 1756 1311 igi-

975 1326 1019 1348 tur
1042 1321 1214 1352 charilatem,
1231 1322 1347 1356 pracdica
1366 1329 1415 1356 per
1440 1322 1588 1356 regionem,
1606 1330 1670 1349 num
1694 1322 1758 1357 quis

974 1367 1097 1395 amiserit
1113 1375 1174 1395 eum
1189 1377 1196 1394 :
1214 1367 1286 1402 quod
1312 1367 1335 1394 si
1359 1367 1486 1394 inventus
1513 1367 1594 1394 fuerit
1620 1368 1757 1399 dominus.

974 1415 1060 1442 trade.
1075 1415 1216 1442 Profectus
1232 1423 1297 1451 ergo
1318 1423 1411 1446 senex,
1434 1423 1482 1450 per
1498 1420 1553 1443 tres
1579 1415 1638 1443 dies
1655 1415 1755 1450 praedi-

974 1461 1053 1492 cavit,
1081 1469 1130 1488 nec
1155 1461 1299 1496 quisquam
1332 1464 1454 1495 repertus
1480 1466 1521 1488 est
1545 1461 1590 1495 qui
1618 1468 1758 1488 nuuunum

974 1506 1145 1540 perdidisset.
1162 1506 1238 1532 Tunc
1256 1513 1338 1533 senex
1356 1506 1392 1532 ait
1406 1506 1439 1533 ad
1455 1506 1578 1533 abbatem
1595 1505 1726 1533 Iacobum
1745 1514 1753 1532 :

976 1552 1003 1577 Si
1022 1552 1111 1586 itaque
1128 1558 1210 1578 neruo
1232 1558 1293 1577 eum
1315 1550 1441 1584 perdidit.
1455 1550 1488 1576 da
1504 1550 1541 1577 illi
1558 1550 1652 1583 fratri;
1670 1550 1756 1577 debeo

975 1598 1046 1623 enim
1065 1597 1104 1629 ei;
1123 1596 1314 1631 profectusque
1333 1599 1363 1622 ut
1382 1603 1396 1622 a
1415 1599 1440 1622 te
1462 1596 1611 1630 acciperem
1637 1595 1757 1622 'eharita-

975 1648 1040 1674 tem,
1059 1649 1090 1668 ac
1107 1641 1244 1668 redderem
1271 1641 1402 1671 debitum.
1418 1640 1493 1666 illum
1518 1644 1614 1667 nactus
1640 1647 1711 1666 smn.
1724 1639 1757 1666 Et

976 1689 1092 1715 miratus
1103 1691 1144 1714 est
1158 1694 1252 1719 senex,
1265 1687 1402 1721 quomodo
1416 1694 1476 1712 cum
1495 1685 1604 1712 deberet
1619 1689 1700 1719 atque
1713 1686 1752 1711 in-

975 1734 1109 1764 venisset,
1128 1740 1183 1759 non
1208 1732 1359 1766 accepisset
1384 1731 1475 1758 statim
1500 1739 1531 1757 ac
1548 1731 1679 1758 dedisset.
1702 1730 1758 1757 Hoc

975 1789 1082 1817 quoque
1098 1781 1124 1807 in
1147 1781 1206 1815 ipso
1232 1779 1355 1806 mirabile
1381 1779 1496 1809 exstitit,
1510 1777 1581 1812 quod
1597 1778 1618 1804 si
1633 1778 1694 1812 quis
1709 1785 1756 1804 ac-

975 1828 1114 1859 cessisset,
1132 1830 1306 1853 mntuaturus
1324 1825 1461 1860 quidpiam
1478 1825 1511 1850 ab
1531 1831 1575 1855 eo,
1591 1831 1644 1850 non
1668 1830 1757 1858 perse

974 1873 1121 1908 praebebat.
1140 1872 1187 1900 sed
1214 1871 1321 1899 dicebat
1347 1870 1445 1897 fratri:
1465 1867 1547 1899 Vade.
1571 1870 1634 1897 tolle
1655 1870 1703 1897 tibi
1727 1868 1756 1897 id

974 1926 1028 1954 quo
1043 1919 1149 1953 indiges
1166 1927 1172 1944 :
1190 1917 1212 1944 si
1233 1925 1298 1944 vero
1310 1917 1458 1947 retulisset,
1475 1916 1566 1942 aiebat
1579 1916 1602 1942 ei
1618 1925 1624 1942 :
1643 1915 1754 1949 Repone

974 1965 1071 1992 iterum
1096 1963 1161 1991 illud
1177 1964 1203 1990 in
1226 1964 1314 1990 locum
1342 1970 1432 1990 suum.
1451 1962 1526 1994 Quod
1544 1961 1565 1989 si
1582 1962 1628 1996 qui
1643 1969 1757 1996 accepe-

974 2016 1024 2043 rat,
1042 2010 1107 2037 nihil
1125 2009 1244 2039 aﬂ‘erret,
1260 2009 1284 2036 ei
1307 2008 1375 2035 nihil
1390 2006 1537 2041 quidquam
1563 2007 1736 2042 loquebatur.

1009 2099 1035 2125 5.
1053 2097 1089 2124 De
1103 2097 1199 2123 abbate
1214 2096 1317 2122 Joanne
1329 2095 1410 2122 Persa
1427 2094 1592 2123 referebant.
1602 2093 1673 2127 quod
1689 2091 1757 2119 faci-

973 2144 1081 2171 norosis
1095 2142 1251 2170 hominibus
1263 2142 1289 2168 in
1304 2149 1364 2168 eum
1375 2139 1639 2174 supervenientibus.
1653 2139 1750 2173 pclrim

973 2191 1062 2217 attulit
1081 2197 1113 2216 ac
1127 2196 1222 2215 eorum
1249 2188 1331 2223 pedes
1346 2187 1436 2213 lavare
1454 2185 1554 2218 voluit;
1571 2185 1608 2211 illi
1625 2192 1688 2211 vero
1706 2192 1756 2219 pu-

941 2242 963 2269 g
977 2235 1042 2262 dore
1056 2233 1163 2266 suffusi,
1177 2238 1256 2267 atque
1265 2232 1464 2266 resipisccntes,
1474 2233 1614 2264 coeperunt
1626 2229 1756 2256 inclinato

975 2288 1090 2315 curpore
1103 2279 1208 2306 veniam
1226 2278 1374 2313 postulare.

1009 2325 1035 2352 4.
1058 2325 1129 2351 Dixit
1153 2323 1252 2356 aliquis
1276 2321 1365 2349 abbati
1387 2321 1483 2348 Joanni
1508 2321 1595 2347 Persa:
1617 2319 1757 2347 :Tantum

974 2370 1076 2398 laboris
1091 2369 1202 2397 tulimus
1218 2373 1327 2404 propter
1341 2376 1454 2402 regnum
1467 2368 1614 2398 caelorum;
1631 2374 1664 2392 an
1691 2373 1758 2393 con-

975 2413 1247 2442 stituemurha-redcs
1268 2413 1359 2439 illius?
1377 2412 1409 2438 Et
1426 2419 1509 2440 senex
1523 2410 1561 2438 ait
1577 2410 1684 2438 :Credo
1697 2418 1757 2445 ego,

974 2465 1184 2487 consecuturum
1197 2467 1240 2486 me
1252 2459 1435 2486 htereditatem
1452 2465 1576 2492 supernae
1589 2457 1756 2484 Hierusalem

975 2505 1137 2539 conscriptae
1153 2504 1180 2530 in
1197 2505 1285 2531 cmlis.
1301 2503 1401 2530 Fidelis
1416 2503 1487 2530 enim
1503 2508 1545 2530 est
1559 2503 1604 2537 qui
1620 2503 1757 2537 promisit.

976 2551 1065 2584 Quare
1086 2555 1175 2577 autem
1199 2550 1366 2578 difﬁderem?
1385 2551 1430 2587 qui
1449 2550 1591 2585 hospitalis
1613 2549 1705 2577 exstiti
1728 2553 1760 2576 ut

975 2595 1123 2628 Abraham,
1143 2599 1299 2622 mansuetus
1314 2601 1342 2622 ut
1362 2595 1477 2630 Moyses,
1494 2599 1606 2622 sanctus
1627 2599 1758 2629 tanquam

976 2697 1002 2724 in
1024 2697 1069 2723 illo
1089 2697 1117 2724 fit
1141 2700 1193 2723 tota
1223 2697 1362 2727 simultas,
1390 2695 1526 2724 contentio
1550 2699 1577 2723 et
1608 2695 1756 2722 aemulatio.

1012 2732 1068 2765 (5!)
1083 2731 1222 2765 Κήρυξον
1232 2732 1266 2758 ἑν
1277 2731 1313 2764 τῇ
1323 2732 1434 2766 ἑνορίςι.
1450 2731 1549 2765 Pelagii
1559 2731 1649 2759 versio
1661 2730 1755 2757 eadem

976 2767 1055 2793 valde
1067 2767 1112 2794 hic
1127 2768 1272 2801 depravata
1288 2771 1340 2793 est.
1362 2765 1415 2799 Qui
1429 2766 1499 2801 enim
1518 2765 1621 2793 Gmcis
1646 2772 1757 2801 respon-

977 2802 1058 2829 deant
1069 2799 1174 2832 Latina’,
1184 2801 1299 2836 pra'dica
1308 2801 1458 2835 jejunium?
1466 2799 1758 2836 Divinabammmidica

976 2837 1003 2862 in
1031 2834 1188 2870 con/inium.
1208 2836 1296 2863 Editio
1313 2834 1435 2871 L‘itgdun.
1457 2834 1572 2870 pi'a'dica
1597 2835 1688 2868 illum;
1704 2841 1757 2862 ms.

977 2870 1084 2899 Fossat.
1099 2871 1213 2907 prodiga
1231 2871 1256 2898 in
1272 2871 1336 2898 viro.
