1970 3074
139 155 189 182 241

708 156 1014 186 APOPHTHEGMATA
1031 159 1187 188 PATRUM.

1716 164 1776 192 ρη

172 212 206 248 β’.
220 212 333 247 Ἔλεγον
346 212 411 248 περὶ
423 212 470 239 τοῦ
484 211 556 239 ἀὸϐᾶ
575 212 705 245 Ἀπολλὼ,
716 215 756 241 ὅτι
769 213 826 251 εἶχε
838 217 923 252 μαθη-

1015 219 1042 246 2.
1065 220 1230 248 llcferebant
1252 220 1324 255 quod
1354 220 1438 248 abbas
1455 221 1551 256 Apollo
1577 221 1701 248 habuerit
1725 222 1768 250 di-

135 258 184 294 τὴν
199 258 310 294 ὀνόματι
336 258 441 292 Ἰσαὰκ,
460 259 676 295 πεπαιδευμένον
702 262 742 293 εἰς
759 262 843 298 ἄκρον
862 263 928 298 πρὸς

138 305 192 330 πᾶν
208 304 288 341 ἔργον
299 304 416 338 ἀγαθόν’
430 306 477 331 καὶ
491 305 625 343 ἐκτήσατο
638 306 686 341 τὴν
698 307 746 342 τῆς
760 307 840 341 ἁγίας
849 316 929 343 προσ-

137 351 222 386 φορᾶς
244 351 368 386 ἡσυχίαν.
395 350 448 377 Καὶ
470 351 534 377 ὅταν
551 351 681 387 ἐξήρχετο
699 353 740 384 εἰς
760 353 810 389 τὴν
830 353 929 388 ἐκκλη-

139 397 209 428 σίαν,
225 397 255 423 οὐ
269 396 416 432 συνεχώρει
431 397 508 429 τινὰς
519 398 542 413 ⁷⁸
555 397 642 424 ἐλθεῖν
655 399 694 430 εἰς
707 399 850 434 συντυχίαν
864 400 930 426 ἐαυ-

137 441 194 468 τοῦ.
209 440 263 468 Ἦν
275 442 329 478 γὰρ
341 443 355 468 ὁ
369 442 447 476 λόγος
460 443 542 469 αὺτοῦ
557 441 644 475 οὗτος,
657 444 698 470 ὅτι
710 445 798 471 πάντα
814 446 885 472 καλὰ
900 447 929 472 ἐν

138 487 227 523 καιρῷ
243 488 333 514 αὐτῶν
345 496 351 503 ·
365 488 474 522 lia/pd;
482 489 536 524 γὰρ
548 489 587 522 τῷ
600 491 689 516 παντὶ
701 490 859 525 πράγματι.
874 492 930 519 Καὶ

138 535 202 562 ὅταν
215 535 333 562 ἀπέλυεν
347 537 363 571 ἡ
381 535 508 569 σύναξις,
525 537 562 566 ὼς
579 537 633 563 ἀπὸ
647 538 732 573 πυρὸς
751 535 784 573 ἦν
799 539 931 574 διωκόμε-

139 589 193 614 νος,
209 581 298 616 ζητῶν
318 581 481 608 καταλαϐεῖν
502 582 533 608 τὸ
547 583 651 609 κελλίον
669 583 776 610 ἑαυτοῦ.
796 583 930 615 Πολλάκις

138 627 167 653 δὲ
182 627 284 654 ἐδίδοτο
294 628 350 659 τοῖς
361 627 487 662 ἀδελφοῖς
502 627 556 654 ἀπὸ
571 628 716 661 πυνάξεως,
732 629 896 665 παξαμάτης
907 630 929 645 ⁷⁹

140 673 187 699 καὶ
208 673 336 708 ποτήριον
353 673 441 700 οἵνοψ
462 674 543 705 αὐτὸς
565 674 594 700 δὲ
612 675 662 701 οὐκ
684 675 852 709 ἐλάμϐανενι
881 675 931 701 οὐκ

139 719 334 755 ἀπωθούμενος
349 719 398 755 τὴν
415 719 540 753 εὐλογίαν
560 719 614 745 τῶν
627 720 749 755 ἀδελφῶν
760 740 768 753 ,
792 720 860 747 ἀλλὰ
881 720 930 755 τὴν

139 767 189 801 τῆς
207 765 343 799 συνάξεως
357 765 512 801 ἐπικρατῶν
529 766 654 800 ἡσυχίαν.
674 766 797 800 Ἐγένετο
808 766 836 792 δὲ
851 766 932 793 αὐτὸν

140 813 169 839 ὲν
188 811 329 847 ἁρῤωστίᾳ
349 811 546 838 κατακεῖσθαι*
569 811 617 837 καὶ
633 811 799 843 ἀκούσαντες
816 812 840 838 οἱ
854 812 931 838 ἀδελ-

140 858 186 892 φοὶ
204 856 286 893 ἦλθον
306 857 353 884 τοῦ
373 856 572 891 ἐπισκέψασθαι
588 857 678 884 αὐτόν.
698 856 884 892 Καθεζόμενοι
902 857 933 883 δὲ.

984 267 1118 301 Scipulunt
1140 267 1250 294 nomine
1268 267 1352 298 Isaae,
1370 274 1476 293 summe
1496 266 1633 293 eruditum
1653 267 1679 293 in
1695 268 1769 295 omni

983 321 1065 347 opere
1081 313 1170 345 bono;
1189 314 1236 348 qui
1251 318 1353 341 sauctm
1374 313 1521 340 oblationis
1537 313 1674 340 silentium
1699 315 1771 342 obti-

984 361 1052 386 nuit.
1070 358 1120 386 llic
1136 359 1246 394 quando
1258 360 1290 387 ad
1305 360 1447 387 ecclesiam
1463 359 1697 394 proﬁciscebatur,
1716 368 1770 388 non

984 405 1091 433 sinebat
1115 407 1269 441 quempiam
1290 406 1420 433 accedere
1440 410 1467 433 et
1485 406 1623 440 congredi.
1651 405 1772 433 Habebat

983 453 1055 479 enim
1070 453 1096 479 in
1115 457 1205 480 mente
1223 453 1290 480 hoc:
1307 452 1411 479 Cuncta
1429 453 1498 479 bona
1516 461 1576 480 esse
1595 452 1622 478 in
1637 459 1688 478 suo
1703 455 1773 479 tem-

984 505 1060 533 pore.
1070 497 1180 530 Tempus
1191 498 1340 524 enimomni
1354 499 1390 524 rei
1400 497 1444 524 δι’.
1455 497 1557 525 Etcum
1575 497 1687 524 dimissa
1704 497 1771 524 fuis-

985 548 1026 571 set
1043 543 1171 575 collecta,
1190 544 1270 578 quasi
1287 543 1321 570 ab
1343 543 1404 578 igne
1421 543 1576 578 aufugiebat
1587 563 1594 574 ,
1621 550 1772 578 properans

985 591 1017 618 ad
1033 591 1130 618 cellam
1145 597 1223 618 suam
1239 591 1404 626 pertingere.
1420 590 1554 617 Cmterum
1569 597 1640 624 saepe
1656 589 1773 616 dabatur

985 637 1118 664 fratribus
1129 641 1190 671 post
1201 637 1326 671 syuaxim
1341 642 1498 671 paxamates
1509 644 1570 663 cum
1585 636 1639 663 vini
1655 635 1771 671 poculo:

985 683 1043 717 ipse
1058 690 1121 710 vero
1140 690 1312 717 nequaquam
1330 682 1499 717 accipiebat;
1518 690 1572 709 non
1594 682 1667 716 quod
1685 682 1774 716 repel-

985 728 1052 755 leret
1071 728 1288 756 benedictionem
1309 728 1435 762 fratrum,
1450 729 1497 756 sed
1514 728 1635 756 collectae
1651 729 1774 756 retinens

985 776 1114 810 quietem.
1134 774 1255 810 Contigit
1275 779 1364 802 autem
1382 780 1411 802 ut
1427 775 1553 802 infirmus
1574 775 1751 802 decumberet
1766 784 1773 802 :

985 821 1058 856 quod
1081 821 1180 849 fratres
1207 820 1364 854 audientes,
1390 826 1523 848 venerunt
1548 821 1582 849 ad
1607 821 1773 848 visitandum

986 875 1058 895 eum.
1080 867 1172 902 Itaque
1193 867 1319 894 sedentes
1341 867 1577 902 interrogaverunt
1598 866 1649 893 hoc
1670 870 1772 901 pacto:

139 904 165 930 οἱ
182 903 290 938 ἀδελφοὶ
305 903 451 939 ἠρώτησαν
464 903 556 936 αὑτὸν,
569 902 707 937 λέγοντες·
729 902 815 929 Ἀϐϐἄ
831 902 933 935 Ἰσαὰκ,

991 915 1061 941 Abba
1076 913 1163 946 Isaac,
1180 921 1266 948 quare
1283 920 1343 948 post
1358 921 1462 940 sacram
1478 913 1602 949 synaxim
1620 912 1718 940 fratres
1732 912 1775 938 fu-

140 950 212 977 διατί
226 950 280 976 ἀπὸ
296 949 431 982 συνάξεως
446 950 556 984 φεύγεις
570 950 633 981 τοὺς
646 949 792 983 ἁδελφούς;
807 950 862 976 Καὶ
873 950 934 976 εἷπε

141 996 210 1032 πρὸς
224 996 338 1028 αὐτοὺς,
354 997 396 1022 ὅτι
413 996 482 1027 Τοὺς
498 995 631 1030 ἀδελφοὺς
643 997 673 1022 οὺ
689 997 793 1030 φεύγω,
808 995 875 1022 ἀλλὰ
886 995 935 1031 τὴν

140 1041 195 1068 τῶν
216 1041 349 1076 δαιμόνων
363 1040 551 1076 κακοτεχνίαν.
570 1041 626 1067 Καὶ
642 1041 696 1076 γὰρ
712 1041 759 1067 ἐάν
774 1050 816 1073 τις
831 1041 936 1077 κατέχῃ

140 1087 296 1123 ὶιαμπάδιον
311 1087 414 1121 φωτὸς,
430 1087 478 1114 καὶ
494 1086 614 1122 βραδύνῃ
628 1088 667 1118 εἱς
682 1086 728 1113 τὸν
743 1087 812 1122 ἀέρα
827 1087 936 1122 ἱστάμε-

141 1142 198 1166 νος,
213 1133 356 1161 σὸέννυται
375 1134 422 1160 ἀπ’
444 1133 536 1160 αὐτοῦ.
552 1132 645 1164 Οὕτως
659 1133 706 1159 καὶ
726 1134 808 1169 ἡμεῖς
822 1133 936 1168 φωτιζό-

145 1188 220 1215 μενοι
231 1179 284 1206 ὑπὸ
297 1180 377 1214 “ei;
402 1179 481 1214 ἁγίας
495 1180 663 1215 προσφορᾶς,
687 1179 734 1206 ὲὰν
759 1179 936 1214 βραδύνωμεν

144 1224 196 1257 ἔξω
217 1224 264 1251 τοῦ
281 1225 402 1256 κελλίου,
427 1225 580 1258 σκοτίζεται
598 1224 677 1260 ὴμῶν
702 1225 716 1251 ό
739 1226 811 1257 νοῦς.
828 1225 902 1260 Αὕτη
918 1225 936 1260 ἡ

145 1270 268 1297 πολιτεία
284 1270 331 1297 τοῦ
345 1270 420 1297 ὁσίου
436 1270 509 1297 ἀϐϐἇ
533 1270 635 1298 Ἰσαάκ.

243 1327 312 1362 Περὶ
331 1327 384 1354 τοῦ
401 1326 474 1355 ἀὸϐᾱ
498 1326 609 1361 Ἰωσὴφ
628 1325 681 1353 τοῦ
697 1326 838 1361 Θηϐαίου.

180 1384 266 1412 Εἶπεν
289 1385 303 1411 ὁ
318 1384 405 1416 ἀὸϐἄς
429 1384 529 1419 Ἰωσὴφ
551 1384 565 1410 ὁ
582 1383 709 1419 Θηϐαῖος,
730 1384 770 1410 ὅτι
788 1383 852 1418 τρία
865 1382 937 1418 πρά-

145 1431 240 1467 γματά
252 1431 274 1447 ⁸¹
290 1431 363 1457 ἐστιν
378 1430 474 1465 ἔντιμα
490 1429 605 1456 ἐνώπιον
618 1429 737 1466 Κυρίου·
754 1430 818 1456 ὅταν
834 1428 938 1465 ἅνθρω-

146 1486 197 1509 πος
215 1476 331 1512 ἀσθενῇ,
348 1476 396 1503 καὶ
413 1475 604 1511 προστίθενται
619 1475 693 1510 αὐτῷ
710 1475 875 1510 πειρασμοὶ,
891 1474 938 1501 καὶ

148 1524 208 1558 μετ’
233 1522 424 1558 εὖχαριστείας
451 1522 558 1557 δέχεται
578 1521 687 1553 αὐτούς,
707 1521 744 1547 Τὸ
766 1521 795 1547 δὲ
814 1520 939 1556 δεύτερόν

146 1571 239 1601 ἐστιν,
251 1569 316 1596 ὅταν
329 1576 371 1601 τις
392 1569 455 1604 ποιῇ
473 1568 562 1595 πάντα
581 1568 615 1594 τὰ
639 1567 709 1603 ἔργα
734 1565 816 1593 αὑτοῦ
831 1566 939 1602 καθαρὰ

147 1615 263 1642 ἐνώπιον
277 1615 326 1642 τοῦ
341 1614 418 1647 Θεοῦ,
435 1615 484 1641 καὶ
499 1614 582 1650 μηδὲν
595 1613 690 1649 ἔχοντα
707 1612 886 1648 ἀνθρώπινον.
903 1613 941 1639 Τὸ

146 1661 177 1688 δὲ
195 1661 298 1698 τρίτον,
318 1662 382 1689 ὅταν
405 1670 447 1693 τις
467 1662 496 1687 ὲν
515 1661 641 1696 ὑποταγῇ
667 1659 816 1695 καθέζηται
839 1659 942 1694 πατρὸς

148 1706 349 1742 πνευματικοῦ,
368 1707 415 1733 καὶ
429 1706 511 1732 πᾶσιν
527 1705 714 1740 ἅποτάσσηται
729 1706 786 1736 τοῖς
809 1705 884 1736 ἰδίοις
898 1704 942 1731 θε-

148 1752 279 1788 λήμασιν.
294 1753 370 1788 Ἔχει
383 1751 411 1779 δὲ
421 1749 499 1783 οὗτος
509 1752 558 1778 ἕνα.
570 1752 702 1786 στέφανον
714 1752 854 1787 περισσόν.
872 1751 943 1786 Ἐγὼ

148 1798 178 1824 δὲ
193 1798 242 1824 τὴν
254 1797 396 1825 ἀσθένειαν
408 1797 564 1834 ᾑρησάμην.

323 1855 394 1890 Περὶ
415 1854 469 1882 τοῦ
489 1854 564 1882 ἀδεᾶ
595 1855 774 1888 Ἰλαρίωγος.

187 1912 349 1950 Παρέὸαλεν
363 1913 377 1940 ὁ
392 1912 479 1944 ὰϐϐἄς
500 1912 623 1947 ’Ῑλαρίων
639 1911 692 1938 ἀπὸ
708 1911 890 1946 Παλαιστίνης
904 1911 945 1941 εἰς

151 1961 184 1988 τὺ
199 1961 273 1997 ὅρος,
286 1960 356 1996 πρὸς
372 1960 417 1987 τὸν
432 1959 520 1986 ἅϐὗᾶν
542 1958 694 1986 Ἀντώνιον.
713 1959 767 1984 Καὶ
782 1958 855 1992 λέγει
870 1957 945 1992 αὐτῷ

152 2008 168 2034 ὸ
181 2006 268 2038 ἀὸὅᾶς
282 2005 438 2037 Ἀντώνιος·
456 2004 555 2036 Καλῶς
566 2002 681 2040 ἦλθες,ὁ
693 2004 829 2039 ἑωσφόρος
843 2005 857 2031 ὀ
872 2003 945 2039 πρωῒ

154 2050 319 2078 ἀνατέλλων.
337 2050 393 2076 Καὶ
417 2047 493 2076 εἶπεν
512 2049 586 2084 αὑτῷ
601 2050 615 2075 ὸ
631 2049 718 2081 ἀὸὃᾱς
739 2049 876 2084 Ίλαρίων“
898 2049 945 2075 Εἱ-

157 2097 225 2132 ρὴνη
241 2104 293 2128 σοι,
307 2096 322 2122 ὁ
337 2095 431 2128 στύλος
447 2095 494 2122 τοῦ
510 2096 609 2130 φωτὸς,
627 2094 699 2130 ὁτὴν
712 2095 874 2131 οἰκουμένην
889 2104 945 2130 φω-

155 2141 237 2174 τίζων
254 2141 288 2168 ⁵¹.

325 2197 395 2232 Περὶ
409 2197 462 2224 τοῦ
477 2196 553 2225 ἀϐϐᾶ
576 2197 778 2232 Ἰσχυρίωνος.

986 961 1046 997 gis?
1062 961 1215 996 Respondit
1234 970 1240 987 :
1260 960 1318 988 Non
1341 960 1414 994 fugio
1429 961 1538 992 fratres,
1557 959 1605 987 scd
1621 959 1775 987 daemonum

985 1011 1059 1034 artes
1075 1007 1172 1033 maias.
1189 1006 1294 1033 Etenim
1313 1006 1336 1032 si
1357 1005 1419 1040 quis
1434 1006 1553 1032 tenuerit
1571 1004 1656 1032 facem
1679 1005 1776 1032 lucen-

985 1058 1054 1085 tem,
1076 1053 1177 1088 diuque
1192 1052 1224 1079 ad
1239 1060 1328 1080 aerem
1344 1052 1462 1082 steterit.
1481 1052 1516 1078 ab
1528 1059 1561 1078 eo
1575 1052 1776 1086 exstinguetur.

986 1099 1082 1127 Parem
1099 1099 1128 1126 in
1144 1099 1253 1126 modum
1270 1102 1297 1125 et
1314 1105 1375 1130 nos,
1393 1105 1407 1124 a
1423 1104 1501 1124 sacra
1517 1097 1656 1124 oblatione
1673 1097 1776 1124 illumi-

986 1148 1055 1180 nati,
1073 1147 1096 1175 si
1115 1151 1194 1175 extra
1216 1147 1313 1174 cellam
1329 1146 1540 1178 tardaverimus,
1557 1146 1731 1173 incurremus
1748 1146 1776 1172 in

986 1194 1086 1222 mentis
1100 1193 1239 1221 tenebras.
1258 1192 1320 1220 Hzec
1335 1192 1385 1219 fuit
1401 1192 1487 1219 sancti
1505 1192 1612 1218 abbatis
1636 1191 1722 1218 lsaaci
1737 1191 1778 1218 vi-

986 1238 1068 1267 vendi
1088 1239 1168 1266 ratio.

1177 1329 1215 1356 De
1231 1328 1325 1356 abbate
1337 1327 1452 1362 Jorepho
1467 1327 1589 1354 Thebaao.

1024 1387 1079 1423 (57)
1101 1385 1174 1414 Dixit
1198 1386 1282 1413 abbas
1306 1385 1407 1420 Joscph
1420 1384 1554 1412 Thebaeus
1568 1394 1576 1411 :
1592 1383 1660 1411 Tres
1682 1391 1726 1411 res
1751 1383 1779 1410 in

988 1437 1138 1469 conspectu
1157 1432 1204 1460 Dei
1228 1432 1403 1460 honorabiles
1418 1436 1482 1459 sunt
1499 1441 1505 1458 :
1524 1430 1591 1458 Cum
1608 1431 1690 1458 homo
1704 1431 1780 1457 inlir-

989 1489 1051 1508 mus
1068 1486 1121 1513 est,
1137 1484 1165 1507 et
1181 1479 1349 1514 adjiciuntur
1369 1479 1394 1506 ei
1416 1477 1594 1510 tentationes,
1612 1477 1670 1512 ipse
1689 1481 1779 1504 autem

989 1534 1036 1554 eas
1052 1533 1114 1553 cum
1135 1524 1283 1560 gratiarum
1298 1524 1406 1551 actione
1427 1523 1564 1558 suscipit;
1582 1522 1702 1550 secunda
1724 1527 1779 1556 est,

953 1581 974 1610 ο
991 1579 1053 1599 cum
1069 1571 1189 1599 effecerit
1211 1570 1312 1605 aliquis
1333 1570 1425 1596 omnia
1447 1576 1530 1604 opera
1552 1576 1601 1596 sua
1617 1569 1717 1596 munda
1733 1576 1781 1596 co-

992 1626 1051 1645 ram
1075 1618 1144 1652 Deo,
1169 1625 1283 1653 quaeque
1310 1617 1378 1644 nihil
1403 1616 1514 1643 humani
1538 1615 1671 1648 habeant;
1690 1617 1781 1647 tertia,

993 1665 1102 1700 quando
1119 1664 1181 1700 quis
1195 1664 1223 1690 in
1243 1663 1416 1697 subjectione
1432 1662 1520 1697 patris
1536 1661 1688 1696 spiritualis
1705 1660 1784 1687 sede-

995 1712 1046 1744 rit,
1076 1711 1239 1745 cunctisque
1267 1709 1325 1736 suis
1356 1707 1554 1735 renuntiaverit
1585 1706 1781 1733 voluntatibus.

993 1756 1176 1791 Consequitur
1189 1759 1278 1782 autem
1293 1754 1336 1781 hic
1350 1753 1478 1780 eximiam
1493 1759 1634 1779 coronam.
1650 1750 1706 1786 Ego
1718 1757 1783 1778 vero

995 1803 1182 1830 infirmitatem
1197 1801 1278 1836 elegi.

1232 1857 1270 1884 De
1285 1857 1378 1884 abbate
1395 1856 1544 1884 Hilarium.

1031 1917 1086 1951 (58)
1106 1916 1198 1943 Abhas
1213 1914 1316 1941 Hilario
1330 1914 1403 1941 venit
1420 1921 1435 1940 e
1459 1913 1601 1939 Palaestina
1618 1912 1645 1938 in
1665 1915 1782 1938 montem

995 1964 1029 1992 ad
1049 1964 1173 1991 abbatem
1189 1962 1348 1989 Antonium.
1361 1961 1406 1987 Ait
1417 1960 1440 1987 ei
1453 1960 1536 1986 abbas
1546 1959 1695 1985 Antonius:
1713 1957 1784 1984 Bcne

995 2012 1103 2042 venisti,
1127 2010 1235 2042 lucifer,
1260 2010 1307 2044 qui
1333 2015 1412 2035 mane
1435 2007 1563 2035 exoriris.
1583 2005 1675 2033 Abbas
1696 2008 1785 2032 autem

995 2057 1099 2084 Hilario
1129 2056 1197 2084 dixit
1222 2056 1276 2083 illi:
1296 2054 1352 2081 Pax
1379 2054 1440 2085 tibi.
1465 2052 1594 2080 columna
1617 2051 1699 2083 lucis.
1721 2057 1791 2086 quaa-

997 2104 1135 2132 illuminas
1162 2103 1255 2130 orbem
1278 2105 1424 2128 terrarum.

1236 2192 1274 2219 De
1287 2191 1382 2219 abbate
1396 2189 1558 2224 Ischyrione.

193 2257 224 2283 οι
239 2255 311 2290 ἅγιοι
329 2255 449 2290 Πατέρες
465 2254 488 2270 ⁸³
503 2255 709 2291 προεφήτευσαν
726 2256 789 2290 περὶ
801 2255 851 2290 τῆς
865 2256 932 2290 ἐσχά

1035 2251 1091 2287 (59)
1113 2250 1206 2277 Sancti
1224 2248 1320 2276 Patres
1333 2247 1519 2283 prmdixeruut
1533 2245 1568 2272 de
1583 2243 1677 2270 ultima
1695 2245 1785 2269 aetate.

157 2310 208 2336 της
224 2302 332 2336 γενεᾶς.
349 2301 381 2328 Τί
401 2301 588 2336 εἰργασάμεθα
601 2302 695 2336 ὴμεῖςς
712 2301 792 2335 φασί.
808 2301 863 2327 Καὶ
878 2302 947 2328 ἀπο-

159 2347 263 2384 κριθεὶς
279 2344 318 2378 εἷς
336 2347 367 2380 ἐξ
385 2347 474 2374 αὐτῶν
493 2348 579 2383 μέγας
592 2348 615 2364 ⁸³
635 2347 721 2379 ἀϐδᾶς
742 2349 891 2384 Ὶσχυρίων,
909 2347 948 2375 £7.-

159 2403 210 2421 πεν
221 2403 228 2409 ·
247 2394 342 2428 Ἡμεῖς
360 2393 410 2425 τὰς
429 2394 538 2425 ἐντολὰς
549 2393 595 2420 τοῦ
611 2394 678 2420 Θεοῦ
693 2395 871 2430 ἐποιήσαμεν.
893 2396 948 2422 Καὶ

160 2439 355 2475 ἀποκριθέντες
369 2437 459 2465 εἶπον·
478 2440 509 2465 Οἱ
527 2439 554 2466 δὲ
570 2439 629 2474 μεθ’
643 2440 727 2475 ἡμᾶς,
745 2440 799 2475 ἄρα
811 2440 838 2466 τί
854 2440 948 2466 ποιοῦ-

160 2494 221 2520 σιν;
241 2486 295 2513 Καὶ
311 2484 372 2512 εἶπε
384 2493 390 2500 ·
415 2485 565 2512 Μέλλουσιν
587 2486 627 2517 εἰς
641 2485 672 2511 τὸ
689 2486 775 2520 ἥμισυ
796 2485 843 2512 τοῦ
867 2485 948 2522 ἔργου

159 2530 240 2566 ἡμῶν
265 2530 401 2566 ἔρχεσθαι.
424 2531 479 2557 Καὶ
497 2529 591 2558 εἶπον
612 2532 643 2558 Οἱ
660 2531 689 2557 δὲ
706 2532 764 2566 μετ’
773 2532 884 2564 αὐτοὺς.
901 2532 928 2558 τί
943 2540 949 2564 ;

161 2575 244 2604 Εἶπεν
254 2586 260 2592 ·
280 2577 337 2604 οὑκ
351 2577 457 2613 ἔχουσιν
479 2577 546 2610 ὅλως
562 2577 641 2613 ἔργον
656 2579 680 2605 οἱ
697 2580 746 2614 τῆς
766 2580 862 2613 γενεᾶς
876 2579 949 2605 ὲκεί-

161 2632 211 2660 νης
223 2632 229 2639 ·
258 2624 349 2660 μέλλει
364 2624 393 2650 δὲ
410 2624 536 2660 ἔρχεσθαι
560 2625 650 2656 αὐτοῖς
669 2625 820 2661 πειρασμὸς
834 2633 841 2641 ·
864 2626 912 2652 καὶ
925 2627 950 2652 οἱ

197 2701 274 2729 "AI.
296 2703 367 2729 τινά.
396 2703 434 2738 7"
458 2701 500 2728 Al.
523 2703 591 2738 πρὸς
609 2703 638 2731 ἓν
660 2703 733 2735 παξα

161 2772 285 2807 ὀνόματι.
302 2772 334 2788 ⁸⁸⁴
351 2772 438 2800 Eecle.
455 2780 496 2805 Ill,
516 2772 542 2800 1⁷.

198 2841 256 2877 (57)
278 2840 331 2877 th.
345 2840 422 2877 Ijatr.
441 2849 460 2874 ι,
476 2841 502 2869 9.

200 2842 228 2877 (5
278 2841 331 2868 γει.
345 2841 422 2868 Patr.
441 2849 460 2874 ι,
476 2841 502 2869 9.

200 2841 258 2912 (5;;
280 2875 333 2903 Vit.
349 2875 423 2903 Patr.
439 2884 506 2910 xvn,
525 2877 551 2904 4.

737 2703 839 2739 μάδιον.
863 2704 904 2731 vel
924 2703 1089 2739 παξαμάδιν.

161 2739 319 2774 προσφορᾷἴ
351 2737 452 2774 :‘Dat.
470 2733 608 2774 τάγματα.
647 2739 669 2754 "
682 2733 725 2766 Al.
737 2733 892 2774 βαστάζων.
930 2739 938 2755 ⁸

994 2733 1011 2765 Γ.
1028 2738 1114 2765 inser.
1131 2735 1182 2771 τῆς
1210 2733 1348 2768 Σκήτεως.

1001 2298 1070 2332 Quid
1083 2297 1187 2332 operati
1204 2303 1299 2323 sumus
1314 2294 1383 2320 nos?
1399 2292 1535 2326 inquiunt.
1552 2290 1584 2317 Et
1601 2297 1672 2316 llnllS
1684 2296 1718 2316 ex
1732 2287 1786 2314 illis

1001 2351 1117 2379 magnus
1129 2343 1212 2370 abbas
1226 2340 1347 2375 lschyrio
1359 2345 1522 2373 responsum
1539 2336 1613 2363 dedit
1626 2344 1633 2362 :
1646 2333 1701 2362 Nos
1714 2340 1787 2360 man-

1000 2392 1063 2420 data
1087 2390 1135 2418 Dei
1159 2389 1322 2425 peregimus.
1337 2387 1528 2421 Exceperuut:
1547 2383 1599 2416 Qui
1625 2387 1716 2409 autem
1736 2387 1786 2407 nos

1000 2439 1213 2473 subsequentur,
1229 2434 1293 2469 quid
1309 2432 1406 2461 facturi
1424 2431 1505 2459 sunt?
1515 2430 1559 2457 Ait
1573 2439 1578 2456 :
1592 2429 1632 2456 Ad
1643 2427 1789 2455 dimidium

998 2485 1089 2520 operis
1118 2483 1205 2510 nostri
1229 2481 1396 2517 pervenient.
1417 2478 1653 2511 interrogaverunt
1677 2473 1786 2500 adhuc:

999 2519 1050 2565 Qui
1073 2538 1136 2558 vero
1165 2532 1227 2564 post
1247 2528 1318 2557 illos,
1336 2523 1483 2561 quidnam?
1509 2521 1679 2557 Respondit:
1706 2519 1799 2546 Nullo.

1001 2579 1079 2613 plane
1105 2583 1188 2611 opere
1214 2573 1416 2601 decorabuntur
1437 2569 1560 2597 homines
1579 2567 1666 2595 mtatis
1694 2566 1785 2593 illius:

1000 2611 1028 2652 at
1042 2623 1166 2657 insurget
1186 2621 1214 2648 in
1231 2627 1278 2647 eos
1291 2617 1424 2649 tentatio;
1441 2615 1542 2651 quique
1558 2613 1635 2649 probi
1649 2611 1791 2639 invenien-

1127 2700 1150 2716 ευ
1166 2699 1209 2726 Al.
1230 2685 1277 2724 τόδ
1294 2696 1370 2731 ἁγίου
1406 2692 1581 2731 Πνξύμςιτοςν
1612 2691 1648 2731 έὶ
1665 2691 1704 2731 τῇ.
1724 2689 1770 2724 ἀγ(

1406 2697 1581 2729 Πνεῦματος,
1612 2697 1648 2732 εν.
1665 2699 1697 2725 τη
1724 2697 1796 2752 ay:

1403 2730 1426 2747 ⁸⁵
1439 2729 1488 2756 Al.‘
1505 2728 1590 2756 inser.
1615 2735 1654 2762 τῳ
1679 2717 1728 2762 βίῳ
1743 2733 1761 2752 κ

1040 2838 1095 2876 (-59)
1113 2837 1165 2866 Vit.
1181 2836 1257 2865 Patr.
1270 2843 1290 2869 ι,
1304 2833 1348 2862 η.
