1970 3074
187 178 241 209 243

761 177 928 207 APPENDIX
949 177 994 204 AD
1009 174 1219 204 PALLADIUM.

1765 170 1818 199 (ὶᾶὀ

186 239 232 262 tur
249 233 295 261 illo
312 237 444 270 tempore,
461 234 581 270 majores
597 239 624 263 et
643 235 721 264 nobis
734 240 760 262 et
782 235 910 265 Pati-ibus
925 243 975 263 no-

1037 233 1219 269 ῖύρισκόμενοι
1237 231 1342 267 δόκιμοι
1361 232 1390 258 ὲν
1406 231 1444 267 τῷ
1461 230 1548 266 καιρῷ
1565 229 1670 264 ἐκείνῳ,
1697 227 1817 260 μείζονες

188 280 256 311 stris
266 289 327 310 esse
336 282 547 317 comperientur.

416 336 582 373 Principium
604 337 699 365 litterae
710 338 745 367 Κ.

437 394 475 421 De
486 394 579 422 abbate
589 393 729 422 Cassiano.

226 450 255 476 1.
274 449 330 484 (60)
342 448 469 476 Narravit
486 449 571 476 abbas
581 448 744 476 Cassianus:
770 447 911 479 Venimus,
927 454 977 481 ego

190 501 218 524 et
233 500 344 524 sanctus
362 495 523 527 Germanus,
548 495 575 522 in
598 494 747 530 Egyptum
773 493 807 520 ad
830 493 976 528 quemdam

191 549 295 570 senem.
311 541 407 575 Quem,
434 549 495 569 cum
511 542 630 576 hospitio
646 544 770 568 amanter
788 547 838 567 nos
855 540 978 574 excepis-

191 591 245 621 set,
260 587 486 623 interrogavimus
498 596 504 614 :
517 587 608 620 Quare
621 587 647 614 in
660 591 780 621 tempore
796 587 978 621 Susceptionis

191 633 307 660 fratrum
322 633 538 668 peregrinorum,
554 640 677 660 normam
687 632 783 667 jejunii
795 632 894 663 nostri.
907 633 978 659 sicut

191 679 220 706 in
247 678 391 706 Palaestina
408 679 574 713 accepimus.
591 686 647 705 non
665 678 840 705 observatis?
855 677 978 713 Rcslion-

192 723 247 751 dit:
265 722 402 758 Jejunium
419 730 525 758 semper
540 730 646 750 mecum
660 725 717 754 est;
733 730 781 749 vos
793 730 857 748 vero
873 729 979 756 semper

191 776 297 797 mecum
317 770 432 797 retinere
450 777 504 796 non
520 776 649 803 possum:
665 775 696 795 ac
708 767 842 802 jejunium
859 768 977 802 quidem,

191 815 242 843 otsi
268 815 342 842 utilis
357 822 401 842 res
415 815 449 842 sit
468 819 549 849 atque
562 814 729 844 necessaria.
746 818 865 841 attain-en
891 822 906 840 ιι
929 822 978 841 no-

190 865 248 889 stra
263 861 362 896 pendet
376 861 516 889 voluntate
529 869 537 895 ;
561 865 588 887 at
601 860 744 888 charitatis
757 861 978 895 adimpletionem

191 915 225 934 ex
240 907 402 935 necessitate
419 908 501 943 exigit
513 907 559 934 Dei
573 907 625 935 lex.
643 906 734 942 Itaque
748 907 774 933 in
797 908 873 934 vobis
895 908 978 934 Chri-
994 924 1016 951 Β

191 958 264 981 stum
282 954 447 987 suscipiens,
469 954 555 981 debeo
576 955 649 981 omni
663 953 755 981 studio
771 959 873 981 etcura
886 961 980 989 prose-

192 1000 249 1036 qui.
265 1000 332 1028 Cum
348 1005 438 1028 autem
453 1008 503 1027 vos
517 1000 659 1033 dimisero,
675 1001 795 1036 regulam
808 1000 904 1035 jejunii
918 1007 980 1034 pos-

191 1053 254 1074 sum
279 1054 454 1082 recuperare.
470 1047 563 1081 Neque
582 1047 656 1074 enim
672 1050 788 1081 possunt
804 1046 849 1072 lilii
868 1045 979 1072 thalami

189 1091 325 1125 jcjunare,
341 1091 461 1126 quandiu
479 1098 597 1126 sponsus
612 1091 740 1127 cum_illis
756 1095 817 1122 est;
835 1095 980 1125 postquam

190 1143 257 1163 vero
276 1144 395 1171 sponsus
408 1137 517 1164 ablatus
535 1136 617 1164 fuerit
631 1158 638 1169 ,
656 1141 722 1164 tunc
740 1144 802 1163 cum
818 1137 927 1165 licentia
940 1136 981 1170 je-

190 1180 328 1215 junabunt
337 1182 370 1208 ⁸³.

227 1270 254 1296 2.
276 1269 347 1299 Idem
372 1270 463 1296 retulit
481 1279 487 1296 :
514 1269 579 1296 Erat
591 1270 690 1305 aliquis
707 1278 803 1302 senex,
819 1271 862 1298 cui
886 1275 980 1298 sancta

193 1314 271 1348 virgo
287 1315 476 1342 ministrabat:
493 1315 618 1342 homines
630 1321 721 1342 autem
736 1316 877 1343 dicebant:
892 1317 981 1351 Impu-

192 1359 216 1387 τι
234 1364 307 1390 sunt.
326 1360 438 1387 Audivit
454 1368 548 1388 senex.
563 1361 685 1396 Cumque
705 1365 778 1389 esset
793 1362 874 1388 morti
891 1363 981 1396 proxi-

193 1413 265 1437 mus,
294 1406 362 1433 dixit
383 1406 511 1434 Patribus
527 1416 532 1433 :
547 1406 694 1442 Postquam
717 1416 732 1435 e
746 1408 799 1435 vita
818 1408 980 1442 migravero,

193 1452 315 1486 plantate
328 1451 454 1479 baculum
472 1460 560 1479 meum
574 1453 601 1479 in
617 1454 757 1488 sepulcro;
773 1453 795 1480 si
813 1454 982 1488 germinave-

193 1498 240 1528 rit,
258 1497 431 1533 fructumque
450 1491 603 1533 protuicrit,
619 1499 717 1526 discite
735 1507 833 1534 purum
851 1508 912 1526 esse
940 1509 982 1527 me

194 1544 229 1572 ab
245 1543 308 1578 illa;
334 1544 358 1572 si
382 1551 448 1573 vero
471 1552 526 1571 non
543 1545 747 1579 germinaverit,
766 1548 922 1580 cognoscite
939 1554 981 1572 me

1028 279 1076 306 xui.
1090 279 1168 317 ήμῶν
1184 278 1295 306 καὶτῶν
1311 277 1441 313 Πατέρων
1455 276 1533 312 ήμῶν
1549 275 1752 311 εὑρεθήσονται.

1254 335 1338 370 Ἀρχὴ
1361 334 1409 360 τοῦ
1432 335 1456 362 K
1480 331 1622 368 στοιχείου.

1197 392 1267 426 Περὶ
1282 391 1334 418 τοῦ
1353 390 1428 418 ἀϐϐίὶ
1445 390 1599 418 Κασιανοῦ
1614 389 1644 416 ⁸³.

1064 453 1098 477 α’.
1116 449 1270 484 Διηγήσατο
1281 448 1335 482 (65)
1347 447 1361 473 ὁ
1376 446 1464 478 assa;
1480 445 1626 477 Κασιανδς,
1636 445 1677 472 ὅτι
1694 444 1820 480 Παρεϐά-

1028 497 1110 532 λομεν
1130 495 1185 530 ὲγώ
1201 504 1229 522 τε
1252 495 1299 521 καὶ
1318 496 1332 521 ὁ
1355 494 1433 527 ἅγιος
1457 492 1595 529 Γερμανὸς
1615 492 1654 523 εἰς
1671 491 1819 526 Αἴγυπτον,

1029 543 1098 578 πρός
1114 550 1173 568 τινα
1199 540 1324 575 γέροντα.
1342 539 1396 566 Καὶ
1411 538 1587 572 φιλοξενήσας
1602 538 1675 573 ἡμᾶς
1691 536 1820 572 ἠρωτήθη

1030 587 1095 622 παρ’
1109 585 1187 620 ἡμῶν
1199 594 1206 601 ·
1223 585 1301 616 Τίνος
1318 584 1412 610 ἕνεκεν
1425 583 1454 608 ἐν
1471 581 1510 617 τῷ
1524 581 1613 617 καιρῷ
1626 582 1675 616 τῆς
1688 580 1821 615 ὑποδοχῆς

1029 633 1084 659 τῶν
1100 632 1181 664 ξένων
1197 631 1328 664 ἀδελφῶν,
1344 630 1389 656 τὸν
1406 630 1506 656 κανόνα
1524 628 1573 663 τῆς
1589 628 1715 663 νηστείας
1731 626 1820 663 ἡμῶν,

1029 679 1068 710 ὡς
1083 679 1112 704 ὲν
1128 677 1296 712 Παλαιστίνῃ
1314 675 1516 710 παρελάΰομεν,
1532 675 1562 701 οὗ
1580 675 1746 709 φυλάττετες
1767 674 1823 702 Καὶ

1030 725 1167 761 ἀπεκρίθη
1191 723 1294 758 λέγων·
1330 723 1361 749 Ἤ
1387 722 1500 757 νηστεία
1534 721 1649 748 πάντοτε
1675 721 1732 755 μετ’
1754 719 1822 755 ἐμοῦ

1031 772 1105 798 ἐστιν
1117 780 1123 786 ·
1141 771 1213 805 ὑμᾶς
1229 769 1257 796 δὲ
1272 769 1397 804 κατέχειν
1414 767 1529 794 πάντοτε
1546 766 1605 802 μεθ’
1618 766 1715 793 ἑαυτοῦ
1732 766 1762 792 οὐ
1778 765 1823 792 δύ-

1031 826 1116 852 ναμαι
1126 826 1132 831 ·
1149 816 1196 843 καὶ
1210 817 1225 850 ἡ
1241 815 1289 850 μὲν
1300 814 1410 850 νηστεία
1425 814 1472 841 καὶ
1489 813 1623 849 χρήσιμόν
1635 813 1693 838 ἐστι
1706 812 1822 847 πρᾶγμα

1031 864 1078 890 καὶ
1094 863 1252 897 ἀναγκαῖον.
1269 861 1319 895 τῆς
1331 860 1469 895 ἡμετέρας
1488 859 1516 886 δέ
1539 859 1597 885 ἐστι
1613 858 1800 893 προαιρέσεως
1812 864 1822 873 ’

1029 911 1079 945 τὴν
1097 909 1124 935 δὲ
1141 910 1190 944 τῆς
1203 907 1312 942 ἀγάπης
1331 906 1470 941 πλήρωσιν
1490 905 1520 938 ἐξ
1539 905 1664 940 ἀνάγκης
1681 905 1794 930 ἁπαιτεῖ
1808 904 1823 930 ὁ

1031 956 1077 983 τοῦ
1094 954 1162 981 Θεοῦ
1178 954 1269 988 νόμος.
1288 953 1332 978 Ἐν
1343 952 1406 987 ὑμῖν
1420 949 1466 978 οὖν
1478 951 1622 986 δεχόμενος
1634 949 1680 976 τὸν
1694 949 1821 985 Χριστὸν,

1031 999 1160 1037 χρεωστῶ
1179 996 1247 1034 μετὰ
1271 998 1362 1033 πάσης
1385 996 1554 1032 θεραπεῦσαι
1575 995 1704 1030 σπουδῆς.
1736 992 1821 1020 Ἐπὰν

1031 1047 1059 1073 δὲ
1074 1047 1146 1082 ὑμᾶς
1162 1044 1327 1080 προπέμψω,
1342 1043 1388 1070 τὸν
1409 1043 1510 1070 κανόνα
1531 1042 1581 1075 τῆς
1598 1041 1726 1076 νηστείας
1738 1039 1821 1066 δύνα-

1033 1102 1082 1129 μαι
1097 1091 1311 1127 ἀνακτήσασθαι.
1330 1089 1366 1116 Οὑ
1381 1089 1508 1115 δύνανται
1529 1087 1584 1124 γὰρ
1599 1087 1656 1122 (64)
1671 1087 1695 1113 ol
1710 1085 1764 1112 υἱοὶ
1775 1084 1824 1112 τοῦ

1032 1137 1174 1173 νυμφῶνος
1189 1135 1328 1171 νηστεύειν
1339 1156 1346 1166 ,
1362 1135 1406 1168 ἐφ’
1427 1134 1489 1160 ὅσον
1501 1133 1596 1169 χρόνον
1610 1132 1624 1158 ὁ
1636 1131 1750 1167 νυμφίος
1765 1130 1823 1166 μετ’

1032 1184 1122 1211 αὐτῶν
1140 1184 1213 1209 ἐστιν
1224 1191 1230 1197 ·
1247 1182 1310 1208 ὅταν
1331 1180 1359 1207 δὲ
1375 1180 1446 1215 ἀρθῇ
1468 1180 1490 1195 ⁸⁷
1508 1180 1522 1206 ὁ
1541 1179 1667 1214 νυμφίος,
1684 1177 1744 1204 τότε
1764 1177 1824 1212 μετ’

1032 1230 1156 1262 ἐξουσίας
1171 1228 1370 1264 νηστεύσουσιν
1386 1227 1419 1254 ⁸⁸³.

1068 1275 1100 1310 β’.
1127 1275 1156 1300 '0
1173 1273 1253 1305 αὐτὸς
1276 1270 1353 1298 εἶπεν
1374 1271 1442 1306 (65),
1457 1271 1497 1297 ὅτι
1519 1268 1572 1296 Ἦν
1592 1278 1634 1301 τις
1653 1269 1752 1304 γέρων,
1775 1268 1824 1295 καὶ

1033 1320 1196 1355 ὑπηρετεῖτο
1211 1318 1264 1345 ὑπὸ
1285 1317 1367 1351 ἁγίας
1387 1315 1540 1350 παρϐἑνου-
1568 1316 1615 1341 καὶ
1638 1315 1662 1340 οἱ
1688 1313 1826 1349 ἄνθρωποι

1032 1366 1140 1400 ἔλεγον·
1164 1365 1221 1391 Οὺκ
1242 1363 1294 1390 εἰσὶ
1319 1361 1443 1396 καθαροί.
1472 1361 1527 1387 Καὶ
1548 1361 1664 1396 ἤκουσεν
1689 1361 1702 1386 ὁ
1724 1360 1822 1394 γέρων.

1034 1413 1118 1439 Ὅταν
1132 1411 1160 1437 δὲ
1172 1409 1271 1446 ἡμελλε
1286 1409 1426 1444 τελευτᾷν,
1437 1406 1498 1434 εἷπε
1509 1409 1563 1438 τοῖς
1577 1407 1712 1442 Πατράσιν
1722 1414 1729 1421 ·
1742 1406 1826 1431 Ὅταν

1033 1457 1198 1492 τελευτήσω,
1221 1455 1372 1490 φυτεύσατε
1395 1454 1444 1489 τὴν
1459 1453 1556 1490 ῥάϐδον
1584 1461 1634 1487 μου
1656 1453 1696 1483 εἰς
1722 1451 1824 1486 τάφον·

1033 1503 1080 1530 καὶ
1097 1503 1144 1530 ἐὰν
1169 1502 1308 1539 βλαστήσῃ
1333 1501 1379 1528 xui.
1396 1501 1497 1536 ποιήσῃ
1520 1499 1636 1534 καρπὸν,
1662 1498 1760 1534 μάθετε
1784 1497 1826 1524 ὅτι

1034 1550 1155 1585 καθαρός
1170 1550 1227 1584 εἰμι
1239 1549 1286 1575 ἀπ’
1312 1548 1415 1582 αὐτῆς·
1432 1547 1455 1574 εἰ
1470 1547 1497 1572 6‘2
1516 1546 1554 1581 μὴ
1575 1546 1713 1583 βλαπτήσῃ
1729 1546 1763 1579 ⁸⁸,
1781 1554 1825 1580 γι-

194 1597 256 1616 cum
266 1598 296 1618 ea
312 1590 470 1626 deliquisse.
488 1591 606 1618 Baculus
624 1591 705 1626 igitur
720 1593 857 1626 plantalus
873 1593 932 1623 I'uit,
947 1599 978 1618 ac

1037 1596 1147 1622 ιώσκετε
1170 1596 1211 1621 ὅτι
1228 1594 1361 1623 πέπτωκα
1384 1593 1442 1628 μετ’
1462 1592 1556 1627 αὐτῆς.
1579 1592 1634 1621 Ka‘t
1653 1590 1788 1626 ἐφυτεύθη
1808 1591 1826 1626 ἡ

195 1637 272 1664 tertia
286 1637 449 1673 diegermen
466 1638 637 1673 fructumque
648 1639 785 1673 produxit.
801 1638 876 1666 Tunc
888 1648 982 1667 ouiucs

193 1683 413 1718 gloriﬁcaverunt
431 1684 523 1712 Deum.

230 1729 256 1757 5.
277 1729 332 1765 (61)
353 1729 426 1757 Dixit
449 1731 566 1757 iterum:
584 1730 624 1757 Ad
649 1731 732 1758 alium
761 1732 927 1760 accessimus
941 1740 984 1759 sc-

194 1783 275 1808 nem;
303 1777 350 1810 qui
373 1775 540 1803 manducare
566 1783 617 1804 nos
648 1777 721 1804 fecit.
751 1777 871 1806 Satiatns
892 1783 982 1806 autem

193 1822 262 1855 jam,
289 1822 381 1848 cibum
399 1829 507 1849 sumere
523 1821 695 1849 hortabatur.
715 1823 756 1850 Me
776 1832 840 1851 vero
865 1825 982 1855 dicente,

198 1876 253 1895 non
275 1868 391 1902 amplius
419 1876 510 1903 posse,
538 1869 698 1904 respondit:
722 1870 778 1906 Ego
798 1871 886 1898 sexies
901 1870 984 1899 adve-

196 1914 336 1942 nientibus
354 1914 494 1943 'l‘ratrihus
517 1923 639 1943 mensam
664 1918 789 1952 apposui.
815 1922 841 1944 et
861 1918 984 1953 singulos

197 1960 328 1992 iuvitans,
345 1967 399 1987 uua
423 1961 539 1995 comedi,
559 1961 703 1997 adhucque
728 1963 830 1990 esurio.
857 1962 898 1989 Tu
920 1971 985 1991 vero

197 2006 249 2032 lioc
267 2006 351 2033 semel
376 2006 438 2033 cibo
461 2010 552 2041 capto,
571 2012 648 2034 satur
667 2016 707 2040 es,
728 2008 797 2036 adeo
815 2014 843 2036 ut
859 2017 914 2036 non
931 2017 985 2037 aut-

196 2051 268 2086 plius
279 2052 370 2080 valeas
386 2053 474 2079 edere.-

233 2097 260 2125 4.
277 2097 332 2133 (62)
349 2098 420 2125 ldem
439 2099 560 2125 narravit
577 2099 685 2129 iterum,
710 2099 782 2134 quod
803 2100 886 2126 abbas
901 2099 984 2126 Joan-

198 2153 249 2172 nes
263 2145 344 2171 homo
356 2145 446 2180 magni
462 2147 581 2174 cteuobii
604 2150 703 2177 rector,
726 2146 876 2173 visitaverit
900 2146 985 2173 abba-

198 2197 253 2218 tem
269 2190 406 2223 Paesium,
419 2192 466 2226 qui
484 2200 532 2226 per
550 2200 637 2219 annos
654 2192 834 2228 quadraginta
852 2193 879 2219 in
894 2197 985 2220 extre-

198 2244 243 2263 ma
267 2237 415 2265 solitudine
440 2238 521 2271 vixit;
549 2242 576 2264 et
600 2239 663 2273 quia
683 2247 747 2274 erga
777 2247 839 2266 eum
873 2240 984 2267 multam

1035 1642 1142 1678 ῥάϐδος,
1159 1642 1206 1667 καὶ
1220 1642 1253 1676 τῇ
1266 1641 1346 1675 τρίτῃ
1361 1639 1451 1674 ἡμέρᾳ
1469 1638 1629 1673 ἐϐλάστησε,
1651 1639 1698 1664 καὶ
1713 1637 1826 1672 ἐποίησε

1034 1688 1152 1724 καρπὸν.
1169 1687 1224 1714 Καὶ
1241 1686 1341 1717 πάντες
1357 1685 1485 1718 ἐδόξασαν
1501 1685 1545 1711 τὸν
1558 1685 1633 1711 Θεόν.

1069 1739 1103 1769 γ’.
1125 1732 1192 1761 Εἷπε
1207 1733 1299 1765 πάλιν,
1318 1734 1359 1759 ὅτι
1380 1732 1575 1768 Παρεὸάλομεν
1597 1732 1683 1767 ἑτέρῳ
1699 1733 1824 1767 γέροντι·

1036 1782 1084 1808 καὶ
1099 1782 1227 1815 ἐποίησεν
1247 1781 1320 1815 ἡμᾶς
1334 1779 1492 1814 γεύσασθαι.
1513 1779 1701 1814 Προετρέπετο
1713 1779 1741 1804 δὲ
1753 1779 1827 1814 ἡμᾶς

1035 1829 1223 1863 κορεσθέντας,
1234 1827 1274 1853 ἔτι
1283 1826 1444 1861 μεταλαϐεῖν
1455 1826 1567 1861 τροφῆς,
1584 1825 1666 1861 Ἐμοῦ
1680 1825 1708 1852 δὲ
1719 1825 1828 1860 εἰρηκό-

1034 1882 1080 1905 τος
1104 1874 1204 1910 μηκέτι
1227 1871 1371 1903 δύνασοαι,
1392 1871 1546 1905 ἀπεκρίθη’
1571 1864 1678 1905 Ἐγὼῖο
1694 1870 1787 1903 ἑξάκις
1801 1870 1826 1885 ’⁸

1037 1919 1266 1954 παραγενομένων
1281 1917 1403 1952 ἀδελφῶν
1414 1917 1553 1953 τράπεζαν
1572 1916 1667 1951 ἔθηκα,
1692 1916 1739 1942 καὶ
1761 1924 1829 1951 προ·

1036 1966 1202 2002 τρεπόμενος
1237 1965 1286 1990 ἕνα
1319 1964 1434 1990 ἕκαστον
1467 1962 1628 1998 συνήσθιον,
1659 1963 1706 1988 καὶ
1735 1962 1828 1997 ἀκμὴν

1037 2011 1131 2038 πεινῶ.
1151 2010 1236 2036 Τοῦτο
1254 2010 1283 2036 δὲ
1299 2010 1330 2036 σὺ
1354 2009 1427 2042 ἅπαξ
1448 2008 1544 2043 φαγὼν
1565 2007 1651 2039 οὕτως
1667 2007 1828 2044 ὲκορέσθης,

1037 2059 1106 2085 ὥστε
1124 2057 1221 2093 μηκέτι
1237 2057 1334 2090 φαγεῖν
1347 2055 1487 2082 δύνασθαι.

1071 2101 1101 2126 δ’.
1128 2101 1283 2136 Διηγήσατο
1311 2100 1392 2127 πάλιν
1415 2102 1429 2126 ὁ
1456 2100 1548 2132 αὐτὸς,
1572 2101 1612 2127 ὃτι
1632 2098 1790 2135 Παρέῧαλεν
1814 2099 1829 2124 ὁ

1037 2146 1123 2177 ἁὸϐᾶς
1148 2147 1273 2181 Ἰωάννης
1290 2145 1433 2180 ἅνθρωπος
1455 2145 1589 2172 κοινοϐίου
1607 2145 1758 2180 ἡγούμενος
1781 2151 1830 2178 με·

1037 2193 1130 2227 γάλου,
1153 2192 1192 2228 τῷ
1216 2193 1288 2227 ἀὸθᾷ
1316 2193 1440 2227 Παησίῳ,
1465 2193 1493 2218 ἐν
1516 2192 1654 2227 ἀκροτάτῃ
1672 2192 1767 2226 ἐρήμῳ
1791 2190 1831 2216 δι-

1038 2240 1129 2273 άγοντι
1143 2239 1189 2266 ἐπὶ
1206 2239 1254 2273 ἔτη
1269 2239 1485 2274 τεσσαράκοντα,
1500 2238 1547 2264 καὶ
1561 2238 1597 2269 ὡς
1613 2237 1681 2272 ἔχων
1698 2237 1765 2272 πρὸς
1781 2237 1831 2263 αὺ-

198 2283 316 2311 habebat
332 2284 506 2317 charitatem,
532 2285 648 2320 indeque
675 2286 827 2313 libertatem
846 2287 982 2321 loquendi,

1039 2286 1084 2311 τὸν
1101 2284 1199 2320 πολλὴν
1218 2285 1338 2320 ἀγάπην,
1355 2285 1402 2311 xui.
1416 2284 1464 2319 τὴν
1483 2285 1515 2310 ὲκ
1540 2283 1644 2318 ταύτης
1670 2282 1831 2318 παρρησίαν

198 2329 298 2356 dixerit
319 2330 362 2357 ei:
389 2329 458 2362 Quid
485 2330 549 2356 boni
574 2332 666 2364 operis
690 2331 836 2366 designasti
859 2332 887 2359 in
912 2336 986 2359 tanto

200 2380 333 2410 tempore,
355 2376 392 2402 ita
406 2375 549 2408 secedens,
567 2384 617 2403 nec
633 2377 667 2403 ah
681 2377 734 2404 ullo
752 2377 892 2406 hominum
909 2377 988 2406 facile

199 2421 401 2449 conturbatus?
415 2420 461 2449 llle
474 2423 529 2448 ait:
550 2421 588 2448 Ex
605 2429 660 2456 quo
677 2422 816 2450 solitarius
832 2430 904 2454 sum,
918 2431 988 2450 nun-

234 2501 257 2516 "
273 2499 359 2538 Marc.
372 2508 403 2538 tl,
496 2500 518 2515 ⁸⁸
536 2500 578 2538 Al.
591 2501 693 2538 Ruso-.77
715 2501 739 2538 Δδῖ
810 2501 918 2538 ἀπαρθῇ
937 2502 982 2538 un‘

1037 2501 1099 2529 τῶν.
1139 2502 1161 2518 ⁸⁸
1179 2502 1221 2531 Ai.
1245 2501 1431 2538 νηστεύουσιν.

198 2536 314 2572 καρπόν.
352 2537 375 2553 ὀ
389 2536 432 2562 Al.
445 2536 528 2563 inser.
545 2535 646 2563 λοιπόν.
673 2537 694 2552 ⁹¹
707 2535 748 2562 Al.
766 2537 851 2564 inser.
865 2535 1014 2572 διαφόρων.

234 2593 289 2628 (60)
310 2592 364 2620 Vit.
380 2592 457 2628 Patr.
473 2601 533 2623 xm,
546 2592 583 2626 2;
602 2592 681 2620 Cass.
698 2592 767 2628 (nat.
781 2592 862 2623 v,‘24.

234 2627 290 2663 (61)
309 2628 363 2655 Vit.
376 2627 453 2654 Patr.
468 2635 527 2660 xm,
547 2628 580 2662 5;
597 2628 674 2655 Cass.
698 2627 765 2655 Inst.
777 2636 803 2657 ν.
817 2627 862 2654 25.

234 2663 290 2697 (ϋῖ)
310 2663 364 2690 Vit.
386 2663 462 2690 Patr.
478 2672 516 2694 ιν,
530 2663 580 2696 24;
594 2663 674 2691 Cass.
689 2663 758 2691 Inst.
777 2671 805 2692 ν.
816 2663 862 2690 ‘27.

235 2667 280 2697 (6‘2
312 2667 364 2690 Vit.
386 2667 462 2690 Patr.
478 2672 516 2694 ιν,
530 2667 580 2696 24;
594 2667 674 2691 Cass.
689 2667 758 2691 Inst.
777 2671 805 2692 ν.
816 2667 862 2690 ‘27.

235 2667 290 2734 (65)
306 2698 482 2734 Διηγήσατο.
499 2699 528 2734 In
547 2698 656 2730 Pelagio
669 2708 675 2726 :
691 2699 766 2734 Dixit
781 2698 862 2725 abbas
875 2697 986 2734 cassia-

198 2732 258 2765 nus.
275 2732 337 2770 quia
349 2732 465 2761 venimus
478 2742 495 2760 a
519 2733 666 2770 Patmslina
681 2734 708 2761 in
722 2733 877 2769 Egyptum.
893 2732 987 2770 Graece

199 2779 231 2800 ex
246 2768 312 2797 mss.
338 2770 356 2796 ‘2
379 2770 499 2797 Colbert.
515 2779 521 2795 :
539 2768 622 2796 Εἶπεν
638 2771 652 2795 ὁ
673 2768 766 2801 ὰῦὂᾶςγ
786 2768 930 2800 Καςιανὺς,
946 2768 986 2794 ὅτι

198 2805 391 2841 παρεϐάλομεν
408 2805 462 2831 ἀπὸ
474 2805 655 2841 Παλαιστίνης
666 2806 705 2841 εἰς
719 2805 866 2841 Αιγυπτον.

234 2837 289 2876 (ὓι)
307 2837 348 2867 οὗ
366 2840 511 2867 δύνανται
526 2839 592 2875 γάρ,
606 2837 660 2876 etc.
673 2837 768 2866 Matth.
781 2847 818 2872 Ix,
837 2839 871 2876 15
881 2837 983 2876 δίει-θ.

198 2884 228 2909 ιι,
240 2874 289 2908 19,
305 2877 354 2907 20;
373 2876 472 2907 Luc.v,
490 2876 535 2906 51,
553 2876 597 2903 55.
607 2875 649 2902 Ad
665 2883 726 2910 quae,
743 2876 800 2902 loca
819 2874 914 2902 alludit
925 2881 989 2910 syn-

198 2912 266 2944 alius
285 2911 314 2944 ὃ,
342 2910 450 2942 l’atricii
475 2919 536 2950 cap.
553 2910 596 2944 1ι1,
611 2911 684 2950 quod
696 2911 734 2938 ita
743 2910 889 2939 ediderunt
905 2918 911 2936 ς
927 2910 990 2939 Sta-

1014 2341 1019 2346 ·
1041 2328 1117 2357 εἶπεν
1131 2330 1220 2366 αὐτῷ’
1237 2331 1270 2357 Τί
1288 2331 1317 2356 ὲν
1328 2331 1448 2365 τοσούτῳ
1469 2330 1555 2366 χρόνῳ
1567 2329 1653 2361 οὕτως
1669 2329 1830 2365 ἀναχωρῶν,

1042 2378 1088 2404 καὶ
1100 2377 1153 2404 ὑπὸ
1171 2378 1283 2413 μηδενὸς
1297 2377 1440 2412 ἀνθρώπου
1459 2377 1565 2412 ταχέως
1586 2376 1749 2411 ὀχλούμενος
1763 2385 1831 2405 κατ-

1041 2423 1188 2459 ώρθωσας;
1211 2424 1240 2451 ’0
1260 2424 1289 2451 δέ
1304 2433 1386 2460 φησιν
1398 2433 1405 2439 ·
1430 2425 1488 2459 Ἀφ’
1505 2420 1535 2449 οὗ
1554 2422 1752 2457 ὲμόνασα,οὺδέ
1765 2422 1832 2450 ποτὲ

1483 2503 1504 2518 ⁸⁸
1520 2502 1561 2528 Μ.
1575 2501 1637 2528 add.
1659 2501 1708 2533 xui.
1729 2501 1830 2536 ποιήσῃ

1039 2598 1124 2625 talum
1137 2599 1165 2620 ut
1176 2593 1275 2620 C/lftslt
1290 2594 1431 2620 adventum
1450 2593 1539 2625 sponsi
1559 2592 1647 2618 nullas
1672 2596 1745 2618 ratas
1763 2591 1832 2626 leges

1037 2629 1152 2655 inveniat
1176 2629 1283 2663 jejunii.
1313 2629 1384 2661 Quid
1401 2633 1490 2656 autent
1504 2629 1573 2654 inter
1598 2627 1779 2663 Novatianunt
1803 2631 1830 2654 et

1039 2662 1222 2691 Christianum
1240 2666 1358 2696 interest,
1379 2665 1431 2691 nisi
1449 2663 1518 2699 quod
1539 2662 1708 2699 Novatianus
1728 2662 1831 2699 indesi-

1039 2704 1139 2731 nenter,
1155 2699 1325 2727 Christianus
1339 2707 1398 2726 vero
1412 2697 1459 2733 per
1476 2704 1575 2732 tempus
1586 2697 1734 2728 abstineat;
1746 2698 1831 2733 ut/Io-

1038 2742 1095 2765 cus,
1113 2740 1136 2761 et
1153 2740 1263 2768 tempus,
1281 2739 1305 2761 et
1318 2732 1430 2769 persona
1450 2743 1496 2769 per
1506 2734 1595 2760 nmm‘a
1608 2732 1832 2769 observetugEgo

1038 2769 1186 2797 edidissem
1204 2767 1259 2796 aut
1279 2767 1467 2797 emendassent
1486 2769 1652 2799 :Statutum,
1672 2773 1700 2794 ut
1729 2767 1833 2796 Chriiti

1037 2805 1175 2836 adventus,
1190 2806 1290 2839 sponsi,
1308 2805 1395 2832 nullas
1413 2810 1486 2832 ratas
1503 2805 1570 2839 leges
1582 2803 1810 2839 inveniatjejunji.

1074 2841 1130 2875 (65)
1151 2841 1182 2867 ’0
1201 2837 1290 2874 αὐτὸς
1304 2839 1398 2867 εἶπεν.
1411 2837 1536 2870 Consule
1547 2839 1676 2867 Ruﬁnum
1704 2839 1732 2866 in
1763 2837 1832 2871 Vitis

1038 2875 1153 2903 Patrum
1166 2875 1212 2904 lib.
1227 2884 1267 2910 ιιι,
1282 2884 1309 2904 n.
1323 2875 1368 2904 Ἡ.
