1970 3074
159 155 213 184 m5

723 152 1025 180 APOPH'FHEGMATA
1042 152 1194 181 PATRUM.

1724 153 1780 182 216

160 221 196 249 με
213 210 282 239 εἶδεν
303 213 318 239 ὁ
340 212 416 248 ἥλιος
442 212 576 238 ἐσθίοντα.
602 210 673 239 Eius
696 212 725 239 δὲ
751 213 798 239 καὶ
822 214 836 239 ό
858 212 945 244 ἀὸὂᾶς

1003 221 1076 247 quam
1094 220 1137 240 me
1155 212 1274 239 viditsol
1289 211 1509 239 manducantem.
1528 210 1639 247 Excepit
1652 219 1718 239 vero
1732 212 1780 240 ab-

164 257 309 292 Ἶωάννης·
324 256 390 284 Οὐδὲ
404 257 454 292 ἐμὲ
470 257 655 293 ὀργιζόμενον.

195 306 225 330 ε’.
246 303 347 329 Τοῦτον
368 303 413 329 τὸν
429 303 516 330 ἀὸϐἄν
538 303 664 338 Ἰωάννην
679 302 742 338 περὶ
756 302 804 338 τὴν
819 302 945 338 τελευτὴν

160 349 233 382 δντα,
252 349 299 375 καὶ
323 348 492 383 ὲκδημοῦντα
517 348 666 384 προθύμως
688 349 735 375 καὶ
759 348 862 384 ἱλαρῶς
878 349 945 384 πρὸς

160 394 212 420 τὸν
227 393 303 426 Θεὸν,
329 393 487 420 ἐκύκλωσαν
510 395 535 420 οἱ
560 393 680 429 ἀδελφοὶ,
704 393 842 426 ἀξιοῦντες
867 394 945 427 λόγον

161 439 220 466 τινὰ
234 438 363 474 σύντομον
378 440 425 466 καὶ
440 440 573 476 σωτήριον
590 441 617 466 ὲν
634 440 735 475 κλήρου
749 439 823 472 τάξει
836 440 946 467 καταλι-

161 487 222 512 πεῖν
250 485 359 517 αὐτοῖς,
385 485 419 511 δι’
443 481 474 512 οὖ
506 485 665 520 δυνήσονται
694 485 820 520 ἐπιϐῆναι
845 486 893 521 τῆς
917 486 946 511 ὲν

160 530 270 567 Χριστῷ
284 530 463 566 τελειότητος.
483 531 512 557 '0
526 531 554 558 δὲ
567 531 696 564 στενάξας
727 531 778 566 ἔφη
791 541 798 547 ο
813 531 947 558 Οὐδέποτε

160 577 276 612 ἐποίησα
296 577 326 603 τὸ
346 577 412 604 τδιον
432 577 553 613 θέλημα·
575 577 635 604 οὐδέ
658 585 719 604 τινα
743 577 860 610 ἐδίδαξα.
879 577 946 612 ὅπερ

160 623 294 658 πρότερον
312 623 361 649 οὐκ
378 623 503 658 ἐποίησα.

198 672 235 701 ς’.
265 669 419 704 Διηγήσατο
447 669 527 700 πάλιν
557 669 621 705 περὶ
645 668 739 704 ἑτέρου
764 669 892 704 γέροντος
918 669 947 695 ἐν

161 714 258 749 ἐρήμῳ
273 713 466 749 καθεζομένου,
483 714 522 740 ὃτι
539 713 710 748 παρεκάλεσε
725 713 769 740 τὸν
790 713 856 739 Θεὸν
874 712 948 748 χαρί-

164 759 260 786 cases:
276 759 360 794 αὐτῷ,
377 759 447 786 ὥστε
464 759 598 795 μηδέποτε
610 760 739 792 νυστάξαι
762 759 843 786 αὑτὸν
857 767 947 785 κινου-

163 805 247 840 μένης
269 805 376 839 ὁμιλίας
398 806 604 841 πνευματικῆς·
626 807 650 832 εἰ
665 806 694 833 δέ
719 815 760 838 τις
782 806 947 838 καταλαλιᾶς

161 850 180 886 ἢ
204 851 367 886 ἀργολογίας
398 850 494 885 λόγους
520 852 661 887 ἐπιφέρει,
689 851 770 883 εὐθὺς
797 853 837 884 εἰς
866 851 948 878 ὕπνον

994 259 1043 287 bas
1059 258 1198 286 Joannes:
1215 257 1308 292 Neque
1325 266 1368 285 me
1384 258 1496 284 iratum.

1029 305 1055 331 5.
1078 304 1133 338 (66)
1153 305 1230 331 llimc
1242 304 1366 331 abbatem
1389 303 1532 334 Joannem,
1551 310 1612 330 cum
1639 303 1690 330 sub
1707 311 1780 331 mor-

994 355 1047 378 tem
1067 355 1150 382 esset,
1168 354 1195 377 et
1214 350 1339 377 alacriter
1355 350 1496 384 hilareque
1510 348 1648 376 ad'Deum
1670 349 1780 384 prolici-

996 400 1130 427 scvretur,
1142 394 1379 421 circumdederunt
1392 393 1674 428 fratres,postulantes
1690 397 1720 420 ut
1739 393 1780 420 eis

996 440 1163 467 haereditatis
1189 440 1248 467 loco
1269 447 1421 467 sermonem
1442 439 1595 474 quempiam
1622 439 1730 466 brevem
1748 446 1781 465 ac

996 487 1142 513 salutarem
1159 486 1334 520 relinqueret,
1351 493 1399 519 per
1417 492 1496 519 quem
1517 487 1630 519 possent
1640 483 1781 518 pervenire

996 532 1030 559 ad
1054 532 1248 567 perfectionem
1274 531 1301 557 in
1327 530 1446 558 Christo.
1464 531 1509 557 llle
1521 538 1584 557 vero
1602 530 1795 565 ingemiscens‘

996 578 1081 606 dixit:
1099 578 1242 612 Nunquam
1275 577 1326 605 tcei
1347 585 1445 605 meam~
1461 578 1647 610 voluntatem;
1663 584 1712 604 nec
1731 576 1781 603 ali-

998 632 1076 660 quem
1092 625 1184 656 docui,
1203 624 1275 659 quod
1294 624 1369 658 prius
1381 631 1435 650 non
1452 623 1572 651 fecerim.

1032 671 1058 697 ϐ.
1081 670 1136 705 (67)
1152 669 1251 697 lterum
1268 669 1389 696 narravit
1403 669 1436 696 de
1450 669 1504 695 alio
1525 677 1591 696 sene
1614 668 1701 703 qui-in
1720 675 1781 695 ere-

997 723 1042 743 mo
1069 715 1217 746 residebat,
1244 715 1317 749 quod
1340 714 1423 742 Deum
1440 715 1587 750 rogaverit,
1613 719 1642 741 ut
1662 715 1686 741 ei
1713 714 1789 741 hanc:

998 764 1112 798 gratiam
1129 763 1280 790 conferret:
1298 770 1332 790 ne
1349 769 1468 796 unquam
1484 766 1557 788 moto
1572 761 1708 795 colloquio
1726 761 1782 795 spi-

998 809 1088 836 rituali
1106 808 1283 839 dormitaret;
1314 807 1336 834 si
1350 815 1415 834 vero
1437 806 1614 833 detractionis
1636 806 1679 832 vel
1701 804 1792 832 otios'r

1001 854 1136 883 sermonis
1151 853 1287 888 quispiam
1300 853 1382 880 verba
1397 851 1541 887 proferret,
1558 851 1649 879 statim
1667 851 1694 877 in
1709 857 1787 877 som-

163 896 376 933 καταφέρεσθαι,
407 897 450 924 ἶνα
479 897 515 932 μὴ
545 897 583 924 toi
612 897 732 924 τοιούτου
761 898 893 932 γεύωνται
920 899 948 924 αι

1003 908 1063 928 num
1080 899 1220 932 incideret,
1233 906 1289 933 quo
1304 897 1439 933 ejusmodi
1460 905 1593 924 venenum
1607 904 1661 923 non
1677 896 1784 930 accipe-

163 943 243 969 ἀκοαὶ
265 943 356 969 αὑτοῦ.
382 940 466 976 Οὗτος
484 944 512 970 δὲ
529 944 618 979 ἔλεγε,
630 944 675 971 τὸν
687 944 809 971 διάϐολον
833 944 948 971 σπουδα-

164 988 230 1022 στὴν
251 986 321 1015 εἶναι
343 989 393 1024 τῆς
412 989 587 1024 ἀργολογίας,
611 990 738 1025 πολέμιον
754 990 782 1017 δὲ
802 990 892 1025 πάσης
908 990 948 1016 δι-

163 1033 310 1066 δασκαλίας
342 1035 543 1070 πνευματικῇςο
573 1035 686 1070 τοιούτῳ
718 1035 858 1070 χρώμενος
883 1036 948 1061 ὑπο-

162 1079 287 1114 δείγματι
297 1087 304 1095 ι
327 1080 478 1112 Λαλοῠντος
494 1081 548 1116 γάρ
562 1089 623 1116 μου,
639 1080 715 1116 φησι,
734 1081 797 1116 περὶ
817 1080 949 1115 ὠφελείας

164 1123 233 1158 πρός
248 1132 324 1155 τινας
342 1124 483 1158 ἀδελφοὺς,
500 1124 619 1159 τοσούτῳ
635 1124 711 1160 ὕπνῳ
733 1124 811 1158 βαθεῖ
820 1124 949 1159 κατεσχέ-

164 1169 260 1204 θησαν.
275 1169 345 1196 ὥστε
362 1171 430 1205 μήτε
445 1170 478 1197 τὰ
489 1169 610 1206 βλέφαρα
624 1172 708 1197 κινεῖν
718 1170 857 1197 δύνασθαι.
878 1169 949 1204 Ἐγὼ

162 1213 210 1242 οὖν
223 1215 307 1242 θέλων
325 1215 410 1250 δεῖξαι
423 1216 468 1242 τοῦ
491 1216 617 1252 δαίμονος
638 1217 687 1252 τὴν
703 1210 852 1252 ἐνέργειαν,
872 1216 949 1250 λόγον

163 1261 327 1296 ἀργολογίας
350 1263 554 1298 παρεισήνεγκα
571 1271 578 1278 ·
605 1263 648 1296 ἐφ’
669 1259 691 1296 ᾧ
710 1263 839 1298 χαρέντες
863 1271 949 1298 παρα-

163 1307 258 1342 χρῆμα
273 1306 411 1342 διένηψαν.
429 1307 563 1340 Στενάξας
581 1308 609 1335 δὲ
631 1306 707 1335 εἷπον
718 1315 725 1323 ⁸
750 1309 838 1344 Μέχρι
859 1309 949 1336 τοίνυν

163 1353 229 1386 περὶ
254 1352 388 1388 οὐρανίων
421 1352 591 1388 πραγμάτων
617 1353 810 1388 διελεγόμεθα,
839 1353 948 1379 πάντων

164 1397 242 1432 ὑμῶν
261 1398 286 1424 οί
307 1397 441 1433 ὀφθαλμοὶ
459 1398 498 1434 τῷ
521 1397 597 1434 ὕπνῳ
623 1399 792 1434 συνείχοντο·
818 1399 899 1434 ἡνίκα
920 1399 949 1426 δὲ

164 1443 243 1478 λόγος
263 1443 347 1478 ἀργὸς
363 1444 459 1479 ἐρρύη,
486 1443 585 1475 πάντες
614 1445 684 1480 μετὰ
702 1444 856 1480 προθυμίας
875 1445 949 1472 διαν-

164 1489 335 1525 έστητεΔιὸ,
352 1489 460 1524 ἀδελφοὶ
468 1490 502 1521 ν’,
514 1490 674 1526 παρακαλῶ.
687 1491 819 1524 ὲπίγνωτε
834 1490 881 1517 τοῦ
898 1499 948 1517 πο-

165 1535 249 1571 νηροῦ
264 1535 390 1570 δαίμονος
412 1535 461 1571 τὴν
486 1536 637 1571 ἐνέργειαν,
660 1536 708 1563 καὶ
731 1537 837 1568 ἑαυτοῖς
864 1545 948 1572 προσ-

166 1569 252 1616 έχετε,
269 1569 463 1617 φυλαττόμενοι
479 1582 524 1608 τὸν
534 1569 704 1618 iubete-{pot},
718 1582 797 1618 ἡνίκα
811 1591 837 1608 τι
849 1569 949 1609 ποιεῖτε
963 1569 984 1598 C

165 1628 361 1662 πνευματικὸν,
380 1627 396 1663 ἢ
410 1627 533 1655 ἀκούετε.

200 1671 233 1704 ζ’.
252 1670 319 1699 Εῐπε
334 1673 425 1704 πάλιν,
440 1673 481 1700 ὅτι
493 1673 677 1708 Συγκλητικός
691 1673 950 1709 τις(65’)ζάποταξά-

167 1726 257 1753 μενος,
284 1718 330 1745 καὶ
354 1718 388 1745 τὰ
411 1719 508 1746 ἑαυτοῦ
532 1720 688 1755 ὑπάρχοντα
713 1720 810 1755 πένησι
832 1720 948 1751 διαδοὺς,

165 1764 358 1800 παρακατέσχε
377 1765 438 1791 τινὰ
450 1766 487 1796 εὶς
506 1765 573 1791 ἰδίαν
587 1765 746 1797 ἀπόλαυσιν,
769 1765 806 1801 μὴ
822 1765 951 1801 βουλόμε-

164 1818 212 1841 νος
233 1809 283 1845 τὴν
303 1811 335 1836 ὲκ
348 1811 397 1845 τῆς
411 1810 516 1842 τελείας
537 1811 676 1846 ἁποταγῆς
699 1811 878 1844 ἀναδέξασθαι
902 1819 950 1838 τα-

165 1857 391 1892 πεινοφροσύνην,
409 1857 456 1883 καὶ
472 1857 521 1892 τὴν
537 1857 650 1892 γνησίαν
671 1858 810 1892 ὑποταγὴν
825 1857 872 1884 τοῦ
896 1866 952 1884 κοι-

165 1901 290 1928 νοϐιακοῦ
310 1902 431 1934 κανόνος.
449 1902 519 1938 Πρὸς
535 1902 564 1930 ὃν
579 1904 592 1929 ό
605 1903 633 1929 ὲν
647 1903 735 1937 ἁγίοις
752 1903 889 1934 Βασίλειος
912 1903 953 1929 λό-

165 1956 214 1982 ¹γον
239 1948 430 1983 ἀπεφθέγξατο
454 1948 590 1976 τοιοῦτον·
616 1949 670 1976 Καὶ
699 1950 745 1976 τὸν
773 1948 952 1984 συγκλητικὸν

166 1993 321 2027 ἀπώλεσας,
338 1995 386 2021 καὶ
402 1995 518 2030 μοναχὸν
539 1995 588 2022 οὐκ
605 1995 746 2030 ἐποίησας.

201 2044 234 2076 η’.
256 2039 326 2069 Eine
338 2041 429 2073 πάλιν,
443 2041 484 2067 ὅτι
497 2039 551 2067 Ἦν
563 2049 604 2072 τις
616 2040 731 2080 μοναχὺς
742 2040 825 2067 οἰκῶν
837 2041 866 2068 ὲν
888 2048 954 2076 σπη-

167 2088 234 2123 λαίῳ
253 2089 283 2114 ὲν
306 2089 419 2123 ἐρήμῳ²
443 2088 491 2115 καὶ
513 2087 634 2123 ἐδηλώθη
656 2087 730 2122 αὐτῷ
753 2087 805 2114 ὑπὸ
818 2087 872 2114 τῶν
887 2095 947 2121 συγ-

166 2133 253 2166 γενῶν
272 2133 343 2159 κατὰ
360 2134 459 2169 σάρκα,
474 2134 514 2160 ὃτι
543 2134 572 2160 ’0
586 2133 678 2169 πατήρ
699 2141 746 2159 σου
769 2133 887 2168 ἰσχυρῶς
908 2133 952 2159 ὲν-

167 2178 296 2213 οχλεῖται,
318 2179 365 2205 καὶ
379 2179 470 2213 μέλλει
487 2179 626 2214 τελευτᾷν,
642 2179 703 2205 me
718 2179 761 2205 ἵνα
783 2179 954 2214 κληρονομή-

998 951 1058 974 rent
1068 952 1149 972 aures
1166 944 1235 978 ejus.
1252 944 1325 971 ldem
1342 943 1460 974 dicebat,
1478 941 1616 969 diabolum
1631 941 1783 968 studiosum

1000 1001 1064 1021 esse
1077 992 1159 1019 otiOsi
1173 991 1318 1022 sermonis,
1333 989 1440 1016 hostem
1453 996 1518 1016 vero
1528 988 1618 1015 omnis
1633 987 1784 1022 spiritualis

997 1039 1142 1071 doctrinae;
1159 1038 1211 1064 hoc
1222 1045 1289 1064 usus
1299 1035 1422 1070 exemplo
1437 1044 1444 1062 :
1470 1034 1522 1067 Me,
1539 1033 1636 1068 inquit.
1658 1033 1690 1059 ad
1710 1041 1779 1059 non-

998 1085 1088 1112 nullos
1099 1084 1196 1111 fratres
1213 1083 1340 1117 loquente
1356 1081 1388 1108 de
1400 1089 1429 1108 re
1443 1081 1540 1107 animae
1555 1079 1624 1109 utili.
1641 1079 1707 1105 adeo
1722 1085 1785 1113 pro-

999 1130 1083 1158 fundo
1107 1137 1203 1157 somno
1225 1128 1349 1163 occupati
1364 1131 1438 1158 sunt,
1455 1131 1484 1153 ut
1500 1133 1550 1153 nec
1571 1125 1714 1160 palpebras
1727 1130 1785 1150 mo-

997 1184 1061 1204 vere
1076 1179 1197 1211 possent.
1218 1174 1319 1202 Volens
1340 1174 1424 1208 igitur
1441 1180 1492 1208 ego
1507 1171 1637 1198 daemonis
1648 1169 1785 1205 operatio-

998 1230 1059 1250 nem
1085 1221 1240 1253 ostendere,
1268 1227 1421 1249 sermonem
1447 1224 1655 1254 supcrvacanea:
1674 1215 1786 1251 loquela:

998 1269 1110 1301 induxi;
1135 1268 1167 1295 ad
1195 1275 1273 1302 quem
1313 1266 1351 1293 illi
1381 1265 1487 1300 gavisi,
1512 1264 1584 1291 illico
1612 1262 1784 1297 evigilarunt.

998 1315 1180 1350 lngemiscens
1193 1317 1283 1340 autem
1296 1311 1368 1338 dixi:
1385 1310 1512 1344 Quandiu
1530 1310 1613 1345 igitur
1623 1308 1656 1335 de
1669 1307 1786 1336 coelesti-

998 1361 1050 1388 bus
1070 1360 1151 1387 rebus
1170 1359 1360 1388 disseruimus,
1375 1357 1496 1385 omnium
1513 1359 1633 1383 vestrum
1651 1353 1724 1381 oculi
1739 1352 1786 1379 de~

999 1407 1157 1434 tinebantur
1170 1412 1284 1437 somno;
1311 1407 1454 1438 postquam
1481 1409 1545 1429 vero
1561 1401 1666 1427 otiosus
1685 1398 1786 1426 efﬂuxit

999 1460 1100 1483 sermo,
1117 1451 1210 1478 cuncti
1236 1457 1299 1477 cum
1324 1448 1466 1475 alacritate
1488 1446 1598 1474 excitati
1620 1445 1696 1472 estis.
1714 1443 1787 1476 Quo-

999 1499 1082 1530 circa,
1096 1497 1203 1527 fratres.
1223 1497 1350 1527 obsecro,
1374 1493 1513 1529 agnoscite
1528 1492 1590 1518 mali
1603 1490 1732 1518 daemonis
1746 1489 1788 1516 in-

1001 1543 1185 1577 stigationem,
1199 1545 1225 1568 et
1243 1540 1373 1567 attendite
1389 1538 1467 1565 vobis
1487 1537 1566 1572 ipsis,
1583 1540 1710 1563 caventes
1722 1535 1786 1562 dor-

1001 1588 1168 1615 mitationem
1183 1608 1190 1619 ,
1210 1593 1272 1613 cum
1288 1583 1390 1619 aliquid
1405 1583 1546 1618 spirituale
1569 1581 1610 1608 vel
1631 1579 1730 1611 facitis,
1746 1579 1788 1606 vel

1001 1633 1112 1660 auditis.

1034 1679 1060 1706 7.
1083 1678 1139 1714 (68)
1155 1677 1225 1703 Dixit
1243 1677 1351 1703 iterum.
1374 1675 1445 1710 quod
1463 1678 1573 1701 senator
1588 1671 1697 1707 quidam
1724 1677 1787 1697 cum

1001 1724 1100 1753 satculo
1117 1724 1317 1753 renuntiasset,
1345 1725 1372 1747 et
1387 1721 1457 1746 bona
1480 1726 1529 1746 sua
1553 1716 1738 1744 distribuisset
1760 1715 1787 1741 iu

1001 1775 1146 1804 pauperes,
1163 1765 1286 1802 quazdam
1301 1765 1412 1791 retinuit
1428 1763 1462 1789 ad
1485 1769 1566 1789 usum
1583 1768 1674 1793 suum,
1691 1759 1789 1786 nolens

1001 1815 1181 1842 humilitatem
1196 1820 1211 1840 e
1225 1811 1346 1846 perfecta
1353 1808 1555 1837 renuntiatione
1569 1806 1788 1842 proficiscentem

1003 1861 1154 1896 suscipere,
1171 1864 1200 1886 ut
1212 1865 1262 1886 nec
1277 1858 1411 1884 sinceram
1427 1854 1594 1882 ccenobiaca:
1610 1852 1709 1887 regula:
1723 1851 1789 1879 sub-

1000 1906 1160 1942 jectionem.
1176 1904 1215 1931 Ad
1243 1911 1322 1939 quem
1351 1906 1464 1929 sanctus
1490 1899 1608 1927 Basilius
1631 1897 1787 1932 huiusmodi

1003 1952 1115 1988 protulit
1132 1950 1296 1979 sementiam
1317 1947 1370 1976 :Et
1393 1951 1546 1974 senatorem
1562 1944 1713 1980 perdidisti,
1739 1950 1789 1970 nec

1002 1997 1116 2025 effecisti
1139 1996 1315 2023 monachum.

1037 2043 1065 2071 8.
1083 2042 1185 2070 Retulit
1199 2045 1329 2077 praeterea
1343 2049 1349 2066 :
1366 2039 1429 2065 Erat
1444 2038 1555 2073 quidam
1572 2036 1734 2067 monachus,
1761 2035 1792 2062 in

1003 2090 1134 2125 spelunca
1146 2087 1231 2116 eremi
1250 2087 1393 2118 habitans;
1409 2085 1454 2112 eui
1466 2084 1513 2119 qui
1530 2083 1789 2119 propinquisecun-

1004 2135 1068 2162 dum
1086 2142 1197 2162 carnem
1209 2137 1287 2161 erant
1303 2131 1542 2167 signiﬁcaverunt:
1556 2128 1637 2155 Pater
1649 2132 1712 2154 tuus
1727 2133 1789 2161 gra-

1004 2181 1030 2208 vi
1042 2181 1137 2208 morbo
1154 2180 1269 2209 laborat,
1282 2183 1377 2212 estque
1392 2185 1427 2204 ex
1445 2183 1479 2204 eo
1499 2174 1665 2206 moriturus;
1684 2172 1744 2199 veni
1759 2176 1790 2198 ut

168 2232 218 2260 αῃς
234 2225 325 2252 αὐτόν.
345 2225 374 2251 ’0
388 2225 416 2252 δὲ
430 2225 564 2261 ἀπεκρίθη
581 2226 650 2261 πρὸς
667 2225 782 2257 αὐτούς·
809 2225 881 2259 Ἐγὼ
900 2226 949 2261 πρζ

1004 2226 1187 2254 hmreditatem
1215 2224 1318 2259 capias.
1337 2224 1372 2249 At
1393 2222 1439 2249 ille
1465 2219 1624 2254 respondit:
1647 2218 1702 2252 Ego
1726 2221 1789 2243 ante

167 2272 272 2300 ἐκείνου
295 2272 428 2299 ἀπέθανον
443 2272 481 2307 τῷ
494 2272 590 2307 κόσμῳ
600 2280 606 2288 ·
623 2272 720 2307 νεκρὸς
738 2271 827 2304 ζῶντα
841 2272 872 2299 οὐ
885 2271 952 2307 κλη-

168 2320 287 2354 ρονομεῖ.

203 2378 226 2393 ⁹¹
242 2377 285 2404 Al.
302 2377 447 2413 ἀγαπητοί.

204 2455 271 2490 (65')
287 2456 489 2490 Συτκλητικός
499 2463 559 2490 τις,
573 2453 738 2490 ειοηΕιειιιι
753 2461 787 2481 eo
802 2453 952 2490 derApoph-

169 2487 297 2525 tltégmute
308 2487 482 2525 epigramma
493 2487 607 2518 Joannis
625 2489 786 2525 Geometra,
811 2488 847 2525 id
863 2487 952 2525 Para-_

168 2523 332 2560 dixi;quud'
349 2523 394 2553 hic
412 2525 522 2560 apponi,
544 2524 696 2556 emendari,
721 2528 803 2559 atque
820 2523 953 2551 illustrari

168 2566 300 2588 meretur.

205 2607 265 2633 ’Ότι
277 2607 297 2640 ἠ
309 2607 504 2640 dum/locum
519 2605 596 2640 ἁγνὴ
610 2605 645 2632 ἐν
658 2603 810 2640 μοναχοῖς.

168 2639 251 2669 Ἦλθ“
262 2637 487 2675 ὰέιοταξᾶμενος
498 2637 680 2672 ’κυδίοίτατος
693 2640 725 2672 ἐς
736 2637 854 2675 igitur;
862 2637 949 2673 ἀνήρ·

204 2677 259 2703 Καὶ
270 2676 349 2703 πολὺ
360 2673 460 2710 χρῆμα
475 2675 576 2708 διδοὺς
587 2673 774 2710 κάλλιπενρῖ
780 2683 807 2710 τι
815 2673 915 2710 μέρος.

169 2713 243 2739 Εῖπε
250 2711 284 2738 δέ
291 2719 350 2744 τις’
360 2707 460 2737 Rufri)
471 2710 542 2744 πρὶν
553 2707 722 2742 ἀπώλεσας,
729 2707 840 2743 aeut,
849 2707 951 2744 ὸιῦδος,

207 2743 338 2780 Τερπνὸώί
356 2745 420 2778 ἑὸν,
434 2743 513 2773 καὶὸ
529 2745 601 2778 δοὺς
615 2745 708 2779 (scrib.
721 2744 888 2780 domique}:
902 2743 953 2770 ἐπ-

719 2778 801 2814 [έόης
815 2778 916 2806 Mlier.

171 2828 228 2856 Hoc
242 2832 285 2855 est
300 2835 335 2855 ex
347 2834 407 2855 mea
423 2825 645 2861 interpretatione
661 2825 694 2852 ad
711 2825 825 2852 verbum
839 2833 845 2850 :

171 2873 248 2906 Quod
261 2873 350 2907 inopia
363 2879 432 2907 pura
449 2879 504 2899 eue
518 2869 608 2898 debeat
623 2870 650 2898 in
667 2869 811 2898 monachis.

1004 2281 1066 2301 eum
1097 2271 1199 2299 mundo
1227 2274 1351 2297 mortuus
1390 2276 1450 2295 sum
1481 2277 1488 2293 :
1520 2269 1644 2292 mortuus
1674 2263 1790 2290 viventis

1004 2319 1091 2346 haeres
1118 2325 1180 2345 esse
1204 2324 1257 2343 non
1275 2319 1373 2350 potest.

1012 2450 1088 2478 Venit
1106 2449 1210 2476 Scetam
1229 2455 1287 2473 cum
1303 2446 1399 2473 swculo
1420 2444 1597 2470 renuntiasset
1621 2442 1660 2468 vir
1682 2440 1797 2476 quidam.

1537 2477 1752 2506 illustrissimus;

1007 2520 1152 2554 Multisque
1165 2518 1256 2552 opibus
1269 2516 1400 2551 elargitis,
1415 2513 1465 2541 sibi
1483 2510 1598 2548 alﬁluam
1610 2517 1711 2582 parties:
1725 2510 1789 2572 ricli-

1703 2554 1729 2572 ut
1746 2564 1753 2572 .

1686 2551 1753 2580 quit.

1009 2590 1082 2618 Dixit
1099 2594 1187 2616 autem
1199 2595 1326 2614 nonnemo
1342 2594 1351 2612 :
1369 2585 1391 2612 ο
1407 2584 1499 2614 amice,
1509 2587 1534 2610 et
1548 2583 1663 2652 priorlem
1676 2581 1791 2622 gloriam

1630 2621 1753 2646 amtstslt,

1630 2621 1753 2646 amiststt,

1007 2660 1072 2694 Quae
1084 2657 1203 2693 jucunda
1221 2661 1295 2688 erat;
1321 2664 1366 2694 nec
1391 2656 1521 2689 ingressus
1535 2661 1562 2679 es
1585 2653 1613 2679 in
1629 2653 1684 2694 vias
1699 2658 1789 2677 eorum

1323 2690 1376 2726 [qui
1396 2688 1576 2726 paupertatem
1587 2688 1752 2726 proﬁtentur.

1006 2729 1036 2757 Id
1055 2732 1097 2757 est
1109 2728 1153 2755 hic
1165 2733 1192 2755 et
1203 2727 1277 2756 alibi.
1288 2720 1482 2752 mdnachorum
1494 2732 1501 2756 ;
1521 2720 1599 2757 juxta
1620 2720 1744 2750 Gloss-am
1760 2720 1792 2747 in:

1007 2764 1110 2792 Niceta:
1125 2762 1276 2790 Acominati
1292 2761 1391 2788 Indice.
1406 2760 1487 2788 ἆὸιοι.
1502 2758 1623 2793 μοναχοί.

1043 2799 1099 2833 (66)
1117 2797 1169 2824 Vit.
1186 2797 1262 2833 Patr.
1278 2805 1297 2827 I,
1312 2795 1454 2833 iQiCa‘ss.
1473 2793 1540 2833 Inst.
1555 2801 1582 2822 ν,
1601 2792 1647 2833 28:

1055 2825 1099 2867 67')
1121 2833 1174 2860 Vit.
1190 2832 1265 2859 Patr.
1282 2825 1319 2861 xl.
1338 2825 1572 2867 IS;‘7(Jass._lnst.
1591 2835 1616 2858 ν,
1690 2825 1737 2854 3|.

1056 2862 1099 2903 68}
1120 2868 1171 2894 Vit.
1188 2867 1262 2893 Patr.
1279 2874 1316 2900 vi,
1331 2866 1364 2892 10
1376 2874 1382 2898 ',
1396 2865 1471 2892 Cass.
1490 2863 1556 2890 Inst.
1571 2870 1618 2894 vu,
1640 2862 1681 2889 l9.
