1970 3074
163 133 215 164 249

720 139 1025 169 APOPli'l‘HEGMATA
1045 140 1200 169 PATBUM.

1735 140 1789 169 230

162 201 284 228 γραπται
298 193 364 229 γὰρ,
386 195 426 221 ὃτι
455 195 558 230 Ὀμοία
578 196 665 224 ἐστὶν
685 198 704 231 ἡ
723 199 868 231 ,βασιλεία
891 200 941 227 τῶι

1003 199 1096 228 Simile
1107 205 1145 226 est
1161 207 1269 234 regnum
1292 198 1418 226 caelorum
1440 198 1560 225 thesauro
1584 198 1737 226 abscondito
1760 199 1787 226 in

162 238 299 273 οὐρανῶν
316 240 456 274 θησαυρῷ
479 242 672 277 κεκρυμμένῳ
691 244 727 271 ἐν
751 245 840 280 ἀγρῷ.
867 247 948 281 Λέγει

161 286 176 312 ὁ
189 285 302 321 ἀδελφὸς
325 286 365 322 τῷ
385 287 510 322 γέροντι·
534 290 640 317 Οὐκοῦν
662 291 741 323 ἐκτὸς
761 293 884 328 καμάτου
896 303 948 321 σω-

162 332 277 367 ματικοῦ
307 333 337 359 οὺ
361 334 510 368 προκόπτει
532 335 675 371 ἄνθρωπος
698 337 738 369 εἷς
754 346 814 366 τινα
844 340 945 375 τιμήν;

159 378 241 412 Λέγει
254 378 328 413 αὐτῷ
340 379 354 405 ὁ
366 379 456 415 γέρων
466 388 473 396 ·
489 380 563 412 Τέως
576 381 729 416 γέγραπται
740 392 746 399 -
766 383 947 418 ‘Agopd'wrec

160 425 204 457 εις
221 424 276 451 τὸν
285 424 341 458 τῆς
355 426 486 459 πίστεως
501 427 637 462 ἀρχηγὸν
649 428 698 455 καὶ
714 429 876 463 τελειωτὴν
896 430 947 464 Ἰη-

159 468 247 500 σοῦν.
265 468 300 502 ὃς
313 470 380 497 ἀντὶ
393 470 449 505 τῆς
465 471 661 506 προκειμένης
677 472 756 505 αὑτῷ
771 473 866 508 χαρᾶς
890 476 947 501 ὑπ-

158 515 256 550 έμεινε
269 519 412 552 σταυρόν.
430 519 484 546 Καὶ
502 519 582 546 πάλιν
604 520 684 547 Δαΰὶό
709 520 798 554 λέγει·
816 522 849 548 Et
861 521 946 548 δώσω

158 562 258 589 ὕπνον
276 564 338 596 τοῖς
353 565 519 600 ὀφθαλμοῖς
538 575 607 601 μου,
626 567 676 594 καὶ
697 567 759 600 τοῖς
779 567 946 602 βλεφάροις

157 617 215 643 μου
228 612 418 645 νυσταγμόιμ
441 612 488 638 καὶ
501 612 534 638 τὰ
548 612 622 647 ἑξῆς.

193 659 223 682 ε’.
235 651 319 683 Εἶπεν
330 658 344 684 ὁ
356 657 442 690 ἁὸὃᾶς
455 658 578 694 Κρόνιος,
586 659 626 685 ὅτι
636 660 719 694 Διηγή
725 668 788 686 σατο
796 661 861 695 ἡμῖν
874 660 888 686 ὁ
897 661 946 687 ἀϐ-

157 701 208 734 σᾶς
228 703 326 739 Ἰωσὴφ
340 704 355 730 ὁ
365 704 412 730 τοῦ
428 704 586 739 Πηλουσίου,
602 706 642 733 ὅτι
655 706 816 741 Καθημένου
838 715 888 741 μου
905 708 944 740 είς

156 748 188 775 τὸ
208 749 283 781 Σινᾶ,
299 748 334 785 ἦν
351 751 409 777 ἐκεῖ
423 751 535 786 ἀδελφὸς
556 752 636 783 καλὸς
655 753 703 779 καὶ
720 753 852 789 ἀσκητὴς,
877 753 944 780 ἀλλὰ

157 795 204 821 καὶ
225 795 296 822 κατὰ
315 796 346 822 τὸ
364 796 442 832 σῶμα
462 798 578 834 εὐειδής·
601 798 648 824 καὶ
666 799 765 834 ἤρχετο
786 800 826 831 εἰς
839 799 887 834 τὴν
900 800 944 825 ὲκ-

157 841 272 877 κλησίαν
288 843 329 874 είς
339 842 387 878 τὴν
403 843 520 876 σύναξιν,
538 844 629 880 φορῶν
647 845 820 881 πολύρραφον
833 847 879 872 καὶ
900 855 944 881 μι-

157 875 223 923 κρόν
238 875 371 924 μαφόριον
385 875 506 917 παλαιόν.
526 875 580 918 Kc}:
597 891 706 926 Θεωρῶν
717 875 800 918 ἀὐτόν
817 875 945 925 καθάτιαξ
961 875 982 902 Β

156 933 242 966 οὕτως
253 936 291 965 εἰς
304 935 354 970 τὴν
373 935 481 970 σύναξιν
494 937 648 972 ἐρχόμενον,
663 937 733 971 λέγω
749 937 836 972 αὐτῷ·
857 939 944 965 Ἀδελ-

157 978 202 1012 φὲ,
221 978 252 1005 οὐ
270 979 378 1014 βλέπεις
397 981 459 1012 τοὺς
474 981 616 1015 ἀδελφοὺς,
631 981 690 1013 πῶς
703 983 770 1008 είσιν
783 982 820 1014 ὼς
833 982 944 1016 ἄγγελοι

156 1025 196 1055 εἰς
205 1024 255 1061 τὴν
268 1025 378 1057 σύναξιν
394 1027 423 1052 ὲν
435 1028 466 1061 τῇ
481 1026 627 1062 ὲκκλησῖα;
641 1026 698 1058 πῶς
718 1028 750 1054 σὺ
770 1028 884 1054 πάντοτε
895 1028 943 1054 οὖ-

154 1078 210 1102 τως
223 1070 289 1107 ἔρχῃ
302 1067 351 1098 ὦδε
360 1071 400 1104 ";
421 1072 450 1098 Ὀ
464 1072 493 1099 δὲ
504 1066 571 1107 ’ἔφη’
585 1073 764 1108 Συγχώρησόν
785 1082 839 1109 μοι,
860 1073 942 1106 ἁϐδᾶ,

154 1116 198 1144 δτι
218 1118 268 1144 οὐκ
286 1117 339 1152 ἔχω
357 1117 434 1145 ἄλλα.
456 1118 572 1145 Ἔλαϐον
587 1117 633 1145 οὖν
650 1119 730 1145 αὑτὸν
750 1120 779 1146 ὲν
792 1119 831 1154 τῷ
846 1119 943 1155 κελλίῳ

157 1171 218 1198 μου,
232 1164 279 1190 καὶ
295 1163 383 1191 ἔδωκα
398 1165 472 1200 αὐτῷ
487 1165 618 1192 λεὸίτωνα
637 1165 685 1192 καὶ
699 1166 725 1192 εί
737 1174 762 1192 τι
780 1165 844 1192 ἄλλο
859 1166 942 1202 ἔχρῃ-

155 1207 196 1240 ζε·
211 1208 258 1235 καὶ
277 1209 369 1245 ἐφόρει
385 1209 477 1236 λοιπὸν
491 1210 528 1241 ὠς
547 1210 592 1237 καὶ
609 1211 633 1237 oi
651 1210 739 1237 λοιποὶ
757 1211 877 1245 ἀδελφοὶ,
895 1212 942 1238 καὶ

153 1250 188 1288 ἦν
209 1253 273 1280 ίδεῖν
300 1254 379 1281 αὐτὸν
395 1255 432 1287 ὡς
454 1255 579 1289 ἄγγελον.
601 1256 723 1290 Ἐγένετο
739 1256 766 1283 δέ
780 1265 844 1283 ποτε
864 1257 942 1293 χρεία

153 1299 210 1329 τοῖς
233 1298 382 1334 Πατράσιν,
402 1300 559 1327 ἀποστεῖλαι
579 1301 645 1328 δέκα
668 1301 798 1336 ἀδελφοὺς
815 1301 882 1337 πρὸς
897 1302 941 1329 τὸν

154 1343 268 1379 βασιλέα
287 1345 331 1372 διά
350 1353 410 1372 τινα
428 1346 532 1382 χρείαν·
548 1347 595 1374 καὶ
606 1347 772 1382 ἐψηφίσαντο
791 1348 838 1373 καὶ
861 1347 942 1374 αὐτὸν

155 1390 224 1424 μετὰ
243 1390 297 1417 τῶν
319 1391 487 1426 ὑπαγόντων.
516 1393 559 1424 Ὠς
575 1393 603 1420 δὲ
626 1394 750 1428 ἤκουσεν,
767 1393 846 1420 ἔϐαλε
865 1395 942 1430 μετά-

153 1444 228 1463 νοιαν
237 1438 293 1468 τοῖς
303 1439 436 1474 Πατράσι,
451 1439 548 1473 λέγων’
563 1439 612 1466 Διὰ
625 1439 670 1466 τὸν
683 1439 780 1475 Κύριον
795 1441 940 1477 συγχωρή-

154 1481 219 1508 σατέ
234 1491 288 1518 μοι,
304 1483 344 1510 ὅτι
354 1484 445 1516 δοῦλός
456 1484 513 1520 είμί
526 1493 598 1517 τινος
612 1486 729 1520 μεγάλου
744 1486 798 1512 τῶν
815 1487 882 1513 ἐκεῖ·
894 1487 941 1514 καὶ

152 1528 200 1556 ἐὰν
213 1529 333 1566 γνωρίσῃ
352 1538 395 1565 με,
412 1531 629 1566 ἀποσχηματίζει
646 1541 690 1567 με,
708 1532 754 1559 καὶ
771 1532 848 1568 φέρει
860 1532 940 1559 πάλιν
954 1544 976 1572 c

152 1576 193 1605 εἰς
208 1575 239 1601 τὸ
255 1575 388 1603 δουλεύειν
404 1576 489 1611 αὐτῷ.
512 1577 589 1605 Μετὰ
608 1575 654 1604 οὖν
669 1578 699 1604 τὸ
715 1578 859 1613 πεισθῆναι
879 1579 941 1610 τοὺς

151 1619 288 1656 Πατέρας,
313 1621 360 1647 καὶ
386 1622 493 1656 ἀφεῖναι
509 1623 600 1655 αὑτὸν,
615 1623 715 1658 ἔμαθον
734 1624 845 1660 ὕστερον
866 1625 942 1660 παρὰ

150 1673 223 1697 τινος
239 1666 359 1702 ἀκριϐῶς
373 1668 553 1703 ἐπισταμένου
573 1669 666 1700 αὐτὸν,
683 1670 723 1696 ὅτι
747 1670 789 1696 ὅτε
811 1668 845 1705 ἦν
860 1671 888 1696 ἐν
902 1671 941 1706 τῷ

151 1711 258 1746 κόσμῳ,
285 1713 404 1749 ἔπαρχος
433 1715 607 1750 πραιτωρίων
634 1716 750 1751 ὑπῆρχε·
773 1716 820 1743 καὶ
839 1717 882 1744 ἵνα
904 1717 941 1752 μὴ

149 1758 271 1793 γνωσθῇ,
294 1760 340 1786 καὶ
354 1759 464 1795 δχλησιν
479 1760 545 1796 εὕρῃ
566 1762 597 1788 ἐκ
618 1761 671 1788 τῶν
683 1761 844 1796 ἀνθρώπων,
863 1763 941 1789 τοῦτο

149 1805 363 1840 προεφασίσατο.
393 1806 516 1841 Τοσαύτη
541 1804 575 1842 ἦν
603 1807 702 1843 σπουδὴ
726 1809 781 1839 τοῖς
806 1808 939 1844 Πατράσι,

149 1850 264 1886 φεύγειν
285 1851 335 1888 τὴν
354 1851 431 1884 δόξαν
457 1852 503 1878 καὶ
523 1852 574 1886 τὴν
601 1853 753 1880 ἀνάπαυσιν
773 1853 819 1880 τοῦ
837 1854 939 1888 κόσμου

147 1905 257 1924 τουτου.

344 2030 413 2064 Περὶ
425 2030 477 2057 τοῦ
492 2030 567 2058 ἁϐεᾶ
583 2032 744 2066 Καρίωνας.

183 2089 218 2115 α’.
230 2084 315 2113 Εἶπεν
324 2088 338 2113 ό
348 2087 435 2118 ἀϐϐἄς
445 2088 556 2122 Καρίων
571 2088 638 2124 (70),
650 2089 690 2115 ὅτι
710 2089 827 2121 Πολλοὺς
838 2091 938 2124 κόπους

147 2133 266 2169 ἐποίησα
277 2134 297 2164 ί,
326 2133 406 2160 πλέον
427 2134 474 2160 τοῦ
502 2135 561 2161 υἱοῦ
577 2144 627 2170 μου
647 2136 791 2171 Ζαχαρίου,
817 2137 864 2163 καὶ
889 2139 938 2164 οὐκ

1000 255 1064 281 agro
1075 247 1096 272 '.
1116 245 1214 273 lterum
1239 245 1324 272 frater
1348 245 1406 272 seni
1427 253 1432 270 :
1446 243 1517 280 Ergo
1532 245 1634 279 absque
1649 245 1787 279 corporali

999 291 1092 318 labore.
1115 298 1170 317 non
1191 290 1316 325 procedit
1331 290 1413 316 homo
1439 289 1472 316 ad
1489 289 1590 324 aliquid
1606 289 1740 316 honoris?
1754 289 1787 316 Et

999 344 1081 363 senex
1092 345 1098 362 :
1113 335 1212 371 Utique
1226 335 1358 370 scriptum
1369 339 1411 362 est
1423 344 1429 362 ε
1441 334 1601 370 Aspicicntes
1614 335 1640 361 in
1652 339 1786 362 auctorem

998 382 1071 417 ﬁdei.
1085 386 1109 409 et
1127 386 1365 409 consummatorem
1388 380 1491 413 Jesttm,
1521 381 1565 415 qui
1577 381 1710 415 proposito
1735 380 1785 407 sibi

997 429 1094 463 gaudio
1107 428 1232 455 sustinuit
1250 435 1352 453 crucem
1366 427 1386 454 ³.
1408 427 1569 461 [ὶιιιευειμιθ
1590 426 1673 453 David
1699 426 1782 455 dicit;

998 474 1026 501 Si
1037 475 1132 500 dedero
1144 481 1264 500 somnum
1278 473 1362 499 oculis
1375 474 1450 505 meis,
1459 478 1482 499 el
1496 473 1628 507 palpebris
1646 474 1709 500 meis
1721 474 1784 500 dor-

997 521 1161 547 mitationem
1173 520 1183 535 ⁸
1200 524 1227 547 ct
1240 527 1300 554 qua:
1318 524 1480 554 sequuntur.

1030 653 1056 680 5.
1092 652 1179 679 Verba
1211 653 1318 681 abbatis
1350 653 1452 680 Crouii.
1486 652 1524 680 lta
1553 653 1674 680 narravit
1704 655 1783 684 nobis

995 699 1079 727 abbas
1105 698 1206 735 Joseph
1231 699 1331 727 Pelusii
1356 709 1362 727 :
1385 699 1452 726 Cum
1478 700 1504 726 in
1532 699 1598 726 Sina
1623 700 1780 734 residerent,

995 748 1053 771 erat
1068 744 1122 771 illic
1138 745 1222 772 lrater
1240 745 1386 779 praeclarus
1403 749 1429 771 et
1445 745 1471 771 in
1485 745 1539 772 vita
1557 746 1674 772 ascetica
1694 746 1783 773 excel-

995 791 1064 822 lens,
1079 794 1208 825 przelerea
1227 799 1341 825 corpore
1357 792 1508 826 speciosus.
1527 791 1550 818 Is
1565 799 1625 818 cum
1647 792 1674 818 in
1693 793 1782 819 eccle-

996 837 1064 865 siam
1083 837 1117 864 ad
1132 838 1256 872 synarim
1269 838 1383 870 veniret,
1402 839 1525 873 gestabat
1538 847 1649 873 parvum
1661 847 1692 866 ac
1704 844 1782 867 vetus

996 883 1168 917 maphorium
1193 883 1302 917 plenum
1329 884 1443 911 suturis.
1458 883 1543 916 Quem
1560 885 1644 911 semel
1667 884 1782 912 intuitus

995 928 1048 956 hoc
1071 929 1163 956 habitu
1187 933 1341 964 pergentem
1360 929 1393 956 ad
1411 930 1562 961 collectam,
1578 930 1640 957 dico
1653 929 1677 957 ei
1695 929 1783 957 τιθη-

996 979 1046 1005 ter.
1066 982 1156 1002 nonne
1169 974 1245 1002 vides
1266 974 1381 1006 fratres,
1398 975 1533 1010 quomodo
1549 975 1581 1002 ad
1608 976 1732 1011 synaxim
1754 977 1781 1003 in

994 1020 1109 1048 ecclesia
1127 1021 1234 1047 adstant
1251 1021 1324 1048 velut
1346 1021 1456 1056 angeli?
1472 1021 1530 1054 Qua
1554 1022 1659 1048 ratione
1676 1026 1704 1048 tu
1723 1030 1782 1049 om-

994 1066 1060 1093 nino
1084 1066 1138 1094 huc
1163 1066 1271 1093 accedis
1298 1067 1331 1093 ad
1360 1067 1433 1094 hunc
1456 1067 1585 1094 modum?
1600 1068 1634 1094 At
1655 1068 1699 1095 illc
1719 1069 1780 1094 ait:

994 1112 1108 1147 ignosce
1124 1113 1201 1145 mihi,
1214 1113 1294 1146 abba,
1310 1113 1377 1141 alias
1393 1118 1482 1141 vestes
1498 1122 1551 1140 non
1565 1114 1660 1141 habeo.
1673 1114 1782 1142 Assum-

994 1159 1036 1195 psi
1060 1167 1126 1194 ergo
1145 1167 1206 1186 eum
1231 1160 1258 1187 in
1274 1160 1368 1187 cellam
1395 1167 1498 1192 meam,
1516 1164 1543 1187 et
1562 1160 1622 1187 dedi
1639 1161 1780 1188 lcritonem

994 1213 1056 1232 cum
1087 1206 1195 1233 caeteris
1229 1207 1331 1241 quibus
1361 1206 1522 1241 indigebat:
1552 1206 1621 1233 unde
1654 1206 1782 1241 deinceps

993 1251 1105 1278 indutus
1127 1257 1186 1279 erat
1206 1252 1278 1279 sicut
1301 1252 1397 1286 reliqui
1416 1252 1532 1283 fratres;
1547 1257 1574 1279 et
1591 1260 1703 1279 cernere
1723 1256 1783 1279 erat

993 1305 1055 1325 eum
1070 1298 1144 1325 velut
1167 1298 1303 1332 angelum.
1319 1298 1438 1333 Conligit
1468 1303 1557 1325 autem
1584 1298 1729 1332 aliquando
1753 1301 1782 1325 ut

993 1351 1107 1371 necesse
1119 1348 1192 1371 esset
1206 1343 1334 1370 Pati-ibus
1359 1345 1452 1371 decem
1470 1344 1568 1370 fratres
1587 1344 1620 1370 ad
1636 1344 1782 1378 imperato-

993 1398 1050 1417 rem
1062 1391 1168 1417 mittere
1177 1389 1213 1416 ob
1222 1390 1331 1425 aliquod
1347 1391 1482 1425 negotium
1495 1398 1502 1422 ;
1521 1394 1602 1424 atque
1617 1390 1688 1416 hunc
1698 1390 1781 1416 etiam

992 1436 1171 1463 decreverunt
1193 1444 1255 1463 cum
1279 1436 1340 1463 aliis
1357 1444 1478 1470 pergere.
1497 1436 1574 1468 Quod
1598 1437 1643 1463 ubi
1665 1436 1779 1468 audivit,

992 1490 1083 1509 coram
1105 1481 1232 1509 Palribus
1252 1483 1398 1516 prostravit
1413 1489 1452 1512 se.
1466 1482 1560 1509 dicens
1577 1490 1584 1508 :
1600 1481 1714 1516 Propter
1728 1481 1781 1508 Do-

993 1529 1113 1559 minum,
1138 1528 1270 1563 ignoscite
1295 1528 1378 1559 mihi;
1404 1536 1463 1555 sum
1488 1529 1560 1556 enim
1585 1528 1729 1562 cujusdam
1747 1535 1781 1555 ex

992 1577 1061 1602 aula:
1077 1575 1236 1609 proceribus
1259 1582 1372 1607 servus;
1391 1575 1436 1609 qui
1462 1577 1484 1602 si
1507 1575 1647 1611 agnoverit
1662 1582 1714 1607 me,
1730 1575 1780 1601 ha-

993 1621 1049 1648 bitu
1075 1622 1201 1648 monachi
1226 1621 1371 1656 spoliabit,
1388 1626 1518 1656 cogetque
1544 1621 1577 1647 ad
1604 1622 1701 1648 iterum
1721 1628 1781 1648 scr-

992 1667 1120 1694 viendum
1139 1667 1174 1694 ci.
1199 1667 1267 1694 Cum
1291 1667 1372 1702 igitur
1386 1665 1480 1693 Patres
1503 1667 1628 1701 persuasi
1649 1666 1778 1699 fuissent,

992 1720 1023 1740 ac
1038 1712 1208 1740 dimisisseut
1224 1720 1286 1739 eum
1297 1732 1303 1742 ,
1321 1716 1412 1746 postea
1429 1719 1478 1746 per
1494 1712 1637 1746 quemdam
1652 1712 1695 1738 cui
1712 1712 1781 1739 bene

992 1763 1071 1786 nutus
1095 1763 1154 1785 erat
1175 1762 1387 1792 compererunt.
1405 1758 1477 1792 quod
1495 1758 1604 1793 quando
1628 1759 1655 1785 in
1680 1759 1780 1785 saeculo

991 1804 1120 1838 degebat,
1137 1804 1282 1838 praefectus
1299 1804 1426 1838 praetorio
1445 1804 1612 1837 exstitisset;
1627 1812 1720 1831 verum
1744 1812 1780 1832 ne

991 1855 1213 1885 cognosceretur,
1234 1854 1315 1884 atque
1339 1850 1489 1877 molestiam
1512 1858 1544 1877 ex
1562 1850 1716 1878 hominibus
1731 1858 1778 1877 ca-

991 1900 1084 1930 peret.
1114 1895 1141 1922 id
1171 1900 1364 1931 prmtexuerat.
1387 1895 1474 1923 Tanto
1500 1895 1596 1924 Patres
1619 1896 1780 1923 tenebantur

991 1943 1081 1969 studio
1094 1942 1213 1977 fugiendi
1229 1947 1284 1969 tum
1296 1943 1421 1978 gloriam,
1433 1947 1489 1969 tum
1504 1943 1618 1977 hujusce
1632 1943 1725 1970 mundi
1737 1951 1780 1971 re-

990 1990 1091 2024 quiem.

1241 2036 1278 2063 De
1293 2036 1387 2062 abbate
1404 2035 1526 2063 Curione.

1026 2091 1050 2118 l.
1071 2091 1126 2126 (71)
1149 2091 1220 2118 Dixit
1237 2092 1322 2119 abbas
1337 2091 1440 2118 Cario:
1459 2090 1544 2118 Multo
1562 2092 1653 2126 plures
1675 2092 1701 2119 in
1724 2093 1778 2119 vir-

989 2141 1047 2163 tute
1070 2137 1178 2164 labores
1198 2137 1305 2171 suscepi
1324 2143 1405 2171 quam
1426 2137 1495 2163 Iilins
1520 2145 1595 2164 meus
1618 2137 1776 2169 Zacharias.

146 2179 254 2214 ἔφθασα
267 2181 307 2212 εἰς
325 2180 359 2207 τὰ
374 2181 460 2216 μέτρα
473 2181 566 2213 αὑτοῦ,
579 2182 607 2208 ἐν
619 2183 652 2217 τῇ
669 2183 832 2209 ταπεινώσει
848 2184 894 2210 καὶ
909 2185 937 2210 ἐν

995 2190 1040 2209 uec
1053 2182 1086 2209 ad
1095 2182 1155 2216 ejus
1168 2182 1327 2209 meritorum
1344 2189 1501 2208 mensuram
1517 2183 1636 2216 perveni,
1648 2182 1673 2208 in
1687 2183 1777 2208 humi-

145 2226 179 2261 τῇ
192 2227 282 2261 σιωπῇ
294 2226 387 2254 αὐτοῦ.

183 2269 216 2304 β’.
235 2270 330 2304 Γέγονὲ
340 2280 381 2302 τις
395 2272 424 2298 ἐν
435 2273 467 2306 τῇ
482 2272 581 2307 Σκήτει
593 2273 717 2308 μοναχὸς,
729 2273 816 2306 ἀϐϐᾶς
826 2274 936 2310 Καρίων

144 2315 303 2352 λεγόμενος.
318 2315 401 2349 Οὗτος
415 2318 540 2354 ἐσχηκὼς
552 2318 600 2345 δύο
615 2319 707 2351 τέκνα,
722 2319 804 2351 ἐάσας
820 2321 888 2348 αὐτὰ
902 2323 935 2356 τῇ

146 2363 202 2399 ἰδίᾳ
215 2364 335 2398 γυναικὶ,
350 2364 517 2400 ἀνεχώρησε.
534 2364 608 2392 Μετὰ
627 2365 655 2392 δὲ
674 2367 779 2400 καιρὸν,
795 2367 872 2402 λιμοῦ
888 2375 935 2401 τες

144 2409 259 2444 νομένων
280 2411 308 2436 ὲν
325 2411 358 2445 τῇ
377 2411 516 2447 Αἰγύπτῳ,
539 2411 700 2438 πενωθεῖσα
718 2414 735 2448 ἡ
751 2413 819 2448 γυνὴ
842 2413 934 2445 αὐτοῦ,

142 2452 226 2490 ἦλθεν
240 2457 269 2482 ὲν
284 2458 317 2492 τῇ
334 2457 432 2492 Σκήτει
445 2457 565 2492 φέρουσα
577 2457 612 2484 τὰ
626 2457 672 2484 δύο
692 2459 786 2485 παιδία
801 2459 860 2494 μεθ’
872 2460 936 2486 ἐαυ-

143 2501 194 2538 ῖῆς
209 2499 254 2537 (ἦν
269 2502 298 2528 δὲ
309 2502 339 2528 τὺ
355 2503 384 2529 ἓν
397 2503 540 2538 ἀρρενικὸν
555 2504 700 2538 λεγόμενον
723 2505 867 2540 Ζαχαρίας,
887 2505 934 2532 καὶ

143 2547 175 2574 τὸ
186 2547 215 2573 ἓν
227 2547 364 2583 θηλυκὸν),
383 2550 430 2575 καὶ
447 2548 581 2575 καθίσασα
596 2549 736 2585 πόρρωθεν
746 2549 792 2575 τοῦ
808 2549 934 2584 γέροντος

143 2593 174 2619 ὲν
185 2592 225 2628 τῷ
238 2592 305 2619 ἕλει·
323 2593 383 2625 ἕλος
397 2594 451 2629 γὰρ
467 2593 633 2629 παράκειται
649 2595 677 2620 ἑν
692 2595 725 2629 τῇ
744 2594 851 2629 Σκήτει,
870 2593 935 2621 ἔνθα

142 2638 192 2665 καὶ
215 2639 244 2664 αἱ
272 2638 414 2674 ἐκκλησίαι
439 2639 636 2675 ᾠκοδόμηνται,
656 2639 703 2666 καὶ
730 2640 760 2666 αἱ
775 2640 862 2675 πηγαὶ
881 2640 934 2667 τῶν

179 2718 203 2734 ⁹¹
221 2718 265 2745 Al.
287 2718 350 2745 add.
370 2718 473 2746 παλαιὰ
492 2719 592 2753 φορῶν.

142 2760 236 2781 cum.
252 2755 281 2781 4.

178 2826 236 2860 (10)
258 2825 290 2851 ὀ
303 2824 395 2858 ἁϐὅᾶς
406 2825 531 2862 Καρίων.
548 2825 680 2862 Corrupte
703 2826 772 2862 apud
792 2826 930 2862 Pelagium

143 2861 321 2897 lnterpretem
335 2865 448 2888 vocatur
467 2859 610 2896 Serapion.

649 2719 658 2734 ¹
687 2719 729 2746 AI.
745 2719 830 2747 inser.
851 2720 1034 2754 σωματικούς.

953 2215 974 2242 D
989 2228 1067 2255 litate
1078 2215 1228 2255 etrsilentio
1244 2227 1340 2262 ipsius.

1024 2274 1050 2301 2.
1071 2273 1127 2308 (⁵12)
1145 2272 1254 2300 Exstitit
1272 2273 1298 2299 in
1318 2273 1390 2299 Sceti
1411 2272 1520 2307 quidam
1543 2271 1706 2302 monachus.
1727 2280 1776 2298 no-

989 2320 1062 2347 mine
1081 2319 1166 2346 abbas
1177 2318 1268 2346 Cario.
1287 2319 1338 2345 llic
1360 2318 1429 2345 duos
1445 2318 1544 2345 liberos
1563 2325 1623 2344 eum
1638 2318 1775 2352 suscepis-

989 2369 1046 2397 set,
1067 2364 1224 2398 relinquens
1241 2372 1289 2391 eos
1308 2365 1385 2390 uxori
1403 2372 1472 2395 sua),
1492 2363 1524 2389 ad
1542 2364 1622 2390 vitam
1646 2364 1776 2390 monasti-

989 2418 1049 2438 cam
1070 2410 1195 2438 secessit.
1219 2409 1316 2436 Postea
1341 2410 1411 2437 fame
1433 2418 1481 2444 per
1497 2409 1642 2444 Egyptum
1668 2409 1776 2436 contin-

988 2461 1078 2492 gente,
1093 2456 1127 2483 ad
1142 2456 1283 2490 angustias
1299 2455 1406 2482 reducta
1424 2464 1492 2482 uxor
1503 2455 1572 2489 ejus,
1590 2456 1689 2482 Sectim
1701 2456 1775 2482 venit

988 2510 1051 2530 cum
1068 2501 1176 2528 duobus
1193 2501 1287 2528 liberis
1302 2509 1308 2528 :
1324 2508 1440 2536 quorum
1464 2509 1534 2527 unus
1557 2508 1616 2527 mas
1632 2505 1704 2533 erat,
1723 2500 1770 2528 Za-

987 2548 1095 2575 charias
1121 2548 1225 2579 dictus,
1251 2548 1320 2574 alter
1345 2546 1457 2573 femina.
1483 2546 1515 2573 Et
1538 2546 1648 2573 sedebat
1659 2546 1737 2581 longe
1759 2554 1774 2573 a

988 2602 1054 2622 sene
1079 2595 1107 2621 in
1135 2594 1251 2628 palude;
1276 2594 1354 2629 palus
1380 2594 1452 2620 enim
1481 2594 1587 2627 adiacet
1612 2593 1702 2624 Sceti,
1728 2593 1774 2620 ubi

987 2641 1111 2668 ecclesiae
1123 2639 1264 2668 aediﬁcatae
1279 2644 1343 2667 sum
1357 2644 1385 2667 et
1402 2639 1490 2668 fontes
1510 2632 1675 2667 scaturiunt.
1688 2639 1774 2666 Porro

1665 2719 1675 2735 ⁸
1697 2718 1772 2747 Psal.

1085 2720 1095 2735 '
1118 2719 1213 2746 Matth.
1228 2726 1290 2752 xm,
1305 2719 1349 2747 44.
1399 2719 1409 2734 ⁸
1424 2718 1506 2747 Hebr.
1522 2727 1571 2752 xu,
1583 2719 1609 2747 2.

1022 2825 1077 2858 (71)
1098 2825 1150 2852 Vit.
1167 2822 1244 2852 Palr.
1261 2833 1306 2857 xv,
1322 2825 1366 2853 16.

1020 2859 1076 2896 (72)
1100 2859 1220 2888 Viridar.
1237 2860 1347 2894 Raderi,
1361 2867 1403 2894 ιιι,
1419 2860 1447 2894 6,
1463 2860 1489 2891 ι.
