1970 3074
198 153 249 181 251

779 155 953 185 APPENDIX
972 156 1017 184 AD
1035 155 1250 187 PALLADIUM.

1767 155 1818 183 252

197 210 253 238 [nec
268 218 295 238 ιιι
310 209 381 238 Sceti
401 211 572 240 consuetudo
584 212 745 245 invaluerat,
761 217 790 240 ut
810 214 833 241 si
849 221 982 242 accessis-

1038 215 1137 242 ὗδάτων
1155 215 1218 242 εισι.
1241 214 1372 250 Συνήθεια
1388 214 1416 240 δὲ
1434 213 1544 248 τοιαύτη
1560 209 1595 248 ἦν
1612 213 1642 240 ὲν
1656 214 1691 248 τῇ
1710 212 1817 247 Σκήτει.

195 260 238 283 set
251 255 348 283 mulier
361 256 395 283 ad
410 255 575 291 loquendum
593 257 670 284 fratri
680 257 721 285 vel
733 257 811 285 alteri
827 258 984 286 necessario

195 309 256 335 suo,
272 302 366 337 procul
381 303 496 330 invicem
513 303 639 331 sedentes
655 304 876 339 colloquerentur
893 313 901 331 :
917 307 983 332 tunc

195 348 293 376 mulier
306 348 345 376 ait
366 349 458 377 abbati
481 349 612 378 Carioni:
629 350 700 378 Ecce
724 350 814 378 factus
837 359 867 379 es
890 358 984 378 mona-

195 395 275 428 chus,
295 400 323 423 et
339 394 426 423 fames
443 397 546 423 evenit.
564 395 632 429 Quis
645 404 710 432 ergo
722 397 776 424 alet
790 397 891 425 liberos
905 397 982 424 tuos?

193 441 348 477 Respondit
361 443 446 471 abbas
461 442 544 469 Cario
557 452 564 470 :
583 441 646 470 illos
660 443 726 470 mihi
741 443 795 470 huc
811 444 897 471 mitte.
915 443 984 472 Dicit

149 523 151 527 Α
194 487 294 515 mulier
313 487 429 515 liberis:
454 487 535 515 Abite
556 488 590 514 ad
613 493 716 523 patrem
736 492 867 516 vestrum.
891 488 984 524 Itaque

193 536 327 560 venerunt
340 533 374 560 ad
389 537 492 568 patrem
507 540 606 566 suum;
624 533 671 560 sed
688 541 748 568 quae
765 533 864 561 femina
879 539 938 562 erat
950 534 984 562 ad

193 582 309 606 matrem
330 586 438 606 reversa
454 582 506 609 est,
524 586 583 606 mas
602 585 667 604 vero
691 579 792 606 mansit
810 587 872 606 cum
897 583 983 614 patre.

195 623 273 652 Tunc
294 625 326 652 ad
345 632 481 651 uxorem:
498 624 583 656 Ecce,
608 624 707 660 inquit,
730 625 798 652 bene
817 629 906 653 actum
923 629 983 659 est;

195 671 289 706 accipe
305 674 333 697 tu
358 671 486 705 puellam,
508 674 536 697 et
556 670 618 701 abi,
643 678 693 705 ego
716 678 829 705 puerum
851 671 982 699 retinebo.

195 711 339 744 Nutriebat
361 717 443 751 igitur
461 723 523 743 eum
546 715 573 743 in
601 715 691 748 Sceti,
708 715 814 743 cunctis
836 716 984 744 scientibus

194 763 268 798 quod
287 767 361 790 esset
381 763 455 790 illius
475 762 557 790 filius.
576 761 611 789 Ut
630 765 720 789 autem
744 763 878 797 processit
895 767 983 796 aetate,

194 813 285 836 ortum
299 813 339 836 est
359 808 393 836 de
416 816 450 836 eo
471 815 596 835 murmur
617 808 643 834 in
663 808 841 836 fraternitate.
856 809 916 842 Quo
937 817 985 836 au-

194 854 253 881 dito
267 853 350 881 abbas
364 853 447 881 Cario
462 853 546 880 filium
563 853 604 880 sic
622 853 758 881 allocutus
770 858 813 880 est
824 861 831 880 :
842 853 983 887 Zacharia,

194 905 289 933 surge,
320 898 450 925 abeamus
480 897 560 930 hinc,
586 897 651 932 quia
679 903 850 925 nmrmnrant
879 886 1021 926 Patres.B

195 943 264 971 Tum
289 944 314 971 ei
337 951 404 979 puer
421 953 428 972 :
445 944 540 977 Abba,
558 944 650 971 cuncti
671 944 715 971 hic
739 949 840 971 norunt
860 953 904 972 me
925 953 985 972 esse

195 990 280 1017 filium
294 994 387 1023 tuum;
407 990 431 1018 si
449 990 482 1017 ad
503 990 585 1016 alium
600 990 689 1017 locum
706 991 915 1025 perrexerimus,
930 999 984 1018 non

195 1037 333 1064 habebunt
347 1037 437 1064 dicere
453 1036 525 1071 quod
545 1035 616 1063 filius
636 1041 698 1063 tuus
718 1036 779 1063 sim.
797 1035 866 1063 Tum
881 1044 982 1063 senex:

196 1083 294 1118 Surge,
314 1082 498 1110 discedamus.
514 1081 547 1108 Et
563 1082 590 1108 in
606 1081 770 1109 Thebaidem
786 1081 899 1116 profecti
909 1086 983 1109 sunt.

195 1127 247 1156 Ubi
273 1136 336 1156 cum
361 1132 471 1163 accepta
497 1127 565 1155 cella
591 1135 692 1162 paucos
720 1127 778 1155 dies
803 1127 984 1160 mansissent,

195 1174 251 1201 illic
266 1182 374 1209 quoque
400 1174 471 1201 idem
488 1180 612 1200 murmur
638 1173 671 1200 de
695 1180 779 1208 puero
792 1176 916 1200 exortum
931 1176 983 1200 est.

195 1220 267 1248 Dicit
287 1221 312 1247 ei
334 1226 398 1247 tunc
416 1223 493 1255 pater
512 1220 572 1254 ejus
595 1229 601 1246 :
623 1219 766 1250 Zacharia,
784 1227 874 1254 surge,
892 1219 984 1246 redea-

195 1275 257 1295 mus
272 1267 304 1293 ad
323 1266 434 1293 Scetim.
458 1265 518 1298 Quo
534 1265 588 1292 illis
604 1265 830 1297 adventantibus.
847 1269 909 1300 post
926 1264 985 1293 dies

195 1319 297 1347 paucos
312 1313 409 1339 iterum
426 1311 460 1338 de
473 1311 568 1338 eodem
584 1317 709 1337 murmur
723 1309 824 1337 factum
842 1314 894 1337 est.
908 1309 985 1338 Tunc

196 1358 344 1386 Zacharias
360 1365 438 1393 puer,
453 1357 592 1392 profectus
607 1356 641 1383 ad
662 1361 788 1391 stagnum
804 1356 880 1388 nitri,
894 1356 984 1383 exutis

195 1404 337 1436 vestibus,
365 1404 393 1431 in
421 1403 488 1430 illud
511 1402 673 1433 descendit,
698 1402 884 1438 immersitque
900 1410 930 1430 se
950 1402 984 1430 ad

197 1457 278 1477 nares
292 1457 396 1484 usque;
415 1453 442 1476 et
457 1456 519 1475 cum
533 1449 659 1475 durasset
675 1455 721 1482 per
736 1448 850 1474 multum
867 1452 983 1483 tempus,

197 1495 322 1530 quandiu
335 1494 441 1522 scilicet
453 1493 552 1528 potuit,
566 1493 683 1520 confecit
699 1493 870 1528 abolevitque
884 1501 983 1528 corpus

197 1549 277 1569 suum
301 1549 308 1568 :
331 1540 421 1568 factus
443 1540 513 1566 enim
536 1543 579 1566 est
603 1544 730 1574 tanquam
755 1540 888 1574 leprosus.
912 1538 1018 1581 Ergoc

196 1587 306 1615 rediens
314 1587 431 1622 gestavit
442 1585 603 1613 vestimenta
615 1593 675 1617 sua,
685 1585 806 1620 abiitque
819 1585 852 1612 ad
864 1589 981 1620 patrem,

197 1640 212 1659 a
236 1639 290 1667 quo
313 1632 368 1663 vixi
384 1631 494 1666 agnosci
519 1631 617 1666 potuit.
636 1630 769 1658 Cancrum
785 1638 847 1657 cum
870 1631 904 1658 ad
920 1638 984 1658 san—

196 1683 268 1706 ctam
288 1678 509 1706 communionem
531 1677 565 1704 de
586 1684 660 1703 more
676 1676 868 1711 processisset,
883 1676 986 1704 revela-

197 1729 255 1752 tum
277 1728 318 1752 est
331 1727 426 1751 sancto
448 1722 554 1750 Isidoro
576 1721 688 1748 Sceteos
710 1721 886 1756 presbytero,
912 1720 986 1755 quod

197 1771 317 1798 fecerat:
336 1770 464 1805 quocirca
479 1768 597 1795 intuitus
611 1774 685 1798 eum,
701 1770 728 1794 et
748 1766 983 1794 admiratusinﬁt:

198 1816 345 1843 Zacharias
365 1823 433 1850 puer
452 1813 587 1849 superiori
621 1812 761 1839 Dominica
777 1812 851 1839 venit
866 1816 893 1840 et
912 1819 987 1839 com-

197 1863 355 1891 munionem
376 1861 493 1896 sumpsit
518 1861 593 1887 velut
617 1860 715 1893 homo;
739 1867 812 1887 nunc
837 1867 902 1887 vero
926 1864 986 1887 tan-

197 1916 279 1944 quam
295 1909 407 1944 angelus
424 1906 536 1934 cﬂectus
551 1909 603 1933 est.

473 2008 509 2036 De
524 2008 617 2035 abbate
631 2007 722 2042 Capra.

235 2069 260 2096 i.
282 2067 355 2095 Dixit
375 2067 461 2094 abbas
483 2065 594 2093 Pmrnen
619 2065 653 2093 de
676 2065 774 2092 abbate
788 2065 889 2100 Copre,
913 2067 986 2102 quod

197 2115 234 2143 ad
258 2118 361 2142 tantam
379 2115 540 2148 pervenerat
565 2111 674 2139 virtutis
702 2112 936 2146 magnitudinem,
958 2115 988 2139 ιιι

199 2161 324 2197 quamvis
340 2162 482 2195 aegrotaret
497 2165 529 2185 ac
542 2158 613 2185 lecto
624 2157 808 2190 decumberet,
823 2162 913 2186 tamen
926 2166 988 2194 gra—

199 2209 252 2234 tias
266 2211 367 2241 ageret.
385 2204 574 2239 inhiberetque
588 2204 726 2238 propriam
742 2204 920 2232 voluntatem.

235 2251 264 2279 2.
283 2250 357 2278 Dixit
374 2250 458 2277 abbas
478 2250 580 2284 Copi-es
596 2257 603 2275 :
621 2249 720 2276 Beatus
737 2249 783 2284 qui
800 2257 862 2276 cum
886 2249 986 2284 gratia-

199 2304 260 2325 rum
277 2297 383 2324 actione
399 2297 496 2324 tolerat
511 2297 642 2325 laborem.

234 2343 260 2370 5.
282 2343 339 2378 (75)
358 2342 520 2378 Congrcgati
541 2347 606 2370 sunt
629 2342 775 2377 aliquando
797 2341 844 2376 qui
866 2341 893 2369 in
914 2340 986 2370 Sceti

199 2388 343 2423 degebant,
355 2389 390 2415 ob
403 2389 580 2423 quaestionem
600 2388 634 2416 de
655 2387 862 2419 Melchisedece,
875 2392 902 2415 et
909 2387 988 2415 obliti

200 2439 264 2462 sunt
279 2441 377 2462 vocare
390 2435 515 2462 abbatem
529 2434 644 2470 Coprem
656 2443 663 2468 ς
681 2438 774 2469 postea
787 2438 878 2461 autem
888 2437 986 2461 vocato

199 2490 243 2511 co.
261 2489 293 2508 ea
308 2481 342 2508 de
354 2488 383 2508 re
402 2481 614 2515 interrogabant.
632 2480 678 2508 Ille
697 2488 761 2508 vero
776 2479 817 2508 ter
831 2481 985 2515 percutiens

200 2535 231 2554 os
251 2534 348 2559 suum,
362 2526 431 2554 dixit
445 2535 451 2554 ε
471 2526 517 2553 Vae
533 2527 580 2554 tibi
591 2547 597 2558 ,
613 2527 701 2561 Cupre
713 2547 720 2558 ,
738 2534 778 2553 va:
794 2527 860 2558 tibi,
878 2526 984 2562 Copre,

199 2580 240 2600 vae
255 2572 314 2605 tibi,
335 2571 437 2607 Coprel
455 2573 526 2607 quod
549 2581 581 2600 ea
603 2572 737 2608 reliquisti
761 2581 822 2608 quae
843 2573 891 2600 tibi
909 2580 986 2600 man-

200 2619 276 2646 davit
292 2618 363 2647 Deus
378 2623 408 2646 ut
422 2619 540 2651 faceres,
560 2623 588 2647 et
602 2620 735 2647 scrutaris
749 2627 810 2654 quae
828 2627 882 2646 non
897 2619 987 2654 requi-

200 2665 235 2692 rit
253 2672 268 2692 a
283 2668 319 2692 te.
343 2664 448 2698 Quibus
466 2664 566 2693 auditis
582 2664 694 2697 fratres,
710 2664 838 2700 fugerunt
857 2672 883 2692 ιιι
904 2664 986 2692 cellas

200 2718 232 2738 ειι
236 2719 275 2739 as.

199 2824 208 2830 _
250 2790 261 2806 '
276 2789 318 2817 Al.
332 2790 361 2816 ὲν
375 2789 478 2826 ἡλικίᾳ.

237 2867 295 2904 (73)
317 2868 368 2897 Vn.
385 2867 462 2896 Patr.
479 2875 524 2902 xv,
544 2867 590 2896 at.

1035 261 1077 287 ῐνα
1094 260 1159 297 ἔλθῃ
1172 259 1250 295 γυνὴ,
1266 259 1381 295 λαλῆσαι
1401 259 1508 296 ἁδελφῷ
1526 259 1621 295 αὐτῆς,
1637 259 1654 295 ἢ
1676 259 1747 295 ἄλλῳ
1762 259 1820 285 δια-

1033 306 1142 342 φέροντι
1155 306 1235 342 αὑτῇ,
1250 305 1303 333 ἀπὸ
1319 305 1454 342 μακρόθεν
1467 305 1655 341 καθεζομένων
1669 304 1758 331 αὐτῶν
1772 305 1819 331 ἀπ’

1034 351 1155 387 ἀλλήλων
1162 351 1294 387 ὁμιλῶσιν
1301 350 1435 386 ἀλλήλοις.
1443 350 1509 378 Τότε
1518 351 1591 385 λέγει
1600 352 1617 386 ἡ
1625 351 1693 386 γυνὴ
1704 350 1741 386 τῷ
1749 351 1820 386 esse

1034 397 1164 433 Καρίωνι·
1189 396 1254 423 Ἰδοὺ
1273 397 1388 431 γέγονας
1407 396 1532 432 μοναχὺς,
1543 397 1591 423 καὶ
1607 396 1685 431 λιμός
1699 397 1765 423 ἐστι·
1778 396 1820 428 τίς

1034 441 1080 470 οὖν
1090 442 1184 478 τρέφει
1197 443 1231 469 τὰ
1241 442 1323 469 τέκνα
1333 451 1395 475 ceu;
1407 443 1488 476 Λέγει
1498 443 1565 478 αὐτῇ
1576 443 1590 469 6
1603 442 1688 474 ἀδϐᾶς
1698 442 1818 478 Καρίωψ

1034 489 1090 516 Kal.
1113 489 1271 516 ἀπόστειλον
1292 498 1336 524 μοι
1359 488 1428 516 αὐτὰ
1448 486 1510 516 ὧδε.
1535 489 1615 523 Λέγει
1637 490 1653 524 ἡ
1675 488 1743 524 γυνὴ
1765 490 1820 520 τοῖς

1034 535 1149 566 ’τέκνοις⁵
1173 534 1316 562 ’Δπέλθετε
1334 534 1402 570 πρὸς
1418 534 1464 561 τὸν
1485 535 1591 570 πατέρα
1615 535 1701 570 ὑμῶν.
1727 535 1821 570 Ἐρχο-

1037 579 1124 615 μένων
1134 577 1180 607 οὖν
1192 579 1281 607 αὐτῶν
1293 580 1361 615 πρὸς
1376 580 1422 606 τὸν
1432 580 1538 615 πατέρα
1551 581 1651 612 αὐτῶν,
1663 580 1692 607 τὸ
1704 579 1819 616 θηλυκὸν

1035 626 1188 662 ὑπέστρεψε
1205 626 1273 663 πρὸς
1285 626 1334 662 τὴν
1351 626 1457 662 μητέρα
1474 626 1567 658 αὑτοῦ,
1583 626 1612 653 τὸ
1627 627 1656 653 δὲ
1677 626 1820 662 ἀρρενικὸν

1034 670 1100 708 ἦλθε
1116 673 1184 709 πρὸς
1198 673 1244 700 τδν
1260 673 1324 700 ἴδιον
1341 673 1457 709 πατέρα.
1478 672 1545 699 Τότε
1561 673 1635 707 λέγει
1652 674 1732 708 αὐτῇ·
1754 672 1821 699 Ἰδοὺ

1035 718 1126 750 καλῶς
1134 719 1251 753 ἐγένετο·
1266 719 1331 746 λάϐε
1347 720 1379 746 σὺ
1393 719 1424 745 τὸ
1432 718 1547 754 θηλυκὸν
1562 719 1609 745 καὶ
1620 718 1730 750 ἄπελθε,
1744 717 1821 751 κάγὼ

1035 764 1065 790 τὸ
1091 765 1245 800 ἀῤῥενικόν.
1271 765 1432 800 Ἀνέτρεφεν
1456 761 1501 791 οὗν
1526 762 1592 790 αὐτὸ
1613 764 1641 789 ἐν
1658 764 1691 798 τῇ
1712 763 1819 798 Σκήτει,

1036 809 1144 837 πάντων
1158 810 1266 837 εἰδότων
1283 810 1324 836 ὅτι
1338 809 1433 836 τέκνον
1455 808 1536 836 αὐτοῦ
1555 809 1639 835 ἐστιν.
1660 808 1703 840 Ὡς
1719 807 1747 834 δὲ
1763 808 1821 843 ἡλι-

1035 855 1097 887 κίας
1116 856 1127 872 ⁵
1141 855 1248 890 γέγονε,
1263 856 1419 890 γογγυσμὸς
1437 856 1544 890 ἐγένετο
1561 856 1589 881 ὲν
1605 855 1638 890 τῇ
1660 853 1820 888 ἀδελφότητι

1036 901 1100 937 περ)⁸
1115 901 1207 929 αὐτοῦ.
1224 902 1277 928 Καὶ
1289 901 1408 933 ἀκούσας
1423 902 1437 928 6
1457 901 1542 932 ἀὸΰᾶς
1558 901 1679 937 Καρίων,
1693 900 1766 934 λέγει
1781 899 1820 934 τῷ

1034 946 1122 982 τέκνῳ
1140 946 1231 974 αὐτοῦ’
1243 947 1374 982 Ζαχαρία,
1392 946 1492 981 ἔγειρε,
1506 946 1617 981 ἄγωμεν
1628 944 1764 976 ἐντεῦθεν,
1778 944 1820 970 ὅτι

1035 992 1213 1026 γογγύζουσιν
1233 993 1257 1019 οἱ
1276 993 1405 1029 Πατέρες.
1420 992 1502 1026 Λέγει
1519 992 1592 1026 αὐτῷ
1607 993 1621 1018 6
1634 992 1738 1027 μικρός·
1758 991 1820 1017 ’Λϐ-

1036 1038 1081 1070 6ᾶ,
1099 1038 1198 1070 πάντες
1211 1038 1313 1065 οἴδασιν
1327 1038 1442 1065 ἐνταῦθα
1456 1039 1496 1064 ὅτι
1510 1038 1567 1069 υίός
1584 1037 1630 1064 σού
1649 1038 1717 1073 ειμι·
1733 1037 1780 1064 ἐὰν
1791 1037 1821 1064 δὲ

1035 1084 1102 1119 ἄλλῃ
1114 1084 1285 1119 ἀπέλθωμεν,
1298 1084 1347 1110 οὐκ
1363 1083 1453 1119 έχουσι
1466 1084 1554 1118 λέγειν
1570 1084 1611 1110 ὅτι
1626 1084 1683 1115 υἱός
1695 1083 1740 1110 σού
1752 1083 1820 1118 εἰμι.

1034 1131 1090 1157 Καὶ
1100 1130 1173 1165 λέγει
1185 1130 1258 1166 αὑτῷ
1275 1131 1289 1157 ό
1304 1131 1402 1164 γέρων·
1421 1131 1541 1165 Ἔγειρε,
1558 1130 1669 1165 ἄγωμεν
1683 1129 1819 1156 ἐντεῦθεν.

1035 1175 1090 1202 Kal.
1104 1175 1224 1210 ἀπῆλθον
1238 1176 1266 1202 ὲν
1278 1177 1312 1211 τῇ
1327 1175 1449 1210 Θηϐαΐδι.
1470 1175 1513 1207 Ὠς
1529 1175 1557 1202 δὲ
1571 1175 1697 1207 λαθόντες
1715 1174 1821 1201 κελλίον

1036 1220 1165 1247 ἐκάθισαν
1185 1220 1277 1255 ὀλίγας
1296 1220 1414 1256 ἡμέρας,
1432 1221 1514 1247 κάκεῖ
1530 1221 1544 1247 6
1565 1220 1645 1252 αὐτὸς
1666 1219 1821 1254 γογγυσμὸς

1035 1265 1129 1300 γέγονε
1148 1265 1212 1300 περὶ
1227 1264 1276 1291 τοῦ
1291 1265 1407 1291 παιδίου.
1423 1265 1489 1291 Τότε
1513 1265 1586 1299 λέγει
1606 1264 1680 1299 αὑτῴ
1701 1265 1715 1290 6
1731 1264 1821 1299 πατὴρ

1035 1311 1128 1337 αὑτοῦ·
1143 1311 1277 1346 Ζαχαρία,
1297 1310 1396 1346 ἔγειρε,
1410 1311 1522 1346 ἄγωμεν
1539 1311 1568 1338 ὲν
1588 1311 1621 1346 τῇ
1640 1310 1746 1345 Σκήτει.
1766 1310 1821 1336 Καὶ

1035 1357 1165 1383 ἐλθόντων
1185 1357 1274 1383 αὐτῶν
1292 1357 1321 1383 ὲν
1343 1358 1376 1392 τῇ
1398 1357 1505 1392 Σκήτει,
1533 1357 1579 1385 καὶ
1595 1356 1694 1390 ὀλίγων
1710 1355 1821 1391 ἡμερῶν

1035 1402 1237 1439 παρελθουσῶν,
1255 1402 1334 1429 πάλιν
1352 1402 1507 1437 γογγυσμὸς
1522 1402 1629 1436 ἐγένετο
1650 1401 1713 1436 περὶ
1727 1401 1819 1427 αὐτοῦ.

1035 1449 1100 1475 Τότε
1118 1449 1254 1484 Ζαχαρίας
1268 1449 1282 1474 6
1299 1448 1373 1480 παῖς,
1387 1446 1472 1474 ὲλθὼν
1487 1448 1527 1479 εἰς
1539 1447 1587 1482 τὴν
1603 1447 1700 1483 λίμνην
1719 1446 1764 1473 τοῦ
1782 1447 1822 1473 νί-

1034 1503 1110 1530 τρου,
1125 1494 1171 1522 καὶ
1183 1493 1395 1528 ἀποδυσάμενος,
1409 1492 1526 1529 κατῆλθε
1541 1492 1615 1519 κάτω
1627 1493 1705 1528 μέχρι
1719 1493 1768 1527 τῆς
1781 1493 1823 1527 ῥι-

1035 1541 1080 1572 νὸς
1092 1539 1173 1568 αὑτοῦ
1189 1539 1395 1571 καταδαπτίσας
1407 1539 1513 1566 ἑαυτόν·
1529 1539 1575 1565 καὶ
1594 1539 1686 1573 μείνας
1697 1539 1743 1564 ἐπὶ
1756 1536 1817 1563 πολ-

1036 1586 1084 1621 λὴν
1099 1585 1181 1621 ὥραν,
1197 1586 1263 1620 ὅσην
1286 1585 1410 1619 ἠδύνατο,
1428 1584 1542 1620 ἠφάνισε
1563 1584 1593 1610 τὸ
1617 1583 1712 1613 ἑαυτοῦ
1730 1583 1821 1617 σῶμα·

1036 1631 1130 1664 γέγονε
1148 1630 1201 1666 γὰρ
1220 1630 1257 1661 ὡς
1277 1629 1477 1665 λελωὸημένος.
1500 1629 1555 1656 Καὶ
1571 1628 1689 1655 ἀνελθὼν
1708 1628 1822 1664 ὲφόρεσε

1035 1675 1070 1701 τὰ
1089 1675 1185 1710 ἱμάτια
1201 1674 1293 1707 αὑτοῦ,
1305 1674 1352 1701 καὶ
1369 1673 1471 1709 ἀπῆλθε
1485 1673 1553 1708 πρὸς
1569 1673 1614 1700 τὸν
1630 1673 1694 1700 πιον
1705 1674 1820 1708 πατέρα·

1036 1721 1083 1747 καὶ
1106 1721 1181 1756 μόλις
1199 1720 1306 1754 ἐπέγνω
1321 1720 1411 1747 αὐτόν.
1445 1719 1616 1752 ’Λπελθόντος
1631 1719 1659 1745 δὲ
1681 1719 1763 1746 αὐτοῦ
1783 1719 1824 1750 είς

1036 1766 1085 1800 τὴν
1105 1766 1185 1800 ἁγίαν
1201 1766 1341 1792 κοινωνίαν
1358 1765 1429 1792 κατὰ
1448 1765 1477 1792 τὸ
1499 1765 1568 1797 ἔθος.
1586 1764 1765 1800 ἀπεκαλύφθη
1784 1764 1824 1799 τῷ

1036 1812 1106 1846 ἁγίῳ
1128 1811 1254 1848 Ἰσιδώρῳ
1275 1812 1312 1847 τῷ
1336 1812 1514 1848 πρεσϐυτέρῳ
1537 1812 1585 1847 τῆς
1603 1812 1740 1846 Σκήτεως,
1755 1812 1824 1845 ὅπερ

1037 1859 1158 1894 ἐποίησε·
1174 1859 1220 1885 καὶ
1240 1859 1302 1885 ἰδὼν
1317 1859 1396 1885 αὐτὸν
1413 1859 1459 1886 καὶ
1472 1858 1625 1893 θαυμάσας,
1648 1856 1718 1884 εἶπε·
1734 1859 1824 1893 Ζαχα-

1040 1903 1098 1939 ρίας
1114 1905 1128 1930 6
1144 1905 1208 1935 παῖς
1220 1905 1253 1939 τῇ
1270 1905 1394 1939 Κυριαχῇ
1417 1903 1587 1940 παρελθούσῃ
1601 1901 1668 1939 ἦλθε
1686 1904 1733 1930 καὶ
1753 1903 1826 1931 ὲχοι-

1037 1949 1156 1986 νὼνησεν
1170 1949 1207 1981 ὡς
1226 1949 1379 1983 ἄνθρωπος,
1396 1949 1443 1976 νῦν
1459 1949 1487 1975 δὲ
1498 1949 1535 1981 ὡς
1553 1949 1667 1984 ἄγγελος
1681 1948 1800 1983 ἐγένετο.

1258 2008 1328 2042 Περὶ
1344 2008 1397 2035 τοῦ
1411 2006 1486 2035 ἁϐϐᾶ
1503 2008 1604 2042 Κόπρι,

1073 2069 1107 2093 α’.
1124 2065 1236 2100 Ἔλεγεν
1248 2065 1263 2091 6
1274 2064 1361 2097 ἁϐϐᾶς
1377 2065 1482 2100 Ποιμὴν
1493 2064 1537 2091 διὰ
1547 2064 1592 2091 τὸν
1606 2064 1693 2091 ἀῦσᾶν
1707 2064 1824 2099 Κύπριν,

1037 2112 1078 2139 ὅτι
1106 2112 1146 2143 εἰς
1173 2111 1299 2138 τοσοῦτον
1325 2109 1389 2147 ἦλθε
1421 2111 1529 2146 μέτρον,
1564 2110 1604 2137 ὅτι
1638 2110 1746 2145 ἠσθένει
1778 2111 1827 2137 καὶ

1039 2158 1169 2193 κλινήρης
1188 2155 1231 2194 ἦν,
1256 2157 1302 2184 καὶ
1321 2157 1486 2193 εὐχαρίστει,
1514 2157 1561 2183 καὶ
1583 2155 1686 2183 ἐκώλυε
1710 2156 1740 2182 τὸ
1761 2155 1826 2182 ῐδιον

1039 2204 1156 2239 θέλημα.

1075 2249 1106 2284 β’.
1121 2247 1204 2276 Εἶπεν
1225 2250 1239 2276 6
1260 2248 1348 2281 ἀϐὃᾶς
1365 2249 1481 2285 Κύπρις·
1493 2247 1636 2283 Μακάριος
1651 2248 1665 2274 6
1684 2246 1828 2282 ὑπομένων

1038 2295 1120 2322 κόπον
1136 2295 1193 2327 μετ’
1204 2295 1389 2331 εὐχαριστίας.

1073 2343 1107 2375 γ’.
1121 2340 1298 2376 Συνήχθησάν
1320 2349 1386 2366 ποτε
1406 2340 1431 2366 οἱ
1455 2340 1483 2366 ὲν
1505 2340 1537 2375 τῇ
1552 2339 1651 2374 Σκήτει
1667 2339 1678 2354 ⁸
1698 2338 1762 2374 περὶ
1778 2336 1827 2365 τοῦ

1038 2386 1222 2421 Μελχισεδὲκ,
1252 2386 1295 2413 καὶ
1319 2385 1482 2412 ἐπελάθοντο
1516 2385 1628 2411 καλέσαι
1659 2384 1706 2410 τὸν
1740 2383 1827 2410 ἀΰὸᾶν

1038 2433 1145 2468 Κόπριν
1168 2432 1190 2447 "
1220 2431 1331 2466 ὕστερον
1360 2431 1388 2458 δὲ
1415 2431 1578 2462 καλέσαντες
1600 2430 1695 2463 αὑτὸν,
1713 2429 1828 2466 ἠρώτων

1040 2478 1103 2513 περὶ
1124 2478 1229 2504 τούτου.
1263 2477 1292 2503 '0
1313 2477 1357 2509 δὲ,
1378 2476 1465 2511 τύψας
1487 2476 1518 2502 τὸ
1540 2476 1627 2511 στόμα
1643 2476 1654 2492 ⁸
1679 2475 1761 2501 αὑτοῦ
1781 2476 1828 2501 ἐπὶ

1038 2525 1123 2560 τρεῖς,
1136 2522 1222 2551 εἶπεν·
1245 2524 1314 2550 Οὐαί
1330 2531 1381 2556 σοι,
1395 2523 1518 2558 Κόπρι⁹ι
1534 2522 1603 2548 ὃτιᾶ
1617 2522 1631 2548 6
1647 2520 1714 2552 Θεὸς
1726 2521 1828 2547 ἐνετεί-

1039 2571 1103 2598 λατό
1129 2579 1170 2598 σοι.
1191 2570 1301 2605 ποιῆσαι
1334 2569 1543 2604 ὲγκατέλειπες,
1576 2567 1623 2594 καὶ
1656 2566 1674 2593 a
1696 2567 1727 2593 οὺ
1752 2566 1829 2601 ζητεῖ

1041 2617 1116 2652 παρὰ.
1142 2616 1189 2643 σοῦ
1217 2616 1340 2651 ἐρευνᾷς.
1368 2615 1423 2641 Καὶ
1455 2614 1621 2645 ἀκούσαντες
1654 2613 1679 2639 oi.
1717 2611 1827 2646 ἀδελφοὶ

1040 2663 1136 2695 ταῦτα,
1158 2663 1257 2698 ἔφυγον
1271 2663 1311 2694 εις
1323 2661 1357 2688 τὰ
1374 2660 1467 2688 κελλία
1484 2660 1582 2687 αὐτῶν.

533 2791 544 2806 ⁸
557 2790 599 2817 Al.
620 2797 705 2819 Inscr.
723 2789 910 2826 συζητοῦντες.
947 2789 957 2805 ⁷
972 2789 984 2817 Α

1038 2788 1155 2824 Κόπρην.
1194 2787 1204 2804 θ
1219 2787 1263 2816 Al.
1282 2786 1436 2823 πρόσωπον.
1477 2785 1487 2802 ⁹
1505 2784 1548 2813 ΑΙ.
1567 2784 1674 2819 Κόπρη.
