1970 3074
171 146 226 174 253

384 203 454 238 Περὶ
473 204 526 232 τοῦ
545 204 621 232 ἀϐϐᾶ
637 207 747 240 Κύρου.

209 250 279 285 Πρὸς
299 249 344 276 τὸν
369 250 497 286 λογισμὸν
517 251 569 286 τῆς
591 253 730 287 πορνείας,
749 252 933 288 ἐπερωτηθεὶς
946 255 960 280 ὁ

172 296 259 327 ἀὸὃᾶς
289 295 380 331 Κῦρος
402 296 416 322 ὁ
439 295 639 332 Ἀλεξανδρεὺς,
668 298 834 333 ἁπεκρίνατο
862 297 959 330 οὕτως*

179 342 241 369 Ἐὰν
254 341 383 377 λογισμὸν
399 342 450 368 οὐκ
466 341 541 377 ἔχῃς,
556 342 650 368 ἐλπίδα
663 343 713 369 οὐκ
729 343 809 378 ἔχεις
827 345 873 371 ἐὰν
888 345 960 379 λογι-

174 388 258 423 σμοὺς
276 388 326 414 οὐκ
342 387 417 423 ἔχῃς,
431 387 530 423 πρᾶξιν
541 387 622 423 ἔχειζ.
642 388 726 415 Τοῦτο
742 389 770 415 δέ
788 391 870 422 ἐστιν,
889 391 930 417 ὅτι
947 393 962 418 ὁ

174 434 244 461 κατὰ
259 434 376 461 διάνοιαν
393 434 463 469 πρὸς
475 433 524 469 τὴν
538 435 673 470 ἁμαρτίαν
689 435 726 470 μὴ
743 435 877 470 πολεμῶν,
895 437 961 472 μηδὲ

175 479 331 514 ἀντιλέγων,
346 479 510 515 σωματικῶς
528 480 642 515 πράττει
659 481 754 516 αὐτήν.
776 481 806 508 ’0
825 482 879 517 γὰρ
893 483 962 517 ἔχων

174 525 287 561 πράξεις
312 524 357 551 διὰ
371 525 508 560 λογισμῶν
526 526 575 551 οὐκ
591 525 718 560 ὁχλεῖται.
744 526 883 562 Ἦρὼτησε
904 527 932 554 δὲ
948 529 962 554 ὁ

174 571 262 607 γέρων
280 570 325 597 τὸν
348 570 471 605 ἀδελφὺν,
492 571 590 605 λέγων.
608 571 653 606 Μὴ
672 572 814 607 συνήθειαν
827 573 899 607 ἔχεις
922 574 962 605 εἰς

174 616 282 652 ὁμιλίαν
295 616 424 650 γυναικός
437 624 443 648 ;
460 617 514 643 Kal
530 615 606 644 εἶπεν
619 619 633 644 ὁ
645 618 772 652 ἀδελφός·
788 618 835 645 Οὔ·
852 619 962 645 παλαιοὶ

175 663 222 689 καὶ
239 662 293 688 νέοι
308 661 448 696 ζωγράφοι
463 663 531 689 εἰσὶν
543 664 568 689 οἱ
582 663 706 698 λογισμοί
721 672 782 699 μου·
803 665 906 699 μνῆμαί
923 666 961 691 εί-

176 716 218 734 σιν
250 707 377 742 ὀχλοῦσαί
407 716 462 742 μοι,
491 708 538 734 καὶ
569 708 706 742 γυναικῶν
734 709 840 736 εἴδωλα.
876 710 906 736 '0
934 710 962 736 δὲ

175 753 263 788 γέρων
284 753 353 788 πρὸς
378 754 466 781 αὐτόν·
488 754 611 788 Νεκροὺς
635 753 672 788 μὴ
700 753 794 788 φοϐοῦ·
816 754 882 780 ἀλλὰ
899 755 962 786 τοὺς

176 798 279 830 ζῶντας
308 799 402 834 φεῦγε,
431 801 477 827 καὶ
506 799 663 826 ἐπεκτείνου
687 800 785 835 μᾶλλον
814 802 853 832 εἰς
879 809 962 836 προσ-

175 845 268 880 ευχήν.

401 902 484 939 Ἀρχὴ
495 902 540 929 τοῦ
558 904 579 930 Λ
596 912 736 938 στοιχειου.

370 960 439 994 Περὶ
462 959 514 987 τοῦ
535 959 609 987 ἀϐἴᾶ
626 961 765 989 Λουκίου.

212 1013 367 1049 Παρέὸαλόν
394 1015 460 1041 ποτε
486 1024 556 1046 τινες
572 1014 611 1050 τῷ
630 1015 706 1050 ἀΰϐᾷ,
720 1015 828 1050 Λουκίῳ
844 1015 865 1031 ιθ
881 1016 920 1046 εἰς
933 1016 963 1042 τὸ

178 1062 300 1095 Ἐνατον,
311 1063 336 1089 οἱ
353 1062 492 1097 λεγόμενοι
509 1063 637 1089 Εὐκτῖται
649 1063 680 1094 ιι,
693 1063 814 1097 μοναχοὶ·
830 1063 876 1089 καὶ
890 1063 964 1098 ἠρώ-

175 1116 259 1142 τησεν
273 1109 372 1140 αὐτοὺς
386 1109 400 1134 ὁ
414 1109 513 1143 γέρωψ
526 1109 558 1134 Τί
571 1108 600 1136 τὸ
611 1108 767 1143 ὲργόχειρον
781 1108 874 1144 ὑμῶν;
889 1110 920 1135 Οί
934 1109 963 1135 δὲ

175 1153 262 1181 εἷπον·
276 1155 371 1190 Ἡμεῖς
381 1155 411 1181 οὑ
422 1154 591 1189 ψηλαφῶμεν
605 1155 774 1190 ὲργύχειρον’
783 1154 861 1186 ἀλλὰ,
873 1154 963 1187 καθὼς

175 1201 250 1234 λέγει
266 1201 281 1227 ὁ
295 1200 466 1232 Ἀπόστολο;,
484 1200 662 1231 ἀδιαλείπτως
677 1201 892 1236 προσευχόμεθα.
910 1201 963 1227 Kal

175 1246 249 1280 λέγει
263 1246 277 1271 ὀ
291 1246 389 1280 γέρων·
404 1246 460 1272 oon
473 1246 593 1277 ἐσθίετε;
608 1246 663 1273 Kal
676 1243 760 1272 εἷποψ
773 1246 835 1273 Ναί.
852 1247 907 1273 Kal
922 1246 964 1272 λέ-

176 1301 221 1326 γει
234 1292 334 1323 αὑτοίςο
349 1291 414 1318 Ὅτε
428 1290 474 1318 οὖν
487 1291 600 1323 ἐσθίετε,
615 1291 655 1323 τίς
668 1291 775 1327 εὔχεται
785 1292 855 1326 ὑπὲρ
866 1291 942 1326 ὑμῶν
955 1300 962 1324 ;

176 1338 261 1365 Πάλιν
286 1335 333 1363 οὖν
356 1335 430 1364 εἶπεν
451 1338 552 1368 αὐτοῖς·
569 1337 606 1363 Οὐ
627 1337 778 1372 κοιμᾶσθε;
800 1336 850 1363 Kal
874 1334 961 1363 εἷπον·

175 1383 240 1409 Ναί.
254 1382 308 1409 Kal
319 1382 392 1416 λέγει
404 1383 418 1409 ὁ
432 1382 530 1417 γέρων·
544 1382 607 1409 Ὅτε
622 1381 668 1409 οὖν
681 1383 822 1417 κοιμᾶσθε.
834 1382 876 1414 τίς
891 1381 964 1418 εὔχε-

174 1438 220 1455 ται
237 1430 300 1466 περὶ
311 1431 332 1445 ¹²
346 1429 437 1465 ὑμῶνς
453 1431 507 1457 Kal
519 1430 568 1465 οὑχ
583 1427 662 1466 εὗρον
677 1430 745 1465 πρὸς
759 1430 846 1457 ταῦτα
854 1430 964 1465 ἀποκρί-

175 1475 273 1502 νασθαι
293 1475 378 1511 αὐτῷ.
402 1477 458 1502 Καὶ
479 1474 555 1503 εἶπεν
575 1476 674 1508 αὐτοῖς·
691 1476 888 1512 Συγχωρήσατέ
908 1484 962 1511 μοι,

178 1521 233 1547 loco
248 1522 279 1548 οὺ
294 1523 393 1548 ποιεῖτε
408 1521 497 1554 καθὼς
513 1522 615 1556 λέγετε.
635 1522 705 1557 Ἐγὼ
717 1522 745 1549 δὲ
760 1522 873 1549 δεικνύω
888 1522 961 1556 ὑμῖν,

745 147 1052 175 APOPllTllEGMlTA
1072 147 1226 177 PATRUM.

1743 146 1798 175 95$

1282 208 1320 234 De
1339 207 1432 234 abbate
1450 207 1527 243 Cyro.

1051 254 1104 288 tu)
1124 255 1310 289 Interrogatus
1319 254 1404 281 abbas
1414 253 1503 289 Cyrus
1515 253 1715 281 Alexandrinus
1723 254 1796 281 circa

1011 299 1200 327 fornicationis
1223 300 1425 334 cogitationem,
1443 299 1583 334 respondit
1603 299 1636 326 ad
1655 299 1728 326 hunc
1742 307 1799 326 mo-

1010 346 1074 372 dum
1091 353 1097 370 :
1116 345 1144 372 Si
1158 345 1349 380 cogitationem
1364 352 1418 371 non
1436 345 1576 376 habueris,
1594 352 1643 379 spe
1658 352 1734 372 cares
1749 353 1757 372 :
1773 345 1797 372 si

1011 391 1223 426 cogitationibus
1244 391 1392 418 destitutus
1414 399 1455 424 es,
1483 391 1617 418 actionem
1638 394 1725 418 tenes.
1740 390 1797 418 Hoc

1012 441 1101 464 autem
1117 441 1174 464 est:
1192 437 1264 471 quod
1277 437 1322 471 qui
1336 437 1362 463 in
1375 442 1466 464 mente
1477 442 1571 464 contra
1585 441 1728 471 peccatum
1743 445 1798 464 non

1013 488 1124 518 pugnat.
1147 491 1196 510 nec
1220 483 1244 510 ei
1270 483 1395 515 obsistit,
1417 490 1531 517 corpore
1557 483 1622 510 illud
1650 487 1796 517 perpetrat.

1013 529 1118 556 Etenim
1134 528 1180 563 qui
1204 529 1331 563 operibus
1355 529 1488 563 complet,
1511 535 1564 555 non
1588 529 1689 563 patitur
1713 528 1797 556 mole-

1013 574 1093 600 stiam
1110 581 1142 600 ex
1161 573 1383 607 cogitationibus.
1407 572 1585 608 Interrogavit
1607 577 1697 600 autem
1715 581 1799 601 senex

1014 618 1124 644 fratrem
1138 627 1144 644 :
1157 617 1226 644 Num
1243 618 1409 645 consuevisti
1423 625 1484 644 cum
1502 618 1636 645 muliere?
1650 618 1799 653 Respondit

1013 662 1096 690 frater
1114 671 1120 689 :
1137 662 1212 695 Non;
1230 669 1333 690 veteres
1351 670 1383 689 ac
1403 663 1464 690 novi
1484 663 1602 697 pictores
1616 668 1680 692 sunt
1696 664 1800 699 cogita-

1013 708 1101 734 tiones
1126 715 1208 739 ineae;
1231 708 1435 736 recordationes
1455 712 1519 736 sunt
1542 717 1602 744 quae
1627 710 1693 736 mihi
1716 709 1801 737 mole-

1013 754 1092 780 stiam
1109 754 1248 785 exhibent,
1267 762 1370 780 necnon
1390 755 1533 781 mulierum
1554 755 1712 784 simulacra.
1729 755 1798 782 Tum

1013 805 1097 824 senex
1111 798 1143 824 ad
1159 806 1220 824 eum
1234 807 1240 825 :
1256 798 1377 825 Mortuus
1391 807 1425 826 ne
1445 799 1551 832 timeas,
1567 800 1614 826 sed
1629 800 1692 835 fuge
1711 801 1798 831 vivos,

1013 844 1154 878 magisque
1171 851 1265 878 preces
1280 845 1421 879 protende.

1240 900 1406 935 Principinm
1426 902 1523 929 litterae
1541 901 1573 929 L.

1277 959 1313 985 De
1333 958 1426 985 abbate
1443 958 1535 986 Lucio.

1050 1013 1104 1047 (75)
1126 1013 1264 1041 Venerunt
1291 1015 1437 1049 aliquando
1462 1015 1586 1042 nonnulli
1615 1015 1647 1042 ad
1674 1016 1799 1042 abbatem

1014 1060 1126 1087 Lucium
1148 1062 1174 1088 in
1203 1061 1302 1093 Ειιςιιο,
1328 1069 1360 1088 ex
1388 1061 1420 1088 iis
1450 1061 1497 1096 qui
1518 1061 1647 1088 dicuntur
1675 1061 1798 1094 Euctitze,

1013 1106 1159 1138 monachi;
1186 1111 1213 1133 et
1240 1106 1418 1140 interrogavit
1448 1113 1497 1133 eos
1529 1113 1638 1133 senex:
1665 1105 1799 1138 Quidnam

1014 1151 1140 1179 mallibus
1153 1152 1322 1186 operamini?
1347 1151 1558 1186 Responderunt
1572 1160 1578 1178 :
1595 1151 1649 1180 Nos
1667 1160 1721 1179 non
1737 1160 1801 1180 cou-

1013 1197 1144 1232 tingimus
1159 1204 1287 1224 manuum
1301 1205 1388 1231 opus;
1405 1197 1452 1225 sed
1469 1197 1540 1225 sicut
1554 1198 1674 1232 prmcipit
1689 1197 1802 1232 Aposto-

1014 1244 1056 1270 lus
1069 1244 1102 1275 ³⁸,
1114 1250 1226 1271 oramus
1236 1242 1297 1270 sine
1312 1243 1521 1270 intermissione.
1544 1243 1589 1270 Ait
1608 1251 1691 1270 senex
1705 1253 1711 1270 :
1727 1243 1801 1270 Non~

1015 1295 1048 1315 ne
1063 1288 1253 1315 manducetis?
1268 1287 1306 1314 llli
1324 1297 1332 1315 :
1347 1288 1445 1320 Etiam,
1467 1290 1674 1317 mamlucumus.
1691 1289 1778 1317 Senex
1793 1300 1799 1316 :

1014 1334 1128 1367 Quando
1144 1335 1224 1368 igitur
1242 1334 1394 1366 comeditis,
1419 1335 1481 1369 quis
1497 1343 1547 1370 pro
1562 1336 1638 1362 vobis
1650 1336 1729 1363 orat?
1750 1335 1801 1362 Ite-

1014 1388 1073 1407 rum
1090 1381 1134 1406 ille
1160 1380 1193 1406 ad
1217 1388 1265 1407 eos
1280 1389 1286 1406 2
1301 1379 1360 1407 Non
1384 1379 1530 1407 dormitis?
1549 1380 1741 1416 lixccpet’unt:
1761 1382 1801 1407 lla

1013 1429 1065 1455 est,
1079 1424 1239 1451 dormimus.
1253 1423 1321 1451 Tum
1337 1432 1419 1452 senex
1438 1433 1443 1451 :
1460 1424 1574 1458 Quando
1585 1433 1650 1460 ergo
1663 1425 1800 1456 dormitis,

1014 1470 1075 1505 quis
1101 1478 1149 1505 pro
1171 1470 1249 1498 vobis
1266 1470 1344 1498 orat?
1362 1469 1416 1497 Nec
1441 1470 1603 1498 invenerunt
1621 1471 1685 1506 quid
1706 1471 1740 1499 ad
1757 1472 1801 1499 illa

1014 1517 1138 1552 responsi
1162 1517 1268 1544 darent.
1298 1516 1368 1544 Dixit
1392 1517 1432 1544 eis
1449 1525 1454 1542 :
1471 1518 1605 1552 ignoscite
1631 1518 1716 1552 mihi;
1737 1526 1802 1546 ecce

176 1566 218 1593 ὅτι
255 1566 437 1601 ἐργαζόμενος
461 1567 490 1593 τὸ
514 1567 670 1603 ὲργόχειρόν
700 1576 750 1602 μου
787 1567 962 1599 ἀδιαλείπτως

1017 1571 1069 1590 non
1096 1562 1186 1590 facitis
1211 1563 1289 1597 juxta
1316 1571 1470 1590 sermonem
1499 1570 1628 1591 vestrmn.
1656 1564 1710 1599 Ego
1737 1573 1801 1592 vero

177 1611 372 1647 προσεύχομαι.
389 1613 544 1648 Καϐέζομαι
565 1614 612 1640 σὺν
629 1613 688 1649 Θεῷ
706 1613 803 1649 βρέξας
825 1614 861 1640 τὰ
880 1614 965 1648 μικρά

178 1665 229 1693 μου
243 1656 337 1683 θαλλία
354 1657 384 1672 ¹¹ο
394 1657 441 1684 καὶ
449 1657 555 1685 πλέκων
569 1657 638 1684 αὐτὰ
649 1658 752 1693 σειρὰν,
767 1658 846 1692 λέγω
861 1658 963 1691 Ἐλέη-

176 1703 236 1729 σόν
260 1711 307 1737 με,
330 1704 346 1729 ό
369 1703 451 1736 Θεὸς,
476 1705 551 1730 κατὰ
572 1703 604 1730 τὸ
619 1703 696 1738 μέγα
716 1704 802 1736 ἔλεός
827 1711 894 1734 σου,
914 1704 963 1730 καὶ

175 1748 252 1776 κατὰ
264 1749 295 1775 τὸ
307 1749 424 1782 πλῆθος
439 1749 499 1775 τῶν
511 1749 670 1784 οἰκτιρμῶν
685 1758 742 1777 σου
757 1749 920 1784 ἐξάλειιίὊν
932 1750 964 1776 τὸ

175 1794 314 1830 ἀνὸμημά
337 1804 408 1829 μου.
431 1797 486 1823 Καὶ
509 1796 581 1830 λέγει
601 1796 702 1828 αὐτοῖς·
720 1796 776 1822 Οὐκ
800 1796 873 1822 ἔστιν
897 1796 964 1832 εὐχὴ

174 1840 275 1872 τοῦτ-ος
292 1841 347 1866 Kal
362 1839 446 1868 εἷπον·
460 1841 522 1868 Ναί.
539 1842 593 1868 Kal
611 1839 686 1868 εἶπεν
703 1842 803 1874 αὐτοῖς·
820 1842 904 1868 Ὅταν
917 1840 964 1868 οὖν

174 1886 299 1922 ἐμμείνω
314 1887 348 1913 δι’
362 1887 426 1922 ὅλης
438 1887 544 1923 ἡμέρας
559 1887 740 1923 ἐργαζόμενος
751 1887 797 1915 καὶ
809 1888 963 1923 εὐχόμενος,

176 1932 247 1958 ποιῶ
259 1932 350 1958 πλεῖον
363 1932 379 1967 ἢ
395 1932 504 1959 ἔλαττον
519 1933 616 1965 δεχαὲξ
629 1933 726 1968 νουμία
739 1932 818 1968 (75“)·
836 1934 883 1959 xal
894 1942 960 1968 παρ-

175 1979 232 2013 έχω
256 1978 286 2010 ἐξ
314 1978 403 2004 αὐτῶν
434 1979 474 2010 είς
501 1979 550 2015 τὴν
576 1979 661 2014 θύραν
686 1979 743 2011 δύο,
766 1979 813 2006 καὶ
834 1979 868 2005 τὰ
883 1979 964 2006 λοιπὰ

175 2023 270 2050 ἐσθίον
286 2024 332 2050 καὶ
343 2023 450 2059 εὔχεται
462 2024 533 2060 ὑπὲρ
546 2023 613 2059 ἐμοῦ
628 2025 641 2051 ὁ
652 2024 742 2051 λαὸὼν
759 2024 793 2051 τὰ
808 2024 854 2051 δύο
867 2024 963 2059 νουμία

175 2069 221 2095 ὅτε
242 2069 324 2096 ἐσθίω
340 2069 357 2104 ἢ
375 2070 419 2096 ὅτε
440 2070 590 2105 κοιμῶμαι·
606 2071 653 2096 καὶ
669 2069 713 2097 διὰ
727 2071 776 2106 τῆς
790 2071 900 2106 χάριτος
916 2070 963 2097 τοῦ

175 2115 245 2142 Θεοῦ
279 2115 428 2150 πληροῦται
463 2124 508 2151 μοι
540 2116 570 2142 τὸ
601 2116 779 2148 ἀδιαλείπτως
814 2117 963 2152 προσεύχε-

176 2161 251 2189 σθαι.

410 2219 480 2252 Περὶ
499 2219 552 2246 τοῦ
564 2218 638 2247 ὰϐϐᾶ
650 2220 723 2247 Λὼτ.

211 2279 246 2302 α’.
263 2274 349 2302 Ἦλθέ
368 2284 410 2307 τις
423 2275 478 2302 τῶν
495 2276 632 2311 γερόντων
646 2277 714 2312 πρὸς
727 2277 772 2304 τὸν
786 2278 873 2305 ἀϐϐᾶν
889 2278 960 2311 Λὼτ,

176 2321 244 2356 πρὸς
257 2321 278 2336 ’⁸
292 2320 323 2346 τὸ
337 2320 434 2356 μικρὸν
446 2320 506 2352 ἕλος
519 2321 565 2347 τοῦ
586 2322 763 2356 Ἀριι-ενοῖιτου⁷
781 2323 826 2349 καὶ
839 2324 961 2358 παρεκά-

173 2364 253 2391 λεσεν
268 2364 348 2391 αὐτὸν
367 2361 411 2392 διὰ
428 2365 542 2397 κελλίον,
560 2366 606 2392 καὶ
625 2365 724 2393 ἔδωκεν
738 2368 821 2402 αὐτῷ.
838 2366 891 2394 Ἦν
904 2368 932 2394 δὲ
948 2369 962 2395 ὁ

174 2409 264 2443 γέρων
281 2409 407 2444 ἀσθενής·
429 2410 475 2436 καὶ
494 2410 646 2436 ἀνέπαυσεν
659 2411 740 2437 αὐτὸν
758 2412 772 2437 ὁ
788 2411 875 2443 ἀῧϐἄς
888 2412 960 2438 Λώτ*

175 2454 223 2481 καὶ
234 2454 258 2480 εί
272 2454 386 2490 ἧρχοντό
398 2463 470 2486 τινες
479 2456 647 2490 παραϐαλεῖν
657 2456 695 2492 τῷ
707 2457 778 2493 ἀῦὅᾷ
790 2457 862 2488 Λὼτ.
875 2458 962 2485 ἐποίει

174 2499 273 2531 αὐτοὺς
288 2501 457 2535 παραϐαλεῖν
476 2501 523 2528 καὶ
542 2501 580 2537 τῷ
596 2502 702 2538 γέροντι
719 2503 757 2538 τῷ
773 2503 889 2530 ἀσθενεῖ.
908 2505 963 2531 Kal

175 2546 277 2582 ἤρξατο
300 2547 391 2574 λαλεῖν
416 2548 506 2579 αὐτοῖς
531 2547 625 2581 λόγους
648 2548 695 2575 τοῦ
721 2549 883 2584 Ὧριγένους⁶
916 2551 964 2577 καὶ

176 2593 296 2620 ὲολίὸετο
315 2594 330 2620 ὁ
352 2593 438 2625 ἀὸὃᾶς
455 2593 527 2626 Λὼτ,
545 2593 641 2628 λέγων·
655 2595 701 2630 Μὴ
715 2595 762 2621 καὶ
778 2596 925 2632 νομίσωσιν
939 2598 963 2624 οἱ

213 2673 235 2688 ¹⁶
243 2672 294 2708 ΑΙ.
314 2672 396 2700 inser.
411 2672 461 2708 τῷ.

176 2709 200 2727 ¹¹
214 2708 222 2735 1
240 2707 339 2736 Thess.
355 2716 382 2740 v,
398 2707 441 2734 l7;
481 2709 502 2725 ¹⁶
519 2707 592 2736 Psal.
607 2716 632 2740 ι,

213 2765 279 2800 (73‘)
294 2765 371 2792 Ποιῶ
382 2765 522 2800 πλεῖονῗῆ
535 2765 662 2792 ἔλαττον
673 2764 780 2797 δεκαέξ
790 2765 907 2800 νουμία.
924 2764 964 2792 Ad

176 2801 289 2827 verbum
310 2800 435 2835 Pelagius
453 2810 460 2827 :
482 2799 565 2827 Facio
580 2799 639 2832 plus
652 2800 737 2826 minus
754 2799 864 2826 sedecim
884 2808 961 2826 num-

177 2843 244 2862 mos.
259 2835 299 2862 Ex
310 2843 391 2862 sensu
407 2835 522 2862 Rufinus
537 2843 545 2862 :
560 2835 676 2868 Cumque
689 2835 894 2869 percomplevero
906 2843 961 2869 ope-

177 2878 209 2901 ra
226 2878 350 2899 manuum
364 2879 489 2902 mearum,
502 2876 525 2897 et
541 2870 630 2900 aliqua
645 2878 707 2896 raso
724 2875 767 2897 aut
778 2879 874 2905 rauccs
888 2870 959 2905 [uui-

1017 1609 1158 1636 ostendam
1175 1610 1265 1640 vobis,
1289 1609 1361 1644 quid
1374 1616 1442 1644 opus
1455 1617 1583 1636 manuum
1599 1618 1719 1637 mearum
1736 1611 1800 1637 dum

1015 1663 1140 1686 exerceo,
1154 1663 1203 1682 orn
1219 1656 1277 1683 sine
1295 1656 1506 1682 intermissione.
1556 1656 1623 1682 Cum
1649 1655 1703 1683 Deo
1719 1656 1802 1683 sedeo

1016 1702 1171 1738 intingnens
1187 1711 1261 1729 meos
1280 1703 1416 1734 ramulos;
1439 1710 1541 1737 eosque
1560 1703 1586 1730 in
1602 1704 1716 1736 plectam
1735 1710 1802 1730 con-

1016 1753 1139 1781 nectens,
1150 1749 1210 1775 aio:
1227 1747 1351 1775 Miserere
1364 1749 1423 1778 mei.
1439 1748 1518 1780 Deus,
1529 1748 1669 1775 secundant
1678 1756 1801 1782 magnam

1016 1794 1225 1821 misericordiam
1240 1799 1324 1826 luam,
1341 1800 1366 1821 et
1383 1794 1526 1821 secundum
1541 1794 1735 1820 multitudinem
1750 1794 1802 1820 mi-

1015 1841 1292 1867 seratiouumtuarum
1307 1841 1363 1868 dele
1376 1840 1541 1876 iniquitatem
1561 1848 1645 1867 meam
1658 1840 1690 1867 ¹⁶.
1705 1839 1801 1868 Nonne

1015 1886 1041 1912 id
1051 1886 1138 1912 oratio
1153 1885 1430 1920 est?llesponderunt
1440 1896 1446 1913 :
1457 1886 1514 1913 Est.
1524 1887 1625 1913 lterum
1639 1886 1723 1914 :Cum
1735 1894 1801 1921 ergo

1015 1939 1190 1966 permansere
1207 1936 1262 1959 tota
1271 1933 1315 1959 die
1331 1940 1447 1967 operans
1458 1937 1485 1959 et
1497 1940 1590 1964 orans,
1609 1932 1725 1960 conlieio
1738 1932 1800 1967 plus

1014 1977 1105 2004 minus
1127 1977 1244 2004 sedecim
1264 1985 1407 2011 nummos;
1427 1986 1458 2005 ac
1483 1986 1516 2004 ex
1545 1978 1578 2005 iis
1593 1977 1662 2005 duos
1679 1979 1706 2004 in
1722 1981 1801 2012 porta

1014 2023 1256 2058 pi':cbeo,reliquos
1265 2023 1372 2051 insumo
1381 2024 1409 2050 in
1418 2024 1508 2051 cibum
1518 2034 1524 2051 :
1535 2024 1580 2059 qui
1591 2029 1680 2051 autem
1697 2023 1802 2058 accepit

1014 2069 1084 2096 duos
1102 2076 1245 2102 nummos,
1266 2073 1327 2096 orat
1348 2077 1398 2104 pro
1423 2079 1480 2103 me,
1498 2071 1608 2105 quando
1625 2069 1739 2097 comedo
1755 2074 1802 2096 aut

1015 2115 1121 2142 dormio
1141 2125 1148 2142 :
1165 2120 1246 2150 atque
1264 2124 1312 2152 per
1340 2116 1388 2144 Dei
1416 2118 1531 2152 gratiam
1553 2117 1717 2151 adimpletur
1733 2115 1801 2143 mihi

1015 2162 1091 2193 illud.
1108 2162 1167 2190 sine
1181 2163 1387 2191 intermissione
1402 2171 1489 2190 orare.

1285 2217 1325 2244 De
1343 2217 1437 2244 abbate
1454 2217 1531 2244 Lolo.

1053 2275 1078 2302 Ι.
1099 2275 1221 2302 Accessit
1245 2282 1339 2303 senum
1364 2275 1462 2309 aliquis
1484 2274 1517 2301 ad
1539 2273 1664 2301 abbatem
1682 2273 1747 2305 Lot,
1772 2273 1801 2300 in

1016 2328 1127 2356 parvam
1152 2320 1279 2355 paludem
1304 2320 1474 2351 Arsenoitae,
1499 2323 1526 2347 et
1550 2319 1655 2354 rogavit
1671 2326 1733 2346 eum
1752 2326 1802 2353 per

1016 2367 1129 2397 cellam.
1145 2366 1275 2400 deditque
1293 2366 1341 2392 illi.
1360 2364 1521 2400 Egrotabat
1538 2370 1627 2391 autem
1648 2371 1748 2394 senex;
1768 2371 1800 2390 ac

1016 2413 1111 2441 reiecit
1131 2420 1192 2440 eum
1209 2421 1216 2439 :
1233 2412 1304 2447 quod
1323 2412 1347 2439 si
1362 2412 1502 2439 venissent
1525 2410 1608 2445 aliqui
1626 2410 1799 2444 congressuri

1014 2467 1076 2487 cum
1105 2459 1202 2487 abbate
1226 2458 1308 2491 Loto,
1335 2457 1468 2485 elﬁciebat
1493 2462 1523 2484 ut
1550 2457 1632 2484 etiam
1657 2456 1801 2483 visitarent

1015 2513 1108 2533 senem
1130 2504 1280 2532 inﬁrmum.
1305 2503 1394 2538 Cmpit
1415 2510 1481 2538 ergo
1504 2503 1544 2530 eis
1561 2502 1634 2537 loqui
1659 2509 1800 2529 sermones

1015 2550 1140 2586 Origenis
1163 2560 1171 2578 :
1196 2558 1250 2585 qua
1276 2550 1310 2578 de
1328 2556 1410 2577 causa
1431 2548 1515 2576 abbas
1539 2547 1589 2575 Lot
1615 2548 1798 2583 aﬂligebatur:

1015 2597 1068 2632 Ne,
1086 2597 1229 2632 inquiens,
1250 2596 1345 2624 Patres
1369 2595 1526 2624 existiment
1550 2602 1601 2622 nos
1625 2602 1734 2630 quoque
1761 2593 1798 2620 ita

605 2673 715 2734 Ξῖὺέῖτὲι
735 2677 761 2700 et
775 2674 906 2710 Εὑχῆται.
946 2676 967 2691 ¹¹
981 2675 1023 2703 Al.
1039 2675 1118 2710 ὑπέρ.
1166 2675 1187 2691 ¹¹
1201 2675 1243 2703 Al.
1276 2674 1386 2710 ἐμαυτῷ
1402 2673 1497 2702 θαλλία
1513 2673 1612 2710 μικρά.
1652 2673 1673 2689 ⁸⁸
1690 2673 1731 2701 Al.
1747 2673 1797 2706 είς.

668 2727 715 2740 ,u.

1019 2765 1092 2792 culos
1107 2770 1237 2797 emero,et
1252 2765 1336 2799 fecero
1351 2774 1383 2793 ea:
1396 2767 1433 2793 eis
1451 2774 1572 2794 nummos
1586 2766 1681 2796 decem.
1699 2766 1800 2796 δίωξινί

1014 2801 1114 2830 locum.
1130 2801 1175 2835 qui
1191 2801 1403 2835 transpositionc
1419 2802 1570 2830 laborabat.

1050 2835 1106 2870 (74)
1122 2835 1151 2861 In
1168 2835 1291 2870 Ephrzem
1305 2844 1331 2870 p.
1350 2837 1411 2870 3-87,
1426 2845 1453 2864 n.
1475 2837 1516 2864 lO.

1050 2870 1105 2906 (75)
1129 2870 1179 2897 Vit.
1199 2870 1273 2898 Patr.
1292 2879 1339 2905 xu,
1354 2871 1379 2898 9.
