1970 3074
168 166 222 194 255

737 159 910 189 APPENDIX
930 159 975 186 AD
993 155 1208 185 PALLADIUM.
1224 177 1227 179 .

1755 150 1809 177 256

170 227 276 255 sentire
291 237 298 254 :
314 230 432 253 attamen
447 233 502 252 non
518 223 635 252 audebat
658 222 793 249 hominem
808 229 823 248 e
838 221 898 247 loco
909 227 960 254 θμ-
975 237 980 250 λ

1040 218 1142 253 ατὲρες,
1166 216 1206 242 ὅτι
1229 214 1277 241 καὶ
1293 213 1373 249 ἡμεῖς
1397 211 1484 243 οὕτως
1508 210 1604 246 ἐσμέν·
1625 209 1672 235 καὶ
1686 208 1810 234 ἐκεκαλεῖν

171 281 246 306 cere,
263 277 376 308 propter
389 271 547 298 mandatum
561 269 618 296 Dei.
636 268 759 303 Snrgens
771 267 862 302 itaque
875 266 961 292 abhas

170 321 238 352 Lot,
261 319 383 359 perrexit
405 318 439 346 ad
456 318 582 345 abbatem
601 316 762 345 Arsenium,
787 314 963 346 narravitque

172 367 198 394 ei
219 367 254 394 de
278 375 354 394 sene.
379 366 423 392 Ait
447 366 531 392 abbas
555 364 688 392 Arsenius
705 372 711 389 :
728 362 787 389 Noli
811 361 962 396 expellere,

173 414 222 442 sed
244 413 330 440 dicito
345 413 390 440 ei:
408 412 479 439 Ecce
499 419 515 439 e
539 411 617 438 bonis
639 409 686 437 Dei
719 408 869 438 manduca,
887 407 963 438 bibe,

173 463 256 496 prout
269 459 407 489 volueris;
424 462 530 484 tantum
546 458 596 484 hos
611 463 753 484 sermones
767 463 802 482 ne
818 454 965 488 proloqua—

175 505 214 533 ris
231 515 238 532 :
256 504 330 539 quod
346 504 370 531 si
387 503 515 533 voluerit,
533 501 736 532 emendabitur;
756 500 778 527 si
796 507 861 526 vero
876 498 968 525 nolue-

175 551 213 578 rit
235 549 381 578 emendare
409 556 456 579 se,
483 550 579 581 sponte
602 549 748 580 rogaturus
768 548 810 572 est
827 548 853 571 ut
875 543 968 570 eloco

177 595 305 626 secedat,
325 601 375 621 nec
391 597 420 620 tu
434 592 544 620 futurus
559 599 590 618 es
604 591 746 618 discessus
761 597 856 617 causa.
875 589 969 623 itaque

177 649 308 670 reversus
321 640 406 668 abbas
422 639 482 671 Lot,
499 638 536 666 ita
555 637 629 666 fecit.
646 637 715 664 Tum
729 644 811 664 senex
825 641 969 671 postquam

178 687 284 715 audivit
310 688 383 720 haec,
411 685 501 713 noluit
523 684 641 718 corrigi;
672 683 719 711 sed
745 683 827 718 ctepit
855 690 969 717 rogare,

178 734 275 762 dicens
296 743 303 761 :
325 733 440 768 Propter
471 731 635 762 Dominum,
664 730 730 757 hinc
755 738 799 757 me
828 729 969 764 ablegate;

179 788 232 808 nec
246 781 319 808 enim
334 779 451 814 amplius
471 778 548 805 valeo
569 777 706 804 sustinere
721 775 910 803 solitudinem.
924 775 973 802 At-

180 833 235 860 que
253 826 293 853 sic
306 832 456 860 exsurgens
469 831 596 859 egressus
611 826 664 855 est,
680 822 815 850 deductus
832 829 894 849 cum
911 821 975 848 cha-

179 873 274 900 ritate.

216 960 246 988 2.
265 960 392 988 Narravit
408 959 509 994 aliquis
523 959 557 986 de
580 958 701 994 quodam
725 957 810 985 fratre
826 958 853 985 in
875 965 977 992 pecea-

183 1010 240 1033 tum
267 1005 360 1040 lapso,
381 1004 456 1040 quod
477 1011 644 1039 congressus
671 1011 734 1030 cum
764 1003 863 1030 abbate
889 1001 974 1034 Loto,

183 1052 409 1083 conturbaretur,
436 1050 606 1086 ingrediens,
627 1049 781 1085 egrediens.
805 1057 856 1076 nec
880 1049 976 1075 valens

184 1098 290 1126 sedere.
314 1097 384 1125 Dicit
400 1097 424 1124 ei
446 1097 532 1124 abbas
548 1096 598 1123 Lot
622 1105 628 1123 :
653 1096 722 1128 Quid
748 1095 848 1127 habes,
873 1094 976 1122 frater?

183 1144 253 1178 Ille:
268 1143 394 1179 Magnum
409 1143 541 1170 delictum
564 1142 703 1173 commisi,
722 1149 771 1168 nec
789 1149 900 1176 possum
918 1141 976 1168 edi-

185 1197 248 1218 cere
261 1189 399 1216 Patribus.
426 1188 460 1215 Et
476 1196 558 1216 senex
573 1196 580 1215 :
595 1187 733 1215 Conﬁtere
749 1187 814 1214 mihi
834 1187 911 1218 illud,
926 1194 976 1221 ego

185 1237 311 1272 portabo.
324 1236 401 1263 Tunc
422 1236 458 1262 ita
475 1235 585 1262 locutus
600 1239 661 1262 est:
676 1234 762 1262 Incidi
775 1234 803 1260 in
820 1233 978 1260 fornicatio-

187 1289 268 1315 nem;
284 1289 316 1308 ac
341 1285 370 1308 ut
390 1281 444 1308 voti
469 1288 581 1316 compos
599 1288 706 1311 essem,
728 1279 855 1306 mactavi.
875 1279 920 1305 Ait
938 1278 977 1305 illi

187 1334 272 1355 senex
289 1336 295 1354 :
313 1325 425 1354 Conlide
440 1326 513 1361 quod
525 1327 561 1353 sit
578 1325 739 1361 pmnitentia
755 1334 761 1352 :
775 1325 854 1357 vade,
871 1325 935 1352 sede
950 1325 977 1351 in

187 1372 319 1407 spelunca
330 1391 337 1404 ,
354 1379 402 1407 per
416 1372 499 1399 bidua
521 1371 583 1398 cibo
597 1371 704 1398 abstine
714 1390 722 1402 ,
736 1378 786 1405 ego
801 1373 891 1397 tecum
915 1377 979 1404 por-

188 1416 253 1444 tabo
279 1416 423 1443 dimidium
452 1416 572 1451 peccati.
601 1415 695 1450 Itaque
719 1415 862 1450 completis
889 1415 979 1442 tribus

190 1462 424 1494 hebdomadibus,
451 1462 557 1496 plenam
591 1463 697 1497 accepit
722 1462 906 1497 cognitionem
934 1469 980 1489 se-

190 1515 261 1540 nex,
286 1507 359 1542 quod
379 1507 471 1534 fratris
501 1507 690 1542 paenitentiam
716 1507 786 1535 Deus
812 1507 978 1534 admisisset.

190 1553 237 1580 Ille
262 1553 446 1588 perseveravit
472 1554 499 1580 in
523 1554 707 1581 submissione
733 1554 808 1581 senis
833 1561 921 1588 usque
946 1552 979 1580 ad

191 1603 317 1627 mortem.

437 1656 476 1684 De
496 1657 591 1684 abbate
609 1656 738 1692 Longino.

229 1713 256 1740 I.
278 1713 335 1750 (76)
355 1713 537 1749 Interrogavit
563 1714 711 1749 aliquando
737 1713 821 1741 abbas
847 1713 986 1749 Longinus

194 1758 320 1786 abbatem
340 1758 454 1786 Lucium
482 1758 516 1786 de
535 1759 622 1786 tribus
646 1760 870 1794 cogitationibus,
890 1760 984 1786 aiens:

194 1803 265 1831 Volo
284 1804 465 1840 peregrinari.
485 1804 555 1831 Dicit
573 1806 596 1831 ei
613 1812 694 1832 senex
715 1813 721 1831 :
742 1803 799 1831 Nisi
818 1805 987 1832 continueris

195 1851 317 1886 linguam
345 1855 436 1880 tuam.
465 1858 520 1878 non
543 1851 598 1878 eris
627 1850 803 1885 peregrinus,
825 1858 988 1885 quocunque

196 1897 311 1925 abieris.
327 1895 422 1932 Itaque
436 1896 480 1923 hic
495 1897 606 1923 contine
628 1897 764 1931 linguam,
787 1901 814 1923 et
830 1896 989 1931 peregrinus

196 1951 238 1970 es.
256 1942 302 1969 Ait
320 1937 417 1970 iterum
441 1942 581 1978 Longinus
599 1952 604 1968 :
623 1941 689 1968 Volo
709 1942 845 1976 jejunare.
867 1942 990 1977 Ilespon-

198 1987 240 2015 dit
264 1995 348 2016 senex
365 1996 371 2014 :
387 1987 494 2015 Diclum
519 1987 594 2015 Isaiae
610 1988 749 2022 propheta:
767 1993 829 2015 est:
854 1988 883 2015 Si
903 1989 987 2014 incur-

199 2034 298 2061 vaueris
314 2035 390 2069 quasi
403 2039 522 2068 torquem
537 2039 561 2060 et
581 2033 710 2060 circulum
732 2034 829 2060 callum
846 2039 929 2066 tuum,
946 2042 992 2060 nec

200 2080 239 2106 sic
268 2080 404 2106 vocabitur
429 2080 561 2114 jejunium
591 2085 727 2113 acceptum
752 2080 784 2106 ’⁷.
823 2080 875 2107 Sed
902 2081 992 2114 potius

201 2134 298 2154 coerce
311 2134 409 2162 pravas
424 2127 616 2162 cogitationes.
638 2127 684 2152 Ait
699 2127 780 2153 tertio
795 2135 802 2153 :
819 2126 886 2153 Volo
902 2127 994 2161 fugere

202 2173 338 2201 homines.
358 2173 447 2200 Senex
474 2181 636 2207 responsum
658 2173 777 2200 reddidit
799 2180 806 2199 :
831 2172 888 2200 Nisi
917 2174 993 2208 prius

202 2227 264 2246 cum
295 2219 452 2246 hominibus
478 2223 552 2246 recte
577 2219 688 2249 vixeris,
719 2227 773 2246 non
787 2223 864 2254 potes
891 2220 916 2246 in
939 2221 993 2246 vita

203 2266 325 2294 solitaria
339 2265 408 2292 bene
425 2273 514 2300 agere.

237 2311 266 2338 2.
287 2311 391 2338 Monuit
416 2311 500 2338 abbas
525 2310 686 2346 Longinus:
704 2310 793 2338 Semel
812 2312 909 2339 morbo
929 2311 995 2340 atie-

203 2361 275 2389 ctus,
289 2358 333 2384 dic
348 2365 354 2383 2
372 2357 405 2384 Et
421 2365 530 2389 vexare,
541 2363 568 2385 et
582 2366 690 2384 morere
703 2367 710 2391 ;
725 2357 799 2393 quod
819 2358 868 2386 sia
884 2366 927 2386 me
944 2367 994 2393 pc-

203 2403 282 2430 tieris
299 2407 378 2430 extra
400 2407 508 2438 tempus
530 2403 709 2434 manducare,
731 2410 819 2437 neque
837 2403 887 2429 tibi
904 2403 995 2437 quoti-

203 2448 317 2477 dianum
329 2448 488 2475 alimentum
501 2449 638 2483 praebebo.

240 2495 267 2522 5.
289 2493 386 2521 Mulier
408 2494 542 2529 quasdam,
568 2503 628 2528 quae
663 2495 689 2521 in
722 2502 841 2521 mamma
867 2495 994 2521 morbum

204 2539 326 2575 gerebat,
340 2540 386 2573 qui
401 2547 500 2566 cancer
511 2540 673 2574 appellatur,
688 2548 750 2566 eum
763 2540 797 2567 de
807 2540 904 2567 abbate
924 2539 995 2567 Lon-

205 2588 269 2620 gino
285 2586 356 2613 fama
372 2587 532 2621 accepisset,
547 2586 685 2621 qumrebat
700 2591 730 2613 ut
742 2586 767 2614 ei
781 2587 890 2613 obviam
908 2587 993 2613 ﬁeret.

206 2631 326 2660 Sedebat
342 2636 433 2659 autem
454 2632 501 2659 ille
520 2632 554 2659 ad
576 2640 679 2659 nonum
698 2632 732 2659 ab
747 2631 911 2659 Alexandria
928 2631 996 2666 lapi-

205 2677 280 2706 dem.
305 2680 463 2713 lnquirenle
483 2685 549 2713 ergo
568 2678 693 2710 muliere,
720 2678 821 2705 accidit
844 2681 873 2704 ut
897 2677 994 2704 beatus

207 2724 255 2755 Ille
275 2725 308 2753 ad
325 2733 402 2754 mare
418 2726 490 2762 ligna
506 2725 655 2760 colligeret.
677 2725 762 2758 Quem
781 2725 933 2758 inventum,
956 2725 994 2752 ita

246 2804 267 2820 "
282 2804 334 2832 Isa.
347 2811 424 2837 Lvtn,
441 2804 466 2831 5.
506 2804 528 2820 ¹³
539 2804 581 2832 Al.
595 2804 712 2841 πέμψον.

245 2893 303 2930 (76)
325 2894 375 2922 Vit.
397 2893 474 2922 Patr.
495 2901 521 2927 ι,
537 2893 580 2922 33.

1014 262 1094 290 αὑτὸν
1115 262 1149 288 ἐκ
1169 259 1216 287 τοῦ
1235 259 1318 286 τόπου
1347 258 1471 293 ἐφοϐεῖτο
1494 257 1538 283 διὰ
1553 255 1603 291 τὴν
1618 254 1739 290 ἐντολήν.
1757 254 1812 280 Καὶ

1014 307 1133 339 ἀναστὰς
1157 307 1172 333 6
1191 305 1278 336 ἀϐὃᾶς
1292 303 1364 336 Λὼτ,
1381 302 1446 340 ἦλθε
1462 303 1530 339 πρὸς
1548 302 1593 329 τὸν
1608 301 1695 328 ἀϐὖᾶν
1718 301 1812 335 ’Λρσέ-

1014 364 1080 388 νιον,
1100 354 1148 381 καὶ
1159 353 1307 388 διηγήσατο
1322 350 1397 386 αὐτῷ
1410 351 1475 386 περὶ
1487 350 1534 377 τοῦ
1547 349 1683 384 γέροντος.
1698 348 1754 374 Καὶ
1770 347 1814 374 λέι

1015 410 1058 435 γει
1071 399 1146 435 αὑτῷ
1160 401 1174 426 ὁ
1192 387 1279 431 ἆϐϐἇς
1300 397 1448 433 ’Δρσένιος
1468 397 1514 431 Μὴ
1535 395 1633 430 διώξῃς
1647 395 1739 425 αὑτὸν,
1755 387 1813 420 ἀλλ’

1017 447 1078 473 εἰπὲ
1092 445 1176 481 αὐτῷ·
1196 446 1262 472 Ἰδοὺ
1277 446 1309 471 ἐκ
1323 444 1377 471 τῶν
1391 443 1438 470 τοῦ
1454 441 1522 469 Θεοῦ
1549 442 1631 476 φάγε,
1646 441 1703 473 πίε,
1717 440 1754 472 ὡς
1770 439 1815 466 θέ-

1018 493 1085 525 λεις,
1100 493 1178 528 μόνον
1191 492 1236 518 τὸν
1247 492 1326 526 λόγον
1340 491 1434 517 τοῦτον
1452 490 1489 525 μὴ
1505 489 1636 525 λαλήσῃς·
1651 488 1698 515 καὶ
1712 488 1759 514 ἐὰν
1772 487 1816 513 θέ-

1017 538 1063 574 λῃ,
1077 537 1240 573 διορθοῦται“
1259 537 1282 563 εί
1296 536 1324 562 δὲ
1338 535 1375 571 μὴ
1389 534 1452 569 θέλῃ
1468 532 1678 568 διορθώσασθαι,
1688 531 1734 566 ἀφ’
1750 531 1816 557 ἑαυ-

1019 584 1066 611 τοῦ
1078 583 1170 620 μέλλει
1183 582 1351 618 παρακαλεῖν
1368 580 1415 607 τοῦ
1429 579 1606 615 ἀναχωρῆσαι
1620 579 1652 604 ὲκ
1660 577 1707 604 τοῦ
1721 577 1815 603 τόπου*

1020 629 1067 656 καὶ
1080 618 1129 656 οὐκ
1143 629 1197 655 ἀπὸ
1212 627 1258 654 σοῦ
1275 627 1382 661 γίνεται
1401 627 1418 661 ἡ
1434 625 1558 660 ἀφορμή.
1578 622 1716 649 Ἀπελθὼν
1738 618 1785 647 οὖν
1803 621 1818 647 6

1021 675 1108 706 ἀ665⁶ις
1130 674 1191 701 Λὼτ
1208 674 1337 708 ἐποίησεν
1352 672 1448 703 οὕτως.
1466 671 1522 697 Καὶ
1532 671 1546 696 ὁ
1559 670 1649 704 γέρων
1662 668 1700 699 ὠς
1717 668 1817 703 ἤκουσε

1021 721 1118 752 ταῦτα,
1131 721 1182 747 οὐκ
1199 719 1279 755 ἣθελε
1301 717 1509 754 διορθώσασθαι·
1526 716 1582 743 ἀλλ’
1595 715 1675 741 ἔϐαλε
1693 723 1818 750 παρακα-

1022 769 1078 795 λεῖν
1091 767 1187 801 λέγων·
1202 766 1251 792 Διὰ
1265 765 1310 792 τὸν
1332 765 1433 800 Κύριον
1448 762 1575 798 πέμψατέ
1593 762 1614 777 "‘
1632 771 1664 796 με
1682 760 1817 792 ἐντεῦθεν.

1023 815 1064 841 ὅτι
1095 814 1146 840 οὐκ
1174 812 1215 838 ἔτι
1242 811 1362 846 δύναμαι
1385 809 1517 845 βαστάξαι
1549 808 1598 843 τὴν
1623 807 1735 842 ἔρημον.
1764 806 1817 832 Καὶ

1024 859 1110 890 οὕτως
1133 857 1252 888 ἀναστὰς
1277 856 1383 891 ἐξῆλθε,
1409 854 1640 890 προπεμπόμενος
1661 852 1730 888 μετὰ
1751 851 1806 884 ἀγά

991 901 1011 928 Β
1026 914 1090 940 πης.

1063 951 1095 986 β’.
1111 948 1264 984 Διηγήσατό
1287 957 1328 979 τις
1351 946 1414 982 περί
1434 954 1507 976 τινος
1520 944 1634 978 ἀδελφοῦ
1655 944 1821 979 ἐμπεσόντος

1026 999 1065 1029 εἰς
1080 996 1228 1032 ἁμαρτίαν,
1239 995 1279 1021 ὅτι
1292 992 1474 1028 παραϐάλλων
1487 991 1525 1027 τῷ
1538 991 1610 1026 ὰϐὗᾷ
1619 990 1690 1018 Λὼτ.
1704 989 1820 1025 ἐταράσ-

1027 1051 1088 1069 σετο
1113 1040 1304 1076 εἰσερχόμενος
1326 1038 1374 1064 καὶ
1398 1037 1587 1072 ἐξερχόμενος,
1615 1035 1652 1070 μὴ
1673 1035 1822 1069 δυνάμενος

1027 1089 1146 1116 καθίσαι.
1174 1088 1229 1114 Καὶ
1257 1085 1332 1119 λέγει
1347 1084 1420 1119 αὐτῷ
1443 1084 1458 1110 6
1481 1082 1568 1114 ὰὸὅᾶς
1591 1081 1663 1108 Λώτ·
1684 1082 1716 1107 Τί
1737 1080 1820 1116 ἔχεις,

1026 1135 1137 1168 ἀδελφές
1153 1133 1182 1160 '0
1191 1133 1219 1159 δὲ
1232 1130 1317 1158 εἶπεν·
1337 1129 1486 1166 ’Λμαρτίαν
1501 1127 1621 1164 μεγάλην
1632 1126 1758 1161 ἐποίησα,
1773 1125 1822 1153 καὶ

1027 1182 1056 1208 οὐ
1071 1181 1187 1215 δύναμαι
1212 1178 1329 1210 ἐξειπεῖν
1356 1178 1410 1207 τοῖς
1435 1175 1567 1210 Πατρὰσι.
1587 1174 1667 1207 Λέγει
1689 1175 1703 1199 ὁ
1719 1173 1820 1206 γέρωνν

1033 1225 1214 1261 Ὀμολόγησόν
1230 1233 1274 1259 μοι
1295 1221 1390 1256 αὐτὴν,
1406 1219 1484 1254 κάγὼ
1504 1219 1630 1254 βαστάζω
1643 1219 1737 1253 αὑτήν.
1755 1217 1821 1243 Τότε

1028 1271 1103 1299 εἶπεν
1114 1271 1199 1307 αὐτῷ’
1212 1271 1259 1302 Εἰς
1275 1269 1404 1306 πορνείαν
1420 1267 1528 1297 ἔπεσον,
1544 1266 1590 1292 καὶ
1607 1265 1691 1291 ἔθυσα
1708 1263 1755 1290 τοῦ
1772 1272 1821 1290 τυ-

1028 1321 1085 1355 χεῖν
1100 1318 1146 1345 τοῦ
1160 1318 1333 1353 πράγματος.
1348 1314 1404 1342 Καὶ
1422 1314 1498 1348 λέγει
1514 1312 1587 1347 αὐτῷ
1606 1313 1620 1338 6
1634 1311 1732 1346 γέρων·
1751 1310 1824 1345 Θάρ-

1029 1375 1071 1392 σει
1084 1366 1124 1392 ὅτι
1138 1365 1194 1391 ἔστι
1208 1364 1344 1399 μετάνοια·
1362 1361 1463 1395 ὕπαγε,
1480 1359 1566 1386 κάθου
1582 1359 1622 1390 εἰς
1634 1358 1665 1384 τὸ
1680 1356 1822 1392 σπήλαιον,

1030 1411 1076 1437 καὶ
1101 1411 1246 1445 νήστευσον
1266 1407 1311 1434 δύο
1331 1407 1388 1439 δύο,
1404 1405 1482 1440 κάγὼ
1499 1403 1625 1440 βαστάζω
1642 1403 1710 1438 μετὰ
1725 1401 1772 1428 σοῦ
1791 1400 1823 1427 τὸ

1029 1457 1115 1492 ἥμισυ
1134 1455 1184 1491 τῆς
1198 1454 1346 1491 ἁμαρτίας.
1367 1451 1565 1488 Πληρωθεισὼν
1589 1448 1635 1476 οὖν
1661 1448 1716 1475 τῶν
1739 1447 1824 1483 τριῶν

1031 1501 1195 1537 ἑϐδομάδων,
1225 1498 1437 1535 ὲπληροφορήθη
1465 1499 1480 1524 6
1504 1497 1592 1532 γέρων
1618 1496 1658 1521 ὅτι
1681 1493 1788 1526 ἐδέξατο
1811 1493 1827 1520 ὸ

1033 1548 1098 1580 Θεὸς
1111 1548 1160 1583 τὴν
1178 1548 1322 1582 μετάνοιαν
1343 1545 1390 1571 τοῦ
1410 1543 1535 1578 ἀδελφοῦ.
1554 1543 1609 1568 Καὶ
1630 1541 1738 1576 ἔμεινεν
1761 1540 1828 1566 ὐπο-

1035 1594 1201 1628 τασσόμενος
1216 1592 1255 1626 τῷ
1273 1591 1381 1626 γέροντι
1393 1589 1446 1621 ἓως
1462 1589 1508 1615 τοῦ
1521 1587 1635 1615 θανάτου
1652 1585 1745 1612 αὐτοῦ.

1229 1659 1299 1693 Περὶ
1312 1658 1366 1685 τοῦ
1382 1656 1457 1687 ᾰσϐίῐ
1472 1656 1631 1691 Λογγίνου.

1073 1721 1109 1745 α’.
1125 1716 1281 1752 Ἦρὼςησεν
1292 1717 1306 1742 ὁ
1317 1715 1403 1746 ἀϐϐἇς
1422 1715 1552 1748 Λογγῖνος
1559 1712 1604 1739 τὸν
1612 1711 1699 1739 ἀϐὅᾶν
1717 1709 1832 1736 Λούκιον

1038 1773 1104 1791 ποτε
1120 1765 1191 1798 τρεῖς
1212 1762 1369 1796 λογισμοὺς,
1386 1760 1484 1794 λέγων·
1501 1759 1576 1785 Θέλω
1599 1756 1760 1790 ξενιτεῦσαι.
1782 1755 1833 1782 Λέ-

1039 1820 1082 1846 γει
1100 1810 1174 1846 αὐτῷ
1190 1812 1204 1837 ὁ
1220 1810 1319 1845 γέρων·
1343 1808 1406 1835 Ἐὰν
1430 1808 1467 1843 μὴ
1491 1806 1631 1842 κρατήσῃς
1644 1804 1694 1838 τῆς
1708 1802 1834 1846 γλώσσης

1040 1867 1098 1888 σου,
1119 1857 1169 1883 οὑκ
1193 1854 1217 1882 εἷ
1233 1855 1318 1887 ξένος,
1340 1855 1406 1880 ὃπου
1427 1853 1475 1879 ἐὰν
1495 1851 1626 1887 ἀπέλθῃς.
1650 1849 1704 1875 Καὶ
1720 1845 1771 1874 ὦδε
1788 1845 1835 1873 οὖν

1041 1905 1178 1940 κράτησαν
1190 1903 1238 1938 τῆς
1250 1901 1377 1935 γλώσσης
1388 1908 1445 1930 σου,
1459 1898 1506 1925 καὶ
1524 1897 1598 1930 ξένος
1610 1894 1644 1922 εἷ.
1664 1895 1746 1928 Λέγει
1761 1892 1836 1928 αὐτῷ

1041 1950 1132 1976 πάλιν·
1151 1948 1226 1975 Θέλω
1244 1946 1401 1982 νηστεῦσαι.
1429 1943 1576 1979 Ἀπεκρίθη
1603 1943 1617 1968 6
1636 1941 1734 1977 γέρων·
1752 1937 1837 1966 Εἶπεν

1048 1996 1162 2026 Ἡσαΐας
1179 1995 1192 2021 6
1207 1993 1359 2030 προφήτης·
1379 1991 1450 2018 Ἐὰν
1471 1989 1594 2024 κάμψῃς
1608 1987 1648 2020 ὡς
1664 1985 1769 2013 κλοιὸν
1786 1984 1836 2010 καὶ

1043 2043 1147 2076 κρίκον
1165 2041 1218 2067 u‘r
1233 2038 1385 2073 τράχηλόν
1399 2045 1469 2067 σου,
1489 2034 1560 2062 οὐδὲ
1577 2033 1670 2065 οὕτως
1685 2030 1838 2064 κληθήσε-

1043 2075 1091 2113 ται
1106 2085 1231 2118 νηστεία
1243 2083 1343 2115 δεκτή·
1362 2081 1430 2108 ἀλλὰ
1451 2080 1551 2116 μᾶλλον
1570 2078 1707 2113 κράτησαν
1724 2075 1778 2102 τῶν
1794 2083 1840 2101 πο-

1044 2132 1134 2168 νηρῶν
1148 2130 1295 2165 λογισμῶν.
1315 2129 1396 2162 Λέγει
1411 2127 1486 2161 αὐτῷ
1498 2126 1529 2152 τὸ
1539 2125 1638 2160 τρίτον
1656 2123 1730 2149 Θέλω
1743 2122 1841 2157 φυγεῖν

1045 2181 1106 2211 τοὺς
1124 2177 1294 2213 ἀνθρώπους.
1316 2174 1465 2210 ’Λπεκρίθη
1481 2174 1494 2200 ὁ
1509 2173 1608 2208 γέρων
1629 2171 1693 2197 Ἰὶἁν
1713 2170 1750 2205 μὴ
1764 2168 1841 2205 πρῶ-

1046 2235 1091 2252 τον
1106 2224 1282 2260 κατορθώσῃς
1300 2222 1369 2258 μετὰ
1386 2221 1440 2247 τῶν
1454 2219 1617 2254 ἀνθρώπων,
1636 2216 1700 2242 οὐδὲ
1717 2215 1841 2250 καταμόν-

1048 2278 1095 2300 va;
1120 2268 1231 2294 δύνασαι
1249 2265 1429 2302 κατορθῶσαι.

1084 2312 1116 2347 β’.
1131 2311 1212 2339 Εἶπεν
1226 2313 1240 2338 ὁ
1255 2311 1341 2342 ἀῧϐἄς
1357 2310 1498 2344 Λογγῖνος·
1515 2307 1608 2339 ’Λπαξ
1619 2305 1755 2337 κακωθεὶς
1766 2305 1840 2339 λέγε,

1048 2359 1102 2384 Καὶ
1115 2357 1266 2389 καχώθητι,
1290 2356 1336 2382 καὶ
1357 2354 1500 2381 ἀπόθανον·
1518 2352 1566 2379 ἐὰν
1579 2352 1607 2378 δὲ
1624 2351 1779 2386 ἅπαιτήσῃς
1808 2360 1842 2385 με

1048 2403 1124 2438 παρὰ
1141 2403 1236 2438 καιρὸν
1254 2402 1362 2436 φαγεῖν,
1381 2400 1442 2426 οὐδὲ
1461 2399 1511 2434 ’τὴν
1524 2397 1711 2434 καθημερινὴν
1726 2405 1766 2423 σοι
1783 2405 1844 2432 τρο·

1049 2450 1102 2484 φὴν
1117 2448 1264 2484 προσφέρω

1084 2498 1117 2529 γ’.
1134 2495 1204 2530 Γυνή
1222 2503 1264 2526 τις
1274 2494 1373 2530 ἔχουσα
1387 2492 1472 2524 πάθος
1481 2492 1553 2520 κατὰ
1564 2491 1612 2519 τοῦ
1627 2490 1734 2526 μασθοὖ
1747 2488 1842 2522 αὐτῆς,

1048 2541 1079 2568 τὸ
1089 2541 1233 2576 λεγόμενον
1244 2538 1531 2577 καρκίνον,ἀκούσασα
1550 2538 1613 2573 περὶ
1630 2537 1675 2564 τοῦ
1690 2536 1844 2569 ἁὸϐᾱιΛογ-

1049 2588 1136 2622 γίνου,
1151 2587 1267 2622 ἐζήτησε
1289 2586 1430 2620 συντυχεῖν
1447 2584 1531 2619 αὐτῷ.
1560 2582 1694 2618 Ἐκάθητο
1705 2579 1753 2609 οὖν
1767 2578 1845 2614 οὗτος

1012 2247 1031 2273 D

1049 2634 1078 2659 ὲν
1094 2633 1133 2668 τῷ
1152 2632 1238 2667 ἐνάτῳ
1253 2632 1358 2667 σημείῳ
1380 2628 1583 2665 Ἀλεξανδρείας
1598 2629 1628 2655 ι’.
1638 2626 1845 2662 ,Ἐπιζητούσης

1048 2679 1077 2706 δὲ
1088 2681 1137 2715 τῆς
1151 2678 1291 2713 γυναικὸς,
1307 2677 1407 2713 συνέϐη
1422 2677 1468 2704 τὸν
1485 2676 1619 2712 μακάριον
1632 2675 1736 2701 ἐκεῖνον
1753 2672 1845 2699 συλλέ-

1047 2734 1106 2760 γειν
1129 2725 1195 2758 ξύλα
1220 2724 1295 2760 παρὰ
1312 2724 1361 2760 τὴν
1384 2723 1534 2752 θάλασσαν.
1551 2722 1606 2750 Καὶ
1621 2719 1739 2757 εὑροῦσα
1753 2716 1847 2750 αὑτὸν,

755 2805 776 2822 ¹⁹
796 2805 839 2833 Al.
857 2805 919 2834 add.
936 2803 974 2840 τῷ
990 2804 1056 2841 πρὸς
1073 2804 1190 2841 δυσμάς.
