1970 3074
151 153 206 182 $57

725 152 1030 182 APOPHTHEGMATA
1050 152 1206 181 PATRUM.

1725 158 1778 186 238

150 212 224 245 λέγει
241 212 324 247 αὐτῷ*
345 211 439 243 ’Λ66ᾶ,
462 212 514 239 ποῦ
533 213 609 248 μένει
633 213 646 238 ὁ
671 213 758 245 eaea;
784 213 938 247 Λογγῖνοςέ

999 211 1183 246 compellavit,
1198 211 1324 237 nesciens
1335 211 1422 245 ipsum
1434 219 1496 239 esse
1508 212 1611 244 :Abb‘a,
1626 212 1671 239 ubi
1688 219 1779 241 manet

148 257 241 289 δοῦλος
251 258 298 284 τοῦ
313 257 379 284 Θεοῦ
393 268 400 290 ς
413 257 449 294 μὴ
462 258 548 285 ειδυῖα
559 259 598 285 ὅτι
614 259 693 290 αὐτὸς
709 259 794 285 ἐστιν.
811 260 840 284 '0
854 259 881 285 δέ
892 267 944 294 φη-

116 313 120 319 ι
151 312 187 330 σι·
206 303 239 330 Ti
257 303 343 335 Θέλεις
355 304 401 330 τὸν
412 303 539 339 ἐπιθέτην
552 305 672 337 ἐκεῖνονς
688 305 724 340 μὴ
742 305 862 341 ἀπέλθῃς
875 305 942 339 προς

149 348 240 374 αὐτόν·
258 348 391 383 ἐπιθέτης
405 348 459 383 γάρ
470 350 539 375 ἐστι.
555 349 588 375 Τί
601 349 630 376 δέ
647 351 720 376 ἐστιν
734 349 748 375 ὃ
764 350 852 384 ἓχειςς
870 350 902 376 Ἦ
913 350 941 376 δὲ

149 394 219 428 γυνὴ
243 393 326 426 ἔδειξε
349 394 379 420 τὸ
403 395 499 426 πάθος.
522 395 550 421 ’0
567 395 595 421 δὲ
619 395 773 430 σφραγίσας
790 395 836 422 τὸν
847 396 939 428 τόπον,

149 439 284 465 ἀπέλυσεν
306 439 401 474 αὐτὴν,
418 440 512 466 εἰπών·
539 441 668 472 Ἀπελθε,
682 441 729 467 καὶ
742 442 756 467 ὁ
771 441 837 473 Θεός
850 449 880 467 σε
896 441 941 468 θε-

149 485 273 521 ραπεύει·
297 486 428 519 Λογγῖνος
454 486 509 521 γὰρ
527 486 603 513 οὐδέν
618 495 648 513 σε
661 487 773 514 δύναται
788 487 939 522 ὠφελῆσαι.

155 530 272 565 Ἀπῆλθε
284 530 311 556 δὲ
327 532 343 566 ὴ
362 531 430 567 γυνὴ
443 531 610 559 πιστεύσασα
630 532 669 568 τῷ
684 533 765 567 λόγῳ,
783 534 830 559 κού⁸
843 533 940 569 ἐθερα-

148 576 236 612 πεύθη
255 577 434 613 παραχρῆμα.
450 578 527 605 Μετὰ
540 578 624 605 ταῦτα
641 579 828 614 διηγησαμένη
839 580 894 606 τισὶ
908 580 938 606 τὸ

149 624 277 657 πρᾶγμα,
291 623 338 650 καὶ
352 623 386 650 τὰ
402 625 501 659 σημεῖα
515 625 630 651 εἰποῦσα
649 625 697 651 τοῦ
720 626 856 661 γέροντος,
873 635 940 661 μαν-

149 667 224 694 Θάνει
238 669 278 694 ὅτι
295 668 376 700 αὑτός
384 669 457 697 ἐστιν
470 671 484 696 ὁ
498 670 584 701 ἁ66ᾱς
596 671 736 704 Λογγῖνος.

184 714 215 741 δ’.
232 714 342 741 ’Δλλοτε
358 714 438 742 πάλιν
456 715 582 751 φέρομσιν
600 716 675 751 αὐτῷ
693 725 765 748 τινες
778 717 938 752 δαιμονιῶν-

148 767 193 786 τα.
214 760 243 785 Ὀ
255 760 283 786 δέ
298 768 380 795 φησιν
394 760 462 795 πρὸς
490 760 597 792 αὐτούς·
623 761 692 795 Ἐγώ
707 767 733 788 τι
747 762 858 797 ποιῆσαι
873 762 937 794 ὑμῖν

148 806 198 832 οὐκ
215 805 278 840 ἔχω’
291 806 359 832 ἀλλὰ
374 806 473 840 μᾶλλον
489 807 621 833 ἀπέλθετε
635 807 703 842 πρὸς
717 807 763 834 τὸν
784 808 870 834 ἀϐϐᾶν
883 808 937 843 Ζή-

147 859 231 878 νωνα.
245 848 309 878 Εἶτα
321 852 335 877 ὁ
350 852 437 883 ὰὸὄᾶς
450 853 542 886 Ζήνων
551 851 651 888 ἤρξατο
663 853 816 880 ἐπικεῖσθαι
828 853 866 888 τῷ
880 854 938 880 δαί-

149 905 210 932 μονι
228 897 364 924 ἐκδιώκων
381 897 471 924 αὐτόν.
496 898 549 925 Καὶ
568 899 669 934 ἤρξατο
698 899 761 934 βοᾷν
789 901 803 926 ὀ
822 899 935 934 δαίμων·

150 943 230 980 Ἀρτι
243 943 372 977 νομίζεις,
394 944 467 970 acea
489 945 592 979 Ζήνων,
604 945 645 971 ὅτι
671 945 715 971 διὰ
731 946 760 972 σὲ
776 945 933 981 ἐξέρχομαι·

150 988 206 1014 ἰδοὺ
221 989 236 1014 ὁ
251 988 336 1019 ἁὸϐἄς
350 989 480 1023 Λογγῖνος
498 990 556 1015 ἐκεῖ
578 989 767 1024 προσεύχεται,
790 990 848 1016 κατ’
869 990 936 1026 ἐμοῦ

148 1034 328 1068 ἐντυγχάνων·
346 1035 394 1061 καὶ
412 1035 578 1070 φοϐούμενος
591 1035 640 1066 τὰς
657 1035 738 1071 εὐχὰς
761 1036 842 1062 αὐτοῦ
860 1036 934 1072 ἐξέρ-

148 1088 242 1115 χομαι,
254 1080 314 1106 ἐπεὶ
325 1081 374 1106 οὐκ
385 1080 484 1107 ἐδίδουν
500 1089 540 1107 σοι
555 1081 708 1117 ἀπόκρισιν.

184 1128 215 1152 ε’.
226 1123 310 1152 Εἶπεν
321 1127 335 1152 ὁ
352 1125 439 1157 ἀὸὁᾱς
454 1127 585 1160 Λογγῖνος
608 1127 647 1162 τῷ
661 1127 732 1162 ἀϐΰᾷ
755 1127 884 1163 Ἀκακίῳ’
904 1129 935 1155 Ἦ

148 1171 216 1207 γυνὴ
232 1171 292 1198 τότε
309 1171 437 1205 γινώσκει
448 1172 488 1198 ὅτι
504 1172 660 1205 συνέλαϐεν,
677 1174 740 1200 ὅταν
752 1174 834 1208 σταλῇ
851 1174 881 1200 τὸ
895 1171 935 1200 ai-

150 1225 188 1252 μα
201 1217 295 1252 αὐτῆς.
308 1217 401 1250 Οὖτως
417 1215 463 1244 οὖν
479 1219 525 1245 καὶ
542 1219 558 1254 ὴ
574 1219 657 1255 ψυχὴ,
668 1220 728 1246 erit:
742 1221 871 1254 γινώσκει
896 1222 935 1248 ὅτι

149 1263 280 1290 συνέλαὸε
301 1263 414 1298 Πνεῦμα
429 1264 518 1298 ἅγιον,
534 1265 598 1291 ὅταν
622 1265 704 1300 σταλῇ
723 1267 757 1292 τὰ
777 1268 872 1301 ῥέοντα
888 1267 935 1293 ἀπ’

148 1310 234 1344 αὐτῆς
244 1309 364 1336 κάτωθεν
378 1311 461 1346 πάθη.
479 1310 524 1337 'Ev
538 1312 593 1347 ὅσῳ
608 1312 636 1338 δὲ
651 1312 771 1347 ἐνέχεται
788 1314 815 1339 ἐν
832 1313 933 1345 αὐτοῖς.

149 1355 209 1387 πῶς
225 1355 336 1382 δύναται
357 1357 505 1389 κενοδοξεῖν
524 1357 562 1389 ὡς
577 1358 701 1393 ἁπαθής;
722 1359 771 1391 Δὸς
782 1356 862 1394 αἷμα,
891 1360 938 1387 καὶ

149 1400 214 1428 λάὸε
227 1402 348 1437 Πνεῦμα.

373 1514 457 1549 Ἀρχὴ
471 1513 519 1540 τοῦ
531 1515 559 1541 Μ
572 1514 715 1549 στοιχείου.

223 1570 292 1605 Περὶ
306 1570 359 1598 τοῦ
374 1570 449 1598 ἁὸϐίὶ
460 1571 616 1605 Μακαρίου
630 1571 684 1599 τοῦ
694 1572 866 1606 Αἰγυπτίου.

187 1627 222 1654 α’.
241 1628 396 1662 Διηγήσατο
410 1627 472 1662 περὶ
488 1627 583 1654 ἑαυτοῦ
596 1629 609 1654 ό
625 1628 712 1660 ἁὸϐἂς
727 1629 879 1664 Μακάριος,
894 1629 938 1655 λέ-

150 1682 217 1708 γων·
237 1674 302 1700 Ὅτε
313 1674 386 1709 ἥμην
401 1673 532 1709 νεώτερος
555 1675 602 1700 καὶ
626 1674 765 1710 ἐκαθήμην
780 1676 820 1707 εἰς
835 1675 940 1702 κελλίον

151 1721 192 1751 εἰς
202 1719 349 1754 Αἴγυπτον,
364 1720 521 1755 ἐκράτησάν
535 1729 568 1755 με
593 1721 638 1747 καὶ
663 1721 793 1756 ἐποίησαν
810 1720 939 1756 κληρικὸν

150 1767 192 1797 εἰς
204 1766 253 1801 τὴν
264 1765 371 1801 κώμην.
386 1766 440 1792 Καὶ
458 1766 495 1800 μὴ
513 1766 596 1792 θέλων
609 1766 817 1799 καταδέξασθαι,
840 1766 940 1801 ἔφυγον

150 1812 191 1842 εις
198 1811 293 1846 ἕτερον
302 1811 393 1838 τόπον.
401 1811 455 1837 Καὶ
465 1809 530 1846 ἦλθε
543 1811 609 1846 πρὸς
623 1812 655 1845 μὲ
666 1811 782 1846 εὐλαϐὴς
797 1812 938 1846 κοσμικὸς,

150 1856 200 1883 καὶ
215 1855 352 1891 ἐλάμϐανε
371 1857 402 1883 τὸ
419 1857 576 1892 ὲργόχειρόν
593 1866 655 1892 μου,
673 1857 720 1884 καὶ
739 1857 858 1892 διηκόνει
883 1867 939 1893 μοι.

150 1903 257 1938 Συνέϐη
278 1903 305 1929 δὲ
321 1903 375 1929 ἀπὸ
394 1903 547 1939 πειρασμοῦ
565 1903 588 1919 ¹⁰
606 1903 740 1938 παρθένον
754 1904 816 1930 τινὰ
831 1905 871 1935 εἰς
891 1904 940 1938 τὴν

149 1948 249 1984 κώμην
263 1950 398 1976 ἐκπεσεῖν.
410 1950 465 1976 Καὶ
478 1949 596 1976 λαϐοῦσα
609 1949 679 1975 κατὰ
688 1949 804 1985 γαστρὸς
817 1950 940 1984 ἡρωτᾶτο

149 1995 193 2027 τίς
206 1995 249 2031 εἰη
265 1993 367 2021 ὁτοῦτο
380 1994 547 2030 πεποιηκώς.
564 1995 594 2021 Ἦ
610 1995 638 2021 δὲ
661 1995 762 2030 ἔλεγεν·
782 1996 811 2022 '0
833 1995 940 2030 ἀναχω-

152 2041 247 2076 ρητής.
257 2042 313 2067 Καὶ
327 2041 480 2074 ἐξελθόντες
490 2041 633 2068 συνέλαϐον
644 2051 677 2077 με
688 2043 728 2070 εἷς
743 2042 791 2077 τὴν
805 2042 940 2077 κώμην²¹,

150 2086 199 2112 καὶ
212 2086 369 2121 ἐκρέμασαν
384 2087 413 2112 ἐν
425 2086 464 2121 τῷ
477 2086 604 2123 τραχήλῳ
621 2095 671 2122 μου
687 2087 879 2122 ἤσϐολωμένας
892 2088 941 2122 χύ-

149 2141 219 2167 τρας
234 2133 282 2158 καὶ
297 2132 366 2159 ὠτία
382 2132 490 2166 κούφων
504 2133 570 2167 (Ti),
585 2133 632 2159 καὶ
652 2133 894 2168 περιεπόμπευσάν
908 2142 940 2169 με

151 2179 181 2204 ὲν
191 2180 224 2214 τῇ
241 2178 321 2214 κώμῃ
342 2178 413 2204 κατὰ
431 2178 551 2214 ἄμφοδον
575 2178 642 2214 (78),
661 2178 806 2210 τύπτοντες
821 2188 866 2214 με.
894 2179 941 2205 καὶ

995 256 1079 283 abbas
1095 255 1234 290 Longinus
1255 264 1351 282 servus
1368 256 1437 283 Dei?
1452 256 1603 292 Respondit
1617 265 1623 283 :
1640 258 1710 290 Quid
1727 266 1778 286 cn-

994 301 1035 335 pis
1051 302 1084 327 ab
1101 302 1253 336 impostore
1267 301 1332 327 illo?
1349 300 1408 328 Noli
1424 302 1456 329 ad
1478 309 1539 329 eum
1554 302 1707 337 proﬁcisci;
1728 303 1779 331 de-

991 352 1086 382 ceptor
1108 348 1180 374 enim
1202 352 1254 374 est.
1278 347 1348 379 Quid
1369 355 1434 374 vero
1458 352 1499 375 est
1521 349 1593 383 quod
1618 349 1724 377 habes?
1743 351 1780 378 At

991 393 1090 420 mulier
1112 393 1238 419 morbum
1262 393 1393 420 ostendit.
1413 393 1459 421 Ille
1483 393 1561 428 signo
1583 395 1674 422 crucis
1696 403 1779 430 super

991 438 1082 465 locum
1109 438 1197 465 morbi
1219 438 1302 469 facto,
1321 439 1424 466 dimisit
1441 446 1500 466 eam
1519 447 1581 466 cum
1605 440 1649 468 his
1664 442 1777 469 verbis:

990 484 1052 516 Abi,
1072 484 1143 512 Deus
1157 488 1183 511 te
1199 484 1327 511 sanabit:
1347 484 1488 520 Longinus
1512 486 1616 520 quippe
1640 487 1707 513 nihil
1729 495 1778 522 po-

991 534 1044 557 test
1067 531 1198 565 prodesse
1223 531 1282 557 tibi.
1305 531 1435 559 Discessit
1449 532 1556 565 mulier,
1580 535 1698 560 sermoni
1718 541 1779 561 cre-

990 576 1077 610 dens";
1099 576 1299 612 confestimque
1316 582 1411 604 curata
1435 582 1487 605 est.
1512 578 1611 606 Postea
1636 587 1697 606 cum
1721 588 1778 607 rem

990 621 1153 656 quibusdam
1175 627 1326 655 narrasset,
1341 630 1373 650 ac
1388 624 1546 658 protulisset
1568 624 1643 652 senis
1664 625 1777 657 indicia,

989 667 1084 694 didicit
1096 668 1186 701 ipsum
1204 668 1289 695 fuisse
1308 669 1431 696 abbatem
1449 669 1616 705 Longinum.

1026 713 1052 739 ιίι.
1073 713 1133 740 Alio
1152 714 1249 741 iterum
1273 719 1394 749 tempore
1416 716 1526 749 quidam
1556 715 1729 743 adduxerunt
1752 716 1778 743 ci

989 757 1198 785 daemoniacnm.
1219 759 1266 786 Ille
1284 768 1348 787 vero
1363 760 1401 786 ait
1421 761 1454 787 ad
1470 768 1517 788 eos
1533 770 1539 788 :
1564 761 1619 796 Ego
1634 762 1712 789 vobis
1730 770 1778 789 ne-

988 812 1060 838 queo
1069 805 1216 839 quidquam
1231 805 1320 833 facere
1331 815 1338 839 ;
1349 807 1395 833 sed
1410 807 1481 834 abite
1491 807 1582 842 potius
1598 808 1630 835 ad
1648 809 1776 836 abbatem

990 849 1138 877 Zenonem.
1157 851 1251 878 l’ostea
1267 852 1350 878 abbas
1361 851 1433 879 Zeno
1450 853 1532 887 carpit
1546 854 1649 880 instare
1663 854 1777 881 dantuoui

993 901 1022 923 ut
1036 904 1097 924 eum
1113 897 1270 931 expelleret.
1285 897 1393 925 Daemon
1408 903 1498 926 autem
1517 900 1618 934 incepit
1636 901 1755 928 clamare
1769 911 1775 929 :

986 940 1072 977 Modo
1094 945 1184 975 putas,
1215 942 1284 969 abba
1309 942 1392 973 Zeno,
1412 950 1454 970 me
1484 948 1595 978 propter
1619 949 1645 972 te
1665 946 1776 980 egredi;

992 994 1057 1013 ecce
1072 987 1156 1014 abbas
1169 987 1309 1021 Longinus
1325 988 1379 1014 illic
1397 993 1468 1020 orat,
1482 990 1613 1018 adversus
1633 999 1676 1018 me
1694 993 1778 1020 inter-

994 1033 1099 1067 pellans
1115 1041 1120 1058 :
1134 1036 1161 1060 et
1173 1034 1276 1060 veritus
1296 1034 1370 1061 illius
1389 1041 1494 1068 preces,
1514 1035 1634 1064 excedo:
1648 1037 1716 1065 alias
1728 1038 1777 1066 tibi

993 1087 1047 1106 non
1062 1079 1198 1107 dedissem
1217 1087 1391 1114 responsum.

1029 1123 1056 1151 5.
1077 1123 1150 1150 Dixit
1176 1125 1260 1152 abbas
1274 1124 1415 1160 Longinus
1429 1125 1520 1153 abbati
1539 1127 1640 1154 Acacio
1661 1137 1668 1154 :
1688 1127 1779 1155 Femi-

992 1177 1027 1197 na
1040 1175 1104 1197 tnnc
1118 1171 1259 1206 cognoscit
1270 1179 1300 1199 se
1320 1172 1491 1207 concepisse,
1508 1179 1569 1199 cum
1592 1174 1700 1200 steterit
1715 1181 1778 1201 san-

996 1218 1058 1252 guis
1075 1217 1135 1252 ejus
1149 1225 1155 1243 :
1167 1218 1202 1244 ita
1212 1225 1276 1253 ergo
1293 1221 1320 1244 et
1336 1218 1436 1248 anima.
1454 1223 1518 1245 tunc
1533 1219 1607 1246 novit
1621 1219 1693 1254 quod
1710 1227 1778 1247 con-

993 1263 1097 1298 ceperit
1110 1263 1242 1298 Spiritum
1258 1268 1397 1296 sanctum,
1418 1265 1528 1299 quando
1539 1268 1673 1292 steterunt
1684 1267 1730 1301 qui
1743 1267 1778 1294 ab

992 1317 1023 1336 ca
1040 1309 1158 1336 inferius
1176 1309 1265 1336 ﬂuunt
1278 1310 1391 1337 allectus
1406 1310 1473 1344 (79).
1486 1310 1612 1344 Quandiu
1637 1316 1727 1339 autem
1742 1313 1778 1340 iis

992 1355 1109 1382 obnoxia
1127 1360 1178 1387 est,
1197 1363 1250 1390 qua
1267 1356 1373 1384 ratione
1392 1361 1492 1391 potest.
1514 1358 1589 1385 velut
1607 1366 1693 1385 vacua
1716 1366 1778 1393 per-

991 1400 1207 1432 turbationibus,
1224 1401 1286 1428 duci
1303 1410 1373 1429 vana
1392 1402 1498 1437 gloria?
1513 1402 1551 1429 Da
1565 1404 1736 1440 sanguinem,
1751 1409 1778 1433 et

992 1447 1086 1481 accipe
1097 1447 1235 1481 spiritum.

1223 1511 1390 1547 Principium
1407 1513 1502 1541 littera:
1514 1508 1549 1541 Μ.

1166 1570 1205 1597 De
1220 1571 1313 1598 abbate
1328 1570 1448 1598 Macario
1464 1570 1599 1607 Egyptio.
1621 1591 1623 1593 ι

1026 1627 1051 1654 1,
1071 1627 1127 1662 (80)
1151 1627 1277 1654 Narravit
1309 1627 1342 1655 de
1366 1629 1456 1662 scipso
1478 1629 1563 1656 abbas
1580 1628 1726 1662 Macarius,
1743 1630 1778 1657 ad

990 1673 1063 1700 hunc
1082 1673 1193 1700 modum
1211 1682 1218 1701 :
1239 1674 1354 1706 Quando
1371 1682 1445 1702 eratn
1469 1675 1588 1709 juvenis,
1615 1679 1642 1702 et
1660 1675 1687 1702 itt
1709 1676 1776 1703 cella

989 1719 1142 1746 residebant
1158 1720 1184 1746 in
1200 1719 1328 1754 Egypto.
1344 1720 1582 1754 apprelienderunt
1598 1728 1639 1747 tne
1655 1728 1687 1748 ac
1701 1721 1774 1749 fece-

991 1770 1055 1792 runt
1079 1765 1208 1792 clericum
1232 1766 1258 1791 iu
1284 1765 1353 1792 vico.
1382 1764 1434 1793 Sed
1460 1767 1555 1793 nolens
1583 1766 1777 1800 acquiescere,

991 1811 1046 1846 fugi
1061 1811 1092 1838 ad
1110 1812 1192 1838 alium
1215 1812 1316 1838 locum.
1338 1811 1418 1839 Venit
1441 1812 1473 1838 ad
1501 1820 1544 1839 me
1567 1813 1707 1840 szecularis
1734 1814 1778 1840 vir

991 1858 1062 1892 pius,
1077 1857 1123 1892 qui
1136 1857 1288 1891 accipiebat
1299 1857 1371 1891 qttod
1388 1858 1514 1884 manibus
1526 1858 1669 1892 ope-rabar,
1685 1862 1712 1886 et
1726 1858 1777 1884 mi-

992 1904 1130 1931 nistrabat
1146 1904 1223 1930 mihi.
1238 1903 1357 1938 Contigit
1374 1908 1463 1930 autem
1480 1912 1527 1938 per
1544 1905 1731 1937 tentationem,
1747 1909 1777 1932 ut

991 1951 1114 1986 quaedam
1129 1952 1204 1985 virgo
1214 1950 1266 1977 vici
1282 1951 1407 1985 prolapsa
1423 1951 1458 1977 sit
1473 1951 1499 1977 iu
1515 1955 1650 1986 stuprum.
1666 1951 1702 1978 Ea
1713 1959 1776 1978 cum

993 2003 1098 2024 uterum
1126 2003 1242 2032 gereret,
1258 1997 1478 2031 interrogabatur
1500 1998 1562 2032 quis
1584 2002 1658 2025 esset
1682 2003 1777 2025 auctor

989 2042 1125 2069 criminis.
1156 2041 1306 2076 Respondit
1334 2042 1442 2076 itaque,
1478 2043 1670 2070 anaclioretatn
1705 2051 1775 2071 esse.

993 2087 1070 2114 Unde
1081 2088 1197 2123 egressi,
1215 2088 1477 2122 comprehenderunt
1491 2096 1534 2115 me
1551 2088 1778 2123 adduxerunlque

992 2132 1025 2159 ad
1044 2132 1153 2163 vicum;
1169 2137 1251 2166 atque
1270 2133 1459 2167 appenderunt
1478 2133 1549 2159 collo
1573 2133 1684 2169 fuligine
1707 2134 1777 2161 infc-

991 2181 1050 2204 ctas
1064 2178 1133 2204 ollas
1148 2186 1208 2204 cum
1222 2178 1297 2205 ansis
1312 2185 1450 2209 vasorum,
1470 2178 1563 2212 sicque
1588 2178 1778 2205 circmnduxe—

150 2224 287 2257 λέγοντες
303 2221 386 2255 Οὗτος
403 2225 417 2250 ὁ
432 2224 546 2259 μοναχὸς
562 2223 685 2260 ἔφθειρεν
706 2224 784 2260 ἡμῶν
801 2225 850 2260 τὴν
870 2233 938 2261 παρ-

994 2227 1056 2249 runt
1077 2231 1120 2249 me
1143 2223 1169 2250 in
1189 2224 1247 2250 vico
1265 2232 1311 2258 per
1327 2224 1456 2259 compita.
1483 2225 1668 2254 Verberantes,
1689 2232 1721 2251 ac
1736 2225 1777 2251 di-

151 2269 241 2300 θὲνον,
265 2270 360 2296 λάϐετε
386 2270 477 2302 αὐτὸν,
494 2269 601 2296 λάϐετε.
618 2270 673 2296 Καὶ
698 2270 798 2305 ἑτυψάν
815 2279 848 2306 με
865 2271 941 2307 παρὰ

152 2315 253 2351 μικρὸν
269 2315 315 2342 τοῦ
332 2315 487 2343 ἀποθανεῖν.
516 2314 616 2342 Ἐλθὼν
632 2315 659 2342 δέ
679 2325 721 2347 τις
740 2315 794 2342 τῶν
806 2317 940 2351 γερόντων

150 2359 237 2387 εἷπεν“
258 2360 330 2392 Ἕως
344 2361 407 2387 πότε
421 2359 537 2387 τύπτετε
554 2361 598 2388 τὴν
617 2360 692 2392 ξένον
708 2361 837 2396 μοναχόν;
859 2361 889 2386 '0
912 2360 940 2386 δέ

150 2406 284 2433 διακονῶν
299 2415 342 2441 μοι
360 2406 502 2441 ἠκολούθει
513 2407 600 2433 ὀπίσω
614 2415 664 2442 μου
683 2403 939 2441 αἱδούμενοςῘΗσ-αν

150 2453 207 2488 γὰρ
222 2452 378 2488 ὐὸρίζοντες
404 2452 484 2478 αὐτὸν
501 2452 597 2484 πολλὰ,
623 2452 668 2478 καὶ
682 2452 816 2486 λέγοντες·
844 2452 908 2478 Ἰδοὺ
925 2452 940 2478 ὁ

150 2498 330 2534 ἀναχωρητὴς
347 2497 376 2524 ὅν
390 2499 412 2513 ²¹
424 2499 456 2525 σὺ
465 2497 640 2534 ἐμαρτύρεις,
652 2498 678 2524 τί
693 2497 819 2533 ὲποίησες
832 2497 888 2523 Καὶ
898 2496 942 2523 λέ-

992 2271 1086 2294 ccnles
1102 2274 1109 2292 :
1125 2266 1177 2294 Isle
1196 2268 1347 2295 monachus
1365 2269 1468 2295 vitiavit
1490 2272 1609 2295 nostram
1623 2269 1774 2303 virginem;

991 2315 1081 2348 capite
1099 2321 1171 2344 cum,
1192 2314 1291 2348 capite.
1321 2314 1352 2339 Et
1373 2318 1567 2348 percusserunt
1589 2322 1632 2341 me
1658 2322 1725 2348 pene
1743 2315 1776 2341 ad

992 2364 1116 2386 mortem.
1141 2360 1281 2387 Accedens
1309 2368 1375 2387 vero
1403 2360 1502 2395 aliquis
1531 2368 1639 2393 senum,
1667 2360 1737 2386 dixit
1768 2369 1774 2385 :

992 2403 1140 2439 Quousque
1160 2404 1264 2431 cat-ditis
1288 2405 1451 2432 mnnaihnm
1476 2409 1558 2432 istum
1581 2406 1777 2440 peregrinum?

992 2450 1043 2483 Qui
1063 2455 1152 2477 atttem
1174 2451 1239 2476 milii
1255 2451 1439 2482 ministrabat,
1458 2451 1622 2485 sequebatur
1638 2455 1700 2485 post
1719 2459 1774 2480 me.

994 2497 1098 2532 pudore
1121 2496 1253 2524 suli'usus.
1276 2497 1367 2524 Multis
1388 2498 1488 2533 quippe
1511 2498 1687 2525 contumeliis
1715 2506 1776 2526 eum

189 2577 213 2593 ”
226 2558 268 2606 At.
283 2578 366 2605 inser.
381 2576 544 2604 διαῦολικοῦ.
581 2577 603 2592 ²¹
621 2576 662 2602 Al.
675 2576 699 2601 oi
713 2575 762 2610 τῆς
772 2575 877 2610 κώμης.
918 2577 940 2592 ²²
954 2571 1039 2608 Δ1.ᾦ.

190 2657 246 2692 (77)
263 2657 399 2692 Κούφων.
414 2655 485 2692 ᾃνοκ
516 2654 743 2692 ϐναεεοαΒκζῦειτο
756 2662 817 2692 ,Λθιι
847 2653 941 2692 Graeca

153 2688 249 2727 κῦξροξ.
267 2692 294 2718 ni
308 2688 398 2727 fallor.
413 2690 514 2727 Praeter
535 2688 939 2727 grammaticos,‘Orientalium

154 2723 286 2760 synodica
303 2726 338 2753 ad
353 2725 523 2760 Theophilum
534 2725 728 2758 imperatorem,
743 2724 770 2750 in
789 2723 941 2760 Originibus

153 2758 209 2790 (ῘΡ.
228 2762 386 2789 Combeiisii
402 2758 428 2796 pi
447 2761 495 2787 151
516 2759 698 2796 ενιΠερικλεὶει
724 2759 818 2796 satith
840 2761 868 2785 ἐν
887 2761 942 2796 τοῖς

152 2798 200 2824 τοῦ
228 2797 384 2831 Δαγιστέως
400 2794 647 2831 μεγάλουνλουτροῦ
663 2794 716 2820 τῶν
731 2794 860 2831 καμίνωνν
877 2794 942 2820 κού-

154 2842 224 2868 φοις.
238 2830 405 2866 Ινιυαῃεδιεὶ
423 2832 513 2866 magni
523 2830 609 2858 balnei
624 2831 787 2858 caminorum
803 2830 875 2864 cupis
889 2837 944 2857 sese

153 2868 276 2895 includit.

1026 2654 1080 2688 (78)
1100 2652 1367 2687 Περιεπόμπευσάν
1376 2661 1413 2687 με
1423 2653 1457 2679 ἐν
1473 2652 1509 2686 τῇ
1521 2653 1603 2687 κώμῃ
1615 2653 1689 2680 κατὰ
1701 2653 1777 2688 ἀμφ-

989 2689 1069 2716 οὸον.
1089 2689 1198 2715 Minima
1214 2689 1363 2715 mutatione
1378 2688 1477 2722 corrigi
1500 2688 1577 2715 debet
1594 2689 1692 2722 Pelagii
1714 2697 1776 2715 ver-

990 2724 1032 2751 sio
1047 2733 1053 2750 :
1074 2723 1202 2750 Miserum
1213 2731 1253 2749 me
1267 2723 1420 2749 circiluram
1440 2724 1466 2749 in
1483 2724 1536 2749 vim
1550 2724 1608 2754 illo,
1620 2724 1775 2755 scribendo,

990 2760 1155 2786 circiturum.
1169 2758 1257 2785 Editio
1272 2758 1396 2792 Lugdun.
1412 2758 1534 2785 circuire.
1550 2760 1591 2785 An
1607 2758 1743 2787 sinuare?

1025 2794 1082 2829 (79)
1099 2794 1249 2820 Dorotlicus
1263 2793 1353 2829 Doctr.
1364 2793 1417 2829 ﬁlo.

1027 2827 1082 2864 (80)
1096 2829 1218 2857 Bolland.
1238 2837 1270 2857 xv
1284 2827 1344 2856 Jan.
1363 2828 1416 2856 l’it.
1435 2828 1510 2855 Patr.
1526 2836 1570 2861 xv,
1581 2829 1628 2857 25.
