1970 3074
186 159 238 186 259

765 154 934 183 APPENDKX
956 153 1001 180 AD
1017 153 1227 183 PALLADIUM.

1760 156 1812 183 261)

189 216 349 247 affecerant.
374 215 531 251 inquientes
554 226 560 243 :
583 216 654 244 Ecce
677 215 854 245 anachoreta.
879 213 924 240 cui
948 217 975 239 tu

1031 220 1122 245 γουσιν
1139 214 1162 239 οἱ
1180 214 1269 246 γονεῖς
1289 212 1383 247 αὐτῆς·
1400 214 1456 240 Οὐκ
1471 212 1627 249 ἀπολύομεν
1646 213 1737 245 αὑτὸν,
1761 215 1814 245 ἕως

188 262 375 289 testimonium
414 263 602 297 perhibebas,
641 262 706 296 quid
726 259 808 288 fecit?
834 260 875 286 Ad
921 259 977 285 haec

188 308 264 334 aiunt
293 310 419 342 parentes
451 309 549 342 puella:
572 317 579 334 :
606 307 665 335 Non
694 307 865 334 dimittemus
893 311 975 336 eum,

187 352 274 379 donec
304 352 495 387 ﬁdejussorem
543 353 650 381 dederit
682 351 756 387 quod
797 351 915 378 aliturus
942 349 977 376 sit

187 404 258 424 eam.
283 397 379 432 Itaque
395 397 547 432 signiﬁcavi
570 398 699 424 ministro
713 397 752 424 illi
768 403 847 423 meo:
865 400 893 422 et
914 401 977 428 spo-

187 443 284 478 pondit
301 450 350 478 pro
367 450 419 470 me.
437 442 537 470 Postea
551 442 694 477 profectus
709 441 742 468 ad
761 441 860 467 cellam
877 447 976 470 meam.

188 489 250 517 dedi
264 490 288 517 ei
301 497 370 524 quas
386 485 630 525 habuisportulas,
644 489 740 516 dicens
756 497 762 515 :
779 487 883 519 Vende,
896 490 923 514 et
936 486 977 512 af-

188 535 229 563 fer
247 536 338 563 cibum
353 536 431 563 uxori
445 543 522 564 meae.
541 535 609 562 Tum
627 535 700 570 apud
715 542 775 562 me:
791 533 902 565 Macari,
913 540 978 560 ecce

188 581 317 609 invenisti
333 581 381 608 tibi
405 589 516 610 uxorem
538 590 545 609 :
571 585 680 616 oportet
706 584 736 607 ut
755 580 836 615 paulo
860 579 977 614 amplius

189 627 309 658 labores.
330 635 384 661 quo
396 628 503 655 nutrias
518 635 589 655 eam.
609 627 642 653 Et
659 627 794 662 operabar
814 630 895 653 nocte
917 625 977 653 die-

188 681 254 708 que.
276 674 473 708 mittebamque
487 674 522 700 ei.
539 673 625 701 Porro
649 681 712 700 enm
734 672 845 700 advenit
870 677 977 706 tempus

188 719 297 746 miserae
311 724 341 746 ut
355 724 473 754 pareret,
491 718 525 745 ad
549 719 651 746 multos
673 719 733 746 dies
757 719 784 745 in
807 718 977 746 cruciatibus

187 765 357 800 permansit,
382 772 432 792 nec
454 765 588 800 pariebat.
615 764 818 792 Percontantur
836 765 900 800 quid
924 765 976 792 hoc

187 815 271 838 esset.
290 810 335 836 Illa
351 810 495 845 respondit
512 819 518 837 :
537 809 593 845 Ego
605 811 665 837 scio
687 819 693 837 :
712 810 842 845 quoniam
856 810 976 837 anacho-

187 861 274 883 retam
290 857 456 883 calumniala
470 864 541 888 sum,
557 857 719 892 prolatoque
734 857 879 884 mendacio
894 864 975 883 accu-

188 902 261 934 savi;
286 910 373 938 neque
397 903 470 930 enim
493 903 519 929 in
542 902 623 938 Culpa
645 907 698 934 est.
721 903 768 930 sed
792 902 838 930 ille
853 902 975 937 juvenis.
993 893 1015 921 Β

189 948 267 976 Tunc
285 950 332 984 qui
354 950 530 977 ministrabat
554 949 618 976 mihi
634 949 712 976 la‘tus
733 950 885 977 adveniens
905 957 977 976 nun-

189 996 267 1022 tiavit
283 1005 290 1023 :
308 995 389 1030 Virgo
410 996 456 1023 illa
469 1004 524 1023 non
540 997 628 1031 potuit
640 1004 746 1031 parere.
763 995 895 1023 donecita
908 1003 977 1023 con—

187 1041 311 1069 ﬁteretur
326 1051 332 1069 :
351 1041 432 1068 Extra
449 1042 556 1076 culpam
571 1045 614 1069 est
638 1042 801 1070 anachoreta
812 1063 819 1075 ,
836 1042 884 1070 sed
903 1050 980 1069 meu-

189 1087 240 1115 tita
263 1095 325 1114 smn
341 1087 473 1115 adversus
491 1095 552 1114 eum
579 1097 586 1115 :
610 1092 636 1115 et
653 1095 718 1115 ecce
738 1092 813 1115 totus
830 1088 907 1115 vicus
924 1088 979 1115 huc

190 1133 324 1160 accedere
343 1134 401 1160 vult
415 1141 479 1160 cum
491 1134 605 1165 honore.
626 1139 655 1161 ut
670 1134 777 1161 veniam
790 1142 804 1161 ιι
819 1138 845 1162 te
862 1134 977 1169 supplex

189 1180 322 1214 postulet.
345 1178 394 1207 His
409 1188 459 1215 ego
472 1180 586 1210 auditis.
601 1187 635 1207 ne
648 1180 712 1206 mihi
728 1180 880 1208 molestiam
897 1188 977 1215 pare-

188 1225 399 1258 renthomines.
422 1228 531 1254 surrexi
550 1227 693 1262 ntqnehnc
707 1228 733 1254 in
751 1227 853 1254 Scetim
867 1228 932 1263 fugi.
950 1228 1014 1256 Inde

223 1284 250 1311 2.
272 1285 328 1320 (8|)
348 1284 429 1312 Venit
451 1286 598 1320 aliquando
623 1284 759 1314 Macarius
790 1286 935 1322 [Egyptius
958 1295 974 1314 e

190 1330 263 1357 Sceti
297 1330 330 1357 ad
358 1336 476 1358 montem
507 1331 601 1359 Nitrize
635 1333 662 1358 in
692 1332 832 1360 oblatione
866 1333 974 1360 abbatis

189 1375 296 1404 Pambo
310 1385 317 1409 ;
333 1369 358 1404 et
375 1377 470 1404 dicunt
482 1378 506 1404 ei
520 1386 600 1405 senes
618 1387 624 1405 :
645 1378 803 1405 Sermonem
817 1379 907 1413 profer
922 1378 975 1405 fra-

190 1423 290 1456 tribus,
309 1423 402 1451 Pater.
430 1424 499 1451 Tum
515 1425 561 1452 ille
575 1425 635 1452 inﬁt
659 1435 664 1452 :
689 1425 746 1460 Ego
760 1425 883 1451 nondum
904 1425 978 1452 evasi

191 1469 219 1495 in
236 1470 421 1503 monachum;
446 1471 492 1497 sed
519 1471 668 1498 monachos
681 1471 749 1498 vidi.
773 1470 836 1498 illihi
862 1479 981 1506 namque

191 1514 340 1550 aliquando
361 1515 468 1544 sedenti
491 1517 517 1543 in
541 1517 609 1544 cella
632 1517 703 1551 apud
724 1518 838 1548 Seetim.
860 1518 981 1545 molesta:

192 1565 273 1586 erant
298 1561 499 1596 cogitationes.
521 1566 698 1596 suggerentes
722 1570 728 1587 :
752 1562 928 1590 Proﬁciscere
952 1562 979 1589 in

192 1606 380 1637 solitudinem.
397 1611 421 1633 et
439 1607 500 1634 vide
515 1608 581 1642 quid
599 1608 655 1635 illic
668 1609 756 1636 oculis
773 1609 827 1636 tuis
841 1614 977 1636 occurret.

190 1652 302 1681 Perstiti
326 1656 416 1680 autem
444 1653 566 1688 quinque
588 1654 679 1685 annis.
701 1662 826 1689 pugnans
848 1654 980 1681 adversus

191 1699 396 1735 cogitationem.
411 1698 450 1726 Ne
464 1699 547 1732 forte,
563 1699 701 1734 inquiens,
717 1707 732 1726 a
747 1700 918 1728 daemonibus
933 1702 978 1728 sit.

194 1744 283 1780 thue
296 1746 482 1780 perseveravit
500 1746 640 1780 cogitatio,
656 1746 710 1772 abii
729 1746 755 1773 in
774 1754 906 1774 eremum.
922 1746 980 1774 illic

192 1790 283 1818 inveni
309 1794 435 1825 stagnum
452 1797 513 1817 cum
533 1791 621 1818 insula
642 1791 670 1818 in
693 1793 782 1819 medio
802 1792 884 1826 ejus:
906 1796 933 1819 et
946 1793 980 1819 ad

193 1835 260 1862 illud
280 1835 426 1862 veniebant
448 1835 543 1862 bestia:
566 1837 668 1868 eremi,
692 1841 722 1863 ut
743 1836 877 1864 biberent.
907 1837 981 1870 Quas

193 1881 263 1907 inter
276 1881 405 1915 conspexi
420 1881 490 1908 duos
504 1881 628 1909 homines
642 1882 729 1909 nudos
745 1892 752 1909 :
770 1887 797 1909 et
811 1884 980 1910 contremuit

192 1934 293 1961 corpus
311 1931 417 1958 meum;
434 1927 590 1954 existimavi
607 1929 679 1954 enim
696 1936 759 1956 esse
776 1929 902 1963 spiritus.
925 1928 980 1964 Ipsi

192 1977 258 1996 vero
273 1974 418 2004 postquam
441 1979 483 1997 me
502 1971 630 1997 viderunt
648 1975 821 2004 trementem,
848 1973 884 1998 ita
897 1973 979 1999 locuti

193 2020 258 2042 sunt
275 2025 281 2042 :
298 2015 357 2042 Noli
370 2017 481 2048 timere;
495 2017 576 2043 etiam
594 2025 644 2044 nos
659 2017 784 2044 homines
798 2025 906 2045 sumus.
920 2017 980 2045 Dixi

192 2063 262 2090 illis:
285 2062 363 2090 Unde
379 2065 461 2096 estis,
479 2069 505 2091 et
519 2065 659 2098 quomodo
676 2064 793 2092 venistis
810 2065 837 2092 in
854 2065 982 2092 solitudi-

194 2115 255 2134 nem
277 2107 366 2134 hanc?
382 2107 592 2142 Responderunt
607 2117 614 2135 :
631 2109 650 2135 Ε
667 2108 796 2135 cmuobio
815 2115 911 2136 smnus
925 2117 932 2135 :
945 2113 983 2134 at-

193 2162 290 2189 que-ex
307 2159 402 2181 ηιιιιιιο
418 2162 553 2182 consensu
570 2155 673 2189 egressi
689 2155 816 2182 venimus
833 2156 884 2181 huc
897 2163 904 2187 ζ
918 2162 982 2182 CCCC

194 2202 375 2237 quadraginta
388 2202 489 2229 abhinc
503 2201 568 2228 anni
589 2202 787 2236 praeterierunt.
812 2200 888 2229 Unus
901 2209 915 2229 e
930 2209 980 2228 no-

194 2249 238 2276 bis
251 2247 396 2284 Egyptlus
412 2251 465 2281 est,
477 2248 545 2275 alter
561 2247 689 2284 Libycus.
705 2247 756 2282 Ipsi
773 2255 881 2283 quoque
896 2248 981 2274 inter-
999 2266 1021 2293 Β

194 2297 361 2328 rogaverunt
378 2301 431 2326 me,
452 2293 495 2320 his
519 2293 609 2320 verbis
635 2301 642 2319 :
667 2293 810 2326 Quomodo
844 2301 874 2320 se
901 2294 982 2321 habet

195 2339 331 2367 mundus?
347 2338 462 2366 Venitne
488 2346 559 2374 aqua
587 2339 613 2365 in
640 2343 762 2374 tempore
779 2339 847 2366 suo?
864 2339 982 2367 Mundus

195 2386 336 2413 obtinetne
353 2384 549 2412 abundantiam
560 2385 689 2412 solitam?
707 2385 843 2420 Respondi
859 2395 866 2412 :
882 2385 981 2412 Etiam.

196 2431 325 2459 Vicissim
352 2439 402 2466 ego
423 2436 599 2466 percontatus
621 2439 681 2458 sum
699 2440 706 2458 :
725 2431 850 2464 Quanam
875 2432 983 2459 ratione

197 2476 255 2504 ﬁeri
267 2480 361 2511 potero
376 2476 546 2503 monachus?
565 2476 650 2502 Aiunt
667 2476 732 2502 mihi
751 2486 757 2503 :
776 2475 835 2503 Nisi
855 2477 917 2510 quis
940 2483 984 2503 re-

198 2521 366 2548 nuntiaverit
379 2521 507 2548 omnibus
520 2521 614 2548 mundi
635 2521 728 2553 rebus,
746 2529 799 2548 non
817 2525 907 2556 potest
927 2521 985 2549 ﬁeri

198 2567 359 2594 monachus.
378 2566 478 2601 Excepi
499 2565 585 2601 :-Ego
606 2566 731 2594 inﬁrmus
757 2574 830 2598 sum.
853 2574 904 2594 nec
925 2574 986 2602 pos-

199 2621 261 2641 sum
275 2613 355 2641 sicuti
368 2620 426 2640 vos.
442 2611 614 2648 Exceperunt
630 2613 713 2640 etiam
726 2613 765 2640 illi
780 2622 787 2640 ς
801 2612 828 2640 Si
841 2621 896 2640 non
907 2617 984 2649 potes

197 2659 426 2696 quemadmodum
444 2666 506 2688 nos.
526 2659 590 2686 sede
611 2659 638 2686 in
657 2659 726 2686 cella
750 2664 806 2692 tua,
823 2664 850 2687 et
869 2665 980 2695 peccata

198 2709 246 2734 tua
259 2705 336 2732 delle.
348 2704 467 2738 Quaesivi
483 2705 516 2732 ab
531 2704 572 2732 eis
589 2714 596 2732 :
611 2705 728 2738 Quando
748 2705 836 2733 hiems
853 2711 905 2739 est,
927 2714 981 2733 non

235 2783 258 2800 ”
268 2783 312 2811 Al.
323 2783 470 2819 περισσῶς.
508 2783 530 2799 ⁸⁸
545 2783 588 2811 Al.
605 2783 668 2812 add.
680 2783 788 2819 ἔχομεν.

235 2863 291 2898 (8|)
312 2861 363 2891 Vit.
383 2861 458 2889 Patr.
478 2870 517 2889 Ill.
532 2861 558 2889 ι.

1027 257 1064 292 δῷ
1086 257 1222 293 ἐγγυητὴν
1237 258 1285 284 τοῦ
1305 258 1414 293 τρέφειν
1427 259 1520 294 αὑτήν.
1535 259 1591 285 Καὶ
1606 255 1681 285 εἷπον
1697 259 1736 294 τῷ
1754 259 1814 285 δια-

1027 305 1126 338 κονητῇ
1144 313 1205 338 μου·
1227 305 1273 330 καὶ
1291 305 1479 340 ἐνηγγυήσατό
1496 314 1540 341 με.
1560 306 1615 331 Καὶ
1628 304 1753 331 ἀπελθὼν
1774 306 1814 337 εἰς

1025 349 1057 375 τὸ
1070 349 1174 376 κελλίον
1191 359 1253 385 μου,
1265 351 1354 377 ἔδωκα
1371 351 1444 386 αὑτῷ
1463 351 1513 377 ὅσα
1528 349 1601 386 εἶχον
1618 350 1757 386 σπυρίδια,
1769 351 1814 377 λέ-

1027 404 1092 429 γων·
1110 395 1248 431 Πώλησον,
1265 397 1313 422 καὶ
1332 397 1375 428 δὸς
1391 398 1424 432 τῇ
1441 397 1549 431 γυναικί
1570 405 1620 431 μου
1636 397 1742 431 φαγεῖν.
1761 397 1814 424 Kal

1027 441 1119 476 ἔλεγον
1139 441 1177 477 τῷ
1191 442 1314 478 λογισμῷ
1330 451 1391 478 μου·
1409 443 1546 478 Μακάριε,
1564 443 1620 469 ὶδοὺ
1632 441 1711 478 εὗρες
1725 444 1814 479 ἑαυτῷ

1027 489 1154 521 γυναῖκα·
1178 488 1231 524 χρὴ
1253 488 1417 524 ἐργάζεσθαι
1448 488 1545 524 μικρὸν
1570 489 1698 524 περισσὸν
1718 490 1752 521 ’⁸,
1773 491 1816 516 ἵνα

1027 534 1129 569 τρέφῃς
1157 534 1251 568 αὐτήψ
1272 534 1318 560 καὶ
1337 533 1504 569 εἰργαζόμην
1520 533 1605 560 νύκτα
1626 535 1673 561 καὶ
1698 535 1816 570 ἡμέραν,

1028 581 1075 606 καὶ
1086 580 1210 614 ἔπεμπον
1223 580 1302 614 αὐτῇ.
1320 580 1375 606 Καὶ
1387 581 1432 606 ὅτε
1450 577 1532 615 ἦλθεν
1546 581 1559 606 6
1573 580 1667 615 καιρὸς
1683 583 1714 616 τῇ
1735 581 1817 616 ἀθλία

1027 627 1126 657 τεκεῖν,
1138 625 1245 661 ἔμεινεν
1260 626 1305 652 ἐπὶ
1323 625 1422 658 πολλὰς
1432 627 1539 662 ἡμέρας
1553 627 1761 663 βασανιζομένη,
1770 629 1818 654 καὶ

1027 673 1077 699 οὐκ
1087 672 1187 698 ἔτικτε.
1206 673 1259 699 Καὶ
1274 672 1397 706 λέγουσιν
1413 673 1492 708 αὐτῇ
1507 673 1539 698 Τί
1554 674 1610 700 ἐστι
1625 674 1720 707 τοῦτο;
1744 674 1774 700 Ἦ
1788 674 1816 700 δὲ

1028 716 1115 745 εἷπενο
1131 718 1200 752 Ἐγὼ
1211 716 1279 745 οἷδα¹
1289 719 1330 745 ὅτι
1347 719 1392 745 τὸν
1406 719 1584 754 ὰναχωρητὴν
1597 719 1814 755 ἐσυκοφάντησα,

1030 765 1076 791 καὶ
1088 764 1245 800 ψευσαμένη
1262 765 1429 801 ᾐτιασάμην·
1445 765 1492 791 καὶ
1514 763 1591 796 οὗτος
1605 766 1654 792 οὐκ
1668 765 1723 800 ἔχει
1746 767 1817 802 πρᾶ-

1029 818 1096 845 γμα,
1112 810 1168 838 ἀλλ’
1181 812 1195 837 6
1205 811 1277 837 δεῖνα
1300 811 1313 837 6
1336 810 1475 845 νεώτερος.
1490 811 1545 837 Καὶ
1562 811 1646 838 ἐλθὼν
1663 813 1676 838 6
1686 811 1817 838 διακονῶν

1031 866 1074 892 μοι
1090 857 1192 892 χαίρων
1208 857 1310 892 ἔλεγεν,
1329 857 1370 883 ὅτι
1384 857 1433 883 οὐκ
1449 857 1568 892 ἠδυνήθη
1583 858 1699 892 τεκεῖνή
1715 857 1817 892 παρθέ-

1029 911 1074 935 νος
1085 903 1188 938 ὲκείνη,
1205 903 1257 934 ἕως
1271 900 1301 930 οὗ
1314 902 1485 938 ὡμολόγησε,
1501 902 1676 936 λέγουσα,ὅτι
1689 903 1746 930 Οὐκ
1760 903 1816 938 ἔχει

1028 946 1144 981 πρᾶγμα
1156 946 1170 971 6
1189 946 1377 981 ἀναχωρητὴς,
1397 945 1454 971 ἀλλ’
1474 945 1632 980 ἐψευσάμην
1651 947 1710 972 κατ’
1722 946 1805 972 αὐτοῦ

1028 992 1075 1018 καὶ
1091 992 1144 1018 ἰδοὺ
1166 992 1240 1018 πᾶσα
1251 993 1267 1027 ὴ
1280 991 1360 1027 κώμη
1377 991 1446 1018 ϐέλει
1461 991 1548 1017 ἐλθεῖν
1567 988 1618 1018 ὦδε
1636 991 1704 1027 μετὰ
1726 992 1816 1027 δόξης,

1028 1038 1076 1065 καὶ
1092 1038 1259 1074 μετανοῆσαι
1274 1047 1326 1065 σοι..
1352 1037 1422 1072 Ἐγὼ
1437 1038 1466 1064 δὲ
1479 1037 1599 1069 ἀκούσας
1613 1037 1709 1068 ταῦτα,
1723 1039 1766 1065 ἴνα
1781 1039 1818 1074 μὴ

1029 1084 1142 1119 Θλίψωσι
1156 1093 1188 1120 με
1204 1085 1229 1111 οἱ
1243 1084 1392 1120 ἄνθρωποι,
1410 1084 1525 1119 ἀνέστην
1538 1083 1585 1109 καὶ
1600 1083 1697 1117 ἔφυγον
1708 1080 1758 1111 ὧδε
1778 1085 1819 1117 εἰς

1032 1131 1141 1166 Σκῆτιν.
1163 1131 1235 1167 Αὕτη
1254 1131 1328 1157 ἐστὶν
1346 1131 1362 1166 ἡ
1383 1129 1516 1166 ἀρχὴτῆς
1530 1129 1628 1163 αἰτίας,
1640 1128 1673 1155 δι’
1687 1130 1720 1164 ἣν
1737 1127 1818 1165 ἦλθον

1030 1178 1091 1206 ὧδε.

1029 1228 1193 1263 principium
1214 1233 1380 1256 causamque
1405 1226 1488 1254 habet
1508 1235 1585 1255 meus
1606 1227 1651 1255 hic
1674 1227 1819 1254 adventus.

1063 1286 1096 1322 β’.
1108 1284 1194 1312 uno:
1205 1294 1270 1312 ποτε
1280 1285 1423 1320 Μακάριος
1438 1285 1452 1311 6
1468 1284 1616 1319 Αἰγύπτιος
1629 1284 1682 1311 ἀπὸ
1695 1285 1820 1318 Σκήτεως

1028 1333 1068 1364 εἰς
1077 1332 1106 1358 τὸ
1120 1331 1183 1367 ὅρος
1193 1331 1243 1366 τῆς
1257 1331 1372 1366 Νιτρίας
1386 1332 1426 1362 εἰς
1441 1331 1491 1366 τὴν
1505 1330 1664 1366 προσφορὰν
1678 1329 1722 1357 τοῦ
1747 1329 1821 1370 ὰβὸᾶ

1029 1377 1149 1413 ῐῖαμὸιιὶ)⁴
1163 1378 1210 1404 καὶ
1221 1377 1345 1411 λέγουσιν
1369 1376 1443 1412 αὑτῴ
1463 1377 1488 1402 ol
1508 1376 1644 1412 γέροντες·
1664 1376 1730 1402 Εἰπὲ
1743 1375 1820 1410 ῥῆμα

1027 1424 1084 1454 τοῖς
1095 1422 1228 1458 ἀδελφοῖς,
1243 1423 1343 1457 Πάτερ.
1354 1422 1382 1449 Ὀ
1397 1423 1426 1448 δὲ
1442 1420 1528 1449 εἶπεν·
1550 1421 1622 1456 Ἐγὼ
1635 1421 1710 1448 οὓπω
1720 1421 1820 1455 γέγονα

1031 1470 1157 1505 μοναχὸς,
1181 1469 1238 1495 ἀλλ’
1261 1467 1330 1495 εἶδον
1357 1468 1500 1503 μοναχούς.
1526 1468 1683 1503 Καθημένῳ
1705 1468 1759 1502 γάρ
1776 1468 1820 1501 μοὶ

1030 1525 1094 1543 ποτε
1109 1517 1137 1542 ὲν
1156 1516 1195 1550 τῷ
1210 1515 1307 1550 κελλίῳ
1324 1515 1365 1546 εἰς
1380 1515 1490 1550 Σκῆτιν,
1516 1514 1641 1550 ὥχλησάν
1660 1523 1704 1550 μοι
1726 1515 1751 1540 οἱ
1775 1514 1820 1540 λο-

1031 1562 1126 1597 γισμοὶ
1139 1561 1274 1596 λέγοντες·
1299 1560 1416 1587 Ἀπελθε
1436 1561 1476 1592 εἰς
1492 1561 1541 1595 τὴν
1556 1560 1667 1595 ἔρημον,
1684 1560 1730 1586 καὶ
1746 1560 1783 1586 ἴδε
1795 1559 1822 1586 τί

1033 1607 1141 1642 βλέπεις
1159 1608 1224 1634 ἐκεῖ.
1244 1607 1358 1641 Ἐμεινα
1373 1606 1402 1632 δὲ
1414 1606 1539 1641 πολεμῶν
1556 1606 1596 1641 τῷ
1606 1605 1729 1641 λογισμῷ
1741 1606 1820 1632 πέντε

1030 1654 1089 1688 ἔτη,
1114 1653 1212 1687 λέγων,
1239 1653 1346 1688 Μήπως
1367 1651 1421 1680 ἀπὸ
1449 1652 1583 1688 δαιμόνων
1602 1653 1685 1680 ἐστίν.
1712 1653 1767 1679 Kal.
1784 1654 1822 1684 ὡς

1030 1699 1162 1734 ἐπέμενεν
1188 1699 1202 1725 6
1225 1698 1362 1734 λογισμὸς,
1378 1699 1499 1733 ἀπῆλθον
1516 1700 1556 1730 εις
1574 1699 1623 1734 τὴν
1637 1699 1748 1734 ἔρημον·
1775 1698 1823 1725 καὶ

1030 1743 1114 1780 ηὗρον
1128 1745 1185 1771 ἐκεῖ
1199 1744 1296 1780 λίμνην
1312 1744 1424 1777 ὑδάτων,
1438 1745 1484 1771 καὶ
1497 1745 1578 1780 νῆσον
1591 1746 1620 1771 ἐν
1634 1745 1710 1780 μέσῳ
1725 1745 1820 1779 αὐτ-ἦς’

1031 1791 1078 1817 καί
1089 1788 1170 1826 ἦλθον
1180 1790 1214 1817 τὰ
1231 1791 1315 1826 κτήνη
1331 1791 1380 1825 τῆς
1394 1792 1499 1826 ἐρήμου
1518 1792 1590 1818 πιεῖν
1613 1790 1643 1822 ἐξ
1657 1791 1751 1825 αὐτῆς.
1766 1791 1823 1818 Kal.

1032 1834 1101 1863 εἶδον
1127 1838 1154 1862 ὲν
1175 1837 1250 1872 μέσῳ
1264 1836 1355 1863 αὐτῶν
1369 1836 1415 1863 δύο
1435 1836 1598 1871 ἀνθρώπους
1619 1836 1750 1871 γυμνούς·
1775 1837 1823 1863 καὶ

1032 1881 1162 1908 ἑδειλίασε
1187 1881 1217 1908 τὸ
1235 1881 1315 1916 σῶμά.
1340 1890 1400 1916 μου·
1417 1882 1529 1916 ἐνόμισα
1556 1881 1609 1915 γὰρ
1625 1881 1665 1907 ὅτι
1681 1881 1823 1916 πνεύματά

1032 1927 1111 1953 εἰσιν.
1126 1927 1207 1953 Αὐτοὶ
1223 1927 1250 1952 δέ
1259 1935 1292 1961 με
1304 1926 1342 1958 ὡς
1359 1924 1429 1953 εἶδον
1445 1926 1595 1957 δειλιῶντα,
1607 1926 1741 1960 ἐλάλησαν
1754 1926 1822 1960 πρὸς

1034 1974 1078 2008 μέ·
1098 1973 1143 2009 Μὴ
1159 1972 1254 2007 φοὸοὖο
1275 1973 1322 1999 καὶ
1338 1972 1419 2007 ἡμεῖς
1443 1971 1580 2007 ἄνθρωποί
1599 1973 1691 2006 ἐσμεν.
1710 1971 1764 1998 Kal.
1783 1968 1822 1996 εἷ-

1033 2027 1083 2045 πον
1097 2018 1196 2049 αὐτοῖς·
1210 2017 1294 2044 Πόθεν
1306 2017 1378 2048 ἐστὲ,
1390 2017 1438 2043 καὶ
1458 2017 1516 2048 πῶς
1538 2017 1632 2052 ἡλθετε
1646 2018 1684 2047 εἰς
1693 2016 1741 2049 τὴν
1757 2015 1822 2052 ἕρη-

1034 2072 1083 2099 μον
1105 2063 1222 2098 ταύτηνς
1246 2064 1300 2094 Καὶ
1321 2061 1407 2090 εἷπον·
1423 2062 1489 2089 Ἀπὸ
1510 2062 1640 2089 κοινοϐίου
1661 2062 1753 2097 ἐσμέν·
1776 2062 1824 2088 καὶ

1032 2111 1143 2145 γέγονεν
1152 2111 1217 2145 ἡμῖν
1234 2110 1387 2144 συμφωνία,
1405 2110 1451 2136 καὶ
1462 2108 1608 2144 ἐξήλθομεν
1619 2105 1680 2135 ὧδε·
1700 2109 1752 2135 ἰδοὺ
1763 2117 1824 2134 τεσ-

1034 2156 1189 2191 σαράκοντα
1203 2155 1249 2191 ἐτη
1263 2156 1296 2172 ³⁸·
1315 2156 1362 2182 καὶ
1378 2157 1392 2182 6
1402 2156 1451 2190 μὲν
1468 2153 1508 2187 εἷς
1519 2154 1676 2189 Αἰγύπτιος,
1692 2156 1706 2181 6
1722 2155 1749 2180 δὲ
1766 2155 1824 2180 ἓτε-

1034 2210 1080 2237 ρος
1093 2201 1210 2232 Λιϐυκὸς
1221 2201 1349 2236 ὑπάρχει.
1365 2201 1420 2227 Καὶ
1432 2200 1609 2236 ὲπερώτησάν
1626 2208 1659 2235 με
1675 2200 1721 2226 καὶ
1734 2199 1823 2230 αὐτοὶ,

1035 2248 1171 2282 λέγοντες·
1186 2247 1268 2279 Πῶςό
1279 2246 1394 2282 κόσμος;
1409 2248 1455 2273 καὶ
1471 2246 1494 2273 εἰ
1505 2247 1614 2282 ἔρχεται
1629 2246 1659 2272 τὸ
1672 2246 1742 2281 ὕδωρ
1754 2245 1825 2273 κατὰ

1036 2294 1132 2329 καιρὸν
1147 2291 1240 2325 αὑτοῦ,
1253 2294 1299 2320 καὶ
1310 2294 1335 2320 εἰ
1354 2293 1410 2328 ἔχει
1425 2292 1438 2318 ὁ
1458 2294 1560 2329 κόσμος
1579 2293 1628 2328 τὴν
1640 2292 1766 2327 εὐθηνίαν
1777 2292 1825 2318 αὺ-

1035 2340 1083 2366 τοῦ
1095 2348 1102 2372 ;
1116 2340 1172 2366 Kal.
1189 2337 1265 2366 εἶπον
1278 2340 1378 2371 αὐτοῖς·
1391 2339 1454 2366 Ναί.
1470 2338 1554 2374 Κάγὼ
1570 2339 1667 2370 αὐτοὺς
1683 2337 1823 2374 ἡρώτησα⁴

1037 2386 1100 2418 Πῶς
1122 2385 1239 2421 δύναμαι
1262 2386 1389 2420 γενέσοαι
1411 2386 1544 2422 μοναχός;
1561 2385 1616 2412 Kal.
1633 2385 1741 2419 λέγουσί
1767 2393 1823 2419 μοι·

1043 2431 1106 2458 Ἐὰν
1121 2431 1158 2468 μὴ
1185 2432 1353 2466 ἀποτάξηταί
1369 2440 1411 2463 τις
1425 2432 1492 2457 πᾶσι
1512 2432 1568 2463 τοῖς
1580 2430 1626 2456 τοῦ
1651 2431 1764 2464 κόσμου,
1793 2430 1823 2456 οὺ

1035 2477 1145 2504 δύναται
1165 2477 1291 2512 γενέσθαι
1316 2477 1441 2512 μοναχός.
1463 2477 1518 2504 Kal.
1540 2475 1615 2503 εἷπον
1628 2477 1728 2508 αὐτοῖς·
1754 2474 1826 2510 Ἐγὼ

1036 2522 1152 2557 ἀσθενής
1173 2523 1241 2558 εἰμι,
1264 2522 1311 2548 καὶ
1331 2523 1361 2548 οὐ
1378 2522 1495 2557 δύναμαι
1516 2522 1554 2554 ὡς
1573 2523 1660 2557 ὑμεῖς.
1676 2521 1732 2548 Kal
1747 2519 1824 2547 εῐπόν

1038 2577 1082 2603 μοι
1094 2569 1142 2595 καὶ.
1161 2569 1247 2595 αὐτοι·
1269 2569 1323 2595 Kal
1338 2569 1384 2595 ἐὰν
1409 2569 1438 2595 οὐ
1453 2569 1565 2595 δύνασαι
1580 2568 1617 2599 ὼς
1631 2569 1723 2603 ἡμεῖς,
1739 2566 1824 2594 κάθου

1037 2615 1076 2645 εἰς
1091 2614 1119 2640 τὸ
1143 2614 1247 2640 κελλίον
1273 2623 1328 2646 σου,
1343 2614 1391 2641 καὶ
1407 2614 1523 2641 κλαῦσον
1541 2614 1589 2646 τὰς
1611 2613 1748 2650 ἁμαρτίας
1763 2621 1821 2640 σου.

1035 2660 1089 2686 Kal
1100 2659 1231 2695 ἠρώτησα
1242 2659 1347 2691 αὐτούς·
1362 2660 1445 2687 Ὅταν
1454 2660 1562 2694 γίνηται
1573 2658 1686 2695 χειμὼν,
1701 2658 1731 2685 οὐ
1746 2658 1825 2693 ριγᾶ-

1035 2713 1083 2740 τε;
1099 2706 1146 2733 καὶ
1160 2706 1223 2734 ὃταν
1236 2707 1342 2742 γίνηται
1358 2706 1461 2742 καῦμα,
1485 2707 1516 2733 οὺ
1531 2706 1636 2734 καίεται
1653 2705 1688 2733 τὰ
1713 2705 1825 2740 σώματα
