1970 3074
212 153 265 182 £63
789 153 963 183 APPENDIX
982 153 1028 181 Al)
1047 153 1260 182 PALLADIUM.
1795 156 1849 183 2M

211 213 402 241 diversatnrus
414 216 488 240 esset
499 220 594 240 senex.
611 212 646 240 At
659 212 705 239 ille
719 212 864 247 requisivit
873 212 989 247 quisnan

1072 211 1109 238 ζον
1129 212 1222 239 αὐτοῦ.
1246 211 1275 238 ’0
1289 211 1317 238 δὲ
1332 211 1509 247 Θεόπεμπτος
1525 211 1673 244 ὑπεδέξατο
1687 211 1767 240 αὐτὸν
1788 213 1847 248 χαζ-

212 264 286 287 esset
303 260 330 286 in
343 263 435 286 monte
446 259 493 294 qui
508 257 713 294 Theopemptus
727 258 926 293 appellaretur.
943 257 990 290 ραι

1069 267 1122 285 κον.
1143 257 1189 290 Ὠς
1211 257 1240 283 δὲ
1258 256 1360 293 ἦρξατο
1387 256 1497 289 ιδιάζειν
1522 257 1619 288 αὐτὸν,
1635 258 1648 283 ὁ
1663 258 1752 292 γέρων
1764 257 1847 292 λέγει·

213 305 336 337 invento,
355 305 467 332 intravit
482 305 509 332 in
525 305 622 331 cellam
650 304 721 339 ejus.
738 303 942 339 Theopemptus
955 312 988 331 au

1071 304 1118 335 [ὦς
1129 303 1163 330 τὰ
1178 303 1249 330 κατὰ
1270 302 1310 335 σὲ,
1330 303 1446 338 ἁδελφέ;
1470 303 1499 330 ’0
1515 303 1543 330 δὲ
1565 301 1652 330 εἶπενδ
1666 304 1765 338 Εὐχαῖς
1791 312 1849 335 σου,

213 356 267 379 tem
281 352 401 386 suscepit
413 351 489 378 illum
502 351 589 378 laetus.
605 350 694 385 thue
708 350 791 385 coepit
802 350 891 377 solum
909 357 991 377 seeun

1071 348 1157 380 εαλῶς.
1167 347 1235 375 Εἷπε
1249 348 1277 375 δὲ
1287 349 1302 374 ὁ
1314 348 1412 384 γέρωψ
1421 349 1467 384 Μὴ
1481 348 1628 384 πολεμοῦσί
1638 357 1666 375 σε
1673 350 1698 375 οἱ
1709 348 1835 384 λογισμοί
1842 357 1849 382 ;

214 399 314 426 habere
338 405 437 428 senex,
457 397 609 432 Quomodo.
636 397 735 432 inquit,
762 405 792 425 se
818 405 862 424 res
882 401 936 424 tua:
955 397 989 423 ha

1073 396 1093 422 Ο
1109 395 1138 422 δὲ
1160 393 1229 421 εἷπε·
1243 395 1318 427 Τέως
1331 395 1421 427 καλῶς
1436 396 1502 428 εἰμι·
1518 395 1608 430 ᾐδεῖτο
1623 395 1676 431 γὰρ
1691 395 1788 422 εἰπεῖν.
1801 394 1851 422 Λέ-

213 445 289 477 bent,
308 444 411 471 frater?
428 443 452 471 Is
473 443 541 471 dicit
557 453 563 470 :
586 442 681 476 Recte,
701 451 749 478 per
767 451 864 478 preces
880 447 954 471 luas.
971 442 991 469 Ε

1073 451 1102 469 ἐι
1118 442 1193 477 αὐτῷ
1209 443 1223 468 ὁ
1235 442 1335 478 γέρων·
1364 442 1428 469 Ἰδοὺ
1444 443 1514 469 πόσα
1536 442 1583 477 ἐτη
1599 443 1686 475 ἀσκῶ,
1707 443 1754 469 καὶ
1766 442 1851 478 τιμῶ-

213 499 297 519 senex
316 500 322 518 :
341 491 411 517 Num
431 491 594 525 impugnant
612 494 638 517 te
651 489 855 525 cogitationes?
872 490 917 516 ille
935 499 941 516 :
959 489 988 516 ln

1074 497 1109 515 ιαι
1122 489 1197 525 παρὰ
1209 489 1329 519 πάντων,
1346 489 1392 515 καὶ
1403 489 1464 524 ἐμοὶ
1479 488 1517 524 τῷ
1528 490 1635 525 γέροντι
1648 489 1720 524 ὀχλεῖ
1730 491 1760 516 τδ
1775 488 1852 515 πνεῦ-

213 537 292 564 terim
316 536 382 563 mihi
403 537 472 563 bene
492 539 543 563 est.
566 534 689 562 Pudebat
706 536 780 562 enim
800 542 861 563 cum
884 535 991 563 edicere

1072 545 1099 562 ια
1115 536 1165 571 τῆς
1178 536 1315 571 πορνείας.
1325 536 1473 572 ’Λπεκρίθη
1486 537 1572 571 λέγων
1583 537 1629 564 καὶ
1639 537 1652 562 ὁ
1663 537 1850 572 Θεόπεμπτος·

213 583 259 610 Ait
275 582 314 610 illi
333 590 415 610 senex
435 590 441 607 :
462 581 530 608 Ecce
543 589 558 608 a
579 581 737 616 quotannis
758 581 841 608 vitam
858 581 991 608 ascetican

1074 583 1186 614 Ιίστευε,
1207 582 1287 614 ἀεὸἒὶ,
1301 581 1347 608 καὶ
1367 582 1438 617 ἐμοί.
1462 583 1490 608 Ὀ
1502 582 1530 608 δὲ
1553 583 1642 618 γέρων
1655 582 1852 618 προεῳασίζετο

214 629 297 659 duco.
313 633 340 656 et
362 629 466 655 honore
485 627 588 654 alhcior
606 627 640 653 ab
657 627 806 660 omnibus;
823 631 944 654 attamen
963 635 992 653 in

1074 629 1109 654 :al.
1134 629 1244 663 ἑτέρους
1268 628 1415 663 λογισμοὺς
1430 628 1558 663 πολεμεῖν
1579 628 1664 664 αὐτῷ,
1678 628 1730 660 ἓως
1744 628 1852 663 ποιήσει

215 682 307 702 senem
323 674 437 708 spiritus
456 672 648 700 fornicationis
663 672 785 700 divexat.
802 671 989 708 Theopemptu

1073 676 1142 702 ιὺτὸν
1160 675 1333 710 ὁμολογῆσαι.
1354 673 1419 701 Εἶτα
1435 675 1509 710 λέγει
1523 675 1606 710 αὺτῷ-
1624 675 1686 706 Πῶς
1697 674 1851 709 νηστεύεις;

214 720 320 755 excepit
335 729 341 746 :
359 719 456 751 Crede,
477 719 562 750 abba.
583 727 627 746 me
646 718 740 746 etiam.
762 718 851 746 Senex
876 726 942 746 vero
967 719 990 747 si

1072 722 1096 748 ’0
1116 722 1144 748 δὲ
1157 721 1232 755 λέγει
1244 721 1327 757 αὐτῷ·
1349 721 1404 757 Τὴν
1416 721 1523 756 ἐνάτην.
1536 721 1617 755 Λέγει
1631 720 1704 756 αὐτῷ
1724 721 1737 747 ὁ
1751 720 1850 755 γέρων·

214 767 336 794 mulabat
348 766 381 793 ab
395 766 456 793 aliis
467 766 549 792 etiam
566 765 781 800 cogitationibus
798 765 951 800 impugnari
967 774 992 793 se

1075 767 1183 802 ἰήστευε
1194 767 1246 798 ’ἐως
1260 766 1319 801 ὀψὲ,
1329 767 1374 793 καὶ
1389 767 1477 793 ἄσκει·
1494 766 1542 793 καὶ
1557 765 1722 800 ἀποστήθιζε
1737 765 1784 792 τοῦ
1801 766 1853 792 Εὑ-

215 813 302 840 donec
335 820 398 839 eum
428 811 461 838 ad
489 811 691 838 confessionem
717 810 876 838 adduceret.
908 810 990 839 Poste

1073 812 1190 847 ιγγεὶ.ῐου
1206 813 1253 839 xal.
1270 812 1323 838 τῶν
1339 812 1426 839 ἄλλων
1443 810 1569 848 Γραφῶψ
1582 812 1630 838 καὶ
1646 812 1694 838 ὲὰν
1710 821 1750 838 σοι
1764 812 1851 847 ἁναῦῇ

215 860 281 886 dicit
294 859 318 886 ei
335 867 342 885 :
360 858 505 891 Quomodo
527 858 653 893 jejunas?
670 857 819 891 Respondit
833 867 839 884 τ
852 857 892 884 Ad
914 858 989 884 horai

1074 859 1202 894 .ογιςμδς.
1211 859 1345 894 μηδέποτε
1359 860 1480 895 πρόσχῃς
1491 859 1575 890 κάτω,
1585 858 1652 885 ἀλλὰ
1661 858 1774 885 πάντοτε
1786 858 1852 885 ἄνω·

215 912 327 931 nonam.
349 903 419 930 Tum
441 911 526 931 senex
547 911 553 928 :
576 902 674 937 Jejuna
693 910 781 937 usque
801 902 834 928 ad
847 910 988 937 vesperam

1077 905 1110 932 :al
1122 905 1223 936 εὐθέως
1242 913 1284 931 σοι
1296 906 1310 931 ὀ
1327 904 1427 937 Κύριος
1445 904 1546 940 βοηθεῖ.
1565 904 1620 930 Kal.
1635 904 1763 936 τυπώσας
1779 905 1794 930 ὁ
1808 903 1855 938 γέ-

215 958 314 977 exerce
335 954 377 982 te;
397 949 529 977 meditare
552 957 584 976 ac
603 949 688 976 recita
706 948 866 975 memoriter
878 957 912 976 ex
926 950 993 976 Evai:

1076 961 1119 978 φων
1132 951 1177 978 τὸν
1201 950 1315 985 ἀδελφὺν
1331 951 1442 986 ἐξῆλθεν
1460 952 1500 982 εἰς
1519 950 1567 986 τὴν
1581 950 1648 977 ἰδίαν
1668 949 1781 985 ἔρημον.
1799 949 1854 976 Kal

215 996 287 1031 gelio
304 996 421 1030 aliisque
442 995 612 1030 Scripturis;
632 1002 750 1030 cumque
769 999 795 1022 te
810 994 925 1022 subierit
936 996 993 1030 cogi

1076 998 1231 1034 ιαρατηρῶν
1252 997 1334 1024 πάλιν
1354 998 1404 1032 ὁρᾷ
1424 998 1527 1023 ἐκεῖνον
1548 997 1593 1023 τὸν
1608 996 1735 1030 δαίμονα,
1751 995 1798 1022 καὶ
1809 994 1854 1021 λέ-

216 1042 296 1074 tatio,
317 1049 457 1077 nunquam
472 1041 601 1069 deorsum
618 1044 737 1075 spectes,
751 1040 798 1068 sed
816 1049 926 1069 sursum
942 1049 994 1068 sem

1076 1052 1106 1069 ἐι
1124 1043 1207 1078 αὐτῷ’
1220 1042 1274 1070 Ποῦ
1289 1043 1369 1069 πάλιν
1382 1043 1507 1079 ἀπέρχῃ;
1529 1043 1557 1069 '0
1571 1042 1599 1068 δὲ
1613 1041 1697 1076 λέγει·
1717 1040 1854 1076 Ύπομνῆ-

217 1095 284 1122 per;
312 1088 458 1122 statimque
482 1087 531 1114 tibi
559 1086 691 1113 Dominus
715 1085 846 1120 praebebit
866 1086 995 1113 auxilium

1077 1097 1110 1115 :at
1123 1089 1186 1119 τοὺς
1201 1088 1341 1123 ἀδελφούς.
1359 1088 1413 1115 Καὶ
1427 1087 1557 1123 ἀπῆλθεν.
1576 1089 1619 1118 Ὠς
1638 1088 1665 1114 δὲ
1680 1087 1761 1113 πάλιν
1773 1087 1855 1113 ἔπαν-

217 1136 250 1162 Et
265 1139 407 1169 postquam
425 1134 536 1160 fratrem
555 1132 735 1160 informasset
763 1141 846 1160 senex
858 1153 865 1163 ,
886 1141 995 1160 reverso

1078 1137 1142 1172 9.05,
1160 1137 1234 1172 λέγει
1251 1137 1325 1172 αὐτῷ
1340 1138 1353 1163 ὸ
1365 1136 1452 1170 ἅγιος·
1467 1136 1529 1168 Πῶς
1544 1136 1568 1162 οἱ
1586 1134 1710 1168 ἀδελφοη
1731 1134 1760 1160 '0
1773 1133 1801 1160 δὲ
1813 1133 1856 1159 λέ-

217 1186 260 1208 est.
285 1181 318 1208 ad
346 1180 524 1208 solitudinem
546 1187 636 1207 suam.
659 1178 710 1206 Ubi
729 1179 892 1210 observans,
912 1180 995 1207 iterur]

1076 1192 1117 1210 ἐι·
1133 1184 1243 1215 Κακῶς,
1261 1183 1293 1211 ’0
1315 1184 1342 1210 δὲ
1362 1184 1450 1219 γέρων
1471 1183 1554 1217 λέγει·
1571 1182 1662 1214 Διατί;
1685 1181 1713 1207 '0
1725 1181 1753 1207 δὲ
1767 1178 1854 1206 εἶπεν·

217 1229 291 1256 videt
304 1228 454 1255 daemonem
472 1227 559 1258 illum,
574 1226 666 1261 aitque
683 1226 708 1253 ei
725 1234 732 1251 :
752 1225 812 1258 Quo
833 1226 932 1253 iterum
947 1234 994 1261 per

1079 1230 1174 1266 Αγριοί
1189 1231 1258 1257 εἰσιν
1269 1230 1336 1257 ὅλοι·
1347 1231 1395 1257 καὶ
1408 1230 1439 1256 τὸ
1451 1229 1542 1265 μεῖζον
1556 1229 1650 1260 κακὴν,
1665 1228 1704 1254 ὅτι
1716 1227 1763 1254 καὶ
1775 1226 1804 1252 ὃν
1822 1224 1857 1252 εἷ-

218 1275 280 1311 gis?
303 1273 426 1306 Fratres,
454 1273 554 1307 inquit,
578 1273 748 1307 instigatum.
772 1274 860 1307 Atque
878 1273 954 1300 abiit.
977 1272 996 1301 υ

1079 1284 1111 1310 γον
1131 1276 1207 1310 φίλον
1221 1275 1394 1302 ὑπακούοντά
1408 1284 1463 1311 μοι,
1487 1276 1535 1302 καὶ
1548 1273 1628 1306 αὐτὸς
1643 1274 1692 1300 οὐκ
1703 1271 1760 1299 οἶδα
1775 1272 1857 1298 πόθεν

218 1328 285 1349 vero
298 1328 397 1348 rursus
421 1319 544 1349 transiit.
568 1318 728 1346 sciscitatus
754 1322 796 1346 est
817 1319 892 1345 illum
918 1327 996 1345 senex

1082 1321 1226 1356 ιεστράφη,
1242 1321 1289 1348 καὶ
1305 1320 1366 1348 οὐδὲ
1386 1321 1467 1353 αὑτός
1493 1329 1538 1355 μοι
1554 1319 1686 1352 πείθεται,
1705 1319 1772 1346 ἀλλὰ
1790 1318 1857 1344 πάν-

218 1367 357 1402 quotnodo
377 1365 510 1393 haberent
537 1364 647 1392 fratres.
674 1364 850 1399 Respondit:
875 1363 956 1392 lllale.
980 1363 996 1390 Ε

1081 1376 1118 1393 ων
1132 1367 1301 1403 ἀγριώτερος
1323 1367 1441 1401 ἑγένετο”
1461 1367 1507 1394 καὶ
1519 1366 1613 1401 ὤμοσα
1638 1365 1736 1402 μηκέτι
1749 1365 1784 1391 τὰ
1798 1365 1858 1390 ἐκεῖ

220 1421 303 1441 senex
323 1412 416 1440 :Cur?
434 1411 542 1438 Dteinon
558 1419 564 1437 :
579 1410 678 1437 Cuncti
694 1409 801 1437 feroces
820 1415 903 1444 sunt;
924 1411 996 1445 quod

1079 1414 1197 1449 πατῆσαι,
1213 1415 1237 1440 εἰ
1253 1413 1289 1449 μὴ
1307 1413 1377 1448 μετὰ
1390 1416 1494 1448 χρόνον.
1511 1413 1565 1439 Kal
1578 1412 1664 1443 οὕτως
1678 1412 1763 1438 εἰπὼν
1770 1411 1857 1445 ἀπῆλ-

219 1467 273 1495 que
287 1459 365 1494 pejus
381 1463 434 1490 est.
456 1458 501 1484 ille
522 1465 604 1492 quem
625 1457 759 1484 habebam
778 1457 907 1490 amicum,
922 1461 947 1484 et
961 1457 996 1484 ob

1082 1468 1121 1492 sv,
1139 1460 1222 1491 ἐάσας
1238 1460 1283 1487 τὸν
1300 1460 1425 1496 γέροντα.
1440 1459 1495 1486 Kal.
1512 1460 1526 1485 ὁ
1542 1459 1619 1493 ἆγιος
1639 1457 1762 1492 εἰσῆλθεν
1776 1458 1816 1488 εἰς
1827 1456 1858 1483 τὸ

220 1513 377 1542 sequentem
394 1504 471 1534 mihi.
488 1505 546 1539 ipse
557 1503 649 1535 etiam,
667 1503 740 1530 unde
755 1503 859 1534 nescio.
883 1503 995 1530 inversu

499 1512 546 1539 pse
557 1503 649 1535 etiam,
667 1503 740 1530 unde
755 1503 859 1534 nescio.
883 1503 1012 1530 inversus
1064 1504 1169 1530 κελλίον
1180 1504 1273 1531 αὐτοῦ.

219 1558 271 1584 est,
298 1558 347 1578 nec
373 1550 491 1585 amplius
510 1557 524 1576 a
547 1557 589 1575 tne
616 1549 808 1583 persuadetur,
837 1548 885 1575 sed
917 1550 1025 1575 cunctis
1056 1549 1174 1576 ferociOr
1198 1550 1287 1577 evasit
1313 1560 1319 1577 :
1341 1549 1412 1576 unde
1432 1548 1524 1583 jnravi
1540 1556 1582 1576 me
1603 1548 1720 1582 amplius
1743 1555 1774 1575 ea
1798 1549 1859 1575 lova

219 1605 274 1624 non
293 1596 473 1625 caleaturuin,
491 1594 543 1620 nisi
560 1598 622 1628 post
640 1598 756 1628 tempus.
780 1593 841 1626 Quo
855 1595 1037 1628 pronuntiato
1067 1595 1205 1628 discessit,
1226 1604 1319 1623 senem
1337 1596 1503 1630 relinquens.
1533 1593 1611 1622 Tune
1638 1598 1750 1622 sanctus
1773 1595 1860 1622 intra-

222 1644 259 1670 vit
276 1643 305 1670 in
320 1642 417 1669 cellam
432 1649 522 1668 suam.
1500 1662 1502 1666 _

255 1690 282 1716 4.
305 1689 362 1723 (86)
384 1687 463 1714 Venit
485 1687 572 1713 abbas
595 1685 731 1713 Macarius
748 1694 864 1722 magnus
877 1687 910 1713 ad
931 1688 1033 1717 abba-1

1101 1691 1132 1717 δ’.
1146 1691 1304 1726 Παρέϐαλεν
1314 1692 1328 1718 ὁ
1342 1690 1428 1722 assa;
1443 1690 1587 1726 Μακάριος
1601 1691 1615 1716 ὁ
1627 1689 1715 1724 μέγας
1733 1688 1771 1723 τῷ
1788 1688 1859 1724 ἁϐὃᾷ

221 1740 275 1763 tein
290 1735 438 1762 Antonium
462 1734 488 1760 in
508 1738 647 1766 montem;
669 1741 787 1767 cumque
810 1733 947 1766 pulsasset
968 1742 999 1760 os

1083 1739 1218 1774 Αντωνίῳ,
1235 1741 1275 1772 εἱς
1286 1740 1315 1766 τὸ
1330 1739 1401 1775 ὅρος·
1420 1739 1467 1766 καὶ
1479 1738 1644 1774 κρούσαντος
1653 1736 1735 1764 αὑτοῦ
1750 1737 1799 1770 τὴν
1813 1736 1861 1763 θύ-

220 1784 301 1814 tium,
320 1788 449 1816 egressus
464 1784 519 1810 est,
538 1779 670 1814 petiitque
687 1788 693 1806 :
709 1778 748 1805 Tu
764 1779 826 1813 quis
839 1778 887 1805 es?
902 1777 950 1805 llle
965 1786 998 1805 au

1079 1795 1128 1818 δαν,
1144 1785 1240 1820 ἐξῆλθε
1262 1786 1330 1821 πρὸς
1341 1786 1432 1817 αὑτὸν,
1449 1785 1496 1812 καὶ
1514 1783 1590 1811 εἶπεν
1604 1784 1687 1819 αὐτῷ·
1705 1783 1741 1810 Σὺ
1753 1783 1795 1815 τις
1818 1781 1857 1817 εἷς

221 1834 287 1860 tem,
303 1828 370 1864 Ego,
392 1827 490 1862 inquit,
512 1834 574 1854 sum
592 1825 740 1852 Macarius.
760 1824 793 1851 Et
816 1825 888 1852 ostio
905 1825 999 1852 clauso

1081 1846 1082 1855 ι
1096 1833 1124 1859 δὲ
1138 1832 1201 1867 ἔφη’
1221 1832 1291 1866 Ἐγώ
1300 1834 1358 1868 εἰμι
1366 1831 1580 1867 Μακάριος.Καὶ
1589 1831 1699 1861 κλείσας
1712 1830 1761 1866 τὴν
1773 1830 1859 1866 Θύραν

221 1877 343 1909 intravit,
370 1874 530 1908 relinquens
555 1880 628 1900 eum.
651 1871 704 1899 Sed
732 1875 878 1906 postquam
903 1872 999 1905 agnovi

1085 1878 1177 1912 ἱσῆλοε
1194 1879 1241 1904 καὶ
1251 1878 1358 1913 ἀφῆκεν
1375 1878 1466 1905 αὐτόν.
1488 1878 1543 1904 Kal.
1569 1875 1631 1904 ἰδὼν
1653 1877 1701 1912 τὴν
1719 1876 1860 1912 ὑπομονὴν

222 1920 382 1959 patientiam
403 1921 480 1955 ejus,
506 1920 626 1955 aperuit.
649 1919 740 1953 Atque
761 1926 824 1945 cum
851 1925 884 1945 eo
911 1918 1000 1945 urbani

1081 1924 1161 1956 ιύτοῦ,
1177 1923 1281 1960 ἤνοιξεν
1295 1924 1433 1959 αὺτῷ,καὶ
1448 1923 1682 1959 χαριεντιζόμενος
1696 1922 1753 1957 μετ’
1765 1921 1859 1953 αὑτοῦ,

221 1977 317 2005 agens,
333 1968 403 1995 dixit
417 1975 423 1992 :
440 1967 463 1993 Δ
479 1967 565 1993 ιιιυιιο
582 1971 704 2000 tempore
719 1964 810 1991 videre
828 1969 854 1991 te
875 1963 999 1991 desidera

1083 1968 1173 2001 λεγεν·
1206 1968 1273 1994 Ἀπὸ
1293 1967 1390 1994 πολλοῦ
1418 1968 1514 2004 χρόνου
1544 1967 1697 2002 ἐπεθύμουν
1726 1975 1756 1992 σε
1785 1966 1859 1998 ἰδεῖν,

222 2015 296 2045 ham,
313 2014 405 2041 audita
419 2012 459 2039 tui
472 2012 554 2038 fama.
568 2011 601 2037 Et
612 2009 785 2044 hospitaliter
797 2012 956 2044 susceptura
974 2016 1000 2035 re

1083 2014 1175 2041 ικούων
1186 2015 1219 2042 τὰ
1232 2015 1295 2050 περὶ
1311 2015 1367 2042 σοῦ.
1381 2015 1436 2041 Kal
1451 2013 1626 2049 φιλοξενήσας
1643 2013 1724 2040 αὐτὸν
1743 2012 1861 2039 ἀνέπαυ-

222 2062 304 2094 fccit;
331 2064 390 2088 erat
412 2059 484 2086 enim
506 2066 521 2084 e
546 2058 631 2084 multo
657 2057 751 2083 labore
773 2055 874 2084 fessus.
895 2055 999 2090 Vesper

1081 2059 1168 2096 ῖεν·ἦν
1179 2061 1234 2097 γὰρ
1250 2061 1304 2087 ἀπὸ
1320 2061 1442 2096 καμάτου
1458 2060 1568 2087 πολλοῦ.
1590 2059 1683 2093 Ὀψίας
1699 2059 1728 2086 δὲ
1745 2058 1859 2093 γενομέ-

222 2114 314 2136 autem
330 2108 413 2139 facto,
432 2106 518 2133 abbas
533 2104 670 2131 Antonius
685 2103 738 2130 sibi
755 2101 902 2129 madefecit
923 2108 1000 2128 ramo

1082 2116 1128 2142 ιης,
1146 2107 1255 2142 ἔϐρεξεν
1274 2106 1363 2141 ἑαυτῷ
1382 2107 1396 2133 ὁ
1413 2105 1499 2137 ἁῦϐἆς
1513 2106 1654 2136 ’Λντώνιος
1681 2104 1786 2130 θαλλία.
1806 2103 1860 2130 Kal

223 2156 387 2192 palmarum.
404 2153 448 2179 Ait
464 2152 488 2179 ei
503 2151 587 2177 abbas
603 2149 740 2176 Macarius
759 2158 765 2175 :
787 2147 856 2174 Jube
872 2151 902 2174 ut
919 2151 945 2174 et
965 2155 1001 2182 egi

1087 2154 1143 2188 ἐγει
1167 2153 1240 2188 αὐτῷ
1262 2154 1275 2180 ὁ
1293 2153 1377 2184 ἁῦὒᾶς
1399 2153 1550 2187 Μακάριος·
1567 2151 1702 2178 Κέλευσον
1723 2151 1766 2176 ἵνα
1783 2149 1861 2183 κάγὼ

224 2202 290 2230 mihi
306 2201 468 2236 intinguam.
480 2198 542 2225 Ille:
558 2196 695 2230 lntiugue,
709 2195 807 2230 inquit.
831 2193 999 2228 Confectoqu

1083 2199 1159 2234 ὶρέξω
1169 2198 1288 2234 ἐμαυτῷ.
1311 2199 1341 2225 '0
1351 2198 1378 2224 δὲ
1393 2196 1463 2224 εἷπε·
1479 2197 1588 2232 Βρὲξον,
1606 2196 1661 2223 Kal.
1685 2197 1801 2231 ποιήσας
1817 2195 1861 2221 δε-

224 2257 324 2285 magno
343 2247 489 2278 fasciculo,
501 2245 622 2272 intinxit.
634 2244 717 2278 Igitur
730 2242 857 2270 sedentes
867 2249 880 2267 a
891 2249 1002 2275 vespera

1083 2245 1138 2280 ιμὺν
1159 2245 1254 2280 μέγαν,
1269 2243 1374 2279 ἔϐρεξε.
1389 2244 1444 2269 Kal.
1459 2243 1608 2277 καθήμενοι
1617 2242 1671 2268 ἀπὸ
1683 2240 1861 2276 ὀψὲ,λαλοῦν-

224 2295 352 2323 collocuti
366 2294 399 2321 de
415 2293 568 2320 animarum
582 2290 711 2322 utilitate,
732 2289 887 2324 plectebant
903 2297 909 2315 :
927 2288 998 2323 plect

1087 2300 1115 2323 ες
1127 2293 1191 2326 περὶ
1204 2291 1341 2326 σωτηρίας
1357 2289 1450 2324 ψυχῶν
1470 2289 1593 2315 ἕπλεκον·
1620 2287 1667 2314 καὶ
1681 2288 1698 2322 ἡ
1713 2286 1792 2322 σειρὰ
1817 2286 1862 2313 διὰ

225 2346 315 2369 autent
341 2348 387 2375 per
410 2339 558 2366 fenestram
584 2335 771 2364 descendebat
794 2335 821 2362 in
846 2335 1003 2369 speluncam

1083 2338 1119 2372 ’ἧς
1134 2338 1240 2373 θυρίδος
1257 2339 1296 2368 si;
1305 2337 1337 2363 τὸ
1353 2337 1483 2372 σπήλαιον
1494 2335 1648 2362 κατέϐαινε.
1665 2334 1719 2360 Καὶ
1734 2332 1861 2360 εἰσελθὼν

224 2387 258 2414 Ει
275 2394 355 2414 mane
375 2385 534 2420 ingrediens
555 2383 652 2410 beatus
673 2381 819 2411 Antonius,
834 2380 902 2408 vidit
923 2380 1002 2415 plect:

1084 2383 1144 2417 ιρωῖ
1160 2385 1174 2410 ὁ
1187 2383 1322 2418 μακάριος
1342 2381 1485 2412 Ἀντώνιος
1504 2379 1557 2407 εἶδε
1574 2381 1604 2407 τὸ
1621 2380 1724 2414 πλῆθος
1736 2379 1787 2413 τῆς
1805 2387 1862 2405 σει-

225 2434 332 2462 abbatis
352 2432 464 2459 Macarii
492 2430 617 2465 copiam;
637 2432 664 2455 et
685 2426 744 2454 infit
767 2436 773 2453 ;
796 2426 880 2453 Multa
900 2426 988 2454 virtus

1084 2430 1121 2460 τᾶς
1132 2428 1178 2455 τοῦ
1189 2428 1261 2455 ἁϐὅᾶ
1274 2427 1427 2463 Μακαρίου,
1442 2427 1489 2453 καὶ
1501 2426 1588 2461 ἔλεγε·
1601 2425 1689 2461 Πολλὴ
1704 2425 1817 2459 δύναμις
1831 2425 1862 2450 ὲκ

225 2480 354 2508 manibus
369 2479 432 2506 istis
447 2477 599 2513 egreditur.

1069 2475 1123 2502 τῶν
1141 2474 1240 2510 χειρῶν
1252 2474 1356 2501 τούτων
1369 2474 1521 2509 ἐξερχεται.

261 2525 288 2552 5.
308 2525 365 2560 (87)
386 2524 476 2551 Abbas
502 2522 639 2550 Macarius
669 2521 796 2556 przedixit
826 2519 959 2546 fratribus
986 2519 1019 2546 de

1107 2524 1138 2547 ε’.
1159 2520 1272 2554 Ἔλεγεν
1281 2520 1295 2545 ὁ
1307 2519 1393 2550 assa;
1407 2519 1549 2554 Μακάριος
1561 2526 1594 2544 πε
1601 2518 1626 2553 pl
1635 2517 1686 2552 τῆς
1695 2516 1863 2553 ἐρημώσεως

226 2571 381 2598 vastatione
416 2568 528 2596 Sceteos
546 2567 683 2601 :Quando
709 2566 898 2603 speetaveritis
922 2566 1004 2593 cellar

1085 2566 1120 2601 ἧς
1152 2566 1280 2601 Σκὴτεως
1307 2566 1364 2596 τοῖς
1388 2565 1527 2599 ἀδελφοῐςο
1550 2564 1635 2590 Ὅταν
1661 2563 1733 2598 ἴδητε
1758 2562 1863 2589 κελλίον

228 2616 390 2645 aediﬁcatam
412 2615 488 2651 juxta
509 2615 647 2649 paludem,
668 2613 768 2641 scitote
791 2611 863 2647 quod
883 2619 968 2647 prope
983 2613 1005 2639 si

1089 2612 1298 2647 ἰκοδομούμενον
1315 2612 1399 2645 ἐγγὺς
1414 2611 1461 2638 τοῦ
1485 2610 1572 2642 ἕλους,
1591 2609 1692 2645 μάθετε
1715 2609 1755 2636 ὅτι
1779 2609 1865 2643 ἐγγύς

231 2664 342 2692 Sceteos
368 2662 502 2690 desolatio
528 2669 535 2688 :
559 2661 669 2696 quando
690 2659 814 2687 videritis
838 2658 961 2689 arbores,
984 2665 1009 2684 at

1088 2665 1146 2684 στιν
1161 2658 1178 2693 ή
1192 2658 1331 2693 ἐρήμωσις
1345 2657 1442 2691 αὐτῆς·
1464 2656 1529 2682 ὅταν
1546 2656 1619 2690 ἴδητε
1634 2655 1740 2690 δένδρα,
1757 2655 1804 2681 ἐπὶ
1817 2654 1865 2681 θυ-

232 2711 305 2738 fores
316 2713 358 2737 est
373 2716 380 2735 :
394 2716 457 2736 cum
474 2711 565 2734 autem
581 2714 683 2742 pueros
696 2704 911 2741 conspexeritis,
930 2703 1010 2731 tolliti

1087 2703 1128 2730 ιῶν
1141 2704 1215 2729 ἐστιν
1224 2712 1232 2719 ·
1241 2703 1304 2729 ὅταν
1314 2703 1343 2728 δὲ
1355 2703 1427 2737 ἴδητε
1440 2702 1544 2734 παιδία,
1556 2702 1640 2737 ἄρατε
1653 2701 1687 2728 τὰ
1701 2700 1865 2737 μηλωτάρια

230 2757 343 2783 melutes
356 2759 474 2786 vestras,
490 2757 572 2788 atque
586 2752 729 2780 discedite.

665 2752 729 2780 dite.
1073 2748 1159 2785 ὑμῶν,
1175 2749 1223 2775 καὶ
1237 2749 1443 2783 ἁναχωρήσατε.

261 2802 289 2830 6.
310 2802 364 2838 (83)
385 2801 459 2828 Dixit
481 2800 594 2832 iterum,
616 2799 712 2827 volens
734 2798 835 2828 fratres
856 2797 1017 2827 consolari:

1109 2797 1148 2827 ς’.
1176 2793 1273 2828 Ἔλεγε
1288 2793 1380 2826 πάλιν,
1401 2794 1593 2830 παρηγορῆσαι
1607 2793 1691 2820 θέλων
1710 2793 1773 2825 τοὺς
1787 2791 1868 2820 ast);-

264 2859 320 2893 (86-)
340 2857 394 2885 Vit.
411 2857 489 2884 Patr.
510 2864 558 2888 vn,
579 2855 619 2893 9._
1111 2851 1167 2887 (88)
1189 2851 1241 2880 Vit.
1259 2851 1337 2880 Patr.
1355 2860 1431 2885 xvtu,
1447 2851 1490 2880 l0.

264 2890 321 2930 (87)
342 2893 395 2922 Vit.
413 2893 490 2921 Patr.
509 2898 587 2923 xvut,
604 2890 631 2918 2.
