1970 3074
213 154 266 181 287

796 151 967 181 APPENDIX
985 151 1030 179 AD
1050 151 1258 182 PALLADIUM.

1792 160 1844 188 £63

213 211 288 246 quod
305 218 368 238 cum
391 209 547 244 aili'enisset
566 210 713 246 aliquando
729 209 762 237 ad
778 211 923 246 quemdam
938 218 993 237 ana.

1057 210 1128 245 ρίου,
1137 211 1178 237 ὃτι
1193 211 1416 247 παραγενόμενός
1427 221 1490 239 ποτε
1503 214 1571 249 πρός
1579 223 1638 240 τινα
1650 215 1841 252 ἀναχωρητην,

214 257 365 289 choret‘am.
392 260 419 283 et
433 256 581 283 invenisset
594 264 657 284 eum
672 260 858 291 aegrotantem,
878 257 1003 284 sciscita-

214 307 258 329 tus
277 302 322 333 sit,
341 301 469 336 quidnam
490 301 542 328 cibi
559 302 638 329 vellet
663 309 771 329 sumere
793 311 799 328 :
823 302 890 328 nihil
903 302 1004 336 quippe

213 350 274 375 erat
288 347 316 374 in
337 347 405 374 cella
428 347 500 382 ejus.
520 346 572 380 Qui
591 351 734 382 postquam
761 347 885 378 dixisset,
903 346 1003 378 Pastil-

213 392 280 426 lum,
303 400 357 420 non
380 392 466 428 piguit
483 393 571 420 virum
599 394 694 420 fortem
707 392 899 420 Alexandriam
919 393 1002 428 profi-

213 439 290 471 cisci,
307 443 336 466 ut
347 446 418 474 aegro
431 439 527 466 daret:
540 439 664 474 miraque
679 447 733 471 res,
744 438 1001 467 neminimanifesta

211 484 284 512 facta
300 489 352 513 est.

247 531 274 559 9.
294 530 394 558 lterum
415 531 574 558 memoravit
597 538 603 556 :
628 530 668 557 Ad
696 530 822 558 abbatem
851 530 999 557 Macarium

211 584 274 605 cum
288 577 418 604 fratribus
432 577 542 604 cunctis
554 577 581 603 in
599 576 776 612 simplicitate
791 581 998 604 eonversantcm

211 622 339 650 dixerunt
360 623 483 649 nonnulli
509 630 515 647 :
543 622 634 655 Quare
655 628 680 649 te
705 623 785 649 talem
808 622 931 657 prtebcs?
953 623 1000 650 Ille

211 668 374 704 respondit:
397 668 545 695 Duodecim
565 668 645 696 annis
667 668 766 696 servivi
791 667 907 695 Domino
927 676 998 699 meo,

210 719 241 742 ut
261 714 327 742 mihi
350 714 421 741 hanc
444 713 560 749 gratiam
587 713 751 749 largiretur;
769 718 797 740 et
816 722 912 742 omnes
931 714 997 740 mihi

210 763 353 791 consilium
367 761 438 789 datis
458 763 499 788 uti
514 769 574 788 eam
591 760 749 796 deponam?

245 809 289 836 i0.
309 808 365 843 (95)
388 807 520 835 Dicebant
541 807 575 834 de
595 807 693 835 abbate
715 806 846 838 Macario.
875 807 946 842 quod
973 807 997 834 si

209 863 271 882 eum
288 853 420 882 fratribus
436 861 535 881 vacans
548 845 767 886 versaretur..ita
783 862 876 881 secum
889 854 996 881 consti-

208 901 302 929 tuebat
320 899 370 928 :Si
394 901 487 928 vimnn
503 899 638 935 [adfuerit,
663 904 776 935 propter
798 900 898 927 fratres
914 900 996 933 bibe;

208 952 235 974 et
248 955 296 982 pro
310 954 364 973 uno
380 946 435 973 vini
457 946 567 981 poculo,
580 953 627 980 per
642 954 726 973 unum
740 946 811 974 diem
829 954 926 981 aquam
943 955 996 974 non

209 995 297 1022 bibas.
317 994 399 1029 Igitur
416 993 526 1026 fratres,
542 993 655 1020 reﬁcere
670 994 825 1028 cupientes,
842 994 945 1021 dabant
959 995 995 1022 ei.

209 1040 297 1068 Senex
313 1044 402 1067 autem
423 1047 485 1067 cum
504 1039 604 1075 gaudio
629 1040 800 1072 admittebat,
825 1045 854 1066 ut
875 1041 996 1075 seipsum

208 1090 358 1122 torqueret.
387 1086 420 1113 At
441 1086 595 1121 discipulus
617 1085 688 1120 ejus.
711 1086 755 1113 cui
779 1094 823 1113 res
846 1091 909 1113 nota
926 1092 995 1119 erat,

207 1133 314 1160 dicebat
339 1131 471 1159 fratribus
499 1141 506 1158 :
529 1130 580 1159 Per
607 1131 764 1161 Dominum.
791 1140 825 1159 ne
851 1133 995 1167 pa-beatis

207 1180 262 1212 illi;
282 1178 382 1214 alioqui
398 1178 425 1205 in
441 1178 509 1205 cella
529 1177 706 1205 confecturus
730 1182 771 1205 est
791 1186 829 1206 se.
844 1178 903 1212 Quo
920 1187 995 1207 com-

206 1230 294 1261 perto,
313 1225 410 1252 fratres
426 1233 480 1252 non
492 1225 611 1260 amplius
628 1225 651 1252 ei
667 1225 853 1260 por-rigebant.

242 1272 287 1299 fl.
307 1271 364 1308 (91)
385 1271 566 1300 Proficiscens
575 1272 722 1307 aliquando
736 1272 820 1299 abbas
833 1271 970 1300 Macarius
979 1281 993 1299 a

205 1318 304 1352 palude
320 1319 347 1346 in
363 1319 457 1346 cellam
474 1326 564 1351 suam,
578 1319 705 1354 portabat
717 1318 867 1353 palmarum
883 1327 992 1352 ramos;

203 1369 232 1393 et
254 1366 447 1394 ecceoecurrit
464 1365 488 1392 ei
510 1365 537 1392 in
558 1365 601 1392 via
617 1365 744 1392 diabolus
768 1364 866 1392 falcem
883 1373 991 1400 gerens.

206 1410 295 1447 thue
308 1412 395 1440 voluit
408 1420 469 1440 eum
488 1412 582 1444 ferire,
599 1419 654 1439 non
669 1411 762 1438 valuit.
783 1411 874 1447 Itaque
892 1413 930 1440 ait
943 1413 967 1440 ei
985 1422 991 1440 :

204 1458 287 1486 Multa
308 1465 323 1486 a
345 1462 371 1486 te
390 1459 442 1490 vis.
469 1458 580 1490 Macari.
607 1458 680 1494 quod
705 1460 849 1487 adversum
877 1463 903 1487 te
926 1459 993 1486 nihil

201 1504 291 1532 valeo.
308 1504 347 1532 En
366 1505 450 1537 enim,
465 1504 597 1540 quidquid
622 1505 690 1540 agis,
712 1513 762 1540 ego
785 1513 893 1541 quoque
911 1505 991 1533 facio.

205 1550 245 1585 In
262 1551 323 1582 cibo
343 1551 476 1583 abstines,
495 1555 523 1578 et
537 1559 605 1587 ego;
619 1551 715 1586 vigilas
726 1571 734 1584 ,
747 1560 797 1587 ego
813 1552 922 1586 penitus
940 1560 992 1579 non
1007 1567 1028 1595 Ο

203 1597 319 1625 dormio.
337 1597 424 1627 Unum
445 1598 532 1625 solum
548 1602 590 1626 est
608 1598 635 1625 in
657 1606 711 1633 quo
726 1599 813 1626 vincis
829 1606 882 1626 me.
901 1599 987 1626 Inter-

204 1644 308 1680 rogavit
323 1644 408 1671 abbas
423 1643 560 1673 Macarius
581 1653 587 1671 :
607 1644 750 1677 Quodnam
769 1648 811 1672 est
822 1645 908 1672 illud?
923 1644 991 1672 Res-

202 1690 302 1726 pondit
331 1699 338 1717 :
361 1689 508 1718 llumilitas
526 1695 580 1717 tua.
598 1690 637 1717 Ac
657 1694 799 1725 propterea
819 1690 950 1718 adversus
966 1693 993 1718 te

203 1736 270 1764 nihil
284 1743 407 1771 possum.

239 1782 283 1810 12.
304 1782 360 1817 (95)
381 1781 622 1817 [interrogaverunt
639 1781 749 1817 quidam
764 1790 779 1810 e
796 1781 922 1810 Patribus
942 1781 991 1809 ab-

202 1830 292 1857 batem
305 1828 462 1857 Macarium
482 1828 652 1864 [Egyptian],
676 1828 800 1857 dicentes
819 1837 826 1855 :
847 1828 898 1862 Qui
921 1829 948 1855 fit
962 1832 992 1855 ut

202 1875 260 1903 sive
272 1874 401 1902 comedas
417 1873 474 1903 sive
491 1874 608 1908 jejunes,
622 1881 722 1909 corpus
734 1878 810 1901 tuum
824 1875 924 1909 pariter
939 1874 992 1902 sic-

201 1915 264 1948 eum
284 1920 343 1948 sit?
359 1915 564 1955 Responditque
581 1920 636 1947 illis
652 1928 735 1948 senex
758 1930 763 1948 :
788 1919 901 1956 Lignum
918 1920 991 1956 quod

201 1965 293 1994 versat
304 1971 442 1994 sarmenta
457 1974 518 2001 qua:
531 1967 741 1998 comburuntur,
757 1969 870 1994 omnino
883 1967 917 1995 ab
930 1967 992 2002 igne

202 2013 384 2040 consumitur.
411 2011 500 2040 Simili
522 2013 602 2040 modo
627 2013 650 2041 si
668 2017 787 2041 utentem
805 2021 885 2041 suam
909 2013 991 2041 homo

202 2060 231 2087 in
245 2060 344 2087 timore
364 2059 411 2087 Dei
434 2059 620 2092 mundaverit,
643 2060 701 2095 ipse
720 2059 767 2087 Dei
789 2059 871 2087 timor
891 2067 991 2095 corpus

202 2106 264 2142 ejus
280 2106 428 2133 consumit.

238 2153 283 2180 15.
306 2153 362 2189 (96)
384 2152 529 2181 Profectus
543 2157 585 2181 est
599 2153 747 2188 aliquando
758 2154 842 2181 abbas
856 2154 992 2183 lllaearius

202 2206 217 2225 e
240 2198 313 2225 Secti
337 2198 364 2225 in
387 2198 578 2231 Terenutliim;
595 2202 622 2226 et
636 2199 776 2234 ingressus
790 2204 832 2227 est
855 2200 882 2227 in
899 2200 990 2227 fanum

1055 256 1101 282 καὶ
1114 256 1202 292 εὑρὼν
1215 257 1296 284 αὑτὸν
1311 258 1492 293 κακούμενον,
1507 260 1672 287 ἐπυνθάνετο
1683 261 1707 287 τί
1722 261 1843 296 βούλοιτο

1053 302 1201 338 τραφῆναι,
1220 303 1326 335 οὐδενὸς
1346 304 1422 336 ὄντος
1439 305 1468 331 ὲν
1487 305 1527 341 τῷ
1550 306 1649 342 κελλίῳ
1671 307 1765 336 αὐτοῦ.
1789 308 1843 335 Καὶ

1054 349 1189 383 φήσαντος
1215 349 1331 383 ἐκείνου,
1349 350 1493 382 Πάστιλον,
1510 352 1550 383 εἰς
1569 352 1618 388 τὴν
1648 352 1843 389 Ἀλεξανδρέων

1053 393 1131 420 πόλιν
1156 394 1206 420 οὐκ
1228 393 1351 429 ὤκνησεν
1372 396 1385 421 ὁ
1409 395 1531 431 ἀνδρεῖος
1554 398 1769 433 παραγενέσθαι,
1796 400 1842 425 καὶ

1051 438 1143 465 δοῦναι
1157 439 1198 474 τῷ
1218 439 1350 475 κάμνοντι
1361 448 1367 455 ·
1384 441 1432 467 καὶ
1449 441 1479 467 τὸ
1496 441 1651 477 θαυμαστὸν
1676 444 1771 478 μηδενὶ
1791 452 1841 470 κα-

1051 485 1164 521 τάδηλον
1179 487 1336 521 γενόμενον.

1086 531 1119 558 θ’.
1140 529 1207 558 Εἷπε
1223 533 1314 565 πάλιν,
1330 533 1371 560 ὅτι
1386 534 1414 560 ὲν
1427 535 1530 570 ἀκακία
1543 535 1589 562 τοῦ
1604 535 1676 562 ἀεὶδᾶ
1694 535 1840 570 Μακαρίου

1051 577 1260 613 πολιτευομένου
1281 579 1350 614 πρὸς
1365 580 1469 612 πάντας
1487 581 1550 612 τοὺς
1568 581 1708 615 ἀδελφοὺς,
1735 581 1840 616 ἔφησαν

1050 623 1220 658 αὺτῷτινες·
1240 625 1316 651 Διατί
1336 625 1422 657 οὕτως
1443 627 1538 653 ἑαυτὸν
1553 629 1654 661 ποιείς;
1673 629 1701 655 Ὀ
1716 629 1744 656 δὲ
1762 627 1838 656 εἷπε·

1049 669 1158 696 Δώδεκα
1174 670 1221 705 ἔτη
1236 671 1381 698 ἐδούλευσα
1397 673 1435 708 τῷ
1451 674 1545 710 Κυρίῳ
1563 683 1624 710 μου,
1641 676 1684 702 ἵνα
1698 685 1743 711 μοι
1758 677 1838 711 χαρί-

1050 724 1129 751 σηται
1148 716 1178 742 τὸ
1200 717 1322 752 χάρισμα
1345 719 1435 750 τοῦτο,
1458 720 1504 746 καί
1527 721 1627 752 πάντες
1649 731 1695 757 μοι
1717 723 1837 758 συμϐου-

1049 762 1142 788 λεύετε
1159 764 1309 790 ἀποθέσθαι
1322 765 1403 797 animi;

1086 813 1111 836 ι’.
1129 810 1242 844 Ἔλεγον
1259 812 1323 846 περὶ
1337 811 1383 838 τοῦ
1398 812 1470 838 ἀὸΰᾶ
1482 813 1633 849 Μακαρίου,
1644 815 1684 840 ὅτι
1700 815 1725 840 εἰ
1742 815 1834 842 εὐκαί-

1050 865 1116 891 ρησε
1143 857 1211 892 μετὰ
1236 857 1370 892 ἀδελφῶν,
1403 858 1486 885 ἐτίθει
1508 859 1596 894 ἐαυτῷ
1619 861 1692 895 ὅρον,
1722 861 1836 888 ότιἸ-Ιὰν

1050 901 1148 937 εὑρεθῇ
1166 900 1247 936 οἶνος,
1262 903 1306 930 διὰ
1316 904 1379 936 τοὺς
1394 904 1525 938 ἁδελᾳοὺς
1546 906 1617 936 πίνε,
1634 906 1680 932 καὶ
1697 905 1757 932 ἀντὶ
1776 905 1836 936 ἐνδς

1050 946 1181 981 ποτηρίου
1200 947 1284 979 οἴνου,
1301 948 1364 983 μίαν
1381 949 1487 984 ἡμέραν
1508 950 1545 984 μὴ
1566 950 1630 985 πίῃς
1646 950 1727 985 ὕδωρ.
1745 951 1776 976 Ol
1789 948 1836 977 οὖν

1048 992 1168 1027 ἀδελφοὶ,
1189 993 1268 1028 χάριν
1283 994 1464 1026 ἀναπαύσεως
1481 995 1582 1022 ἐδίδουν
1597 995 1681 1031 αὐτῷ.
1702 997 1731 1022 ’0
1746 996 1774 1022 δὲ
1793 995 1836 1031 γέ-

1049 1047 1103 1074 ρων
1122 1039 1191 1073 μετὰ
1213 1041 1300 1076 χαρᾶς
1321 1041 1484 1076 ὲὶάμϐανεν,
1508 1042 1551 1068 ἵνα
1570 1043 1664 1069 ἑαυτὸν
1690 1043 1833 1079 βασανίσῃ.

1053 1085 1082 1111 ’0
1097 1085 1124 1111 δὲ
1139 1086 1262 1122 μαθητὴς
1273 1086 1350 1118 εἰδὼς
1364 1088 1393 1114 τὸ
1402 1089 1528 1123 πρᾶγμα,
1539 1089 1614 1123 ἔλεγε
1623 1091 1679 1121 τοῖς
1693 1090 1816 1125 ἀδελφοῖς
1826 1099 1832 1104 ⁵

1047 1131 1095 1158 Διὰ
1109 1132 1155 1159 τὸν
1172 1133 1284 1168 Κύριον,
1300 1134 1337 1169 μὴ
1351 1134 1419 1161 δῶτε
1433 1135 1507 1170 αὐτῷ
1518 1143 1525 1151 ³
1541 1137 1564 1162 εί
1583 1136 1612 1162 δὲ
1634 1137 1670 1172 μή
1688 1145 1730 1170 γε,
1748 1138 1788 1168 εἰς
1804 1137 1835 1163 τὸ

1046 1179 1152 1206 κελλίον
1170 1179 1262 1215 μέλλει
1286 1180 1382 1208 ἑαυτὸν
1408 1181 1551 1217 δαμάζειν.
1568 1182 1624 1209 Καὶ
1652 1183 1783 1218 μαθόντες
1808 1184 1834 1210 οἱ

1045 1225 1166 1260 ἀδελφοὶ,
1179 1227 1229 1253 οὐκ
1248 1226 1288 1253 ἔτι
1303 1228 1378 1262 αὺτῴ
1397 1230 1538 1264 παρεῖχον.

1082 1276 1126 1298 ια’.
1142 1273 1350 1308 Παρερχόμενός
1364 1283 1428 1300 ποτε
1443 1275 1496 1301 ἀπὸ
1515 1274 1561 1302 τοῦ
1575 1275 1652 1308 ἕλους
1667 1277 1706 1307 εις
1729 1277 1759 1302 τὸ
1772 1276 1834 1303 κελ-

1045 1317 1100 1344 λίον
1112 1319 1207 1345 ἑαυτοῦ
1220 1321 1234 1345 ὁ
1247 1319 1334 1351 “Si;
1347 1321 1500 1356 Μακάριος,
1514 1322 1648 1354 ἐϐάσταζε
1665 1322 1770 1355 θαλλία,
1785 1324 1834 1349 καὶ

1047 1362 1100 1389 ἰδοὺ
1114 1362 1269 1398 ὑπήντησεν
1283 1364 1357 1400 αὐτῷ
1372 1365 1385 1391 ὁ
1399 1365 1521 1398 διάὅολος
1540 1367 1611 1394 κατὰ
1626 1367 1675 1403 τὴν
1692 1368 1749 1394 ὁδὸν
1763 1369 1833 1403 μετὰ

1043 1408 1189 1444 δρεπάνων
1200 1409 1246 1435 καὶ
1257 1409 1294 1441 ὡς
1302 1410 1434 1445 ἠθέλησεν
1441 1411 1523 1438 αὺτὸν
1532 1412 1656 1447 κροῦσαι,
1667 1414 1717 1440 οὐκ
1726 1413 1832 1449 ἴσχυσε,

1044 1456 1090 1482 καὶ
1106 1456 1179 1490 λέγει
1200 1456 1291 1492 αὐτῷ·
1313 1457 1401 1494 Πολλὴ
1415 1458 1460 1492 βία
1475 1459 1529 1485 ἀπὸ
1549 1459 1607 1490 σοῦ,
1628 1461 1768 1496 Μακάριε,
1791 1462 1834 1488 ὅτι

1045 1501 1074 1528 οὐ
1098 1501 1215 1537 δύναμαι
1235 1503 1304 1538 πρὸς
1325 1503 1364 1531 σέ.
1390 1504 1455 1530 Ἰδοὺ
1478 1504 1531 1541 γὰρ
1547 1506 1615 1532 εἴτι
1634 1508 1731 1539 ποιεῖς,
1755 1507 1834 1541 κάγὼ

1046 1547 1129 1573 ποιῶ·
1149 1548 1180 1574 σὺ
1194 1549 1343 1584 νηστεύεις,
1361 1550 1438 1583 κάγώ
1451 1550 1484 1566 ³¹·
1500 1551 1659 1586 ἀγρυπνεῖς,
1674 1552 1750 1586 κάγὼ
1763 1554 1832 1584 ὅλως

1045 1594 1075 1620 οὐ
1092 1594 1247 1629 κοιμῶμαι·
1268 1595 1298 1621 ἓν
1321 1596 1379 1621 ἐστι
1403 1595 1482 1631 μόνον
1501 1597 1530 1623 ἐν
1544 1594 1566 1630 ᾧ
1581 1599 1659 1634 νικᾷς
1680 1607 1723 1633 με.
1749 1600 1832 1634 Λέγει

1044 1639 1117 1675 αὺτῷ
1134 1641 1148 1666 ὁ
1161 1640 1248 1672 ἁῧόᾶς
1266 1641 1426 1677 Μακάριος·
1445 1643 1524 1668 Ποῖον
1539 1643 1632 1676 τοῦτο;
1654 1644 1684 1670 ὐ
1710 1644 1737 1670 δὲ
1761 1645 1814 1680 ἔφη
1825 1654 1831 1661 ·

1050 1685 1082 1712 Ἦ
1096 1686 1260 1719 ταπείνωσίς
1270 1695 1326 1714 σοιν
1340 1687 1388 1714 καὶ
1398 1687 1442 1714 διὰ
1452 1688 1532 1715 τοῦτο
1539 1689 1570 1715 οὑ
1584 1689 1701 1725 δύναμαι
1713 1691 1779 1726 πρὸς
1790 1692 1830 1718 σέ.

1080 1776 1124 1811 ιβ’.
1133 1775 1294 1813 Ἦρώτησάν
1302 1784 1374 1809 τινες
1381 1778 1436 1805 τῶν
1445 1778 1575 1812 Πατέρων
1586 1779 1631 1806 τὸν
1640 1780 1726 1807 ἀεϐἄν
1735 1782 1833 1808 Μακά-

1044 1832 1102 1859 ριον
1123 1824 1168 1851 τὸν
1190 1824 1350 1858 Αἰγύπτιον,
1367 1825 1508 1863 λέγοντεηςο
1532 1826 1596 1856 Πῶς
1610 1827 1654 1853 ὅτε
1670 1827 1770 1860 ἐσθίεις
1785 1828 1833 1855 καὶ

1042 1870 1086 1896 ὅτε
1103 1871 1253 1906 νηστεύεις,
1269 1871 1300 1897 τὸ
1321 1871 1401 1906 σῶμά
1417 1880 1464 1898 σου
1487 1871 1569 1908 ξηρόν
1589 1873 1662 1906 ὲστις
1685 1874 1740 1900 Καὶ
1756 1873 1831 1908 λέγει

1043 1918 1135 1949 αὐτοῖς
1153 1918 1166 1944 ὁ
1185 1918 1291 1954 γέρων·
1308 1919 1345 1946 Τὸ
1361 1919 1439 1953 ξύλον
1459 1920 1491 1946 τὸ
1508 1920 1623 1955 στρέφον
1640 1919 1673 1946 τὰ
1699 1921 1831 1955 καιόμενα

1044 1964 1181 2000 φρύγανα,
1195 1965 1227 1991 δι’
1242 1965 1304 1992 ὅλου
1318 1965 1439 1992 ἐσθίεται
1452 1967 1485 1993 ὲκ
1499 1966 1546 1993 τοῦ
1563 1966 1658 2002 πυρός.
1676 1966 1770 1998 Οὕτως
1784 1967 1832 1993 ἐὰν

1043 2011 1203 2047 καθαρεύσῃ
1232 2011 1376 2048 ἄνθρωπος
1400 2013 1445 2039 τὸν
1471 2012 1534 2039 νοῦν
1550 2012 1633 2039 αὐτοῦ
1647 2013 1676 2039 ἐν
1691 2012 1730 2047 τῷ
1755 2013 1832 2048 φόϐῳ

1042 2057 1089 2084 τοῦ
1108 2057 1186 2090 Θεοῦ,
1203 2058 1283 2090 αὐτὸς
1300 2060 1313 2085 ὁ
1324 2058 1407 2094 φόϐος
1417 2058 1464 2085 τοῦ
1475 2058 1541 2085 Θεοῦ
1556 2059 1694 2085 κατεσθίει
1709 2059 1738 2085 τὺ
1752 2059 1833 2094 σῶμα

1043 2111 1137 2130 αυτου.

1079 2149 1123 2182 ιγ’.
1151 2148 1248 2184 Ἀνέϐη
1263 2149 1329 2176 ποτὲ
1344 2150 1359 2175 ὁ
1371 2149 1459 2181 ἀὸϐἄς
1480 2150 1623 2186 Μακάριος
1638 2150 1692 2177 ἀπὸ
1705 2150 1834 2184 Σκήτεως

1043 2194 1084 2225 εἰς
1098 2194 1259 2230 Τερενοῦθιν
1270 2204 1277 2211 ⁶
1294 2196 1341 2222 καὶ
1358 2195 1484 2230 εἰσῆλθεν
1505 2197 1544 2228 εἰς
1560 2196 1591 2222 τὸ
1610 2195 1681 2231 ἱερὸν
1695 2197 1833 2232 κοιμηθῆ-

203 2248 234 2271 ιιι
246 2244 389 2272 dormiret.
409 2244 491 2272 Erant
503 2248 593 2272 autem
609 2245 644 2272 ibi
657 2249 747 2273 vetera
760 2246 930 2273 ethnicorum
946 2255 992 2274 ea-

1050 2250 1097 2268 tat.
1122 2240 1214 2269 ’Ἦσαν
1236 2241 1265 2268 δὲ
1289 2242 1348 2268 ἐκεῖ
1368 2241 1534 2278 σκηνώματα
1560 2242 1691 2277 Ἐλλήνων
1710 2243 1830 2270 παλαιά·

203 2291 303 2319 darera
318 2302 324 2319 :
337 2300 352 2319 e
367 2293 468 2327 quibus
481 2300 566 2319 unum
582 2296 723 2327 acceptum
737 2293 827 2327 posuit
839 2294 890 2320 sub
902 2293 990 2328 capite

203 2345 264 2370 suo,
282 2338 357 2364 velut.
370 2337 554 2365 embrimium.
570 2337 709 2366 Daemones
721 2345 785 2372 ergo
804 2339 893 2365 intuiti
906 2339 989 2365 auda-

203 2385 273 2411 ciam
289 2384 361 2418 ejus.
377 2382 479 2410 invidia
494 2382 570 2410 ducti
584 2387 666 2415 sunt;
679 2391 711 2410 ac
726 2384 848 2411 volentes
858 2392 919 2411 cum
935 2388 989 2411 ter-

202 2437 272 2461 rere.
294 2429 368 2456 velut
388 2428 516 2455 feminam
536 2428 569 2455 de
591 2428 699 2455 nomine
723 2429 872 2460 vocabant,
897 2429 987 2456 dicen-

201 2478 244 2502 tes
260 2483 266 2500 :
283 2473 342 2507 Illa,
361 2473 422 2500 veni
445 2473 586 2500 nobiscum
612 2473 645 2500 ad
667 2473 794 2500 balneum
820 2484 826 2500 :
850 2475 990 2508 respondit

202 2524 292 2548 autem
316 2520 387 2546 alius
408 2520 513 2550 damon
535 2519 586 2547 sub
606 2519 666 2554 ipso
683 2523 810 2554 tanquam
823 2527 838 2546 e
855 2521 970 2547 mortuis
982 2540 989 2552 ,

203 2567 243 2594 sic
259 2574 265 2591 :
287 2565 465 2600 Peregrinum
482 2565 567 2594 habeo
583 2574 664 2601 super
682 2574 734 2600 me,
748 2575 796 2594 nec
817 2576 927 2602 possum
946 2577 991 2596 ve-

203 2612 274 2639 nire.
295 2611 331 2637 At
351 2618 433 2638 senex
451 2611 564 2639 territus
582 2619 635 2638 non
653 2616 705 2644 est,
725 2613 771 2640 sed
787 2613 917 2641 audacter
930 2622 990 2641 vcr-

204 2657 317 2685 berabat
331 2664 443 2692 corpus,
457 2656 552 2693 Surge,
570 2657 707 2692 inquiens,
723 2658 792 2686 vade
809 2659 835 2686 in
851 2660 990 2691 tenebras,

201 2702 225 2730 si
245 2705 332 2737 potes.
353 2702 414 2735 Quo
441 2703 536 2729 audito
559 2702 696 2731 dwmoncs
718 2703 904 2732 clamaverunt
926 2712 990 2733 voce

237 2782 259 2798 ⁸·
274 2782 318 2818 ᾼΙ,
332 2781 387 2816 ἐγὼ
403 2782 464 2808 οὐδὲ
479 2782 548 2814 ὅλως
559 2781 670 2818 τρώγω.

236 2842 291 2875 (93)
313 2840 362 2868 Vit.
379 2841 455 2868 Patr.
470 2850 507 2873 ιν,
520 2841 565 2869 26.

236 2878 291 2912 (illo)
314 2876 365 2905 Vit.
383 2877 459 2905 Patr.
477 2885 522 2910 xv,
542 2877 589 2907 9.6.

1043 2287 1091 2313 καὶ
1107 2286 1196 2314 λαϐὼν
1212 2286 1252 2317 ἒν.
1271 2287 1392 2322 ὑπέθηκε
1406 2288 1438 2322 τῇ
1455 2287 1552 2313 ἑαυτοῦ
1577 2287 1694 2324 κεφαλῇ,
1719 2288 1756 2319 ὡς
1783 2289 1833 2323 ὲμ-

1043 2332 1162 2368 ϐρίμιον.
1180 2334 1212 2359 Ol.
1226 2330 1272 2359 οὖν
1285 2333 1422 2368 δαίμονες,
1445 2333 1563 2369 ὁρῶντες
1581 2333 1664 2360 αὑτοῦ
1680 2333 1710 2360 τὸ
1730 2333 1833 2368 θαρσα-

1043 2379 1115 2411 λέον,
1132 2379 1283 2414 ἐφθόνησαν
1296 2388 1302 2395 ·
1323 2380 1369 2406 καὶ
1385 2379 1507 2411 θέλοντες
1526 2380 1605 2407 αὑτὸν
1621 2381 1748 2416 πτοῆσαι,
1762 2380 1833 2414 ὲφώ-

1043 2435 1104 2453 νουν
1120 2427 1157 2458 ὡς
1177 2427 1306 2460 γυναικὸς
1323 2427 1418 2462 ὄνομα,
1435 2427 1576 2461 λέγοντεςο
1605 2427 1638 2453 ’11
1649 2427 1733 2458 δεῖνα,
1753 2425 1834 2463 δεῦρο

1045 2473 1105 2508 μεθ’
1129 2473 1208 2508 ἡμῶν
1231 2474 1270 2505 εἰς
1289 2473 1320 2500 τὸ
1346 2473 1494 2508 βαλανεῖον.
1523 2474 1678 2509 ’Υπήκουσε
1701 2473 1728 2500 δὲ
1754 2473 1833 2506 ἄλλος

1042 2519 1330 2554 δαίμωνὺποκάτωϐεν
1344 2519 1424 2546 αὑτοῦ
1436 2520 1474 2551 ὡς
1490 2520 1521 2545 ὲκ
1532 2520 1587 2545 τῶν
1598 2519 1713 2554 νεκρῶν.
1727 2519 1814 2553 λέγων
1825 2529 1830 2534 -

1043 2565 1124 2592 Ξένον
1140 2565 1193 2601 ἔχω
1211 2566 1303 2592 ἐπάνω
1318 2574 1380 2600 μου,
1394 2566 1440 2592 καὶ
1456 2566 1486 2592 οὐ
1509 2565 1625 2600 δύναμαι
1641 2565 1737 2592 ἐλθεῖν,
1760 2566 1789 2591 '0
1803 2565 1832 2591 δὲ

1043 2613 1132 2649 γέρων
1147 2614 1197 2639 οὐκ
1219 2612 1356 2647 ἐπτοήθη·
1375 2612 1443 2638 ἀλλὰ
1464 2612 1574 2648 Οαρῤὡν
1598 2612 1697 2638 ἔτυπτε
1714 2612 1744 2638 τὸ
1764 2612 1832 2646 σκή-

1042 2668 1131 2694 νωμα,
1147 2659 1234 2693 λέγων
1245 2668 1251 2674 ·
1272 2659 1409 2694 Ἔγειραι,
1423 2658 1512 2692 ὕπαγε
1528 2660 1567 2690 εἰς
1584 2658 1613 2684 τὸ
1630 2658 1735 2689 σκότος,
1752 2659 1776 2684 εἰ
1788 2657 1832 2683 δύο

1042 2714 1132 2732 νασαι.
1150 2706 1204 2732 Καὶ
1226 2705 1306 2731 τοῦτο
1323 2705 1490 2736 ἀκούσαντες
1506 2705 1530 2730 οἱ
1553 2704 1689 2740 δαίμονες,
1716 2704 1831 2739 ἐϐόησαν

1081 2841 1136 2873 (95)
1157 2840 1209 2867 Vit.
1233 2839 1307 2867 Patr.
1322 2848 1361 2873 ιιι,
1375 2841 1400 2867 8.

1078 2877 1132 2913 (96)
1153 2875 1205 2903 Vit.
1221 2875 1297 2902 Patr.
1315 2884 1361 2910 vn,
1381 2875 1422 2902 10.
