1970 3074
138 180 195 209 289

709 176 1015 206 APOPHTHEGMATA
1031 176 1187 205 PATRUM.

1714 179 1769 206 Tit!

139 239 216 275 φωνῇ
234 237 351 275 μεγάλῃ,
369 237 494 272 λέγοντες
504 245 511 252 ·
538 237 683 273 Ἑνίκησας
698 237 783 273 ἡμᾶς.
797 237 854 264 Καὶ
865 237 926 271 ἔφυ-

985 244 1079 272 magna
1110 247 1116 264 :
1142 236 1238 264 Vicisti
1259 244 1318 265 nos.
1335 235 1402 264 Tum
1419 236 1521 272 pudore
1541 235 1636 264 sull‘usi
1658 235 1770 272 aufuge-

138 294 186 320 γον
200 293 269 311 κατα
274 283 454 319 ισχυνόμενοι.

176 331 218 358 ιδ’.
237 330 351 365 Ἔλεγον
363 331 430 366 περὶ
451 330 499 358 τοῦ
516 331 589 358 assa
611 329 756 368 Μακαρίου
773 329 820 357 τοῦ
844 330 928 364 Αἰγυ-

141 376 221 403 πτίου
237 377 273 408 ³³,
288 377 329 403 ὅτι
343 376 498 404 ἁναὸαίνων
508 376 562 403 ἀπὸ
575 377 710 413 Σκήτεως,
726 377 772 404 κα)¹
788 377 928 412 βαστάζων

140 421 284 458 σπυρίδας,
297 421 431 453 κοπιάσας
443 421 579 457 ἐκαθέσθη
589 430 596 437 ·
613 422 658 449 καὶ
668 422 769 457 ηὔξατο
781 422 881 456 λέγων·
900 422 928 449 Ὁ

983 288 1057 312 runt.

1017 330 1061 358 ιι.
1083 330 1140 365 (97)
1160 329 1294 357 Dicebant
1316 330 1350 357 de
1372 328 1468 356 abbate
1491 329 1610 356 Macario
1629 327 1769 364 Egyptio.

980 374 1053 409 quod
1070 374 1224 402 ascendens
1235 382 1250 402 e
1267 374 1339 401 Sceti
1352 393 1359 406 ,
1375 381 1407 400 ac
1423 374 1560 414 sportulas
1580 377 1702 408 portans.
1720 373 1769 400 dc—

989 420 1119 455 fatigatus
1137 419 1379 454 stadim-oravitque
1393 419 1426 446 ad
1448 419 1520 446 hunc
1538 419 1646 447 modum
1663 428 1669 445 ε
1689 418 1768 451 Deus,

137 467 217 498 Θεὸς,
237 467 268 493 σὺ
283 464 356 498 οἶδας
370 467 411 493 ὅτι
424 467 475 493 οὐκ
487 467 509 483 ³³
524 467 618 503 ἰσχύω.
640 468 696 495 Καὶ
712 467 813 499 εὐθέως
828 467 926 503 εὑρέθη

985 471 1009 494 tu
1023 467 1077 494 scis
1088 467 1155 493 nihil
1174 466 1239 493 mihi
1262 466 1361 494 virium
1392 473 1544 500 superesse.
1562 465 1593 492 Et
1605 465 1677 492 illico
1692 465 1770 500 juxta

136 512 186 538 ἐπὶ
202 512 247 539 τὸν
259 512 390 548 ποταμόν.

175 556 217 585 ιε’.
232 555 286 584 Ἦν
301 566 342 590 τις
365 558 435 593 έχων
456 558 513 585 υἱὸν
530 558 714 594 παραλυτικὸν
734 559 763 585 ἐν
778 558 909 594 Αἰγύπτῳ
919 567 926 575 ι

138 604 188 630 καὶ
201 603 318 639 ⁴ἤνεγκεν
326 604 408 630 αὑτὸν
420 605 460 636 εἰς
470 604 500 631 τὸ
515 604 619 631 κελλίον
627 603 674 631 τοῦ
688 604 761 631 ἁὸϐἄ
767 605 910 640 Μακαρίαν
920 613 926 620 ο

138 649 188 676 καὶ
204 649 284 684 ἀφεὶς
300 649 383 676 αὐτὸν
394 650 445 676 νὲπὶ
456 650 506 684 τὴν
522 650 607 686 θύραν
620 650 758 683 κλαίοντα,
771 651 927 686 ἀνεχώρησε

140 696 261 731 μακράν.
274 695 446 731 Παρακύψας
457 694 503 723 οὖν
515 697 530 723 ὀ
542 696 641 732 γέρων,
656 694 710 722 εῖδε
723 696 754 722 τὸ
770 696 875 722 παιδίον
892 697 926 729 ³⁸,

137 742 187 768 καὶ
200 742 274 776 λέγει
287 741 377 777 αὐτῷ·
394 741 442 774 Τίς
461 742 560 777 ἧνεγκέ
574 750 604 769 σε
621 740 690 774 ὦδες
707 743 764 769 Καὶ
785 741 876 776 λέγει·
898 743 927 768 Ὁ

139 788 233 823 πατήρ
249 797 298 824 μου
315 788 410 824 ἕρριψέ
427 798 460 825 με
477 786 538 819 ὧδε,
555 790 603 816 καὶ
617 789 732 825 ἀπῆλθε.
751 789 833 823 Λέγει
853 789 927 824 αὐτῷ

136 833 154 860 ὁ
181 833 285 869 γέρων·
320 834 449 866 Ἀναστὰς
477 834 613 861 κατάλαϐε
636 835 727 861 αὐτόν.
752 835 806 861 Καὶ
826 834 927 866 εὐθέως

138 879 266 914 ὑγιάνας,
283 879 395 915 ἀνέστη,
419 880 466 907 καὶ
482 880 619 908 κατέλαϐε
636 881 681 907 τὸν
697 882 802 917 πατέρα
826 881 924 908 αὐτοῦ·

138 926 189 953 καὶ
201 925 288 957 οὕτως
302 925 424 961 ἀπῆλθον
437 927 478 958 είς
492 926 538 953 τὸν
556 924 631 953 οἷκον
646 927 745 954 αὐτῶν.

177 975 225 1005 ις’.
246 973 276 999 '0
293 972 380 1004 ἀσόᾶς
400 973 543 1008 Μακάριος
561 974 575 1000 ὁ
596 974 683 1009 μέγας
696 973 773 1009 ἔλεγε
785 976 840 1006 τοῖς
852 974 929 1001 ἁδελ-

137 1019 203 1052 φοίς
220 1018 250 1044 ἑν
264 1019 297 1053 τῇ
312 1018 421 1053 Σκήτει,
444 1019 482 1050 ὡς
501 1019 602 1045 ἀπέλυε
615 1019 664 1055 τὴν
683 1019 847 1056 ἐκκλησίαν·
863 1021 929 1047 Φεύ-

139 1071 213 1098 γετε,
231 1063 348 1098 ἀδελφοί.
369 1064 424 1091 Καὶ
448 1062 523 1091 εἶπεν
546 1065 622 1100 αὐτῷ
638 1074 681 1097 τις
701 1066 756 1092 τῶν
772 1067 906 1102 γερόντων
918 1077 925 1084 ·

139 1108 197 1135 Ποῦ
213 1108 311 1144 ἔχομεν
329 1110 424 1143 φυγεῖν
436 1108 516 1136 πλέον
535 1109 585 1144 τῆς
600 1110 704 1146 ἐρήμου
717 1110 835 1147 ταύτηςς
860 1112 889 1138 't)
901 1112 928 1139 δὲ

139 1157 225 1183 ἐτίθει
252 1157 297 1184 τὸν
315 1157 446 1184 δάκτυλον
472 1157 555 1183 αὐτοῦ
579 1158 619 1189 εἰς
645 1158 675 1184 τὺ
701 1158 805 1194 στόμα,
822 1158 928 1193 λέγων·

139 1203 226 1230 Τοῦτο
237 1203 364 1238 φεύγετε.
381 1204 435 1230 Καὶ
448 1204 592 1239 εἰσήρχετο
604 1205 645 1236 εἰς
659 1204 688 1231 τὸ
703 1204 808 1232 κελλίον
819 1205 927 1238 ἑαυτοῦ,

139 1248 189 1274 καὶ
203 1247 292 1274 ἑκλειε
307 1247 357 1283 τὴν
376 1247 473 1283 Θύραν,
489 1248 538 1275 καὶ
555 1248 685 1284 ἐκάθητο.

177 1293 220 1326 ιζ’.
234 1292 318 1320 Εἶπεν
329 1294 344 1320 ὁ
355 1293 434 1325 αὐτὸς
450 1294 537 1326 ἀὸὅᾱς
547 1294 690 1330 Μακάριος
699 1303 706 1310 ·
729 1295 792 1322 Ἐάν
800 1304 852 1322 τινι
868 1296 924 1322 ὲπι-

139 1339 241 1375 τιμῶν,
265 1340 305 1372 εἰς
318 1340 403 1376 ὀργὴν
420 1340 544 1376 κινηθῇς,
562 1341 626 1368 ἴδιον
641 1341 728 1373 πάθος
745 1341 869 1378 πληροῖς.
885 1342 923 1368 Οὐ

141 1385 197 1422 γὰρ
212 1385 256 1413 ἵνα
271 1385 368 1417 ἄλλους
385 1385 485 1422 σώσῃς,
502 1386 615 1414 σεαυτὸν
631 1387 783 1419 ἀπολέσεις.

174 1478 223 1510 ιη’.
238 1474 266 1502 '0
276 1474 357 1508 αὐτὸς
371 1475 458 1508 ἀὸὃᾶς
472 1475 623 1512 Μακάριος,
638 1477 666 1503 ὲν
682 1477 811 1512 Αἰγύπτῳ
827 1476 874 1509 ὢν,
885 1474 929 1505 εὗ-

140 1529 189 1556 ρεν
204 1520 348 1557 ἄνθρωπον
359 1521 454 1557 ἔχοντα
464 1522 560 1558 κτῆνος
573 1523 620 1549 καὶ
633 1522 764 1549 συλοῦντα
776 1524 825 1555 τὰς
837 1523 931 1559 χρείας

139 1566 242 1594 αὑτοῦ·
264 1567 312 1594 καὶ
331 1567 411 1600 αὐτὸς
424 1568 461 1600 ὡς
481 1568 558 1601 ξένος
582 1569 726 1605 παραστὰς
739 1569 778 1604 τῷ
794 1569 929 1601 συλοῦντι,

142 1613 294 1649 συνεγέμου
319 1614 350 1640 τὸ
377 1614 486 1649 κτῆνος,
512 1615 559 1641 καὶ
588 1614 657 1650 μετὰ
686 1615 788 1650 πολλῆς
814 1615 930 1651 ἡσυχίας

141 1659 321 1694 προέπεμπεν
335 1659 426 1691 αὐτὸν,
441 1659 541 1694 λέγων,
550 1660 590 1686 ὅτι
600 1660 696 1687 Οὐδὲν
710 1660 930 1695 εἰσηνέγκαμεν

137 1704 185 1737 εις
197 1704 251 1731 τὸν
272 1705 389 1739 κόσμον
403 1706 436 1737 ⁸⁵,
454 1704 550 1739 δῆλον
565 1705 609 1732 ὅτι
626 1706 698 1733 οὐδὲ
717 1706 886 1741 ἐξενεγκεῖν
902 1715 929 1734 τι

139 1749 302 1785 δυνάμεθα.
326 1751 357 1777 '0
369 1751 475 1785 Κύριος
493 1751 619 1779 ἔδωκεν·
640 1753 680 1785 ὡς
702 1753 795 1786 αὐτὸς
821 1752 930 1786 ἠθέλη-

137 1802 207 1828 σεν,
228 1796 321 1829 οὕτως
339 1796 388 1823 καὶ
411 1796 540 1832 ἐγένετο.
561 1798 735 1833 Εὐλογητὸς
759 1799 867 1832 Κύριος
878 1799 928 1825 ἐπὶ

138 1842 245 1870 πᾶσιν.

179 1887 222 1914 ιϐ’.
241 1887 402 1924 Ἦρώτησάν
421 1896 493 1920 τινες
511 1888 557 1915 τὸν
573 1888 660 1916 ἁὸὗᾶν
671 1890 824 1925 Μακάρων,
837 1890 928 1924 λέγον-

138 1941 201 1966 τες·
225 1934 286 1966 Πῶς
305 1934 452 1969 ὀφείλομεν
469 1933 684 1969 προσεύχεσθαι,
703 1935 784 1969 Λέγει
803 1936 895 1968 αὐτοῖς
911 1936 928 1961 ὁ

140 1979 231 2015 γέρων
242 1987 248 1994 ’
265 1980 322 2006 Οὺκ
336 1979 395 2006 ἐστι
405 1979 485 2015 χρεία
496 1978 677 2014 βαττολογεῖν,
693 1980 750 2007 ἀλλ’
764 1982 893 2008 ἐκτείνειν
905 1982 928 1998 ³⁸

140 2025 191 2056 τὰς
213 2026 317 2061 χεῖρας,
340 2025 387 2052 καὶ
404 2025 510 2059 λέγειν·
535 2025 632 2061 Κύριε,
659 2026 696 2058 ὡς
720 2026 808 2059 θέλεις
825 2028 871 2054 καὶ
890 2028 927 2059 ὡς

137 2070 227 2104 οἶδας,
238 2071 350 2107 ἐλέησον
367 2072 399 2098 ³⁷.
411 2071 475 2098 Ἐὰν
488 2071 516 2098 δὲ
532 2072 667 2099 ἐπίκειται
681 2072 798 2108 πόλεμος
807 2081 814 2089 ο
829 2074 925 2109 Κύριε,

138 2117 234 2152 βοήθει
249 2116 282 2144 ³⁸.
300 2117 355 2144 Καὶ
370 2117 451 2149 αὐτὸς
463 2115 515 2143 οἶδε
529 2116 565 2143 τὰ
582 2118 766 2154 συμφέροντα,
790 2119 837 2145 καὶ
854 2120 927 2145 ποιεῖ

142 2161 202 2197 μεθ’
219 2162 235 2197 ὴ
239 2161 298 2197 μῶν
316 2161 401 2194 ἔλεος.

980 511 1093 539 ﬂuvium
1104 517 1145 539 est
1154 512 1272 540 delatus.

1016 559 1059 586 15.
1081 558 1137 592 (98)
1156 558 1272 591 Quidam
1295 558 1322 585 in
1344 557 1464 594 Egypto
1480 558 1564 584 lilium
1584 558 1700 585 habebat
1727 566 1772 592 pa-

985 604 1127 640 ralytieum
1144 613 1151 636 ;
1165 609 1192 632 et
1209 604 1270 631 tulit
1287 612 1349 632 eum
1365 605 1398 632 ad
1409 605 1506 632 cellam
1520 605 1625 631 abbatis
1642 604 1768 636 Macarii;

978 649 1133 683 relinquens
1157 653 1247 677 autem
1259 649 1293 675 ad
1314 649 1416 676 ostium
1430 649 1591 684 ple-antem,
1613 649 1692 684 longe
1707 650 1771 676 abs-

978 695 1072 722 cessit.
1107 694 1191 730 Igitur
1215 702 1297 722 senex
1318 695 1446 722 deorsum
1463 695 1600 730 aspiciens
1620 695 1688 722 vidit
1703 703 1770 730 pue—

977 748 1038 767 rum
1055 749 1062 774 ;
1081 745 1114 768 et
1139 741 1318 775 interrogavit
1336 749 1398 768 eum
1424 751 1429 767 :
1453 740 1520 773 Quis
1538 745 1563 768 te
1583 741 1638 769 huc
1659 742 1771 768 attulit?

977 785 1131 821 Respondit
1147 795 1154 813 :
1170 786 1250 814 Pater
1267 795 1343 814 meus
1363 787 1407 814 hic
1428 795 1471 814 me
1488 787 1620 822 projecit,
1641 791 1668 814 et
1687 789 1767 817 abiit.

978 832 1049 859 Dicit
1071 833 1096 860 ei
1110 840 1194 860 senex
1212 832 1352 868 :Surgeus
1368 841 1513 868 assequere
1528 842 1601 861 eum.
1619 833 1770 869 Statimque

979 878 1096 905 sanitate
1114 882 1275 913 recuperata
1296 879 1425 910 surrexit,
1442 882 1469 905 Cl.
1484 883 1589 913 patrem
1606 884 1770 906 ('OIISECUIUS

944 919 966 946 Β
984 928 1028 952 est
1047 932 1055 949 :
1076 927 1157 958 atque
1173 924 1209 950 ita
1224 923 1326 951 reversi
1341 928 1406 950 sunt
1426 924 1452 950 in
1467 924 1576 952 domum
1593 932 1679 952 suam.

1020 969 1064 997 16.
1088 969 1145 1004 (99)
1165 969 1257 997 Abbas
1273 969 1411 997 Macarius
1431 973 1547 1006 magnus
1579 971 1688 998 dicebat
1716 971 1770 999 fra-

979 1017 1070 1044 tribus
1096 1017 1123 1044 in
1150 1016 1243 1049 Secti,
1268 1021 1411 1052 postquam
1433 1017 1575 1044 ecclesiam
1598 1017 1766 1045 dimisisset:

980 1061 1096 1098 Fugite,
1119 1062 1227 1090 fratres.
1256 1063 1300 1090 Ait
1319 1063 1357 1089 illi
1379 1063 1517 1090 seniorum
1544 1063 1653 1098 quidam
1670 1071 1678 1087 ι
1696 1063 1770 1095 Quo-

983 1117 1046 1136 nam
1061 1109 1154 1145 fugere
1166 1109 1316 1144 poterimus
1336 1109 1406 1136 ultra
1419 1109 1593 1137 solitudinem
1607 1110 1679 1137 hanc
1712 1110 1771 1144 Ipse

982 1163 1047 1183 vero
1065 1155 1180 1191 digitum
1194 1163 1273 1183 suum
1289 1156 1322 1182 ad
1339 1163 1369 1182 os
1390 1156 1517 1190 ponebat,
1535 1155 1630 1184 dicens
1652 1163 1659 1181 :
1676 1155 1771 1191 Fugite

980 1201 1043 1228 hoc.
1059 1200 1129 1228 Tum
1149 1201 1396 1236 ingrediebaturin
1407 1201 1503 1228 cellam
1524 1209 1614 1234 suam,
1632 1207 1658 1229 et
1676 1202 1771 1229 clauso

979 1248 1053 1275 ostio
1068 1247 1191 1275 sedebat.

1017 1293 1060 1321 ΓΙ.
1082 1294 1120 1328 (l)
1141 1293 1214 1320 Dixit
1241 1293 1311 1320 idem
1338 1293 1424 1321 abbas
1450 1292 1585 1321 Macarius
1603 1293 1653 1322 :Si
1677 1302 1772 1329 quem-

981 1339 1053 1374 piam
1078 1338 1254 1373 increlpaudo.
1281 1339 1313 1366 ad
1341 1339 1408 1366 iram
1432 1340 1633 1371 commoveris,
1663 1340 1770 1367 aﬂ‘eutui

982 1391 1028 1412 tuo
1042 1383 1190 1413 satisfacis.
1206 1383 1266 1412 Non
1286 1384 1358 1412 enim
1375 1388 1404 1410 ut
1416 1384 1486 1412 alios
1503 1385 1604 1419 salves,
1619 1387 1718 1422 perdes
1732 1390 1772 1413 te—

982 1430 1081 1465 ipsum.

1018 1475 1059 1503 18.
1081 1474 1120 1510 (Ξ)
1152 1475 1223 1502 Idem
1264 1474 1350 1502 abbas
1384 1474 1518 1504 Macarius
1543 1476 1610 1503 dum
1641 1480 1713 1504 esset
1743 1478 1770 1504 in

981 1521 1111 1557 Egypto,
1129 1522 1234 1550 invenit
1252 1522 1390 1550 hominem
1405 1522 1549 1550 habentem
1565 1523 1730 1557 jumentum,
1744 1529 1772 1554 et

983 1568 1147 1602 praedantem
1166 1575 1227 1603 quae
1247 1569 1280 1595 ad
1304 1575 1383 1595 usum
1409 1575 1489 1595 suum
1510 1567 1670 1603 possidebat
1689 1577 1695 1594 :
1714 1569 1771 1604 ipse

983 1621 1047 1642 vero
1071 1618 1201 1649 tanquam
1216 1613 1377 1649 peregrinus
1401 1619 1495 1642 astans
1525 1614 1588 1645 furi.
1606 1623 1658 1642 una
1673 1621 1771 1642 onera—

981 1660 1027 1687 bat
1044 1659 1209 1694 jumentum.
1227 1666 1380 1694 magnaque
1392 1667 1454 1686 cum
1466 1660 1558 1694 quiete
1574 1660 1768 1690 deduxiteum,

980 1705 1075 1733 dicens
1090 1715 1097 1732 :
1117 1705 1195 1732 Nihil
1211 1705 1350 1732 intulimus
1365 1705 1396 1731 in
1413 1705 1539 1731 mundum
1555 1714 1564 1731 :
1578 1705 1649 1732 haud
1661 1706 1769 1732 dubium

979 1751 1048 1787 quod
1061 1760 1106 1778 mu:
1126 1751 1230 1782 auferre
1251 1752 1314 1787 quid
1322 1759 1462 1786 possumus
1475 1751 1508 1777 ".
1528 1751 1654 1779 Dominus
1674 1753 1743 1779 dedit
1757 1761 1769 1779 .'

978 1798 1047 1825 sicut
1064 1799 1120 1833 ipse
1134 1799 1227 1830 uoluit,
1250 1798 1289 1825 ita
1311 1803 1337 1825 et
1361 1799 1462 1832 factum
1479 1804 1528 1825 est.
1544 1798 1701 1826 Benedictus
1716 1800 1769 1826 Do-

978 1845 1065 1871 minus
1077 1845 1103 1870 in
1116 1843 1234 1870 unmilms
1243 1843 1276 1870 “.

1014 1889 1058 1917 19.
1080 1890 1118 1925 (5)
1138 1890 1376 1924 lnterrogaverunt
1396 1889 1506 1924 quidam
1534 1888 1658 1916 abbatem
1681 1889 1768 1916 Maca-

979 1936 1059 1966 rium.
1075 1935 1200 1962 dicentes
1213 1944 1222 1962 ε
1250 1935 1309 1968 Quo
1333 1936 1413 1963 modo
1428 1935 1559 1962 debemus
1575 1935 1680 1962 orare?
1701 1934 1768 1962 Res-

976 1982 1072 2017 pondit
1088 1982 1142 2009 illis
1159 1989 1255 2009 senex:
1272 1981 1331 2009 Non
1348 1989 1417 2017 opus
1431 1986 1474 2009 est
1489 1981 1566 2016 loqui‘
1576 1982 1703 2014 multum,
1721 1981 1768 2008 sed

977 2027 1154 2055 extendendae
1169 2032 1234 2055 sunt
1252 2035 1349 2055 manus
1362 2048 1369 2058 ,
1393 2027 1657 2062 proferendumquc:
1676 2027 1768 2054 Domi-

977 2081 1020 2103 ne.
1040 2073 1111 2100 sicut
1129 2073 1170 2101 vis
1183 2077 1211 2100 et
1235 2073 1307 2100 sicut
1324 2073 1407 2104 nosti,
1425 2073 1562 2099 miserere.
1580 2072 1607 2098 Si
1621 2075 1711 2098 autem
1727 2072 1766 2098 iu-

977 2119 1080 2153 gruerit
1105 2118 1263 2146 temtationis
1279 2119 1467 2154 impugnatio,
1488 2118 1541 2145 dici
1557 2117 1655 2145 debet:
1677 2117 1768 2145 Domi-

977 2172 1020 2194 ne.
1051 2164 1161 2199 adjuva.
1193 2165 1253 2200 Ipse
1282 2166 1334 2192 scit
1361 2173 1424 2200 quae
1450 2164 1616 2199 expediant,
1643 2169 1669 2191 et
1703 2164 1768 2191 facit

976 2210 1117 2238 nobiseum
1131 2211 1359 2238 misericordiam.

175 2256 209 2280 κ’.
227 2251 309 2280 Εἶπεν
327 2254 342 2280 ὁ
355 2252 443 2285 asas;
455 2253 596 2290 Μακάριος
607 2262 614 2269 ·
631 2254 662 2280 Ei
678 2254 788 2288 γέγονεν
808 2255 837 2281 ἐν
852 2256 892 2282 σοὶ
908 2257 923 2291 ἠ

1012 2257 1056 2285 20.
1079 2257 1117 2292 (4)
1138 2256 1210 2284 Dixit
1235 2257 1318 2285 abbas
1335 2257 1486 2285 Macarius:
1506 2258 1534 2285 Si
1551 2259 1623 2294 apud
1641 2264 1668 2286 te
1682 2259 1766 2286 exsti-

136 2299 314 2332 ἐξουδένωσις
324 2300 363 2331 ὡς
376 2301 390 2327 ὁ
405 2299 526 2333 ἔπαινος,
540 2301 613 2335 καὶὴ
630 2300 708 2327 πενία
719 2301 756 2333 ὡς
769 2302 783 2327 ὁ
798 2302 923 2335 πλοῦτος,

135 2346 188 2372 καὶ
203 2346 220 2381 ἡ
238 2346 325 2372 ἔνδεια
333 2346 401 2381 ὠςὴ
416 2346 552 2380 δαψίλεια,
564 2347 614 2373 οὐκ
631 2347 822 2382 ἀποθνήσκεις.
841 2349 925 2385 Ἀμή-

137 2399 221 2426 χανον
236 2391 290 2426 γὰρ
304 2392 362 2418 ἐστι
380 2392 427 2417 τὸν
444 2391 536 2423 καλῶς
551 2392 723 2424 πιστεύοντα,
741 2394 786 2420 καὶ
803 2395 830 2420 ὲν
846 2395 925 2421 εὐσε-

137 2437 200 2472 ϐείᾳ
221 2437 415 2472 ἐργαζόμενον,
435 2438 567 2473 ἐμπεσεῖν
580 2439 620 2470 εἰς
641 2439 812 2475 ἀκαθαρσίαν
831 2441 925 2468 παθῶν

135 2482 186 2509 καὶ
198 2482 333 2517 δαιμόνων
347 2483 462 2518 πλάνην.

173 2527 226 2555 κα¹.
244 2528 368 2563 Ἔλεγον,
383 2530 425 2556 ὃτι
441 2529 599 2564 ἐσφάλησαν
613 2530 658 2557 δύο
678 2531 787 2567 ἀδελφοὶ
807 2532 905 2568 Σκῆτιν
916 2540 923 2547 ·

134 2574 183 2601 καὶ
196 2573 329 2610 ἐχώρισεν
343 2575 441 2607 αὐτοὺς
453 2576 467 2602 ὁ
481 2575 568 2607 ἀϐὗᾶς
581 2577 724 2614 Μακάριος
738 2579 752 2604 ὀ
765 2578 902 2610 πολιτικός
914 2588 921 2595 ·

172 2664 246 2691 "Al.
263 2665 375 2699 μεγάλε.
423 2666 445 2682 ³³
456 2667 499 2693 Al.
512 2666 614 2693 οὐκέτι.

670 2666 693 2682 ³³
707 2665 748 2693 Al.
762 2665 826 2694 add.
851 2667 892 2693 ὅτι
914 2666 1031 2694 ἔκλαιεν.

978 2302 1040 2330 terit
1053 2307 1226 2337 contemptus
1236 2303 1308 2330 velut
1320 2304 1389 2335 laus,
1402 2309 1548 2339 paupertas
1576 2310 1705 2341 tanquam
1722 2305 1766 2331 di-

978 2350 1050 2377 vitiae
1063 2370 1070 2381 ,
1090 2349 1238 2385 indigentia
1256 2350 1330 2377 sicut.
1349 2351 1525 2382 abundantia.
1550 2360 1603 2379 nou
1629 2352 1763 2378 morieris.

978 2393 1050 2421 Fieri
1071 2395 1146 2422 enim
1171 2402 1226 2422 non
1247 2399 1346 2430 potest.
1372 2399 1401 2422 ut
1419 2396 1466 2430 qui
1487 2401 1560 2424 recte
1581 2397 1678 2428 credit,
1695 2402 1721 2424 ct
1736 2398 1762 2424 in

977 2441 1080 2476 pietate
1101 2445 1239 2475 operatur,
1267 2441 1369 2468 incidat
1389 2442 1414 2468 in
1438 2441 1565 2469 vitiorqu
1592 2443 1707 2473 sordes.
1732 2451 1764 2469 at:

979 2486 1132 2513 daemonum
1149 2493 1281 2514 errorem.

1013 2533 1057 2560 21.
1079 2532 1267 2560 Referehaut:
1290 2533 1348 2560 Duo
1370 2533 1470 2561 fratres
1494 2535 1521 2561 in
1544 2533 1619 2561 Sceti
1642 2534 1763 2568 delique-

978 2582 1058 2611 runt;
1084 2586 1154 2612 quos
1178 2578 1330 2613 segregavit
1344 2585 1392 2605 seu
1409 2579 1658 2606 excommunicavit
1677 2579 1762 2606 abbas

1083 2667 1104 2682 ³⁵
1121 2667 1202 2693 Abest
1230 2667 1264 2693 ab
1289 2667 1324 2693 al.
1350 2667 1402 2694 hoc
1421 2675 1536 2694 comma.
1575 2668 1598 2684 "‘
1615 2668 1656 2695 Al.
1675 2668 1758 2696 inser.

133 2699 273 2730 τωκνά,[ι.
287 2699 414 2728 Dorothei
431 2701 515 2736 Epist.
535 2703 562 2729 L
599 2702 622 2718 ³⁷
637 2702 680 2729 Al.
702 2702 764 2729 add.
781 2710 825 2737 με.
863 2702 886 2718 ⁸⁸
900 2701 922 2728 A

985 2702 1021 2728 id.
1041 2710 1095 2737 μοι.
1134 2703 1156 2717 ³⁸
1174 2701 1184 2728 ι
1201 2701 1271 2729 Tim.
1286 2709 1323 2734 vl,
1341 2703 1365 2729 7.
1399 2702 1422 2718 ιο
1437 2702 1487 2729 Job
1501 2710 1520 2735 ι,
1537 2702 1581 2731 2!.

169 2777 228 2810 (97)
251 2776 302 2804 Vit.
317 2777 395 2805 Patr.
410 2786 442 2811 tt,
454 2779 480 2806 6.

170 2812 227 2847 (98)
252 2811 305 2840 Vit.
319 2812 397 2841 Patr.
413 2822 442 2846 tt,
456 2814 481 2840 7.

169 2847 300 2883 (99)_}’it.
310 2847 395 2883 iPatr.
412 2857 447 2883 tv,
458 2849 504 2876 27.
626 2868 628 2870 -

166 2882 209 2916 41)
234 2881 286 2910 Vit.
302 2882 380 2912 Patr.
394 2881 502 2918 "1,87;
517 2892 554 2918 tv,
579 2884 631 2920 28;
646 2886 765 2921 Append.
786 2895 814 2922 p.
839 2886 918 2920 1001.

972 2789 1001 2808 n.
1020 2781 1062 2807 17.

1009 2814 1047 2849 (2)
1074 2814 1125 2842 Vit.
1139 2815 1213 2842 Patr.
1228 2823 1282 2848 va,
1295 2815 1322 2842 6.

1010 2851 1047 2883 (3)
1075 2850 1125 2876 νίι.
1139 2850 1215 2877 Patr.
1234 2858 1283 2882 xu,
1301 2851 1342 2877 lO.

1010 2886 1050 2920 (4)
1076 2884 1128 2912 Vit.
1148 2885 1222 2913 Patr.
1241 2885 1394 2918 unum?"
