1970 3074
214 175 264 204 271

782 175 893 204 APPEN
899 175 955 203 [ΠΧ
975 176 1020 203 AD
1037 176 1250 205 PALLADIUM.

1790 177 1843 205 272

215 235 352 264 Macarius
369 235 504 264 urbicus:
523 240 550 264 et
573 241 706 264 venerunt
730 237 866 270 nonnulli.
888 238 999 264 nuntia-

1059 239 1105 266 καὶ
1129 237 1211 275 ἦλθόν
1232 247 1316 270 τινες,
1341 239 1388 265 καὶ
1411 237 1489 266 εἷπον
1503 236 1543 275 τῷ
1559 238 1632 275 ἀὸῧᾷ
1654 236 1790 274 Μακαρίῳ
1807 239 1847 275 τῷ

215 287 335 317 runtque
344 282 436 311 abbati
453 282 574 310 Macario
585 291 695 319 magno,
709 282 850 319 Egyptio.
866 283 917 316 Qui
935 283 1006 311 ailir-

214 328 308 359 mavit,
322 326 422 356 fratres
437 335 492 356 non
510 336 572 356 esse
583 333 751 364 segregatos,
769 328 817 356 sed
834 328 1004 362 Macarium;

213 374 313 401 etenim
331 373 461 409 diligebat
479 382 552 402 eum.
573 375 673 402 Auditu
692 375 799 410 accepit
813 375 899 403 abbas
916 375 1006 402 Maca-

214 419 272 447 rius
283 419 358 454 quod
371 428 386 446 a
410 427 478 449 sene
494 421 748 448 excommunicatus
763 420 869 448 fuisset.
886 421 1007 456 fugitque

214 466 248 493 ad
268 465 408 502 paludem.
427 466 561 502 Egressus
585 467 677 502 itaque
700 471 742 494 est
767 467 853 495 abbas
871 467 1008 494 Macarius

213 519 346 548 magnus;
363 519 396 539 ac
417 513 518 547 reperit
539 520 602 540 eum
625 520 640 539 a
663 513 799 540 culicibus
814 513 1006 548 perforatum;

212 558 335 593 dicitque
357 558 380 586 ei
401 566 408 584 :
426 558 466 584 Tu
484 558 632 593 sogregasti
654 558 769 591 fratres;
791 562 817 586 et
835 566 901 586 ecce
916 565 1008 585 seces-

211 605 270 633 suri
291 609 356 633 sunt
379 605 406 632 in
426 605 528 632 vicum.
548 604 605 640 Ego
618 612 684 632 vero
709 605 850 640 segregavi
862 609 905 637 te;
922 608 1007 639 tuque

213 650 297 678 veluti
316 650 430 686 pulchra
450 651 537 685 virgo,
557 650 584 676 in
601 649 715 678 interius
742 649 895 677 cubiculum
914 649 1006 685 fugisti

211 696 276 724 huc.
292 696 327 723 At
350 703 401 731 ego
419 697 524 723 vocatis
541 696 684 728 fratribus,
701 696 734 723 ab
747 696 814 732 ipsis
825 695 919 728 didici,
938 696 1005 723 nihil

211 742 310 769 borum
334 741 437 768 factum
457 749 529 769 esse.
554 741 621 769 Vide
643 741 737 776 igitur,
762 745 792 768 tu
817 741 912 772 frater.
937 748 970 768 ne
991 748 1006 767 a

211 788 381 816 daemonibus
406 788 503 816 illusus
528 787 622 815 fueris.
651 779 719 815 Nam
739 787 807 815 nihil
830 787 936 816 vidisti.
954 787 1007 815 Sed

210 835 317 863 veniam
335 836 500 862 incurvatus
513 839 575 870 pete
589 842 640 870 pro
656 835 757 863 delicto
769 837 827 862 tuo.
850 834 900 862 Ille
916 839 1006 861 autem

211 881 279 909 dixit
303 891 310 909 :
343 881 371 908 Si
385 882 437 913 vis,
458 881 492 908 da
513 881 580 909 mihi
596 881 795 916 pmnitentiam.
818 879 919 908 Videns
935 874 1007 915 lergo

1059 285 1170 320 μεγάλῳ
1193 285 1231 319 τῷ
1255 284 1406 321 Αἰγυπτίῳ.
1438 285 1468 312 '0
1490 285 1519 312 δὲ
1543 284 1632 312 εἶπεν·
1659 285 1717 312 Οὐκ
1731 285 1800 312 εἰσὶν
1820 285 1846 311 οἱ

1061 331 1171 366 ἀδελφοὶ
1187 331 1398 367 κεχωρισμένοι,
1417 331 1484 359 ἀλλὰ
1504 332 1647 368 Μακάριος
1659 333 1717 358 ἐστι
1731 339 1847 366 κεχωρι-

1059 378 1156 413 σμένος
1167 387 1173 393 ·
1189 376 1222 414 ἦν
1241 378 1296 414 γὰρ
1311 378 1426 412 ἀγαπῶν
1449 379 1542 405 αὐτόν.
1573 379 1707 405 Ἤκουσεν
1732 380 1746 404 ὁ
1761 378 1848 409 ἀϐὖᾱς

1059 424 1211 460 Μακάριος,
1231 425 1272 451 ὅτι
1287 424 1423 460 ἐχωρίσθη
1439 425 1491 451 ὑπὸ
1502 424 1549 451 τοῦ
1563 425 1700 460 γέροντος,
1721 425 1768 451 καὶ
1783 424 1847 458 ἔφυ-

1058 478 1106 504 γεν
1132 471 1170 502 εἰς
1186 469 1216 497 τὸ
1235 470 1305 502 ἕλος.
1333 469 1461 505 Ἐξῆλθεν
1478 467 1526 497 οὖν
1539 471 1553 496 ὁ
1575 470 1662 501 ἁὸϐᾶς
1678 470 1824 506 Μακάριος
1835 471 1848 496 6

1060 517 1156 552 μέγας,
1172 517 1220 544 καὶ⁵
1235 517 1357 553 εὑρίσκει
1379 516 1460 544 αὑτὸν
1484 517 1704 552 τιτρωσκόμενον
1727 517 1780 542 ὑπὸ
1794 516 1850 542 τῶν

1059 563 1208 597 κωνώπων,
1224 563 1270 590 καὶ
1289 563 1363 598 λέγει
1385 563 1459 599 αὐτῷ
1469 571 1477 579 ι
1492 564 1528 590 Σὺ
1546 563 1681 599 ὲχὼρισας
1695 564 1757 595 τοὺς
1771 563 1846 590 ἁδελ-

1059 609 1137 642 ιροὺς,
1163 609 1212 636 καὶ
1236 608 1290 635 ίδοὺ
1309 606 1380 644 εἶχον
1401 609 1578 643 ἀναχωρῆσαι
1603 609 1642 640 εἰς
1664 608 1714 644 τὴν
1740 609 1846 644 κώμην.

1065 654 1136 688 Ἐγὼ
1151 654 1180 681 δέ
1201 663 1230 681 σε
1248 654 1380 690 ὲχώρισα,
1405 655 1453 681 καὶ
1469 655 1501 681 σὺ
1517 655 1554 686 ὡς
1573 654 1641 689 καλὴ
1657 654 1791 690 παρθένος
1809 655 1848 685 είς

1057 699 1103 726 τὸν
1121 699 1255 735 ἐσώτερον
1271 700 1388 726 κοιτῶνα
1404 699 1502 734 ἔφυγες
1520 697 1581 728 ὧδε.
1604 699 1674 734 Ἐγὼ
1688 700 1716 727 δὲ
1731 700 1847 731 καλέσας

1058 747 1122 778 τοὺς
1138 746 1280 781 ἀδελφοὺς,
1293 747 1394 782 ἔμαθον
1410 747 1583 782 παράὐτῶν,
1599 748 1645 774 καὶ
1660 745 1735 773 εἷπον
1745 756 1752 762 ι
1765 747 1849 774 Οὐδὲν

1057 791 1160 819 τούτων
1184 792 1291 827 γέγονε.
1316 793 1404 819 Βλέπε
1420 791 1466 820 οὖν
1483 794 1530 820 καὶ
1548 794 1592 825 σὺ,
1613 793 1721 828 ἀδελφὲ,
1742 794 1778 828 μὴ
1793 793 1848 820 ἀπὸ

1057 838 1193 873 δαιμόνων
1207 838 1374 873 ὲχλευάσθης
1384 839 1470 874 (οὐδὲν
1481 838 1535 875 γὰρ
1548 838 1694 873 ἑώρακας),
1704 838 1772 865 ἀλλὰ
1784 838 1847 873 βάλε

1060 883 1205 919 μετάνοιαν
1227 885 1298 920 ὑπὲρ
1320 885 1368 912 τοῦ
1382 885 1540 920 σφάλματὸς
1565 894 1622 912 σου.
1654 886 1683 912 '0
1703 885 1731 911 δὲ
1754 882 1845 911 εἶπεν·

211 936 294 956 senex
319 928 502 956 humilitatem
528 927 613 960 illius,
639 928 701 955 ait:
731 926 814 958 Vade,
835 927 928 962 jejuna
951 929 1004 953 tres

1059 931 1090 957 Εἰ
1108 930 1206 963 θέλεις,
1220 931 1264 963 δός
1289 940 1334 966 μοι
1351 931 1506 966 μετάνοιαν.
1531 931 1602 958 Ἰδὼν
1617 931 1645 958 δὲ
1660 932 1673 958 ὁ
1695 931 1784 966 γέρων
1798 931 1849 966 τὴν

211 974 404 1007 hebdomadas,
422 975 506 1002 semel
527 974 643 1009 singulis
660 973 838 1001 hebdomadis
846 972 1003 1000 comedens.

216 1021 280 1050 Hzec
298 1022 407 1050 scilicet
427 1026 484 1049 erat
499 1021 572 1050 illius
591 1024 720 1057 perpetua
743 1020 876 1056 operatio.
899 1019 1004 1047 hebdo-

212 1069 305 1098 madas
316 1069 453 1105 jejunare.

245 1115 291 1142 ‘22.
326 1115 400 1142 Dixit
428 1115 514 1142 abbas
553 1114 664 1150 Moyses
703 1113 793 1141 abbati
827 1112 945 1140 Macario
977 1112 1004 1138 in

213 1161 284 1190 Secti
310 1171 318 1190 :
343 1161 412 1189 Volo
431 1169 493 1189 cum
515 1161 607 1196 quiete
631 1169 663 1189 ac
692 1161 801 1188 silentio
828 1161 928 1193 vivere,
955 1167 1006 1187 nec

212 1208 308 1235 sinunt
320 1215 363 1235 me
382 1207 492 1235 fratres.
510 1208 555 1235 Ait
570 1208 608 1234 illi
630 1208 717 1235 abbas
733 1206 871 1234 Macarius
890 1215 897 1234 ε
921 1206 1005 1233 Video

212 1259 239 1282 te
261 1254 362 1282 indolis
387 1254 521 1282 mollioris
543 1261 614 1282 esse.
640 1262 691 1281 nec
714 1261 795 1289 posse
822 1252 932 1280 fratrem
947 1259 963 1278 a
979 1256 1006 1279 te

213 1300 413 1333 avertere;sed
429 1300 453 1327 si
469 1300 611 1328 desideras
626 1299 748 1335 quietam
779 1299 874 1331 vitam,
896 1298 1006 1334 profiei-

212 1354 290 1375 scere
304 1346 336 1375 ad
349 1354 481 1377 eremum.
495 1345 577 1380 intro,
591 1346 618 1373 in
634 1345 725 1378 Petra,
740 1350 768 1373 et
783 1345 840 1372 illic
852 1345 943 1380 quiete
957 1346 1005 1372 de-

212 1401 270 1430 ges.
288 1393 378 1428 Atque
394 1393 446 1420 hoc
459 1391 533 1424 fecit.
546 1396 573 1420 et
587 1391 754 1427 conquievit.

249 1440 296 1467 ‘25.
327 1439 423 1467 Frater
441 1439 569 1467 convenit
593 1439 718 1466 abbatem
745 1438 894 1465 Macarium
918 1436 1004 1473 Egy-

213 1486 312 1521 ptium,
328 1490 356 1513 et
367 1485 435 1512 dixit
448 1485 473 1512 ei
490 1494 496 1512 τ
510 1484 598 1518 Abba,
611 1484 693 1512 effare
717 1484 783 1511 mihi
796 1484 920 1516 verbum,
937 1492 1006 1519 quo-

213 1539 278 1559 nam
293 1532 373 1559 modo
395 1532 487 1559 salvus
505 1539 562 1559 ero.
589 1531 633 1558 Ait
651 1538 734 1558 senex
751 1541 756 1557 :
774 1530 848 1558 Vade
864 1530 897 1557 ad
913 1531 1006 1566 sepul-

214 1586 313 1611 crum,
348 1583 374 1605 ct
411 1578 565 1606 maledictis
601 1581 725 1605 mortuos
760 1577 869 1612 impete.
904 1577 1005 1604 Abiens

214 1625 298 1660 igitur
327 1623 433 1657 frater,
463 1624 595 1652 conviciis
625 1628 652 1650 et
687 1622 823 1659 lapidibus
863 1623 1004 1658 appetiit;

213 1678 397 1705 reversusque
433 1669 605 1698 annnntiavit
635 1669 704 1696 seni.
737 1668 839 1701 Quaerit
870 1668 905 1695 ab
935 1676 968 1696 eo
998 1677 1004 1694 :

212 1716 321 1745 Nihilne
349 1718 397 1745 tibi
421 1717 505 1745 locuti
528 1717 614 1745 sunt?
633 1716 695 1744 Ille:
712 1715 795 1744 Nihil.
825 1715 895 1743 Tum
921 1722 1006 1743 senex

214 1764 302 1799 inquit
332 1772 339 1791 :
367 1763 466 1790 lterum
488 1763 662 1798 proficiscere
694 1770 775 1795 cras,
801 1760 928 1789 laudibus
958 1768 1005 1788 eos

212 1809 290 1837 eﬂ'er.
315 1808 434 1844 Pergens
458 1809 551 1844 itaque
572 1808 666 1841 frater,
692 1807 858 1835 collaudavit
877 1814 936 1839 eos,
959 1814 1006 1834 vo-

213 1863 307 1883 cans;
332 1855 466 1890 Apostoli,
491 1853 590 1885 sancti.
607 1854 685 1889 justi.
709 1852 778 1880 Tum
805 1852 873 1879 adiit
893 1859 999 1883 senem,

213 1900 336 1936 dixitque
349 1899 502 1927 :‘Laudavi.
519 1899 565 1927 Ille
580 1899 604 1926 ei
619 1907 625 1924 :
644 1898 717 1926 Nihil
731 1898 780 1925 tibi
789 1897 1006 1933 responderunt?

213 1944 309 1973 Frater
331 1953 337 1971 ε
363 1944 440 1972 Nullo
463 1944 555 1972 modo.
580 1943 658 1971 Tunc
693 1951 775 1971 senex
808 1942 868 1970 iniit
892 1951 899 1969 :
927 1941 1004 1968 Nosti

213 1991 326 2027 quantis
350 1998 397 2019 eos
421 1989 598 2017 comumeliis
623 1988 756 2021 atl'eceris,
780 1995 832 2015 nec
854 1987 1004 2023 quidquam

214 2040 396 2073 reposuerunt
413 2036 475 2069 tibi;
494 2037 638 2071 etquantis
656 2034 767 2063 ecsdem
781 2033 909 2061 laudibus
923 2040 1005 2060 orna-

213 2083 296 2118 veris,
314 2083 438 2119 nihilque
453 2082 486 2109 ad
507 2086 532 2110 te
546 2081 681 2117 prolocuti
698 2085 762 2109 sunt
779 2089 786 2107 :
806 2080 843 2107 ita
859 2080 942 2107 etiam
961 2083 1001 2110 tu,

215 2132 237 2158 si
255 2132 371 2160 salutem
387 2129 520 2165 consequi
536 2128 689 2160 desideras,
713 2132 841 2155 mortuus
865 2127 930 2159 fias;
954 2133 1005 2153 nec

215 2178 333 2213 injurias
354 2177 506 2206 hominum.
531 2183 581 2203 nec
603 2174 700 2202 laudes
718 2181 813 2201 eorum
833 2172 946 2208 cogites,
961 2172 1003 2199 inv

214 2228 273 2253 star
288 2229 459 2251 mortuorum
473 2231 480 2255 ;
499 2222 540 2250 sic
552 2221 657 2257 poteris
672 2222 764 2248 salvus
776 2220 844 2247 fieri.

1056 977 1220 1004 ταπείνωσιν
1241 977 1334 1010 αὑτοῦ,
1357 977 1464 1012 ἔλεγεν·
1485 978 1606 1011 Ὕπαγε,
1633 978 1679 1004 καὶ
1699 978 1848 1013 νήστευσον

1055 1026 1130 1059 τρεῖς
1143 1025 1302 1060 ἑῧδομάδας,
1315 1024 1385 1051 κατά
1398 1024 1531 1059 ἑϐδομάδα
1542 1024 1650 1051 ἐσθίων.
1663 1024 1735 1059 Αὕτη
1750 1024 1803 1059 γὰρ
1813 1021 1848 1059 ἦν

1055 1071 1071 1106 ἡ
1086 1071 1200 1106 ἐργασία
1220 1071 1301 1098 αὑτοῦ
1316 1071 1443 1104 πάντοτε,
1461 1071 1512 1102 τὰς
1529 1071 1680 1106 ἑϐδομάδας
1695 1070 1846 1106 νηστεύειν.

1092 1117 1145 1144 κδ’.
1160 1115 1244 1144 Εἶπεν
1256 1119 1270 1144 6
1282 1117 1369 1150 ἀϐὃᾶς
1385 1118 1505 1152 Μωῦσῆς
1517 1117 1556 1152 τῷ
1569 1117 1641 1152 ἀϐἦᾷ
1657 1117 1794 1152 Μακαρίῳ
1807 1118 1848 1148 εἱς

1056 1165 1169 1200 Σκῆτιν·
1182 1164 1257 1191 Θέλω
1274 1165 1422 1200 ἡσυχάοαι,
1437 1164 1482 1191 καὶ
1499 1165 1549 1191 οὐκ
1565 1164 1673 1199 ἀφιοῦσῖ
1689 1172 1721 1199 με
1734 1165 1757 1190 ot
1772 1163 1848 1190 ἁδελ-

1057 1210 1111 1245 φοί.
1128 1210 1183 1237 Καὶ
1198 1210 1271 1244 λέγει
1289 1211 1363 1246 αὐτῷ
1382 1211 1395 1238 6
1408 1211 1495 1242 ἀῆὂᾶς
1513 1210 1673 1246 Μακάριος·
1691 1209 1793 1245 Θεωρῶ
1806 1210 1849 1236 ὃτι

1056 1257 1071 1290 ἡ
1088 1255 1169 1290 φύσις
1185 1264 1231 1282 σου
1242 1256 1333 1292 ἁπαλὴ
1350 1257 1417 1286 ἐστι,
1433 1256 1481 1283 καὶ
1493 1256 1523 1282 οὒ
1543 1256 1658 1282 δύνασαι
1672 1256 1846 1291 ἀποστρέψαι

1056 1301 1170 1336 ἀδελφόν
1180 1296 1262 1328 ἀλλ’
1286 1302 1334 1329 ἐὰν
1350 1302 1430 1338 θέλῃς
1455 1303 1603 1338 ἡσυχάσαι,
1627 1301 1716 1336 ὕπαγε
1744 1303 1783 1333 εἰς
1798 1302 1848 1338 τὴν

1055 1347 1159 1383 ἔρημον
1181 1347 1236 1374 ἔσω
1250 1348 1290 1380 είς
1309 1349 1359 1384 τὴν
1384 1349 1502 1384 Πέτραν,
1519 1348 1599 1375 κάκεῖ
1617 1348 1773 1383 ἡσυχάζεις.
1793 1349 1848 1375 Καὶ

1056 1393 1135 1420 τοῦτο
1151 1394 1273 1429 ἐποίησε,
1292 1395 1340 1421 καὶ
1355 1395 1472 1430 ἁνεπάη.

1092 1443 1145 1473 κγ’.
1177 1439 1303 1474 Ἀδελφὸς
1328 1440 1464 1476 παρέϐαλε
1488 1441 1528 1475 τῷ
1548 1440 1619 1475 ἀῦὃᾷ
1647 1439 1782 1475 Μακαρίῳ
1808 1439 1851 1475 τῷ

1056 1485 1206 1520 Αἰγυπτίῳ,
1226 1487 1274 1512 καὶ
1294 1486 1369 1520 λέγει
1391 1486 1481 1521 αὐτῷ·
1512 1486 1607 1517 ἰλϐϐἄ,
1626 1486 1687 1512 εἱπέ
1710 1495 1754 1521 μοι
1771 1485 1848 1520 ῥῆμα

1057 1531 1117 1562 πῶς
1132 1531 1221 1558 σωθῶ.
1238 1533 1293 1558 Καὶ
1305 1531 1379 1566 λέγει
1399 1533 1413 1558 ὀ
1430 1533 1520 1568 γέρων
1531 1541 1537 1547 ’
1556 1532 1666 1566 ’Ὕπαγε
1681 1532 1720 1562 εἰς
1734 1531 1763 1558 τὺ
1780 1540 1848 1566 μνη-

1059 1579 1143 1612 μεῖον,
1167 1577 1212 1604 καὶ
1234 1577 1345 1613 ὕϐρις-ον
1365 1579 1428 1610 τοὺς
1458 1578 1581 1614 νεκρούς.
1610 1576 1748 1603 Ἀπελθὼν
1770 1575 1816 1603 οὖν
1834 1577 1848 1602 ό

1056 1623 1180 1658 ἀδελφὸς,
1203 1623 1296 1659 ὕϐρισε
1314 1625 1360 1651 καὶ
1384 1624 1508 1651 ἐλίθασε·
1528 1624 1575 1651 καὶ
1599 1623 1684 1650 ἐλθὼν
1696 1623 1847 1659 ἀπήγγειλε

1055 1668 1094 1704 τῷ
1110 1669 1227 1705 γέροντι.
1243 1670 1299 1697 Καὶ
1323 1670 1396 1705 λέγει
1416 1670 1490 1706 αὐτῷ
1501 1679 1509 1685 ·
1525 1670 1610 1698 Οὐδέν
1636 1679 1676 1696 σοι
1692 1669 1846 1706 ὲλάλησαν;

1062 1714 1090 1740 Ὀ
1104 1714 1131 1740 δὲ
1145 1714 1195 1749 ἔφη
1207 1723 1214 1730 ⁸
1227 1715 1304 1750 Οὐχί.
1320 1716 1401 1748 Λέγει
1411 1716 1485 1751 αὑτῷ
1496 1717 1510 1742 6
1521 1715 1610 1751 γέρων
1622 1724 1628 1729 ·
1646 1715 1755 1749 ’Ὕπαγε
1766 1715 1848 1742 πάλιν

1056 1758 1160 1795 αῠριον,
1177 1761 1223 1787 καὶ
1237 1760 1349 1793 δόξασωι
1359 1761 1468 1793 αὐτούς.
1485 1761 1624 1788 Ἀπελθὼν
1639 1759 1685 1788 οὖν
1698 1763 1711 1788 ὁ
1720 1761 1847 1796 ἁδελφὸς,

1056 1806 1179 1838 ἐδόξασεν
1196 1807 1306 1839 αὐτοὺς,
1319 1807 1420 1842 λέγων·
1446 1808 1614 1838 Ἀπὸπολοι.
1636 1808 1720 1842 ἅγιοι,
1739 1807 1786 1833 καὶ
1809 1807 1849 1833 δί-

1055 1859 1138 1878 καιοι.
1159 1852 1214 1878 Καὶ
1228 1850 1294 1888 ἦλθε
1311 1852 1380 1888 πρὸς
1393 1852 1438 1879 τὸν
1453 1852 1579 1888 γέροντα,
1600 1852 1648 1878 καὶ
1663 1850 1739 1878 εἶπεν
1752 1851 1828 1887 αὑτῷ
1839 1860 1848 1866 ·

1061 1897 1200 1930 Ἐδόξασα.
1222 1898 1276 1925 Καὶ
1291 1897 1363 1933 λέγει
1377 1897 1465 1933 αὐτῷ’
1481 1897 1565 1924 Οὐδέν
1583 1905 1623 1924 σοι
1638 1897 1847 1932 ἀπεκρίθησανς

1057 1944 1129 1980 Ἔφη
1151 1945 1165 1970 6
1176 1944 1291 1978 ἀδελφός
1302 1952 1308 1959 ·
1326 1944 1403 1979 Οὐχί.
1423 1944 1504 1978 Λέγει
1519 1944 1592 1979 αὐτῷ
1608 1945 1621 1970 6
1637 1944 1727 1980 γέρων
1739 1951 1746 1958 ·
1764 1942 1847 1975 Οἶδας

1056 1990 1126 2017 πόσα
1142 1990 1280 2026 ήτίμασας
1297 1990 1405 2022 αὐτοὺς,
1425 1990 1471 2016 καὶ
1490 1990 1566 2016 οὐδέν
1582 1999 1623 2016 σοι
1645 1988 1846 2025 ἀπεκρίθησαν,

1055 2036 1103 2061 καὶ
1117 2035 1188 2061 πόσα
1200 2035 1331 2068 ἐδόξασας
1351 2035 1459 2067 αὐτοὺς,
1478 2035 1525 2061 καὶ
1544 2035 1620 2061 οὐδέν
1638 2043 1679 2061 σοι
1693 2034 1828 2070 ἐλάλησαν
1839 2043 1847 2050 ·

1054 2081 1140 2112 οὕτως
1160 2082 1208 2109 καὶ
1231 2083 1273 2114 σὺ,
1299 2081 1346 2108 ἐὰν
1371 2080 1450 2118 θέλῃς
1473 2081 1613 2117 σωθῆναι,
1635 2081 1715 2115 γενοῦ
1730 2081 1848 2117 νεκρός·

1057 2128 1124 2162 μήτε
1140 2127 1190 2162 τὴν
1214 2127 1323 2154 ἀδικίαν
1343 2127 1397 2154 τῶν
1420 2127 1581 2163 ἀνθρώπων,
1605 2128 1674 2163 μήτε
1696 2128 1746 2163 τὴν
1767 2128 1849 2160 δόξαν

1055 2171 1145 2199 αὐτῶν
1159 2171 1266 2209 λογίσῃ,
1279 2171 1317 2203 ὠς
1328 2172 1353 2198 οἱ
1368 2172 1460 2207 νεκροί
1472 2179 1478 2186 ·
1492 2172 1539 2198 καὶ⁸
1552 2171 1665 2198 δύνασαι
1681 2172 1810 2207 σωθῆναι.

248 2270 296 2299 24.
316 2270 481 2298 Pricteriens
508 2269 656 2304 aliquando
684 2268 769 2295 abbas
796 2266 931 2294 Macarius
956 2273 1003 2300 per

1090 2262 1139 2290 κδ’.
1164 2262 1373 2298 Παρερχόμενός
1391 2270 1455 2288 ποτε
1475 2263 1489 2288 ὁ
1509 2261 1597 2294 assa;
1617 2261 1758 2297 Μακάριος
1778 2264 1850 2298 μετὰ

215 2317 364 2355 Egyptum
383 2324 436 2344 una
453 2320 515 2344 eum
530 2316 674 2346 fratribus,
696 2314 801 2342 audivit
826 2322 940 2349 puerum
967 2313 1004 2340 ita

215 2365 300 2392 matri
317 2371 376 2392 sua:
398 2364 573 2398 loquentem:
591 2361 686 2393 Mater,
701 2360 811 2396 quidam
828 2361 905 2387 dives
919 2359 1004 2394 diligit

217 2416 272 2441 me,
290 2413 317 2436 et
341 2409 385 2436 odi
410 2416 493 2440 cum;
521 2415 624 2443 pauper
641 2414 705 2434 vero
724 2405 781 2432 odit
809 2413 862 2437 me,
890 2411 921 2431 ac
942 2412 1003 2431 eum

213 2455 307 2490 diligo.
324 2454 385 2488 Quo
398 2453 494 2481 audito
513 2460 649 2484 sermone,
673 2451 824 2479 admiratus
848 2455 889 2478 est
917 2450 1002 2477 abbas

214 2501 359 2529 Macarius.
388 2499 489 2527 Dicunt
513 2500 537 2527 ei
563 2498 681 2526 fratres:
700 2497 770 2531 Quid
788 2497 839 2524 hoc
858 2496 933 2524 verbi
950 2499 1003 2527 est,

213 2546 304 2579 Pater,
322 2546 395 2582 quod
410 2545 525 2573 affectus
544 2545 583 2573 sis
593 2543 792 2572 admiratione?
807 2541 958 2577 Respondit
970 2542 1004 2568 il-

214 2593 248 2621 lis
263 2600 346 2620 senex
360 2602 366 2620 :
389 2591 495 2620 Revera
512 2591 644 2618 Dominus
675 2593 770 2617 noster
790 2589 866 2617 dives
882 2592 924 2616 est
941 2587 1003 2615 dili-

214 2640 308 2674 gitque
338 2647 398 2671 nos,
420 2646 471 2666 nec
491 2639 619 2665 volumus
638 2636 676 2663 illi
693 2636 898 2670 obtemperare;
914 2634 1005 2661 inimi-

214 2691 266 2711 cus
280 2687 371 2711 autem
391 2689 485 2711 noster
502 2683 629 2710 diabolus
653 2689 756 2716 panper
770 2685 812 2708 est
825 2680 941 2714 odioque
954 2686 1004 2706 nos

214 2730 404 2764 prosequitur,
420 2733 447 2756 et
463 2729 605 2763 diligimus
622 2728 683 2761 ejus
699 2726 896 2761 impuritatem.

247 2775 292 2802 25.
313 2774 426 2810 Rogavit
440 2774 566 2802 eumdem
584 2773 677 2800 tnultis
692 2780 753 2799 cum
775 2771 903 2806 lacrymis
919 2770 1004 2797 abbas

213 2818 337 2852 Pmmen,
352 2820 447 2847 dicens
460 2829 466 2846 :
486 2819 620 2854 Eloquere
639 2818 704 2845 mihi
716 2817 839 2850 verbum,
854 2823 908 2851 quo
923 2816 1004 2842 modo

215 2871 394 2894 assecuturus
409 2866 602 2898 simsalutem.
618 2864 708 2892 Senex
725 2871 790 2891 vero
804 2863 828 2890 ei
846 2862 1003 2897 respondit:

215 2912 302 2947 Quam
320 2913 422 2949 quaer-is
435 2920 504 2948 rem,
521 2920 595 2940 nunc
609 2912 723 2940 recessit
734 2918 748 2938 a
761 2909 914 2938 monachis.

1055 2308 1177 2342 ἀδελφῶν
1193 2308 1236 2335 διὰ
1255 2309 1303 2343 τῆς
1321 2307 1471 2342 Αἰγύπτου,
1486 2308 1587 2343 ἤκουσε
1605 2308 1710 2334 παιδίου
1722 2309 1851 2342 λέγοντος

1055 2356 1088 2390 τῇ
1100 2354 1183 2390 μητρὶ
1196 2354 1277 2380 αὑτοῦ
1288 2362 1294 2368 ⁸
1316 2354 1420 2390 Ἀμμᾶ,
1435 2353 1561 2385 πλούσιός
1575 2362 1617 2385 τις
1631 2354 1725 2390 ἀγαπᾷ
1740 2363 1784 2389 με,
1801 2356 1849 2381 καὶ

1057 2401 1128 2436 μισῶ
1137 2401 1217 2428 αὐτόν
1227 2411 1233 2417 ·
1244 2402 1291 2429 καὶ
1308 2402 1415 2437 πτωχδς
1427 2403 1502 2437 μισεῖ
1517 2410 1561 2436 με,
1574 2402 1621 2428 καὶ
1637 2401 1737 2436 ἀγαπῶ
1753 2402 1847 2429 αὐτόν.

1055 2448 1110 2474 Καὶ
1124 2447 1243 2479 ἀκούσας
1257 2448 1272 2473 ὁ
1286 2447 1373 2479 ἁὸῦᾶς
1393 2447 1543 2483 Μακάριος,
1560 2447 1709 2482 ἐθαύμασε.
1735 2448 1789 2474 Καὶ
1802 2448 1848 2474 λέ-

1055 2503 1149 2528 γουσιν
1163 2493 1238 2529 αὐτῷ
1252 2496 1276 2520 οἱ
1289 2494 1397 2529 ἀδελφοί
1407 2503 1414 2510 '
1431 2494 1463 2521 Τί
1478 2495 1536 2520 ἐστι
1551 2494 1580 2520 τὸ
1593 2494 1669 2530 ῥῆμα
1684 2494 1774 2526 τοῦτο,
1788 2495 1848 2521 Πά-

1054 2549 1113 2575 τερ,
1141 2541 1182 2567 ὃτι
1203 2540 1377 2576 ἑθαύμασας;
1407 2541 1461 2567 Καὶ
1487 2540 1561 2574 λέγει
1587 2541 1678 2572 αὐτοῖς
1700 2541 1714 2567 6
1737 2541 1847 2576 γέρων·

1061 2586 1181 2622 Ἀληθῶς
1204 2587 1218 2612 6
1239 2586 1340 2622 Κύριος
1360 2587 1438 2622 ἡμῶν
1459 2586 1585 2617 πλούσιός
1607 2587 1665 2613 ἐστι
1684 2586 1731 2613 καὶ
1750 2587 1848 2622 ἁγαπᾷ

1055 2633 1138 2668 ἡμᾶς,
1158 2633 1204 2659 καὶ
1220 2633 1250 2658 οὐ
1274 2633 1386 2668 θέλομεν
1407 2633 1489 2659 αὑτοῦ
1511 2632 1640 2660 ἀκοῦσαι·
1664 2633 1678 2659 6
1701 2632 1729 2658 δὲ
1749 2632 1847 2667 ὲχθρδς

1055 2679 1133 2714 ἡμῶν
1142 2678 1265 2710 διάϐολος
1278 2679 1386 2714 πτωχός
1399 2680 1456 2705 ἔστι
1469 2679 1516 2705 καὶ
1530 2680 1604 2714 μισεῖ
1614 2679 1698 2714 ἡμᾶς.
1714 2679 1761 2705 καὶ
1777 2680 1833 2713 ἀγα
1844 2695 1849 2699 -

1057 2724 1151 2759 πῶμεν
1162 2724 1244 2751 αὑτοῦ
1259 2724 1308 2760 τὴν
1319 2723 1500 2759 ἀκαθαρσίαν.

1091 2773 1138 2797 κε’.
1159 2770 1349 2806 Παρεκάλεσεν
1361 2771 1375 2796 6
1388 2770 1475 2802 ἀϐὂᾶς
1490 2770 1594 2805 Ποιμὴν
1606 2770 1686 2797 αὐτὸν
1701 2770 1770 2805 μετᾶ
1785 2769 1853 2796 πολ-

1055 2817 1108 2844 λῶν
1130 2817 1266 2852 δακρύων,
1290 2817 1394 2851 λέγων·
1418 2817 1485 2843 Εἰπέ
1511 2826 1556 2852 μοι
1578 2817 1654 2852 ῥῆμα
1672 2816 1730 2848 πῶς
1755 2816 1848 2843 σωθῶ.

1062 2861 1234 2896 »Αποκριθεὶς
1251 2861 1279 2887 δὲ
1295 2862 1309 2887 6
1329 2862 1417 2898 γέρων
1437 2859 1515 2888 εἶπεν
1535 2861 1625 2896 αὐτῷ·
1645 2861 1681 2888 Τὸ
1700 2862 1818 2897 πρᾶγμα
1832 2860 1853 2888 δ

1056 2909 1156 2944 ζητεῖς,
1175 2908 1278 2943 ἀπῆλθε
1294 2909 1340 2936 νῦν
1358 2909 1410 2936 ἀπὸ
1426 2909 1479 2935 τῶν
1496 2907 1630 2945 μοναχῶν.
