1970 3074
123 119 175 146 επ

692 120 1003 150 APOPHTHEGMATA
1023 121 1178 149 PATRUM.

1706 129 1759 158 274

157 179 214 204 κῃ.
238 174 382 211 Παρέόαλέ
404 184 469 203 ποτε
490 177 504 202 6
523 177 610 209 ἀϐἲὶᾶς
625 178 769 214 Μακάριος
785 180 824 215 τῷ
846 179 917 216 ἁὸϐᾷ

1005 180 1052 207 26.
1072 180 1229 216 Aliquando
1238 181 1364 209 abbatem
1376 183 1524 210 Antonium
1534 186 1663 213 convenit
1674 187 1760 216 abbas

128 220 264 255 Ἀντωνίῳ
277 229 283 236 ·
304 222 351 248 καὶ
366 221 487 257 λαλήσας
505 223 590 259 αὐτῷ,
609 224 778 260 ὑπέστρεψεν
790 227 830 257 εἰς
844 226 916 261 Σκῆ-

120 273 174 292 τιν.
190 266 245 293 Καὶ
259 264 341 302 ἦλθον
353 269 378 294 οἱ
394 269 515 304 Πατὲρες
526 270 565 302 εἰς
581 270 735 306 ἀπάντησιν
750 271 842 299 αὐτοῦ.
861 272 916 298 Καὶ

121 312 160 343 ὡς
175 312 296 345 ἐλάλουν,
318 311 394 340 εἶπεν
411 316 504 347 αὐτοῖς
518 316 533 341 6
554 316 657 351 γέρων·
675 317 767 353 ΔἜφην
786 318 825 353 τῷ
845 319 917 354 ἁὸὁᾷ

129 359 282 395 Ἀντωνίῳ,
302 361 340 392 ὡς
359 362 409 388 οὐκ
426 361 525 398 ἔχομεν
551 365 710 400 προσφορὰν
732 366 762 392 ὲν
782 366 821 401 τῷ
841 366 917 402 τόπῳ

122 404 212 439 ἡμῶν.
236 406 291 432 Καὶ
309 404 426 442 ἤρξαντο
444 409 469 434 oi
490 408 611 445 Πατέρες
626 409 716 436 λαλεῖν
736 410 800 445 περὶ
819 410 917 443 ἄλλων,

122 452 171 478 καὶ
192 452 243 478 οὐκ
258 452 404 489 ἠρώτησαν
425 453 465 480 ἔτι
487 455 584 490 μαθεῖν
604 455 654 491 τὴν
674 456 821 493 ἀπόκρισιν
842 457 919 493 παρὰ

123 496 171 523 τοῦ
186 497 324 532 γέροντος,
341 498 404 526 οὔτε
423 501 437 526 6
455 500 544 536 γέρων
562 502 655 534 αὐτοῖς
673 501 745 530 εἷπε.
766 504 852 530 Τοῦτο
872 503 918 531 οὖν

124 540 201 576 ἔλεγέ
219 551 261 574 τις
275 543 328 570 τῶν
348 545 488 581 Πατέρων,
506 546 547 573 ὅτι
566 547 614 573 ὲὰν
639 548 730 574 ἴδωσιν
750 549 775 575 οἱ
797 549 919 585 Πατέρες

123 587 164 614 ὅτι
192 588 319 616 λανθάνει
340 592 404 622 τοὺς
427 591 560 627 ἀδελφοὺς
583 593 623 629 τῷ
644 594 666 609 ¹⁸¹
692 595 831 630 ἐρωτῆσαι
855 596 919 631 περὶ

123 634 287 670 πράγματος
295 635 464 670 ὠφελοῦντος
477 639 585 672 αὐτοὺς,
595 639 796 674 ἀναγκάζουσιν
807 642 920 674 ἑαυτοὺς

123 681 212 707 εἰπεῖν
223 681 311 717 ἀρχὴν
321 682 369 709 τοῦ
384 683 463 718 λόγου
476 693 483 699 ·
496 685 546 711 ἐὰν
559 685 588 711 δὲ
605 685 642 721 μὴ
657 686 854 721 ἀναγκασθῶσι
870 697 920 714 πα-

126 726 161 763 ρὰ
175 727 229 753 τῶν
245 728 379 763 ἀδελφῶν,
400 730 451 758 οὐκ
466 729 506 757 ἔτι
527 731 638 758 λαλοῦσι
654 732 700 759 τὸν
713 732 790 767 λόγον
800 742 806 749 ·
824 734 867 761 ἵνα
882 734 919 770 μὴ

124 773 274 808 εὑρεθῶσιν
288 774 327 806 ὡς
345 775 382 811 μὴ
405 776 616 812 ἐπερωτώμενοι
633 778 679 805 καὶ
699 778 852 811 λαλοῦντες,
873 780 920 806 καὶ

123 819 163 850 ὠς
177 820 325 855 ἀργολογία
340 822 510 858 εὑρίσκηται.

969 225 1118 258 Macarius,
1134 227 1282 263 habitoque
1305 227 1339 254 ad
1359 236 1422 255 eum
1439 237 1575 263 sermone.
1592 231 1693 259 Scetim
1715 242 1759 261 re-

968 281 1065 301 versus
1077 278 1129 302 est.
1147 273 1262 302 Obviam
1286 274 1310 301 ei
1337 281 1532 310 processerunt
1545 276 1651 306 Patres.
1671 279 1703 306 Et
1731 280 1760 307 in

969 319 1107 354 colloquio
1118 320 1156 346 ait
1172 320 1226 347 illis
1245 327 1345 348 senex:
1360 321 1457 348 Abbati
1468 321 1589 349 Antonio
1600 324 1667 356 dixi,
1685 326 1760 360 quod

969 363 996 391 in
1014 365 1075 393 loco
1091 371 1188 393 nostro
1204 374 1349 394 careamus
1363 366 1514 395 oblatione.
1538 368 1688 404 Cceperunt
1706 370 1759 398 Pa-

969 415 1025 438 tres
1040 411 1176 440 disserere
1190 412 1249 440 aliis
1263 413 1297 440 de
1313 413 1404 446 rebus,
1437 421 1487 441 nec
1506 414 1693 449 requisierunt
1719 424 1762 444 re-

969 465 1104 492 sponsum
1120 459 1228 487 discere
1240 467 1254 485 a
1270 467 1346 491 sene,
1365 468 1416 487 nec
1431 468 1514 487 senex
1536 461 1577 489 eis
1601 463 1762 496 prolocutus

969 508 1021 532 est.
1035 504 1090 532 Hoc
1106 512 1173 540 ergo
1196 506 1392 540 pronuntiabat
1418 506 1528 533 Patrum
1544 507 1655 542 quidam
1673 509 1762 536 :Cum

969 550 1091 578 viderint
1102 550 1210 583 Patres,
1227 559 1242 578 e
1258 551 1373 579 fratrum
1387 553 1519 580 memoria
1539 553 1666 581 excidere
1681 559 1712 582 ut
1724 555 1764 582 in-

969 599 1110 631 terrogent
1125 596 1159 624 de
1179 605 1208 624 re
1235 597 1268 625 iis
1292 598 1363 630 utili,
1390 599 1582 626 necessitatem
1603 599 1657 627 sibi
1675 600 1762 636 impo-

970 645 1041 668 nunt
1057 641 1224 677 principium
1249 643 1384 670 orationis
1409 643 1585 678 proferendi:
1603 645 1677 679 quod
1699 645 1723 673 si
1746 653 1762 673 a

971 688 1104 716 fratribus
1120 697 1174 716 non
1191 689 1347 725 adigantur,
1363 697 1418 717 non
1436 695 1641 726 persequuntur
1657 699 1764 720 sermo-

971 741 1045 766 nem,
1062 739 1091 762 ut
1114 743 1150 762 ne
1169 735 1409 770 deprehendantur
1431 737 1516 764 loculi
1534 745 1623 772 neque
1643 738 1763 766 interro-

971 781 1036 816 gati,
1053 781 1234 816 videaturque
1246 789 1309 810 esse
1324 783 1414 810 otiosa
1436 783 1555 819 loquela.

161 865 211 897 κζ’.
226 866 381 903 Ἡρώτησεν
394 869 408 894 6
423 869 510 902 άόὄᾶς
529 871 643 903 Ἡσαΐας
655 872 701 899 τὸν
715 873 802 899 άϐὄᾶν
817 872 917 900 Μακά-

1004 872 1049 900 27.
1068 872 1147 900 Hunc
1160 873 1188 901 in
1206 875 1317 902 modum
1333 880 1510 910 percontatus
1528 881 1570 905 est
1581 877 1666 905 abbas
1679 876 1764 905 Isaias

125 919 194 947 ριον,
211 912 298 947 λέγων
310 923 316 929 ·
337 914 406 942 Εἰπέ
427 925 472 951 μοι
489 916 575 952 ῥῆμα.
591 918 647 945 Καὶ
661 918 735 953 λέγει
749 918 824 954 αὐτῷ
838 920 852 946 6
869 919 918 953 γέ-

126 967 197 994 ρων
218 959 304 994 Φεῦγε
325 961 389 993 τοὺς
412 962 581 998 ἀνθρώπους.
605 964 687 998 Λέγει
710 965 783 1000 αὐτῷ
803 966 817 991 ὁ
833 965 919 997 ὰϐὂᾶς

130 1005 262 1037 Ἡσαΐας·
281 1007 313 1032 Τί
329 1007 387 1035 ἐστι
402 1007 433 1034 τὸ
446 1009 558 1043 φεύγειν
575 1010 638 1042 τοὺς
650 1010 828 1046 ἀνθρώπους;
851 1012 879 1038 '0
891 1012 919 1038 δὲ

124 1051 216 1087 γέρων
239 1051 315 1080 εἶπεν
331 1054 419 1090 αὐτῷ·
439 1055 476 1082 Τὺ
493 1057 604 1085 καθίσαι
626 1059 666 1090 εἰς
684 1058 715 1084 τὸ
732 1058 837 1085 κελλίον
854 1068 900 1086 σου
911 1080 918 1092 ,

125 1098 172 1124 καὶ
190 1098 306 1126 κλαῦσαι
320 1101 369 1132 τὰς
384 1093 522 1138 ἁμαρτίας
541 1111 598 1131 σου.

162 1148 216 1180 κη’.
244 1146 357 1185 Ἔλεγεν
374 1149 388 1174 6
403 1149 491 1180 ἀδεεῖς
513 1150 682 1184 Παφνούτιος
700 1152 713 1177 6
731 1151 854 1188 μαθητὴς
872 1152 920 1178 τοῦ

124 1192 200 1219 άῦὅᾶ
215 1194 369 1230 Μακαρίου,
388 1196 429 1222 ὅτι
453 1196 632 1233 Παρεκάλεσα
656 1198 702 1224 τὸν
720 1199 832 1234 Πατέρα
849 1208 900 1235 μου
912 1219 919 1231 ,

125 1239 214 1274 λέγων
224 1249 230 1255 ·
246 1241 313 1268 Εἰπέ
331 1251 375 1276 μοι
390 1242 479 1277 λόγον.
503 1244 531 1270 '0
542 1244 570 1270 δὲ
584 1244 636 1279 ἔφη
647 1253 654 1260 ·
669 1245 715 1280 Μὴ
731 1247 921 1282 κακοποιήσῃς

125 1286 188 1312 τινὰ
199 1306 205 1318 ,
222 1287 289 1322 μηδὲ
303 1288 471 1325 κατακρίνῃς
483 1289 554 1316 τινά.
567 1289 659 1316 Ταῦτα
675 1290 763 1325 τήρει,
775 1291 823 1317 καὶ
835 1290 918 1327 σώζῃ.

163 1330 216 1357 κθ¹.
235 1330 318 1359 Εἶπεν
338 1334 352 1359 6
371 1333 459 1365 άὸϐᾶς
480 1335 639 1371 Μακάριος·
659 1336 705 1372 Μὴ
726 1336 862 1372 κοιμηθῇς
882 1338 922 1369 εἰς

128 1376 233 1404 κελλίον
249 1378 366 1412 ἀδελφοῦ
379 1379 487 1414 ἔχοντος
502 1381 591 1417 κακὴν
604 1382 640 1417 φή
645 1391 706 1417 μην.

164 1423 196 1449 λ’.
215 1424 372 1460 Παρέὸαλω
386 1435 451 1452 ποτε
468 1427 507 1462 τῷ
519 1427 590 1463 ἀϐΰᾷ
609 1428 746 1464 Μακαρέῳ
762 1428 871 1463 ἀδελφοὶ
883 1429 922 1461 εἰς

128 1470 240 1505 Σκῆτιν,
253 1471 300 1498 καὶ
315 1473 364 1507 οὺχ
384 1469 464 1508 εὖρον
477 1474 507 1500 ἐν
523 1473 563 1509 τῷ
576 1474 674 1508 κελλιῳ
689 1474 772 1501 αὑτοῦ
795 1475 881 1507 οὐδὲν,
898 1476 923 1502 εἰ

130 1517 168 1552 μὴ
182 1517 254 1553 ὕδωρ
272 1519 385 1554 σαπρὸν.
403 1520 458 1547 Καὶ
473 1520 598 1555 λέγουσιν
619 1521 693 1556 αὐτῷ
704 1530 710 1537 ’
734 1521 828 1554 Ἀδδεί,
845 1522 924 1559 δεῦρο

129 1564 188 1591 ἂνω
199 1565 239 1596 εἰς
251 1564 301 1600 τὴν
314 1565 422 1602 κώμην,
438 1566 486 1593 καὶ
496 1567 673 1603 ἀναπαύομέν
686 1577 726 1595 σε.
737 1569 819 1602 Λέγει
832 1569 925 1601 αὐτοῖς

129 1612 144 1638 6
157 1611 260 1647 γέρων·
279 1611 386 1643 Οἴδατε,
408 1613 526 1647 ἀδελφοὶ,
540 1613 570 1640 τὸ
584 1614 763 1649 ἀρτοκοπεῖον
778 1615 825 1642 τοῦ
839 1615 925 1648 δεῖνος

129 1656 171 1687 εἰς
181 1656 231 1691 τὴν
244 1655 358 1693 κώμην;
379 1658 433 1685 Καὶ
454 1658 580 1693 λέγουσιν
597 1659 688 1695 αὐτῷ·
700 1661 764 1687 Ναί.
783 1660 854 1697 Ἐῳη
875 1662 925 1688 αὑ-

129 1703 188 1733 τοῖς
200 1703 214 1728 6
225 1702 316 1738 γέρων
326 1712 332 1719 ·
353 1704 439 1738 Κάγὼ
452 1703 511 1732 οἶδα
524 1706 600 1732 αὑτό.
615 1706 711 1734 Οἴδατε
727 1708 775 1734 καὶ
784 1708 815 1734 τὸ
825 1708 925 1744 χωρίον

129 1747 178 1774 τοῦ
195 1749 281 1780 δεῖνος
297 1750 364 1776 ὅπου
379 1752 393 1777 6
409 1752 532 1786 ποταμὸς
547 1752 657 1788 κρούεις
674 1753 808 1788 Λέγουσιν
830 1754 906 1790 αὐτῷ
917 1764 923 1771 ·

130 1792 195 1819 Ναί.
216 1793 296 1828 Λέγει
318 1795 409 1827 αὐτοῖς
422 1797 436 1822 6
452 1797 550 1832 γέρων·
577 1797 662 1831 Κάγὼ
684 1796 742 1824 οἶδα
769 1799 844 1826 αὑτό.
862 1799 925 1826 Ὅτε

131 1836 178 1865 οὖν
197 1838 282 1873 θέλω,
297 1840 328 1866 οὐ
344 1840 439 1876 χρείαν
460 1842 536 1877 ὑμῶν
558 1842 631 1878 ἔχω,
653 1843 710 1870 ἀλλ’
733 1844 844 1880 ἐμαυτῴ
864 1845 926 1872 ἀνα-

131 1883 209 1915 ϐἀζω
222 1885 256 1911 ”¹.

167 1929 216 1958 λα’.
236 1930 348 1965 Ἔλεγον
363 1932 427 1968 περὶ
440 1932 487 1959 τοῦ
503 1933 575 1961 ἀδεᾶ
587 1935 741 1970 Μακαρίου,
755 1935 796 1962 ὅτι
807 1937 831 1963 εἰ
842 1944 927 1972 προσ-

131 1979 233 2011 ηρχετο
247 1977 321 2013 αὑτῷ
337 1978 460 2014 ἀδελφὸς,
482 1980 520 2011 ὡς
537 1980 607 2016 ἁγίῳ
624 1981 734 2016 γέροντι
757 1981 803 2008 καὶ
817 1982 927 2017 μεγάλῳ

134 2022 205 2057 μετὰ
220 2022 398 2057 φόϐου,οὐδὲν
407 2025 494 2052 ἐλάλει
506 2025 593 2061 αὐτῷ·
605 2026 636 2052 Εἰ
649 2026 676 2052 δὲ
691 2025 782 2060 ἔλεγεν
796 2027 871 2062 αὐτῷ
887 2037 927 2059 τις

132 2068 187 2095 τῶν
200 2069 323 2103 ἀδελφῶν
339 2070 377 2101 ὠς
391 2070 536 2103 ὲξουθενῶν
557 2071 636 2098 αὐτόν
647 2081 653 2087 ·
680 2071 775 2102 ’Λ66ἄ,
792 2069 846 2107 ἄρα
863 2073 927 2099 ὅταν

132 2112 167 2150 ἧς
179 2115 334 2151 καμηλίτης
351 2117 398 2143 καὶ
412 2116 543 2149 ἔκλεπτες
554 2118 644 2154 νίτρον
655 2117 702 2144 καὶ
718 2117 834 2150 ἐπώλεις
850 2119 926 2152 αὐτὸ,

132 2163 184 2188 οὐκ
206 2162 298 2198 ἔδερόν
322 2172 352 2189 σε
371 2165 395 2190 οἱ
414 2164 533 2200 τηρηταί
556 2164 639 2197 ⁸³;Εἰ
664 2163 751 2191 ταῦτά
772 2173 814 2196 τις
835 2164 927 2199 ἔλεγεν

133 2209 219 2245 αὐτῷ,
234 2209 323 2237 ἐλάλει
334 2210 408 2246 αὐτῷ
422 2211 490 2246 μετὰ
504 2211 602 2246 χαρᾶς,
622 2210 682 2238 εἴτι
696 2210 776 2238 αὑτὸν
789 2211 892 2247 ἠρώτα.

168 2302 220 2330 λ6¹.
242 2302 356 2336 Ἔλεγον
367 2302 432 2338 περὶ
444 2301 490 2329 τοῦ
502 2301 575 2328 άεὸᾱ
584 2302 729 2338 Μακαρίαν
739 2302 785 2329 τοῦ
797 2303 926 2338 μεγάλου,

132 2348 176 2376 ὃτι
188 2348 285 2383 γέγονε
303 2348 394 2380 καθώς
420 2349 478 2375 ἐστι
497 2348 690 2384 γεγραμμένον
707 2348 768 2380 θεὸς
789 2349 926 2383 ἐπίγειος,

133 2397 174 2422 ὅτι
186 2395 282 2431 ὥσπερ
293 2395 368 2421 ἐστὶν
382 2397 396 2422 ὁ
411 2395 477 2426 Θεὸς
489 2395 635 2428 σκεπάζων
645 2395 692 2421 τὸν
707 2395 809 2430 κόσμον
819 2413 827 2426 ,
839 2394 927 2427 οὕτως

133 2442 248 2476 γέγονεν
270 2441 284 2467 6
307 2440 395 2475 ἀϐϐᾷς
419 2441 561 2475 Μακάριος
588 2439 734 2472 σκεπάζων
756 2440 792 2467 τὰ
810 2440 928 2468 ἐλαττώ-

135 2497 221 2524 ματα,
235 2487 253 2515 ἃ
263 2487 376 2514 ἔϐλεπεν
392 2487 429 2519 ὠς
447 2487 483 2523 μὴ
495 2480 612 2522 exemi,
629 2487 677 2515 καὶ
692 2486 712 2513 ἃ
726 2487 824 2521 ἤκουεν
835 2487 872 2519 ὡς
891 2486 929 2522 μὴ

134 2535 254 2563 ἀκούων.

170 2582 223 2616 λγ’.
251 2583 407 2618 Διηγήσατο
435 2582 449 2608 6
474 2581 562 2614 ἀῦϐᾶς
583 2581 718 2617 Βιτίμιος,
740 2582 782 2608 ὅτι
801 2581 893 2615 ἔλεγεν
915 2583 930 2607 6

135 2629 227 2661 ἀᾶῧᾱς
239 2629 399 2665 Μακάριος”
419 2629 583 2664 Καθημένου
606 2627 655 2664 μού
674 2636 738 2655 ποτε
755 2628 796 2659 εἰς
815 2627 933 2663 Σκῆτινι

135 2675 292 2708 κατέϐησαν
309 2675 357 2702 δύο
372 2674 500 2711 νεώτεροι
518 2675 620 2709 ξενικοὶ
640 2675 712 2702 ὲκεῖ’
728 2675 775 2702 καὶ
791 2675 805 2700 6
821 2674 870 2710 μὲν
887 2672 927 2706 εἷς

171 2759 193 2776 ⁸¹
208 2759 253 2786 ΔΙ.
268 2759 310 2786 τό.
350 2758 372 2774 δ’
385 2757 438 2785 Pro
453 2757 620 2790 ἀναϐιϐάζω.
659 2756 682 2772 ⁸³
695 2756 739 2785 Al.
756 2756 859 2794 κριταί.

172 2839 212 2875 (5)
238 2839 291 2866 Vit.
312 2838 451 2875 Pothini,
567 2872 616 2875 _A_
657 2871 671 2875 _
739 2872 745 2875 μ
811 2841 817 2850 “

173 2840 201 2875 (5
238 2840 291 2866 Vit.
312 2840 390 2865 Patr.
403 2847 451 2869 xu,
466 2840 493 2865 Ξ.
811 2841 817 2850 ‘

173 2840 212 2912 (ti;
230 2874 350 2910 Append.
367 2882 394 2910 p.
411 2874 491 2908 1006,
517 2881 544 2903 n.
565 2872 634 2907 l07;
652 2871 796 2900 Constitul.
817 2869 929 2907 oportet.

971 917 1098 946 abbatem
1122 919 1289 948 Macarium:
1318 921 1415 949 Profer
1439 923 1507 950 mihi
1536 924 1711 951 sententiam.
1731 923 1764 951 Et

971 963 1041 991 dixit
1049 965 1074 992 ei
1088 973 1171 994 senex
1183 976 1189 993 :
1205 966 1336 995 Homines
1349 968 1421 1004 fuge.
1434 968 1544 997 Rursus
1561 969 1647 997 abbas
1659 968 1762 997 Isaias:

972 1011 1043 1045 Quid
1063 1017 1106 1040 est
1121 1013 1215 1049 fugere
1241 1015 1388 1044 homines?
1407 1015 1495 1044 Senex
1512 1024 1577 1044 vero
1595 1017 1717 1044 :Sederc
1735 1017 1764 1044 in

971 1057 1040 1085 cella
1058 1062 1115 1092 tua,
1129 1064 1156 1087 et
1169 1060 1270 1088 deﬂere
1283 1065 1328 1087 tua
1344 1065 1468 1096 peccata.

1008 1148 1114 1176 28.Hoe
1124 1148 1260 1176 referebat
1269 1149 1354 1177 abbas
1363 1148 1544 1184 Paphnutius,
1553 1148 1707 1184 discipulus
1716 1150 1765 1177 ab—

973 1195 1045 1223 batis
1060 1194 1180 1222 Macarii:
1195 1194 1413 1231 RogaviPatrem
1421 1203 1523 1228 meum,
1541 1199 1572 1222 ut
1585 1195 1687 1230 aliquid
1698 1195 1765 1222 mihi

974 1242 1085 1269 diceret.
1114 1241 1188 1269 [llius
1205 1247 1296 1270 autem
1309 1243 1395 1269 oratio
1410 1241 1477 1270 fuit:
1494 1241 1635 1271 Neminem
1651 1242 1764 1276 lmseris,

974 1288 1110 1316 nemiuem
1122 1288 1355 1316 condemnaveris.
1365 1287 1428 1316 Haec
1435 1289 1559 1320 observa,
1568 1294 1594 1316 et
1603 1289 1696 1316 salvus
1706 1288 1764 1318 ﬁes.

1008 1333 1054 1361 ‘29.
1069 1333 1144 1360 Dixit
1161 1334 1246 1361 abbas
1262 1333 1415 1361 Macarius:
1435 1332 1496 1360 Noli
1507 1333 1628 1361 dormire
1645 1334 1673 1360 in
1696 1333 1766 1361 cella

975 1379 1068 1407 fratris
1079 1380 1125 1415 qui
1141 1380 1239 1407 malam
1257 1379 1357 1407 famam
1374 1380 1464 1407 habet.

1009 1426 1055 1454 50.
1072 1426 1258 1454 Accesserunt
1283 1426 1431 1462 aliquando
1452 1425 1552 1453 fratres
1578 1425 1612 1453 ad
1641 1425 1766 1452 abbatem

977 1472 1126 1500 Macarium
1145 1472 1217 1501 Secti
1243 1477 1379 1508 agentem,
1408 1479 1458 1500 nec
1475 1471 1626 1506 quidquam
1653 1472 1767 1499 invene-

977 1521 1042 1545 runt
1057 1518 1086 1545 in
1100 1519 1170 1545 cella
1178 1518 1249 1552 ejus,
1265 1518 1318 1546 nisi
1332 1525 1431 1553 aquam
1443 1517 1590 1552 putridam.
1608 1516 1708 1544 Dicunt
1723 1518 1766 1544 ei:

978 1564 1064 1596 Abba,
1084 1565 1203 1592 ascende
1226 1566 1253 1591 iu
1278 1571 1389 1600 pagum,
1410 1563 1565 1591 reliciemus
1588 1567 1624 1591 te.
1654 1562 1768 1599 Excepit

977 1618 1076 1638 senex:
1092 1610 1197 1642 Nostis,
1222 1611 1332 1644 fratres,
1359 1610 1434 1638 illius
1451 1610 1514 1637 talis
1530 1609 1650 1638 hominis
1674 1610 1769 1646 pistri-

977 1665 1043 1684 uum
1061 1657 1087 1684 in
1107 1658 1198 1692 pago?
1223 1656 1418 1692 Respondent:
1446 1655 1547 1683 Etiam.
1569 1655 1639 1683 Tum
1665 1663 1766 1684 senex:

979 1703 1034 1738 Ego
1049 1711 1159 1739 quoque
1188 1704 1262 1730 novi.
1282 1703 1366 1730 Scitis
1394 1706 1421 1730 et
1448 1701 1581 1738 praadium
1608 1701 1694 1734 illius,
1722 1701 1769 1728 ubi

978 1748 1078 1776 ﬂuvius
1091 1749 1171 1776 salit?
1185 1749 1287 1776 Aiunt:
1306 1748 1426 1776 Scimus.
1443 1747 1499 1783 Ego
1510 1754 1620 1783 quoque
1642 1747 1711 1780 scio,
1726 1746 1770 1774 in-

978 1797 1036 1831 quit
1064 1801 1158 1824 senex.
1179 1795 1294 1828 Quando
1311 1795 1392 1830 igitur
1406 1795 1505 1830 placet,
1527 1794 1613 1821 vestri
1630 1801 1700 1829 opus
1713 1801 1769 1821 non

980 1842 1076 1873 habeo,
1089 1842 1136 1868 sed
1158 1841 1223 1868 mihi
1237 1845 1361 1876 apporto.

1013 1933 1058 1960 51.
1078 1932 1116 1968 (ὃ)
1131 1932 1248 1960 Aiebaut
1270 1932 1304 1959 de
1326 1932 1425 1960 abbate
1438 1931 1570 1965 Macario,
1591 1931 1664 1967 quod
1690 1932 1713 1959 si
1736 1931 1769 1958 ad

978 1987 1041 2006 eum
1066 1979 1211 2006 accederet
1240 1979 1335 2012 frater,
1362 1977 1426 2005 cum
1448 1979 1557 2012 timore,
1582 1982 1715 2013 tanquam
1736 1978 1771 2004 ad

979 2029 1104 2052 sanctum
1126 2027 1153 2051 et
1170 2031 1298 2059 magnum
1326 2031 1431 2056 senem,
1451 2024 1520 2052 nihil
1547 2025 1572 2052 ei
1596 2024 1769 2059 loquebatur.

980 2070 1007 2097 Si
1025 2077 1090 2097 vero
1111 2069 1227 2096 fratrum
1254 2069 1390 2105 quispiam
1419 2073 1547 2105 tanquam
1565 2070 1642 2097 nihili
1665 2069 1771 2097 faciens

978 2117 1002 2143 ei
1027 2116 1146 2143 diceret:
1165 2115 1251 2148 Abba,
1278 2115 1390 2150 quando
1409 2123 1471 2142 eras
1487 2115 1663 2147 camelarius,
1684 2121 1710 2143 et
1728 2115 1770 2142 ni—

980 2168 1052 2190 trum
1070 2163 1218 2194 furabaris,
1233 2170 1265 2189 ac
1276 2162 1424 2194 vendebas,
1442 2170 1531 2189 nonne
1543 2162 1728 2189 verberabant
1745 2165 1771 2190 te

979 2209 1128 2237 custodes?
1143 2208 1171 2235 Si
1196 2209 1234 2235 ita
1254 2208 1316 2243 quis
1341 2212 1413 2236 esset
1437 2209 1608 2243 prolocutus,
1626 2207 1692 2237 huic
1707 2216 1770 2235 cum

982 2256 1097 2292 gaudio,
1116 2257 1138 2284 si
1150 2255 1224 2293 quid
1239 2256 1446 2290 interrogasset.
1463 2262 1627 2290 responsum
1642 2254 1735 2282 dabat.

1017 2305 1059 2333 32.
1078 2304 1116 2340 (6)
1134 2303 1172 2331 De
1199 2303 1298 2331 abbate
1324 2303 1444 2330 Macario
1470 2310 1569 2337 magno
1598 2301 1769 2332 asserebant,

981 2351 1055 2387 quod
1071 2350 1219 2382 exstiterit,
1234 2350 1307 2378 sicut
1319 2351 1452 2384 Scriptum
1470 2353 1522 2380 est,
1537 2349 1606 2377 deus
1621 2348 1770 2376 terrestris.

982 2397 1051 2431 Quia
1066 2396 1296 2432 quemadmodum
1311 2395 1382 2423 Deus
1397 2394 1528 2422 mundum
1545 2395 1623 2429 tegit,
1637 2394 1674 2421 ita
1688 2394 1772 2421 abbas

981 2442 1118 2470 Macarius
1133 2442 1231 2469 delicta
1247 2441 1409 2476 obtegebat;
1423 2448 1484 2475 qua:
1500 2439 1605 2467 viderat
1623 2439 1703 2474 quasi
1717 2446 1771 2467 non

980 2489 1104 2521 vidisset,
1119 2496 1180 2525 quae
1192 2487 1317 2516 audierat
1327 2487 1406 2522 quasi
1421 2494 1477 2514 non
1495 2486 1639 2514 audiisset.

1015 2580 1060 2607 53.
1074 2578 1113 2614 (τ)
1124 2577 1252 2606 Narratio
1269 2577 1374 2604 abbatis
1391 2575 1494 2604 Vitimii
1512 2575 1628 2608 exstitit,
1642 2574 1715 2611 quod
1735 2574 1772 2602 ita

981 2626 1105 2653 retulerit
1119 2625 1204 2653 abbas
1219 2625 1371 2653 Macarius:
1387 2623 1507 2652 Sedente
1518 2631 1561 2650 me
1573 2622 1724 2658 aliquando
1744 2622 1772 2649 in

982 2673 1067 2707 Sceti,
1088 2672 1291 2701 descenderunt
1314 2672 1380 2700 itlue
1399 2671 1454 2700 duo
1472 2670 1589 2706 juvenes
1614 2668 1772 2706 peregrini;
1824 2670 1825 2673 ‘

987 2833 1089 2866 11,26.

1021 2868 1061 2906 (7)
1082 2867 1136 2897 Vit.
1148 2868 1226 2897 Patr.
1243 2874 1284 2903 ul,
1296 2866 1325 2896 2.
