1970 3074
121 129 173 156 277

686 127 994 157 APOPHTHEGMATA
1014 127 1181 164 jPATRUM.

1695 127 1748 155 278

119 185 209 221 ρανόν.
223 185 278 212 Καὶ
295 185 434 220 ἐθεώρουν»
442 185 555 217 αὐτούς’
572 185 648 212 αὐτοὶ
666 185 693 212 δὲ
709 187 759 212 οὐκ
774 185 908 220 ἐθεώρουν

970 192 1001 215 κδ,
1018 183 1176 219 expandunt
1188 190 1285 210 manus
1299 183 1327 210 in
1342 183 1454 210 coelum.
1469 183 1556 210 Porro
1572 190 1623 218 ego
1649 191 1749 212 cerne-

121 240 154 266 με
165 240 172 246 ·
188 231 235 257 καὶ
246 229 315 258 εἶδον
328 231 392 262 τοὺς
401 230 532 266 δαίμονας
543 232 707 267 ἐρχομένους
716 231 810 267 ὥσπερ
825 231 908 266 μυίας

119 278 164 303 ἐπὶ
179 277 224 303 τὸν
241 277 416 312 μικρότερον·
433 277 480 303 καὶ
493 278 516 303 οἱ
536 278 586 312 μεν
600 278 716 313 ἤρχοντο
730 277 842 304 καθίσαι
867 278 908 309 εἰς

118 323 148 349 τὸ
159 323 246 358 στόμα
259 322 353 354 αὐτοῦ,
370 323 394 349 οἱ
410 323 438 349 δὲ
450 323 489 354 εἰς
503 325 567 352 τοὺς
577 323 732 358 ὀφθαλμοὺς
745 323 838 350 αὑτοῦ.
852 323 908 350 Καὶ

117 367 187 395 εἶδον
211 368 326 402 ἄγγελον
353 368 454 403 Κυρίου
475 369 626 403 κατέχοντα
651 369 788 405 ῥομφαίαν
812 369 907 405 πυρὸς,

118 414 166 439 :ca‘t
182 412 418 448 περιχαρακοῦντα
433 413 515 439 αὐτὸν
532 413 579 439 καὶ
592 413 725 441 διώκοντα
736 415 799 445 τοὺς
815 414 910 450 δαίμο-

118 468 166 491 νας
182 459 329 485 ἀπἀὑτοῦ.
348 459 393 494 Τῷ
412 459 441 485 δὲ
458 459 606 494 μειζοτὲρῳ
624 461 673 487 οὐκ
687 460 812 487 ἐδύναντο
826 469 910 495 προσ-

118 506 239 540 εγγίσαι.
259 506 312 532 Καὶ
331 505 369 536 ὡς
396 505 461 540 περὶ
478 505 527 540 τὴν
542 505 648 540 -πρωῒαν
662 505 763 541 ἔθηκαν
779 506 908 538 ἑαυτούς·

119 552 197 586 κάγὼ
220 552 336 587 ἐποίησα
364 552 482 586 ἐμαυτὸν
508 553 549 578 ὅτι
569 552 740 588 διΰπνὶσθην,
766 553 814 579 καὶ
834 553 911 580 αὐτοὶ

117 599 260 630 ὡσαύτως.
276 597 344 625 Εἷπε
358 599 386 625 δέ
400 608 444 634 μοι
460 600 473 625 ὁ
487 599 588 634 μείζων
603 599 649 625 τὸν
661 599 739 634 λόγον
754 600 848 626 τοῦτον
865 601 912 635 μό-

119 654 164 672 νον
176 655 182 661 ·
197 645 290 677 Θέλεις
308 645 432 680 βάλωμεν
454 646 517 677 τοὺς
541 646 646 673 δώδεκα
660 646 800 682 ψαλμούς;
817 647 910 681 Λέγω·

120 691 183 718 Ναί.
202 691 256 717 Καὶ
282 691 407 725 ψάλλειὸ
433 691 599 729 μικρότερος
616 692 696 719 πέντε
719 692 843 727 ψαλμοὺς
857 692 912 719 ἀπὸ

119 737 149 770 ἓξ
170 738 270 772 στίχων
300 738 347 764 καὶ
371 737 400 764 ἓν
434 737 599 773 Ἀλληλούῖαξ
632 739 686 766 Καὶ
711 739 782 766 κατὰ
808 740 909 775 σἰίχον,

121 781 250 815 ἐξήρχετο
264 783 375 818 λαμπὰς
390 786 475 821 πυρὺς
488 787 519 813 ἐκ
537 787 583 813 τοῦ
602 789 734 823 στόματος
749 789 829 816 αὐτοῦ
839 810 847 822 ,
861 791 909 817 καὶ

120 827 261 854 ἀνέϐαινεν
274 829 314 860 εἰς
323 831 368 856 τὸν
378 831 500 866 οὐρανόν.
515 833 649 866 Ὡσαύτως
663 836 709 861 καὶ
720 836 733 862 ὁ
744 835 854 870 μείζων,
864 838 908 864 ὅτε

120 873 211 907 ἤνοιγε
223 874 252 900 τὸ
268 875 353 910 στόμα
364 877 446 904 αὐτοῦ
456 878 576 913 ψάλλων,
592 880 630 912 ὡς
643 882 758 916 σχοινίον
773 882 858 917 πυρὸς
870 882 908 918 (8)

121 919 262 955 ἐξήρχετο,
277 921 323 946 καὶ
337 919 451 954 ἔφθανεν
466 922 518 952 ἕως
534 921 581 948 τοῦ
596 922 722 957 οὐρανοῦ.
740 923 825 957 Κάγὼ
836 922 912 950 εἷπον

122 965 220 999 μικρὸν
240 965 293 991 ἀπὸ
313 965 437 1000 στήθους.
462 967 517 992 Καὶ
538 966 664 999 ἐξελθὼν,
683 967 769 1001 λέγω·
792 967 912 1000 Εὖξασθε

122 1009 186 1044 περὶ
196 1009 219 1024 ⁸⁸
231 1009 309 1044 ἐμοῦ.
327 1010 409 1036 Αὐτοὶ
423 1010 450 1036 δὲ
465 1010 560 1037 ἔϐαλον
574 1012 727 1046 μετάνοιαν,
745 1013 911 1045 σιωπῶντες,

123 1055 245 1090 Ἔμαθον
257 1054 302 1083 οὖν
315 1057 355 1083 ὅτι
370 1058 384 1083 ὁ
398 1057 500 1091 μείζων
513 1058 615 1089 τέλειός
629 1059 687 1085 ἐστι
701 1068 707 1074 ·
724 1059 762 1094 τῷ
775 1060 803 1086 δὲ
817 1069 912 1096 μικρο-

121 1101 193 1136 τέρῳ
218 1103 309 1138 ἀκμὴν
334 1103 461 1139 ἐπολέμει
480 1105 494 1130 ὀ
520 1104 628 1140 ἐχθρός.
659 1105 737 1132 Μετὰ
759 1105 787 1132 δὲ
812 1107 913 1142 μικρὰς

123 1147 231 1182 ἡμέρας
243 1167 251 1179 ,
271 1148 405 1184 ἐκοιμήθη
427 1149 442 1174 ὁ
457 1149 557 1184 μείζων
577 1150 700 1184 ἀδελφὸς,
718 1152 764 1178 καὶ
779 1153 811 1187 τῇ
832 1153 913 1190 τρίτῃ

122 1192 215 1227 ἡμέρᾳ.
233 1194 248 1219 ὁ
270 1194 440 1231 μικρότερος.
468 1196 523 1222 Καὶ
539 1197 583 1222 ὅτε
604 1197 757 1232 παρέϐαλον
771 1207 844 1231 τινες
859 1200 913 1226 τῶν

124 1239 252 1274 Πατέρων
268 1240 336 1275 πρὸς
352 1241 398 1267 τὸν
419 1241 506 1268 ἀϐδᾶν
521 1243 672 1279 Μακάρων,
695 1244 848 1280 ἐλάμϐανεν
863 1247 913 1273 αὑ·

122 1286 185 1317 τοὺς
198 1287 238 1317 εἰς
257 1286 306 1322 τὴν
328 1287 426 1314 κέλλαν
443 1289 543 1321 αὐτῶν,
564 1290 664 1324 λέγων·
681 1291 763 1318 Δεῦτε
774 1312 781 1325 ,
799 1292 867 1319 ἴδετε
883 1295 915 1319 τὸ

124 1333 275 1368 μαρτύριον
289 1333 344 1360 τῶν
361 1335 467 1371 μικρῶν
482 1335 577 1368 ξείνων.

159 1466 205 1492 λδ’.
230 1466 404 1494 Ἀπέστειλάν
418 1477 481 1495 ποτε
495 1469 562 1504 πρὸς
576 1469 620 1496 τὸν
632 1470 719 1496 ἁϐὃᾶν
731 1471 873 1507 Μακάριον
885 1473 913 1498 ἐν

123 1513 157 1546 τῇ
170 1512 272 1547 ’Σκήτει
285 1514 309 1539 οἱ
322 1514 449 1549 γέροντες
460 1515 506 1541 τοῦ
520 1516 614 1551 ὅρους,
628 1517 851 1552 παρακαλοῦντες
865 1518 914 1544 αὑ-

123 1558 186 1584 τόν·
209 1558 255 1584 καί
280 1568 346 1593 φασι
368 1560 436 1596 πρὸς
457 1561 554 1587 αὐτόν·
576 1562 636 1588 Ἵνα
661 1563 698 1598 μὴ
716 1563 801 1599 σχυλῇ
826 1565 879 1596 πᾶς
901 1566 916 1591 ὁ

124 1603 187 1635 λαὸς
199 1605 266 1639 πρὸς
281 1605 319 1636 σὲ,
336 1606 466 1641 ἀξιοῦμέν
480 1616 510 1633 σε
525 1609 728 1645 παραγενέσθαι
744 1610 813 1645 πρὸς
829 1611 913 1646 ἡμᾶς,

123 1650 198 1681 ὅπως
214 1650 374 1686 θεασώμεθα
389 1653 442 1688 πρὸ
454 1653 501 1680 τοῦ
518 1662 545 1680 σε
558 1655 712 1690 ἐκδημῆσαι
721 1656 789 1692 πρὸς
800 1656 914 1692 Κύριον.

125 1697 350 1732 Ηαραγενομένου
373 1698 401 1724 δὲ
417 1699 499 1725 αὑτοῦ
513 1701 542 1725 ἐν
556 1700 595 1735 τῷ
610 1700 678 1736 ὄρει,
695 1702 814 1738 συνήχθη
832 1704 887 1735 πᾶς
903 1704 917 1730 ὁ

123 1742 188 1774 λαὸς
209 1743 277 1778 πρὸς
290 1744 382 1771 αὐτόν.
397 1745 452 1771 Καὶ
467 1746 636 1781 παρεκάλουν
651 1747 733 1774 αὑτὸν
750 1749 774 1774 οἱ
790 1749 917 1785 γέροντες

124 1789 212 1814 εἰπεῖν
225 1789 304 1823 λόγον
316 1792 371 1822 τοῖς
386 1791 519 1826 ἀδελφοῖς.
541 1793 569 1819 '0
580 1793 608 1819 δὲ
620 1794 738 1826 ἀκούσας
750 1794 800 1830 ἔφη
811 1803 816 1810 ·
830 1796 918 1823 Κλαύ-

126 1843 229 1869 σωμεν,
246 1835 366 1870 ἁδελεροὶ,
397 1837 445 1863 καὶ
471 1839 703 1873 καταγαγέτωσαν
729 1841 753 1866 oi
781 1841 917 1878 ὀφθαλμοὶ

125 1882 204 1917 ἡμῶν
216 1883 331 1918 δάκρυα,
344 1883 397 1918 προ
407 1884 454 1910 τοῦ
470 1885 543 1919 ἡμᾶς
558 1885 695 1918 ἀπελθεῖν,
709 1887 777 1913 ὅπου
793 1888 826 1914 τὰ
838 1889 917 1924 ἡμῶν

125 1928 232 1964 δάκρυα
248 1929 416 1956 κατακαύσει
430 1930 465 1956 τὰ
479 1930 592 1966 σώματα
609 1932 698 1967 ἡμῶν.
714 1933 767 1960 Καὶ
783 1933 917 1962 ἔκλαυσαν

128 1975 232 2007 πάντες
243 1995 249 2007 ,
266 1976 312 2002 καὶ
326 1977 423 2002 ἔπεσον
440 1976 486 2003 ἐπὶ
496 1977 640 2013 πρόσωπον
651 1979 749 2012 αὐτῶν,
761 1980 808 2007 καὶ
824 1979 914 2008 εἷπον·

126 2022 228 2058 Πάτερ,
241 2021 316 2055 εὖξαι
325 2023 393 2058 ὑπὲρ
406 2023 494 2058 ἡμῶν.

160 2068 207 2094 λε’.
230 2069 341 2095 "Anne;
361 2070 454 2100 πάλιν,
471 2069 576 2104 δαίμων
591 2071 693 2107 ἐπέστη
712 2072 752 2108 τῷ
770 2074 842 2109 ἀϐϐᾷ
859 2075 918 2101 Μα-

126 2113 217 2148 καριῳ
235 2114 302 2149 μετὰ
320 2115 474 2150 μαχαιρίου,
487 2115 571 2142 θέλων
583 2116 629 2143 τὸν
639 2117 706 2144 πόδα
721 2119 804 2145 αὐτοῦ
819 2119 916 2152 κόψαι·

127 2159 175 2184 καὶ
189 2158 233 2185 διὰ
246 2159 296 2195 τὴν
310 2162 558 2198 ταπεινοφροσύνην
573 2164 655 2190 αὑτοῦ
671 2164 708 2200 μὴ
723 2165 860 2200 δυνηθεὶς,
874 2166 918 2192 λέ-

125 2213 170 2238 γει
193 2205 282 2240 αὑτῲ·
303 2207 372 2233 Ὅσα
390 2207 481 2242 ἔχετε,
506 2209 552 2235 καὶ
572 2210 653 2245 ἡμεῖς
669 2210 782 2246 ἔχομεν·
802 2211 870 2248 μόνῃ
884 2213 918 2248 τῇ
936 2223 958 2250 υ

126 2252 360 2289 ταπεινοφροσύνῃ
376 2254 518 2290 διαφέρετε
536 2255 625 2290 ἡμῶν,
641 2257 688 2283 καὶ
698 2259 836 2293 κρατεῖτε.

162 2339 216 2372 λς’.
235 2339 319 2366 Εἶπεν
341 2342 356 2368 ὁ
377 2341 464 2373 ἀῦϐἇς
483 2343 642 2378 Μακάριος·
671 2344 735 2371 Ἐὰν
755 2344 920 2381 μνησθῶμεν

125 2387 182 2413 τῶν
199 2388 252 2414 ὑπὸ
272 2387 327 2413 τῶν
351 2387 504 2423 ἀνθρώπων
524 2389 702 2424 ἐπαγομένων
723 2392 788 2426 ἡμῖν
812 2393 915 2424 κακῶν,

127 2433 294 2469 ἀναιροῦμεν
307 2433 356 2469 τὴν
370 2434 487 2469 δύναμιν
498 2435 548 2470 τῆς
562 2435 610 2462 τοῦ
627 2436 696 2462 Θεοῦ
711 2438 831 2472 μνήμης.
856 2439 918 2465 Ἐὰν

125 2480 154 2507 δὲ
182 2480 346 2516 μνησθῶμεν
368 2481 421 2508 τῶν
444 2482 539 2508 κακῶν
561 2482 618 2510 τῶν
633 2482 778 2518 δαιμόνων,
799 2485 919 2519 ἐσόμεθα

126 2527 253 2563 ἄτρωτοι.

162 2574 210 2607 λζ’.
230 2574 312 2602 Εἶπεν
321 2575 335 2601 ὁ
349 2575 436 2607 ἀϐϐᾶς
449 2575 615 2610 Παφνούτιος
627 2577 641 2602 ὁ
656 2576 778 2612 μαθητὴς
787 2576 834 2603 τοῦ
847 2577 920 2604 ἁὸὅᾶ

127 2621 282 2656 Μακερόυ,
303 2622 344 2648 ὅτι
362 2621 459 2655 ἔλεγεν
474 2623 488 2649 ὁ
505 2622 594 2658 γέρων
611 2622 662 2654 ὅτι,
682 2623 747 2649 Ὅτε
762 2623 837 2658 ἤμην
856 2632 919 2650 παι-

166 2701 188 2716 ιε
200 2701 244 2728 Al.
264 2701 348 2737 ὑπέρ.

161 2780 200 2822 (β)
215 2780 359 2822 ,Σῖχρινίοτς
376 2781 480 2822 πυρός.
500 2779 647 2822 Fuiziculrts
654 2779 845 2822 ignis‘iiu‘litro.
856 2780 923 2822 Pro-

129 2817 193 2843 inde
208 2817 241 2842 ad
256 2815 372 2843 Joannis
393 2816 545 2843 versionem
564 2817 591 2842 in
610 2816 705 2843 iisdem
727 2815 794 2842 Vitis
808 2816 921 2842 Patrum

126 2853 216 2886 fumus
234 2852 357 2886 irrepsit,
376 2859 407 2879 ex
421 2851 624 2879 abbreviatione
648 2852 724 2880 vocis
739 2851 888 2886 ίιιιιίιιιιω..

961 230 1022 257 bam
1037 238 1100 260 eos;
1116 230 1169 264 ipsi
1187 236 1241 256 non
1258 228 1388 256 videbant
1404 236 1457 256 me.
1474 229 1514 256 Ad
1542 229 1600 256 haec
1622 229 1676 257 vidi
1693 230 1746 257 ἀδελ

959 284 1054 304 mones
1072 276 1159 303 instar
1173 282 1331 303 muscarum
1346 276 1489 302 venientes
1509 282 1592 310 super
1603 276 1749 311 minorem,

960 330 1076 358 quorum
1102 322 1149 348 alii
1168 321 1335 349 accedebant
1353 325 1383 348 ut
1401 321 1528 348 sederent
1557 321 1584 348 in
1609 315 1657 349 o're
1679 321 1750 356 ejus,

960 368 1006 395 alii
1024 368 1050 394 in
1065 368 1162 395 oculis.
1180 367 1267 394 Simul
1280 367 1410 402 conspexi
1428 367 1552 402 angelum
1570 367 1678 394 Domini
1689 375 1750 395 cum

960 413 1050 448 gladio
1069 412 1141 446 ignis
1157 419 1212 447 prae
1235 412 1375 443 manibus,
1403 412 1658 439 eireumvallantem
1676 419 1751 445 eum,

961 458 1154 494 danuonesque
1180 458 1214 485 ab
1231 465 1264 485 co
1291 458 1501 493 propellentem.
1521 460 1557 485 At
1573 458 1671 493 majori
1695 467 1752 486 non

961 509 1087 540 poterant
1121 505 1351 540 appropinquare.
1386 503 1466 532 Circa
1491 506 1657 531 matutinum
1680 512 1754 532 -vero

962 556 1080 586 tempus,
1096 551 1297 578 recubuerunt:
1316 558 1365 584 ego
1388 550 1550 583 assimilavi,
1572 555 1616 578 me
1629 558 1692 578 mox
1704 559 1751 577 ex-

962 597 1161 632 pergefactum;
1192 597 1300 632 ipsique
1328 597 1464 624 similiter.
1490 595 1547 623 lloc
1570 600 1660 623 autem
1684 596 1755 624 dun-

963 647 1037 670 taxat
1052 641 1118 670 mihi
1136 643 1261 670 eloculus
1273 647 1315 671 est
1328 643 1442 669 verbum
1459 641 1566 676 major:
1587 641 1634 669 Vis
1657 643 1754 670 recite-

963 696 1024 716 mus
1054 688 1197 716 duodecim
1227 689 1364 724 psalmos?
1388 688 1502 723 Excipio
1526 697 1532 714 :
1554 687 1652 715 Etiam.
1684 687 1754 715 Tum

963 735 1055 769 psallit
1067 735 1155 762 minor
1170 735 1291 769 quinque
1317 735 1449 769 psalmos,
1466 742 1479 760 a
1500 742 1547 762 sex
1563 734 1700 766 versibus,
1727 738 1755 762 et

964 788 1047 807 unum
1075 781 1202 808 Alleluia.
1227 781 1315 816 Atque
1330 781 1364 808 ad
1389 788 1614 816 [unumquemque
1634 788 1754 813 versum.

964 826 1055 853 exibat
1077 826 1149 861 ignis
1172 827 1276 862 lampas
1292 834 1325 854 ex
1347 834 1394 854 ore
1409 827 1470 861 ejus
1487 827 1707 862 ascendebatque
1726 827 1755 854 in

965 873 1076 899 cmlum.
1091 872 1152 899 Pari
1166 872 1251 911 prodo
1268 873 1349 900 etiam
1366 864 1465 908 major,
1480 874 1595 908 quando
1615 873 1756 908 aperiebat

965 925 997 945 os
1027 918 1054 944 in
1070 918 1222 952 psallendo.
1239 923 1369 953 tanquam
1387 919 1526 946 funiculus
1539 919 1610 953 ignis
1633 919 1757 954 egredie-

965 963 1056 996 batur,
1074 968 1102 991 et
1118 964 1291 1000 pertingebat
1309 972 1396 999 usque
1417 966 1443 992 in
1461 965 1574 992 cmlum.
1596 965 1683 992 Etiam
1704 973 1756 1000 ego

967 1017 1114 1044 parumper
1140 1018 1173 1037 ex
1197 1014 1308 1045 pectore
1335 1018 1366 1038 ac
1391 1011 1520 1038 memoria
1551 1011 1673 1038 recitavi.
1691 1010 1757 1038 Post

966 1057 1040 1091 quod
1059 1056 1167 1091 exiens,
1185 1057 1241 1084 dixi
1259 1065 1266 1083 :
1287 1056 1369 1084 Orate
1390 1064 1438 1091 pro
1457 1064 1509 1084 me.
1529 1057 1582 1092 lpsi
1601 1061 1692 1084 autem
1714 1056 1757 1083 in-

967 1103 1141 1130 clinaverunt
1153 1111 1193 1135 se,
1209 1106 1342 1130 tacentes.
1359 1102 1485 1138 Comperi
1503 1111 1567 1138 ergo
1582 1103 1655 1138 quod
1669 1103 1757 1138 major

967 1148 1105 1183 perfectus
1118 1153 1200 1180 esset,
1219 1149 1353 1175 minorem
1368 1148 1458 1175 adhuc
1477 1148 1648 1184 impugnaret
1664 1148 1758 1175 inimi-

967 1203 1029 1223 cus.
1054 1195 1189 1223 Caaterum
1216 1199 1278 1231 post
1306 1202 1410 1230 paucos
1425 1195 1496 1228 dies,
1515 1195 1613 1222 mortis
1630 1202 1757 1222 somnum

967 1241 1135 1269 obdormivit
1152 1241 1240 1276 major
1252 1241 1347 1274 frater,
1365 1249 1396 1268 ac
1413 1241 1490 1269 tertia
1505 1241 1568 1268 dein
1584 1241 1629 1268 die
1652 1241 1756 1269 minor.

967 1285 1091 1321 Cumque
1107 1294 1123 1313 e
1135 1285 1264 1313 Patribus
1284 1286 1410 1313 nonnulli
1429 1286 1539 1313 adirent
1555 1286 1683 1314 abbatem
1703 1283 1760 1313 Ila-

967 1332 1083 1365 curium,
1103 1331 1219 1359 ducebat
1241 1339 1289 1359 eos
1307 1332 1333 1358 in
1359 1332 1477 1359 istorum
1503 1332 1613 1364 cellam,
1635 1340 1697 1359 cum
1714 1332 1757 1360 his

967 1378 1078 1406 verbis:
1097 1377 1206 1410 Venite,
1228 1377 1320 1405 videte
1341 1378 1503 1413 martyrium
1518 1378 1656 1405 minorum
1679 1386 1757 1414 pere-

967 1427 1118 1460 grinorum.

1003 1470 1090 1506 54.0))
1108 1468 1244 1498 Miserum
1256 1470 1404 1505 aliquando
1417 1469 1450 1496 ad
1468 1470 1593 1497 abbatem
1610 1469 1758 1497 Macarium

969 1517 996 1543 in
1013 1516 1085 1543 Sceti
1099 1517 1294 1544 consistentem
1312 1524 1392 1544 senes
1416 1515 1528 1548 montis,
1547 1519 1658 1543 orantes
1676 1524 1738 1543 eum
1750 1536 1758 1548 ,

969 1566 996 1588 et
1009 1562 1086 1588 aiunt
1098 1571 1104 1588 :
1123 1561 1161 1589 Ne
1170 1563 1298 1590 universa
1315 1562 1461 1589 multitudo
1475 1562 1507 1589 ad
1529 1566 1555 1589 te
1568 1561 1706 1589 veniendo
1720 1561 1761 1589 1⁵³·-

969 1608 1083 1643 ligetur,
1103 1615 1248 1642 precamur
1271 1612 1302 1635 ut
1327 1608 1444 1635 accedas
1460 1608 1493 1635 ad
1517 1615 1578 1640 nos,
1597 1615 1653 1643 quo
1665 1607 1760 1636 videa-

971 1662 1034 1681 mus
1044 1658 1190 1689 antequam
1208 1655 1326 1689 emigres
1339 1655 1371 1682 ad
1389 1654 1543 1682 Dominum.
1560 1654 1612 1688 Qui
1632 1654 1666 1682 ad
1680 1662 1761 1682 mon-

972 1705 1024 1727 tem
1047 1708 1110 1727 eum
1125 1700 1270 1733 adfuisset,
1287 1705 1451 1736 congregata
1469 1704 1511 1728 est
1527 1701 1617 1729 omnis
1640 1701 1762 1731 multitu-

971 1747 1007 1773 do
1020 1746 1092 1773 circa
1106 1754 1180 1773 eum.
1198 1747 1284 1774 Senes
1296 1754 1361 1774 vero
1377 1750 1554 1781 rogaverunt,
1567 1751 1597 1774 ut
1611 1749 1644 1774 ad
1661 1747 1763 1776 fratres

972 1793 1083 1820 haberet
1097 1800 1263 1821 sermonem.
1276 1793 1323 1820 ille
1336 1792 1427 1820 audita
1443 1793 1595 1828 rogatione,
1606 1793 1760 1825 Ploremus,

972 1839 1071 1874 inquit,
1086 1839 1195 1873 fratres,
1220 1843 1246 1866 et
1262 1840 1334 1867 oculi
1361 1839 1449 1867 nostri
1482 1839 1649 1874 profundant
1668 1840 1758 1876 laery~

971 1893 1041 1918 mas,
1057 1890 1202 1920 antequam
1227 1893 1260 1913 eo
1276 1886 1417 1919 abeamus,
1444 1886 1491 1913 ubi
1515 1886 1643 1922 laerymm
1658 1890 1761 1914 nostra:

971 1932 1155 1960 combusturte
1170 1936 1234 1960 sunt
1250 1940 1364 1967 corpora
1391 1936 1497 1960 nostra.
1527 1932 1560 1959 Et
1586 1932 1760 1967 ploraverunt

971 1979 1075 2012 cuncti,
1092 1978 1307 2013 cecideruntque
1322 1986 1405 2014 super
1421 1980 1516 2008 faciem
1541 1987 1631 2012 suam,
1653 1987 1760 2007 necnon

972 2024 1118 2052 dixerunt:
1132 2023 1224 2056 Pater,
1239 2033 1286 2052 ora
1301 2033 1350 2059 pro
1365 2025 1456 2053 nobis.

1007 2070 1051 2097 55.
1067 2070 1125 2097 Alia
1141 2070 1239 2098 iterum
1257 2071 1316 2099 vice
1337 2071 1444 2099 daamon
1461 2071 1762 2100 insurrexitadversus

972 2115 1098 2143 abbatem
1126 2115 1274 2143 Maearium
1297 2124 1359 2143 cuiu
1383 2116 1512 2152 gladiolo,
1544 2117 1637 2144 volens
1666 2116 1760 2152 pedem

972 2161 1032 2197 ejus
1045 2167 1204 2197 amputare;
1223 2162 1270 2189 sed
1282 2170 1344 2189 cutn
1357 2167 1466 2198 propter
1478 2163 1658 2190 humilitatem
1673 2162 1762 2198 ipsius

973 2215 1026 2235 non
1041 2211 1143 2242 posset,
1163 2207 1232 2235 dixit
1248 2208 1290 2234 ei:
1307 2207 1482 2243 Quweunque
1500 2208 1606 2235 habetis
1628 2207 1762 2235 habemus

972 2254 1055 2280 etiam
1071 2261 1137 2287 nos;
1151 2255 1210 2281 sola
1226 2253 1378 2281 humilitate
1393 2261 1413 2282 λ
1424 2254 1503 2281 nobis
1515 2253 1641 2286 diﬂertis,
1659 2258 1686 2282 et
1697 2261 1764 2289 prte-

972 2300 1078 2327 valetis.

1006 2347 1048 2373 56.
1064 2346 1118 2382 (I0)
1129 2346 1199 2373 Dixit
1208 2346 1294 2377 abbas
1304 2346 1454 2373 Macarius:
1468 2346 1496 2372 Si
1506 2346 1699 2374 retinuerimus
1708 2353 1764 2373 me-

973 2393 1088 2420 moriam
1117 2393 1251 2420 malorum
1276 2401 1338 2428 quae
1352 2393 1432 2420 nobis
1452 2392 1608 2420 inferuntur
1621 2393 1655 2420 ab
1674 2393 1764 2420 homi-

973 2439 1066 2472 nibus,
1085 2439 1300 2469 abolemusvim
1326 2439 1524 2466 recordationis
1550 2438 1615 2472 Dei;
1643 2439 1717 2474 quod
1741 2439 1764 2466 si

973 2486 1109 2513 recordati
1141 2486 1276 2514 fuerimus
1307 2486 1441 2512 malorum
1469 2493 1531 2520 qua:
1555 2493 1604 2521 per
1623 2485 1763 2513 datmones

973 2532 1145 2566 contingunt,
1162 2533 1266 2559 erimus
1280 2532 1455 2560 invulnerati.

1011 2578 1054 2605 5'7.
1073 2578 1177 2606 Retulit
1193 2578 1278 2611 abbas
1291 2577 1475 2612 Paphnutius,
1492 2577 1646 2612 discipulus
1657 2576 1765 2604 abbatis

974 2624 1096 2656 Macarii,
1113 2624 1195 2652 verba
1211 2625 1286 2652 senis
1297 2631 1303 2653 :
1315 2623 1430 2657 Quando
1440 2630 1516 2651 eram
1532 2630 1610 2658 puer,
1626 2629 1689 2651 cum
1702 2622 1766 2649 aliis

1012 2782 1050 2816 (9-)
1070 2781 1124 2816 Vit.
1140 2780 1217 2816 Patr.
1233 2781 1274 2812 ni,
1292 2781 1326 2816 9.;

1013 2814 1069 2853 (lit)
1090 2815 1143 2844 Vit.
1160 2815 1239 2844 Patr.
1253 2823 1281 2850 Χ,
1295 2815 1343 2844 54.
1357 2815 1388 2844 L.
1408 2814 1548 2846 Socratem
1563 2822 1599 2849 tv,
1613 2814 1668 2847 25,.
