1970 3074
187 113 244 140 279

762 114 936 142 APPENDIX
954 114 1000 142 AD
1015 115 1223 144 PALLADIUM.

1768 118 1822 146 290

183 170 279 202 Pueris
306 171 450 206 pascebant
479 171 611 205 buculas;
640 175 668 199 ιι
695 178 876 208 perrexerunt
903 173 977 200 l‘ura-

1031 175 1095 206 δίον,
1121 176 1189 212 μετὰ
1207 175 1261 203 τῶν
1276 175 1364 203 ἄλλων
1380 176 1493 203 παιδίων
1510 176 1622 204 ἕὸοσκιον
1647 176 1749 211 βοΐδια·
1771 179 1820 205 καὶ

185 227 242 248 111111
261 220 342 247 ﬁcus.
369 218 494 254 Dumque
511 222 640 250 currunt,
657 226 710 245 una
740 227 772 245 cx
803 219 836 246 iis
860 219 975 246 cecidit:

185 275 267 302 quam
283 267 384 294 tollens
409 265 527 292 comedi.
545 265 662 298 Quoties
686 273 753 300 ergo
774 265 836 300 ejus
852 266 891 293 rei
908 265 978 292 redit

184 314 324 343 memoria.
339 313 450 347 plorans
465 312 557 339 sedeo.

221 362 266 388 58.
287 361 310 396 (1
320 361 342 394 t)
360 360 484 387 Narravit
498 359 583 386 abbas
601 359 736 386 Macarius
746 368 757 385 ι
769 358 823 386 lter
836 366 918 393 agens
929 366 977 384 au-

186 407 299 443 quando
315 415 364 442 per
379 413 515 437 eremum,
535 405 625 433 inveni
644 405 792 432 calvariam
815 405 916 432 mortui
943 404 976 431 ad

185 455 273 481 solum
286 454 439 487 jacentem;
455 460 536 487 quam
553 459 614 478 cum
627 452 733 486 palmeo
744 451 843 478 baculo
855 450 979 486 quassis—

184 508 254 532 sem,
272 500 362 527 locuta
376 499 441 526 mihi
458 502 500 525 est
519 498 648 525 calvaria.
663 497 729 524 Dico
741 498 764 524 ei
782 497 838 524 :Tu
854 498 917 532 quis
932 497 979 524 es?

186 546 336 581 Respondit
352 545 415 572 mihi
431 545 548 572 calvaria
564 552 572 570 ε
590 543 646 579 Εεο
662 552 736 571 eram
755 543 879 579 pontifex
892 544 978 571 idolo—

186 599 246 619 rum
255 599 405 625 eorumque
419 591 561 626 gentiliqu
572 590 619 625 qui
633 590 685 617 hoc
702 590 762 617 loco
777 590 976 622 morabantur;

186 643 214 665 tu
230 646 295 666 vero
312 646 342 665 es
370 637 507 664 Macarius
531 637 576 672 qui
595 636 728 672 Spiritum
752 637 798 664 Dei
817 637 889 664 fers:
910 645 977 673 qua-

186 691 294 719 cunque
322 683 389 710 liora
410 687 565 710 commotus
586 683 671 710 fueris
697 683 892 710 misericordia
913 691 977 718 erga

186 738 234 758 eos
245 730 291 765 qui
306 730 332 756 in
344 729 490 757 tormentis
501 733 655 759 versantur,
670 733 697 756 et
711 729 834 756 oraveris
846 736 895 764 pro
910 729 977 762 illis,

185 778 315 812 exiguum
336 776 459 804 St-ntiunt
481 775 621 803 solatium.
643 775 688 802 Ait
710 783 812 803 senex:
833 774 976 808 Quodnam

186 827 228 850 est
245 823 385 854 solatium,
401 826 428 850 et
455 822 593 857 quodnam
619 822 802 849 tormentum?
826 821 976 855 Quantum.

186 869 286 903 tnquit,
306 876 322 895 a
347 873 420 895 terra
435 868 519 895 distat
535 867 647 899 caelum,
664 871 772 894 tantum
789 871 830 895 est
845 867 915 903 ignis
939 867 978 895 iu-

185 914 227 941 fra
243 922 304 946 nos,
317 921 332 941 a
346 913 460 948 pedibus
476 913 509 940 ad
530 917 612 947 caput
629 913 769 941 stantibus
784 913 864 941 nobis
880 913 907 940 in
923 921 979 940 tne-

186 962 232 987 dio
249 959 337 995 ignis;
366 967 416 987 nec
437 960 502 986 licet
517 958 587 986 facie
603 958 637 985 ad
657 959 756 985 faciem
773 958 867 986 videre
883 966 979 993 quem-

186 1014 282 1041 quam;
296 1006 342 1034 sed
359 1006 493 1040 cujusque
510 1005 598 1033 facies
610 1006 693 1032 dorso
718 1004 832 1032 alterius
847 1004 977 1032 adhaeret.

185 1053 302 1086 Quando
317 1052 402 1087 igitur
424 1059 489 1079 oras
503 1059 554 1086 pro
572 1051 663 1082 nobis.
677 1059 750 1078 unus
764 1058 798 1078 ex
820 1054 897 1085 parte
915 1058 977 1085 spe~

186 1102 241 1125 ttat
257 1097 355 1125 faciem
370 1097 493 1124 alterius.
511 1095 568 1123 Hoc
583 1099 625 1122 est
641 1095 780 1122 solatium.
801 1093 834 1120 Et
852 1093 920 1120 ﬂens
934 1101 978 1120 se-

187 1151 249 1174 nex,
264 1143 348 1170 dixit:
365 1141 410 1169 Va).
423 1141 475 1169 diei
490 1142 517 1168 in
534 1149 587 1176 qua
603 1147 683 1168 natus
697 1144 738 1168 est
751 1140 844 1167 homo!
855 1139 977 1167 Addidit:

193 1189 275 1217 Estne
300 1189 378 1216 aliud
391 1188 501 1223 gravius
518 1187 699 1223 supplicium?
711 1186 815 1213 Retulit
837 1186 976 1212 cranium:

187 1237 273 1271 llajor
284 1243 365 1271 pmna
380 1240 422 1262 est
440 1234 534 1262 subter
546 1242 608 1261 nos.
625 1232 695 1260 Tum
707 1240 808 1261 senex:
823 1231 977 1266 Et-quinam

186 1283 244 1310 illic
261 1282 383 1317 degunt?
399 1281 528 1315 Excepit:
543 1279 610 1310 Nos,
624 1283 718 1314 utpote
733 1279 780 1314 qui
792 1277 982 1313 ignoravimus

186 1328 289 1361 Deum,
316 1328 423 1354 modice
448 1325 665 1353 misericordiam
688 1324 902 1361 consequimur;
930 1322 976 1358 qui

187 1382 254 1401 vero
271 1377 462 1408 cognoverunt
479 1372 575 1403 Deum,
591 1376 618 1399 et
633 1374 803 1406 negaverunt
824 1377 898 1402 eum,
913 1369 978 1397 sub-

185 1424 231 1446 tus
249 1426 303 1446 nos
315 1422 388 1446 sunt.
405 1417 483 1444 'l‘unc
495 1425 577 1445 sene:
593 1416 741 1444 calvariam
755 1423 877 1446 sumens,
893 1415 979 1443 humo

186 1465 336 1492 mandavit.

220 1550 265 1577 59.
284 1550 341 1584 (12)
359 1550 465 1577 Dictum
483 1555 525 1578 est
541 1550 575 1578 de
591 1551 689 1578 abbate
702 1550 822 1578 Macario
835 1550 975 1587 Egyptio.
991 1539 1012 1567 (ἶ

185 1597 259 1633 quod
278 1597 426 1632 aliquando
445 1606 460 1624 e
476 1596 549 1624 Secti
566 1597 733 1625 ascendebat
750 1597 777 1624 in
795 1601 916 1624 montem
930 1597 977 1624 Ni-

186 1646 256 1675 triae,
282 1647 309 1670 et
336 1649 365 1670 ut
389 1651 475 1678 prope
500 1643 589 1670 locum
613 1643 729 1675 exstitit,
752 1643 821 1670 divit
842 1642 978 1678 discipttlo

186 1699 237 1717 suo
261 1699 273 1717 :.
296 1685 423 1717 Pratcede
450 1690 603 1726 paululum.
634 1690 758 1725 Cumque
779 1690 824 1718 illc
849 1691 976 1725 praeiret,

186 1737 297 1765 obvium
312 1737 410 1764 habuit.
427 1737 574 1772 quemdam
594 1737 752 1764 Graecorum
769 1744 816 1764 seu
836 1737 977 1772 gentilium

186 1783 368 1811 sacerdotem.
393 1783 434 1810 Ad
459 1791 539 1817 quem
566 1783 689 1810 clamans
715 1782 810 1814 frater.
845 1783 976 1815 vocabat,

187 1829 260 1863 lleu,
273 1830 336 1862 heu,
357 1829 496 1864 inquiens,
514 1837 569 1864 quo
587 1829 688 1860 curris.
707 1829 833 1856 daamon?
850 1828 897 1856 ille
912 1837 979 1856 vero

187 1883 349 1907 conversus,
367 1876 462 1910 plagas
479 1874 503 1901 ei
525 1873 633 1906 inﬂixit,
651 1874 817 1908 reliquitque
833 1873 978 1900 semimor-

187 1928 276 1949 tuum.
298 1922 337 1947 Ac.
357 1922 458 1948 tolletis
473 1920 547 1956 quod
566 1919 697 1954 portabat
710 1920 824 1954 lignum,
845 1918 978 1945 cucurrit.

187 1968 331 1995 Paululum
348 1975 494 2003 progresso
530 1967 651 1994 occurrit
676 1967 747 1993 inter
761 1973 880 1993 cursum,
894 1965 979 1992 abbas

188 2014 336 2046 Macarius.
353 2015 400 2049 qui
421 2014 490 2041 dixit
504 2013 529 2041 ei
546 2022 553 2039 :
569 2013 668 2041 Salvus
688 2013 738 2045 sis,
758 2013 851 2040 salvus
874 2011 923 2044 sis,
941 2012 980 2038 la-

187 2063 254 2090 bore
277 2061 415 2089 conlecto.
439 2061 486 2087 llle
508 2061 672 2090 admiratus.
698 2061 774 2087 venit
798 2059 831 2086 ad
855 2066 930 2090 eum,
953 2062 980 2086 et

188 2110 226 2136 ait
244 2118 250 2136 :
268 2108 339 2141 Quid
355 2108 418 2135 boni
432 2107 524 2134 vidisti
538 2107 564 2133 in
582 2115 634 2138 me,
649 2106 723 2142 quod
741 2113 784 2132 mc
797 2105 986 2133 sulutaveris?

189 2155 257 2182 Tum
279 2163 363 2182 senex
380 2166 384 2182 :
401 2154 537 2187 Quoniam
554 2153 686 2188 conspexi
707 2156 733 2180 te
746 2152 839 2179 labore
856 2151 978 2183 fessum;

189 2209 222 2228 ac
247 2201 340 2228 nescis
358 2205 384 2227 te
407 2201 433 2227 in
454 2207 554 2226 vanum
579 2199 733 2234 defatigari.
760 2197 896 2225 Sacerdos
912 2206 981 2233 quo-

187 2256 260 2283 que:
278 2247 334 2282 Ego
349 2247 514 2274 salutatione
530 2249 577 2272 tua
592 2249 775 2279 compunctus
790 2252 866 2276 sum;
887 2250 914 2272 et
931 2252 978 2271 co-

188 2293 270 2328 gnovi
291 2301 323 2320 ex
338 2297 415 2328 parte
435 2292 481 2320 Dei
498 2296 524 2318 te
543 2299 615 2319 esse.
634 2291 713 2318 Alius
731 2299 796 2318 vero
813 2291 903 2318 malus
919 2298 979 2317 mo-

188 2341 305 2370 nachus.
340 2339 439 2366 obvius
466 2338 566 2370 factus,
600 2337 767 2365 contumelia
801 2345 844 2364 me
871 2337 977 2370 aﬂ‘ecit;

193 2395 274 2422 mare
288 2394 338 2421 ego
358 2385 418 2412 dedi
436 2386 460 2413 ei
483 2385 576 2420 plagas
597 2384 630 2411 ad
646 2389 772 2411 mortem.
793 2385 910 2419 Agnovit
930 2391 979 2411 au-

189 2439 243 2460 tem
259 2441 343 2460 senex
359 2432 432 2467 quod
452 2431 486 2458 de
500 2431 636 2466 disripulo
648 2439 699 2460 suo
718 2432 887 2466 loqueretur.
903 2429 980 2457 Tunc

188 2479 369 2514 apprehensis
383 2479 458 2505 senis
473 2477 590 2512 pedibus
603 2477 732 2505 sacerdos
749 2477 786 2504 ita
802 2477 909 2504 locutus
921 2481 978 2503 est:

188 2525 247 2551 Non
269 2524 406 2552 dimittatur
430 2529 467 2555 te,
485 2524 538 2551 nisi
562 2532 606 2551 me
623 2523 723 2551 feceris
745 2524 922 2551 monachum.
948 2523 980 2549 Et

187 2574 325 2597 venerunt
340 2578 462 2600 sursum,
478 2570 524 2597 ubi
541 2574 601 2597 erat
612 2569 774 2600 monachus,
787 2573 980 2603 portaverunt-

189 2626 242 2653 que
265 2618 342 2644 illum
369 2616 402 2644 ad
427 2615 574 2644 ecclesiam
595 2617 715 2645 montis,
727 2614 814 2642 Porro
835 2620 980 2643 cernentes

191 2664 364 2691 sacerdotem
382 2671 444 2690 cum
467 2671 512 2695 eo,
536 2663 681 2698 stupefacti
704 2666 769 2690 sunt
786 2673 791 2689 :
808 2666 836 2689 et
857 2662 980 2690 feCerunt

227 2742 249 2758 ⁵³
265 2743 306 2768 Al.
328 2743 417 2778 ἱερεὺς
430 2743 483 2769 τῶν
506 2742 641 2776 Ἐλλήνων
656 2742 710 2768 τῶν
725 2750 754 2776 μ.
788 2741 871 2778 »³⁸ΔᾹΙ.
886 2741 979 2772 νῶτος.

191 2778 214 2794 θ’
236 2776 364 2806 Α1.ίιιδυι“’.
383 2778 429 2804 καὶ
443 2778 480 2813 μὴ
494 2778 656 2813 ποιήσαντες
671 2777 754 2804 αὑτοῦ
769 2776 800 2803 τὸ
814 2776 930 2812 θέλημα.

228 2859 283 2894 μι)
307 2858 357 2886 Vit.
374 2858 449 2886 Patr.
468 2866 508 2891 ut,
525 2858 567 2884 16.

1030 223 1151 258 ἀπῆλθον
1165 222 1263 257 κλέψαι
1284 222 1402 249 συκίδια.
1424 223 1479 249 Καὶ
1497 222 1536 254 ὡς
1555 222 1708 258 τρέχουσιν,
1724 223 1822 251 ἔπεσεν

1029 269 1058 295 ἒν
1073 268 1103 301 ἐξ
1115 269 1205 296 αὐτῶν
1215 277 1222 285 ·
1233 269 1279 295 καὶ
1290 268 1379 295 λαϐὼν
1389 269 1490 303 ἔφαγον
1503 269 1569 296 αὑτό
1579 277 1585 284 ·
1598 269 1646 296 καὶ
1658 269 1704 296 ὅτε
1717 277 1821 305 μνημο-

1029 314 1117 342 νεύσω
1132 314 1227 348 αὐτοῦ,
1243 315 1367 350 κάθημαι
1378 315 1489 344 κλαίων,

1065 361 1117 396 λη’.
1135 358 1220 388 Εἶπεν
1232 362 1245 388 ὁ
1259 361 1346 393 ἁὸὅᾶς
1360 361 1502 397 Μακάριος
1514 361 1567 393 ὅτι,
1580 361 1744 396 Περιπατῶν
1755 369 1822 387 ποτε

1029 408 1069 438 είς
1085 407 1135 442 τὴν
1149 407 1263 443 ἔρημον,
1282 404 1360 442 εὗρον
1380 407 1490 442 κρανίον
1510 408 1550 438 εἰς
1571 406 1600 432 τδ
1615 406 1712 440 ἔδαφος
1723 405 1825 440 νεκροῦ

1029 454 1210 489 ἐρριμμένον·
1234 454 1281 480 καὶ
1303 453 1436 484 σαλεύσας
1458 453 1524 480 αὺτδ
1551 454 1585 488 τῇ
1611 452 1690 488 perhn
1719 452 1820 487 ῥάϐδῳ,

1029 499 1143 535 ἐλάλησέ
1162 508 1209 535 μοι
1226 500 1256 526 τὸ
1272 499 1393 535 κρανίον.
1410 499 1464 525 Καὶ
1476 499 1549 532 λέγω
1559 498 1634 534 αὐτῷ
1644 507 1651 514 ⁸
1667 499 1702 525 Σὺ
1717 498 1760 530 τίς
1773 496 1819 531 εἷς

1035 545 1185 581 Ἀπεκρίθη
1205 554 1251 581 μοι
1271 545 1302 572 τὸ
1323 546 1453 581 κρανίον·
1484 543 1556 578 Ἐγὼ
1578 545 1653 579 ήμην
1675 543 1822 579 ἀρχιερεὺς

1028 591 1082 617 τῶν
1097 590 1225 622 εἰδώλων,
1241 591 1286 617 καὶ
1300 589 1354 616 τῶν
1374 589 1524 625 μεινάντων
1545 589 1680 624 Ἐλλήνων
1696 589 1720 604 ⁵⁸
1735 589 1765 615 ὲν
1781 587 1825 623 τῷ

1027 637 1104 672 τόπῳ
1117 636 1220 671 τούτῳ·
1242 636 1274 662 σὺ
1297 635 1326 662 δὲ
1344 634 1368 662 εἷ
1385 636 1529 671 Μακάριος
1546 636 1559 662 6
1580 634 1822 670 πνευματοφόροςυ

1028 683 1088 709 οἷαν
1098 682 1173 718 ὥραν
1187 681 1391 717 σπλαγχνισθῇς
1400 681 1465 713 τοὺς
1476 681 1506 707 ἐν
1517 682 1551 716 τῇ
1564 680 1685 712 κολάσει,
1697 680 1744 707 καὶ
1754 679 1829 716 εῦχῃ,

1029 727 1094 763 περὶ
1115 726 1216 759 αὐτῶν,
1234 726 1467 763 παραμυθοῦνται
1484 726 1584 761 ὀλίγον.
1607 725 1689 760 Λέγει
1711 725 1785 760 αὐτῷ
1808 726 1828 752 ἁ

1028 773 1116 809 γέρων
1126 781 1133 788 ·
1149 772 1217 800 Ποία
1234 773 1310 799 ἐστὶν
1331 774 1347 808 ἡ
1365 771 1536 808 παραμυθία,
1550 772 1597 798 καὶ
1610 771 1652 804 τίς
1665 772 1681 806 ἠ
1696 770 1827 803 “hanc;

1029 817 1110 852 Λέγει
1126 818 1200 853 αὐτῷ
1211 826 1217 832 ·
1238 818 1320 844 ’Ὀσον
1337 817 1435 853 ἀπέχει
1455 819 1469 844 6
1489 817 1604 852 οὐρανὸς
1621 817 1675 843 ἀπὸ
1694 816 1744 851 τῆς
1759 816 1828 851 γῆς,.

1029 866 1160 892 τοσοῦτόν
1172 866 1232 891 ἐστι
1248 864 1279 891 τὸ
1302 864 1358 900 πῦρ
1375 863 1552 890 ὑποκάτωθεν
1565 862 1655 898 ἡμῶν,
1668 862 1722 889 ἀπὸ
1734 861 1828 888 ποδῶν

1030 912 1082 944 ἓως
1094 911 1216 946 κεφαλῆς
1233 910 1389 946 ἑστηκότων
1404 909 1483 945 ἡμῶν
1496 909 1579 945 μέσον
1591 909 1640 936 τοῦ
1656 909 1758 944 πυρός·
1776 909 1824 935 καὶ

1029 960 1080 987 οὐκ
1096 959 1154 986 ἐστι
1168 958 1313 994 πρόσωπον
1333 958 1400 993 πρὸς
1416 957 1562 993 πρόσωπον
1579 956 1728 984 θεάσασθαί
1741 962 1828 983 τινα“

1029 1006 1097 1032 ἀλλὰ
1113 1005 1143 1032 τὸ
1157 1005 1304 1041 πρόσωπον
1314 1005 1338 1020 ⁸⁵
1353 1004 1481 1036 ἑκάστου,
1492 1003 1559 1039 πρὸς
1575 1003 1622 1030 τὸν
1636 1003 1730 1039 ἐτέρου
1740 1002 1826 1029 νῶτον

1030 1052 1202 1088 κεκόλληται.
1217 1053 1262 1084 Ὠς
1278 1049 1324 1078 οὖν
1338 1051 1406 1087 εὔχῃ
1420 1050 1489 1086 ὑπὲρ
1501 1049 1591 1085 ἡμῶν,
1607 1050 1641 1076 ὲκ
1661 1049 1761 1085 μέρους
1781 1057 1828 1080 τις.

1029 1099 1164 1135 θεωρεῖ-τὺ
1173 1098 1318 1134 πρόσωπον
1330 1097 1377 1124 τοῦ
1389 1097 1494 1132 ἑτέρου.
1504 1095 1579 1130 Αὖτη
1587 1095 1661 1122 ἐπὶν
1670 1096 1687 1130 ἡ
1695 1102 1826 1130 παραμυ-

1029 1144 1085 1172 θία.
1103 1145 1159 1171 Καὶ
1170 1144 1313 1175 κλαύσαςὸ
1324 1143 1412 1178 γέρων
1422 1141 1498 1169 εἶπεν
1508 1151 1515 1158 ·
1523 1142 1591 1169 Οὐαὶ
1605 1143 1639 1176 τῇ
1654 1141 1745 1176 ἡμέρᾳ
1756 1140 1785 1166 έν

1029 1189 1332 1226 ἐγεννήοηὸάνθρωπος
1340 1189 1375 1216 ⁸⁸.
1385 1189 1470 1223 Λέγει
1484 1187 1559 1223 αὐτῷ
1574 1189 1588 1215 6
1603 1187 1692 1223 γέρων
1704 1195 1711 1201 ·
1730 1187 1832 1213 Ἔστιν

1028 1236 1096 1272 άλλη
1105 1236 1205 1271 χείρων
1226 1235 1361 1270 βάσανος
1375 1234 1458 1268 Λέγει
1473 1233 1548 1268 αὐτῷ
1570 1233 1601 1260 τὸ
1614 1232 1740 1268 κρανίοψ
1757 1232 1825 1258 Μει-

1029 1283 1128 1319 ζοτέρα
1142 1282 1256 1318 βάσανός
1269 1283 1341 1308 ἐστιν
1359 1279 1537 1307 ὑποκάτωθεν
1552 1279 1642 1314 ἡμῶν.
1655 1278 1738 1312 Λέγει
1750 1277 1826 1312 αὐτῷ

1028 1331 1042 1357 ὀ
1058 1330 1163 1365 γέρων·
1181 1329 1235 1355 Καὶ
1252 1328 1325 1359 τινες
1344 1327 1412 1354 εἰσὶν
1432 1328 1504 1358 tusi;
1524 1325 1605 1360 Λέγει
1625 1324 1700 1360 αὐτῷ
1716 1324 1747 1350 τὺ
1761 1331 1826 1359 κρα-

1029 1373 1101 1399 νίον·
1129 1372 1226 1407 Ἡμεῖς
1252 1371 1289 1403 ὡς
1312 1370 1349 1405 μὴ
1372 1369 1473 1401 εἰδότες
1494 1368 1540 1395 τὸν
1558 1368 1634 1400 Θεὸν,
1660 1367 1712 1394 κᾶν
1736 1366 1828 1400 ὀλίγον

1029 1417 1178 1453 ὲλεούμεθα
1188 1425 1195 1432 ·
1208 1418 1233 1444 οἱ
1249 1417 1277 1443 δὲ
1293 1416 1450 1451 ἐπιγνόντες
1463 1415 1508 1442 τὸν
1521 1415 1597 1448 Θεὸν,
1611 1415 1658 1441 καὶ
1668 1413 1826 1449 ἀρνησάμε-

1032 1474 1072 1492 νοι
1086 1464 1167 1491 αὑτὸν
1175 1463 1208 1494 ⁵⁷,
1217 1463 1394 1490 ὑποκάτωθεν
1402 1462 1481 1497 ἡμῶν
1495 1462 1559 1489 εἱσι.
1573 1461 1629 1488 Καὶ
1646 1459 1736 1487 λαϐὼν
1749 1461 1763 1486 6
1779 1459 1826 1494 γέ-

1033 1519 1088 1546 ρων
1106 1509 1137 1537 τὸ
1154 1509 1274 1545 κρανίον.
1295 1508 1398 1544 ἔχωσεν
1412 1509 1488 1536 αὐτό.

1063 1555 1111 1583 λΘ’.
1130 1556 1243 1590 Ἔλεγον
1259 1555 1321 1590 περὶ
1344 1554 1391 1581 τοῦ
1415 1553 1487 1581 ὰὸὀᾶ
1504 1553 1650 1589 Μακαρίου
1672 1551 1719 1579 τοῦ
1740 1552 1824 1585 Δίγυ-

1029 1603 1118 1632 πτίου,
1135 1602 1176 1628 ὅτι
1193 1600 1318 1628 ἀνέϐαινέ
1335 1608 1400 1626 ποτε
1415 1600 1447 1626 ἐκ
1459 1599 1508 1634 τῆς
1524 1599 1650 1633 Σκήτεως
1667 1599 1707 1630 είς
1718 1597 1748 1624 τὺ
1761 1597 1826 1632 ὅρος

1029 1648 1079 1683 τῆς
1098 1648 1215 1683 Νιτρίας
1224 1655 1231 1662 ·
1252 1647 1300 1674 καὶ
1310 1647 1348 1678 ὡς
1360 1647 1474 1681 ἧγγισεν
1488 1647 1527 1678 είς
1546 1646 1590 1672 τὸν
1603 1645 1696 1677 τόπον,
1715 1641 1776 1671 εἷπε
1788 1643 1828 1678 τῷ

1031 1695 1139 1730 μαθητῇ
1153 1694 1237 1722 αὑτοῦ
1247 1703 1253 1708 ·
1268 1694 1392 1730 Πρόλαὸε
1410 1693 1519 1729 μικρόν.
1537 1693 1590 1719 Καὶ
1602 1693 1631 1718 ὲν
1643 1692 1682 1727 τῷ
1695 1692 1835 1727 προάγειν

1029 1742 1122 1772 αὑτὸν,
1137 1741 1255 1776 συναντᾷ
1267 1749 1320 1767 τινι
1337 1741 1406 1776 ίερεῖ
1419 1740 1474 1766 τῶν
1492 1739 1626 1774 Ἑλλήνων
1637 1747 1644 1754 ·
1660 1739 1707 1765 καὶ
1720 1738 1825 1774 κράξας

1030 1787 1103 1823 αὐτῷ
1125 1789 1139 1814 6
1158 1786 1281 1821 ἁδελφὸς,
1307 1785 1406 1821 ἐφώνει
1427 1785 1532 1820 λέγων·
1551 1785 1584 1811 Δΐ
1604 1784 1633 1812 αἳ
1646 1785 1752 1820 δαῖμον,
1772 1783 1825 1810 τιοῦ

1029 1833 1150 1869 τρέχειςι
1172 1833 1308 1867 Στραφεὶς
1323 1832 1351 1859 δὲ
1375 1833 1490 1863 ἐκεῖνος,
1516 1831 1584 1858 διδοῖ
1604 1831 1679 1866 αὐτῷ
1705 1829 1831 1865 πληγὰς,,

1031 1881 1077 1907 καὶ
1093 1880 1169 1914 ἀφίει
1186 1880 1267 1906 αὑτὸν
1283 1879 1415 1914 ἡμιθανῆ.
1432 1879 1487 1905 Καὶ
1498 1878 1567 1914 ἄρας
1579 1878 1609 1904 τὸ
1626 1877 1704 1911 ξύλον
1719 1877 1825 1912 ἔτρεχε.

1030 1925 1086 1951 Καὶ
1093 1925 1225 1959 προῦάντι
1234 1924 1334 1958 ὀλίγον,
1349 1924 1467 1960 συναντᾷ
1478 1923 1553 1959 αὑτῷ
1561 1924 1575 1950 6
1586 1923 1672 1955 ὰϐὁᾶς
1681 1923 1826 1958 Μακάριος

1030 1972 1170 2008 τρέχοντι·
1187 1972 1234 1998 καὶ
1248 1971 1323 2005 λέγει
1339 1969 1430 2005 αὐτῷ·
1445 1969 1575 2005 Σωοείης,
1592 1968 1717 2004 σωθείης,
1734 1975 1826 2003 καμα-

1029 2019 1108 2054 τηρὲ.
1130 2018 1185 2044 Καὶ
1212 2017 1356 2052 θαυμάσας
1372 2015 1437 2052 ἦλθε
1460 2016 1529 2051 πρὸς
1551 2015 1644 2047 αὐτὸν,
1659 2015 1708 2042 καὶ
1730 2012 1826 2041 εἶπενο

1031 2065 1064 2091 Τί
1082 2064 1162 2091 καλὸν
1177 2062 1246 2094 εἶδες
1262 2064 1290 2090 έν
1305 2063 1377 2099 ἐμοὶ,
1388 2063 1429 2089 ὅτι
1443 2062 1669 2098 προσηγόρευσάς
1683 2070 1732 2096 με;
1744 2060 1831 2095 Λέγει-

1031 2110 1106 2146 αὐτῷ
1121 2112 1135 2137 ὸ
1148 2110 1238 2145 γέρων
1251 2119 1257 2124 ·
1274 2110 1335 2136 Ὀτι
1352 2107 1422 2136 εἷόὸν
1437 2117 1466 2135 σε
1484 2107 1623 2135 κοπιῶντα
1635 2117 1642 2123 ·
1660 2108 1707 2134 καὶ
1722 2107 1773 2134 οὐκ
1786 2104 1827 2133 οῖ-

1031 2158 1079 2189 δας
1093 2158 1134 2183 ὅτι
1145 2157 1185 2188 εἱς
1194 2157 1271 2183 κενὴν
1280 2156 1388 2191 κοπιᾷς.
1399 2155 1480 2189 Λέγει
1493 2155 1567 2190 αὐτῷ
1575 2155 1623 2181 καὶ
1631 2154 1713 2185 αὑτός
1723 2152 1829 2187 ’Κάγὼ

997 2214 1018 2242 ο
1032 2204 1081 2230 ἐπὶ
1091 2203 1130 2238 τῷ
1146 2202 1284 2238 ἀσπασμῷ
1299 2210 1345 2229 σου
1358 2202 1509 2236 κατενύγην
1521 2210 1527 2216 ·
1544 2201 1592 2227 καὶ
1605 2200 1705 2236 ἔμαθον
1719 2201 1760 2227 ὅτι
1778 2199 1827 2227 τοῦ

1034 2250 1136 2285 μέρους
1154 2248 1201 2276 τοῦ
1218 2248 1286 2275 Θεοῦ
1303 2246 1338 2275 εἴ.
1356 2247 1453 2279 Ἄλλος
1467 2248 1495 2274 δὲ
1513 2247 1597 2279 κακὸς
1616 2247 1731 2283 μοναχὸς
1739 2247 1828 2273 ἀπαν-

1032 2296 1120 2331 τήσας
1140 2304 1197 2330 μοι,
1221 2294 1319 2330 ὕϐρισέ
1343 2303 1396 2330 με·
1420 2293 1499 2328 κάγὼ
1519 2294 1608 2321 ἔδωκα
1625 2293 1698 2329 αὐτῷ
1720 2294 1828 2329 πληγὰς

1034 2343 1075 2374 είς
1086 2341 1211 2368 θάνατον.
1227 2341 1282 2368 Καὶ
1299 2341 1369 2376 ἔγνω
1384 2341 1399 2368 6
1417 2340 1506 2376 γέρων
1521 2341 1562 2367 ὄτι
1575 2341 1589 2367 ὁ
1607 2339 1730 2376 μαθητὴς
1745 2339 1828 2367 αὐτοῦ

1034 2389 1102 2414 ¹ἐστι.
1125 2388 1180 2414 Καὶ
1198 2388 1339 2423 κρατήσας
1351 2387 1415 2419 τοὺς
1437 2387 1520 2418 πόδας
1533 2387 1616 2414 αὐτοῦ
1630 2388 1645 2413 6
1662 2387 1752 2421 ἱερεὺς
1771 2386 1829 2413 ἑλε-

1035 2442 1082 2467 γεν
1093 2440 1100 2448 ·
1117 2434 1175 2460 Οὐκ
1186 2433 1247 2467 ἀφῶ
1263 2441 1304 2464 σε,
1321 2433 1368 2460 ἐὰν
1381 2433 1418 2469 μὴ
1436 2434 1553 2469 ποιήσῃς
1568 2441 1601 2468 με
1626 2432 1753 2468 μοναχὸν.
1774 2433 1828 2459 Καὶ

1033 2478 1115 2515 ἦλθον
1130 2479 1223 2506 ἐπάνω
1243 2479 1309 2506 ὅπου
1324 2477 1357 2514 ἦν
1372 2480 1386 2505 6
1402 2479 1529 2514 μοναχδς,
1547 2478 1594 2505 καὶ
1611 2477 1764 2510 ἐὸάσταξαν
1780 2478 1829 2504 αὑ-

1033 2526 1089 2557 τὸν,
1104 2525 1152 2552 καὶ
1173 2526 1292 2561 ἤνεγκαν
1307 2526 1347 2557 είς
1367 2525 1416 2560 τὴν
1435 2523 1584 2559 ἐκκλησίαν
1601 2524 1647 2550 τοῦ
1665 2524 1756 2559 ὅρους,
1773 2522 1829 2549 Καὶ

1035 2569 1135 2602 ἰδόντες
1151 2571 1197 2597 τὸν
1213 2572 1288 2607 ἱερέα
1305 2572 1364 2607 μετ’
1377 2571 1472 2602 αὑτοῦ,
1491 2570 1651 2605 ἐξέστησαν·
1670 2569 1718 2596 καὶ
1732 2569 1829 2604 ἐποίη-

1035 2624 1084 2642 σαν
1099 2617 1181 2643 αὐτὸν
1200 2618 1326 2652 μοναχόν.
1350 2617 1405 2643 Καὶ
1421 2616 1515 2643 πολλοὶ
1536 2615 1591 2642 τῶν
1615 2615 1750 2651 Ἑλλήνων
1769 2615 1830 2648 ὲγέ-

1033 2671 1110 2689 νοντο
1121 2663 1154 2689 δι’
1168 2663 1250 2690 αὑτὸν
1267 2663 1435 2698 Χριστιανοί.
1454 2663 1567 2698 Ἔλεγεν
1582 2659 1629 2688 οὗν
1642 2662 1657 2688 ὁ
1671 2661 1760 2693 ὰῦὃᾶς
1772 2662 1831 2688 Μα-

1019 2741 1042 2754 “
1059 2743 1102 2770 Al.
1115 2743 1180 2769 add.
1193 2744 1217 2770 εἱ
1230 2743 1297 2778 αὐτή
1311 2743 1388 2769 ἐστιν
1401 2744 1417 2778 ἡ
1434 2741 1596 2778 παραμυθία
1615 2741 1664 2777 τῆς
1678 2740 1828 2773 κολάσεως.

1073 2853 1128 2888 (l2)
1149 2852 1191 2879 Vit
1218 2852 1292 2879 Patr.
1305 2860 1345 2885 tu,
1360 2852 1419 2879 £27.
