1970 3074
128 135 179 163 53!

699 128 1009 159 APOPHTHEGM’ATA
1029 128 1184 157 PATRL‘M.

1712 127 1767 157 25'!

126 195 231 230 κάριος,
252 194 293 220 ὅτι
316 194 330 220 6
353 192 431 227 λόγος
449 193 463 219 ὁ
485 190 648 225 κακδςῌδ),
667 192 713 217 καὶ
733 191 796 223 τοὺς
819 190 919 222 καλοὺς

975 190 1046 217 ιΙΙιιιη
1064 190 1241 217 monachum.
1258 188 1393 224 Multique
1411 189 1554 225 gentilium
1573 192 1684 225 propter
1701 196 1764 216 eum

126 240 200 267 ποιεῖ
220 238 338 270 κακούς·
362 238 410 265 καὶ
424 240 438 265 6
463 236 545 269 καλὸς
561 236 650 270 λόγος,
671 237 796 269 καὶτοὺς
818 237 918 269 κακοὺς

126 287 198 312 ποιεί
212 284 321 316 καλούς.

162 374 198 410 μ’.
218 372 330 407 Ἔλεγον
346 373 410 409 περὶ
423 371 471 398 τοῦ
484 370 558 399 ὰδσᾶ
574 372 728 408 Μακαρίου,
747 373 787 399 ὅτι
803 371 919 404 ἀπόντος

124 420 220 453 αὑτοῦ,
236 418 344 454 εἰσῆλθε
367 419 470 455 λῃστὴς
486 419 526 450 εἰς
542 418 572 445 τδ
593 418 698 445 κελλίον
710 418 804 445 αὑτοῦ.
826 418 920 454 Παρα-

123 467 271 501 γενομένου
287 465 315 491 δὲ
335 465 418 492 αὑτοῦ
432 466 473 496 εἰς
493 464 523 491 τὺ
544 464 660 495 κελλίον,
679 461 742 500 εὗρε
761 464 806 491 τὸν
818 464 920 499 λῃστὴν

124 512 273 548 γεμίζοντα
283 512 333 548 τὴν
346 512 470 548 κάμηλον
481 511 515 538 τὰ
525 511 609 546 σκεύη
624 510 717 538 αὑτοῦ.
729 511 813 543 Αὐτὸς
823 511 851 537 δὲ
864 512 920 537 εἰσ-

124 558 210 586 ελθὼν
226 560 266 590 εἰς
291 559 322 585 τὸ
343 558 458 589 κελλίον,
476 557 631 593 ἐλάμϐανεν
650 557 705 584 ἀπὸ
722 557 778 584 τῶν
802 557 918 588 σκευῶν,

124 606 173 632 καὶ
200 604 361 640 συνεγέμιζε
387 605 445 640 μετ’
470 603 552 631 αὐτοῦ
577 604 626 640 τὴν
648 603 782 639 κάμηλον.
805 603 849 635 Ὠς
873 600 920 629 οὖν

125 651 270 687 ἐγέμισαν,
285 651 386 687 ἤρξατο
397 652 412 677 6
424 651 525 686 λῃστὴς
536 650 650 677 τύπτειν
662 649 712 685 τὴν
725 649 859 685 κάμηλον.
876 649 919 675 ἵνα

124 699 244 733 ἀναστῇ-
264 699 310 725 καὶ
324 698 373 724 οὐκ
390 698 527 733 ἠγείρετο.
550 696 624 723 Ἰδὼν
640 697 669 723 δὲ
685 697 698 723 6
722 696 809 728 ἀσϐἄς
823 695 919 723 Μακά-

126 753 184 781 ριος
197 745 238 771 ὅτι
251 745 301 771 οὐκ
321 744 468 779 ἐγείρεται,
489 742 617 770 εἰσελθὼν
635 744 664 770 ὲν
680 742 719 778 τῷ
742 742 841 778 κελλίῳ
855 738 920 777 εὗρε

125 790 225 827 μικρὸν
238 790 359 817 σκαλίδιν
370 791 393 806 ⁵⁸
405 797 411 805 ·
426 790 474 817 καὶ
498 788 622 817 ἐκϐαλὼν
633 789 667 821 ⁵⁸,
679 788 797 824 ἐπέθηκε
818 789 851 824 τῇ
871 796 921 814 κα-

126 837 216 873 μήλῳ,
233 838 336 872 λέγων’
359 836 481 871 Ἀδελφὲ,
496 837 575 863 τοῦτο
593 836 670 871 ξητεῖ
683 837 700 872 ἡ
718 834 849 870 κάμηλος.
867 835 920 862 Καὶ

974 237 1036 264 facti
1054 241 1119 264 sunt
1133 235 1293 264 Christiani.
1318 236 1466 264 Asserebat
1489 243 1558 271 ergo
1571 235 1657 263 abbas
1682 234 1767 262 Maca-

972 285 1041 315 rius,
1060 283 1133 318 quod
1162 290 1253 311 sermo
1274 284 1374 315 malus,
1400 285 1482 311 etiam
1504 283 1593 310 bonos
1618 283 1704 310 malos
1727 282 1766 309 [ιι-

972 331 1026 356 ciat
1037 349 1044 359 .
1061 333 1088 355 et
1100 336 1191 356 sermo
1206 329 1306 360 bonus,
1323 329 1406 356 etiam
1423 329 1511 355 malos
1531 329 1630 356 bonos.

1007 375 1052 402 40.
1074 374 1110 402 De
1133 376 1232 402 abbate
1247 375 1368 402 Macario
1394 375 1595 407 memorabant,
1611 374 1695 410 quod,
1716 374 1766 401 ab—

973 426 1050 448 sente
1065 421 1123 454 illo,
1141 421 1284 456 ingressus
1300 421 1337 448 sit
1356 421 1428 448 latro
1448 421 1475 447 in
1494 421 1590 448 cellam
1607 421 1677 455 ejus.
1696 419 1765 447 Cum

973 474 1062 495 autem
1086 468 1224 500 rcdiisset,
1251 468 1356 495 invenit
1386 469 1532 501 latronem,
1559 468 1607 503 qui
1630 468 1766 495 camelum

973 513 1141 548 supellectile
1166 521 1214 541 sua
1240 514 1382 541 onerabat.
1407 513 1467 548 Ipse
1490 515 1576 549 igitur
1602 513 1710 540 intrans
1738 513 1767 540 in

974 561 1083 592 cellam,
1102 560 1135 588 de
1151 561 1224 588 vasis
1241 561 1401 595 accipiebat,
1423 565 1450 588 et
1464 568 1518 588 una
1534 568 1597 587 cum
1614 568 1647 587 eo
1669 567 1768 587 onera—

972 607 1020 634 bat
1036 607 1183 633 camelum.
1200 606 1234 633 Ut
1260 615 1327 642 ergo
1347 607 1484 634 sarcinam
1508 607 1693 638 immiserunt,
1709 612 1767 632 cm-

973 653 1013 687 pit
1040 652 1085 679 fur
1103 653 1250 680 verberare
1275 652 1422 684 camelum,
1450 655 1479 679 ut
1506 655 1632 686 surgeret
1654 657 1766 685 :neque

973 698 1115 734 Surgebat.
1135 697 1236 725 Videns
1259 705 1341 733 porro
1364 698 1449 725 abbas
1465 697 1601 725 Macarius
1617 696 1689 731 quod
1712 703 1765 722 non

972 749 1143 780 exsurgeret,
1160 745 1257 773 cellam
1274 745 1427 781 ingressus,
1449 745 1553 773 invenit
1571 751 1685 779 parvum
1705 750 1765 770 sar-

973 791 1087 825 culum;
1117 793 1308 826 emissumque
1334 791 1465 827 imposuit
1489 791 1610 822 camelo,
1639 790 1734 817 dicens
1756 798 1763 816 :

973 837 1079 869 Frater.
1102 838 1155 866 hoc
1170 839 1311 874 quaerebat
1332 838 1465 865 camelos.
1483 837 1554 865 Pede
1571 844 1635 863 vero
1653 836 1765 871 pulsans

124 883 245 918 κρούσας
271 883 356 918 αὐτὴν
380 884 395 910 6
416 883 507 918 γέρων
531 882 569 917 τῷ
588 882 659 912 ποδὶ,
682 881 773 915 λέγει·
795 882 920 907 Ἀνάστα.

975 893 1035 913 eum
1068 893 1163 916 senex,
1190 885 1228 911 ait
1254 885 1377 919 :Surge.
1403 883 1611 918 Confestimque
1633 881 1764 913 surrexit,

124 929 180 955 Καὶ
193 929 294 961 εὐθέως
311 929 422 965 ἀνέστη,
432 929 480 955 καὶ
494 928 598 964 ἀπῆλθε
613 928 710 963 μικρὸν
719 928 764 954 διὰ
775 927 822 954 τὸν
836 926 916 961 λόγον

123 976 218 1003 αὑτοῦ.
235 976 290 1002 Kal
304 975 384 1002 πάλιν
397 975 519 1006 ἐκάθισε,
534 975 582 1002 καὶ
595 975 644 1001 οὐκ
661 974 761 1010 ἀνέστη
771 993 779 1005 ,
798 973 850 1005 ἕως
868 973 918 1000 ἀπ-

122 1021 255 1057 εγέμισαν
277 1021 326 1048 ὅλα
340 1020 375 1048 τὰ
393 1020 477 1056 σκεύη
487 1029 494 1037 ε
514 1021 560 1047 καὶ
574 1020 660 1052 οὕτως
672 1020 802 1055 ἀπῆλθεν.

161 1114 216 1147 μα’.
234 1111 264 1138 ’0
278 1112 366 1143 ὰὸϐἱς
384 1111 447 1138 ’Δϊὼ
462 1111 589 1148 ἠρώτησε
604 1112 649 1139 τὸν
662 1111 749 1139 ὰεϐᾶν
762 1111 916 1147 Μακάρων,

123 1156 228 1191 λέγων·
245 1157 314 1184 Εἰπὲ
331 1166 375 1192 μοι
393 1158 478 1193 ῥῆμα.
495 1157 577 1191 Λέγει
595 1157 670 1193 αὐτῷ
686 1159 700 1184 6
718 1157 806 1189 ἀόδᾶς
821 1157 919 1184 Μακά-

124 1211 196 1238 ριος⁴
213 1202 300 1237 Φεῦγε
317 1205 380 1235 τοὺς
394 1203 555 1238 ἀνθρώπους
565 1212 571 1218 ·
589 1204 702 1230 κάθισον
717 1205 757 1236 είς
769 1203 799 1230 τὺ
812 1204 918 1230 κελλίον

124 1258 182 1279 σου,
201 1249 248 1276 καὶ
269 1249 386 1276 κλαῦσον
400 1250 448 1281 τὰς
460 1250 600 1285 ἁμαρτίας
614 1258 660 1276 σου
671 1258 678 1265 ·
695 1250 740 1277 καὶ
758 1250 795 1286 μὴ
811 1251 919 1285 ἀγαπή-

123 1301 173 1330 σῃς
190 1293 284 1321 λαλιὰν
298 1294 449 1329 ἀνθρώπων
467 1302 473 1308 ·
489 1295 536 1321 καὶ
557 1294 640 1331 σώζῃ.

347 1352 417 1386 Περὶ
435 1352 488 1379 τοῦ
505 1352 580 1379 άὸϐᾶ
592 1352 695 1386 Mauri].

159 1397 194 1424 α’.
215 1397 388 1434 Ἐπολεμήθη
404 1398 470 1425 ποτὲ
483 1399 498 1425 6
516 1398 604 1430 ὰῦϐἄς
623 1398 745 1434 Μωῡσῆς
761 1399 783 1414 ⁶⁰
799 1400 839 1430 εἰς
851 1407 919 1434 πορ-

123 1444 199 1470 νείαν
211 1444 281 1471 πάνυ
292 1452 299 1458 ·
316 1446 364 1471 καὶ
381 1446 481 1480 μηκέτι
505 1445 605 1480 ἰσχύων
622 1445 732 1472 καθίσαι
753 1447 794 1478 εἰς
814 1445 844 1472 τὸ
857 1446 920 1472 κελ-

123 1490 190 1522 λίον,
207 1490 324 1526 ἀπῆλθε,
338 1492 384 1518 καὶ
401 1491 546 1526 ἀνήγγειλε
564 1490 603 1526 τῷ
620 1491 692 1527 ἁὸϐᾷ
712 1492 851 1527 Ἰσιδώρῳ.
865 1493 921 1519 Καὶ

124 1537 312 1572 παρεκάλεσεν
335 1537 415 1564 αὑτὸν
435 1539 449 1564 6
472 1538 573 1573 γέρων,
595 1538 637 1564 ἴνα
655 1538 813 1574 ὑποστρέψῃ
836 1539 876 1570 εἰς
890 1539 920 1565 τὸ
934 1556 955 1584 c

124 1583 231 1609 κελλίον
256 1583 349 1610 αὐτοῦ.
367 1584 421 1610 Καὶ
441 1584 470 1610 οὺ
488 1583 659 1617 κατεδέξατο,
686 1583 773 1617 λέγων
796 1584 847 1616 ὅτι,
863 1584 920 1610 Οὐκ

125 1628 221 1663 ἰτχύω,
239 1628 321 1655 ἀῆϐᾶ.
340 1629 395 1656 Καὶ
410 1628 500 1656 λαϐὼν
517 1629 598 1656 αὐτὸν
613 1628 673 1664 μεθ’
693 1629 804 1661 ἑαυτοῦ,
818 1630 921 1665 ἀνήγα-

123 1683 172 1709 γεν
189 1675 230 1706 εὶς
253 1675 283 1701 τὸ
299 1675 387 1710 δῶμα,
406 1676 452 1702 καὶ
467 1676 542 1710 λέγει
561 1675 652 1710 αὐτῷ*
674 1676 796 1711 Πρόσχες
819 1678 859 1708 είς
876 1677 920 1703 δυ-

125 1720 207 1755 σμάς.
224 1721 278 1746 Kal.
290 1720 426 1756 προσχὼν,
439 1720 492 1748 εἶδε
506 1722 608 1758 πλῆθος
618 1722 754 1758 δαιμόνων
769 1723 922 1759 ἀναρίθμη-

124 1775 186 1793 τον·
204 1767 252 1794 καὶ
273 1765 343 1803 ἦσαν
368 1769 576 1804 τεταραγμένοι,
603 1769 649 1796 καὶ
672 1768 852 1805 Θορυϐοὖντες
874 1769 920 1796 τοῦ

125 1813 263 1847 πολεμεῖν.
276 1813 357 1848 Λέγει
370 1814 445 1849 αὑτῷ
459 1814 541 1841 πάλιν
555 1815 569 1841 6
581 1814 669 1846 666i;
689 1815 839 1851 Ἰσίδωρος·
856 1813 922 1841 Βλέ-

125 1860 176 1894 ψον
191 1860 239 1886 καὶ
261 1861 302 1891 εἰς
322 1860 371 1891 τὰς
393 1860 535 1892 ἀνατολάς.
552 1861 607 1888 Καὶ
627 1862 773 1896 προσέσχε,
793 1862 838 1888 καὶ
853 1859 922 1888 εἶδεν

126 1905 302 1941 ἁναρίθμητα
331 1906 421 1941 πλήθη
449 1906 535 1941 ἁγίων
561 1907 685 1942 ἀγγέλων
709 1908 920 1944 δεδοξασμένων.

125 1951 182 1977 Kal.
206 1951 282 1977 εἶπεν
307 1953 321 1978 6
343 1952 430 1984 ἀϐϐᾶς
450 1952 602 1988 Ἰσίδωρος·
627 1954 692 1980 Ἰδοὺ
713 1951 786 1981 οὗτοι
812 1956 881 1981 εἰσιν
897 1956 922 1981 οἱ

125 1998 353 2034 ἀτωστελλόμενοι
364 2000 420 2031 τοῖς
436 1999 522 2034 ἁγίοις
536 1999 612 2036 παρὰ
626 2000 672 2027 τοῦ
688 2001 791 2036 Κυρίου
807 2002 847 2033 εἰς
863 2002 923 2037 βοή-

127 2043 212 2071 οειαν.
227 2044 259 2070 Οἱ
284 2043 312 2070 δὲ
336 2045 376 2076 εἰς
393 2044 508 2080 δυσμὰς,
535 2045 604 2072 εἰσὶν
625 2046 652 2072 οἰ
673 2046 855 2081 πολεμοῦντες
875 2047 923 2072 αὐ-

125 2090 190 2121 τούς
206 2090 240 2117 εί.
259 2090 372 2121 Πλείους
388 2087 433 2117 civ
455 2091 525 2117 εἰσιν
540 2091 566 2117 οἱ
584 2090 644 2126 μεθ’
660 2090 750 2127 ἡμῶν.
769 2091 823 2117 Καὶ
835 2091 922 2122 οὕτως

126 2136 329 2172 εὐχαριστήσας
349 2137 364 2163 6
379 2136 466 2167 666:1;
480 2137 600 2172 Μωῦσῆς
615 2137 654 2172 τῷ
668 2137 738 2172 Θεῷ,
757 2137 836 2164 ἔλαϐε
855 2138 921 2172 θάρ-

128 2191 184 2216 σος,
199 2183 245 2209 καὶ
263 2182 418 2218 ὑπέστρεψε
433 2183 474 2215 εἰς
486 2182 516 2210 τὺ
529 2183 633 2210 κελλίον
649 2183 744 2211 αὐτοῦ.

164 2270 197 2306 β’.
220 2270 347 2305 Ἀδελςςός
361 2280 426 2299 mss
443 2272 546 2308 ἐσφάλη
566 2273 606 2305 εἰς
617 2273 718 2308 Σκῆτιν
731 2283 736 2288 ·
754 2274 800 2300 καὶ
813 2274 924 2309 γενομέ-

127 2327 174 2346 νου
189 2319 339 2356 συνεδρίου,
357 2320 522 2347 ἀπέστειλαν
539 2321 606 2355 πρὸς
627 2321 672 2347 τὸν
685 2320 773 2348 ἅϐϐᾶν
790 2321 921 2356 Μωῡσῆν.

133 2364 163 2391 ’0
174 2364 202 2392 δὲ
217 2366 267 2391 ηὺκ
278 2365 374 2401 ἢθελεν
390 2366 489 2394 ἐλθεῖν.
511 2366 683 2393 Ἀπέστειλεν
696 2364 743 2393 οὖν
758 2367 826 2402 πρὸς
841 2367 922 2394 αὐτὸν

494 2413 533 2423 vr“.
541 2413 563 2423 n‘.

126 2411 142 2437 6
155 2410 352 2447 πρεσϐύτερος.
365 2411 452 2446 λέγων
462 2421 469 2427 ·
494 2413 580 2445 Ἐλθὲ,
604 2413 645 2439 ὅτι
662 2421 689 2439 σε
704 2414 718 2439 6
733 2413 794 2444 λαὸς
809 2413 923 2448 περιμέ-

127 2465 178 2484 νει.
200 2457 230 2484 Ὀ
240 2457 269 2484 δὲ
284 2458 404 2489 ἀναστὰς
414 2457 490 2494 ἦλθε.
504 2459 556 2486 Kal.
570 2459 661 2486 λαϐὼν
674 2459 791 2495 σπυρίδα
803 2468 927 2495 τετρημ-
953 2483 966 2492 ﬂ

130 2503 215 2540 μένην
228 2504 262 2538 ⁸⁸,
277 2505 325 2531 καὶ
341 2505 458 2540 γεμίσας
470 2506 574 2542 ἄμμου,
587 2506 747 2533 ὲὸάστασεν.
764 2507 796 2532 Οἱ
810 2506 838 2532 δὲ
851 2505 924 2537 ἐξελ-

128 2550 222 2582 θόντες
234 2552 274 2583 εἰς
289 2551 441 2588 ἀπάντησιν
454 2552 547 2585 αὐτοῦ,
564 2551 690 2587 λέγουσιν
708 2552 782 2587 αὐτῷ
794 2560 804 2567 “
818 2552 851 2578 Τί
865 2552 923 2578 ἐστι

128 2597 219 2628 τοῦτο.
238 2598 331 2633 Πάτερ
343 2607 350 2630 ;
367 2598 435 2625 Εἷπε
446 2599 475 2626 δὲ
489 2600 580 2631 αὐτοῖς
593 2600 607 2626 6
618 2599 707 2635 γέρων
718 2609 723 2615 -
740 2600 776 2626 Ai
788 2599 923 2635 ἁμαρτίαι

170 2667 193 2683 ⁵⁸
215 2667 258 2693 ΑΙ.
279 2666 428 2695 σκαλίδιον.
475 2667 498 2684 ⁸⁹
518 2667 559 2694 ΑΙ.
582 2667 683 2694 λαϐιὶιν.

131 2702 226 2738 μένην.

166 2760 223 2795 (l5)
243 2761 275 2788 '0
288 2761 380 2796 λόγος
395 2761 412 2788 ό
427 2752 530 2796 auide.
548 2758 705 2796 lnColbert.
717 2759 779 2796 _l_ib.
797 2758 852 2796 ltoe
872 2766 921 2796 ’το-

131 2793 187 2832 peri
203 2793 411 2832 Apophthegiua
428 2803 435 2820 :
455 2793 537 2821 Εἶπεν
548 2794 650 2832 γέρων·
661 2794 705 2832 ’⁷9
717 2793 794 2832 λόγρς
807 2794 821 2819 6
830 2793 920 2832 palm:

131 2828 178 2874 p6;
193 2828 240 2858 καὶ
253 2828 317 2863 ’ἑοὺς
330 2828 429 2862 καλοὺς
440 2831 511 2857 ποιεῖ
523 2828 639 2860 mm;-
656 2830 669 2855 6
684 2829 712 2855 δὲ
729 2829 809 2860 καλὸς
820 2828 922 2863 ὠφελεῖ

129 2875 246 2899 παντας.

741 2667 763 2681 ⁶⁰
789 2666 831 2692 Al.
848 2666 934 2693 inser.
958 2666 972 2692 6
990 2666 1030 2698 είς
1057 2666 1106 2702 τὴν
1132 2665 1250 2700 Πέτραν.
1288 2664 1310 2680 ⁶¹
1332 2664 1374 2691 At.
1389 2664 1474 2700 ἡμᾶς.

967 937 994 960 et
1016 939 1167 966 parumper
1187 931 1296 958 itineris
1320 930 1438 957 confecit
1455 934 1565 964 propter
1581 929 1640 964 ejus
1662 935 1766 955 Sermo-

967 985 1040 1005 nem.
1067 975 1120 1003 Sed
1157 978 1255 1004 iterum
1278 976 1382 1004 resedit
1407 982 1458 1002 nec
1483 974 1652 1006 exsurrexit,
1677 974 1766 1001 donec

967 1023 1164 1058 deposuissent
1188 1025 1317 1049 cunctam
1346 1021 1556 1056 supellectilem.
1584 1019 1663 1047 Tunc
1686 1019 1760 1047 enim

968 1070 1047 1098 abiit.

1008 1116 1056 1144 Η.
1079 1115 1135 1151 (l4)
1151 1114 1241 1142 Abbas
1259 1113 1311 1140 Aio
1330 1112 1509 1148 interrogavit
1531 1112 1656 1139 abbatem
1676 1110 1765 1138 Macn-

975 1162 1058 1194 rium,
1071 1161 1111 1188 sic
1128 1171 1134 1187 :
1150 1160 1238 1187 Dicito
1254 1159 1321 1187 milii
1340 1158 1454 1193 aliquid.
1475 1158 1521 1185 Ait
1534 1158 1559 1186 ei
1576 1158 1662 1185 abbas
1679 1157 1766 1184 Maca-

970 1210 1031 1236 rius
1049 1217 1055 1235 :
1073 1206 1148 1242 Fuge
1173 1206 1313 1239 homines;
1338 1204 1405 1233 sede
1426 1204 1453 1231 in
1475 1205 1543 1232 cella
1568 1208 1626 1236 tua,
1651 1207 1678 1230 et
1698 1202 1767 1230 deﬂe

970 1258 1084 1290 peccata
1097 1257 1160 1285 tua;
1176 1259 1227 1280 nec
1245 1251 1376 1279 dilexeris
1389 1251 1526 1286 loquelam
1542 1251 1702 1284 hominum;
1719 1258 1764 1278 sa-

970 1301 1068 1335 lusque
1080 1299 1128 1327 tibi
1142 1298 1275 1334 obtinget.

1234 1355 1274 1382 De
1299 1355 1394 1382 abbate
1417 1354 1499 1382 Meae.

1009 1403 1032 1429 l.
1055 1401 1125 1438 (14⁸)
1151 1401 1274 1435 Quodam
1303 1405 1426 1437 tempore
1450 1400 1534 1428 abbas
1561 1399 1668 1435 Moyses
1686 1399 1767 1426 whe—

973 1448 1143 1476 mcntissime
1156 1451 1330 1483 oppugnatus
1345 1451 1387 1474 est
1404 1454 1435 1474 ac
1452 1450 1574 1473 tentatus
1592 1446 1625 1473 ad
1642 1445 1763 1472 fornica-

973 1496 1093 1528 tionem;
1110 1503 1161 1522 nec
1179 1495 1275 1521 valens
1290 1494 1408 1529 amplius
1427 1493 1522 1520 sedere
1544 1493 1571 1520 in
1586 1492 1666 1523 cella,
1684 1492 1764 1524 abiit,

973 1540 1164 1574 nuntiavitque
1197 1540 1287 1566 abbati
1312 1538 1426 1566 Isidoro.
1455 1538 1544 1565 Senex
1572 1537 1698 1564 hortatus
1724 1539 1765 1563 est

972 1596 1046 1620 eum,
1066 1592 1095 1615 ut
1113 1587 1139 1614 in
1159 1586 1255 1614 cellam
1275 1593 1352 1613 suam
1373 1588 1569 1612 reverteretur.
1591 1582 1692 1610 Verum
1711 1589 1767 1609 non

972 1634 1121 1670 acquievit,
1146 1633 1244 1661 dicens
1260 1641 1266 1659 :
1283 1631 1341 1658 Non
1366 1631 1454 1663 valeo,
1480 1631 1559 1657 abba.
1584 1629 1662 1656 Tunc
1689 1636 1767 1656 assu—

972 1688 1051 1707 mens
1074 1687 1137 1706 eum
1158 1686 1263 1711 secum,
1283 1677 1398 1704 adduxit
1416 1677 1442 1704 in
1459 1681 1574 1705 tectum.
1599 1679 1627 1702 et
1645 1675 1702 1702 ait:
1717 1675 1765 1701 At-

972 1725 1053 1753 tende
1066 1725 1098 1762 ad
1116 1725 1297 1751 occidentem.
1317 1723 1405 1758 Atque
1422 1722 1578 1753 attendens,
1593 1720 1662 1747 vidit
1678 1721 1762 1747 innu-

972 1779 1076 1798 meram
1092 1770 1246 1797 daemonum
1261 1768 1482 1800 multitudinem;
1501 1771 1580 1794 erant
1598 1771 1688 1794 autem
1700 1773 1765 1793 con-

972 1816 1084 1848 turbati,
1102 1821 1129 1843 et
1142 1815 1343 1843 tumultuantes
1354 1814 1386 1842 ad
1400 1813 1591 1850 praeliandum.
1605 1812 1650 1840 Ait
1665 1813 1768 1840 iterum

972 1863 1058 1890 abbas
1081 1862 1207 1889 lsidorus
1224 1871 1231 1888 :
1250 1860 1366 1896 Respice
1386 1861 1468 1888 etiarn
1488 1859 1520 1886 ad
1546 1859 1692 1886 orientem.
1718 1858 1766 1885 At-

972 1909 1069 1939 tendit,
1090 1908 1288 1942 conspexitque
1306 1905 1535 1934 innumerabilem
1555 1904 1761 1932 multitudinem

973 1959 1131 1983 sanctorum
1150 1955 1309 1989 angelorum
1326 1953 1412 1988 gloria
1431 1952 1606 1979 donatorum.
1623 1950 1697 1978 Dixit
1714 1958 1765 1978 au-

971 2005 1028 2028 tem
1050 2001 1135 2027 abbas
1152 1998 1276 2027 Isidorus
1291 2009 1298 2025 :
1315 1998 1387 2025 Ecce
1401 1998 1445 2025 isti
1461 2001 1525 2024 sunt
1539 1997 1585 2032 qui
1604 2004 1618 2022 a
1633 1996 1687 2023 Deo
1703 1996 1766 2022 mit—

973 2051 1069 2074 tuntur
1085 2046 1189 2073 sanctis
1214 2045 1242 2072 in
1266 2045 1412 2072 auxilium.
1429 2043 1480 2077 Qui
1496 2051 1561 2070 vero
1576 2042 1609 2069 ad
1624 2049 1768 2074 occasum,

974 2093 991 2120 ii
1010 2096 1075 2120 sunt
1088 2091 1135 2127 qui
1151 2090 1264 2118 eosdem
1278 2093 1391 2117 sanctos
1404 2090 1576 2124 impugnant.
1592 2087 1769 2115 Multitudine

973 2145 1041 2173 ergo
1061 2141 1194 2171 superant
1207 2137 1252 2170 qui
1270 2127 1414 2162 nobiscum
1433 2138 1509 2161 sunt.
1525 2134 1617 2164 Atque
1632 2133 1669 2160 ita
1683 2133 1770 2160 abbas

975 2183 1082 2219 Moyses
1098 2182 1195 2218 gratiis
1216 2182 1274 2209 Deo
1292 2181 1371 2214 actis,
1391 2180 1517 2208 liduciam
1535 2179 1665 2214 sumpsit,
1681 2183 1709 2205 et
1724 2186 1767 2205 rc-

939 2242 961 2269 ο
980 2237 1077 2257 versus
1096 2233 1137 2256 est
1153 2229 1179 2255 in
1195 2228 1291 2255 cellam
1307 2235 1395 2254 suam.

1011 2276 1041 2302 2.
1061 2274 1118 2310 (l5)
1132 2274 1160 2302 In
1179 2273 1251 2301 Secti
1272 2273 1419 2308 aliquando
1435 2272 1523 2298 frater
1537 2271 1632 2307 lapsus
1658 2274 1720 2303 est;
1741 2275 1768 2296 et

976 2322 1050 2349 facto
1070 2329 1213 2354 consessu,
1240 2320 1374 2347 miserunt
1393 2320 1425 2345 ad
1444 2319 1568 2346 abbatem
1592 2317 1724 2353 Moysen].
1743 2317 1769 2344 ls

976 2377 1040 2395 vero
1055 2368 1149 2395 venire
1172 2367 1270 2394 noluit.
1289 2366 1384 2401 Itaque
1400 2365 1434 2392 ad
1453 2373 1516 2392 eum
1540 2364 1689 2392 destinavit
1705 2371 1767 2398 pre-

975 2414 1078 2449 sbyter,
1099 2413 1230 2440 nuntians
1246 2422 1253 2439 :
1269 2411 1349 2444 Veni,
1371 2412 1435 2446 quia
1455 2416 1481 2438 te
1495 2415 1585 2438 cretus
1614 2414 1769 2445 exspectat.

975 2461 1098 2495 Surgens
1124 2460 1169 2487 ille
1194 2458 1332 2494 profectus
1354 2462 1408 2486 est.
1428 2458 1461 2484 Et
1478 2457 1617 2492 accipiens
1644 2459 1767 2491 spartam

975 2507 1153 2543 perforatam.
1168 2505 1341 2540 implensque
1352 2512 1447 2536 arena,
1463 2503 1594 2539 portavit.
1608 2502 1648 2529 llli
1661 2510 1766 2530 exeun-

974 2558 1015 2579 tes
1029 2553 1058 2580 in
1072 2559 1217 2580 occursum
1232 2552 1303 2585 ejus,
1317 2555 1416 2586 rogant
1429 2559 1435 2577 :
1448 2550 1520 2584 Quid
1535 2550 1588 2577 hoc
1603 2553 1656 2582 est,
1666 2548 1767 2576 Pater?

975 2598 1126 2634 Respondit
1145 2605 1250 2626 senex:
1265 2597 1380 2625 Peccata
1402 2604 1462 2624 mea
1489 2600 1552 2632 post
1570 2604 1612 2623 me
1630 2594 1765 2624 deﬂuunt,

1524 2663 1547 2680 θ’
1562 2662 1605 2690 Al.
1627 2670 1768 2698 τετρυπη-

1002 2746 1067 2792 ’(ιι)
1090 2758 1143 2785 vn.
1157 2758 1235 2785 I‘atr.
1255 2766 1296 2790 ιιι,
1311 2758 1371 2785 ιεν.

1010 2794 1078 2827 (M')
1100 2794 1151 2820 Vit.
1168 2793 1243 2820 Patr.
1258 2801 1335 2826 xvm,
1349 2794 1391 2820 1‘2.

1013 2829 1069 2864 (i5)
1093 2828 1143 2855 Vit.
1160 2829 1237 2856 Patr.
1249 2836 1286 2863 ix,
1300 2828 1327 2855 4.
