1970 3074
132 129 190 158 285

703 130 1010 160 APOPHTIIEGMATA
1029 129 1182 157 PATMJM‘.

1708 127 1762 155 286

130 188 201 213 ἔοικε
220 187 343 223 σταφυλῇ
361 187 447 224 ὀπτῇ”
466 189 480 215 ὁ
494 189 522 216 δὲ
543 189 572 215 ἐν
583 189 737 225 ἀνθρώποις
754 189 802 222 ὢν,
820 190 858 221 ὡς
871 190 921 225 δμ-

978 189 1062 223 giens,
1081 188 1180 215 similis
1195 189 1238 214 est
1257 189 1460 219 maturae-uva;
1477 185 1532 221 qui-
1544 193 1608 213 vero
1625 185 1696 213 inter
1710 186 1762 214 ho-

130 232 184 267 φαξ
202 232 287 259 ἐστίν.

165 282 201 314 η’.
223 278 343 306 Ἥκουσέ
369 288 432 306 ποτε
447 280 461 306 ὁ
482 280 574 315 ἄρχων
591 282 656 318 περὶ
679 281 725 309 τοῦ
752 281 825 309 ἀΰὸᾶ
840 283 922 310 Μωῦ-

130 324 210 356 ait»;
228 325 275 351 καὶ
290 324 410 360 ἀπῆλθεν
423 326 464 357 εἰς
476 326 576 361 Σκῆτιν
589 326 653 353 ἰδεῖν
665 327 747 354 αὐτόν
756 336 763 342 ·
778 327 827 354 καὶ
838 327 922 362 ἀνήγ-

129 370 223 404 γειλάν
241 379 313 402 τινες
327 371 366 406 τῷ
382 371 489 406 γέροντι
506 371 537 398 τὸ
548 373 679 408 πρᾶγμα·
695 374 742 400 καὶ
756 373 854 409 ἀνέστη
871 383 922 408 φυ-

131 418 191 450 γεῖν
213 418 254 448 εἰς
277 417 306 443 τὸ
322 416 391 448 ἕλος.
418 417 473 444 Καὶ
502 417 660 454 ὑπήντησαν
682 419 756 455 αὐτῷ
779 419 919 454 λέγοντες·

131 463 200 489 Εἰπὲ
216 464 292 498 ἡμῖν,
308 463 389 499 γέρον
400 471 408 479 ·
423 464 475 490 ποῦ
489 464 563 491 ἐστιν
579 465 596 500 ἡ
607 465 689 492 κέλλα
702 466 749 493 τοῦ
760 466 833 494 ἁὸὃᾶ
844 468 923 494 Μωῦ-

130 509 220 541 σέως;
235 509 290 536 Καὶ
307 509 380 543 λέγει
395 510 504 541 αὐτοῖς’
523 510 556 536 Τί
571 510 662 538 Θέλετε
679 512 742 547 παρ’
757 512 858 546 αὐτοῦ;
874 514 922 541 ἄν-

130 555 240 589 θρωπος
254 556 334 588 σαλὸς
349 557 417 584 ἐστι.
436 557 492 584 Καὶ
515 557 600 584 ὲλθὼν
618 559 633 585 ὁ
646 559 738 594 ἄρχων
758 560 797 591 εἰς
811 560 861 595 τὴν
874 560 921 587 ὲκ-

130 602 253 637 κλησέαν,
270 603 343 638 λέγει
358 605 414 636 τοῖς
429 603 568 640 κληρικοῖς
578 613 585 620 ν
606 606 676 640 Ἐγὼ
691 606 798 634 ἀκούων
811 608 845 634 τὰ
858 609 923 644 περὶ

128 648 176 674 τοῦ
192 648 265 675 ἁὸὒιί
280 649 428 682 Μωῦσέως,
448 650 583 685 κατῆλθον
605 652 670 679 ἰδεῖν
690 653 789 680 αὐτόν·
803 654 851 680 καὶ
866 654 922 681 ἰδοὺ

127 694 285 730 ὑπήντησεν
300 696 365 730 ἡμῖν
389 695 477 731 γέρων
504 697 618 731 ὑπάγων
640 698 680 729 εἰς
703 698 853 733 Αἴγυπτον,
872 700 920 726 καὶ

128 740 242 776 εἴπομεν
252 741 326 776 αὐτῷ
336 750 342 757 ·
357 742 410 768 Ποῦ
422 742 520 779 ἔστινὴ
535 743 616 770 κέλλα
627 744 673 770 τοῦ
685 744 757 772 assa
764 746 917 778 Μωῦσέωςς

129 787 176 813 καὶ
191 787 265 821 λέγει
286 788 352 824 ἡμῖν
364 796 371 803 ·
389 788 421 814 Τί
436 789 527 815 θέλετε
546 789 594 816 ἀπ’
614 791 715 824 cocci;
734 791 815 824 σαλός
836 793 920 820 ἔστιν.

135 833 312 866 Ἀκούσαντες
330 834 359 861 δὲ
374 835 399 860 οἱ
412 835 549 871 κληρικοὶ,
572 836 756 872 ἐλυπήθησαν,
778 837 902 872 λέγοντες
913 847 920 854 ο

975 234 1062 261 mines
1078 236 1214 265 versatur,
1234 237 1276 259 est
1292 231 1364 258 sicut
1375 238 1427 258 uva
1444 231 1554 259 acerba.

1009 279 1035 306 8.
1054 278 1110 314 ('15)
1132 278 1243 305 Amlivit
1272 277 1419 312 aliquando
1447 281 1538 305 rector
1557 277 1707 313 provincia:
1728 277 1763 304 de

973 324 1071 351 abbate
1089 324 1192 359 Moyse,
1205 327 1233 350 et
1246 323 1346 350 Sectim
1365 322 1398 350 ad
1420 322 1567 350 videndum
1589 331 1650 350 eum
1672 323 1763 358 profe-

974 374 1035 396 ctus
1052 373 1113 396 est:
1138 369 1248 404 quidam
1267 373 1357 395 autem
1386 376 1442 396 rem
1465 369 1661 396 nuntiaverunt
1684 369 1761 401 seni;

973 415 1019 450 qui
1041 415 1160 443 surrexit
1178 419 1208 442 ut
1233 415 1339 450 fugeret
1359 415 1386 442 in
1409 415 1548 450 paludem.
1573 414 1762 442 Occurrerunt

973 462 1009 495 ei,
1025 463 1234 497 perennitatique
1247 467 1330 489 sunt:
1345 461 1444 492 Senex,
1457 461 1573 488 ostende
1606 461 1684 488 nobis
1706 461 1763 487 ubi-

972 515 1036 535 nam
1053 509 1089 536 sit
1100 509 1209 536 abbatis
1227 508 1333 543 Moysis
1341 507 1430 535 cella?
1448 507 1600 542 Respondit
1617 508 1657 534 eis
1671 516 1677 534 ε
1690 506 1761 540 Quid

973 554 1008 581 ab
1022 561 1055 581 eo
1066 553 1165 581 vultis?
1180 554 1262 581 homo
1277 553 1395 581 stolidus
1408 557 1460 580 est.
1481 552 1601 580 Veniens
1617 559 1682 588 ergo
1693 559 1762 587 pra:-

972 607 1017 627 ses
1031 600 1064 627 ad
1082 599 1238 633 ecclesiam,
1254 599 1291 626 ait
1306 599 1416 627 clericis
1431 608 1438 626 :
1457 598 1522 634 Ego,
1535 598 1637 626 auditis
1654 598 1762 626 abbatis

973 645 1076 681 lloysis
1089 645 1248 678 virtutibus,
1272 645 1369 673 deveni
1387 649 1417 672 ut
1429 644 1551 672 viderem
1564 652 1638 671 eum.
1652 644 1684 670 Et
1698 651 1763 671 ecce

973 692 1071 719 obvius
1098 691 1177 719 nobis
1202 691 1253 718 fuit
1285 698 1369 719 senex
1392 697 1509 726 pergens
1530 690 1563 716 ad
1594 689 1761 725 A‘ngptum;

974 745 1054 772 quem
1079 737 1320 772 interrogavimus,
1338 735 1383 762 ubi
1401 740 1474 762 esset
1485 735 1554 762 cella
1567 735 1674 762 abbatis
1687 734 1763 770 Moy-

972 784 1020 810 sis.
1045 782 1179 818 Deditque
1202 789 1384 817 respoasum:
1404 781 1474 814 Quid
1493 789 1555 809 eum
1572 781 1673 808 vultis?
1690 781 1763 807 Mota

974 833 1063 856 mente
1086 833 1139 856 est.
1156 828 1260 862 Quibus
1274 828 1429 860 intellectis,
1452 827 1565 854 tristitia
1587 826 1676 854 aﬂ‘ecli
1698 829 1763 853 sunt

128 880 254 912 Ποταπὺς
264 878 298 915 ἦν
308 881 322 907 ό
332 880 441 916 γέρωνὸ
455 869 543 908 ταῦτα
554 869 673 918 λαλήσας
683 869 753 910 {me
767 869 918 918 τοῦ-ἁγίους

978 869 1084 907 ;1”ετὶοἱ;
1112 874 1297 908 dixeruntque
1312 883 1319 900 ι
1334 873 1494 907 Cujusmodi
1519 877 1578 900 erat
1601 880 1683 900 senex
1705 872 1763 904 ille,

129 926 161 952 Οἱ
179 926 207 953 δὲ
218 924 294 954 εἷπον
304 935 312 942 ·
328 927 429 963 Γέρων,
443 928 546 955 παλαιὰ
563 929 665 964 φορῶν,
683 930 790 965 μακρὸς
804 931 852 957 καὶ
872 940 920 966 με-

129 972 219 1004 λαινίδς.
236 974 271 1000 Οἱ
285 973 313 1000 δὲ
332 970 409 1000 εἷπον
421 983 429 990 ο
444 974 531 1007 Αὐτός
547 975 622 1002 ἐστιν
642 976 656 1002 ό
673 976 761 1008 esse;
780 978 919 1013 Μωῡσῆς·

127 1018 176 1044 καὶ
191 1018 236 1044 διὰ
259 1019 290 1045 τὺ
308 1019 345 1054 μὴ
362 1020 518 1054 ἀπαντῆσαι
539 1020 620 1047 αὑτὸν
636 1022 711 1056 ὑμῖν,
735 1021 823 1049 ταῦτα
844 1021 922 1049 εἶπεν

127 1065 204 1100 ὑμῖν.
219 1064 307 1092 Πολλὰ
318 1065 346 1092 δὲ
360 1065 510 1102 ὠφεληθεὶς
525 1067 539 1093 ὁ
552 1067 643 1103 ἄρχων
662 1067 848 1104 ἀνεχώρησεν.

162 1154 195 1182 0'.
215 1155 326 1189 Ἔλεγεν
340 1156 354 1182 ὁ
364 1155 454 1187 ἀὸΰᾱς
469 1156 590 1191 Μωῦσῆς
604 1156 633 1182 ἐν
650 1156 750 1192 Σκήτει
760 1165 767 1172 ·
791 1157 854 1184 Ἐὰν
870 1166 921 1192 φυ-

125 1201 253 1237 λάξωμεν
269 1202 319 1234 τὰς
345 1202 455 1235 ἐντολὰς
470 1204 523 1230 τῶν
537 1203 667 1239 Πατέρων
694 1203 784 1239 ἡμῶν,
798 1204 854 1238 ἐγὼ
875 1206 920 1239 ὲγ-

126 1247 238 1283 γυῶμαι
259 1249 332 1284 ὑμᾶς
352 1249 422 1284 πρὸς
442 1249 488 1276 τὸν
505 1250 582 1282 Θεὸν,
597 1250 639 1276 ὅτι
662 1249 794 1286 βάρϐαροι
812 1251 862 1277 οὐκ
875 1251 922 1287 ἕρ-

127 1303 219 1329 χονται
233 1291 296 1322 ὧδε,
310 1295 342 1321 Et
358 1295 386 1322 δὲ
401 1295 438 1330 μὴ
458 1294 629 1330 φυλάξωμεν,
641 1295 819 1331 ἐρημωθῆναι
834 1295 890 1332 ἔχει
907 1297 921 1323 ὁ

126 1340 209 1372 τόπος
223 1337 311 1372 οὗτος.

164 1389 190 1412 ι’.
210 1385 382 1421 Καοημένων
394 1385 422 1412 δέ
442 1394 507 1412 ποτε
522 1386 577 1413 τῶν
601 1386 724 1421 ἀδελφῶν
739 1386 807 1422 πρὸς
827 1387 920 1419 αὑτὸν,

127 1431 222 1467 ἔλεγεν
243 1433 352 1464 αὐτοῖς⁹
378 1432 442 1459 Ἰδοὺ
465 1432 598 1468 βάρϐαροι
621 1434 740 1469 σήμερον
757 1434 798 1465 εἰς
821 1433 920 1469 Σκῆτιν

128 1478 252 1513 {glow-rat
263 1487 269 1493 '
281 1478 348 1506 ἀλλὰ
363 1479 499 1514 ἀνάστητε
509 1478 557 1505 καὶ
567 1479 678 1514 φύγετε.
692 1479 824 1514 Λέγουσιν
835 1479 918 1514 αὐτῷ’

128 1523 163 1549 Σὺ
179 1521 225 1550 οὖν
236 1524 267 1550 οὐ
282 1523 403 1558 φεύγεις,
417 1523 510 1556 ἀ66ἄ;
534 1523 563 1550 '0
577 1524 605 1551 δὲ
626 1522 703 1551 εἶπεν
720 1525 828 1556 αὑτοξ·
850 1523 921 1559 Ἐγὼ

125 1569 247 1596 τοσαῦτα
263 1569 309 1604 ἐτη
325 1569 466 1606 προσδοκῶ
480 1569 645 1605 τὴν-ἡμέραν
657 1570 759 1606 ταύτην
771 1578 778 1586 ·
793 1571 836 1597 ἵνα
851 1570 922 1606 πλη-

130 1615 202 1651 ρωθῇ
220 1616 234 1642 ὁ
244 1615 323 1649 λύγος
334 1615 381 1642 τοῦ
392 1615 528 1642 Δεσπότου
543 1615 673 1651 Χριστοῦ,
688 1616 813 1651 λέγοντος
822 1624 829 1631 ’
843 1615 921 1643 Πάν-

127 1670 177 1694 τες
201 1662 229 1687 οἱ
252 1661 398 1694 λαϐόντες
419 1661 581 1696 μάχαιραν,
601 1662 637 1688 ἐν
656 1663 788 1696 μαχαίρᾳ
807 1662 920 1689 ἀποθα-

127 1707 252 1734 νοῦνται
265 1707 299 1734 ⁷ο.
318 1708 450 1742 Λέγουσιν
474 1707 564 1743 αὐτῷ·
585 1707 652 1734 Οὐδὲ
670 1709 750 1744 ἡμεῖς
773 1707 919 1742 φεύγομεν,

127 1753 198 1785 ἀλλὰ
221 1753 290 1788 μετὰ
307 1753 354 1779 σοῦ
375 1752 597 1788 ἀποθνήσκομεν.
615 1754 644 1780 '0
658 1753 686 1779 δὲ
711 1750 787 1779 εἶπεν
809 1753 919 1784 αὐτοῖς’

135 1799 211 1834 Ἐγὼ.
223 1801 340 1835 πρᾶγμα
352 1800 401 1826 οὐκ
417 1800 488 1834 ἔχω)
506 1800 621 1830 ἕκαστος
642 1799 762 1834 βλεπέτω
780 1799 838 1830 πῶς
852 1799 922 1826 καο-

127 1846 228 1878 έξεται.
252 1844 342 1872 Ἦσαν
362 1846 391 1872 δὲ
416 1846 486 1873 ἑπτὰ
510 1846 633 1880 ἀδελφοὶ»
642 1846 688 1872 καὶ
713 1846 787 1880 λέγει
807 1845 899 1877 αὐτοῖς
914 1854 920 1861 ·

134 1894 200 1920 Ἰδοὺ
215 1895 240 1920 οἱ
258 1893 392 1929 βάρϐαροι
408 1893 547 1927 ἐγγίζουσι
566 1894 599 1928 τῇ
619 1892 698 1929 θύρᾳ.
714 1893 768 1919 Καὶ
785 1892 922 1919 εἰσελθόν-

127 1949 185 1972 τες,
208 1940 359 1975 ἐφόνευσαν
378 1940 488 1971 αὐτούς.
513 1938 560 1971 Εἷς
576 1940 604 1966 δὲ
629 1939 658 1973 ἐξ
681 1939 770 1966 αὐτῶν
783 1939 806 1954 ⁷¹
822 1938 923 1974 ἔφυγεν

127 1987 218 2015 ὀπίσω
228 1986 278 2022 τῆς
294 1987 388 2022 σειρᾶς
399 1995 405 2002 ·
422 1987 470 2013 καὶ
490 1984 559 2014 εἶδεν
574 1986 645 2013 ἑπτὰ
660 1986 809 2020 στεφάνους
823 1985 923 2012 κατελ-

130 2033 238 2065 θόντας,
255 2033 304 2063 καὶ
320 2032 549 2068 στεφανώσαντας
564 2032 674 2065 αὐτούς.

166 2084 212 2107 ια’.
235 2079 361 2114 Ἀδελφὸς
371 2080 499 2115 ἠρώτησε
514 2080 560 2106 τὸν
573 2079 660 2107 ἀϐὄᾶν
675 2079 806 2111 Μωῦσέα,
816 2079 904 2114 λέγων
915 2087 922 2093 ·

135 2126 209 2162 Ὀρῶ
225 2126 341 2153 ἐνώπιόν
357 2135 408 2161 μου
422 2127 548 2162 πρᾶγμα,
561 2127 610 2153 καὶ
621 2126 652 2153 οὐ
665 2126 783 2161 δύναμαι
799 2125 866 2153 αὐτὸ
879 2134 925 2152 κα-

129 2171 251 2206 τασχεῖν.
266 2170 350 2203 Λέγει
368 2170 442 2206 αὐτῷ
454 2171 472 2199 ὁ.
483 2171 588 2206 γέρων·
611 2171 673 2198 Ἐὰν
688 2171 725 2207 μὴ
749 2171 812 2206 γίνῃ
825 2170 922 2206 νεκρὸς

129 2218 167 2249 ὡς
184 2219 209 2244 οἱ
226 2217 369 2252 ταφέντες,
385 2218 416 2244 οὺ
427 2217 540 2246 δύνασαι
552 2217 619 2244 αὐτο
630 2219 787 2254 κατασχεῖν.

167 2305 212 2333 ιϐ’.
232 2303 315 2332 Εἶπεν
335 2307 350 2333 ὁ
362 2306 450 2338 ἁϐὃᾶς
467 2306 582 2342 Ποιμὴν,
603 2307 645 2333 ὅτι
667 2305 781 2341 ἀδελφὸς
800 2304 925 2340 ἠρώτησε

129 2351 176 2382 τιὸ-ι
191 2351 279 2378 ἀῧόἄν
294 2351 424 2383 Μωῠσέα,
444 2351 513 2386 ποίῳ
535 2351 630 2386 τρόπῳ
650 2352 742 2387 νεκροί
761 2351 857 2378 ἑαυτὸν
877 2351 924 2377 άν-

131 2397 242 2432 (ὶρωπος
256 2397 311 2424 ἀπὸ
332 2397 380 2424 τοῦ
399 2397 522 2432 πλησίον.
539 2398 595 2424 Καὶ
611 2395 688 2424 εἶπεν
709 2396 784 2432 αὐτῷ
807 2397 821 2423 ὁ
835 2396 925 2432 γέρων

130 2444 184 2475 ὅτι,
206 2443 269 2470 Ἐὰν
291 2444 329 2480 μὴ
348 2444 425 2478 Θήσει
451 2444 594 2480 ἄνθρωπος
608 2445 637 2470 ἐν
656 2445 689 2480 τῇ
706 2443 805 2479 καρδίᾳ
829 2443 923 2476 αὑτοῦ,

129 2490 228 2517 ἑαυτὸν
244 2491 267 2506 τ’
283 2490 334 2526 ἥδη
358 2491 507 2526 τριήμερον
523 2489 547 2505 ⁷³
562 2490 591 2516 ὲν
616 2489 751 2525 μνημείῳ,
773 2490 804 2516 οὐ
827 2489 924 2523 φθάνει

129 2539 170 2569 εὶς
185 2538 230 2564 τὴν
247 2537 327 2571 λόγον
340 2537 444 2563 τοῦτον.

168 2587 212 2618 ιγ’.
232 2584 344 2618 Ἔλεγον
364 2582 491 2619 περὶτοῦ
513 2582 586 2610 ἀϐὃᾶ
600 2582 739 2614 Μωῦσέως
752 2583 791 2614 εἰς
811 2582 922 2617 Σκῆτιν,

130 2631 172 2656 ὃτι
187 2629 226 2662 ὡς
250 2629 369 2665 ἤμελλεν
388 2629 476 2656 ἐλθεῖν
500 2631 540 2662 εις
564 2629 614 2664 τὴν
639 2629 756 2664 Πέτραν,
776 2628 923 2655 ἐκοπίασεν

130 2675 230 2704 ὁδεύων
242 2685 249 2692 σ
265 2676 313 2703 καὶ¹
327 2675 421 2711 ἔλεγεν
437 2677 466 2704 ὲν
481 2676 569 2712 ἑαυτῷ
581 2684 588 2691 ·
604 2675 666 2708 Πῶς
679 2676 796 2712 δύναμαι
810 2675 840 2702 τὸ
852 2675 923 2711 ὕδωρ

970 920 1087 956 quiba'c
1107 920 1221 955 protulit
1246 920 1378 946 adversus
1405 919 1553 946 sanctum?
1570 918 1610 946 illi
1628 929 1634 945 :
1661 918 1760 951 Senex,

970 965 1070 993 detrita
1086 970 1171 997 veste,
1186 966 1284 1000 longus
1299 969 1327 991 et
1340 965 1430 1000 niger.
1441 964 1520 992 Tunc
1535 964 1652 992 clerici;
1663 964 1688 991 Is
1703 965 1761 999 ipse

970 1017 1013 1040 est
1024 1012 1111 1040 abbas
1126 1011 1252 1047 Moyses;
1263 1012 1310 1046 qui
1325 1020 1359 1039 ne
1374 1012 1516 1038 vobiscum
1532 1010 1763 1045 congrederetur.

971 1058 1022 1085 ista
1039 1058 1197 1092 prolocutus
1213 1061 1265 1085 est.
1282 1057 1384 1085 llcctor
1398 1065 1460 1084 cum
1474 1065 1572 1093 magno
1587 1057 1684 1084 animat
1698 1064 1764 1092 pro-

971 1111 1067 1139 gressu
1084 1104 1222 1132 discessit.

1006 1159 1033 1186 9.
1055 1159 1112 1194 (26)
1129 1158 1240 1186 Dicebat
1261 1158 1346 1186 abbas
1369 1158 1476 1194 Moyses
1501 1158 1527 1185 in
1547 1158 1619 1186 Sceli
1637 1168 1645 1186 :
1662 1158 1690 1186 Si
1711 1166 1764 1186 cu-

973 1205 1152 1232 stodierimus
1178 1204 1305 1231 mandata
1326 1202 1438 1230 Patrum
1463 1206 1630 1234 nostrorum,
1652 1211 1702 1239 ego
1724 1203 1760 1231 de

972 1249 1027 1278 Deo
1040 1250 1116 1278 vobis
1131 1250 1262 1284 spondeo,
1279 1250 1332 1276 huc
1354 1249 1486 1277 barbaros
1503 1257 1676 1285 nequaquam
1693 1258 1759 1277 ven-

972 1301 1057 1324 turos.
1079 1296 1155 1329 Quod
1172 1296 1195 1324 si
1215 1303 1268 1322 non
1293 1296 1504 1328 servaverimus,
1521 1295 1574 1323 iste
1592 1296 1668 1324 locus
1684 1296 1763 1324 deva-

972 1342 1102 1370 stabitur.

1009 1388 1051 1415 10.
1074 1388 1130 1423 (27)
1156 1387 1320 1415 Sedentibus
1344 1391 1434 1414 autem
1461 1387 1609 1422 aliquando
1631 1387 1766 1414 fratribus

972 1434 1044 1469 apud
1056 1442 1130 1465 eun).
1156 1433 1319 1468 signiﬁcavit
1345 1434 1417 1461 illis:
1437 1433 1475 1460 lin
1500 1434 1581 1461 hodie
1599 1432 1710 1460 barbari
1734 1433 1765 1460 in

976 1481 1078 1508 Scetim
1094 1480 1201 1508 venturi
1216 1484 1300 1514 sunt;
1315 1480 1362 1507 sed
1381 1479 1485 1514 surgite
1502 1487 1537 1507 ac
1555 1479 1649 1514 fugite.
1666 1478 1766 1506 Dicunt

973 1527 998 1554 ei
1014 1535 1021 1553 :
1036 1525 1080 1553 Tu
1105 1533 1170 1561 ergo
1191 1533 1245 1553 non
1274 1525 1357 1560 fugis,
1380 1525 1467 1552 abba?
1481 1524 1632 1560 Respondit
1647 1534 1654 1553 :
1672 1525 1727 1560 Ego
1749 1533 1766 1553 τι

975 1577 1015 1599 tot
1039 1572 1118 1599 annis
1134 1577 1263 1607 exspecto
1278 1571 1349 1599 diem
1367 1571 1451 1604 hunc,
1466 1576 1495 1598 ut
1513 1572 1683 1607 compleatur
1712 1572 1766 1600 ista

971 1626 1062 1647 sermo
1091 1618 1198 1646 Domini
1221 1618 1323 1646 Christi
1339 1628 1345 1645 :
1364 1618 1460 1646 Omnes
1471 1619 1516 1653 qui
1535 1619 1683 1652 acceperint
1710 1618 1767 1654 gla-

970 1665 1045 1693 dium
1061 1664 1150 1701 gladio
1167 1664 1334 1700 peribunt".
1356 1664 1433 1692 Tunc
1448 1665 1486 1692 illi
1502 1674 1508 1691 :
1523 1663 1615 1699 Neque
1630 1672 1681 1692 nos
1694 1663 1765 1699 fugi-

973 1720 1044 1744 mus,
1062 1712 1109 1740 sed
1121 1716 1212 1739 tecum
1237 1713 1383 1739 morimur.
1399 1711 1526 1746 Excepit:
1545 1711 1599 1747 Ego
1613 1716 1689 1739 extra
1705 1711 1765 1738 cul—

973 1766 1035 1793 pam
1050 1766 1126 1792 sum;
1141 1759 1230 1786 videat
1249 1758 1439 1793 unusquisque
1455 1766 1510 1793 quo
1529 1758 1610 1785 modo
1631 1758 1761 1785 resideat.

973 1804 1060 1832 Porro
1075 1809 1155 1833 erant
1168 1809 1271 1840 septem
1287 1804 1397 1832 fratres.
1409 1805 1454 1831 Ait
1473 1805 1526 1832 illis
1545 1813 1552 1831 :
1570 1804 1640 1831 Ecce
1654 1803 1769 1832 barbari

973 1851 1046 1878 ostio
1059 1851 1290 1886 appropinquant.
1305 1849 1357 1882 Qui
1369 1850 1515 1882 intrantes,
1528 1850 1690 1877 occiderunt
1702 1856 1762 1876 eos.

974 1897 1052 1925 Unus
1079 1902 1173 1924 autem
1201 1896 1268 1932 fugit
1284 1901 1346 1931 post
1361 1896 1496 1932 plectam;
1518 1896 1640 1931 viditque
1661 1899 1768 1931 septem

973 1951 1092 1972 coronas
1111 1944 1320 1976 descendentes,
1337 1943 1467 1971 redimire
1484 1943 1573 1978 capita
1588 1950 1695 1971 eorum.

1010 2075 1054 2102 tl.
1077 2073 1172 2103 Frater
1193 2075 1233 2102 sic
1255 2074 1436 2105 interrogavit
1468 2073 1593 2102 abbatem
1621 2073 1741 2110 Moysem
1759 2083 1766 2102 ι

976 2121 1042 2149 Rem
1063 2120 1142 2148 video
1162 2128 1255 2148 coram
1274 2128 1327 2153 me,
1346 2128 1398 2147 nec
1413 2127 1526 2155 possum
1542 2128 1602 2147 eam
1619 2127 1767 2156 occupare.

975 2168 1045 2196 Dicit
1061 2168 1085 2196 ei
1105 2175 1189 2196 senex
1204 2177 1210 2194 :
1229 2167 1288 2196 Nisi
1314 2167 1405 2194 factus
1419 2166 1505 2194 fueris
1526 2171 1662 2198 mortuus,
1680 2167 1769 2194 instar

942 2225 962 2251 ο
975 2222 1069 2242 eorum
1090 2215 1136 2249 qui
1161 2214 1289 2249 sepulcro
1305 2213 1484 2248 obteguntur,
1501 2219 1555 2239 non
1574 2212 1677 2247 poteris
1692 2211 1768 2239 illaut

977 2261 1192 2296 apprehendere.

1014 2304 1058 2331 l2.
1081 2304 1138 2340 (‘28)
1153 2303 1298 2332 Referente
1313 2304 1412 2332 abbate
1429 2303 1557 2331 Pmmene
1572 2302 1761 2338 cognovimus.

975 2351 1049 2387 quod
1065 2352 1150 2379 frater
1163 2351 1288 2379 abbatem
1315 2350 1434 2387 Moysen:
1457 2351 1676 2386 interrogaverit,
1693 2350 1770 2385 quali

977 2398 1058 2425 modo
1075 2398 1158 2425 homo
1182 2398 1302 2433 seipsnm
1334 2401 1473 2424 mortuum
1496 2397 1622 2431 proximo
1642 2404 1693 2424 suo
1711 2395 1769 2423 eili-

975 2446 1048 2478 ciat;
1063 2444 1238 2480 responderit
1248 2449 1338 2471 autem
1354 2451 1438 2471 senex
1452 2452 1458 2470 :
1472 2442 1530 2470 Nisi
1545 2442 1670 2478 posuerit
1684 2442 1766 2469 homo

977 2492 1005 2518 in
1018 2491 1101 2518 corde
1116 2498 1177 2521 SIIO.
1193 2498 1223 2518 se
1235 2490 1291 2525 jam
1308 2489 1467 2516 triduanum
1483 2488 1511 2515 in
1525 2487 1653 2524 sepulcro
1661 2487 1766 2523 jacere,

975 2545 1028 2565 non
1045 2537 1174 2572 pertingit
1189 2537 1223 2564 ad
1238 2544 1301 2564 eum
1316 2543 1482 2563 sermonem.

1012 2583 1055 2610 13.
1083 2583 1199 2610 Aiebant
1221 2582 1256 2610 de
1283 2581 1380 2609 abbate
1404 2581 1497 2616 Moyse
1526 2580 1553 2607 in
1582 2580 1667 2612 Sceti,
1692 2580 1768 2615 quod

975 2628 1085 2656 Petram
1103 2633 1247 2659 venturus,
1264 2627 1429 2662 defatigatus
1445 2631 1488 2654 est
1507 2626 1534 2654 in
1551 2627 1667 2658 itinere;
1681 2625 1766 2653 dixit-

974 2683 1029 2711 que
1055 2675 1127 2711 apud
1150 2674 1329 2710 semetipsum
1350 2683 1356 2701 :
1376 2673 1436 2706 Qua
1463 2673 1570 2700 ratione
1597 2676 1692 2707 potero
1721 2671 1766 2698 hic

160 2759 185 2776 "
204 2759 247 2786 ΑΙ.
263 2759 439 2787 ἀπολοῦνται.
477 2759 499 2774 ⁷¹
514 2759 556 2786 Al.
576 2758 660 2787 inser.
675 2758 815 2795 φοϐηθείς.
860 2758 921 2786 "Ai

978 2767 1034 2794 ζειν.
1052 2758 1076 2774 ⁷³
1091 2758 1133 2786 Al.
1144 2758 1208 2794 τρία
1224 2757 1283 2794 ἔτη.
1321 2757 1345 2775 ⁷⁴
1359 2755 1453 2784 Matth.
1474 2763 1548 2789 λινε,
1566 2755 1615 2783 52,

167 2839 224 2870 (‘23)
249 2838 303 2865 Vit.
324 2838 400 2865 Patr.
417 2846 476 2869 vult,
496 2837 538 2864 l0.

167 2875 223 2910 (ἐϋ)
247 2874 304 2901 Vit.
316 2873 395 2901 Patr.
409 2880 486 2905 xvm,
502 2873 544 2901 ιλ

1018 2835 1074 2868 ('17)
1099 2834 1150 2862 Vit.
1169 2835 1244 2862 Patr.
1257 2841 1334 2866 xvtn,
1349 2834 1392 2861 H.

1018 2871 1073 2907 (28)
1093 2870 1146 2900 Vit.
1166 2871 1242 2899 Patr.
1258 2869 1342 2905 x,63,
1361 2878 1416 2904 vu;
1434 2877 1508 2903 xxv»,
1523 2868 1542 2896 ι
