1970 3074
176 135 229 163 23Ἰ

750 135 924 164 APPENDIX
944 134 991 162 AD
1010 134 1225 163 PALLADIUM.

1761 135 1814 163 288

175 198 346 226 congregare
361 199 459 226 aquam
475 193 583 219 meam?
595 192 674 220 Tunc
688 192 832 220 descendit
847 192 880 219 ad
892 192 968 219 illum

1034 200 1075 218 ιου
1084 193 1248 226 συναγαγεῖν
1261 188 1312 218 ὧδε
1325 191 1396 224 ;Καὶ
1409 186 1493 224 ἦλθεν
1505 191 1580 226 αὺτῷ
1595 191 1670 227 φωνὴ
1685 191 1812 226 λέγουσα·

180 243 232 264 vox
249 236 408 271 hujusmodi
427 247 433 264 :
451 237 537 270 Intra,
566 246 618 266 nec
645 238 794 273 quidquam
817 238 969 265 curaveris.

179 283 274 317 Itaque
291 282 427 309 introivit.
447 283 632 310 Accesserunt
646 284 680 311 ad
696 292 758 311 cum
775 283 886 310 Patrum
902 290 972 310 non-

179 329 265 363 nulli;
281 337 331 356 nec
344 329 437 356 habuit
453 329 505 357 nisi
524 332 632 358 unicam
653 331 777 365 [egenam
797 338 893 366 aquae:
912 337 972 365 quae

179 376 227 404 ubi
247 384 344 411 parum
362 377 556 404 leutieularum
578 378 712 410 coxisset,
736 381 899 412 consumpta
917 380 970 403 est.

181 422 259 450 Unde
275 430 357 451 senex
381 424 543 458 angebatur.
562 423 633 460 Ergo
657 423 815 459 ingrediens
839 431 870 450 ac
891 431 971 458 egre-

181 470 259 497 diens
280 470 378 498 orabat
395 470 490 497 Deum.
511 471 579 498 Cum
600 478 665 498 ecce
680 471 767 498 nubes
784 470 881 498 imbris
897 471 972 498 venit

181 522 266 550 super
280 515 407 543 Petram:
422 520 504 552 atque
523 524 538 544 e
554 516 645 552 pluvia
662 518 754 544 omnia
771 524 836 545 vasa
855 524 904 544 sua
922 517 973 544 iiii-

180 562 276 597 plevit.
293 561 359 589 Post
372 563 431 590 haec
446 570 538 590 senem
556 563 722 598 compellant
744 573 750 591 :
771 563 900 591 Edissere
921 571 973 590 no-

181 608 237 640 bls,
250 616 335 643 quare
347 609 548 644 ingrediebaris
563 613 590 636 et
604 609 800 644 egrediebaris.
817 609 974 644 Respondet

182 656 222 683 eis
239 665 245 683 :
261 655 379 683 Causam
398 664 460 683 cum
475 655 532 683 Deo
546 656 732 691 disceptabam
748 656 913 683 :Adduxisti
932 664 974 683 me

182 704 247 734 huc,
263 707 346 737 atque
363 710 397 729 en
421 710 491 738 aqua
510 710 601 734 careo,
617 710 700 738 quam
721 703 815 730 bibant
833 702 905 730 servi
922 703 972 729 tui.

182 748 329 784 Propterea
346 748 482 776 iutrabam
495 753 521 776 et
533 749 643 777 exibant
659 756 760 784 rogans
772 748 870 780 Deum,
886 757 974 783 usque

182 802 237 830 quo
254 795 334 822 nobis
350 795 465 822 miserit.

219 841 261 868 ιι.
279 841 351 876 (29)
369 840 441 868 Dixit
458 841 542 869 abbas
558 841 684 877 Moyses:
700 841 783 868 Debet
801 842 882 868 homo
904 841 972 868 mori
992 869 1013 896 Β

183 888 259 915 socio
275 896 337 921 suo,
355 893 383 915 ut
401 896 454 915 non
473 889 576 924 judicet
591 897 653 916 eum
670 889 697 916 in
714 889 768 915 ulla
785 896 824 916 re.

219 976 263 1004 15.
283 977 351 1013 (30)
367 977 470 1005 lterum
490 978 560 1004 oixit
581 988 587 1005 :
605 977 690 1005 Debet
706 978 789 1006 homo
811 978 976 1005 mortiﬁcare

184 1033 214 1052 se
231 1024 265 1051 ab
279 1025 354 1051 omni
377 1032 407 1052 re
427 1025 509 1057 mala,
532 1025 691 1059 priusquam
704 1024 863 1060 egrediatur
880 1032 895 1052 e
917 1032 979 1052 cor-

184 1080 261 1107 pore,
278 1075 307 1098 ut
321 1070 388 1098 nulli
401 1071 507 1098 homini
523 1071 594 1099 male
610 1070 704 1098 faciat.

220 1165 264 1191 l6.
286 1164 334 1198 (3i
349 1163 358 1198 )
375 1163 408 1190 Et
422 1162 519 1189 iterum
532 1171 539 1188 :
550 1161 608 1189 Nisi
623 1161 705 1188 homo
716 1161 841 1188 habuerit
854 1162 882 1188 in
895 1162 978 1189 corde

185 1219 246 1242 suo,
262 1211 334 1245 quod
356 1214 483 1245 peccator
506 1213 559 1240 est,
588 1208 660 1236 Deus
681 1216 734 1235 non
751 1216 814 1235 eum
837 1208 975 1236 exaudiet.

183 1257 229 1284 Ait
242 1257 343 1284 frater:
357 1256 427 1289 Quid
449 1255 627 1283 esttllabere
650 1255 678 1281 in
701 1256 792 1287 corde,
813 1255 886 1290 quod
910 1263 975 1290 pec-

184 1308 262 1330 cator
276 1303 330 1330 sit?
345 1302 497 1337 Respondit
514 1309 596 1329 senex
611 1310 618 1328 :
633 1300 661 1328 Si
681 1301 743 1336 quis
761 1305 849 1336 portet
864 1306 975 1336 peccata

185 1357 244 1382 sua,
262 1357 314 1376 nou
331 1349 484 1376 intuebitur
500 1348 598 1375 delicta
614 1347 730 1383 proximi
746 1348 799 1375 sui.

219 1439 263 1466 17.
282 1438 348 1474 (52)
364 1437 436 1465 Dixit
447 1437 536 1465 adhuc
548 1447 554 1464 :
565 1436 623 1465 Nisi
638 1439 711 1464 actio
729 1439 902 1466 consenserit
915 1446 977 1466 cum

185 1486 321 1516 oratione,
340 1484 442 1512 frustra
459 1484 565 1511 laborat
581 1483 674 1511 homo.
690 1483 869 1519 Interrogavit
882 1485 977 1512 frater:

1023 238 1145 270 Εἴσελθε,
1171 239 1218 265 καὶ
1235 237 1319 273 μηδὲν
1343 237 1500 274 φροντίσῃς.
1526 237 1657 273 Εἰσῆλθεν
1682 236 1739 264 οὖν,
1760 238 1816 265 Καὶ

1024 284 1178 317 παρέὸαλον
1194 284 1268 319 αὐτῷ
1283 293 1356 317 τινες
1373 284 1427 311 τῶν
1442 284 1584 320 Πατέρων,
1606 284 1653 311 καὶ
1670 284 1721 311 οὐκ
1741 282 1816 320 εἶχεν

1023 332 1047 357 εἰ
1068 331 1105 367 μὴ
1122 331 1150 357 ἓν
1175 332 1255 367 μόνον
1272 331 1400 365 λαγύνιον
1416 331 1530 363 ὖδατοςο
1549 331 1595 358 καὶ
1610 331 1752 363 ποιοῦντος
1768 332 1817 358 αὐ-

1023 377 1070 404 τοῦ
1089 378 1186 413 μικρὸν
1206 377 1302 412 φακὸν,
1323 377 1460 413 ἀνηλώθη.
1483 377 1512 404 '0
1529 377 1558 404 δὲ
1573 377 1662 413 γέρων
1681 377 1815 406 ὲθλίσετο.

1024 424 1222 459 Εἱσερχόμενος
1243 422 1290 451 οὖν
1306 423 1353 453 καὶ
1371 423 1559 460 ἐξερχόμενος,
1578 423 1678 460 ηῠχετο
1689 423 1728 459 τῷ
1744 424 1814 459 Θεῷ.

1024 470 1080 497 Καὶ
1092 471 1145 497 ἰδοὺ
1158 470 1258 505 νεφέλη
1271 469 1371 506 βροχῆς
1382 468 1447 506 ἦλθε
1460 470 1521 497 κατ’
1534 471 1619 506 αὐτῆς
1633 470 1682 505 τῆς
1693 470 1800 506 Πέτρας
1809 479 1815 485 ·

1025 518 1072 544 καὶ
1091 517 1219 552 ἐγέμισεν
1231 516 1280 543 ὅλα
1291 517 1325 543 τὰ
1339 517 1437 551 ἀγγεῖα
1449 516 1541 544 αὐτοῦ.
1555 517 1610 543 Καὶ
1622 516 1731 550 λέγουσι
1748 515 1816 551 μετὰ

1024 563 1111 590 ταῦτα
1120 563 1159 598 τῷ
1172 563 1298 599 γέροντι·
1316 563 1384 589 Εἰπὲ
1397 564 1473 598 ἡμῖν,
1490 563 1518 589 τί
1532 564 1660 599 εἰσήρχου
1678 562 1725 589 καὶ
1738 562 1817 598 ἐξήρ-

1025 618 1084 646 χου.
1102 610 1157 636 Καὶ
1170 610 1245 644 λέγει
1263 610 1355 641 αὐτοῖς
1369 610 1384 636 6
1397 609 1487 645 γέρων
1497 618 1504 625 ·
1522 610 1606 645 Δίκην
1625 610 1734 636 ἐποίουν
1748 608 1817 644 μετὰ

1025 656 1072 682 τοῦ
1089 655 1156 682 Θεοῦ
1180 656 1232 689 ὅτι,
1248 656 1386 690 Ἤνεγκάς
1403 665 1436 691 με
1453 652 1515 690 ὦδε,
1538 656 1586 683 καὶ
1608 655 1663 682 ίδοὺ
1681 655 1754 691 ὕδωρ
1768 655 1817 682 οὐκ

1026 703 1080 736 ἔχω
1090 703 1134 730 ἵνα
1149 703 1248 730 πίωσιν
1267 704 1292 730 οἱ
1307 702 1395 730 δοῦλοί
1413 711 1470 730 σου.
1487 702 1537 730 Διὰ
1554 703 1634 729 τοῦτο
1650 702 1817 738 εἰσηρχόμην

1026 750 1073 776 καὶ
1089 749 1243 785 ὲξηρχὸμην
1258 750 1424 785 παρακαλῶν
1434 750 1480 776 τὸν
1494 750 1571 782 Θεὸν,
1586 749 1638 781 ἕως
1654 745 1684 775 οὗ
1697 749 1818 784 ἐπεμψεν

1024 795 1042 830 ἡ
1047 795 1100 830 μῖν.

1064 839 1104 867 ιδ’.
1122 837 1207 866 Εἶπεν
1219 841 1233 866 6
1248 839 1336 872 ὰϐϐᾶς
1352 841 1472 876 Μωῡσῆς
1491 840 1558 876 (54),
1575 841 1616 867 ὃτι
1641 841 1743 874 ὀφείλει
1769 841 1818 868 ἆν-

1028 886 1138 921 θρωπος
1161 887 1308 913 ἀποθανεῖν
1329 887 1383 914 ἀπὸ
1407 887 1454 914 τοῦ
1473 887 1581 922 ἑταίρου
1606 887 1699 921 αὑτοῦ,
1714 888 1760 914 τοῦ
1781 889 1817 923 μὴ

1026 933 1130 968 κρίνειν
1146 933 1228 960 αὑτὸν
1244 933 1273 960 ἐν
1289 943 1354 962 τινι.

1064 983 1104 1005 ιε’.
1121 979 1206 1006 Πάλιν
1218 977 1296 1006 εἶπεν
1309 979 1361 1012 ὃτι,
1385 979 1503 1013 Ὀφείλει
1526 979 1669 1015 ἄνθρωπος
1683 978 1820 1014 νεχρῶσαι

1028 1025 1124 1051 ἑαυτὸν
1145 1025 1200 1052 ἀπὸ
1219 1025 1322 1057 παντὸς
1346 1024 1467 1060 πονηροῦ
1491 1025 1666 1060 πράγματος,
1697 1024 1750 1059 πρὸ
1772 1022 1820 1053 τοῦ

1028 1071 1148 1102 ἐξελθεῖν
1160 1070 1270 1099 ἀπὸτοῦ
1287 1071 1425 1106 σώματος,
1438 1071 1486 1098 τοῦ
1504 1071 1541 1107 μὴ
1558 1071 1682 1098 κακῶσαί
1696 1080 1757 1097 τινα
1771 1071 1818 1098 ἄν·

1029 1118 1148 1153 θρωπον.

1066 1167 1114 1197 ις’.
1131 1163 1199 1192 Εἷπε
1226 1165 1326 1192 παλιν·
1352 1164 1416 1191 Ἐὰν
1445 1163 1483 1199 μὴ
1499 1163 1644 1199 ἅνθρωπος
1669 1163 1717 1199 ἔχῃ
1740 1164 1769 1190 ἐν
1784 1165 1821 1199 τῇ

1027 1212 1127 1247 καρδίᾳ
1142 1211 1225 1238 αὑτοῦ
1247 1212 1287 1238 ὅτι
1311 1211 1474 1246 ἁμαρτωλός
1490 1211 1575 1241 ἐστιν,
1591 1211 1605 1236 6
1621 1210 1688 1242 Θεὸς
1702 1211 1752 1236 οὐκ
1764 1210 1821 1236 εἱσ-

1027 1257 1122 1283 ακούει
1136 1257 1230 1284 αὑτοῦ.
1249 1257 1304 1283 Καὶ
1319 1254 1395 1283 εἶπεν
1409 1258 1424 1283 6
1445 1255 1572 1290 ἀδελφός·
1586 1255 1618 1281 Τί
1634 1256 1718 1288 ἐστιν,
1730 1255 1786 1290 ἔχει
1797 1255 1819 1270 ⁷⁷

1027 1305 1056 1330 ὲν
1071 1305 1104 1339 τῇ
1120 1304 1220 1339 καρδίᾳ
1228 1303 1252 1319 ’³
1275 1304 1316 1330 ὅτι
1342 1302 1504 1338 ἁμαρτωλός
1531 1303 1623 1334 ὲστινς
1648 1301 1701 1328 Καὶ
1716 1299 1792 1328 εἶπεν
1808 1303 1820 1328 6

1029 1351 1118 1386 γέρων
1131 1351 1182 1382 ὅτι,
1200 1351 1234 1377 Ei'
1248 1359 1290 1381 τις
1313 1349 1443 1384 βαστάζει
1460 1349 1509 1380 τὰς
1523 1349 1660 1384 ἁμαρτίας
1679 1347 1774 1381 αὐτοῦ,
1790 1347 1821 1374 οὐ

1031 1397 1125 1431 βλέπει
1138 1396 1187 1428 τὰς
1203 1396 1249 1422 τοῦ
1263 1395 1377 1431 πλησίον
1392 1394 1485 1422 αὑτοῦ.

1069 1442 1110 1475 ιζ’.
1130 1440 1198 1469 Eius
1215 1442 1311 1469 πάλιν·
1332 1442 1394 1468 Ἐὰν
1424 1441 1462 1477 μὴ
1489 1441 1661 1478 συμφωνήσῃ
1683 1441 1700 1476 ἡ
1722 1440 1823 1476 πρᾶξις

1035 1488 1104 1524 μετὰ
1123 1489 1171 1525 τῆς
1195 1487 1289 1523 ιὺχῆς,
1312 1489 1352 1519 εἰς
1375 1487 1465 1523 μάτην
1493 1487 1576 1522 κοπιᾷ
1585 1487 1618 1513 ⁷’.
1641 1487 1696 1513 Καὶ
1717 1484 1823 1513 εἷπενό

185 1532 256 1565 Quid
278 1534 320 1558 est
342 1538 495 1559 consensus
515 1530 607 1565 operis
628 1538 691 1557 cum
714 1531 811 1566 prece?
829 1530 917 1558 Senex
936 1539 977 1558 re-

1034 1535 1148 1569 ἁδελφός
1158 1543 1165 1549 ·
1179 1535 1211 1561 Τί
1225 1535 1293 1567 ἐστι,
1308 1533 1486 1569 συμφώνησις
1498 1534 1624 1569 πράξεως
1637 1532 1705 1568 μετὰ
1718 1532 1801 1568 εὐχῆς
1814 1541 1821 1565 ;

185 1578 312 1612 spondit:
324 1576 358 1604 [it
375 1584 425 1611 pro
441 1577 542 1612 quibus
558 1583 713 1612 precamur,
736 1585 791 1604 non
805 1577 921 1611 amplius
935 1577 977 1604 fa-

185 1625 290 1651 ciamus
305 1632 346 1651 ea.
368 1623 516 1659 Postquam
535 1623 608 1650 enim
624 1623 705 1650 homo
724 1623 860 1650 dimiserit
883 1625 978 1651 volun-

185 1676 256 1698 tates
272 1679 348 1703 suas,
364 1674 429 1698 tunc
446 1670 516 1698 Deus
531 1670 724 1697 reconciliatur
739 1671 774 1703 ei,
788 1675 815 1697 et
825 1672 976 1698 orationem

185 1717 258 1744 illius
278 1717 406 1745 admittit.

223 1763 265 1791 l8.
295 1763 360 1798 (55)
385 1762 565 1797 Interrogavit
591 1761 702 1789 frater:
723 1762 752 1788 In
779 1762 853 1790 omni
885 1762 979 1791 labore

186 1809 316 1842 hominis,
327 1808 457 1843 quidnam
471 1812 514 1835 est
526 1807 598 1842 quod
609 1814 671 1834 eum
685 1807 813 1842 adjuvat?
828 1807 979 1843 Respondit

187 1863 270 1883 senex
286 1865 292 1882 :
309 1855 380 1882 Deus
394 1859 437 1882 est
451 1855 498 1889 qui
516 1855 637 1888 adjuvat.
663 1853 802 1889 Scriptum
826 1859 868 1881 est
887 1854 976 1882 enim:

187 1902 258 1929 Deus
273 1906 363 1929 noster
377 1901 509 1936 refugium
521 1905 545 1928 ct
557 1901 651 1932 virtus,
668 1899 777 1932 adiutor
789 1901 815 1927 in
827 1900 980 1928 tribulatio-

188 1949 264 1975 nibus
284 1957 342 1984 qua:
362 1949 514 1975 invenerunt
534 1956 580 1974 nos
600 1948 678 1974 nimis
696 1947 729 1974 ".
746 1947 857 1983 Excepit
873 1947 978 1975 frater:

187 1994 293 2029 chuuia
305 1998 332 2021 et
343 1994 440 2027 vigilia:
455 2001 524 2028 quas
538 1993 619 2020 homo
630 1993 742 2028 peragit,
756 1992 886 2028 quidnam
898 1994 980 2021 stitit?

189 2039 278 2066 Senex
296 2038 329 2065 ad
341 2046 403 2066 eum
418 2047 425 2065 :
438 2037 500 2064 [Lee
514 2037 633 2065 elliciunt
648 2042 678 2064 ut
692 2039 783 2065 anima
798 2046 827 2066 se
841 2038 982 2065 humiliter

189 2085 322 2112 demittat.
344 2083 468 2118 Namque
483 2085 614 2119 scriptum
636 2089 697 2111 est:
717 2083 782 2111 Vide
803 2084 981 2111 humilitatem

189 2139 274 2157 meam
289 2135 312 2158 et
332 2129 447 2156 laborem
468 2138 554 2156 meum
565 2149 572 2160 ,
588 2134 612 2156 et
627 2129 732 2157 dimitte
748 2130 869 2157 universa
886 2130 981 2157 delicta

189 2187 247 2205 mea
267 2178 302 2205 τι.
327 2177 356 2204 Si
377 2176 473 2204 fecerit
495 2177 585 2204 anima
610 2176 716 2204 fructus
738 2177 801 2208 hos,
827 2176 899 2204 Deus
917 2185 981 2212 erga

189 2224 263 2252 illam
276 2227 421 2259 propterea
434 2223 622 2250 misericordia
635 2222 863 2251 commovebitur.
878 2223 978 2250 lterum
995 2215 1019 2245 Ῑ)

189 2271 295 2306 rogavit
317 2278 409 2298 senem
432 2270 538 2297 frater:
560 2270 630 2302 Quid
650 2269 732 2298 faciet
752 2270 834 2297 homo
856 2270 883 2297 in
905 2270 979 2297 omni

189 2318 340 2345 tentatione
359 2325 421 2352 quae
442 2317 631 2352 supervenerit
652 2317 690 2348 ei,
713 2317 754 2344 vel
778 2317 804 2344 in
819 2317 893 2344 omni
917 2325 982 2352 sug-

191 2364 313 2398 gestione
332 2363 459 2391 inimici?
479 2363 568 2391 Senex
596 2371 758 2399 responsum
786 2363 861 2391 dedit.
880 2373 886 2391 :
903 2363 982 2391 Flere

190 2410 270 2437 debet
284 2414 346 2436 ante
367 2409 516 2437 bonitatem
536 2409 594 2441 Dei,
616 2413 644 2436 ut
660 2409 684 2436 ei
701 2413 862 2441 succurrat;
883 2413 910 2437 et
926 2410 981 2436 cito

190 2455 309 2491 quietem
329 2456 427 2492 capiet,
439 2456 522 2483 modo
541 2456 679 2492 rogaverit
693 2464 755 2484 cum
772 2456 896 2484 scientia.
911 2456 981 2489 Quia

228 2535 250 2552 ⁷⁸
262 2535 336 2563 Psal.
353 2543 414 2568 λιν,
433 2536 461 2564 2.
499 2536 523 2552 ⁷⁸
535 2535 608 2564 Psal.
623 2544 698 2570 xxiv,
713 2536 756 2564 l8.
795 2537 818 2552 ”
832 2535 971 2572 Α1.ἔχειν.

228 2629 286 2664 (29)
305 2627 359 2664 Yi't.
378 2628 508 2664 Putnvi,
528 2636 565 2660 iv,
585 2628 610 2655 Ι.

228 2665 283 2698 (50)
304 2663 357 2690 Vit.
379 2663 457 2691 Patr.
474 2672 511 2695 tv,
529 2664 556 2690 2.

227 2700 284 2734 (31)
307 2698 358 2725 Vit.
375 2698 451 2725 Patr.
466 2707 503 2731 Iv,
518 2699 545 2726 5.

228 2734 286 2767 (32)
309 2734 363 2761 Vit.
382 2734 461 2761 Patr.
478 2742 515 2766 iv,
526 2735 552 2762 4.

231 2769 287 2803 (35)
310 2769 364 2796 Vit.
379 2769 457 2796 Patr.
470 2778 508 2799 iv,
522 2770 549 2800 4,
569 2773 621 2796 etc.

231 2805 286 2839 (54)
302 2803 396 2832 Εἶπεν
409 2807 426 2831 ὁ
438 2804 530 2837 ἀεϐᾶς
546 2803 687 2838 Μωϋσῆς.
703 2804 803 2832 Codice
819 2804 921 2838 optimo
933 2803 984 2829 viri

196 2840 377 2868 illustrissimi
391 2839 507 2867 Joannis
524 2840 654 2874 Baptista:
667 2840 789 2867 (Iolberli
816 2839 984 2874 pricpouitiir

197 2877 306 2904 titulus:
328 2875 470 2910 Κεφάλαια
487 2874 518 2907 ξ’,
537 2875 553 2902 ἂ
566 2873 729 2902 ἀπέστειλεν
741 2875 850 2906 ὐὰῦὃᾶς
864 2873 983 2910 Μωῦσῆς

1029 1581 1086 1609 Καὶ
1100 1579 1176 1608 εἶπεν
1193 1581 1207 1607 6
1223 1581 1328 1616 γέρων·
1346 1580 1404 1606 Ἵνα
1422 1580 1493 1616 ὑπὲρ
1506 1578 1543 1607 ὧν
1560 1579 1708 1615 εὐχόμεθα,
1724 1579 1823 1614 μηκέτι

1030 1627 1152 1663 ποιῶμεν
1169 1627 1249 1654 αὑτά.
1265 1627 1349 1653 Ὅταν
1372 1626 1426 1662 γὰρ
1451 1626 1595 1661 ἄνθρωπος
1611 1626 1667 1660 ἀφῇ
1693 1625 1728 1651 τὰ
1745 1624 1824 1660 θελή-

1031 1682 1102 1709 ματα
1123 1673 1215 1704 αὐτοῦ,
1241 1673 1302 1699 τότε
1324 1672 1540 1700 καταλλάσσεται
1561 1671 1635 1707 αὐτῷ
1651 1672 1664 1697 6
1683 1671 1761 1704 Θεὸς,
1776 1671 1824 1697 καὶ

1029 1718 1134 1752 δέχεται
1148 1717 1195 1752 τὴν
1207 1717 1288 1752 εὐχὴν
1305 1716 1398 1743 αὐτοῦ.

1067 1767 1110 1799 ιη’.
1132 1762 1288 1799 ἰἰρώτησεν
1307 1763 1321 1789 6
1338 1762 1452 1797 ἀδελφὸς
1465 1762 1516 1794 ὅτι,
1534 1763 1577 1788 Ἐν
1591 1762 1672 1789 παντὶ
1686 1761 1763 1797 κόπῳ
1775 1770 1822 1787 του

1030 1809 1186 1845 ἀνθρώπου,
1203 1809 1229 1835 τί
1239 1809 1298 1835 ἐστι
1310 1809 1341 1836 τὸ
1355 1808 1470 1844 βοηθοῦν
1482 1808 1572 1844 αὺτῷς
1588 1809 1643 1835 Καὶ
1661 1808 1734 1842 λέγει
1748 1809 1762 1834 6
1775 1807 1823 1842 γέ-

1031 1865 1101 1892 ρων·
1125 1855 1155 1882 '0
1177 1855 1244 1888 Θεός
1265 1856 1339 1882 ἐστιν
1360 1856 1374 1882 6
1393 1855 1507 1890 βοηθῶν.
1534 1855 1691 1890 Γέγραπται
1706 1855 1775 1890 γάρ·
1796 1854 1825 1879 '0

1032 1903 1105 1935 Θεὸς
1131 1902 1216 1937 ἡμῶν
1243 1900 1400 1936 καταφυγὴ
1427 1901 1476 1928 καὶ
1500 1901 1636 1935 δύναμις,
1652 1899 1767 1934 ,βοηθὸς
1788 1900 1825 1926 ἐν

1032 1950 1155 1983 altu-soi
1178 1949 1243 1980 ταῖς
1268 1949 1430 1981 εὑρούσαις
1455 1946 1534 1982 ἡμᾶς
1559 1946 1686 1981 σφόδρα.
1707 1944 1789 1972 Εἶπεν
1809 1947 1825 1973 6

1032 1993 1161 2026 ἁδελφός’
1176 1993 1209 2018 Αἱ
1227 1994 1350 2027 νηστεῖαι
1365 1991 1412 2018 καὶ
1423 1991 1573 2027 ἀγρυπνίαι
1583 1991 1615 2022 ἃς
1629 1992 1702 2018 ποιεῖ
1717 1991 1824 2026 ἀνθρω-

1033 2048 1092 2072 πος,
1109 2039 1136 2066 τί
1149 2039 1286 2074 γίνονται;
1300 2039 1382 2072 Λέγει
1396 2038 1470 2073 αὑτῴ
1484 2039 1498 2064 6
1511 2038 1599 2073 γέρων
1608 2047 1614 2053 ”
1628 2035 1712 2064 Λῦται
1730 2037 1824 2064 ποιοῦ-

1034 2094 1059 2112 σι
1077 2085 1128 2120 τὴν
1152 2084 1243 2120 ψυχὴν
1266 2083 1479 2120 ταπεινωθῆναι.
1506 2084 1662 2119 Γέγραπται
1685 2083 1754 2118 γάρ·
1771 2083 1827 2110 Ὶδὲ

1032 2131 1091 2165 τὴν
1103 2131 1286 2158 ταπείνωσιν
1295 2139 1356 2165 μου
1366 2130 1415 2156 καὶ
1430 2129 1483 2156 τὸν
1497 2130 1594 2156 κόπον
1605 2138 1676 2164 μου,
1687 2129 1736 2155 καὶ
1748 2128 1825 2163 ἄφες

1034 2178 1136 2210 πάσας
1148 2178 1202 2210 τὰς
1213 2177 1358 2211 ἁμαρτίας
1367 2186 1436 2211 μου.
1458 2176 1521 2202 Ἐὰν
1534 2177 1549 2211 ὴ
1565 2175 1638 2212 ψυχὴ
1651 2176 1754 2210 ποιήσῃ
1762 2176 1825 2206 τοὺς

1033 2225 1158 2260 καρποὺς
1172 2223 1295 2255 τούτους,
1314 2221 1526 2257 σπλαγχνίζεται
1541 2221 1630 2252 ὁΘεὸς
1645 2222 1694 2247 ἐπ’
1707 2221 1776 2255 αὐτῇ
1789 2221 1827 2246 δι’

1035 2270 1133 2297 αὐτῶν.
1151 2269 1234 2303 Λέγει
1246 2269 1261 2294 6
1275 2268 1389 2302 ἀδελφὸς
1404 2267 1443 2303 τῷ
1460 2268 1580 2303 γέροντι·
1597 2266 1630 2293 Τί
1648 2266 1756 2301 ποιήσει
1777 2265 1826 2292 ἆν-

1035 2317 1144 2352 θρωπος
1159 2316 1188 2341 ἐν
1212 2315 1293 2341 παντὶ
1309 2314 1456 2350 πειρασμῷ
1476 2313 1654 2348 ἐπερχομένῳ
1667 2313 1761 2339 ἐπάνω
1775 2312 1828 2338 αὺ-

1036 2363 1094 2395 τοῦ,
1110 2363 1127 2398 ἢ
1141 2363 1170 2389 έν
1185 2362 1267 2389 παντὶ
1285 2361 1410 2397 λογισμῷ
1423 2360 1470 2387 τοῦ
1486 2359 1600 2395 ὲχθροῦς
1624 2359 1706 2393 Λέγει
1722 2358 1796 2393 αὐτῷ
1812 2359 1828 2385 6

1035 2410 1124 2445 γέρων
1135 2418 1141 2424 -
1160 2408 1272 2436 κλαίειν
1285 2407 1389 2442 ὀφείλει
1403 2406 1518 2433 ἐνώπιον
1531 2407 1580 2441 τῆς
1596 2405 1764 2441 ἀγαθότητος
1779 2405 1828 2432 τοῦ

1035 2454 1115 2486 Θεοῦ,
1129 2455 1173 2480 ῐνα
1199 2453 1323 2489 βοηθήσῃ
1344 2451 1434 2488 αὐτῷ·
1449 2452 1496 2478 καὶ
1517 2451 1688 2478 ἀναπαύεται
1709 2451 1827 2487 ταχέως,

1010 2535 1033 2551 ⁷³
1049 2535 1092 2561 AI.
1110 2534 1195 2561 inser.
1213 2532 1308 2560 αὐτοῦ.
1344 2533 1368 2549 ⁷⁸
1384 2532 1427 2559 Al.
1448 2531 1512 2558 add.
1527 2530 1682 2567 ἄνθρωποςι

1039 2626 1079 2660 τῷ
1091 2625 1163 2660 ἀὸὃᾷ
1176 2624 1300 2665 Ποιμένι.
1318 2624 1347 2651 1η
1363 2623 1423 2650 aliis
1444 2622 1552 2658 duobus
1567 2630 1621 2649 non
1638 2621 1740 2664 pejoris
1756 2626 1836 2648 noue

1041 2660 1210 2687 bibliotheca:
1225 2659 1364 2693 ejusdem:
1382 2658 1467 2684 Ἑπτὰ
1479 2658 1652 2692 κεφάλαισ,ἃ
1666 2657 1830 2693 ἀπέστειλεν

1040 2678 1830 2729 2'5e'5&2“ti:.5;;-;;";¢Itamus:Egressus;
1851 2696 1856 2701 ι

1040 2731 1120 2763 αὐτὰ,
1135 2730 1230 2765 ῥύεται
1248 2727 1302 2756 άπὸ
1316 2727 1405 2764 stam;
1422 2727 1569 2765 κολάσεως,
1592 2728 1640 2765 καὶ
1656 2727 1830 2765 ἀναπαύεται

1039 2762 1116 2792 ὅπουν
1135 2762 1182 2792 ἐὰν
1194 2765 1322 2800 κάθηται,
1337 2762 1392 2790 εἴτε
1411 2766 1439 2790 ἐν
1455 2764 1560 2800 ἐρήμῳ,
1587 2762 1730 2800 εἴτε-μετὰ
1743 2762 1785 2788 vel
1799 2762 1830 2800 εν

1039 2801 1115 2836 μέσῳ
1131 2797 1264 2834 amem;
1279 2797 1616 2836 Joannessubdia'conus;
1634 2797 1830 2836 §cptem_capi-

1038 2833 1106 2868 iuta;
1118 2844 1176 2870 qum
1192 2833 1264 2862 irrisit
1289 2835 1371 2862 abbas
1398 2834 1504 2869 Moyses
1522 2833 1614 2860 abbati
1629 2833 1763 2860 Pmmeuio
1778 2839 1787 2858 :
1801 2837 1831 2859 ιι

1036 2872 1081 2906 qui
1097 2871 1250 2899 custodierit
1266 2879 1306 2903 ea,
1325 2870 1480 2898 liberabitur
1495 2879 1511 2896 (ι
1521 2877 1608 2903 pana.
