1970 3074
143 166 194 194 289

706 163 1012 192 APOPHTHEGMATA
1032 166 1186 196 PATRUM.

1707 173 1766 200 290

142 223 191 252 ἐὰν
211 222 359 259 παρακαλῇ
377 222 406 249 ὲν
425 220 524 256 γνώσει
535 229 541 235 ”
567 222 720 258 γέγραπται
736 223 806 258 γάρ·
821 223 927 256 Κύριος

982 222 1123 259 Scriptura
1139 225 1224 252 dicit:
1239 224 1366 252 Dominus
1384 226 1448 253 mihi
1469 227 1591 260 adjutor;
1615 232 1639 254 et
1659 236 1710 254 non
1731 233 1767 254 ti-

142 269 206 304 ἐμοὶ
220 269 348 302 βοηθὸς,
363 268 412 295 καὶ
427 267 686 302 οὺ-φοόηθήσομαι
701 268 729 294 τι
744 267 864 301 ποιήσει
876 276 927 302 μοι

140 315 309 348 ἄνθρωπος.
331 313 487 349 Ἦρώτησεν
502 313 642 348 ὁὰδελφὸς
661 313 713 345 ὅτι,
736 314 799 340 Ἰδοὺ
823 313 927 350 ἄνθρω-

142 369 192 392 πος
206 360 278 395 δέρει
287 360 332 385 τὸν
342 359 434 385 δοῦλον
442 359 524 386 αὐτοῦ
536 359 570 385 δι’
580 359 718 394 ἁμαρτίαν
728 360 761 394 ἢν
772 359 883 395 ἔπραξε.
895 359 927 385 Τί

143 405 200 440 ἐρεῖ
215 405 229 430 6
240 403 349 435 δοῦλος;
363 403 443 437 Λέγει
460 404 474 429 ό
490 403 593 439 γέρων·
617 403 680 430 Ἐάν
694 404 752 430 ἐστι
767 404 858 436 δοῦλος
876 413 927 432 κα-

143 449 197 482 λὸς,
213 450 286 486 ἐρεῖ·
311 449 437 483 Ἐλέησόν
462 457 508 484 με,
525 449 684 484 ἡμάρτηκα.
713 449 794 482 Λέγει
817 449 891 484 αὺτῴ
914 450 927 475 ὁ

142 495 268 530 ἀδελιεος·
285 495 368 521 Οὐδὲν
386 495 449 521 ἄλλο
464 494 553 528 λέγει;
579 495 660 528 Λέγει
683 496 697 521 6
718 495 823 530 γέρων·
849 496 926 530 Οὐχί.

148 542 206 576 Ἀφ’
215 537 245 568 οὗ
260 541 314 576 γὰρ
328 541 377 576 τὴν
388 541 490 576 μέμψιν
501 539 616 567 ἐπιτιθεῖ
627 541 669 575 ἐφ’
681 540 777 576 ἑαυτῷ,
790 542 836 567 καὶ
851 541 926 576 εἴπῃ,

146 586 320 622 Ἠμὰρτηκα,
340 586 441 617 εὐθέως
468 585 679 620 σπλαγχνίζεται
697 587 739 612 ἐπ’
759 586 833 621 αὐτῷ
848 588 862 613 6
882 586 928 612 κὺ-

141 643 200 669 ριος
216 633 312 660 αὐτοῦ.
328 633 410 664 Τέλος
426 633 455 658 δὲ
470 633 573 659 τούτων
596 633 715 663 πάντων.
733 634 763 660 τὸ
777 633 814 669 μὴ
837 635 927 668 κρῖναι

140 679 186 705 τὸν
201 679 323 714 πλησίον,
339 679 403 704 ’Ὅτε
418 678 472 713 γὰρ
487 679 503 713 ἡ
518 679 579 714 χεὶρ
596 679 698 713 Κυρίου
715 679 859 705 ἀπέκτεινε
874 680 927 705 πᾶν

141 726 312 761 πρωτότοκον
327 726 355 751 ἐν
369 726 404 760 γῇ
421 724 560 759 Αἰγύπτῳ,
578 725 627 751 οὔκ
640 723 674 760 ἦν
695 723 768 757 οἶκος
784 722 814 751 οὗ
828 726 877 752 οὐκ
893 723 928 761 ἦν

141 773 170 798 ἐν
187 772 260 807 αὐτῷ
272 771 418 806 τεθνηκώς.
434 770 514 804 Λέγει
525 771 599 805 αὐτῷ
610 772 625 797 6
643 771 772 805 ἀδελφός·
790 772 837 803 Τίς
855 773 928 798 ἐστιν

140 820 155 845 6
168 818 246 852 λόγος
269 815 363 849 οὗτος
382 817 462 850 Λέγει
477 816 551 852 αὖτῷ
562 818 576 843 ὁ
592 817 681 852 γέρων
697 818 748 849 ὅτι,
768 817 829 844 Ἐὰν
854 818 927 852 ἡμᾶς

141 864 289 892 ὲάσωσινδθ
308 864 370 890 ίδεῖν
390 863 439 895 τὰς
459 863 594 899 ἁμαρτίας
611 863 700 898 ἡμῶν,
721 864 751 890 οὺ
773 863 810 899 μὴ
829 864 928 898 ἴδωμεν

978 269 1050 296 mebo
1084 269 1147 304 quid
1172 270 1255 304 faciat
1276 271 1340 297 mihi
1356 271 1432 298 homo
1447 271 1480 297 ".
1495 272 1590 299 Adhuc
1608 272 1765 301 sciscitatus

977 319 1019 342 est
1036 315 1120 343 frater
1133 325 1139 342 :
1154 315 1224 343 Ecce
1241 315 1322 343 homo
1337 316 1461 344 verberat
1476 324 1584 344 servum
1609 324 1699 350 suum,
1715 318 1763 345 de-

979 360 1035 387 licti
1044 367 1126 388 causa
1140 361 1210 396 quod
1224 361 1372 394 commisit,
1384 362 1449 397 quid
1461 362 1585 391 dicturus
1598 368 1641 391 est
1652 364 1766 391 servus?

978 405 1046 432 Tum
1065 413 1167 433 senex:
1181 406 1208 433 Si
1227 414 1323 434 servus
1342 407 1445 442 probus
1465 408 1511 440 sit,
1532 408 1621 436 dicet:
1636 408 1764 436 Miserere

978 451 1045 483 mei;
1061 452 1180 486 peccavi.
1202 452 1315 480 Frater:
1330 453 1438 481 Nihilne
1461 455 1534 482 aliud
1558 455 1697 490 proferet?
1715 456 1764 484 Se-

978 505 1029 524 nex
1043 506 1050 524 :
1071 497 1140 525 Non.
1160 498 1197 525 Ex
1213 506 1268 533 quo
1281 499 1353 526 enim
1368 500 1475 534 culpam
1493 500 1520 527 in
1540 508 1570 528 se
1586 502 1718 536 posuerit,
1736 507 1764 529 et

978 543 1067 571 fassus
1092 544 1173 571 fuerit
1192 552 1318 579 peccasse
1340 553 1379 579 se,
1402 546 1546 574 confestim
1573 547 1762 575 misericordia

977 597 1042 624 erga
1057 590 1133 616 illum
1147 595 1272 618 movetur
1285 591 1422 620 dominus.
1437 592 1523 620 Porro
1538 593 1634 620 horum
1650 597 1763 620 cuncto-

978 643 1038 662 rum
1058 643 1164 663 summa
1184 640 1243 669 est,
1269 645 1323 664 non
1342 637 1467 672 judicare
1490 639 1642 673 prorimum
1671 647 1762 666 suum.

977 681 1045 708 Nam
1060 682 1168 717 quando
1180 690 1275 711 manus
1287 683 1392 711 Domini
1410 692 1489 712 omne
1510 685 1716 719 primogenitum
1736 685 1764 712 in

978 732 1049 754 terra
1069 727 1180 763 Egypti
1203 729 1338 756 interfecit
1352 750 1360 762 ,
1387 737 1440 757 non
1465 734 1524 757 erat
1543 731 1641 758 domus
1659 731 1686 758 in
1709 738 1763 765 qua

978 781 1032 799 non
1050 776 1122 800 esset
1140 779 1265 802 mortuus
1278 774 1358 809 (35).
1374 774 1450 802 Tunc
1462 775 1546 803 frater
1556 776 1589 803 ad
1600 784 1662 803 eum
1675 776 1761 809 :Qu‘ul

977 823 1019 846 est
1033 819 1084 846 hoc
1103 819 1194 846 verbi?
1209 820 1241 846 Et
1262 827 1344 847 senex
1369 821 1426 848 illi:
1443 821 1471 848 Si
1495 821 1573 849 nobis
1588 823 1762 856 permiserint

979 865 1069 892 videre
1084 869 1193 899 peccata
1208 869 1313 897 nostra,
1336 874 1390 893 non
1411 874 1555 894 cernemus
1572 871 1684 902 peccata
1699 875 1763 902 pro-

140 911 189 942 τὰς
206 910 342 945 ἁμαρτίας
353 909 400 936 τοῦ
419 909 543 945 πλησίον.
559 910 657 944 Μωρία
670 910 724 945 γάρ
735 911 808 936 ἐστιν
821 909 927 945 ἀνθρώ-

980 911 1056 937 ximi.
1081 910 1202 938 Stultitia
1219 911 1319 946 quippe
1334 916 1376 939 est
1400 913 1502 940 homini
1523 917 1658 940 mortuum
1682 921 1760 940 suum

141 965 196 992 πῳ,
223 956 310 991 ἔχοντι
336 956 380 982 τὸν
409 956 506 983 ἑαυτοῦ
525 956 631 992 νεκρὸν,
646 957 754 991 ἀφεῖναι
777 956 856 983 αὐτὸν
880 957 926 984 καὶ

141 1003 267 1030 ἀπελθεῖν
282 1002 397 1029 κλαῦσαι
421 1003 466 1029 τὸν
481 1003 529 1029 τοῦ
551 1003 672 1038 πλησίον.
690 1003 726 1029 Τὸ
739 1003 884 1030 ἀποθανεῖν
899 1004 927 1030 δὲ

141 1049 195 1076 ἀπὸ
218 1049 265 1075 τοῦ
289 1049 402 1084 πλησίον
419 1058 482 1081 σου,
499 1049 577 1075 τοῦτό
597 1051 655 1076 ἐστι
673 1049 704 1075 τὸ
725 1048 858 1084 βαστάσαι
880 1058 927 1075 σου

140 1095 190 1126 τὰς
204 1095 350 1131 ἁμαρτίας,
365 1095 411 1122 καὶ
423 1095 585 1131 ἀμεριμνεῑν
597 1095 650 1122 ἀπὸ
659 1096 759 1128 παντὸς
771 1095 925 1130 ἀνθρώπου,

141 1143 181 1168 ὄτι
198 1138 275 1173 οὗτος
299 1141 380 1172 καλός
397 1142 480 1172 ἐστιν,
499 1139 605 1176 ἢοῦτος
629 1141 721 1173 κακός.
746 1142 791 1177 Μὴ
812 1144 927 1176 ποιήσῃς

142 1188 224 1214 κακὸν
246 1187 339 1222 μηδεν).
353 1186 498 1222 ἀνθρώπῳ,
516 1187 583 1222 μηδὲ
598 1187 704 1220 λογίζου
717 1187 834 1223 πονηρὸν
854 1188 882 1213 ὲν
892 1189 925 1222 τῇ

141 1232 239 1268 καρδίᾳ
252 1240 298 1258 σου
322 1232 361 1263 είς
374 1239 450 1257 τιναθ
468 1231 534 1267 μηδὲ
550 1231 728 1267 ὲξουδενώσῃς
744 1232 804 1258 τινὰ
819 1232 925 1258 ποιοῦν-

140 1287 176 1305 τα
186 1278 269 1305 κακόν
280 1286 286 1293 ι
305 1278 372 1313 μηδὲ
382 1277 495 1312 πεισθῇς
503 1277 542 1313 τῷ
555 1277 743 1304 κακοποιοῦντι
758 1278 803 1304 τὸν
815 1278 927 1313 πλησίον

141 1325 234 1357 αὑτοῦ,
258 1324 326 1360 μηδὲ
352 1325 429 1359 χαῖρε
454 1323 524 1358 μετὰ
546 1323 592 1350 τοῦ
620 1323 757 1355 ποιοῦντος
780 1324 862 1350 κακὸν
888 1323 927 1358 τῷ

142 1370 255 1405 πλησίον
278 1369 377 1396 αὑτοῦ·
399 1369 435 1405 μὴ
460 1369 650 1406 καταλαλήσῃς
663 1371 741 1396 τινὰ·
762 1369 831 1396 ἀλλὰ
847 1370 924 1404 λέγε·

144 1419 175 1444 ⁷0
191 1417 257 1449 Θεὸς
272 1416 402 1451 γινώσκει
417 1416 541 1442 ἕκαστον
556 1415 593 1451 μὴ
606 1415 777 1451 συμπεισοῇς
795 1416 863 1452 μετὰ
879 1415 925 1442 τοῦ

140 1462 364 1493 καταλαλῶντος.
382 1461 448 1497 μηδὲ
467 1462 605 1496 συγχαρῇς
616 1459 685 1496 μετὰ
700 1460 748 1495 τῆς
762 1460 926 1492 καταλαλιᾶς

140 1507 234 1541 αὐτοῦ,
247 1508 315 1543 μηδὲ
344 1507 461 1543 μισήσῃς
475 1506 520 1533 τὸν
535 1506 737 1533 καταλαλοῦντα
753 1506 799 1533 τὸν
814 1506 926 1541 πλησίον

140 1554 234 1581 αὐτοῦ.
246 1554 301 1580 Καὶ
312 1553 390 1579 τοῦτό
398 1554 455 1579 ἐστι
471 1551 501 1578 τὸ
516 1551 553 1588 μὴ
565 1552 695 1588 κρῖναι⁸¹.
709 1552 755 1588 Μὴ
767 1551 811 1586 ἔχε
826 1551 925 1587 ἔχθραν

141 1600 212 1636 μετὰ
226 1609 298 1631 τινος
325 1599 478 1634 ἀνθρώπου,
504 1599 551 1624 καὶ¹
571 1598 607 1634 μὴ
625 1599 764 1634 κρατήσῃς
780 1598 879 1634 ἔχθραν
897 1598 926 1624 ὲν

139 1648 173 1682 τῇ
190 1646 289 1681 καρδίᾳ.
307 1654 368 1672 σου·
386 1645 423 1681 μὴ
449 1646 567 1682 μισήσῃς
594 1644 638 1671 τὸν
666 1644 840 1680 ἐχθραίνοντα
859 1644 928 1678 μετὰ

138 1693 187 1720 τοῦ
205 1693 327 1728 πλησίον.
345 1693 400 1719 Καὶ
418 1692 486 1728 αὕτη
507 1692 579 1718 ἐστὶν
598 1691 614 1726 ἡ
642 1691 747 1726 εἰρήνη.
770 1691 813 1717 Ἐν
823 1690 927 1721 τούτοις

139 1740 237 1767 ἑαυτὸν
261 1739 430 1775 παρακάλει*
448 1739 516 1774 πρὸς
537 1737 628 1771 ὀλίγον
653 1737 747 1772 χρόνον
761 1737 775 1762 ὀ
793 1736 925 1771 κάματος,

139 1786 188 1813 καὶ
210 1786 250 1817 εἰς
269 1784 313 1811 ἀεὶ
330 1786 347 1819 ἡ
369 1784 533 1816 ἀνάπαυσις,
555 1783 645 1818 χάριτι
668 1781 714 1808 τοῦ
742 1781 809 1808 Θεοῦ
829 1782 928 1816 Λόγου.

146 1832 176 1858 Ἀ
180 1831 246 1867 μήν.

342 1886 413 1920 Περὶ
426 1886 478 1912 τοῦ
491 1885 565 1912 ἀεϐᾶ
579 1885 680 1918 Ματόη
693 1885 726 1911 ⁸².

177 1935 213 1959 α’.
235 1931 349 1965 Ἔλεγεν
368 1932 382 1957 6
396 1931 482 1962 ἀὸὖᾶς
496 1930 623 1965 Ματόηςο
639 1929 713 1956 Θέλω
726 1929 854 1965 ἐργασίαν
867 1928 928 1955 ἐλα-

141 1978 215 2013 φρὰν
229 1977 276 2004 καὶ
292 1977 474 2012 ἐμμένουσαν,
491 1976 507 2011 ἦ
528 1976 657 2003 ἐπίπονον
671 1975 701 2007 ἐξ
720 1975 806 2010 ἀρχῆς
823 1975 869 2000 καὶ
884 1982 930 2000 ταο

140 2024 211 2056 χέως
227 2022 437 2058 ὲκκοπτομένην.

179 2066 212 2104 β’.
228 2066 296 2094 Εἷπε
310 2067 407 2094 πάλινο
423 2068 504 2094 Ὅσον
530 2067 634 2101 ἐγγίζει
649 2066 790 2101 ἄνθρωπος
805 2064 843 2100 τῷ
859 2064 928 2097 Θεῷ,

140 2113 269 2141 τοσοῦτον
287 2112 448 2148 ἁμαρτωλὸν
463 2112 559 2138 ἑαυτὸν
576 2111 678 2146 βλέπει.
703 2110 815 2142 Ἡσαΐας
840 2109 894 2144 γὰρ
916 2110 930 2135 ὁ

142 2160 285 2196 προφήτης
313 2157 374 2185 ῑδὼν
394 2157 440 2184 τὸν
463 2158 529 2184 Θεὸν
540 2158 573 2190 ⁸³,
590 2158 673 2184 τάλαν
701 2148 748 2183 καὶ
777 2155 930 2191 ἀκάθαρτον

141 2206 234 2239 ἔλεγεν
247 2205 351 2232 ἑαυτόν.

978 955 1097 987 habenti,
1110 956 1262 991 relinquere
1279 958 1377 991 ipsum,
1391 962 1471 992 atque
1487 958 1622 993 proﬁcisci
1637 959 1670 985 ad
1683 960 1760 994 plan-

977 1001 1093 1036 gentium
1114 1007 1250 1030 mortuum
1265 1003 1391 1038 proximi.
1409 1004 1475 1042 Mori
1499 1009 1588 1032 autem
1611 1013 1674 1039 erga
1698 1013 1761 1040 pro-

977 1048 1079 1074 ximum
1093 1053 1180 1080 tuum,
1195 1049 1261 1076 illud
1276 1053 1329 1081 est,
1351 1054 1460 1084 portare
1476 1050 1573 1078 delicta
1593 1055 1648 1081 tua.
1665 1059 1715 1079 nec
1727 1052 1762 1079 (lc

976 1101 1113 1127 quoquam
1134 1093 1243 1121 homine
1259 1102 1320 1123 esse
1340 1095 1499 1128 sollicitum,
1521 1096 1593 1131 quod
1610 1098 1654 1124 ille
1673 1097 1762 1124 bonus

976 1139 1021 1169 sit.
1040 1143 1087 1166 aut
1100 1139 1144 1166 ille
1158 1140 1256 1167 malus.
1271 1139 1310 1167 Ne
1326 1141 1496 1168 malefeceris
1512 1141 1559 1168 ulli
1574 1142 1696 1174 homini;
1709 1151 1758 1170 nec

976 1186 1004 1212 in
1021 1189 1066 1212 tuo
1081 1185 1163 1212 corde
1179 1187 1297 1221 cogitato
1322 1187 1422 1213 malum
1443 1187 1576 1215 adversus
1596 1189 1758 1222 quemlibet;

977 1239 1065 1266 neque
1079 1233 1276 1267 contempseris
1291 1234 1444 1268 quempiam
1459 1241 1542 1269 prave
1556 1239 1697 1269 agentem;
1713 1241 1760 1262 aut

977 1278 1152 1304 consenseris
1179 1285 1241 1304 cum
1264 1285 1297 1305 eo
1317 1279 1362 1313 qui
1388 1279 1540 1313 proximum
1560 1287 1640 1308 suum
1661 1286 1759 1310 vexat;

977 1326 1003 1349 et
1014 1322 1068 1349 noli
1080 1321 1197 1358 gaudere
1212 1331 1274 1350 cum
1291 1323 1337 1351 illo
1351 1325 1396 1359 qui
1411 1325 1564 1359 proximum
1582 1326 1653 1352 malo
1667 1326 1759 1353 allicit.

976 1369 1017 1395 Ad
1037 1368 1105 1400 hac,
1118 1376 1154 1396 ne
1168 1368 1303 1396 ullatenus
1317 1369 1493 1404 obloquaris;
1510 1370 1558 1397 sed
1571 1370 1655 1397 dicito
1668 1380 1674 1397 :
1689 1369 1762 1397 οου»

977 1422 1197 1450 unumquemque
1214 1416 1365 1450 cognoscit.
1385 1415 1424 1443 Ne
1438 1416 1613 1444 consenseris
1631 1424 1693 1444 cum
1713 1418 1761 1444 ob-

977 1460 1110 1492 locutore,
1124 1467 1212 1494 neque
1228 1461 1371 1488 collmteris
1389 1462 1415 1488 in
1430 1461 1600 1489 detractione
1620 1462 1690 1497 ejus,
1706 1470 1760 1488 non

977 1512 1066 1533 tamen
1086 1506 1149 1534 odio
1167 1506 1280 1534 habebis
1294 1506 1484 1535 detractorem.
1503 1507 1535 1534 Et
1561 1507 1613 1535 hoc
1633 1511 1685 1539 est,
1707 1508 1772 1535 non'

975 1552 1109 1587 judicare.
1130 1551 1189 1579 Noli
1210 1552 1368 1580 inimicitias
1391 1554 1530 1588 suscipere
1557 1562 1617 1580 cum
1641 1554 1697 1581 ullo
1717 1554 1762 1580 h0-

979 1597 1061 1628 mine,
1082 1604 1133 1624 nec
1148 1597 1295 1624 retinueris
1308 1597 1484 1625 hostilitatem
1495 1598 1523 1624 in
1535 1597 1619 1625 corde
1631 1601 1694 1629 tuo;
1707 1605 1761 1624 non

978 1645 1041 1672 odio
1054 1644 1228 1679 prosequeris
1246 1652 1308 1672 eum
1326 1644 1397 1671 inter
1411 1651 1491 1679 quem
1510 1648 1537 1671 et
1557 1644 1708 1679 proximum
1724 1644 1761 1671 si-

979 1692 1106 1718 muttates
1128 1691 1310 1718 intercedunt.
1328 1691 1416 1725 Atque
1437 1690 1495 1718 haec
1508 1695 1550 1718 est
1566 1698 1627 1725 pax.
1652 1691 1681 1718 In
1701 1691 1763 1718 istis

979 1737 1095 1771 teipsum
1110 1736 1263 1764 consolare.
1279 1736 1319 1762 Ad
1335 1736 1416 1764 breve
1432 1740 1539 1771 tempus
1554 1736 1641 1769 labor,
1657 1737 1685 1764 in
1705 1745 1764 1772 per-

980 1787 1090 1818 petuum
1107 1782 1231 1816 requies;
1247 1782 1334 1817 gratia
1351 1781 1398 1810 Dei
1414 1781 1509 1809 Verbi:
1528 1782 1622 1809 Amen.

1241 1884 1280 1909 De
1295 1881 1389 1908 abbate
1405 1880 1503 1908 Malae.

1015 1927 1040 1954 ί.
1060 1927 1127 1962 (36)
1141 1926 1252 1954 Dicebat
1274 1926 1359 1954 abbas
1383 1925 1483 1953 Matoes
1504 1935 1510 1953 :
1531 1925 1602 1953 Malo
1627 1927 1766 1960 operatio-

980 1979 1041 2000 nem
1053 1973 1136 2000 levem
1146 1980 1178 1999 ac
1188 1977 1400 2007 permanentem,
1408 1979 1489 2007 quam
1499 1971 1579 1998 initio
1586 1971 1764 2003 laboriosam,

980 2019 1027 2046 sed
1040 2019 1094 2046 cito
1108 2019 1264 2046 intercisam
1279 2026 1310 2045 ac
1324 2018 1507 2046 desinentem.

1013 2065 1040 2092 2.
1057 2065 1123 2099 (57)
1153 2064 1225 2091 Dixit
1244 2064 1341 2092 iterum
1362 2074 1368 2092 :
1388 2064 1525 2097 Quantum
1549 2064 1630 2092 homo
1647 2064 1702 2092 Deo
1719 2072 1765 2099 ap-

981 2111 1156 2146 propinquat,
1171 2115 1276 2138 tantum
1292 2119 1322 2139 se
1337 2115 1507 2146 pcccatorem
1521 2111 1656 2146 agnoscit.
1679 2110 1766 2138 Isaias

981 2155 1052 2183 enim
1068 2156 1200 2190 propheta
1220 2157 1255 2190 ⁸⁵,
1280 2156 1365 2184 Deum
1381 2156 1487 2189 videns,
1509 2156 1639 2184 miserum
1653 2164 1683 2183 se
1695 2156 1766 2182 aliir-

983 2202 1074 2229 mabat
1087 2206 1115 2229 et
1130 2201 1310 2231 immundum.

177 2255 214 2286 γ¹.
231 2251 330 2285 Ἔλεγε
345 2251 425 2278 πάλιν
435 2259 443 2267 ·
463 2250 526 2277 Ὅτε
542 2250 615 2285 ήμην
638 2249 779 2284 νεώτερος,
793 2248 884 2282 ελεγον
900 2249 927 2275 ὲν

1016 2248 1043 2275 5.
1059 2247 1156 2275 Aiebat
1166 2251 1297 2282 prazterea
1312 2246 1446 2279 :Quando
1460 2254 1534 2274 eram
1547 2247 1666 2281 juvenis,
1684 2255 1767 2282 repu-

141 2297 233 2332 ὲαυτῴ
250 2297 303 2329 ὃτι,
320 2297 398 2332 Τάχα
412 2297 438 2323 τί
451 2305 515 2323 ποτε
533 2295 684 2331 ἐργάζομαι
702 2294 817 2329 ἀγαθόν·
832 2295 879 2322 νῦν
901 2295 930 2322 δὲ

141 2341 180 2373 ὡς
197 2343 332 2377 ὲγήρασα,
351 2341 442 2376 βλέπω
460 2341 500 2367 ὃτι
517 2341 567 2366 οὐκ
589 2340 644 2375 ἔχω
667 2339 696 2367 ἓν
707 2339 786 2375 ἔργον
799 2339 879 2366 καλὸν
901 2341 930 2366 ἐν

142 2387 270 2423 ἐμαυτῷ.

177 2433 209 2460 δ’.
228 2431 296 2460 Εἷπε
313 2433 410 2460 πάλιν
425 2433 482 2459 Οὐκ
498 2429 568 2458 οἶδεν
587 2433 601 2458 6
619 2431 741 2462 Σατανᾶς
759 2431 827 2466 ποίῳ
852 2431 931 2458 πάθει

143 2480 257 2514 ἡττᾶται
267 2481 285 2515 ἡ
299 2479 384 2514 ψυχή,
403 2479 513 2515 Σπείρει
533 2479 592 2514 μὲν,
603 2477 661 2505 ἀλλ’
673 2478 722 2504 οὐκ
736 2475 805 2504 οἶδεν
822 2478 846 2504 εὶ
860 2477 928 2512 θερί-

144 2533 203 2551 σεισ
218 2525 283 2556 τοὺς
299 2525 348 2560 μὲν
369 2525 431 2560 περὶ
455 2523 593 2560 πορνείας,
608 2524 670 2555 τοὺς
682 2523 710 2549 δὲ
729 2523 791 2558 περὶ
814 2522 932 2549 καταλα-

143 2569 204 2601 λιᾶς
231 2569 390 2604 λογισμοὺς,
411 2569 457 2596 καὶ
479 2569 581 2604 ὁμοίως
606 2567 641 2594 τὰ
665 2567 747 2594 λοιπὰ
767 2567 850 2602 πάθη.
878 2567 934 2593 Καὶ

144 2617 185 2648 εκ
205 2613 260 2642 οἷον
287 2615 372 2647 πάθος
397 2616 438 2651 ἴδῃ
462 2617 512 2652 τὴν
538 2615 625 2651 ψυχὴν
654 2615 792 2646 κλίνασαν,
821 2616 934 2651 χορηγεῖ

145 2663 226 2697 αὐτῇ.

180 2719 204 2755 ξ’
227 2719 269 2746 Al.
287 2719 449 2755 προσχῶμεν
470 2720 536 2755 _sine
553 2720 636 2755 ἡμᾶς.

145 2753 170 2771 ⁸⁸
183 2753 255 2781 Psal.
269 2753 354 2786 anu,
367 2753 406 2781 (5.⁷
431 2753 453 2770 ⁸⁵
469 2753 521 2782 lsa.
538 2753 578 2788 vi,
593 2755 618 2782 5.

181 2846 239 2879 (55)
260 2845 373 2872 Doroth.
386 2845 477 2873 Doctr.
495 2846 520 2872 6.

182 2883 238 2918 [56)
267 2881 319 2908 Vit.
336 2881 409 2908 Patr.
421 2890 468 2914 vu,
486 2881 527 2909 tl.

693 2720 714 2737 "
730 2719 772 2747 Al.
800 2719 904 2755 κρίνετε
925 2719 973 2746 καὶ
991 2719 1023 2745 οὐ
1055 2718 1092 2754 μὴ
1108 2718 1230 2754 κριθῆτε.

980 2295 1070 2321 tabam
1084 2294 1155 2328 apud
1169 2301 1230 2320 me:
1241 2293 1320 2320 Forte
1332 2292 1434 2327 aliquid
1449 2292 1513 2320 boni
1525 2293 1661 2328 open-abor
1673 2301 1679 2324 ;
1693 2300 1767 2319 nunc

979 2347 1044 2367 vero
1061 2343 1204 2374 postquam
1219 2339 1307 2370 senui,
1324 2338 1404 2366 video
1420 2338 1493 2373 quod
1512 2346 1546 2365 ne
1561 2346 1644 2365 unum
1656 2339 1768 2373 quidem

980 2386 1082 2413 bonum
1098 2393 1167 2420 opus
1182 2385 1208 2412 in
1225 2392 1267 2412 me
1282 2385 1408 2412 habeam.

1016 2431 1043 2458 4.
1059 2430 1128 2466 (58)
1140 2430 1247 2458 Rursus
1269 2430 1338 2457 dixit
1352 2439 1357 2456 :
1372 2428 1464 2456 Nescit
1491 2429 1606 2456 Satanas
1617 2448 1625 2460 ,
1655 2429 1766 2456 cuinam

981 2477 1048 2505 vitio
1063 2477 1223 2504 succumbet
1244 2476 1344 2503 anima.
1367 2475 1490 2503 Seminat
1506 2475 1626 2510 quidem,
1643 2481 1670 2500 at
1690 2475 1767 2507 igno-

982 2527 1025 2550 rat
1045 2530 1080 2549 an
1097 2530 1240 2550 messurus
1258 2522 1312 2553 sit;
1331 2521 1398 2549 serit
1415 2521 1593 2556 cogitationes
1609 2524 1666 2547 tum
1680 2519 1768 2547 forni-

982 2569 1110 2599 cationis,
1129 2573 1184 2595 tum
1201 2568 1395 2601 detractionis,
1418 2567 1554 2602 similique
1567 2566 1649 2594 modo
1667 2565 1694 2592 in
1715 2573 1766 2592 cae-

983 2615 1049 2642 teris
1064 2615 1138 2642 vitiis
1159 2618 1208 2642 :et
1231 2614 1264 2641 ad
1287 2622 1368 2648 quem
1390 2621 1501 2648 pravum
1520 2613 1645 2639 ali‘ectum
1669 2612 1765 2638 viderit

983 2661 1102 2688 animam
1121 2660 1346 2696 propendentem,
1362 2660 1449 2687 eidem
1467 2660 1565 2686 anim:e
1583 2658 1747 2693 suppeditat.

1276 2718 1298 2734 ”
1315 2717 1357 2744 Al.
1384 2717 1498 2754 Ματώη.
1553 2717 1577 2734 ⁸³
1593 2717 1636 2744 ΑΙ.
1655 2715 1768 2751 Κύριον.

1033 2846 1076 2879 57)
1098 2845 1151 2873 Vit.
1170 2845 1244 2872 Patr.
1257 2853 1301 2874 xv.
1320 2845 1367 2872 28.
1733 2851 1741 2865 ¹

1022 2883 1077 2916 (58)
1101 2880 1151 2908 Vit.
1166 2880 1243 2907 Patr.
1257 2889 1284 2913 ι,
1298 2879 1344 2909 55.
1366 2884 1368 2887 ’
