1970 3074
129 154 180 183 235

695 152 1002 180 ‘APO‘PHTHEGMATA
1017 154 1172 182 PATBUM.

1705 156 1759 185 295

129 214 287 250 ἀμφότεροι,
308 213 345 249 μὴ
378 213 537 247 ὲγγίσαντες
563 212 748 248 θυσιαστηρίῳ
770 214 861 240 ἕνεκεν
874 213 920 240 τοῦ

977 214 1146 241 oblationem.
1162 213 1259 240 Aiebat
1277 217 1368 240 autent
1389 221 1475 241 senex
1490 223 1496 240 :
1509 213 1624 241 Contido
1644 214 1670 240 in
1689 215 1758 246 Deo.

129 262 238 296 ποιῆσαι
252 259 420 295 προσφοράν.
439 257 536 293 Ἔλεγε
549 257 576 284 δὲ
590 260 604 285 ὁ
620 259 708 294 γέρων
720 268 726 274 ·
740 259 864 286 Πιστεύω
881 261 920 292 εἰς

130 305 172 332 τὸν
187 305 263 335 Θεὸν,
281 305 322 331 ὅτι
333 304 355 320 ⁹³
372 305 422 330 οὐκ
440 304 493 338 ἔχω
510 305 597 339 κρῖμα
615 304 682 330 πολὺ
702 304 747 330 διὰ
764 304 813 340 τὴν
831 314 920 340 χειρο-

128 351 227 384 τονίαν,
242 350 322 376 ὁπότε
343 350 372 376 οὐ
398 349 468 376 ποιῶ
491 349 660 385 προσφοράν.
684 349 744 376 Τῶν
765 350 819 386 γὰρ
831 352 921 386 ἀμέμ-

129 406 202 424 πτων
217 397 291 423 ἐστὶν
308 397 325 432 ἡ
341 396 503 432 χειροτονία.

164 446 188 470 ι’.
207 441 293 469 Εἶπεν
319 443 333 469 ὁ
357 442 445 473 ἁόὅᾶς
473 442 584 478 Ματόης
607 442 658 474 ὅτι,
686 442 768 478 Τρεῖς
793 441 920 477 γέροντες

129 489 248 524 ἀπῆλθον
266 489 335 524 πρὸς
353 488 399 514 τὸν
422 488 509 514 ἀὸϐἇν
529 488 698 522 Παφνούτιον
713 488 759 514 τὸν
771 487 917 523 λεγόμενον

128 533 267 568 Κεφαλᾶν,
284 534 328 560 ἵνα
352 534 528 568 ἐρωτήσωσιν
549 533 629 560 αὑτὸν
651 533 740 567 λόγον.
771 533 824 559 Καὶ
844 531 919 559 εἶπεν

128 579 218 610 αὐτοῖς
236 580 250 605 ὁ
275 579 381 614 γέρων·
394 578 425 604 Τί
441 578 531 604 θέλετε
547 579 617 604 εἴπω
631 579 709 613 ὑμῖν;
731 578 919 614 Πνευματικὺν

127 623 144 659 ἦ
160 625 336 660 σωματικόν,
354 625 486 658 Λέγουσιν
511 623 601 659 αὐτῷ·
620 624 820 659 Πνευματικόν.
837 624 919 658 Λέγει

128 670 219 702 αὐτοῖς
245 671 259 697 ὁ
282 670 389 706 γέρων·
414 670 560 705 Ὑπάγετε,
579 662 740 706 ἀγαπήσατε
755 670 814 706 ίτὴν
832 671 920 705 ολῖψιν

129 717 196 752 ὑπὲρ
212 717 261 752 τὴν
273 717 436 749 ἀνάπαυσιν,
449 717 497 743 καὶ
511 717 561 753 τὴν
577 717 690 752 ἀτιμίαν
705 717 785 744 πλέον
807 718 857 753 τῆς
877 718 919 744 δό-

130 763 188 799 ξης,
202 764 249 790 καὶ
259 764 290 789 τὸ
307 763 408 790 διδόναι
422 763 522 798 μᾶλλον
545 763 561 798 ἢ
583 763 743 798 λαμϐάνειν.

163 812 208 836 ια’.
230 809 387 844 Ἡρὼτησεν
396 809 509 844 ἁδελφὸς
518 809 563 835 τὸν
574 809 660 835 ἀϐϐἄν
675 808 806 844 Ματώην,
815 808 902 842 λέγων
911 817 918 823 '

128 855 196 882 Εἰπέ
215 865 259 891 μοι
282 857 369 891 ῥῆμα.
394 856 423 881 Ὀ
435 855 470 882 ’δὲ
499 853 575 881 εἶπεν
596 855 686 890 αὐτῷ’
699 855 816 889 Ὕπαγε,
832 863 919 889 παρα-

129 901 242 927 κάλεσον
254 901 299 927 τὺν
316 901 393 933 Θεὸν,
408 901 451 927 ἵνα
466 901 546 928 δώσει
570 901 668 933 πένθος
688 902 727 933 εἰς
739 901 788 936 τὴν
804 901 917 937 καρδίαν

129 955 192 977 σου,
220 947 267 973 καὶ
290 947 472 973 ταπείνωσιν·
507 947 554 973 καὶ
582 946 698 982 πρόσεχε
729 946 845 972 πάντοτε
868 946 919 978 τὰς

129 990 266 1026 ἁμαρτίας
282 999 328 1017 σου
339 1000 346 1007 ·
361 992 409 1017 καὶ
421 991 458 1026 μὴ
470 992 546 1026 κρῖνε
560 991 666 1023 ἄλλους,
676 991 746 1017 ἀλλὰ
761 990 840 1025 γενοῦ
853 991 918 1017 ὑπο-

129 1037 206 1064 κάτω
219 1037 342 1063 πάντων·
357 1037 404 1064 καὶ
417 1037 455 1073 μὴ
473 1037 517 1072 ἔχε
533 1037 625 1072 φιλίαν
640 1037 709 1072 μετὰ.
718 1037 835 1069 παιδίου,
851 1038 918 1072 μήτε

128 1083 229 1118 γνῶσιν
254 1083 324 1118 μετὰ
345 1083 485 1117 γυναικὸς,
514 1084 582 1119 μήτε
603 1083 679 1118 φίλον
702 1083 856 1116 αἰρετιιιὸν·
872 1084 919 1110 καὶ

128 1129 213 1164 κόψον
228 1129 277 1165 τὴν
288 1129 445 1164 παρρησίαν
454 1129 508 1156 ἀπὸ
518 1129 564 1156 σοῦ
575 1137 582 1144 ⁸
604 1129 651 1156 καὶ
665 1130 759 1164 κράτει
772 1129 820 1165 τὴν
832 1129 920 1164 γλῶσ-

131 1184 181 1202 σαν
196 1176 243 1202 καὶ
257 1176 305 1209 τὴν
319 1175 423 1202 κοιλίαν
440 1184 497 1207 σου,
516 1175 563 1202 καὶ
583 1175 637 1202 ἀπὸ
651 1175 722 1202 οἴνου
741 1175 837 1210 μικρὸν
847 1184 853 1190 ·
873 1175 920 1201 καὶ

129 1221 177 1248 ὲάν
190 1230 233 1253 τις
249 1221 353 1257 λαλήσῃ
369 1221 433 1256 περὶ
453 1221 615 1256 πράγματος
631 1221 798 1256 οἱανδήποτε,
816 1221 854 1257 μὴ
876 1230 920 1256 φι-

129 1265 246 1293 λονείκει
262 1266 407 1301 μετάὑτοῦ
419 1275 425 1280 ·
438 1266 494 1292 ἀλλ’
507 1265 553 1292 ἐὰν
568 1266 656 1297 καλῶς
667 1266 742 1302 λέγῃ,
761 1266 821 1293 εἰπέ
831 1274 837 1281 ·
848 1266 901 1293 Ναί
910 1274 919 1282 '

129 1311 178 1338 ἐὰν
201 1311 228 1338 δὲ
253 1311 363 1344 κακῶς,
383 1311 458 1338 εἰπέ·
474 1312 511 1338 Σὺ
525 1307 599 1343 οἶδας
624 1311 682 1343 πῶς
701 1311 807 1343 λαλεῖς·
820 1311 867 1338 καὶ
883 1311 920 1347 μὴ

129 1356 204 1392 ἔριζε
219 1357 279 1392 μετ’
294 1357 377 1384 αὑτοῦ
404 1357 468 1392 περὶ
483 1354 521 1384 ὧν
545 1357 668 1392 ὲλάλησε.
685 1357 740 1384 Καὶ
757 1356 827 1393 αὕτη
846 1357 920 1385 ἐστὶν

129 1403 147 1438 ἡ
157 1403 332 1435 ταπείνωσις.

167 1449 210 1476 ιϐ’.
236 1450 267 1476 'H
272 1450 392 1486 ρώτησεν
406 1450 518 1484 ἀδελφὸς
541 1450 587 1476 τὸν
600 1449 688 1477 ἀϐϐᾶν
703 1449 824 1485 Ματώην
834 1458 840 1465 ·
852 1450 921 1477 Εἰπέ

130 1503 178 1530 μοι
193 1495 280 1531 ῥῆμα.
296 1496 352 1522 Καὶ
363 1494 440 1523 εἶπεν
457 1496 547 1532 αὐτῷ·
562 1497 657 1523 Πᾶσαν
685 1496 852 1531 φιλονεικίαν
867 1496 922 1523 ἀπὸ

129 1542 232 1574 παντὸς
249 1542 414 1578 πράγματος
441 1543 524 1578 κόψον
540 1543 594 1570 ἀπὸ
610 1543 656 1570 σοῦ
667 1551 674 1557 ·
687 1542 803 1570 κλαῦσον
825 1543 854 1569 δὲ
876 1543 922 1569 καὶ

128 1587 278 1624 πένθησον,
295 1589 334 1614 ὅτι
347 1589 361 1615 ὁ
376 1589 472 1625 καιρὸς
487 1589 611 1624 1Ιιγγισεν.

167 1637 212 1669 ιγ’.
232 1635 358 1670 Ἀδελιρὸς
370 1635 496 1671 ἠρώτησε
516 1636 562 1662 τὸν
576 1636 663 1662 ἀΰϐᾶν
678 1635 800 1671 Ματόην,
817 1635 903 1669 λέγων
913 1643 920 1650 ⁸

130 1680 164 1706 Τί
179 1681 301 1716 ποιήσω;
316 1682 356 1707 ὃτι
376 1682 392 1717 ἡ
417 1682 528 1716 γλῶσσά
553 1690 603 1717 μου
626 1681 712 1708 Θλίῦει
728 1690 777 1717 με·
793 1682 839 1709 καὶ
857 1683 922 1708 ὅταν

128 1726 254 1762 ἐρχωμαι
272 1728 301 1753 ἐν
320 1727 395 1763 μέσῳ
419 1728 474 1754 τῶν
493 1727 654 1763 ἀνθρώπων,
669 1728 698 1754 οὐ
712 1728 827 1764 δύναμαι
840 1737 923 1754 κατα-

131 1774 206 1807 σχεῖν
216 1773 318 1808 αὺτήν·
336 1773 402 1800 ἀλλὰ
417 1773 573 1809 κατακρίνω
595 1774 693 1805 αὐτοὺς
708 1773 737 1799 ὲν
751 1773 832 1800 παντὶ
849 1773 922 1808 ἔργῳ

128 1818 236 1854 ἀγαθῷ,
252 1820 298 1846 καὶ
309 1819 412 1854 ἐλέγχω
421 1819 530 1850 αὐτούς.
543 1819 575 1845 Τί
589 1817 634 1846 οὖν
650 1819 773 1854 ποιήσω;
788 1819 843 1845 Καὶ
855 1819 923 1845 ἀπο-

130 1864 261 1900 κριθεὶςὸ
280 1864 368 1900 γέρων
384 1862 460 1890 εἶπεν
472 1873 478 1880 ·
496 1865 528 1890 Εἰ
544 1864 573 1890 οὐ
593 1863 705 1890 δύνασαι
722 1863 845 1898 κατέχειν
861 1864 923 1889 ἑαυ-

129 1911 188 1944 τὸν,
206 1910 274 1946 φύγε
286 1911 451 1947 καταμόνας.
467 1910 605 1937 Ἀσοένεια
613 1911 665 1945 γάρ
676 1911 758 1936 ἐστιν.
777 1910 805 1935 '0
816 1909 843 1935 δὲ
857 1909 922 1936 καο-

128 1957 232 1992 ήμενος
247 1957 329 1992 ξμετὰ
354 1957 487 1992 ἀδελφῶν,
503 1957 552 1983 οὐκ
565 1956 667 1991 ὀφείλει
688 1953 758 1982 εἶναι
781 1963 921 1990 τετραγω-

129 2005 228 2035 νιαῖος,
247 2003 314 2030 ἀλλὰ
329 2003 503 2039 στρογγύλος,
521 2003 564 2029 ἵνα
579 2003 647 2038 πρὸς
670 2003 771 2033 πάντας
783 2001 920 2037 κυλίηται.

131 2050 189 2077 Καὶ
204 2048 285 2077 εἶπεν
306 2051 319 2076 ὁ
331 2050 437 2086 γέρων·
454 2050 490 2076 Οὐ
506 2049 577 2076 κατὰ
592 2049 692 2084 ἀρετὴν
707 2048 829 2083 κάθημαι
845 2056 924 2074 κατα-

131 2095 228 2131 μόνας,
245 2095 312 2122 ἀλλὰ
331 2095 402 2122 κατὰ
421 2095 579 2122 ἀσθένειαν·
593 2094 701 2120 δυνατοὶ
723 2093 777 2128 γάρ
804 2095 882 2126 εἰσιν,
900 2093 923 2120 οἱ

129 2142 283 2177 ἐρχόμενοι
295 2143 336 2173 εὶς
347 2142 378 2168 τὸ
394 2142 476 2177 μέσον
493 2141 547 2168 τῶν
560 2141 722 2175 ἀνθρώπων.

194 2242 265 2278 Περὶ
279 2243 333 2270 τοῦ
345 2242 421 2270 ἀϐὄᾶ
434 2242 558 2282 ψάρκου
568 2241 703 2282 μμθητοῦ
714 2241 766 2269 τοῦ
781 2241 861 2270 ἀϐϐίῖ

434 2279 457 2304 Σ
459 2280 580 2304 elevat-0
585 2279 611 2303 ῡ.

123 2354 126 2355 ν
170 2327 205 2352 α’.
226 2324 339 2358 Ἔλεγον
352 2324 416 2359 περὶ
430 2323 477 2350 τοῦ
493 2323 564 2350 ἀὸϐἂ
579 2322 733 2355 Σιλουανοῦ,
753 2323 793 2349 ὅτι
804 2320 858 2358 εἶχε
876 2331 927 2358 μα-

128 2369 220 2404 θητὴν
237 2369 265 2394 ὲν
280 2369 390 2404 Σκήτει,
415 2368 528 2403 Μάρκον
546 2367 677 2403 ὀνόματι·
692 2366 725 2402 ἦν
745 2367 773 2393 δὲ
793 2367 861 2402 ἔχων
880 2368 929 2393 ὑπ-

129 2416 221 2450 ακοὴν
239 2414 370 2450 μεγάλην,
388 2414 434 2440 καί
449 2412 482 2449 ἦν
496 2414 679 2449 καλλιγράφῦς
692 2413 757 2448 (4⁵2).
776 2413 884 2447 Ἡγάπα
897 2414 924 2440 δὲ

133 2461 220 2488 αὐτὸν
234 2462 250 2487 ὁ
264 2461 354 2496 γέρων
367 2460 413 2487 διὰ
426 2460 474 2495 τὴν
492 2460 614 2494 ὑπακοὴν
630 2459 722 2486 αὑτοῦ,
741 2457 804 2494 Εἶχε
832 2460 860 2485 δὲ
876 2460 924 2486 ἄλ-

130 2506 197 2538 λους
209 2506 305 2533 ἕνδεκα
319 2506 453 2542 μαθητὰς,
466 2506 511 2532 καὶ
524 2506 670 2537 ἐθλίϐοντο,
680 2506 720 2532 ὅτι
736 2505 832 2540 ἠγάπα
844 2506 924 2532 αὑτὸν

130 2552 207 2588 ὑπὲρ
218 2552 325 2584 αὐτούς.
344 2552 398 2578 Καὶ
412 2552 579 2583 ἀκούσαντες
591 2552 621 2578 ob
632 2551 768 2586 γέροντες,
791 2551 924 2586 ἐλυπήθη-

132 2606 195 2624 σαν.
211 2596 314 2624 ’Ἦλθον
332 2597 360 2623 δὲ
381 2598 410 2623 ὲν
433 2598 481 2632 μιᾷ
504 2597 571 2633 πρὸς
586 2597 666 2623 αὐτὸν
681 2597 705 2623 οἰ
719 2596 856 2632 γέροντες,
878 2598 925 2623 καὶ

170 2644 195 2660 ’⁸
215 2643 257 2671 Al.
272 2644 355 2672 inser.
368 2643 449 2678 τάχα.

173 2688 228 2722 ,4ἳ)
252 2688 474 2723 Καλλιγράφος.
498 2688 538 2715 Ex
558 2689 642 2716 veteri
671 2692 698 2715 et
724 2693 788 2715 noto
813 2689 927 2716 nomine

131 2725 259 2752 occurrit
279 2724 346 2751 mihi
371 2725 510 2751 recentius
528 2732 560 2751 ac
583 2725 713 2759 ignotins,
739 2723 811 2758 quod
830 2724 879 2758 legi
896 2725 923 2751 in

132 2759 274 2787 .tnatectis
291 2759 421 2786 ueteribus
439 2759 586 2786 Mabillonii
600 2764 665 2786 tom.
680 2759 699 2791 I,
711 2766 737 2794 p.
751 2759 815 2791 450,
833 2759 860 2786 in
873 2760 926 2787 isto

191 2802 216 2820 ‘u
231 2804 237 2822 :

132 2802 197 2822 vers
212 2830 271 2858 Hoc
282 2838 384 2866 quoque
397 2830 509 2866 perlecta
527 2829 662 2856 verborum
679 2829 843 2857 callicinato.

133 2875 271 2905 Ezistimo
284 2880 386 2910 autem,
404 2884 458 2904 non
473 2876 657 2912 improbabili,
672 2875 698 2902 ni
717 2874 804 2908 fallor,
829 2875 924 2912 conje-

972 268 1026 286 non
1042 267 1142 295 magno
1159 267 1204 286 tne
1219 259 1368 286 obnoxium
1388 267 1449 286 esse
1462 259 1566 293 judicio
1587 264 1697 294 propter
1713 268 1759 288 or-

971 307 1151 338 dinationem,
1166 307 1238 341 quod
1255 305 1456 334 Eucharistiam
1470 313 1525 332 non
1542 306 1696 333 conficiam.
1714 305 1761 332 Et-

971 353 1044 380 cnim
1065 353 1270 387 incnlpalorum
1285 355 1328 379 est
1347 351 1494 378 ordinatio.

1008 440 1051 467 10.
1077 440 1180 467 Retulit
1200 440 1284 468 abbas
1303 438 1405 466 Matoes
1423 449 1429 466 :
1449 439 1517 466 Tres
1532 446 1612 466 senes
1632 445 1759 473 perrexe-

971 490 1035 513 runt
1054 486 1087 512 ad
1109 485 1235 513 abbatem
1261 485 1443 520 Paphnutium
1468 485 1514 520 qui
1537 485 1687 512 vocabatur
1709 484 1761 512 Ce-

971 532 1078 567 phalas,
1090 535 1119 558 ut
1131 535 1254 565 peterent
1265 531 1298 558 ab
1311 539 1343 558 co
1359 531 1461 565 aliquid
1477 530 1623 558 sermonis.
1648 529 1679 556 Et
1691 529 1760 556 dixit.

970 580 1010 606 eis
1023 586 1105 606 senex
1121 588 1127 605 :
1145 578 1216 611 Quid
1237 578 1320 606 vultis
1334 578 1410 605 vobis
1427 577 1583 612 proferam?
1600 576 1758 612 Spirituale,

971 625 1012 651 vel
1027 624 1187 659 corporale?
1203 623 1360 658 Spirituale,
1378 624 1515 658 inquiunt.
1528 623 1643 658 Excepit
1657 630 1759 650 senex:

970 671 1059 701 Abite.
1072 671 1176 705 diligite
1187 669 1361 697 afﬂictionem
1377 671 1521 706 plusquam
1536 670 1668 705 requiem,
1682 670 1760 705 igno-

971 717 1083 744 miniam
1109 717 1253 752 plusquam
1271 717 1402 752 gloriam,
1427 722 1453 745 et
1477 717 1542 744 dare
1566 717 1653 753 magis
1675 725 1759 753 quam

971 764 1106 798 accipere.

1006 809 1049 835 11.
1068 808 1184 843 Rogavit
1205 808 1289 835 lrater
1316 809 1441 836 abbatem
1461 809 1587 842 Maloem,
1604 810 1642 836 uti
1660 810 1685 838 ei
1701 818 1761 838 ser-

970 861 1078 881 tnonem
1094 854 1224 881 doctrinae
1238 854 1381 889 proferret.
1397 853 1444 882 Ille
1454 855 1486 882 ad
1498 863 1560 882 eum
1574 865 1580 882 :
1595 855 1680 883 Deum
1697 863 1760 891 pre-

935 897 954 923 Β
969 907 1043 931 care,
1059 903 1090 926 ut
1103 900 1146 927 det
1163 899 1264 927 luctum
1280 900 1306 926 in
1322 900 1403 928 corde
1417 905 1474 933 tuo,
1494 909 1599 929 necnon
1616 901 1758 930 humilita-

971 949 1036 972 tem.
1063 944 1181 972 Attende
1206 953 1315 980 semper
1340 945 1373 972 ad
1398 950 1508 980 peccata
1536 951 1593 973 tua.
1621 947 1696 975 Alios
1724 956 1760 975 ne

969 990 1079 1025 jndica,
1105 990 1152 1018 sed
1170 991 1222 1017 sub
1242 991 1370 1018 omnibtts
1395 995 1422 1019 te
1444 992 1548 1026 ponito.
1571 991 1632 1019 Noli
1659 993 1760 1021 habere

970 1036 1117 1064 amicitiam
1133 1044 1194 1064 cum
1207 1045 1302 1072 puero,
1317 1045 1405 1072 neque
1419 1038 1545 1066 notitiam
1558 1047 1619 1065 cum
1632 1040 1759 1073 muliere;

970 1091 1021 1110 nec
1038 1083 1154 1110 amicum
1173 1083 1274 1112 habeas
1297 1084 1467 1111 hmreticum.
1484 1085 1622 1112 Abscinde
1641 1093 1655 1111 a
1678 1090 1704 1113 te
1727 1087 1758 1112 li-

970 1129 1077 1157 duciam
1101 1129 1283 1165 loquendique
1312 1131 1475 1158 libertatem.
1501 1130 1618 1159 Contine
1639 1132 1759 1167 linguam

970 1179 1157 1211 ventremque,
1172 1183 1204 1203 ac
1223 1177 1332 1204 modico
1345 1177 1410 1204 vino
1429 1181 1515 1205 utere.
1533 1177 1562 1204 Si
1576 1178 1640 1212 quis
1652 1178 1760 1206 locutus

971 1221 1053 1250 fuerit
1071 1222 1104 1250 de
1126 1222 1247 1257 qualibet
1271 1230 1315 1253 re.
1334 1230 1369 1250 ne
1383 1223 1535 1250 contendas
1556 1231 1618 1250 cutn
1641 1231 1688 1257 eo;
1713 1224 1760 1252 sed

971 1268 994 1295 si
1010 1271 1084 1295 recte
1098 1267 1219 1300 disserit,
1233 1267 1278 1295 dic
1293 1277 1299 1295 :
1312 1268 1399 1295 Etiam
1413 1276 1420 1300 ;
1439 1267 1461 1295 si
1479 1275 1544 1296 vero
1560 1268 1639 1299 male,
1657 1268 1759 1296 dicito:

971 1313 1011 1341 Tu
1028 1314 1083 1342 scis
1097 1321 1151 1349 quo
1168 1313 1249 1341 modo
1273 1314 1395 1348 loquaris
1409 1323 1416 1341 :
1428 1322 1517 1349 neque
1541 1319 1669 1341 concerta
1694 1322 1758 1341 cuin

971 1359 1018 1386 illo
1035 1358 1069 1387 de
1092 1359 1174 1386 rebus
1190 1366 1258 1394 quas
1279 1359 1402 1394 protulit.
1427 1358 1515 1394 Atque
1533 1359 1590 1385 haec
1607 1362 1649 1386 est
1668 1358 1761 1386 humi-

971 1405 1045 1432 litas.

1008 1451 1051 1479 12.
1075 1450 1256 1486 Interrogavit
1283 1450 1367 1477 frater
1389 1449 1515 1477 abbatem
1539 1449 1654 1477 Matoem
1681 1459 1689 1478 :
1713 1450 1762 1478 Dic

972 1497 1040 1524 mihi
1057 1497 1180 1524 verbum.
1199 1495 1405 1531 Responditque
1420 1496 1445 1523 ei
1459 1505 1465 1523 :
1478 1495 1593 1523 Omnem
1609 1497 1773 1524 contentin-‘

972 1551 1034 1570 nem
1050 1551 1083 1570 ex
1097 1543 1172 1570 omni
1193 1543 1311 1577 negotio,
1335 1550 1351 1569 a
1373 1546 1399 1570 te
1420 1547 1546 1578 amputa;
1568 1543 1644 1577 plora
1669 1549 1761 1571 autem

935 1576 956 1604 θ’
973 1595 1005 1615 ac
1022 1589 1091 1623 lnge,
1111 1589 1174 1623 quia
1190 1576 1297 1623 tempus
1316 1595 1401 1622 prope
1414 1592 1466 1615 est.

1009 1635 1052 1661 15.
1070 1633 1166 1661 Frater
1180 1634 1257 1661 hisce
1269 1633 1361 1661 verbis
1382 1637 1558 1668 percontatus
1580 1637 1622 1661 est
1636 1633 1761 1661 abbatem

974 1679 1088 1707 Matoem
1103 1690 1109 1707 :
1124 1680 1194 1713 Quid
1217 1680 1313 1715 agam?
1337 1679 1410 1714 quod
1426 1679 1516 1715 lingua
1535 1687 1594 1706 mea
1609 1687 1651 1706 me
1666 1683 1762 1712 vexat;

973 1729 999 1753 et
1014 1734 1076 1753 cuin
1091 1726 1118 1752 in
1134 1726 1252 1753 medium
1270 1726 1412 1753 hominum
1427 1726 1566 1760 prodiero.
1581 1733 1634 1752 non
1651 1733 1762 1760 possutn

973 1771 1114 1798 continere
1143 1772 1232 1803 illaut;
1262 1771 1309 1799 sed
1333 1771 1408 1806 ipsos
1431 1772 1459 1798 itt
1484 1773 1558 1799 onmi
1583 1779 1664 1806 opere
1692 1771 1764 1798 bono

973 1819 1136 1849 condemno,
1151 1817 1225 1852 ipsos
1237 1817 1382 1852 redarguo.
1398 1817 1468 1850 Quid
1486 1818 1568 1852 igitur
1580 1817 1697 1844 faciant?
1712 1818 1762 1844 Se-

974 1870 1024 1889 nex
1045 1861 1078 1889 ad
1094 1863 1167 1889 ltunc
1189 1862 1298 1889 modttm
1314 1863 1472 1898 respondit:
1489 1863 1517 1889 Si
1537 1871 1591 1890 non
1612 1862 1686 1890 vales
1700 1871 1764 1890 con-

974 1909 1060 1935 tinere
1078 1908 1206 1944 teipsum,
1229 1908 1289 1944 fuge
1307 1909 1334 1935 itt
1356 1909 1444 1936 locutu
1468 1909 1512 1935 ubi
1529 1909 1651 1936 solitario
1676 1909 1762 1937 vivas.

974 1954 1119 1983 lniirntitas
1138 1955 1210 1982 enim
1228 1959 1280 1982 est.
1304 1955 1354 1988 Qui
1371 1963 1452 1990 porro
1467 1963 1529 1982 cum
1549 1949 1680 1983 fratiihus
1707 1963 1764 1982 ma-

974 2006 1029 2033 net,
1046 2009 1099 2029 non
1116 2002 1195 2029 debet
1208 2010 1268 2029 esse
1288 2002 1525 2037 quadrangularis,
1550 2002 1597 2029 sed
1618 2002 1763 2034 rotundus,

974 2053 1004 2075 ut
1023 2048 1057 2075 ad
1076 2056 1171 2077 omnes
1187 2049 1320 2075 volvatur.
1340 2048 1452 2075 Addidit
1468 2056 1548 2075 senex
1565 2058 1572 2075 z
1586 2047 1646 2075 Non
1660 2057 1693 2076 ex
1707 2049 1764 2076 vir-

975 2099 1032 2122 tnte
1056 2095 1196 2121 solitarius
1222 2094 1324 2125 sedeo.
1353 2094 1400 2122 sed
1423 2095 1502 2129 juxta
1528 2094 1764 2128 imbecillitatem;

975 2144 1099 2176 potentes
1123 2140 1224 2176 quippe
1247 2148 1278 2168 ac
1299 2141 1380 2168 validi
1403 2145 1479 2174 sunt,
1502 2141 1548 2176 qui
1574 2141 1601 2168 in
1623 2141 1764 2169 ltominum

976 2186 1095 2213 meditttn
1111 2186 1272 2221 procedunt.

1041 2243 1081 2270 De
1096 2243 1191 2270 abbate
1211 2242 1304 2270 Murco
1317 2243 1448 2278 discipulo
1465 2242 1569 2270 abbatis
1585 2243 1698 2270 Silvani.

1012 2321 1037 2348 1.
1057 2321 1133 2357 (42¹)
1151 2321 1382 2349 liiemorabantde
1396 2322 1493 2348 abbate
1509 2321 1636 2354 Silvano,
1654 2322 1764 2358 quodin

977 2367 1051 2395 Sceti
1074 2367 1200 2395 habuerit
1217 2367 1394 2403 discipulum,
1412 2368 1534 2394 Marcum
1557 2368 1676 2400 nomine,
1698 2369 1763 2395 obe-

978 2413 1088 2441 dientiae
1112 2414 1213 2441 virtute
1243 2418 1436 2449 praestantem,
1461 2419 1542 2448 atque
1568 2414 1765 2450 calligraphum

979 2469 1027 2488 seu
1042 2461 1240 2495 antiquarium.
1259 2459 1427 2495 Diligebatnr
1441 2467 1530 2487 autem
1547 2468 1561 2487 a
1576 2468 1640 2487 sene
1655 2465 1766 2495 propter

979 2505 1172 2533 obedientiam.
1186 2505 1237 2532 Sed
1247 2510 1274 2533 et
1285 2506 1378 2532 habuit
1390 2506 1516 2533 ttndecitn
1530 2506 1597 2533 alios
1606 2505 1765 2541 discipulos,

979 2553 1023 2587 qui
1035 2560 1107 2587 aegre
1125 2552 1248 2579 ferebant
1263 2551 1334 2586 quod
1351 2552 1426 2578 illum
1444 2552 1505 2587 plus
1521 2552 1588 2586 ipsis
1608 2557 1721 2579 amaret.
1738 2552 1766 2578 ld

979 2606 1061 2633 porro
1076 2598 1219 2625 audientes
1233 2605 1324 2629 senes,
1340 2597 1493 2624 contristati
1508 2602 1582 2625 sunt.
1600 2598 1632 2624 Et
1649 2598 1766 2633 quodam

980 2695 1069 2721 clnra,
1086 2688 1302 2716 versiﬁcatorem
1326 2687 1486 2717 barbarum.
1504 2686 1537 2712 ad
1559 2685 1768 2713 similitmlinetn

981 2727 1055 2752 verbi
1072 2723 1257 2755 sermocinari,
1277 2723 1438 2756 procttdisse
1453 2721 1615 2752 eallt‘cinari,
1640 2725 1668 2747 et
1689 2721 1769 2746 intel-

981 2761 1080 2788 lexisse
1094 2767 1142 2795 per
1157 2758 1350 2791 callicinatum,
1362 2757 1505 2793 pulchrutn
1519 2760 1641 2790 cautum,
1654 2756 1770 2791 priccla-

981 2804 1040 2823 l‘llnl
1054 2803 1174 2822 carmen.

1017 2831 1088 2867 (42⁸)
1108 2829 1162 2858 Vit.
1181 2829 1260 2856 Patr.
1279 2836 1335 2863 XIV,
1350 2828 1366 2856 5
