1970 3074
188 186 243 214 295

759 180 934 209 APPENDIX
954 181 1000 208 AD
1018 178 1231 208 PALLADIUM.

1763 175 1820 202 9.95

188 242 233 270 die
248 241 420 274 accedentes,
444 243 612 270 accusabant
629 249 702 269 eum.
730 241 764 267 At
780 248 863 268 senex
879 247 986 267 assum-

1053 238 1183 264 νεχάλουν
1204 236 1285 263 αὐτόν
1293 235 1327 262 ’⁵.
1345 234 1442 261 Λαὸὼν
1455 233 1483 260 δὲ
1501 233 1601 265 αὐτοὺς
1611 231 1720 268 ἐξῆλθε,
1737 231 1784 259 καὶ
1798 232 1826 258 ἔ·-

189 289 245 323 ptis
258 288 292 315 iis
307 294 436 322 egressus
449 292 507 321 est;
523 295 555 315 ac
567 295 615 322 per
629 286 751 321 singulas
763 286 846 312 cellas
859 285 980 320 pulsans,

190 335 298 362 dicebat
312 343 318 361 :
335 334 430 362 Frater
445 334 501 367 ille,
516 335 590 367 veni,
605 337 633 361 te
649 334 716 360 mihi
730 340 799 367 opus
813 336 865 359 est.
882 330 937 358 Nec
950 338 983 357 ex

191 381 225 409 iis
245 381 318 408 ullus
335 381 409 408 illico
431 381 543 415 prodiit,
569 383 716 408 secuturus
740 385 814 405 eum.
841 375 894 404 Ubi
919 383 985 403 vero

192 428 302 464 pertigit
319 426 352 453 ad
373 426 469 454 cellam
490 425 584 458 Marci,
607 425 736 460 foresque
756 423 841 454 l'eriit,
861 429 983 450 vocans:

192 475 299 508 Marce;
315 474 370 506 ille,
392 472 486 500 audita
502 472 576 499 settis
592 479 670 503 voce,
691 471 782 497 statim
798 473 874 497 extra
899 469 987 504 prosi-

193 521 242 548 liit.
263 520 408 556 Senexque
424 518 500 546 misit
511 525 573 545 eum
587 517 621 544 ad
638 516 835 544 ministerium.
852 515 891 542 Ad
906 523 986 542 senes

192 572 282 594 autem
297 566 350 592 ait:
365 565 470 596 Patres,
485 564 532 590 ubi
550 567 614 590 sunt
630 563 730 589 fratres
746 561 865 596 reliqui!
886 561 988 587 Deinde

192 613 332 648 ingressus
348 612 377 638 in
396 611 492 638 cellam
511 610 582 645 ejus,
608 610 789 636 contreetavit
815 607 903 642 ipsius
919 614 989 641 qua-

193 658 362 686 ternionem:
389 656 547 691 invenitque
571 655 643 690 quod
669 662 780 682 manum
807 654 929 681 misisset
953 653 987 679 ad

191 704 358 732 curandam
377 704 495 730 litteram
511 711 543 734 ω,
557 703 603 730 sed
620 701 736 728 audiens
751 707 844 728 senem
861 707 915 726 non
927 707 988 726 vcr-

193 750 273 778 Iisset
288 749 423 777 calamum
443 752 473 774 ut
494 747 644 782 compleret
665 754 735 773 eam.
753 745 833 772 Tunc
849 753 929 772 senes
952 744 989 771 ita

194 795 280 823 locuti
295 798 379 823 sunt:
394 794 500 822 Revera
518 801 598 828 quem
620 797 648 819 tu
669 792 770 826 diligis,
789 791 869 823 abba,
892 795 918 818 et
939 797 990 817 nos

193 841 345 876 diligimus,
365 841 492 876 Deusque
511 839 600 874 diligit
615 847 688 866 eutn.

229 887 257 914 2.
278 886 315 914 De
344 886 441 914 abbate
472 885 583 912 Silvano
613 884 882 916 commemorabam,
914 881 989 917 quod

1035 292 1134 319 κρουσε
1144 283 1216 310 κατὰ
1231 281 1345 313 κελλίον,
1362 280 1449 315 λέγων
1459 288 1466 294 ·
1487 280 1517 306 '0
1530 279 1602 305 δεῖνα
1616 278 1725 313 eastra,
1737 277 1827 314 δεῦρο,

1035 331 1076 357 ὅτι
1096 329 1191 365 χρῄζω
1218 337 1276 356 σου.
1293 328 1348 354 Kal
1361 324 1402 358 εἷς
1418 325 1448 359 ἐξ
1464 325 1564 357 αὐτῶν,
1580 325 1630 351 οὐκ
1645 323 1828 359 ἠκολούθησεν

1035 376 1110 412 αὐτῷ
1130 375 1220 408 εὐθύς.
1238 374 1293 401 Kal
1308 373 1393 400 ἐλθὼν
1412 372 1458 399 ἐπὶ
1476 372 1524 408 τὴν
1546 371 1646 399 κέλλαν
1661 371 1788 406 Μάρκου,
1802 370 1827 396 ἑ-

1037 431 1147 459 κρουσε,
1161 421 1248 455 λέγων
1257 429 1263 435 ·
1276 420 1384 455 Μάρκε.
1405 419 1435 445 ’0
1446 418 1475 445 δὲ
1488 418 1607 449 ἀκούσας
1619 417 1666 452 τῆς
1680 416 1771 452 φωνῆς
1781 415 1828 442 τοῦ

1037 470 1176 505 γέροντος,
1192 467 1272 498 εὐθὺς
1296 465 1432 501 ἐπήδησεν
1448 464 1515 496 ἔξω·
1531 464 1579 490 καὶ
1605 463 1729 498 ἔπεμψεν
1747 461 1828 488 αὐτὸν

1037 516 1078 547 εἰς
1095 514 1242 542 διακονίαν.
1260 512 1316 539 Kal
1331 511 1407 546 λέγει
1427 512 1483 543 τοῖς
1511 510 1637 545 γέρουσι·
1651 508 1705 535 Ποῦ
1721 508 1790 534 εἰσὶν
1805 508 1829 534 οἱ

1041 559 1131 587 λοιποὶ
1153 558 1275 593 ἀδελφοὶ,
1288 557 1425 593 Πατέρες;
1438 556 1494 583 Kal
1515 553 1643 582 εἰσελθὼν
1657 554 1696 585 εἰς
1710 553 1759 589 τὴν
1769 552 1831 580 κέλ-

1038 606 1087 632 λαν
1102 605 1197 635 αὑτοῦ,
1212 604 1371 640 ὲψηλάφησε
1381 603 1413 629 τὸ
1431 601 1572 637 τετράδιον
1582 599 1679 627 αὑτοῦ·
1695 599 1742 626 καὶ
1753 594 1831 634 εὗρεν

1039 653 1080 679 ὅτι
1092 661 1114 679 ω
1135 651 1215 678 ἕόαλε
1236 652 1316 687 χεῖρα
1329 651 1416 676 ποιεῖν
1425 649 1447 665 ’⁸⁸
1458 657 1465 663 ”
1482 648 1528 675 καὶ
1539 646 1658 678 ἀκούσας
1674 645 1721 672 τοῦ
1735 646 1830 681 γέρον-

1038 707 1094 730 τος,
1109 699 1159 725 οὐκ
1182 697 1297 733 ἔστρεψε
1329 696 1371 723 τὺν
1398 695 1521 729 κάλαμον
1535 693 1678 730 πληρῶσαι
1696 692 1772 720 αὑτό.
1786 692 1821 718 Λέ

1039 751 1132 777 γουσιν
1149 740 1195 769 οὖν
1211 743 1236 768 οἱ
1250 742 1390 777 γέροντες·
1407 741 1512 772 Ὄντως
1524 738 1554 765 ὃν
1572 739 1604 765 σὺ
1618 739 1738 773 ἀγαπᾷς,
1748 737 1831 767 ὰῆὃᾶ,

1040 790 1088 816 καὶ
1111 790 1193 825 ἡμεῖς
1211 788 1291 816 αὐτὸν
1300 788 1323 803 ³⁸
1349 786 1515 821 ἀγαπῶμεν.
1534 785 1581 812 καὶ
1589 785 1612 805 ³⁷
1629 785 1643 811 6
1658 783 1724 815 Θεὸς
1751 783 1833 810 alni»

1040 836 1146 871 ἀγαπᾷ.

1077 880 1110 916 β’.
1137 881 1250 914 Ἔλεγον
1274 879 1337 915 περὶ
1361 878 1409 905 τοῦ
1433 877 1506 905 Διϐὁᾶ
1527 875 1686 906 Σιλουανοῦ,
1707 876 1748 901 ὅτι
1769 873 1834 900 ποτὲ

194 933 343 968 aliquando
361 932 388 960 in
406 931 479 959 Sceti
495 931 639 958 ambulans
655 938 717 957 cum
734 930 857 962 senibus,
879 929 988 956 volens-

1052 927 1200 964 περιπατῶν
1220 927 1249 952 ἐν
1273 927 1306 961 τῇ
1322 926 1422 960 Σκήτει
1440 924 1510 960 μετὰ
1533 923 1587 949 τῶν
1608 922 1759 958 γερόντων,
1785 921 1834 948 καὶ

193 987 248 1014 que
264 979 297 1006 iis
309 978 436 1013 discipuli
462 978 504 1004 sui
526 976 608 1003 Marci
628 975 810 1003 obedientiam
829 975 986 1005 ostendere,

194 1033 228 1053 ac
259 1029 371 1060 propter
382 1024 448 1060 quid
483 1024 609 1058 diligeret
633 1030 708 1053 euttt,
732 1025 880 1056 conspecto
906 1027 990 1056 parvo

194 1079 274 1107 apro.
294 1072 361 1098 dixit
384 1070 432 1098 ei:
451 1070 568 1102 Cernis,
587 1069 634 1100 ﬁli,
660 1076 778 1104 parvum
805 1067 881 1094 illum
905 1067 990 1094 buba-

196 1118 272 1145 lum!
293 1116 469 1152 Respondit:
497 1115 596 1144 Etiam.
624 1115 703 1141 abba.
733 1113 766 1140 Et
799 1119 902 1140 cornua
931 1112 991 1147 ejus

194 1171 279 1199 quam
302 1162 437 1197 elegantia
454 1161 538 1189 sunt?
557 1162 621 1188 Ait:
646 1160 704 1191 Nee,
722 1159 801 1186 abba.
829 1159 915 1186 Senes
928 1165 992 1192 ergo

196 1209 324 1237 demirati
342 1212 406 1236 sunt
420 1215 585 1243 responsum
599 1207 670 1241 ejus,
685 1211 712 1234 et
726 1205 853 1233 aediﬁcati
869 1208 934 1233 suttt
949 1204 991 1231 in-

197 1256 350 1290 structique
365 1255 400 1281 ob
417 1258 520 1281 tantam
536 1253 731 1281 obedientiam.

234 1301 260 1328 5.
283 1299 339 1335 (45)
359 1299 438 1327 Venit
463 1299 613 1334 aliquando
630 1306 692 1325 cum
719 1305 820 1333 magno
845 1297 994 1324 comitatus

198 1352 347 1382 apparatu,
360 1351 447 1373 ntatcr
458 1346 565 1373 abbatis
585 1344 682 1376 Marci,
701 1348 730 1371 ut
745 1344 849 1371 videret
864 1351 925 1370 eunt
939 1352 945 1370 :
960 1343 993 1369 ad

199 1401 286 1429 quam
304 1401 366 1420 cum
383 1392 496 1419 exiisset
511 1399 604 1424 senex,
623 1391 668 1418 illa
683 1390 772 1417 dixit:
787 1389 873 1422 Abba,
890 1389 956 1423 jube
966 1392 996 1415 ut

202 1441 276 1468 tilius
303 1448 380 1468 meus
406 1439 572 1475 egrediatur,
590 1446 644 1473 quo
661 1438 767 1464 videam
793 1445 866 1464 eum.
888 1436 996 1463 lntrans

200 1491 296 1514 autem
322 1493 417 1516 senex.
435 1486 472 1512 ait
497 1484 606 1512 Marco:
632 1483 726 1515 Prodi,
749 1487 778 1510 ιιι
793 1487 821 1510 te
844 1483 997 1518 conspiciat

203 1539 291 1562 mater
306 1537 363 1560 tua.
380 1532 510 1560 Gestabat
525 1537 616 1559 autem
641 1535 745 1558 vestem
768 1538 784 1558 c
800 1530 884 1556 variis
913 1528 996 1564 panni

1041 974 1125 1001 θέλων
1142 974 1233 1004 αὐτοῖς
1249 973 1299 1007 τὴν
1316 971 1440 1006 ὑπακοὴν
1453 971 1501 997 τοῦ
1518 968 1640 1004 μαθητοῦ
1659 967 1741 995 αὐτοῦ
1757 967 1836 1002 Μάρ-

1041 1029 1089 1046 κου
1103 1019 1199 1052 δεῖξαι,
1214 1019 1262 1046 xal
1275 1018 1308 1044 δι’
1323 1017 1337 1044 ὃ
1353 1017 1447 1052 ἀγαπᾷ
1467 1016 1560 1045 αὑτὸν,
1580 1015 1721 1050 θεωρήσας
1737 1013 1835 1049 μικρὸν

1042 1067 1171 1103 σύαγρον,
1188 1066 1263 1100 λέγει
1282 1064 1371 1100 αὐτῷ·
1394 1064 1512 1099 Θεωρεῖς
1533 1063 1564 1089 τὸ
1585 1061 1681 1096 μικρὸν
1696 1060 1836 1096 βουϐάλων

1043 1115 1142 1145 ἐκεῖνο,
1172 1113 1287 1143 τέκνον;
1312 1111 1395 1145 Λέγει
1423 1109 1517 1145 αὐτῷ·
1543 1108 1608 1141 Nal,
1623 1107 1706 1135 assa.
1724 1107 1778 1134 Kal
1802 1106 1838 1133 τὰ

1043 1160 1147 1195 κέρατα
1160 1158 1243 1185 αὑτοῦ
1262 1158 1320 1189 πῶς
1332 1156 1436 1184 πιθανά
1451 1156 1520 1182 εἰσιν
1533 1164 1540 1188 ;
1558 1155 1658 1188 Λέγει·
1675 1153 1738 1185 Ναὶ,
1754 1152 1835 1180 ἁὸὂᾶ.

1044 1208 1099 1233 Kal
1111 1205 1270 1240 ἐθαύμασαν
1286 1206 1311 1231 οἱ
1323 1204 1451 1239 γέροντες
1462 1202 1511 1238 τὴν
1524 1201 1670 1236 ἀπόκρισιν
1685 1199 1778 1230 αὑτοῦ,
1790 1199 1839 1226 καὶ

1045 1251 1259 1288 ᾡκοδομήθησαν
1273 1253 1302 1278 ἐν
1318 1252 1351 1286 τῇ
1365 1251 1471 1285 ὑπακοῇ
1490 1248 1584 1275 αὑτοῦ.

1082 1302 1115 1333 γ’.
1137 1298 1263 1332 Κατῆλθέ
1287 1305 1351 1323 ποτε
1371 1297 1388 1332 ἡ
1415 1297 1509 1331 μήτηρ
1523 1293 1571 1321 τοῦ
1594 1293 1666 1320 assa
1683 1293 1705 1308 “
1724 1292 1838 1327 Μάρκου

1047 1345 1112 1372 ἰδεῖν
1127 1344 1224 1372 αὐτόν’
1241 1343 1288 1370 καὶ
1302 1340 1359 1377 εἶχε
1374 1341 1474 1377 πολλὴν
1487 1339 1645 1376 φαντασίαν.
1661 1338 1715 1365 Kal
1730 1337 1841 1373 ἐξῆλθεν

1046 1392 1060 1418 ὀ
1075 1391 1164 1426 γέρων
1193 1389 1257 1425 πρὸς
1275 1389 1370 1423 αὑτήν.
1394 1388 1449 1414 Kal
1468 1385 1544 1413 εἶπεν
1558 1385 1648 1421 αὐτῷ’
1672 1384 1764 1414 Ἀϐὁᾶ,
1779 1382 1842 1409 εἰπὲ

1047 1438 1093 1464 τὸν
1107 1437 1165 1463 υἱόν
1177 1437 1200 1454 ⁹⁹
1216 1444 1265 1471 μου
1282 1435 1410 1468 ἐξελθεῖν.
1428 1434 1471 1460 ἵνα
1491 1433 1537 1459 ἴδω
1555 1432 1645 1459 αὐτόν.
1662 1429 1796 1458 Εἰσελθὼν
1812 1428 1842 1455 δὲ

1049 1484 1063 1510 ὁ
1076 1483 1176 1519 γέρων,
1191 1480 1268 1508 εἶπεν
1291 1480 1382 1516 αὐτῷ’
1399 1479 1522 1511 Ἔξελθε,
1538 1478 1582 1505 ἴνα
1602 1486 1631 1504 σε
1648 1477 1690 1510 τδη
1712 1477 1728 1511 ὴ
1749 1476 1843 1511 μήτηρ

1051 1539 1107 1556 σου,
1124 1527 1178 1555 Ἦν
1195 1529 1223 1554 δὲ
1249 1527 1339 1562 ςορῶν
1364 1526 1553 1561 κεντονάριον,
1581 1524 1628 1551 καὶ
1653 1521 1843 1557 ὴσὸολωμένος

203 1579 351 1615 segmentis
366 1583 522 1610 consutam,
536 1582 651 1612 eratque
673 1576 786 1611 fuligine
803 1575 928 1610 coquinw
939 1575 995 1601 titt-

1052 1576 1104 1602 ἀπὸ
1120 1575 1167 1602 τοῦ
1190 1573 1360 1610 μαγειρείου.
1380 1572 1434 1600 Καὶ
1451 1570 1566 1603 ἐξελθὼν
1583 1569 1626 1596 διὰ
1643 1569 1690 1604 τὴν
1708 1568 1842 1602 ὑπακοὴν,

203 1631 277 1654 ctus.
291 1625 376 1660 Igitur
391 1627 502 1659 propter
514 1622 696 1650 obedientiam
708 1622 813 1653 exiens.
827 1621 995 1648 clausitocu-

1052 1623 1196 1657 ὲκάμμυσε
1212 1621 1276 1652 τοὺς
1296 1619 1451 1655 ὀψθαλμοὺς
1471 1616 1565 1649 αὑτοῦ,
1581 1616 1628 1643 καὶ
1645 1613 1721 1642 εἶπεν
1733 1615 1842 1645 αὐτοῖς·

204 1673 246 1700 los
259 1692 266 1704 ,
285 1676 312 1699 et
331 1671 400 1698 dixit
417 1679 424 1697 :
445 1669 543 1697 Salvos
561 1677 610 1697 vos
635 1669 714 1700 volo,
742 1669 832 1695 salvos
850 1675 899 1694 vos
918 1667 997 1699 volo,

202 1718 296 1746 salvos
314 1724 362 1744 vos
379 1715 456 1747 volo;
477 1722 527 1741 ttec
542 1713 610 1741 vidit
627 1719 802 1748 quemquam.
827 1711 913 1738 Mater
933 1718 999 1738 vero

205 1771 260 1791 non
272 1763 381 1798 agnovit
393 1762 493 1796 ipsum.
506 1760 607 1788 lterum
618 1767 684 1794 ergo
699 1759 774 1786 misit
789 1759 821 1785 ad
835 1765 940 1789 senem,
959 1765 1002 1792 pe-

208 1815 286 1837 tens:
308 1809 394 1840 Abba,
421 1807 498 1834 mitte
513 1806 580 1834 mihi
601 1805 684 1832 lilium
701 1812 801 1834 meum.
816 1807 845 1830 ut
860 1811 922 1830 eum
939 1810 1003 1838 spe-

159 1886 167 1896 .
204 1861 290 1883 clem.
314 1854 384 1882 Tum
402 1861 486 1881 senex
512 1853 544 1880 ad
564 1851 708 1880 Marcum:
734 1849 830 1877 Nonne
855 1849 911 1876 dixi
933 1849 1003 1875 tibi:

208 1901 356 1937 Egredere,
372 1905 402 1937 ut
418 1904 444 1927 te
458 1899 575 1934 aspiciat
592 1902 678 1926 mater
692 1897 757 1924 tua!
770 1895 921 1932 Respondit
935 1894 1005 1921 Mar-

207 1955 280 1975 cus:
302 1947 435 1982 Egressus
451 1953 522 1977 sutn,
539 1945 617 1979 juxta
634 1950 788 1971 sermonem
815 1946 903 1973 tuum,
924 1940 1004 1967 abba.

211 1993 312 2021 Verum
334 2000 400 2027 rogo
416 1996 459 2024 te,
477 1999 510 2018 ne
526 1992 624 2018 iterum
636 1990 733 2024 jubeas
755 1996 799 2015 me
822 1988 908 2019 exire,
921 1992 951 2014 ut
973 1994 1007 2013 ne

211 2040 264 2067 tibi
280 2040 332 2067 sim
347 2039 543 2072 inobsequens.
557 2035 635 2063 Tunc
649 2042 779 2070 egressus
795 2042 877 2061 senex
893 2033 931 2060 ait
948 2040 1007 2059 mu-

210 2086 272 2114 lieri
286 2095 293 2112 :
306 2085 365 2120 Ipse
377 2089 418 2112 est
429 2083 474 2118 qui
488 2083 561 2110 vertit
571 2082 604 2109 ad
614 2089 672 2113 vos.
686 2081 809 2115 dixitque
824 2089 830 2106 z
846 2079 942 2106 Salvos
959 2086 1007 2105 vos

212 2132 286 2160 volo.
304 2131 338 2158 Et
350 2131 477 2158 hortatus
493 2128 708 2162 consolatusque
723 2134 795 2157 eam,
809 2126 845 2152 ita
857 2124 970 2152 dimisit.

249 2178 277 2205 4.
296 2177 372 2204 ‘Alias
398 2175 512 2210 contigit
524 2195 531 2207 ,
551 2178 581 2201 ut
599 2181 728 2209 egressus
746 2180 761 2199 e
783 2171 868 2202 Secti,
885 2175 1010 2206 pergeret

214 2225 245 2252 in
269 2228 389 2251 montem
419 2222 497 2254 Sina,
525 2226 552 2248 et
584 2220 640 2247 illic
669 2223 800 2246 maneret.
826 2217 898 2245 Misit
924 2222 1010 2244 mater

215 2270 313 2302 Marci,
329 2269 461 2304 adjlrans
472 2275 534 2295 cum
550 2265 691 2302 lacrytnis,
708 2269 739 2291 ut
751 2264 838 2292 exiret
853 2263 924 2290 illius
939 2263 1010 2297 ejus,

1052 1669 1198 1704 Σωθείητε,
1211 1667 1352 1702 σωθείητε,
1366 1665 1511 1700 σωθείητε·
1527 1665 1574 1690 καὶ
1589 1663 1639 1689 οὐκ
1652 1659 1722 1688 εἶδεν
1733 1659 1844 1691 αὐτούς.

1059 1716 1091 1742 'll
1107 1715 1134 1741 δὲ
1159 1715 1250 1750 μήτηρ
1274 1712 1355 1739 αὑτοῦ
1373 1712 1423 1738 οὐκ
1444 1710 1591 1745 ἐγνώρισεν
1616 1709 1696 1735 αὐτόν
1717 1708 1736 1734 ¹.
1759 1706 1846 1733 Πάλιν

1052 1761 1100 1789 οὖν
1114 1762 1215 1797 πέμπει
1231 1760 1298 1796 πρὸς
1310 1759 1355 1786 τὸν
1371 1758 1496 1794 γέροντα,
1511 1756 1643 1790 λέγουσα·
1663 1754 1758 1786 Ἀ66ἄ,
1776 1753 1848 1787 πέμ-

1054 1809 1104 1844 ψον
1122 1817 1167 1843 μοι
1183 1807 1229 1833 τὸν
1249 1806 1305 1833 υἱόν
1331 1814 1397 1841 μου,
1415 1805 1458 1831 ἵνα
1480 1803 1560 1831 αὑτὸν
1577 1802 1634 1830 ἴδω.
1653 1801 1708 1828 Kal
1725 1798 1786 1826 εἷπε
1809 1798 1848 1834 τῷ

1056 1854 1177 1890 Μάρκῳ²
1188 1854 1247 1880 Οὐκ
1265 1851 1342 1879 εἶπόν
1360 1860 1417 1878 σοι·
1429 1849 1551 1882 Ἔξελθε,
1565 1849 1607 1875 ῖνα
1623 1857 1652 1874 σε
1669 1847 1711 1883 ἴδῃ
1724 1848 1741 1882 ἡ
1757 1846 1849 1881 μήτηρ

1058 1910 1104 1928 σου
1118 1911 1126 1934 ;
1141 1901 1196 1927 Kal
1210 1897 1286 1926 εἶπεν
1305 1899 1378 1934 αὐτῷ
1397 1899 1411 1924 ὁ
1426 1898 1555 1932 Μάρκος·
1578 1894 1704 1929 Ἐξῆλθον
1721 1892 1790 1920 κατὰ
1804 1891 1850 1918 τὸν

1056 1946 1136 1980 λόγον
1151 1954 1209 1977 σου,
1227 1945 1308 1971 ἀὸὃᾱ.
1325 1944 1399 1978 Πλὴν
1414 1941 1567 1978 παρακαλῶ
1584 1949 1624 1973 σε,
1644 1939 1681 1975 μὴ
1704 1940 1785 1974 εἴπῃς
1806 1946 1850 1972 μοι

1057 1992 1123 2018 ἄλλο
1135 1991 1231 2023 ἅπαξ²
1250 1989 1378 2022 ἐξελθεῖν,
1403 1989 1446 2015 ἵνα
1471 1987 1508 2023 μὴ
1523 1985 1690 2022 παρακούσω
1717 1993 1774 2011 σου.
1795 1983 1852 2010 Καὶ

1059 2037 1176 2070 ἐξελθὼν
1189 2039 1202 2064 ὁ
1216 2037 1304 2072 γέρων
1325 2034 1403 2062 εἶπεν
1426 2035 1494 2069 αὐτῇ
1506 2042 1513 2048 ·
1532 2033 1617 2063 Αὐτός
1636 2033 1710 2058 ἐστιν
1733 2032 1747 2057 ὁ
1763 2031 1851 2057 ἀπαν-

1058 2084 1147 2118 τήσας
1171 2083 1247 2117 ὑμῖν,
1271 2082 1376 2116 λέγων·
1404 2080 1549 2116 Σωθείητε.
1579 2079 1634 2105 Kal
1657 2075 1853 2112 παρακαλέσας

1060 2129 1146 2164 αὐτὴν
1161 2129 1308 2156 ἀπέλυσεν.

1096 2176 1127 2202 δ’.
1147 2175 1258 2202 Ἀλλοτε
1283 2173 1382 2208 συνέϐη
1404 2171 1485 2199 αὑτὸν
1511 2170 1628 2204 ἐξελθεῖν
1649 2169 1702 2196 ἀπὸ
1717 2169 1854 2203 Σκήτεως,

1062 2223 1110 2248 καὶ
1130 2220 1257 2248 ἀπελθεῖν
1275 2220 1316 2252 εἰς
1338 2219 1369 2246 τὺ
1386 2219 1448 2254 ὅρος
1465 2218 1495 2244 τδ
1511 2217 1586 2249 Σινὰ,
1608 2217 1655 2243 καὶ
1678 2216 1767 2250 μεῖναι
1786 2214 1855 2240 ἐκεῖ.

1063 2269 1118 2295 Kal
1132 2267 1254 2302 ἐπεμψεν
1267 2268 1283 2301 ἡ
1299 2267 1391 2302 μήτηρ
1404 2264 1450 2291 τοῦ
1472 2264 1586 2298 Μάρκου
1609 2261 1756 2297 ὁρκίζουσα
1774 2258 1856 2285 αὑτὸν

216 2324 251 2343 ac
269 2315 373 2343 videret
387 2322 460 2341 eunt.
479 2313 569 2341 Senex
593 2315 686 2338 autem
703 2311 780 2338 illtttn
801 2309 916 2337 dimisit.
928 2308 995 2336 Cum

1066 2313 1135 2350 μετὰ
1147 2313 1284 2348 δακρύων,
1297 2312 1340 2338 ἵνα
1351 2310 1446 2346 ἐξέλθῃ
1456 2311 1469 2336 ὁ
1480 2309 1535 2340 υἱὸς
1547 2308 1643 2342 αὐτῆς,
1652 2307 1698 2333 καὶ
1712 2306 1752 2341 ἴδῃ
1763 2304 1856 2331 αὐτόν.

218 2369 271 2396 que
282 2360 483 2395 composuisset
502 2358 629 2385 melotettt
653 2363 732 2384 suant
749 2355 783 2382 ad
799 2355 966 2386 exeundum,
983 2357 1010 2380 et

219 2407 342 2435 venisset
356 2411 385 2433 ut
403 2413 496 2434 senem
512 2404 654 2436 salutaret,
673 2402 746 2430 illico
765 2401 848 2436 coepit
866 2401 945 2432 ﬂere;
962 2407 1012 2426 nee

217 2461 350 2489 «gressus
359 2456 410 2480 est.

262 2556 289 2584 5.
311 2555 367 2590 (ιι)
385 2553 549 2582 Referebant
563 2553 596 2579 de
609 2552 708 2580 abbate
725 2550 846 2581 Silvano,
861 2548 935 2584 quod
951 2555 1013 2575 eum

222 2602 306 2630 vel-let
328 2602 354 2628 in
382 2600 490 2635 Syriam
512 2598 660 2633 proﬁcisci,
685 2596 786 2624 dixerit
814 2596 839 2623 ei
861 2594 1015 2629 discipulus

1070 2361 1099 2387 '0
1118 2360 1146 2387 δὲ
1161 2359 1249 2395 γέρων
1261 2358 1397 2386 ἀπέλυσεν
1412 2356 1503 2383 αὐτόν.
1524 2355 1580 2382 Καὶ
1590 2354 1630 2385 ὡς
1643 2352 1730 2379 ὲσωίει
1740 2351 1790 2385 τὴν
1806 2358 1859 2384 μη-

1065 2408 1153 2444 λωτὴν
1170 2406 1253 2434 αὐτοῦ
1275 2405 1324 2432 τοῦ
1338 2404 1472 2437 ἐξελθεῖν,
1493 2402 1540 2428 καὶ
1560 2401 1660 2436 ἧρχετο
1679 2395 1859 2426 ἀσπάσασθαι

1066 2455 1111 2481 τὸν
1132 2442 1259 2490 γέροντα,
1275 2451 1376 2483 εὐθέως
1398 2449 1492 2477 ἕὸαλλε
1511 2447 1625 2478 κλαίειν,
1644 2445 1692 2473 καὶ
1707 2445 1757 2470 οὐκ
1777 2442 1860 2477 ἐξήρ-

1059 2508 1140 2545 ,χετα

1104 2549 1135 2573 ε’.
1151 2546 1265 2579 Ἔλεγον
1278 2544 1342 2579 περὶ
1354 2543 1401 2569 τοῦ
1411 2541 1485 2569 assa
1499 2538 1654 2570 Σιλουανοῦ,
1664 2537 1705 2564 ὃτι
1719 2536 1756 2568 ὡς
1766 2535 1861 2568 ἢθελεν

1070 2593 1186 2625 ἐξελθεῖν
1202 2593 1242 2623 εὶς
1264 2590 1382 2626 Συρίαν,
1410 2587 1485 2615 εἶπεν
1508 2586 1609 2622 αὺτῷὸ
1635 2583 1757 2620 μαθητὴς
1778 2581 1862 2608 αὑτοῦ

225 2649 286 2682 ejus
303 2647 432 2674 Marcus:
457 2645 548 2676 Pater.
563 2645 628 2671 nolo
651 2643 726 2671 exire
750 2642 831 2675 hinc;
847 2641 894 2668 sed
924 2647 973 2666 nec
992 2645 995 2664 ι

1069 2640 1198 2675 Μάρκοςσ
1214 2639 1316 2672 Πάτερ,
1332 2637 1362 2663 οὐ
1383 2636 1452 2662 Θέλω
1475 2633 1591 2666 ἐξελθεῖν
1615 2631 1691 2658 ἐνθεν
1701 2638 1723 2682 ’τ
1731 2628 1788 2655 ἀλλ’
1798 2627 1863 2654 οὐδὲ

303 2672 408 2674 ﬁt”,
514 2672 517 2673 ν
542 2672 547 2676 ,
825 2672 829 2675 ,

223 2694 315 2729 patiar
333 2693 436 2728 egredi.
459 2691 539 2719 abba.
561 2690 662 2718 Verum
683 2689 728 2716 hic
743 2693 802 2715 tres
827 2687 886 2714 dies
909 2693 995 2721 perm:

1072 2685 1101 2711 σὲ
1194 2683 1323 2714 ἐξελθεῖν,
1335 2681 1416 2708 assa.
1433 2680 1512 2707 Ἀλλὰ
1529 2677 1698 2713 παράμεινον
1708 2672 1775 2702 ὧδε³
1789 2674 1864 2709 τρεῖς

224 2745 302 2767 nolo.
318 2738 352 2766 Et
364 2739 443 2766 tertia
458 2739 502 2765 die
515 2742 602 2764 morte
617 2736 748 2764 occubuit
765 2734 880 2762 Marcus.

1071 2730 1189 2766 ἡμέρας.
1206 2730 1261 2756 Kal
1272 2730 1304 2763 τῇ
1322 2727 1402 2764 τρίτῃ
1415 2726 1507 2762 ἡμέρᾳ
1519 2723 1652 2759 ἐκοιμήθη
1663 2722 1685 2749 ⁵.

263 2799 287 2816 ’⁵
305 2798 378 2829 llzcc,
393 2801 439 2825 καὶ
449 2797 594 2824 ἐνεκάλουν
604 2797 696 2825 αὐτόν.
714 2796 816 2824 absunt
831 2794 865 2822 ab
877 2794 911 2820 al.
950 2793 974 2809 "
994 2815 995 2818 η

1053 2791 1084 2829 εδ
1096 2790 1254 2829 οἦρξᾳιτο.η
1275 2789 1298 2804 ’⁵
1319 2787 1398 2829 Qeest
1418 2787 1498 2829 αὺρᾴν
1520 2786 1546 2812 itt
1559 2784 1600 2827 'al.
1619 2783 1659 2829 Ρντ
1672 2781 1727 2829 1ΛΙ.Ι
1739 2780 1804 2829 ins.I

265 2814 285 2816 "
306 2814 378 2829 nam,
394 2814 439 2825 MM.
449 2814 593 2824 ινςιυνιιευυν
604 2814 696 2825 utatur.
714 2814 816 2824 ιιυοιιιιυ
831 2814 865 2822 -ιι
877 2814 911 2820 ιι..
994 2815 995 2818 η

225 2835 252 2852 τ’
272 2835 312 2861 Al.
326 2833 451 2868 ἀδελφοῦ.
507 2833 529 2849 ¹⁹
549 2833 591 2859 Al.
604 2831 642 2867 τῷ
656 2831 717 2866 υἱῷ.
764 2832 772 2846 ¹
794 2830 837 2857 Al.
857 2829 916 2856 οὐδὲ
931 2830 948 2863 ὴ
965 2837 993 2864 μ.

1055 2828 1110 2861 ὲγν.
1167 2814 1213 2852 ἓτι
1228 2822 1304 2855 οὗτος
1328 2821 1366 2858 ἦν.
1425 2822 1531 2850 'Abest
1559 2818 1632 2852 ἅπαξ
1655 2818 1689 2845 ab
1702 2817 1738 2844 al.
1793 2814 1804 2830 ³
1822 2814 1866 2842 ΔΙ.

227 2875 315 2898 lt'Ser.
330 2869 425 2896 ἄλλοις.
462 2868 473 2883 ⁸
492 2868 534 2894 Al.
553 2868 617 2895 add.
634 2870 662 2894 ὲν
680 2868 787 2903 εἰρήνῃ.

262 2926 322 2962 (45)
338 2924 391 2953 Vit.
408 2923 487 2952 Patr.
503 2930 560 2956 XIV,
576 2923 602 2950 6.
1115 2915 1172 2951 (44)
1192 2913 1247 2943 Vit.
1266 2913 1341 2941 Patr.
1358 2919 1436 2944 xvttt,
1453 2911 1497 2937 5t.
