1970 3074
115 143 162 172 9.97

308 202 379 236 Περὶ
394 201 446 228 τοῦ
461 200 537 228 ιὶόὄᾶ
549 199 711 233 Μιλησίου.

151 273 185 297 α’.
201 270 408 306 Παρερχόμενος
428 270 442 296 ὁ
460 268 547 300 ἀϐὃόίς
565 268 696 304 Μιλήσιος
716 267 760 294 διά.
774 276 846 298 τινος
863 266 906 293 τό-

119 324 178 347 που.
197 314 251 342 εἶδέ
273 324 336 342 τινα
351 315 465 351 μοναχὸν
489 314 674 350 κρατούμενον
696 313 749 339 ὑπό
764 321 836 344 τινος
846 332 853 342 ,
869 312 906 342 ὡς

120 363 195 397 φόνον
210 363 373 399 ποιήσαντα.
387 362 444 389 Καὶ
461 360 645 397 προσεγγίσας
660 360 674 386 ὁ
688 360 786 395 γέρων,
802 358 906 394 ἐπερώ-

119 417 182 443 τησε
210 408 256 435 τὸν
282 408 407 442 ἀδελφόν.
429 408 485 434 Καὶ
505 405 598 442 μαθὼν
615 407 656 433 ὅτι
678 406 903 439 συκοφαντεῖται,

118 454 190 489 λέγει
216 454 285 490 πρὸς
313 455 376 486 τοὺς
401 453 565 488 κατέχοντας
592 452 689 478 αὐτόν·
714 450 768 477 Ποῦ
794 450 867 476 ἐστιν
892 451 905 476 6

119 501 272 534 φονευθείςς
290 501 344 527 Καὶ
363 499 466 533 ἔδειξαν
489 498 571 533 αὐτῷ.
594 498 649 525 Καὶ
667 497 848 533 προσεγγίσας
866 497 905 530 τῷ

119 546 279 580 φονευθέντι,
291 545 351 572 εἷπε
365 546 432 572 πᾶσι
450 544 661 580 προσεύξασθαι.
678 543 763 569 Αὑτοῦ
777 542 805 568 δὲ
821 543 905 568 ἐκπε-

118 591 248 622 τάσαντος
261 590 310 622 τὰς
324 591 419 626 χεῖρας
430 590 498 625 πρὸς
513 589 557 615 τὸν
569 588 645 619 Θεὸν,
658 587 757 622 ἀνέστη
773 587 786 613 ὁ
799 586 903 621 νεκρός.

118 637 169 663 Καὶ
184 634 259 663 εἶπεν
284 636 358 671 αὐτῷ
373 636 419 662 ἐπὶ
435 634 543 662 πάντων
554 642 561 649 ⁸
578 632 645 660 Εἰπὲ
665 633 730 668 ἡμῖν
743 633 785 664 τίς
804 633 876 657 ἐστιν
891 632 905 658 6

118 682 250 717 φονεύσας
266 692 306 709 σε.
324 683 353 709 '0
374 683 404 709 δὲ
421 680 509 714 εἶπεν,
528 683 568 708 ὅτι
589 679 725 707 Εἰσελθὼν
741 681 782 710 εἰς
796 678 844 713 τὴν
859 679 905 704 ἐκ·

119 728 239 763 κλησίαν,
249 728 351 755 δέδωκα
368 729 497 764 χρήματα
507 728 546 762 τῷ
559 726 750 763 πρεσϐυτέρῳ·
764 726 778 751 ὁ
797 725 825 751 δὲ
838 725 904 751 ἀνα-

119 773 192 805 στὰς,
218 773 319 808 ἔσφαξε
344 781 394 809 με’
411 774 459 800 καὶ
486 773 654 806 ἀπενέγκας,
674 771 785 808 ἔρριψεν
811 772 850 802 εἰς
874 770 905 796 τὸ

119 820 296 856 μοναστήριον
310 819 356 846 τοῦ
375 819 456 846 ἀὸΰᾶ.
476 819 557 845 Ἀλλὰ
570 817 722 854 παρακαλῶ
739 818 828 853 ὑμᾶς,
854 817 903 852 λη-

703 137 1009 168 APOPHTIIEGMATA
1031 140 1184 169 PATRUM.

921 199 943 225 Δ

1691 155 1744 183 298

1222 199 1259 225 De
1278 200 1370 227 abba/0
1386 201 1497 229 Milesio.

996 263 1020 290 1.
1042 263 1231 292 Pertransiens
1247 266 1332 294 abbas
1346 268 1470 296 Milesius
1484 277 1532 304 per
1547 272 1692 306 quemdam
1707 274 1745 299 Im

960 315 1021 335 eum
1041 329 1048 340 ,
1062 310 1130 336 vidit
1149 312 1312 338 monachum
1334 313 1368 340 ab
1385 315 1476 350 aliquo
1496 318 1593 348 teneri.
1607 319 1680 345 velut
1696 319 1747 345 Ιιο-

960 353 1097 381 micidam.
1131 354 1164 381 Et
1192 356 1416 392 appropinquans
1455 367 1538 388 senex
1567 362 1747 399 interrogavit

960 398 1082 426 fratrem.
1096 400 1220 436 Cumque
1233 402 1385 436 didicisset,
1400 407 1564 434 calumniam
1583 409 1607 436 ei
1624 409 1692 442 ﬁeri,
1711 409 1744 437 ad

959 444 1021 472 illos
1034 446 1079 480 qui
1095 446 1251 476 detinebant
1265 450 1320 476 ait:
1337 450 1386 477 ljbi
1397 458 1437 479 est
1449 454 1495 488 qui
1508 454 1669 483 interfectus
1679 455 1746 483 fuit?

959 491 992 517 Et
1023 492 1200 520 ostenderunt
1224 494 1260 521 ei.
1288 495 1380 531 Itaque
1401 498 1434 525 ad
1460 499 1634 527 interfectum
1650 503 1745 536 proxi-

959 544 1047 569 mans,
1065 537 1162 565 indixit
1190 541 1298 568 cunctis
1322 546 1351 568 ut.
1376 548 1497 571 orarent.
1516 544 1664 580 Postquam
1680 554 1746 574 vero

959 590 1056 611 manus
1084 585 1259 619 expandisset
1281 587 1314 614 ad
1333 588 1436 622 Deum,
1464 593 1584 619 surrexit
1609 597 1742 621 mortuus.

959 627 1027 655 Tum
1042 637 1134 657 coram
1151 632 1278 660 omnilms
1294 633 1416 663 Milesius
1433 636 1502 663 dixit
1516 638 1540 665 ei
1562 648 1568 665 :
1591 637 1680 666 Elfare
1695 647 1746 666 n0—

958 675 1000 703 bis
1015 676 1077 710 quis
1094 677 1226 705 occiderit
1251 683 1286 706 te.
1311 680 1358 708 Ille
1373 683 1495 710 narravit
1518 685 1557 712 sic
1573 694 1579 712 :
1602 684 1746 721 Ingressus

958 721 984 748 in
1003 721 1163 756 Ecclesiam,
1184 724 1245 752 dedi
1263 728 1393 760 pecunias
1413 730 1591 765 presbytero;
1611 733 1658 767 qui
1682 741 1745 760 sur-

957 775 1024 803 gens
1037 768 1172 803 jugulavit
1195 779 1253 803 me,
1272 779 1470 810 asportansque
1486 777 1599 811 projeeit
1619 777 1647 804 in
1662 779 1746 806 abba—

958 814 992 840 tis
1009 817 1215 843 monasterium.
1235 818 1288 845 Sed
1306 828 1372 855 rogo
1393 829 1457 854 vos,
1472 823 1510 849 uti
1529 825 1649 858 pecuniae
1668 832 1746 852 recu—

118 866 216 902 φθῆναι
237 868 272 894 τὰ
291 868 431 903 χρήματα,
448 867 496 894 καὶ
513 866 623 902 δοθῆναι
641 867 697 898 τοῖς
711 865 818 895 τέκνοις
843 873 903 899 μου.

959 865 1097 894 perentur.
1116 869 1147 889 ac
1164 863 1308 891 tradantur
1323 866 1416 894 liberis
1440 869 1518 896 meis.
1536 870 1604 897 Tum
1619 870 1652 897 ad
1670 871 1746 898 illum

117 914 183 940 Τότε
199 911 260 940 εἷπε
276 913 342 948 πρὸς
359 913 439 940 αὐτὸν
453 914 467 940 ὁ
483 913 590 948 γέρων·
608 910 790 943 Ἀπελθε,καὶ
807 910 904 945 κοιμῶ,

117 960 168 991 ἓως
181 959 214 987 ἃν
229 959 293 996 ἔλθῃ
307 962 321 986 ὁ
340 959 453 996 Κύριος,
467 959 514 986 καὶ
526 959 621 994 ἐγείρῃ
636 967 676 985 σε.

153 1018 183 1052 β’.
207 1017 317 1044 Ἀλλοτε
334 1017 472 1049 οἰκοῦντος
485 1017 568 1044 αὑτοῦ
585 1016 653 1052 μετὰ
672 1016 718 1043 δύο
735 1015 865 1051 μαθητῶν
879 1017 906 1042 ὲν

117 1065 173 1095 τοῖς
187 1064 271 1099 ὁρίοις
289 1063 430 1098 Περσίδος,
446 1063 557 1099 ἐξῆλθον
573 1063 620 1090 δύο
639 1063 693 1089 υἱοὶ
707 1062 753 1089 τοῦ
775 1062 907 1097 βασιλέως

119 1111 243 1145 οαρκικοὶ
257 1110 376 1144 ἀδελφοὶ,
389 1109 522 1146 ἁγρεῦσαι
536 1110 606 1136 κατὰ
616 1109 647 1136 τὸ
661 1109 730 1140 ἔθος.
747 1109 863 1135 Ἔϐαλον
878 1109 907 1135 δὲ

116 1158 175 1184 λίνα
189 1159 234 1184 ἐπὶ
247 1157 315 1184 πολὺ
327 1157 465 1193 διάστημα
479 1157 531 1183 κᾶν
545 1156 591 1182 ἐπὶ
600 1155 804 1191 τεσσαράκοντα
815 1154 905 1190 μίλια¹

115 1204 186 1230 ὥστε
206 1205 230 1230 εί
253 1204 410 1239 εὑρίσκεται
436 1203 490 1229 ἔσω
509 1202 564 1228 τῶν
582 1202 671 1232 λίνων,
689 1201 843 1237 ἁγρεύσωσι
861 1202 906 1227 καὶ

116 1249 296 1276 ἀποκτείνωσι
320 1249 434 1280 κόντοις.
455 1248 561 1284 Εὐρέθη
578 1248 607 1274 δὲ
626 1249 640 1274 6
656 1248 746 1283 γέρων
764 1248 834 1282 μετὰ
851 1246 907 1273 τῶν

115 1294 162 1321 δύο
176 1294 304 1330 μαθητῶν
321 1293 413 1321 αὑτοῦ.
432 1294 488 1320 Καὶ
505 1293 668 1328 Θεασάμενοι
689 1292 771 1320 αὐτὸν
787 1292 906 1328 τριχώδη

116 1340 163 1366 καὶ
179 1340 217 1372 ὡς
233 1340 338 1375 ἄγριον,
356 1339 558 1374 ἐξεπλάγησαν,
573 1339 621 1365 καὶ
636 1337 712 1365 εἷπον
726 1338 802 1374 αὐτῷ
812 1346 818 1352 ”
840 1339 905 1364 ’Ἀν-

115 1387 224 1422 θρωπος
242 1385 296 1422 εἷῆ
315 1386 434 1421 πνεῦμα,
456 1386 517 1412 εἰπὲ
533 1387 608 1421 ἡμῖν.
629 1385 683 1412 Καὶ
703 1383 780 1411 εἷπεν
792 1386 884 1416 αὐτοῖς
897 1393 904 1400 ⁸

118 1433 276 1468 ’Ἄνθρωπός
298 1434 355 1468 εἰμι
384 1433 562 1468 ἁμαρτωλός·
587 1433 634 1459 καὶ
656 1432 768 1467 ἐξῆλθον
790 1431 905 1459 κλαῦσαι

113 1478 164 1509 τὰς
174 1478 310 1513 ἁμαρτίας
325 1487 374 1513 μου
387 1487 392 1492 ·
406 1478 453 1504 καὶ
463 1477 606 1513 προσκυνῶ
622 1476 725 1513 Ἰησοῦν
734 1477 780 1503 τὸν
788 1477 906 1513 Χριστὸν

114 1524 160 1550 τὸν
179 1524 241 1550 Υἱὺν
262 1524 309 1551 τοῦ
327 1524 395 1550 Θεοῦ
418 1523 464 1550 τοῦ
482 1522 592 1561 ζῶντος.
611 1524 641 1550 Οἱ
663 1523 691 1550 δὲ
712 1521 788 1550 εἶπον
811 1523 904 1558 αὐτῷ·

114 1570 173 1596 Οὐκ
186 1569 260 1596 ἐστιν
277 1570 356 1602 ἄλλος
368 1570 444 1601 Θεὸς,
460 1570 529 1605 πλὴν
542 1568 591 1596 τοῦ
606 1569 682 1604 ἡλίου
698 1569 744 1596 καὶ
757 1569 804 1595 τοῦ
819 1569 905 1604 πυρὸς

115 1616 162 1642 καὶ
184 1616 231 1642 τοῦ
256 1616 367 1648 ὕδατος·
383 1616 401 1643 ἃ
427 1616 562 1643 ἐσέϐοντο.
590 1616 670 1642 Ἀλλὰ
691 1615 834 1651 πρόσελθε,
859 1615 906 1642 καὶ

114 1662 244 1689 ἐπίθυσον
271 1664 372 1694 αὐτοῖς.
396 1663 426 1689 '0
447 1663 476 1689 δὲ
496 1661 572 1689 εἶπεν
603 1663 710 1694 αὐτοῖς’
731 1663 823 1689 Ταῦτα
847 1663 906 1688 κτί-

115 1708 208 1743 σματά
222 1709 286 1740 εἰσι,
312 1709 358 1734 καὶ
373 1708 528 1735 πλανᾶσθε·
553 1708 621 1735 ἀλλὰ
645 1708 797 1744 παρακαλῶ
822 1708 903 1743 ,ὑμᾶς

113 1754 279 1789 ἐπιστρέψαι
295 1750 342 1780 ita).
363 1753 464 1788 γνῶναι
487 1753 533 1780 τὸν
547 1753 673 1788 ἀληθινὸν
691 1753 756 1779 Θεὸν
779 1753 824 1779 τὸν
848 1753 905 1778 κτί-

113 1808 201 1826 σαντα
219 1799 308 1826 ταῦτα
326 1799 424 1826 πάντα.
440 1799 523 1825 Αὐτοὶ
535 1799 564 1825 δὲ
586 1798 676 1825 εἷπον·
694 1798 745 1825 Τὸν
773 1806 904 1832 κατακρι-

114 1847 198 1873 θέντα
214 1846 260 1872 καὶ
279 1845 469 1881 σταυρωθέντα
489 1845 578 1880 λέγεις
589 1846 655 1872 Θεὸν
667 1843 737 1871 εἶναι
757 1845 902 1879 ἀληθινόν;

114 1892 171 1918 Καὶ
187 1891 283 1925 λέγειὸ
297 1891 387 1927 γέρων
396 1899 402 1905 ·
420 1891 472 1917 Τὸν
488 1890 681 1926 σταυρώσαντα
694 1890 743 1926 τὴν
756 1889 904 1926 ἁμαρτίαν,

111 1938 162 1964 καὶ
179 1938 376 1964 ἀποκτείναντα
388 1937 433 1964 τὸν
448 1937 571 1969 θάνατον,
583 1937 663 1963 αὑτὸν
674 1937 746 1971 λέγω
756 1934 825 1963 εἶναι
840 1936 905 1962 Θεὸν

110 1985 251 2019 ἀληθινόν.
264 1985 347 2011 Αὐτοὶ
359 1985 387 2011 δὲ
404 1985 593 2020 βασανίζοντες
608 1984 689 2010 αὐτὸν
705 1983 774 2018 μετὰ
788 1984 835 2010 καὶ
851 1983 904 2009 τῶν

110 2031 248 2066 ἀδελφῶν,
261 2031 417 2066 ἠνάγκαζον
433 2032 516 2059 θύειν.
533 2032 588 2057 Καὶ
603 2030 688 2057 πολλὰ
701 2031 903 2065 βασανίσαντες,

109 2078 321 2112 ἀπεκεφάλισαν
344 2079 407 2109 τοὺς
427 2077 474 2104 δύο
503 2076 649 2111 ἀδελφούς·
671 2077 716 2103 τὸν
740 2077 769 2102 δὲ
791 2076 905 2111 γέροντα

108 2126 160 2151 ἐπὶ
172 2124 272 2156 πολλὰς
284 2125 389 2160 ἡμέρας
407 2124 565 2156 ἐϐασάνιζον
574 2132 580 2138 ·
595 2124 706 2158 ὕστερον
723 2124 762 2155 δὲ,
776 2125 809 2158 τῇ
823 2123 903 2158 τέχνῃ

108 2172 204 2198 αὐτῶν
216 2171 334 2206 ἔστησαν
348 2171 428 2198 αὐτὸν
439 2172 478 2202 εἰς
491 2170 522 2196 τὸ
537 2170 628 2205 μέσον,
644 2170 691 2196 καὶ
704 2169 818 2206 ἔρριψαν
828 2169 903 2204 βέλη.

108 2221 124 2245 6
137 2215 180 2250 εἷς
197 2217 362 2253 ἔμπροσθεν,
376 2217 423 2244 καὶ
441 2219 456 2244 6
475 2215 514 2249 εἷς
527 2217 638 2243 ὄπισθεν
659 2215 752 2243 αὑτοῦ.
768 2216 853 2248 Αὐτὸς
875 2216 903 2241 δὲ
919 2224 941 2251 ι)

108 2263 191 2291 εἶπεν
206 2264 296 2294 αὐτοῖς
308 2271 314 2278 ·
332 2262 441 2297 Ἐπειδὴ
457 2262 585 2296 γεγόνατε
602 2263 631 2288 ὲν
650 2262 769 2296 ὁμονοίᾳ,
785 2261 831 2286 καὶ
856 2261 903 2287 ὲκ-

108 2311 190 2346 ·(ἑετε
216 2307 287 2345 αἷμα
306 2309 413 2340 ἀθῶον,
432 2310 461 2335 ὲν
478 2310 528 2344 μιᾷ
553 2309 622 2344 ῥοπῇ
645 2307 739 2343 αὔριον
763 2309 847 2343 ταύτῃ
870 2309 903 2342 τῇ

107 2342 184 2393 ῶρᾳ,
197 2342 364 2390 ἀτελενωθείη
380 2355 397 2390 ἡ
416 2342 506 2390 ut;qu
516 2342 664 2390 luudivﬂdcp‘
679 2342 766 2389 θμῶν,
780 2353 826 2380 καὶ
845 2361 902 2379 στε-

108 2403 211 2438 ρηθείη
236 2402 287 2436 τῆς
305 2401 415 2436 ἀγάπης
441 2402 538 2436 ὑμῶν,
564 2402 611 2429 καὶ
626 2403 682 2433 τοῖς
707 2402 782 2433 ἰδίοις
800 2401 904 2436 βέλεσιν

107 2448 238 2483 ἀλλήλων
262 2447 297 2474 τὰ
321 2448 424 2483 αἵματα
439 2447 561 2484 ὲκχέητε.
589 2448 851 2483 Καταφρονήσαντες
875 2448 904 2473 δὲ

105 2495 158 2523 τοῦ
179 2496 302 2531 ῥήματος
318 2495 412 2525 αὑτοῦ,
432 2492 514 2530 ἦλθον
525 2495 571 2520 ἐπὶ
589 2494 637 2530 τὴν
652 2493 746 2530 αὔριον
760 2493 902 2529 θηρεῦσαι.

107 2543 169 2569 Καὶ
183 2541 309 2576 ἐξήλισεν
323 2541 370 2567 ἀπ’
386 2540 475 2566 αὐτῶν
493 2540 542 2575 μία
554 2540 665 2581 ἔλαφος..
675 2539 729 2565 Καὶ
744 2538 905 2569 καθίσαντες

105 2588 169 2618 τοῖς
189 2586 284 2617 ἵπποις
298 2604 306 2616 ,
328 2584 498 2620 κατέδραμον
518 2584 563 2610 ἐπὶ
576 2584 606 2610 τὸ
619 2583 781 2610 καταλαϐεῖν
801 2584 885 2618 αὑτήν
896 2592 902 2599 ·

106 2634 160 2660 καὶ
183 2632 314 2668 ῥίψαντες
340 2631 403 2666 βέλη
419 2631 478 2657 κατ’
493 2630 594 2665 αὐτῆς,
615 2630 762 2665 έκόλλησαν
780 2629 904 2665 ἀλλήλοις

106 2679 185 2706 κατὰ
196 2679 246 2714 τῆς
265 2677 378 2713 καρδίας
396 2677 498 2703 ἑαυτῶν
508 2684 515 2691 ο
527 2677 598 2703 κατὰ
607 2676 638 2702 τὸ
650 2677 724 2712 ῥῆμα
741 2676 787 2703 τοῦ
808 2676 904 2712 γέρον-

107 2733 157 2756 τος
173 2725 188 2751 ὃ
210 2721 288 2750 εἶπεν
307 2723 409 2754 αὐτοῖς,
441 2721 635 2758 καταρώμενος
654 2723 753 2754 αὐτοῖς.
776 2722 830 2749 Καὶ
850 2722 904 2748 ἀπ-

106 2771 222 2798 ἐθανον.

146 2873 207 2909 (-55)
227 2871 281 2898 Vit.
298 2870 376 2897 Patr.
390 2878 438 2902 vn,
454 2870 495 2896 l2.

236 2921 377 2950 PATBOL.
401 2919 459 2949 Gn.
484 2917 576 2948 LXV.

918 1552 939 1580 C

959 912 1064 932 senex:
1095 907 1158 939 Abi,
1181 912 1207 935 et
1232 909 1331 940 dormi,
1347 912 1434 940 donec
1451 914 1591 941 advenerit
1613 915 1746 944 Dominus

958 955 1039 985 atque
1053 953 1214 981 excitaverit
1234 960 1269 982 te.

991 1008 1020 1036 2.
1042 1009 1099 1044 (45)
1119 1010 1194 1038 Alias
1211 1012 1350 1041 habitante
1371 1024 1404 1042 eo
1416 1024 1477 1043 cum
1498 1018 1606 1047 duobus
1624 1020 1746 1056 discipli-

958 1055 992 1082 lis
1005 1056 1032 1082 in
1045 1056 1165 1085 Persidis
1181 1058 1290 1090 ﬁnibus,
1302 1061 1357 1088 duo
1370 1062 1417 1089 lilii
1431 1064 1514 1097 regis.
1531 1065 1629 1093 fratres
1647 1074 1745 1093 secun-

958 1102 1022 1129 dum
1038 1109 1157 1135 carnem.
1182 1106 1284 1140 egressi
1309 1111 1374 1134 sunt
1389 1109 1422 1135 ad
1439 1115 1599 1137 consuetam
1623 1112 1744 1139 venatio-

959 1155 1030 1175 nem.
1046 1148 1233 1177 Extenderunt
1250 1156 1340 1180 autem
1360 1155 1427 1181 retia
1444 1155 1477 1182 ad
1497 1156 1611 1183 multum
1627 1158 1744 1192 spatium

960 1202 1009 1229 per
1022 1196 1201 1231 quadraginta
1214 1198 1322 1225 circiter
1340 1200 1476 1234 milliaria,
1490 1207 1519 1228 ut
1532 1202 1664 1238 quidquid
1679 1211 1746 1231 con-

960 1239 1066 1266 clusum
1099 1241 1205 1273 fuisset,
1228 1247 1401 1277 venarentur,
1432 1246 1578 1282 contisque
1610 1249 1747 1276 interﬁce-

959 1290 1030 1312 rent.
1053 1285 1188 1321 Bepertus
1204 1292 1295 1316 autem
1309 1294 1351 1317 est
1374 1291 1445 1318 intra
1457 1299 1538 1320 senex
1560 1301 1621 1320 cum
1638 1294 1746 1323 duobus

958 1330 1112 1366 discipulis.
1133 1333 1218 1366 Quem
1232 1335 1322 1362 intuiti
1334 1336 1450 1371 pilosum
1467 1345 1498 1365 ac
1513 1340 1587 1366 velut
1599 1345 1745 1374 agrestem,

957 1377 1176 1412 obstupuerunt,
1193 1380 1377 1416 dixeruntque
1401 1383 1424 1409 ei
1443 1392 1449 1409 :
1465 1384 1544 1412 Sisne
1584 1385 1676 1415 homo,
1702 1387 1745 1414 vel

957 1424 1083 1458 spiritus,
1111 1425 1190 1453 nobis
1214 1426 1343 1454 edissere.
1375 1427 1542 1463 Respondit:
1569 1431 1655 1458 Ilomo
1684 1440 1745 1459 sum

957 1473 1096 1504 peccator,
1112 1471 1158 1505 qui
1170 1472 1223 1498 exii
1243 1477 1272 1499 ut
1284 1474 1411 1502 deﬂerem
1434 1481 1544 1510 peccata
1562 1484 1640 1510 mea;
1660 1479 1746 1506 adoro

957 1521 1046 1544 autem
1062 1517 1155 1545 .Icsum
1166 1518 1304 1546 Christum
1329 1519 1426 1548 Filium
1442 1522 1487 1550 Dei
1511 1524 1637 1552 viventis.
1658 1525 1692 1552 At
1707 1526 1744 1554 illi

958 1563 992 1590 ad
1003 1571 1065 1590 eum
1080 1572 1087 1590 :
1107 1563 1166 1592 Non
1186 1569 1228 1593 est.
1254 1567 1324 1594 alius
1339 1567 1411 1595 Deus
1427 1575 1523 1603 praeter
1544 1571 1639 1604 solem,
1655 1572 1744 1607 ignem

956 1612 984 1635 et
1007 1616 1121 1644 aquam;
1138 1617 1198 1645 qua:
1219 1611 1324 1639 scilicet
1344 1613 1398 1648 ipsi
1423 1615 1583 1644 adorabunt.
1602 1617 1686 1653 Igitur
1700 1626 1746 1646 ac-

956 1654 1033 1689 cede,
1048 1655 1137 1690 iisque
1151 1657 1286 1685 sacriﬁca.
1306 1658 1374 1685 Tum
1390 1659 1445 1691 ille,
1462 1660 1534 1692 lla‘c,
1551 1662 1652 1697 inquit,
1668 1671 1746 1691 crea—

956 1704 1025 1726 turae
1040 1705 1121 1732 sunt,
1137 1709 1240 1737 vosque
1261 1704 1360 1730 erratis
1379 1713 1385 1730 :
1409 1705 1455 1731 sed
1478 1706 1603 1738 obsecro,
1630 1715 1746 1736 conver-

956 1744 1056 1775 timini.
1074 1747 1234 1780 cognoscite
1252 1755 1344 1774 verum
1365 1747 1449 1776 Deum
1461 1771 1467 1781 ,
1485 1752 1608 1778 omnium
1628 1753 1742 1780 istorum

956 1794 1118 1819 creatorem.
1138 1791 1307 1828 Exceperuut
1325 1803 1330 1821 :
1352 1795 1413 1822 Ain‘
1437 1797 1647 1825 condemnatum
1667 1799 1744 1826 illum

958 1836 1087 1869 trucique
1098 1836 1207 1864 aflixum
1219 1859 1225 1869 ,
1244 1847 1305 1867 esse
1318 1849 1411 1867 verum
1437 1841 1542 1869 Deum?
1557 1844 1613 1878 (46)
1630 1843 1718 1872 Senex
1735 1855 1742 1872 :

958 1881 1024 1908 lium
1040 1883 1085 1917 qui
1101 1885 1177 1911 cruci
1197 1884 1280 1912 allixit
1292 1892 1444 1920 peccatum,
1461 1893 1488 1916 et.
1501 1890 1602 1917 occidit
1617 1895 1743 1924 mortem,

957 1927 1031 1954 hunc
1046 1927 1151 1955 allirmo
1172 1937 1235 1957 esse
1255 1939 1349 1958 verum
1366 1932 1460 1959 Deum.
1476 1933 1561 1961 Porro
1575 1935 1593 1962 ii
1608 1939 1744 1964 tormenta

957 1978 1014 2000 tum
1037 1973 1088 2008 ipsi
1115 1977 1173 2001 tum
1194 1974 1325 2004 fratribus
1350 1977 1517 2011 inferentes,
1547 1982 1745 2016 compellebam

957 2018 991 2045 ad
1004 2018 1224 2047 sacrificandum.
1243 2021 1282 2048 Ac
1301 2026 1362 2056 post
1385 2024 1484 2052 multos
1504 2026 1654 2060 cruciatus,
1674 2028 1744 2054 duos

956 2063 1056 2091 fratres
1077 2064 1165 2099 capite
1183 2068 1367 2099 truncarunt;
1384 2075 1475 2094 senem
1497 2077 1561 2096 vero
1577 2078 1626 2105 per
1642 2071 1744 2097 multos

956 2110 1015 2137 dies
1031 2111 1176 2138 tormentis
1195 2111 1381 2146 subjecerunt.
1400 2113 1501 2142 Deinde
1519 2123 1551 2142 ex
1568 2120 1626 2144 arte
1640 2125 1688 2144 sua
1706 2126 1744 2144 re-

957 2156 1064 2182 natoria
1076 2156 1278 2184 collocaverunt
1292 2158 1367 2184 illum
1385 2159 1411 2185 in
1432 2159 1522 2187 medio
1532 2180 1539 2192 ,
1553 2165 1579 2188 et
1594 2162 1744 2190 emiserunt

957 2200 1083 2235 sagittas,
1097 2208 1169 2228 unus
1183 2206 1257 2233 ante,
1269 2209 1283 2228 a
1300 2208 1375 2237 tergo
1391 2203 1469 2231 alter.
1487 2204 1563 2232 Tunc
1578 2214 1661 2234 senex
1675 2208 1743 2234 dixit

956 2248 996 2275 eis
1014 2257 1021 2274 :
1039 2247 1264 2282 Quandoquidem
1292 2257 1346 2276 uno
1372 2257 1507 2278 consensu
1527 2251 1666 2279 elfunditis
1681 2261 1743 2280 san-

955 2293 1065 2328 guinem
1094 2294 1278 2327 innocentem,
1306 2295 1332 2321 in
1363 2301 1500 2323 momento
1518 2305 1572 2324 uno
1591 2306 1662 2330 cras,
1691 2299 1743 2326 hac

956 2341 1014 2374 ipsa
1044 2340 1121 2372 hora,
1150 2345 1236 2367 mater
1261 2345 1350 2367 vestra
1377 2341 1520 2369 orbabitur
1539 2343 1616 2371 vobis
1647 2344 1742 2372 liberis

956 2386 1025 2417 suis,
1050 2386 1256 2421 privabiturque
1274 2387 1407 2415 charitate
1429 2393 1529 2421 vestra,
1547 2398 1653 2417 necnon
1676 2399 1740 2426 pro-

956 2432 1023 2466 priis
1035 2432 1135 2466 jaculis
1155 2437 1278 2459 mutuum
1294 2434 1452 2468 sanguinem
1469 2435 1599 2462 l'undetis.
1620 2436 1660 2463 Illi
1676 2444 1740 2464 ora-

957 2479 1058 2505 tionem
1071 2479 1131 2512 ejus
1150 2478 1226 2505 nihili
1243 2480 1401 2513 pendentes,
1421 2479 1535 2514 profecti
1552 2486 1615 2509 sunt
1630 2487 1741 2517 postero

956 2524 1000 2551 die
1016 2525 1050 2552 ad
1063 2528 1201 2552 venatum.
1218 2524 1286 2551 Ecce
1297 2525 1395 2552 extulit
1413 2533 1442 2553 se
1459 2527 1529 2554 inter
1540 2527 1614 2562 ipsos
1630 2536 1739 2557 cervus.

957 2570 1034 2597 Unde
1046 2570 1203 2597 conscensis
1218 2570 1307 2604 equis,
1320 2576 1512 2604 cucurrerunt,
1525 2577 1554 2600 ut
1566 2575 1741 2608 comprehen-

956 2616 1068 2649 derent,
1080 2624 1196 2650 cumque
1209 2616 1300 2650 jacula
1324 2617 1496 2650 emisissent,
1511 2619 1628 2647 invicem
1649 2621 1742 2655 perfn-

956 2663 1054 2690 derunt
1077 2662 1176 2693 corda;
1194 2662 1343 2689 secundum
1368 2663 1479 2690 verbum
1504 2665 1576 2699 quod
1590 2666 1742 2700 protulerat

957 2716 1050 2740 senex,
1067 2708 1100 2735 iis
1113 2710 1290 2742 imprecatus.
1304 2708 1392 2743 Atque
1411 2709 1448 2736 ita
1464 2711 1563 2737 mortui
1581 2715 1655 2741 sunt.

993 2868 1047 2902 (46)
1063 2866 1220 2901 Martyrium
1237 2866 1330 2901 lgnatii
1345 2874 1372 2894 η.
1390 2866 1417 2893 6.

1570 2916 1607 2944 10
