1970 3074
221 141 271 170 ενι

486 197 524 225 De
541 198 634 225 abbate
648 196 742 224 Matio.

258 244 284 270 L
300 243 354 279 (47)
369 242 464 270 Frater
477 243 652 279 interrogavit
670 244 794 271 abbatem
813 243 935 275 Motium,
954 242 1008 269 ltoc

223 289 410 316 scrmone:Si
429 289 521 316 abiero
548 289 581 316 ad
608 289 772 316 manendum
800 288 911 320 alicubi,
937 295 1008 322 quo-

224 333 304 361 modo
332 334 373 361 vis
405 334 461 360 illic
476 334 595 369 degam?
620 334 770 369 Respondit
796 341 897 361 senex:
925 332 954 359 Si
982 332 1009 359 in

225 379 353 414 quopiam
370 379 430 407 loco
446 379 625 411 babitaveris,
639 380 694 407 noli
711 379 760 406 tibi
784 386 882 406 nomen
899 379 926 405 in
941 385 1009 412 quo-

225 433 307 460 quam
322 425 469 453 conciliare
483 445 491 458 ,
506 425 622 453 dicendo
636 435 642 452 :
670 425 730 452 Non
754 424 853 452 accedo
877 424 911 451 ad
928 424 1011 450 colle-

227 475 297 498 ctam
312 479 319 504 ;
335 471 387 503 vel,
403 471 432 498 In
446 478 531 506 agape
546 479 600 498 non
615 471 738 498 comedo.
750 470 813 497 Haec
823 470 895 497 enim
910 477 1010 496 vanum

228 525 327 544 nomen
339 517 468 548 efﬁciunt,
478 521 625 552 posteaque
636 517 739 544 incides
750 516 777 543 in
794 516 1008 544 turbamentum.

228 563 294 590 Nam
310 563 433 590 homines
448 563 494 590 ubi
518 563 570 590 ista
586 563 740 598 reperiunt,
758 562 793 589 ibi
813 565 936 588 currunt.
967 561 1011 587 Ait

227 608 325 635 iterum
353 608 454 635 frater:
484 608 555 641 Quid
575 616 639 643 ergo
665 607 786 634 faciant?
815 607 883 634 Tum
899 615 980 634 senex
999 616 1006 633 :

228 654 400 689 Ubicunque,
419 654 515 688 inquit,
530 653 675 684 resederis,
689 660 766 688 aequo
788 653 854 688 pede
870 660 931 679 cum
952 660 1010 679 om-

229 700 309 727 nibus
320 699 414 727 incede
428 709 435 732 ;
449 704 474 727 et
491 699 621 734 quidquid
639 698 738 726 videris
754 698 809 725 ﬁeri
837 705 852 724 a
881 697 948 724 viris
977 697 1011 724 de

229 753 344 780 quorutn
360 745 458 780 pietate
474 749 565 772 certus
581 752 620 775 es,
645 744 671 771 id
699 744 792 775 facito,
818 748 937 778 tuncque
965 750 1010 770 re-

228 790 318 825 quiem
336 791 521 825 consequeris.
548 790 603 817 Hoc
627 790 727 825 quippe
753 789 893 816 humilitas
917 792 968 820 est,
986 793 1011 815 te.

230 844 289 863 cum
308 836 340 864 iis
356 837 467 872 aequari.
485 837 518 863 Et
546 836 670 863 homines
690 835 780 862 intuiti
806 840 830 862 te
850 839 1010 862 cancrorum

229 881 329 909 limites
347 889 400 908 non
416 881 579 916 transgredi,
594 881 683 908 instar
701 887 797 907 eorum
812 879 912 907 habent
927 887 934 911 ;
951 879 1012 905 uul-
1030 871 1051 898 Β

229 927 326 961 Iusque
339 927 503 954 interturbat
524 931 559 954 te.

263 973 290 999 2.
309 973 364 1008 (48)
378 972 503 1000 Narravit
519 973 553 1000 de
569 973 667 1000 abbate
683 972 765 999 Motio
788 972 939 1007 discipulus
954 971 1013 1006 ejus

229 1018 312 1046 abbas
326 1019 418 1044 lsaac:
435 1018 514 1045 ambo
541 1022 629 1045 autem
659 1017 769 1044 fuerunt
785 1018 904 1052 episcopi
919 1026 925 1050 ;
943 1018 1014 1052 quod

231 1063 319 1097 primo
335 1062 479 1089 aedificavit
491 1063 542 1090 sibi
559 1070 641 1090 senex
664 1063 858 1090 monasterium
876 1062 909 1090 ad
926 1062 1011 1090 Hera—

229 1108 299 1134 clam
314 1117 320 1139 ;
336 1108 463 1143 quodque
476 1116 539 1135 cum
554 1108 628 1135 illinc
643 1108 815 1140 recessisset,
830 1111 914 1142 atque
925 1108 1014 1135 venis-

231 1158 272 1182 set
301 1154 328 1180 in
349 1155 430 1181 aliunt
459 1155 560 1185 locum,
586 1154 686 1181 iterum
719 1154 872 1182 :ediﬁcavit.
903 1153 955 1182 Sed
981 1162 1014 1181 ex

231 1199 408 1235 instigatione
423 1200 534 1232 diaboli,
551 1199 679 1227 inventus
704 1205 744 1227 est
772 1200 827 1227 illic
852 1199 936 1227 frater
955 1199 1015 1234 qui—

230 1245 292 1272 dam
310 1247 334 1272 ci
347 1246 476 1273 inimicus
490 1253 522 1272 ac
533 1246 676 1273 molestus.
692 1245 770 1272 Unde
784 1253 899 1280 surgens
919 1252 1013 1277 senex,

232 1292 347 1318 secessit
361 1291 393 1318 ad
409 1293 498 1318 vicum
511 1299 602 1324 suum,
617 1291 724 1326 sibique
741 1291 935 1318 monasterium
952 1299 1016 1318 con-

230 1336 305 1368 fecit,
323 1336 349 1363 in
380 1344 435 1371 quo
450 1337 586 1364 conclusit
617 1345 686 1364 sese.
706 1337 803 1364 Postea
830 1345 908 1364 senes
929 1338 980 1364 loci
1000 1345 1015 1365 e

230 1390 284 1416 quo
303 1382 417 1413 exierat,
436 1385 606 1409 assumentes
620 1382 702 1408 etiam
723 1381 832 1408 fratrem
856 1382 902 1416 qui
921 1382 1015 1408 simul-

231 1431 313 1454 tatem
334 1427 466 1455 adversus
478 1435 540 1455 eutn
564 1427 706 1459 habuerat,
726 1431 913 1462 perrexerunt,
941 1435 1015 1461 roga-

231 1473 295 1505 turi,
316 1477 345 1499 ut
360 1473 522 1500 reducerent
539 1473 566 1499 in
590 1474 796 1500 monasterium.
820 1473 942 1507 Cumque
967 1480 1016 1507 ap-

231 1519 459 1553 propinquassent
479 1519 538 1546 loco
556 1519 584 1545 in
604 1526 658 1554 qtto
675 1518 788 1553 degebat
811 1519 894 1546 abbas
919 1518 1012 1549 Sores,

230 1565 344 1592 melotes
359 1572 424 1591 suas
439 1569 466 1591 et
484 1563 595 1591 fratrem
621 1571 738 1598 quocum
756 1564 899 1591 dissidium
925 1564 1014 1591 fuerat

230 1611 398 1645 reliquerunt
415 1609 495 1644 juxta
512 1617 584 1636 eum.
612 1608 701 1644 thue
719 1610 907 1644 pulsaverunt,
934 1617 1015 1637 senex

230 1657 356 1691 apposuit
370 1663 479 1690 parvam
495 1656 595 1682 scalam
612 1675 620 1687 ,
642 1656 790 1690 prospexit,
814 1655 923 1690 agnovit
947 1663 994 1683 ens
1007 1676 1013 1687 ,

230 1706 257 1730 et
277 1702 475 1736 intermgavit:
507 1700 558 1728 Ubi
583 1705 648 1728 sunt
674 1701 788 1728 melotes
816 1701 936 1728 vestrae?
961 1700 1016 1728 Re-

231 1747 422 1782 sponderunt:
442 1747 492 1780 En,
511 1747 563 1774 hoc
588 1747 615 1774 in
646 1747 705 1774 loco
725 1767 732 1779 ,
759 1755 821 1774 cum
849 1747 894 1774 illo
924 1747 1017 1773 fratre.

230 1793 382 1827 Postquam
402 1796 493 1820 autem
509 1800 592 1819 senex
606 1792 710 1819 audivit
730 1800 827 1819 nomen
855 1792 948 1818 fratris
972 1793 1017 1826 qui

231 1847 314 1866 causa
329 1839 448 1866 tristitia:
464 1838 615 1870 exstiterat,
633 1846 689 1873 prae
703 1838 802 1873 gaudio
826 1838 921 1865 eduxit
937 1846 1018 1865 secu-

232 1885 294 1916 rim,
319 1884 455 1919 confregit
485 1885 597 1916 ostium,
626 1891 807 1919 egressusque
835 1885 957 1911 cucurrit
984 1884 1018 1910 ad

231 1928 321 1955 locum
342 1930 370 1955 in
385 1936 439 1963 quo
452 1932 512 1956 erat
526 1929 628 1960 frater;
647 1936 679 1956 ac
708 1929 785 1963 prior
811 1929 964 1956 incurvavit
989 1937 1018 1957 se

233 1975 357 2010 supplex,
375 1975 572 2010 amplexusque
586 1979 631 2002 est
650 1974 737 2008 illum,
760 1979 840 2009 atque
868 1975 1018 2002 introduxit

233 2020 260 2047 in
278 2021 373 2047 cellam
390 2028 478 2047 suam.
495 2019 564 2046 Tum
583 2027 631 2055 per
659 2024 713 2048 tres
735 2021 794 2048 dies
809 2021 942 2048 recreavit
958 2029 1016 2053 eos,

233 2074 316 2100 seque
343 2074 404 2093 cum
426 2066 492 2101 ipsis
512 2066 679 2098 oblectavit,
708 2067 779 2101 quod
798 2066 887 2093 facere
917 2075 1018 2102 nequa—

232 2119 313 2146 quam
329 2116 528 2144 consueverat;
542 2120 657 2147 surgens
671 2111 798 2147 denique,
814 2119 866 2139 una
881 2113 1019 2147 profectus

231 2162 284 2185 est.
302 2158 436 2185 Czeterum
460 2163 554 2193 postea
573 2158 663 2185 factus
694 2164 735 2186 est
769 2159 924 2194 episcopus.
954 2159 1019 2186 Erat

809 136 985 167 APPENDIX
1005 137 1051 164 AD
1068 137 1274 166 PALLADIUM.

1793 138 1845 166 500

1270 195 1340 229 Περὶ
1354 194 1407 222 τοῦ
1422 194 1496 223 ἁϐϐᾶ
1512 194 1638 222 Μωτίου.

1096 242 1131 268 α’.
1155 241 1280 276 Ἀδελφὺς
1293 241 1418 277 ἠρώτησε
1429 241 1474 268 τδν
1488 240 1576 268 ἀϐϐἇν
1589 239 1696 267 Μώτιον
1706 241 1727 271 ⁵,,
1743 240 1829 274 λέγων
1838 249 1845 256 ·

1068 288 1129 315 Ἐὰν
1141 288 1249 314 ἀπέλθω
1263 289 1397 323 μεῖναιείς
1409 288 1500 319 τόπον,
1515 288 1572 319 πῶς
1580 287 1667 318 θέλεις
1680 286 1762 319 διάξω
1774 288 1847 321 ἐκεῖ;

1061 334 1143 368 Λέγει
1153 334 1226 368 αὐτῷ
1237 334 1251 359 6
1261 334 1362 368 γέρων·
1379 333 1441 360 Ἐὰν
1451 334 1564 369 οῐκήσῃς
1575 334 1613 364 είς
1625 333 1715 364 τόπον,
1726 333 1762 368 μὴ
1775 332 1850 367 θελή-

1063 389 1112 415 σῃς
1125 380 1248 406 ἐκϐαλεῖν
1261 379 1365 414 σεαυτῷ
1378 379 1463 414 ὅνομα
1477 379 1505 406 ἐν
1519 380 1628 412 τινι,ὃτι
1644 379 1693 405 οὐκ
1705 378 1848 414 ἐξέρχομαι

1061 427 1101 458 εἰς
1115 426 1233 458 σύναξιν,
1243 426 1259 460 ἦ
1270 427 1309 457 είς
1323 426 1432 461 ἀγάπην
1442 427 1491 452 οὐκ
1505 426 1595 452 ὲσοίω.
1604 425 1694 452 Ταῦτα
1702 425 1756 460 γὰρ
1765 425 1849 460 ὄνομα

1062 471 1169 497 ποιοῦσι
1185 470 1270 502 κενὸν,
1287 471 1333 497 καὶ
1348 470 1460 505 ὕστερον
1470 471 1605 506 εὑρίσκεις
1620 471 1738 505 ὄχλησιν.
1750 471 1781 496 Οἱ
1796 469 1849 504 γὰρ

1062 516 1214 552 ἄνθρωποι,
1236 517 1302 543 ὅπου
1326 517 1482 551 εὑρίσκουσι
1508 517 1610 548 ταῦτα,
1628 517 1686 542 ἐκεῖ
1712 515 1847 551 τρέχουσι.

1062 562 1142 595 Λέγει
1160 560 1205 589 οὖν
1226 562 1301 597 αὐτῷ
1324 563 1338 589 ὁ
1353 562 1481 596 ἀδελφός·
1506 562 1538 588 Τί
1553 560 1598 588 οὖν
1617 563 1739 597 ποιήσω;
1769 561 1848 595 Λέγει

1063 609 1076 634 ὁ
1095 608 1200 644 γέρων-
1221 609 1308 634 Ὅπου
1330 608 1376 635 ἐὰν
1393 608 1522 644 καθίσῃς,
1553 608 1617 639 ἴσως
1650 607 1718 642 μετὰ
1742 607 1849 633 πάντων

1062 654 1201 681 ἀκολούθει
1213 663 1218 668 ·
1229 655 1276 681 καὶ
1289 654 1316 680 εἴ
1334 663 1360 680 τι
1375 654 1481 689 βλέπεις
1495 654 1557 686 τοὺς
1572 654 1693 686 εὐλαϐεῖς
1708 654 1849 684 ποιοῦντας

1063 702 1103 732 εἰς
1124 701 1170 732 οὓς
1195 702 1366 736 πληροφορῇ,
1386 700 1509 735 ποίησον,
1532 701 1578 727 καὶ
1603 699 1742 736 ἀναπαύῃ.
1764 698 1849 726 Τοῦτο

1063 745 1117 781 γὰρ
1130 746 1294 777 ταπείνωσις
1309 747 1378 778 ἐστι,
1397 746 1426 772 τὺ
1440 743 1510 772 εἷναὶ
1525 754 1555 772 σε
1573 746 1670 778 ἐπίσης
1683 745 1781 772 αὐτῶν.
1795 745 1850 771 Καὶ

1063 793 1085 818 οἱ
1103 791 1240 827 ἅνθρωποι
1254 791 1420 827 θεωροῦντες
1437 800 1465 818 σε
1483 793 1492 807 ⁸
1515 791 1685 824 ἐκϐαίνοντα,
1709 791 1802 827 ἔχουσί
1819 799 1849 817 σε

1066 837 1164 872 ἐπίσης
1184 837 1307 865 πάντων
1328 838 1374 864 καὶ
1390 837 1478 869 οὐδείς
1492 846 1533 864 σοι
1546 838 1629 873 ὀχλεῖ.

1101 958 1133 992 β’.
1155 959 1309 994 Διηγήσατο
1327 959 1452 994 περὶτοῦ
1471 959 1544 986 ἁϐϐᾶ
1565 959 1674 986 Μωτίου
1695 960 1708 986 ὁ
1727 958 1850 994 μαθητὴς

1066 1004 1147 1030 αὑτοῦ
1164 1004 1250 1036 ἁϐϐἅς
1271 1005 1378 1031 Ἰσαάκ·
1394 1005 1545 1040 ἀμφότεροι
1558 1005 1585 1031 δὲ
1604 1006 1728 1040 ἐγένοντο
1742 1005 1852 1032 ἐπίσκο-

1065 1059 1124 1076 ποι·
1148 1051 1188 1077 ὃτι
1212 1050 1319 1085 πρῶτος
1332 1051 1341 1066 ⁷
1358 1051 1515 1086 ᾠκοδόμησε
1532 1052 1710 1087 μοναστήριον
1727 1053 1740 1078 ὁ
1763 1051 1852 1087 γέρων

1065 1097 1105 1126 εἰς
1128 1096 1174 1123 τὸν
1196 1096 1350 1132 Ἠρακλᾶν’
1379 1097 1426 1123 καὶ
1454 1097 1492 1128 ὡς
1526 1097 1698 1132 ἀνεχώρησεν
1725 1097 1851 1128 ἐκεῖθεν,

1065 1141 1185 1176 ἀπῆλθεν
1214 1143 1253 1173 είς
1277 1142 1371 1177 ἓτερον
1399 1142 1499 1175 τόπον,
1525 1143 1572 1169 καὶ
1596 1142 1769 1178 ᾠκοδόμησεν
1794 1143 1854 1168 ἐκεῖ

1066 1189 1155 1215 πάλιν.
1185 1189 1241 1215 Ka‘t
1260 1190 1320 1215 κατ’
1343 1189 1483 1224 ἐνέργειαν
1506 1189 1553 1216 τοῦ
1586 1189 1727 1221 διαϐόλου,
1752 1189 1853 1224 εὑρέθη

1065 1235 1178 1270 ἀδελφός
1191 1244 1233 1267 τις
1249 1236 1399 1271 ἐχθραίνων
1414 1236 1499 1271 αὐτῷ,
1513 1236 1559 1263 καὶ
1575 1236 1673 1262 θλίϐων
1689 1236 1779 1261 αὐτόν.
1798 1236 1854 1262 Καὶ

1065 1282 1183 1314 ἀναστὰς
1197 1284 1212 1308 ὁ
1227 1283 1315 1318 γέρων
1330 1282 1503 1318 ἀνεχώρησεν
1523 1283 1563 1314 εἰς
1583 1283 1632 1318 τὴν
1651 1283 1718 1309 ἰδίαν
1737 1282 1851 1317 κώμην·

1066 1329 1113 1355 καὶ
1132 1329 1259 1364 ἐποίησεν
1284 1329 1373 1364 ἐαυτῷ
1400 1330 1597 1366 μοναστήριον,
1623 1329 1669 1355 καὶ
1700 1329 1854 1355 ἐνέκλεισεν

1066 1375 1172 1401 ἑαυτόν.
1201 1375 1256 1401 Καὶ
1286 1374 1354 1409 μετὰ
1385 1375 1481 1410 χρόνον
1500 1373 1581 1410 ἦλθον
1607 1376 1631 1401 οἱ
1650 1375 1776 1410 γέροντες
1802 1375 1851 1401 τοῦ

1065 1422 1148 1447 τόπου
1163 1421 1223 1448 ὅθεν
1234 1421 1393 1456 ἐξῆλϐε,κα“ι
1403 1421 1530 1453 λαϐόντες
1545 1422 1646 1448 καὶτὸν
1658 1422 1770 1456 ἀδελφὸν
1786 1422 1853 1448 ὅπου

1067 1465 1123 1502 εἶχε
1141 1468 1208 1503 πρὸς
1227 1468 1307 1494 αὑτὸν
1330 1468 1379 1503 τὴν
1400 1467 1502 1502 λύπην,
1520 1468 1639 1503 ἀπῆλθον
1664 1467 1854 1503 παρακαλέσαι

1067 1514 1157 1546 αὑτὸν,
1173 1514 1215 1540 ἵνα
1231 1514 1378 1548 ὲνέγκωσιν
1393 1514 1474 1540 αὑτὸν
1490 1515 1529 1546 εἰς
1541 1514 1590 1550 τὴν
1607 1514 1690 1549 μονὴν
1704 1514 1796 1541 αὑτοῦ.
1811 1515 1855 1545 Ὡς

1069 1560 1096 1585 δὲ
1110 1561 1226 1594 ἤγγισαν
1238 1560 1303 1586 ὅπου
1314 1558 1347 1595 ἦν
1359 1561 1373 1586 ὁ
1384 1560 1471 1592 άϐϐᾶς
1482 1560 1586 1596 Σώρης,
1598 1560 1705 1595 ἀφῆκαν
1716 1560 1750 1586 τὰ
1764 1559 1855 1595 μηλω-

1068 1607 1150 1642 τάρια
1163 1606 1251 1634 αὐτῶν
1264 1607 1347 1641 ἐγγὺς
1359 1607 1452 1638 αὑτοῦ,
1462 1607 1509 1633 καὶ
1523 1607 1567 1633 τὸν
1579 1607 1692 1641 ἀδελφὺν
1700 1607 1744 1633 τὸν
1759 1607 1856 1642 ἔχοντα

1068 1653 1117 1688 τὴν
1130 1652 1229 1688 λύπην.
1244 1654 1298 1679 Καὶ
1310 1653 1348 1684 ὡς
1359 1653 1501 1688 ἔκρουσαν,
1511 1653 1602 1688 βάλλει
1616 1654 1629 1679 ὁ
1643 1653 1731 1687 γέρων
1749 1653 1778 1679 τὸ
1795 1653 1855 1679 κλι-

1071 1700 1179 1734 μάκιον,
1195 1701 1241 1726 καὶ
1259 1699 1444 1735 παρακύπτει,
1465 1700 1512 1726 καὶ
1533 1699 1660 1734 γνωρίζει
1682 1699 1790 1732 αὐτοὺς,
1806 1699 1856 1725 καὶ

1069 1746 1159 1779 λέγει’
1178 1745 1232 1771 Ποῦ
1253 1746 1286 1771 τὰ
1301 1745 1461 1781 μηλωτάρια
1476 1745 1570 1780 diuini;
1587 1746 1617 1772 Οἱ
1634 1745 1661 1771 δὲ
1679 1743 1772 1770 εἷπονι
1789 1744 1856 1770 Ίδοὺ

1070 1790 1120 1819 ὧδε
1139 1792 1207 1827 μετά
1218 1792 1294 1818 τοῦδε
1306 1792 1352 1818 τοῦ
1366 1791 1491 1825 ἀδελφοῦ.
1512 1792 1556 1822 Ὡς
1569 1791 1597 1817 δὲ
1610 1791 1710 1826 ἤκουσε
1725 1790 1755 1816 τὸ
1769 1790 1856 1825 ὗνομα

1069 1838 1115 1864 τοῦ
1129 1837 1243 1871 eaeaeae
1274 1837 1320 1863 τοῦ
1342 1837 1512 1872 λυπήσαντος
1534 1836 1626 1867 αὐτὸν,
1656 1838 1670 1863 ό
1688 1837 1776 1871 γέρων
1801 1836 1857 1862 ἀπὸ

1068 1885 1155 1919 χαρᾶς
1174 1884 1252 1909 ἔϐαλε
1264 1884 1274 1899 ⁸
1288 1884 1414 1915 πέλεκυν,
1431 1884 1476 1910 καὶ
1498 1884 1664 1918 κατέστρεψε
1687 1884 1736 1918 τήν
1758 1883 1855 1918 Θύραν,

1069 1930 1116 1956 καὶ
1138 1929 1233 1964 ἐξῆλθε
1251 1929 1356 1964 τρέχων
1370 1929 1436 1955 ὅπου
1455 1927 1487 1964 ἦν
1503 1930 1516 1955 ό
1542 1928 1668 1962 ἁδελφός·
1685 1929 1732 1954 καὶ
1760 1927 1856 1954 ἔϐαλεν

1070 1975 1143 2009 αὐτῷ
1165 1975 1308 2009 μετάνοιαν
1324 1975 1441 2010 πρῶτος,
1456 1975 1503 2001 καὶ
1524 1975 1667 2009 ἠσπάσατο
1689 1974 1788 2001 αὐτόν·
1809 1974 1858 2000 καὶ

1068 2022 1225 2056 εἰσήνεγκεν
1253 2022 1332 2048 αὐτὸν
1363 2022 1402 2053 εἰς
1428 2021 1458 2047 τὸ
1480 2021 1583 2048 κελλίον
1612 2021 1714 2047 αὑτοῦ·
1740 2021 1787 2046 καὶ
1811 2020 1859 2046 ἐπὶ

1069 2070 1142 2102 τρεῖς
1157 2068 1264 2103 ἡμέρας
1277 2067 1411 2102 εὖφρανεν
1432 2067 1546 2098 αὐτούς’
1565 2067 1612 2094 καὶ
1625 2066 1706 2097 atati);
1730 2066 1787 2101 μετ’
1805 2065 1858 2092 αὑ-

1068 2115 1139 2141 τῶν·
1155 2116 1224 2150 ὅπερ
1246 2115 1296 2141 οὐκ
1312 2112 1367 2149 εἶχε
1389 2114 1530 2149 συνήθειαν
1546 2115 1649 2139 ποιεῖν·
1668 2112 1715 2139 καὶ
1737 2111 1859 2143 ἀναστὰς

1069 2161 1202 2197 ἐπορεύθη
1228 2162 1286 2196 μετ’
1311 2160 1412 2188 αὐτῶν,
1433 2160 1487 2186 Καὶ
1503 2160 1572 2195 μετὰ
1597 2160 1683 2186 ταῦτα
1709 2159 1859 2189 ἐπίσκοπος

230 2205 303 2232 enim
318 2205 511 2231 miraculorum
530 2203 649 2232 effector.
669 2204 721 2232 Sed
740 2210 766 2232 et
780 2204 943 2240 discipulum
956 2206 1013 2240 ejus

1070 2206 1189 2240 γέγονεν.
1212 2204 1265 2231 Ἦν
1293 2205 1346 2240 γὰρ
1369 2205 1558 2240 σημειοφόρος.
1578 2205 1633 2231 Καὶ
1661 2205 1706 2230 τὸν
1733 2203 1858 2238 μαθητὴν

230 2251 356 2277 abbatem
402 2251 522 2278 Isaacqu
562 2250 658 2278 beatus
695 2251 812 2286 Cyrillns
858 2251 1014 2286 episcopum

231 2297 343 2323 creavit.

469 2353 507 2379 De
519 2353 612 2380 abbate
630 2353 771 2388 Megethio.

268 2410 294 2435 ‘l.
322 2408 448 2436 Relatum
473 2409 524 2437 fuit
551 2410 584 2437 de
628 2411 724 2438 abbate
756 2411 902 2446 Megethio,
943 2412 1014 2446 quod

232 2463 344 2490 egresso
361 2463 394 2482 eo
408 2464 422 2483 e
438 2456 516 2489 cella,
546 2456 569 2483 si
584 2461 700 2484 utentem
728 2457 858 2484 subiisset
887 2458 1015 2492 cogitatio

231 2501 376 2529 secedendi
391 2509 406 2529 e
419 2502 488 2533 loco,
503 2510 556 2529 non
573 2503 762 2538 regrederetur
773 2503 799 2529 in
813 2503 908 2530 cellam
924 2511 1014 2530 suam.

229 2545 302 2573 Nihil
322 2547 422 2582 quippe
442 2547 563 2574 materiae
576 2555 609 2574 cx
641 2548 691 2574 hoc
718 2548 819 2574 smenlo
844 2547 1012 2582 possidebat,

229 2593 282 2620 nisi
299 2600 377 2620 acum
394 2600 474 2619 unam
493 2600 546 2627 qua
559 2593 662 2627 palmas
677 2600 741 2620 suas
754 2592 905 2620 scindebat.
924 2593 1014 2619 Conti-

228 2640 317 2667 riebat
336 2640 407 2666 enitn
434 2639 556 2669 quotidie
585 2644 640 2667 tres
668 2640 824 2675 sportellas,
854 2639 925 2666 unde
955 2640 1011 2666 ale-

230 2689 292 2713 hztltt
299 2694 321 2712 r.

261 2764 272 2778 ⁸
291 2763 333 2790 Al.
350 2763 446 2791 Ματόῖ.
484 2765 494 2779 ⁸
513 2763 542 2790 F.
556 2763 638 2792 inser.
661 2765 720 2793 οὐκ,
759 2766 769 2782 ⁷
787 2765 817 2794 F.
841 2765 968 2801 πρώτως.

264 2843 318 2879 (47)
338 2843 389 2871 Vit.
409 2843 484 2870 Patr.
502 2851 560 2877 vut,
575 2843 602 2870 2.

1071 2251 1152 2277 αὐτοῦ
1168 2251 1294 2285 ἐποίησεν
1311 2251 1458 2277 ἐπίσκοπον
1474 2252 1488 2277 ό
1503 2250 1635 2287 μακάριος
1651 2250 1784 2285 Κύριλλος
1810 2250 1859 2276 τὸν

1071 2297 1157 2324 ἀϐίᾶν
1176 2297 1279 2324 Ἰσαάκ.

1265 2353 1334 2386 Περὶ
1348 2352 1400 2379 τοῦ
1415 2352 1489 2379 ἀϐϐᾶ
1505 2353 1660 2387 Μεγεθιόυ.

1105 2413 1138 2436 a'.
1162 2410 1272 2444 Ἔλεγον
1288 2410 1352 2445 περὶ
1365 2410 1411 2436 τοῦ
1426 2410 1497 2436 ἁϐϐἄ
1511 2409 1657 2444 Μεγεθίου,
1673 2410 1713 2436 ὅτι
1726 2410 1860 2444 ἐξήρχετο

1068 2456 1113 2481 τοῦ
1129 2456 1251 2482 κελλίου·
1269 2457 1316 2483 καὶ
1335 2457 1357 2482 εἰ
1375 2457 1474 2492 ἤρχετο
1499 2456 1573 2491 αὑτῷ
1596 2457 1726 2491 λογισμὸς
1751 2457 1860 2491 ἀναχω-

1069 2504 1149 2538 ρῆσαι
1165 2504 1197 2529 ὲκ
1208 2503 1254 2529 τοῦ
1267 2503 1359 2536 τόπου,
1376 2504 1425 2529 οὐκ
1446 2503 1621 2537 ἀνέκαμπτεν
1638 2504 1676 2534 εἰς
1695 2503 1743 2538 τὴν
1759 2503 1859 2529 κέλλαν

1070 2550 1162 2576 αὐτοῦ.
1173 2550 1239 2576 Οὐδὲ
1252 2550 1305 2586 γὰρ
1320 2548 1375 2584 εἷχέ
1389 2549 1414 2575 τί
1424 2558 1488 2576 ποτε
1500 2549 1547 2575 τοῦ
1557 2549 1655 2580 αἰῶνος
1669 2549 1765 2575 τούτου
1778 2549 1858 2585 ὓλην,

1070 2597 1093 2622 εἰ
1109 2596 1146 2631 μὴ
1171 2596 1269 2632 ῥαφίδα
1284 2596 1348 2631 μίαν
1365 2596 1431 2622 ὅπου
1453 2596 1487 2621 τὰ
1506 2595 1600 2622 θαλλία
1620 2595 1740 2630 ἔσχιζεν·
1763 2597 1860 2632 εἰργά‹

1068 2641 1130 2673 ζετο
1144 2642 1198 2678 γὰρ
1212 2641 1272 2668 καθ’
1289 2642 1394 2676 ἡμέραν
1409 2641 1472 2677 τρία
1488 2641 1617 2676 μαλάκια,
1632 2641 1662 2667 τὸ
1681 2641 1732 2676 τῆς
1751 2642 1861 2677 τροφῆς

1070 2688 1161 2716 αὑτοῦ.

1011 2767 1021 2782 ⁸
1038 2767 1079 2794 Al.
1105 2766 1195 2792 ἔλαϐε.

1104 2842 1158 2880 (48)
1181 2845 1232 2873 Vit.
1256 2845 1332 2872 Patr.
1348 2854 1387 2881 ut,
1407 2847 1432 2873 4.
