1970 3074
85 136 128 165 591

653 135 956 163 APOPHTHEGMATA
978 135 1131 163 PATRUM.

1641 132 1696 162 τιῦὲ

119 194 147 228 β’.
164 193 274 228 Ἔλεγον
288 194 352 229 περὶ
365 193 412 220 τοῦ
421 194 549 229 δευτέρου
559 193 615 228 (49)
630 194 700 220 ἀϐὃᾶ
714 194 858 228 Μεγεθίου,

950 193 977 220 2.
998 193 1111 220 Aiebam
1129 192 1162 219 de
1188 191 1311 220 secundo
1336 192 1432 218 abbate
1458 191 1604 226 Megethio,
1622 191 1694 225 quod

85 241 122 266 ὅτι
143 238 174 274 ἦν
196 239 323 270 ταπεινὸς
345 239 464 274 σφόδρα,
489 239 668 275 μαθητευθεὶς
694 241 759 275 παρ’
779 241 862 273 Αἰγυο

85 285 175 317 πτίοις,
191 285 237 311 καὶ
252 284 390 319 συντυχὼν
411 284 518 317 πολλοῖς
529 285 651 321 γέρουσι,
670 286 716 311 καὶ
735 285 774 320 τῷ
791 285 862 321 ἀόϐᾷ

85 331 168 366 Σισόῃ,
184 330 230 356 καὶ
249 330 288 365 τῷ
302 330 373 365 ἀϐὂᾷ
385 330 510 365 Ποιμὲνι.
527 331 636 365 Ἔμεινε
655 331 682 357 δὲ
700 332 746 358 καὶ
760 332 799 363 εἰς
812 340 860 358 πο-

84 377 163 412 ταμὸν
177 377 217 408 εἰς
230 377 259 403 τὸ
273 377 347 403 Σινά.
358 377 413 403 Καὶ
425 376 524 411 συνέϐη
537 377 598 403 τινὰ
610 376 663 403 τῶν
678 377 762 411 ἁγίων
775 386 863 412 παρα-

85 423 168 449 ϐαλεῖν
188 423 263 457 αὐτῷ
276 422 324 456 (ὡς
341 423 421 454 αὐτὸς
434 422 605 458 διηγήσατο),
621 423 668 449 καὶ
686 423 759 456 λέγει
771 423 861 458 αὐτῷ·

84 468 141 499 Πῶς
158 468 269 501 διάγεις,
292 467 407 501 ἁδελφὲ,
433 469 462 495 ἐν
484 469 517 503 τῇ
541 469 636 503 ἐρήμῳ
663 468 765 503 ταύτης
785 469 813 494 ’0
835 469 863 494 δὲ

83 511 140 539 εἶπε
151 522 157 528 ·
183 513 315 547 Νηστεύω
331 513 378 539 δύο
393 513 455 543 δύο.
471 514 518 540 καὶ
540 513 587 540 ἕνα
603 513 684 548 ἄρτον
699 513 790 539 ἐσθίω.
808 513 864 540 Καὶ

85 558 152 592 λέγει
165 567 207 594 μοι
220 567 226 573 ·
241 559 272 584 Εἰ
289 558 374 590 θέλεις
392 558 506 584 ἀκοῦσαί
522 567 583 594 μου,
603 559 673 592 φάγε
685 559 745 584 καθ’
757 558 864 594 ἡμέραν

85 604 113 630 τὸ
125 604 207 639 ἥμισυ
224 603 272 630 τοῦ
288 604 381 638 ἄρτου.
397 604 453 630 Καὶ
465 605 581 635 ποιήσας
598 604 684 635 οὕτως
701 600 779 637 εὗρεν
797 604 864 630 ἀνά-

85 659 191 676 παυσιν.

123 699 155 730 γ’.
176 696 334 731 Ἥρώτησάν
347 705 418 727 τινες
433 695 486 722 τῶν
503 696 632 731 ῘΙατέρων
647 695 692 722 τὸν
707 696 792 722 ἀὸϐἄν
807 697 864 722 Με-

86 741 180 776 γέθιον,
192 741 333 775 λέγοντες·
354 742 418 768 Ἐὰν
439 741 634 778 περισσεύηται
657 742 749 777 ἕψημα
763 744 802 773 εἰς
817 742 865 778 τὴν

87 788 164 823 ἄλλην
178 789 293 823 ἡμέραν,
309 788 395 820 θέλεις
411 789 453 815 ἶνα
469 789 592 823 φάγωσιν
605 790 630 815 οἱ
645 788 771 823 ἀδελφοί;
785 788 866 823 Λέγει

88 835 173 865 αὐτοῖς
186 835 199 860 ό
214 835 318 868 γερωψ
341 835 405 862 Ἐὰν
418 835 575 870 ἠρήμωται,
590 834 640 860 οὐκ
653 834 710 860 ἔστι
726 835 807 861 καλὸν
824 835 866 860 ἵνα

85 880 287 913 ἀναγκασθῶσιν
301 881 325 906 οἱ
346 880 455 914 ἀδελφοὶ
474 882 570 914 φαγεῖν
588 880 664 911 αὐτὸ,
686 880 731 906 καὶ
751 880 866 915 ἀσθενή-

85 934 165 952 suum
176 945 182 957 ,
201 926 269 952 ἀλλὰ
279 928 344 962 ριφῇ
354 935 360 941 ·
378 926 424 952 ἐὰν
438 926 466 952 δὲ
481 926 561 952 καλὸν
577 927 645 958 ἐστι,
661 926 706 951 καὶ
721 925 764 951 διὰ
785 926 866 961 στρῆ-

84 980 128 1003 νος
144 973 218 1008 ριφῇ,
232 973 280 999 καὶ
297 972 360 999 ἄλλο
371 972 468 1008 ἑψηθῇ,
484 972 563 998 τοῦτο
578 972 660 998 κακόν
677 972 759 999 ἐστιν.

118 1058 149 1086 δ’.
169 1054 236 1084 Εἶπε
255 1057 354 1084 πάλιν
383 1058 427 1084 Ἑν
449 1058 520 1092 ἀρχῇ
544 1057 588 1083 ὅτε
605 1055 776 1091 συνηγόμεθα
800 1055 868 1090 πρὸς

85 1104 222 1139 ἀλλήλους,
237 1105 283 1130 καὶ
300 1103 447 1137 ἐλαλοῦμεν
462 1103 527 1138 περὶ
539 1102 671 1137 ὠφελείας
688 1101 869 1137 συγκροτοῦν-

83 1159 128 1180 τες
153 1150 294 1185 ἀλλήλους,
313 1149 457 1184 ἐγινόμεθα
474 1148 550 1183 χοροὶ
574 1148 666 1183 χοροὶ,
688 1149 734 1174 καὶ
750 1147 868 1182 ἁνηρχό-

86 1196 155 1230 μεοα
181 1197 220 1227 εἰς
245 1196 308 1226 τοὺς
324 1195 464 1231 οὐρανούς.
478 1195 546 1220 Νυνὶ
565 1195 593 1220 δὲ
619 1193 800 1228 συναγόμεθα,
823 1193 870 1219 καὶ

85 1239 124 1272 εἷς
150 1241 195 1267 τὸν
214 1241 262 1267 Eva.
287 1241 325 1272 ab;
348 1240 513 1267 καταλαλιὰν
529 1239 688 1275 ἐρχόμενοι,
715 1239 870 1274 κατάγομεν

83 1287 170 1315 κάτω.

315 1342 385 1377 Περὶ
403 1342 456 1369 τοῦ
471 1341 544 1369 ἀϐϐᾶ
562 1341 651 1387 Malm.

124 1402 155 1424 a'.
176 1397 261 1426 Εἶπεν
277 1399 291 1424 ὁ
308 1398 394 1430 ἁϐϐἄς
412 1398 489 1429 Μιὼς
502 1398 516 1423 ὁ
537 1397 584 1423 τοῦ
602 1397 708 1424 Βελέου.
725 1397 766 1423 ὃτι
787 1397 802 1431 ἡ
820 1396 871 1422 ὑπ-

84 1444 153 1478 ακοὴ
179 1444 239 1470 ἀντὶ
259 1443 382 1478 ὑπακοῆς
406 1444 487 1469 ἐστιν.
503 1442 535 1468 Εἴ
549 1451 589 1473 τις
606 1442 736 1469 ὑπακούει
751 1441 790 1476 τῷ
801 1441 871 1476 Θεῷ,

83 1491 98 1516 ὁ
115 1490 181 1521 Θεὸς
197 1489 329 1516 ὑπακούει
343 1489 434 1515 αὐτόν.

913 244 987 266 esset
1001 239 1079 266 valde
1094 238 1217 269 humilis,
1233 238 1346 265 edoctus
1369 237 1402 264 ab
1417 236 1564 272 Egyptiis,
1581 240 1608 264 et
1633 244 1696 263 cou-

913 292 1025 319 gressus
1039 292 1100 311 cum
1124 284 1217 311 multis
1229 284 1351 315 senibus,
1368 291 1485 317 cumque
1504 282 1602 309 abbate
1616 281 1697 309 Sisoe

913 334 940 357 et
967 330 1064 357 abbate
1091 329 1230 357 Pmmene.
1253 329 1351 356 Mansit
1375 333 1466 356 autem
1488 329 1521 355 ad
1536 328 1649 355 lluvium
1668 331 1695 354 in

917 374 992 401 Sina.
1008 374 1105 405 Porro,
1120 374 1192 409 quod
1220 375 1277 408 ipse
1293 373 1433 404 narrabat,
1460 372 1576 407 contigit
1593 376 1621 398 ut
1647 373 1698 398 ali-

917 422 979 455 quis
994 425 1148 448 sanctorum
1163 420 1321 447 conveniret
1335 427 1396 446 eum
1411 428 1418 447 ;
1437 419 1483 453 qui
1496 418 1564 445 dixit
1577 418 1602 445 ei
1616 426 1623 444 :
1648 417 1697 444 Vi-

915 470 969 492 tam
985 465 1121 500 qnomodo
1152 466 1272 492 traducis
1288 465 1316 491 in
1334 472 1425 492 eremo
1442 465 1501 497 hac,
1519 464 1624 491 frater?
1645 464 1698 491 Re-

915 511 1026 545 spondit
1038 520 1044 537 :
1058 510 1156 545 Jejuno
1169 511 1202 537 ad
1217 511 1308 542 bidua,
1328 518 1411 537 unum
1425 518 1523 545 panem
1540 510 1697 538 comedens.

915 557 983 583 Tum
1014 557 1079 584 ille:
1106 556 1134 583 Si
1152 557 1232 584 audis
1262 557 1411 583 consilium
1442 564 1543 587 meum,
1575 556 1698 591 quotidie

915 602 1043 629 conlades
1057 602 1198 629 dimidium
1216 603 1303 637 panis.
1317 602 1394 634 Quod
1408 609 1469 629 cum
1485 601 1605 635 fecisset,
1621 602 1698 629 inve-

916 647 955 674 nit
969 648 1097 682 quietem.

953 694 980 721 5.
995 694 1113 726 Quidam
1126 702 1141 721 e
1159 694 1286 722 Patribus
1311 695 1548 731 interrogaverunt
1571 696 1697 723 abbatem

918 739 1104 774 Megctltium:
1134 740 1162 766 Si
1178 740 1342 775 superfuerit
1368 742 1536 775 pulmentum
1555 742 1588 768 ad
1617 743 1697 768 aliam

917 784 1000 815 diem,
1017 785 1094 811 visne
1109 788 1139 810 ut
1158 785 1324 812 manducent
1339 785 1404 812 illud
1425 785 1546 813 fratres?
1565 786 1636 813 Dicit
1657 787 1699 814 eis

919 836 1026 855 senex:
1047 829 1214 863 Corruptum
1242 830 1264 856 si
1295 829 1385 862 fuerit,
1413 838 1467 857 non
1484 836 1587 858 rectum
1614 835 1700 859 estut

921 878 1056 908 cogantur
1071 874 1169 901 fratres
1182 874 1249 900 illud
1278 875 1429 907 comedere,
1446 875 1517 902 unde
1543 877 1699 909 mgrotaturi

919 924 994 951 sunt,
1010 920 1057 947 sed
1081 920 1252 955 projiciatur.
1268 921 1296 947 Si
1313 928 1377 948 vero
1390 921 1490 948 bonum
1503 927 1554 952 est.
1573 923 1701 956 proiicia-

919 971 1018 1001 turque
1030 974 1078 1000 per
1095 965 1206 995 fastum.
1224 971 1250 993 et
1263 970 1396 1000 coquatur
1412 967 1497 998 aliud,
1514 975 1546 994 ea
1566 976 1609 995 res
1630 969 1701 995 mala

917 1016 969 1039 est.

954 1057 980 1084 4.
998 1056 1069 1084 Dixit
1083 1058 1182 1084 iterum
1197 1065 1205 1084 :
1221 1057 1302 1084 Initio
1321 1066 1382 1085 cum
1397 1058 1425 1084 in
1439 1066 1522 1084 unum
1537 1059 1699 1087 convenire-

919 1110 991 1134 mus,
1008 1107 1035 1130 et
1048 1103 1222 1137 lnqueremur
1239 1104 1272 1130 de
1288 1104 1385 1131 animae
1400 1105 1527 1137 utilitate,
1541 1112 1591 1131 nos
1608 1109 1703 1133 mutuo

919 1147 1105 1189 exbortaptes.
1129 1155 1239 1175 eramus
1257 1148 1333 1175 chori
1349 1149 1437 1179 chori.
1449 1154 1475 1176 et
1489 1150 1702 1177 ascendebamus

919 1194 947 1220 in
973 1193 1066 1220 emlos.
1086 1192 1163 1221 Nunc
1182 1201 1246 1220 vero
1272 1201 1478 1229 cougregamur,
1496 1198 1522 1222 et
1552 1203 1623 1222 unus
1638 1203 1700 1222 cum

920 1238 973 1264 alio
995 1239 1026 1265 ad
1052 1238 1248 1266 detractionem
1267 1239 1426 1271 venientes,
1457 1239 1648 1268 descendimus
1673 1241 1701 1267 in

921 1283 1067 1311 infernum.

1199 1341 1236 1369 Dc
1248 1342 1341 1369 abbate
1353 1342 1430 1370 Mios.

962 1398 986 1425 1.
1000 1397 1072 1426 Dixit
1087 1399 1171 1427 abbas
1187 1400 1266 1432 Mios,
1284 1401 1328 1427 ille
1343 1401 1413 1427 Belei
1429 1411 1435 1428 :
1454 1400 1633 1428 Obaudicntia
1656 1409 1704 1436 pro

922 1445 1096 1472 obaudientia
1117 1450 1168 1473 est.
1186 1445 1214 1473 Si
1227 1447 1288 1482 quis
1306 1446 1361 1474 Deo
1387 1447 1549 1479 obaudicrit,
1566 1446 1637 1474 Deus
1654 1448 1705 1474 ob-

922 1491 1015 1518 audiet
1029 1499 1103 1517 eum.

123 1535 155 1570 β’,
175 1533 242 1561 Εἷπε
260 1534 340 1561 πάλιν
357 1535 419 1570 περί
441 1543 512 1566 τινος
526 1534 662 1569 γέροντος,
683 1534 724 1559 ὅτι
737 1531 771 1569 ἦν
794 1533 823 1559 ἑν
838 1534 870 1568 τῇ

958 1536 985 1563 2.
1004 1536 1062 1572 (5|)
1079 1536 1151 1564 Dixit
1168 1537 1264 1565 iterum
1280 1538 1313 1566 de
1329 1538 1444 1573 quodam
1463 1546 1543 1571 sene,
1561 1540 1633 1575 quod
1658 1541 1707 1568 de-

84 1581 202 1616 Σκήτει·
217 1579 250 1616 ἦν
265 1581 294 1607 δὲ
311 1580 364 1606 ἀπὸ
388 1579 502 1606 δούλων·
526 1580 635 1613 ἐγένετο
654 1579 682 1605 δὲ
706 1578 871 1614 διαχριτικὸς

85 1628 201 1663 σφόδρα.
219 1628 274 1654 Καὶ
285 1627 382 1662 ἤρχετο
393 1626 452 1652 κατ’
464 1626 585 1652 ἐνιαυτὸν
600 1626 639 1656 εἰς
659 1624 871 1659 Ἀλεξάνδρειαν,

84 1675 176 1709 φέρων
197 1675 246 1709 τὴν
273 1673 471 1708 μισθοφορίαν⁹
497 1673 552 1703 τοῖς
575 1671 679 1706 κυρῐοις
704 1671 795 1698 αὑτοῦ.
818 1671 872 1697 Καὶ

83 1721 214 1755 ὑπήντων
227 1719 311 1754 αὐτῷ,
327 1719 372 1744 καὶ
387 1718 570 1754 προσεκύνουν
585 1717 668 1752 αὐτῷ.
686 1717 714 1743 '0
733 1717 761 1743 δὲ
783 1717 871 1752 γέρων

82 1765 184 1791 ἔϐαλεν
202 1764 273 1800 ὓδωρ
287 1765 326 1795 εἰς
344 1764 389 1790 τὸν
409 1764 544 1798 νιπτῆρα,
560 1763 607 1789 καὶ
625 1763 730 1797 ἔφερεν,
749 1762 793 1788 ἵνα
808 1761 873 1798 νίψῃ

82 1811 150 1842 τοὺς
164 1809 275 1845 κυρίους
288 1809 308 1824 ¹¹³
320 1808 412 1835 αὑτοῦ.
432 1809 462 1835 Oi
478 1808 506 1834 δὲ
522 1808 590 1843 πρὸς
603 1808 681 1834 αὑτὸν
689 1807 779 1840 ἔλεγον
790 1814 797 1820 ·
815 1807 871 1842 Μὴ,

83 1855 191 1890 Πάτερ,
205 1855 242 1889 μὴ
263 1854 348 1888 βαρῇς
361 1853 444 1887 ἡμᾶς.
467 1852 496 1878 ’0
515 1851 543 1878 δὲ
556 1851 623 1886 πρὸς
642 1851 739 1880 αὐτοὺς
763 1850 872 1883 ιτὲλεγεν⁹

90 1900 234 1936 Ὀμολογῶ
249 1901 290 1926 ὅτι
302 1899 394 1931 δοῦλος
410 1898 485 1934 ὑμῶν
500 1899 574 1933 εἰμι·
590 1898 636 1923 καί
652 1896 820 1931 εὐχαριστῶν
833 1896 873 1922 ὅτι

82 1947 214 1982 ἀφήκατέ
233 1955 266 1981 με
279 1946 420 1981 ἐλεύθερον
434 1944 569 1971 δουλεύειν
579 1943 618 1978 τῷ
630 1943 700 1978 Θεῷ,
715 1942 782 1968 ἀλλὰ
797 1941 873 1975 κάγὼ

82 1995 176 2020 νίπτω
193 1993 276 2028 ὑμᾶς,
290 1993 336 2018 καὶ
352 1991 463 2023 δέξασθε
480 1991 528 2025 τὴν
546 1988 722 2025 μισθοφορίαν
740 1997 790 2023 μου
809 1987 875 2013 ταύ-

81 2049 136 2074 την
154 2040 186 2065 ”.
212 2039 243 2064 Oi
264 2038 292 2064 δὲ
317 2037 496 2071 ἐφιλονείκουν
519 2035 574 2070 (50)
597 2035 634 2070 μὴ
655 2034 872 2069 καταδεχόμενοι.

83 2085 204 2118 Ἴζλεγεν
217 2082 263 2110 οὖν
286 2083 376 2113 αὐτοῖς
387 2091 393 2098 ·
418 2082 479 2108 Ἐὰν
495 2081 530 2116 μὴ
550 2080 644 2115 Θέλητε
658 2079 791 2111 δέξασθαι,
809 2079 874 2105 κάθ-

81 2139 158 2165 ημαι
178 2127 230 2156 ὧδε
250 2128 380 2155 δουλεύων
404 2128 476 2162 ὑμῖν.
494 2127 548 2153 Καὶ
568 2126 728 2161 φοὸούμενοι
747 2126 767 2140 ¹¹
783 2125 873 2155 αὑτὸν,

80 2178 168 2211 ἧμον
184 2176 205 2191 ¹³
219 2176 232 2202 ὃ
251 2174 376 2201 ἐϐούλετο
391 2174 517 2208 ποιῆσαι·
535 2173 581 2199 καὶ
599 2171 775 2206 προέπεμπον
795 2170 876 2196 αὑτὸν

923 1582 1003 1617 gebat
1029 1583 1055 1609 iu
1076 1583 1158 1614 Sceti,
1192 1583 1281 1611 fuerat
1300 1589 1391 1612 autem
1416 1593 1521 1617 servus,
1549 1588 1706 1622 exstititque

924 1628 1067 1654 admodum
1085 1629 1188 1662 peritus
1204 1630 1232 1656 in
1249 1629 1439 1657 discernendo.
1458 1630 1506 1658 llic
1524 1632 1640 1667 singulis
1657 1639 1706 1659 an-

923 1672 967 1698 nis
984 1672 1176 1700 Alexandriam
1193 1674 1427 1708 proliciscrbatur,
1444 1676 1559 1703 all'ereus
1575 1677 1705 1703 salarium

924 1717 1041 1745 dominis
1059 1718 1126 1745 suis.
1142 1718 1192 1751 Qui
1210 1725 1385 1747 occurrentes
1401 1721 1585 1748 venerabundi
1602 1723 1706 1749 saluta-

924 1763 988 1791 bant
1004 1772 1076 1792 euln.
1091 1765 1126 1791 At
1139 1773 1221 1792 senex
1239 1766 1364 1792 mittebat
1377 1774 1475 1801 aquam
1496 1767 1522 1793 in
1540 1768 1650 1801 pelvim,
1665 1768 1707 1794 af-

925 1808 1083 1843 ferebatque
1103 1813 1132 1835 ut
1150 1810 1252 1837 lavaret
1283 1811 1408 1838 dominos
1432 1819 1507 1838 suos.
1537 1813 1577 1838 Ilii
1590 1820 1653 1839 vero
1674 1813 1707 1840 ad

925 1861 986 1880 eum
1001 1853 1067 1884 :Ne.
1086 1853 1175 1885 Pater,
1190 1863 1224 1882 ne
1235 1856 1392 1890 gravaveris
1409 1864 1468 1884 nos.
1490 1857 1513 1884 ls
1537 1861 1626 1884 autem
1643 1857 1684 1885 eis
1700 1867 1706 1884 :

925 1901 1063 1928 Conﬁteor
1076 1909 1119 1928 me
1149 1909 1257 1928 servum
1291 1908 1412 1929 vestrum
1449 1911 1531 1934 esse;
1555 1906 1583 1929 et
1607 1905 1710 1938 gratias

925 1953 1008 1981 agens
1020 1947 1092 1981 quod
1109 1948 1287 1981 permiseritis
1317 1956 1360 1976 me
1375 1949 1489 1976 liberum
1516 1951 1618 1978 servire
1635 1951 1707 1984 Deo,

926 2001 976 2027 ego
995 1993 1116 2020 vicissim
1134 1994 1193 2020 lavo
1210 2002 1256 2021 vos
1270 2004 1276 2021 :
1294 1996 1420 2029 accipite,
1435 2004 1538 2031 quaeso,
1554 1997 1605 2024 hoc
1620 2005 1709 2025 meum

927 2038 1069 2065 salarium.
1087 2039 1128 2065 Illi
1145 2047 1210 2066 vero
1225 2040 1436 2073 contendebant,
1455 2042 1579 2069 nolentes
1600 2044 1710 2078 acquieé

928 2090 1016 2110 scere.
1037 2083 1131 2118 itaque
1148 2085 1256 2112 dicebat
1274 2086 1334 2113 eis:
1356 2085 1413 2113 Nisi
1443 2087 1585 2115 volueritis
1611 2089 1710 2115 admit-

927 2131 995 2159 tere,
1012 2129 1158 2155 remanebo
1171 2129 1215 2155 hic
1226 2130 1349 2157 serviens
1363 2131 1450 2158 vobis.
1464 2132 1502 2158 Ac
1515 2133 1624 2159 reveriti
1637 2141 1709 2166 eum,

929 2172 1056 2199 sinebant
1077 2173 1166 2201 facere
1185 2174 1257 2209 quod
1280 2176 1381 2208 veliet;
1401 2177 1630 2213 remittebantque
1647 2187 1710 2206 cum

83 2222 159 2257 μετὰ
173 2221 278 2247 πολλῶν
293 2220 402 2256 χρειῶν,
423 2220 469 2246 καὶ
491 2219 590 2254 πολλῆς
602 2219 624 2234 ’⁸
637 2219 729 2253 τιμῆς.
750 2217 792 2243 ἵνα
813 2218 870 2252 ποιῇ

931 2217 1016 2243 multo
1031 2217 1143 2248 honore.
1161 2226 1222 2245 eum
1242 2220 1335 2246 multis
1362 2220 1395 2247 ad
1421 2221 1504 2247 vitam
1535 2223 1710 2253 necessariis,

80 2268 160 2301 ὑπὲρ
175 2266 263 2292 αὐτῶν
274 2265 391 2299 ἀγάπας.
399 2265 453 2291 Καὶ
466 2264 509 2290 διὰ
523 2263 601 2289 τοῦτο
611 2263 718 2297 ἐγένετο
728 2262 876 2297 ὀνομαστὸς

82 2314 128 2343 εὶς
150 2311 260 2344 Σκῆτιν,
278 2311 325 2337 καὶ
341 2309 482 2344 ἀγαπητός
498 2309 530 2335 ⁸⁵.

120 2362 158 2392 γ’.
184 2356 326 2390 ’Πρωτήθη
344 2356 357 2380 ὁ
372 2355 457 2386 ἁϐῦᾶς
477 2353 554 2384 Μιὼς
579 2353 631 2379 ὑπὸ
651 2352 875 2387 στρατευομένου,

81 2403 109 2428 εἰ
129 2402 185 2436 ἄρα
201 2401 306 2434 δέχεται
324 2400 464 2435 μετάνοιαν
480 2400 494 2424 ὁ
505 2398 579 2429 Θεός.
593 2398 621 2424 '0
638 2397 665 2423 δὲ
682 2397 750 2432 μετὰ
765 2398 796 2422 τδ
809 2405 877 2423 κατ-

77 2448 190 2483 ηκῆσαι
213 2446 293 2472 αὑτὸν
313 2446 342 2471 ὲν
364 2445 470 2476 πολλοῖς
483 2444 570 2478 λόγοις
580 2464 587 2476 ,
603 2443 675 2477 λέγει
691 2443 758 2478 πρὸς
774 2444 854 2470 αὐτόν
869 2452 875 2458 '

123 2536 136 2550 ⁹
161 2537 203 2563 Al.
224 2529 308 2563 inser.
323 2535 416 2562 αὑτοῦ.
465 2535 486 2551 ¹⁰
501 2534 543 2562 ΑΙ.
556 2535 637 2566 πόδας
653 2535 707 2561 τῶν
721 2536 832 2570 κυρίων.

79 2571 267 2606 παρεχώρουν
282 2571 366 2606 αὐτῷ.
404 2570 425 2585 ¹¹⁵
441 2571 524 2597 Abest
535 2570 633 2601 πολλῆς
645 2572 678 2597 ab
691 2571 726 2597 al.

120 2652 180 2684 (£9)
202 2651 332 2684 Ἔλεγον
351 2650 418 2682 περὶ
442 2650 496 2676 τοῦ
518 2649 668 2684 δευτέρου.
691 2649 776 2676 Paulo
801 2650 878 2676 aliter

78 2689 148 2713 cmi.
167 2686 292 2713 Cnlbert.
320 2685 447 2711 nimirum
464 2686 502 2712 sic
522 2692 528 2710 τ
547 2685 658 2718 Ἔλεγον
676 2685 738 2719 περ).
746 2685 793 2711 τοῦ
806 2685 878 2711 ἁίὶϐᾶ

76 2721 237 2756 Μεγεθίου,
265 2721 307 2756 ξτι
330 2719 382 2756 διὰ»
397 2720 632 2756 aequatio,th
652 2720 733 2756 ἄρτον
759 2720 875 2756 ἔτρωγε.

76 2753 233 2791 Συντυχὼν
251 2753 299 2781 οὖν
323 2754 404 2791 αὐτὸς
419 2755 456 2789 τῷ
474 2755 544 2790 ἀῦϐᾷ
570 2754 659 2791 Σισὼῃ
673 2753 722 2791 καὶ
743 2753 877 2789 τῴ⁷ἀ66ᾷ

73 2789 210 2827 Ποιμένι,
224 2791 322 2826 ἠρώτα
337 2790 434 2827 absab;
451 2791 514 2827 mp).
533 2789 786 2827 ¢9acou,’.\_éyoqu
802 2791 875 2825 αὐτῷ

72 2825 184 2855 ἐκεῖνοι
195 2834 201 2840 “
219 2827 334 2856 Τέκνον,
350 2825 374 2850 εἰ
392 2825 478 2856 θέλεις
495 2825 608 2851 ἀκοῦσαι
625 2825 713 2859 ἡμῶν,
729 2825 810 2858 φάγε,
821 2829 872 2852 etc.

115 2863 179 2899 (50)
199 2863 231 2888 Ol
242 2861 277 2888 δὲ
291 2861 510 2895 ἐφιλονείκουν.
521 2860 638 2887 Proinde
649 2862 676 2887 in
692 2860 792 2894 Pelagii
813 2868 874 2887 ver-

893 2535 914 2551 ¹¹
930 2524 1014 2562 Abest
1035 2535 1136 2570 ταύτην
1153 2536 1186 2562 ab
1195 2536 1229 2562 al.

767 2570 788 2586 “‘
810 2570 906 2602 Verba,
922 2571 969 2596 καὶ
983 2571 1121 2606 ἀγαπητός
1134 2572 1232 2598 desunt
1250 2571 1277 2598 in
1292 2572 1326 2599 al.

931 2265 960 2287 ut
980 2269 1030 2296 pro
1048 2262 1116 2296 ipsis
1128 2262 1204 2290 daret
1218 2264 1427 2300 elecmosyuam.
1443 2265 1557 2301 Propter
1572 2269 1643 2303 quod
1659 2269 1710 2295 fuit

932 2309 1024 2335 clarus
1038 2313 1065 2335 et
1080 2309 1181 2337 cbarus
1198 2311 1225 2336 in
1245 2310 1328 2337 Sceti.

964 2355 990 2381 5.
1006 2354 1194 2389 Interrogatus
1211 2361 1253 2382 est
1267 2356 1352 2383 abbas
1364 2356 1433 2383 Mios
1448 2365 1462 2383 ιι
1475 2357 1573 2391 miute,
1588 2365 1622 2385 an
1638 2359 1710 2387 Deus

931 2398 1086 2425 admitteret
1104 2400 1301 2433 paenitentiam.
1317 2400 1363 2428 Ille
1380 2409 1444 2428 vero
1460 2406 1603 2437 postquam
1624 2404 1712 2431 homi-

932 2452 994 2471 nem
1019 2445 1100 2479 longo
1126 2452 1254 2473 sermone
1280 2447 1453 2480 instituisset,
1478 2448 1533 2474 ait:
1564 2449 1612 2476 Dic
1633 2451 1709 2483 mihi,

1289 2538 1315 2574 ¹²>
1328 2537 1369 2564 Al.
1391 2538 1594 2574 εὐλαϐούμενοι.
1633 2541 1654 2556 ¹³
1667 2541 1708 2568 Al.

932 2650 1009 2677 sione
1027 2650 1119 2684 reponi
1134 2649 1213 2678 debet
1230 2652 1429 2682 conlendebanl.
1448 2661 1510 2680 cum
1534 2655 1561 2680 in
1580 2655 1711 2683 editioni-

930 2685 982 2712 bus
994 2690 1130 2716 cernatur,
1147 2685 1193 2712 Illi
1207 2695 1264 2713 vero
1281 2688 1489 2715 contemnebant.
1504 2689 1589 2716 Porro
1604 2691 1712 2718 initium

931 2721 1028 2759 capitis
1051 2720 1078 2759 in
1094 2728 1160 2747 mss.
1185 2721 1304 2749 Colbert.
1323 2723 1447 2759 duobus,
1474 2725 1621 2759 respondet
1636 2725 1712 2753 Pela-

931 2755 1278 2801 gianae_!_interpr(;tationi
1295 2758 1433 2801 ῖηἜλεγογ
1462 2755 1529 2801 περι
1557 2760 1603 2801 τοῖς
1642 2761 1714 2801 ἀϐῢᾷ

929 2790 1082 2860 ἦΞΙΟλυμπίου
1109 2792 1148 2822 εἰς
1173 2792 1281 2827 Σκῆτιν,
1308 2794 1349 2819 ὅτι
1380 2790 1434 2820 άπὸ
1460 2790 1561 2822 δούλων
1587 2793 1637 2832 ἦν,
1667 2797 1714 2824 καὶ

949 2834 1036 2860 ρχετο.

949 2834 1036 2860 ρχετο.

964 2861 1020 2896 (51)
1041 2859 1093 2887 Vit.
1111 2860 1187 2890 Patr.
1205 2870 1251 2895 xv,
1267 2862 1310 2889 5i.
