1970 3074
244 151 300 180 505

832 142 1010 172 APPENDIX
1029 143 1076 171 AD
1096 142 1307 171 PALLADIUM.

1823 142 1875 170 50’.

245 207 364 238 dilecte,
390 205 412 233 si
427 204 510 232 fuerit
525 204 611 232 sciSsa
635 209 702 230 laena
721 207 777 235 tua,
799 201 951 238 projicisne
975 209 1036 229 eam

1096 201 1156 228 εἰπέ
1176 210 1221 237 μοι
1233 222 1241 234 ,
1266 201 1410 236 ἀγαπητέ·
1427 200 1475 227 ἐὰν
1501 201 1598 237 σχισθῇ
1617 209 1663 227 σου
1680 201 1710 228 τὸ
1733 200 1876 237 χλανίδιον,

246 252 342 280 foras?
354 250 506 285 Respondit
520 259 527 277 :
543 249 733 284 Nequaquam.
759 249 806 276 sed
822 255 938 280 consuo,
954 251 1037 282 atque

1096 248 1198 280 Βάλλεις
1219 247 1299 274 τοῦτο
1322 247 1393 281 ἓξω;
1414 247 1510 282 Λέγει·
1528 247 1566 274 Οὕ
1579 255 1586 262 ·
1606 247 1673 274 ἀλλὰ
1690 247 1784 282 ράπτω
1801 248 1877 278 αὐτο,

247 299 294 324 illa
314 301 386 324 utor.
401 296 471 323 Tum
497 303 579 323 senex
594 305 600 322 :
617 294 685 322 Cum
701 302 767 330 ergo
784 298 812 321 tu
830 300 928 329 parcas
954 293 1034 326 vesti,

248 344 319 371 Deus
334 348 467 371 creaturm
482 350 538 370 suae
554 350 609 369 non
627 345 720 377 parcet
733 341 744 368 ‘3

438 443 475 470 De
488 443 580 470 abbate
595 441 687 468 Marco
710 441 848 477 zEgyplio.

285 490 342 526 (52)
360 489 546 517 Memoraliant
561 489 601 516 sic
615 488 649 515 de
670 488 768 515 abbate
790 487 881 515 Marco
893 486 1036 523 .Egyptio:

249 536 376 572 Triginta
396 543 483 563 annos
498 535 696 571 perseveravit,
712 542 767 561 non
783 534 928 570 egrediens
942 542 957 562 e
971 535 1038 562 cella

251 593 311 612 sua.
330 583 440 611 Solebat
453 588 542 610 autem
560 581 704 617 presbyter
719 580 824 612 venire.
837 589 869 608 ac
884 581 908 608 ei
925 582 1038 609 missam

250 631 400 658 celebrare.
419 629 454 656 At
468 629 592 656 diabolus
605 635 723 655 cernens
738 628 897 662 praeclaram
923 629 972 655 viri
994 636 1040 663 pa-

251 675 386 706 tientiam,
402 678 494 702 astute
511 673 678 708 excogitavit
701 677 808 701 tentare
825 674 900 700 illutn
929 675 956 701 in
974 683 1040 702 con-

252 719 437 748 demnationis
455 719 533 746 vitio.
547 718 641 754 ltaque
656 718 746 746 effecit
763 723 792 745 ut
809 719 919 754 quidam
945 727 959 746 a
985 720 1041 755 spi-

250 767 305 794 ritu
324 764 465 793 itnmundo
491 765 610 799 agitatus
632 764 666 791 ad
687 772 779 791 sonent
809 769 956 800 pergeret,
990 765 1040 792 sub

251 814 385 847 praetextu
402 810 544 838 orationis.
573 809 660 836 Porro
682 810 727 837 ille
744 818 955 845 energumenus,
979 816 1041 839 ante

251 864 359 884 omnem
377 863 544 887 sermonem,
563 855 700 882 clamabat
714 856 772 883 seni
788 866 793 882 :
812 855 958 892 Presbyter
976 862 1040 885 tuus

251 903 336 930 liabet
355 901 467 929 odorem
494 901 617 936 peccati;
648 909 703 928 non
724 902 841 936 amplius
874 903 948 930 sinas
976 912 1038 930 eum

252 949 383 976 accedere
400 948 432 975 ad
448 952 483 974 te.
498 947 532 974 At
546 947 587 974 vir
611 955 626 973 a
643 946 697 975 Deo
718 947 869 982 inspiratus
884 948 942 976 infit
957 959 963 976 :
976 949 1038 981 Fili,

252 1001 348 1022 omnes
368 992 559 1028 impuritatem
574 995 652 1019 extra
669 991 841 1026 projiciunt;
866 996 895 1019 tu
917 1000 981 1019 vero
1007 992 1040 1019 ad

253 1048 297 1067 me
315 1039 430 1066 attulisti
447 1045 518 1065 eam.
536 1036 638 1064 Verum
657 1036 808 1072 Scriptura:
830 1045 882 1065 vox
899 1042 961 1066 est:
984 1038 1039 1065 Νο-

253 1086 301 1112 lite
309 1085 443 1120 judicare,
453 1088 536 1110 etnon
551 1082 739 1118 judicabimini
753 1083 785 1110 ¹⁶.
802 1083 903 1111 Tamen
915 1085 1041 1119 quamvis

254 1136 382 1168 peccator
393 1131 441 1164 sit,
455 1130 588 1157 Dominus
603 1129 709 1157 salvum
721 1129 802 1156 faciet
814 1137 887 1157 eum.
903 1129 1040 1165 Scriptum

253 1178 383 1206 est-enim
397 1185 404 1204 :
425 1176 507 1204 Orate
523 1183 570 1209 pro
583 1175 705 1207 invicem,
721 1179 749 1201 ut
769 1175 906 1202 sulvemini
920 1176 952 1202 ".
977 1175 1042 1204 Post

254 1232 334 1260 quem
352 1230 506 1251 sermonem
526 1221 598 1249 facta
619 1228 700 1256 prece
714 1221 865 1248 dmmonem
884 1221 988 1257 fugavit
1009 1223 1042 1250 ab

255 1270 376 1302 homine,
405 1268 564 1302 dimisitque
597 1275 659 1295 eum
688 1275 798 1294 sanum.
831 1267 867 1294 Ut
891 1273 982 1295 autent
1010 1269 1044 1296 de

257 1323 332 1343 more
347 1315 421 1342 venit
446 1313 600 1350 presbyter,
631 1321 713 1340 senex
738 1314 860 1348 suscepit
887 1314 962 1340 illum
980 1322 1042 1341 cum

256 1362 361 1390 laetitia.
386 1361 481 1388 Bonus
498 1367 564 1387 vero
578 1359 662 1392 Deus,
686 1367 804 1387 cernens
823 1360 897 1386 senis
914 1360 1044 1387 innocen-

255 1410 333 1441 tiam,
351 1406 472 1435 ostendit
488 1406 528 1433 illi
542 1406 661 1441 signum.
678 1405 747 1433 Nam
762 1414 824 1433 cum
841 1406 961 1434 clericus
973 1407 1044 1441 jam-

254 1456 311 1490 jam
324 1458 448 1483 staturus
459 1457 532 1482 esset
544 1457 607 1480 ante
618 1460 725 1480 sacram
738 1460 874 1486 mensam,
887 1452 960 1484 Vidi,
977 1453 1045 1480 dixit

257 1508 314 1528 rem
332 1507 467 1527 enarrans
483 1506 577 1531 senex,
601 1498 727 1533 angelum
746 1497 853 1526 Domini
878 1498 1045 1526 descenden~

1058 878 1078 905 Β

1088 295 1136 321 καὶ
1146 294 1256 330 χρῶμαι
1270 292 1354 329 αὐτῷ.
1368 293 1450 327 Λέγει
1463 293 1532 329 πρὸς
1543 293 1625 320 αὑτὸν
1643 294 1658 319 6
1673 293 1772 330 γέρων·
1791 293 1820 320 Εἰ
1832 291 1879 321 οὖν

1089 342 1122 368 σὺ
1136 340 1183 366 τοῦ
1211 340 1319 376 ἱματίου
1336 340 1432 376 φείδῃ,
1453 341 1468 366 6
1483 340 1549 372 Θεὸς
1571 340 1619 366 τοῦ
1641 340 1707 367 ἰδίου
1723 339 1880 376 πλάσματος

1088 385 1118 412 οὺ
1138 385 1260 420 φείσεται
1272 393 1280 417 ;

1178 442 1247 476 Περὶ
1263 442 1316 469 τοῦ
1327 441 1402 469 ἀόΰᾶ
1414 441 1536 476 Μάρκου
1552 442 1604 470 τοῦ
1617 442 1790 477 Αἰγυπτίου.

1125 487 1240 522 Ἔλεγον
1257 487 1321 523 περὶ
1345 486 1392 513 τοῦ
1416 487 1489 513 ἀῦῦᾶ
1512 487 1626 522 Μάρκου
1651 486 1698 513 τοῦ
1718 486 1878 521 Αἰγυπτίου,

1088 533 1128 560 ὅτι
1145 533 1235 568 ἔμεινε
1258 533 1406 569 τριάκοντα
1422 533 1469 568 ἐτη
1482 553 1489 566 ,
1508 533 1545 568 μὴ
1573 533 1750 568 ἐξερχόμενος
1778 533 1810 559 ὲκ
1832 531 1880 559 τοῦ

1089 579 1195 606 κελλίου
1211 578 1304 606 αὐτοῦ.
1321 575 1385 614 Εἶχε
1398 578 1426 604 δὲ
1438 578 1498 610 ἔθος
1514 580 1529 605 6
1543 578 1727 614 πρεσϐύτερος
1740 578 1878 614 ἔρχεσθαι,

1089 625 1137 652 καὶ
1148 627 1234 651 ποιεῖν
1251 625 1325 660 αὐτῷ
1339 624 1388 660 τὴν
1403 624 1484 659 ἁγίαν
1504 625 1672 661 προσφοράν.
1704 625 1734 651 Ὁ
1745 625 1773 651 δὲ
1788 624 1881 651 διάϐο-

1089 671 1151 704 λος,
1169 671 1309 707 θεωρήσας
1325 672 1374 707 τὴν
1397 671 1444 698 τοῦ
1471 671 1567 707 ἀνδρὸς
1584 672 1710 707 ἐνάρετον
1729 670 1880 706 ὑπομονὴν,

1090 718 1327 754 ἐπανουργεύσατο
1350 719 1379 744 ὲν
1395 718 1556 753 κατακρίσει
1571 718 1700 753 πειράσαι
1715 717 1796 743 αὐτόν
1806 724 1813 731 '
1835 716 1882 743 καὶ

1091 764 1282 800 παρεσκεύασε
1305 773 1366 790 τινα
1383 763 1609 799 πνευματιῶντα,
1625 764 1693 799 πρὸς
1707 763 1751 790 τὸν
1766 763 1882 799 γέροντα

1092 811 1227 846 προφάσει
1255 810 1338 845 εὐχῆς
1366 810 1504 837 ἀπελθεῖν.
1534 809 1562 836 '0
1585 809 1612 836 δὲ
1636 809 1811 845 πνευματιῶν
1829 808 1883 844 πρὺ

1093 856 1194 888 παντὸς
1206 856 1285 890 λόγου
1304 856 1475 891 προσεφώνει
1493 855 1531 891 τῷ
1550 857 1672 891 γέροντι·
1689 856 1718 882 '0
1731 855 1884 890 πρεσὸύτε-

1093 902 1138 937 ρος
1156 910 1202 928 σου
1218 902 1274 937 ἔχει
1298 901 1385 938 ὀσμὴν
1406 901 1557 938 ἁμαρτίας,
1574 902 1672 938 μηκέτι
1697 902 1777 929 αὐτὸν
1798 902 1886 939 ἐάσῃς

1092 949 1222 977 εἰσελθεῖν
1237 949 1306 986 πρὸς
1319 950 1360 977 σέ,
1382 950 1411 976 'O
1427 950 1456 976 δὲ
1467 949 1644 981 θεόπνευστος
1656 949 1725 985 ἀνὴρ
1739 947 1798 976 εἶπε
1814 949 1885 985 πρὸς

1091 996 1192 1023 αὐτόν·
1217 996 1318 1022 Τέκνον
1331 1016 1338 1028 ,
1366 996 1465 1028 πάντες
1484 996 1533 1031 τὴν
1553 995 1723 1031 ἀκαθαρσίαν
1742 995 1794 1028 ἔξω
1817 995 1885 1031 βάλ-

1092 1041 1168 1067 λουσι
1181 1048 1188 1055 ·
1208 1041 1239 1068 σὺ
1252 1041 1280 1067 δὲ
1294 1041 1362 1077 πρὸς
1384 1040 1417 1076 μὲ
1432 1041 1551 1076 ἤνεγκας
1571 1041 1664 1076 αὑτήν.
1690 1040 1768 1067 Ἀλλά
1783 1041 1887 1077 γέγρα-

1093 1095 1173 1113 πται·
1190 1086 1238 1120 Μὴ
1254 1087 1387 1121 κρίνετε,
1404 1087 1508 1122 ἵναμὴ
1529 1086 1657 1121 κριθῆτε.
1676 1087 1770 1122 Ὅμως
1791 1087 1815 1113 εί
1837 1086 1886 1113 καὶ

1093 1131 1253 1167 ἁμαρτωλός
1265 1132 1338 1158 ἐστιν
1349 1152 1356 1164 ,
1368 1131 1383 1157 6
1397 1131 1498 1167 Κύριος
1514 1132 1596 1158 σώσει
1617 1132 1708 1159 αὐτόν.
1726 1131 1887 1168 Γέγραπται

1093 1178 1148 1214 γάρ
1160 1187 1166 1192 '
1182 1178 1318 1213 Εὕχεσθε
1335 1177 1408 1212 ὑπὲρ
1423 1177 1578 1212 ἀλλήλων,
1597 1178 1677 1210 ὅπως
1694 1177 1804 1212 ἰαθῆτε.
1829 1178 1888 1204 Καὶ

1094 1224 1141 1250 ἐπὶ
1157 1223 1194 1259 τῷ
1208 1224 1280 1259 λόγῳ
1299 1224 1386 1260 τούτῳ
1405 1225 1520 1260 ποιήσας
1538 1223 1618 1259 εὐχὴν
1631 1244 1638 1256 ,
1657 1224 1822 1259 ἐφυγάδευσε
1838 1224 1888 1250 τὸν

1094 1269 1206 1305 δαίμονα
1220 1269 1273 1296 ἀπὸ
1283 1269 1329 1296 τοῦ
1344 1269 1392 1296 ἀνθ
1398 1268 1498 1304 ρώπου,
1513 1269 1559 1295 καὶ
1572 1269 1704 1295 ἀπέλυσεν
1718 1269 1797 1296 αὑτὸν
1808 1269 1887 1304 ὑγιῆ.

1101 1317 1143 1347 Ὠς
1163 1316 1190 1342 δὲ
1205 1313 1287 1351 ἦλθεν
1301 1316 1315 1341 6
1337 1315 1522 1351 πρεσϐύτερος
1537 1314 1609 1342 κατὰ
1635 1315 1666 1341 τὸ
1693 1315 1806 1347 είωθος,
1833 1316 1888 1342 ὑπ-

1097 1362 1206 1394 εδέξατο
1222 1361 1303 1388 αὑτὸν
1332 1362 1347 1388 6
1372 1362 1460 1397 γέρων
1486 1361 1554 1396 μετὰ
1569 1362 1666 1397 χαρᾶς.
1688 1362 1716 1388 '0
1733 1361 1761 1388 δὲ
1785 1361 1890 1395 ἀγαθὸς

1095 1408 1160 1439 Θεὸς
1171 1428 1178 1440 ,
1198 1406 1259 1434 ἰδὼν
1280 1407 1330 1442 τὴν
1344 1407 1463 1433 ἀκακίαν
1475 1407 1522 1433 τοῦ
1536 1407 1677 1442 γέροντος,
1691 1407 1790 1438 ἔδειξεν
1812 1406 1889 1442 αὺτῷ

1097 1455 1218 1489 σημεῖον.
1235 1453 1385 1485 Μέλλοντος
1399 1453 1453 1488 γὰρ
1467 1452 1514 1480 τοῦ
1529 1452 1660 1489 κληρικοῦ
1677 1453 1772 1488 στῆναι
1783 1453 1890 1488 ἔμπρο-

1097 1498 1158 1525 σθεν
1183 1498 1233 1534 τῆς
1261 1498 1343 1532 ἁγίας
1367 1497 1524 1533 τραπέζης,
1541 1497 1632 1529 καθὼς
1648 1499 1662 1524 6
1686 1499 1775 1534 γέρων
1792 1498 1891 1534 διηγή-

259 1551 313 1574 tem
328 1545 362 1573 de
377 1545 458 1578 caelo,
471 1545 519 1580 qui
537 1552 648 1571 manum
666 1551 744 1572 suam
759 1544 850 1578 posuit
865 1551 948 1579 super
963 1549 1044 1579 caput

1099 1553 1173 1577 σατο,
1191 1545 1232 1572 ὃτι
1246 1543 1324 1572 Εἶδον
1339 1545 1453 1579 ἄγγελον
1467 1545 1569 1580 Κυρίου
1585 1546 1617 1572 ἐκ
1627 1544 1673 1571 τοῦ
1689 1544 1802 1580 οὐρανοῦ
1818 1554 1891 1572 κατ-

260 1592 376 1624 clerici,
396 1591 539 1626 factusque
558 1595 599 1618 est
616 1590 733 1618 clericus
763 1594 891 1625 tanquam
918 1590 1045 1617 columna

259 1638 341 1674 ignis.
360 1637 402 1666 Me
425 1641 518 1664 autem
544 1636 739 1671 obstupefacta
765 1636 792 1663 in
815 1636 932 1668 visione,
955 1637 1045 1664 audivi

257 1691 352 1712 vocem
370 1683 405 1711 ad
423 1690 466 1711 me
491 1682 620 1710 emissam
635 1691 642 1708 :
668 1681 767 1714 Homo,
784 1689 834 1709 cur
849 1682 1000 1710 demiratus
1017 1691 1046 1710 es

259 1738 342 1766 super
358 1730 410 1757 hac
426 1729 480 1777 ι’εοῖ
496 1728 524 1755 Si
538 1729 611 1756 enim
627 1735 672 1756 rex
688 1734 815 1756 terrenus
827 1737 881 1756 non
898 1730 1047 1764 permissu-

266 1785 312 1804 rus
328 1780 414 1804 estut
437 1775 566 1810 proceres
589 1775 631 1802 sui
655 1779 719 1802 ante
737 1783 798 1802 eum
835 1780 908 1803 stent
931 1776 1045 1808 sordidi,

261 1830 311 1851 nec
329 1823 383 1850 nisi
403 1830 466 1849 cum
487 1821 573 1848 multa
593 1821 679 1856 gloria
695 1830 702 1848 :
732 1826 834 1856 quanto
853 1823 939 1857 magis
956 1823 1047 1850 divina

261 1869 348 1896 virtus
363 1877 369 1900 ;
387 1875 478 1894 nonne
504 1875 589 1902 puros
606 1867 703 1894 efliciet
721 1868 863 1895 ministros
890 1874 1046 1896 sanctorum

261 1916 465 1950 mysteriorum,
491 1914 538 1948 qui
562 1918 637 1940 stant
662 1918 726 1940 ante
753 1913 865 1948 gloriam
884 1915 1048 1942 cmlestem?

260 1960 345 1996 Igitur
362 1966 512 1994 generosus
540 1963 567 1985 et
591 1957 693 1984 athleta
714 1957 818 1984 Christi
841 1957 949 1987 Marcus
963 1960 1047 1995 Egy-

261 2006 344 2040 ptius,
365 2011 480 2038 magnus
506 2002 633 2035 eﬂ‘ectus,
664 2002 717 2029 lioc
748 2002 867 2030 donatus
892 2007 935 2031 est
957 2004 1048 2030 chari-

260 2057 358 2082 smate,
369 2050 433 2084 quia
453 2056 508 2075 non
520 2048 691 2083 judicaverat
707 2048 846 2075 clericum.

455 2194 493 2221 De
514 2194 608 2220 abbate
623 2192 744 2220 Macario
761 2193 861 2220 ιιι-ὁὶεο-

1098 1591 1260 1627 ερχόμενον,
1277 1591 1325 1618 καὶ
1339 1590 1421 1625 ἔθηκε
1448 1590 1497 1626 τὴν
1511 1592 1590 1626 χεῖρα
1613 1590 1696 1617 αὑτοῦ
1713 1590 1817 1625 εἰς.τὴν
1843 1599 1892 1617 χε-

1098 1636 1185 1671 φαλὴν
1205 1634 1251 1661 τοῦ
1279 1635 1428 1670 κληρικοῦ,
1446 1635 1492 1662 καὶ
1519 1636 1627 1670 ἐγένετο
1654 1636 1668 1662 6
1692 1635 1821 1671 x).qptx6g
1850 1635 1892 1667 ὡς

1099 1680 1193 1711 στύλος
1208 1681 1302 1716 πυρός.
1325 1680 1409 1715 Ἐμοῦ
1422 1681 1449 1707 δὲ
1465 1680 1654 1716 θαυμάσαντος
1669 1682 1715 1707 ἐπὶ
1733 1683 1766 1716 τῇ
1781 1681 1890 1716 ὁράσει,

1098 1726 1202 1761 ἥκουσα
1231 1725 1324 1760 φωνῆς
1357 1725 1489 1762 λεγούσης
1519 1726 1587 1762 πρὸς
1605 1727 1653 1761 μέ’
1676 1725 1836 1762 Ἄνθρωπε,
1863 1726 1893 1752 τί

1098 1771 1275 1807 τεθαύμακας
1288 1772 1335 1798 ἐπὶ
1351 1771 1389 1807 τῷ
1406 1772 1549 1808 πράγματι
1564 1772 1667 1808 τούτῳ;
1688 1773 1720 1799 Εἰ
1740 1772 1794 1809 γὰρ
1809 1772 1894 1808 βασι-

1099 1817 1160 1849 λεὺς
1182 1818 1301 1852 ἐπίγειος
1326 1819 1356 1844 οὺ
1373 1818 1410 1853 μὴ
1434 1819 1502 1854 ἐάσῃ
1526 1818 1588 1850 τοὺς
1618 1820 1782 1853 μεγιστᾶνας
1803 1819 1892 1845 αὑτοῦ

1100 1864 1238 1900 ῥυπαροὺς
1254 1865 1348 1900 στῆναι
1364 1863 1518 1900 ἔμπροσθεν
1533 1865 1627 1896 αὑτοῦ,
1641 1865 1688 1891 ἐὰν
1703 1866 1740 1902 μὴ
1759 1865 1827 1901 μετὰ
1845 1865 1892 1892 δό-

1100 1911 1148 1946 ξης
1160 1911 1258 1946 πολλῆς
1269 1918 1276 1924 ·
1291 1910 1367 1945 πόσῳ
1383 1910 1482 1945 μᾶλλον
1500 1911 1586 1946 ἡθεία
1603 1911 1718 1946 δύναμις
1730 1919 1737 1925 ·
1756 1912 1786 1937 οὐ
1800 1911 1821 1926 ’⁸
1840 1920 1894 1938 κα·-

1099 1957 1205 1992 θαρίσει
1233 1958 1297 1989 τοὺς
1322 1957 1494 1992 λειτουργοὺς
1521 1957 1576 1983 τῶν
1603 1957 1687 1991 ἁγίων
1717 1959 1893 1993 μυστηρίων,

1100 2005 1250 2039 στήκοντας
1260 2003 1414 2039 ἔμπροσθεν
1425 2004 1474 2039 τῆς
1488 2004 1612 2040 οὐρανίου
1629 2004 1707 2040 δόξης
1719 2014 1725 2037 ;
1742 2005 1771 2030 Ὀ
1783 2005 1812 2031 δὲ
1827 2013 1896 2038 γεν-

1100 2051 1174 2081 ναῖος
1192 2050 1239 2076 καὶ
1252 2049 1369 2084 ἀθλητὴς
1385 2049 1431 2076 τοῦ
1448 2049 1567 2085 Χριστοῦ
1578 2050 1691 2085 Μάρκος
1705 2049 1894 2083 ὁΑἰγύπτιος,

1101 2096 1186 2130 μέγας
1197 2096 1341 2130 γενόμενος
1352 2115 1359 2127 ,
1371 2096 1525 2131 κατηξιώθη
1539 2095 1584 2122 τοῦ
1599 2096 1766 2132 χαρίσματος
1778 2095 1894 2129 τούτου,

1099 2142 1139 2168 ὅτι
1153 2142 1182 2167 οὺ
1203 2141 1346 2177 κατέκρινε
1360 2141 1405 2168 τὸν
1422 2141 1560 2178 κληρικόν.

1170 2198 1239 2232 Περὶ
1253 2197 1307 2224 τοῦ
1320 2198 1395 2226 ἀϐϐᾶ
1410 2199 1561 2233 Μαχαρίου
1582 2199 1635 2226 τοῦ
1650 2199 1816 2226 πολιτικοῦ.

299 2241 324 2267 Ι.
345 2240 420 2267 Abiit
443 2239 593 2274 aliquando
610 2239 697 2266 abbas
723 2238 866 2271 Macarius,
890 2240 935 2267 ille
960 2240 1044 2273 urbis,

1133 2243 1167 2269 α’.
1191 2243 1309 2279 Ἀπῆλθέ
1331 2253 1397 2271 ποτε
1418 2246 1431 2271 6
1455 2245 1542 2276 ἁῦὃᾶς
1558 2245 1700 2280 Μακάριος
1719 2247 1733 2271 6
1748 2245 1896 2278 πολιτικὸς

262 2287 295 2314 ad
310 2285 446 2314 secandos
468 2285 622 2320 palmarum
641 2292 750 2317 ramos,
775 2290 908 2320 erantque
929 2294 991 2314 cum
1014 2295 1046 2314 eo

262 2333 363 2360 fratres
381 2353 388 2365 ,
403 2333 448 2367 qui
464 2332 553 2367 primo
565 2331 609 2359 die
625 2331 720 2359 dicunt
733 2331 759 2358 ei
772 2341 778 2358 :
795 2331 872 2363 Veni,
884 2332 981 2366 Pater,
999 2341 1048 2360 no-

264 2380 370 2406 biscum
395 2378 519 2405 comede.
548 2377 693 2405 Profectus
723 2378 769 2405 ille
789 2379 917 2405 comedit.
947 2379 1046 2407 lterum

263 2424 384 2452 secundo
397 2424 442 2451 die
458 2423 529 2450 idem
546 2427 652 2458 rogant.
667 2424 700 2449 At
714 2424 813 2456 noluit,
829 2425 875 2452 sed
889 2426 1045 2460 respondit:

267 2469 352 2498 Vobis
379 2470 439 2501 ﬁlii,
457 2477 571 2497 necesse
590 2473 633 2496 est
647 2474 676 2496 ut
694 2471 786 2497 cibum
808 2472 941 2505 summis;
957 2473 1047 2501 adhuc

261 2516 334 2543 enim
350 2522 416 2542 caro
435 2515 503 2542 estis
518 2524 524 2547 ;
545 2522 595 2550 ego
615 2523 679 2542 vero
694 2523 767 2542 nunc
783 2517 846 2543 nolo
869 2518 1044 2546 manducare.

296 2605 323 2631 2.
340 2604 416 2631 Adiit
442 2605 527 2632 abbas
557 2604 691 2633 Macarius
718 2605 841 2633 abbatem
870 2607 1045 2636 Pachomium

259 2650 507 2678 Tabenesiotarum
530 2651 712 2684 prwpositum.
739 2651 789 2683 Qui
807 2652 847 2678 sic
872 2658 1046 2686 percontatus

259 2699 302 2722 cst
319 2702 381 2722 eum
395 2703 401 2720 :
418 2693 534 2727 Quando
550 2693 648 2721 fratres
673 2694 827 2730 disciplinae
845 2695 968 2723 ordinem
990 2705 1044 2724 non

259 2743 380 2771 servant.
407 2739 545 2766 bonumne
569 2743 610 2767 est
636 2739 775 2774 corripere
803 2740 872 2768 eos?
894 2740 1044 2776 Respondit

295 2809 317 2823 ³⁸
332 2807 428 2835 Matth.
446 2814 493 2840 vn,
516 2808 542 2834 1.
583 2808 603 2823 ¹⁷
619 2808 676 2835 Jac.
693 2816 719 2841 v,
735 2808 777 2836 16.
817 2809 838 2825 ⁸⁸
856 2809 940 2838 Abest
954 2812 984 2838 οὑ
996 2819 1010 2838 a
1021 2812 1092 2841 Bals.

293 2865 348 2902 (52)
363 2865 507 2893 Balsamon
518 2871 547 2899 p.
565 2864 646 2892 “09.

1098 2290 1179 2325 κόψαι
1197 2290 1303 2323 θαλλία,
1322 2292 1368 2318 καὶ
1381 2292 1406 2317 οἱ
1419 2292 1528 2326 ἀδελφοὶ
1542 2291 1599 2326 μετ’
1616 2291 1707 2319 αὑτοῦ,
1724 2292 1779 2318 Καὶ
1790 2292 1896 2327 λέγου-

1099 2345 1140 2363 σιν
1154 2336 1228 2372 αὐτῷ
1244 2337 1294 2372 τὴν
1312 2337 1423 2373 πρώτην
1446 2338 1552 2373 ἡμέραν
1564 2346 1570 2352 ⁸
1594 2337 1696 2373 Δεῦρο,
1726 2339 1796 2373 φάγε
1829 2339 1897 2374 μεθ’

1099 2382 1177 2417 ἡμῶν
1189 2402 1196 2414 ,
1211 2383 1312 2418 Πάτερ,
1334 2383 1362 2410 '0
1376 2383 1404 2410 δὲ
1421 2383 1524 2419 ἀπῆλθε
1549 2384 1596 2411 καὶ
1623 2384 1718 2419 ἔφαγε.
1733 2385 1788 2410 Καὶ
1805 2385 1897 2412 πάλιν

1098 2429 1130 2463 τῇ
1146 2427 1213 2463 ἄλλῃ
1240 2428 1364 2462 λέγουσιν
1388 2429 1462 2464 αὑτῷ
1479 2431 1583 2464 φαγεῖν.
1602 2430 1629 2456 '0
1652 2430 1679 2456 δὲ
1705 2430 1755 2456 οὐκ
1777 2430 1896 2466 ἢθελεν,

1098 2472 1154 2498 ἁλλ’
1170 2473 1261 2506 ἔλεγεν
1286 2474 1395 2505 αὐτοῖς·
1428 2475 1522 2509 Ὑμεῖς
1550 2475 1643 2510 χρείαν
1671 2475 1747 2510 ἔχετε
1775 2478 1897 2511 φαγεῖν,

1098 2519 1179 2544 τέκνα
1193 2528 1200 2534 ·
1216 2519 1307 2555 ἀκμὴν
1324 2519 1378 2556 γὰρ
1396 2520 1462 2556 σάρξ
1483 2521 1559 2546 ἑστε-
1576 2520 1631 2554 ὲγὼ
1655 2521 1682 2547 δὲ
1704 2521 1751 2547 νῦν
1769 2521 1800 2547 οὑ
1818 2523 1899 2551 θέλω

1099 2565 1207 2597 φαγεῖν.

1133 2608 1165 2642 β’.
1184 2609 1340 2645 Παρέϐαλεν
1362 2611 1376 2636 6
1393 2610 1479 2642 ἀὸὅᾶς
1494 2611 1637 2644 Μακάριος
1654 2612 1721 2647 πρὸς
1736 2612 1781 2639 τὸν
1799 2613 1900 2642 ἀεΰᾶν

1097 2653 1241 2689 Παχώμιον
1252 2655 1306 2681 τῶν
1315 2656 1535 2691 Ταϐενησιωτῶν.
1551 2657 1579 2683 '0
1593 2657 1620 2683 δὲ
1633 2657 1778 2692 Παχώμιος
1792 2659 1901 2694 ἡρώεα

1096 2699 1195 2733 αὑτὸν,
1220 2700 1321 2734 λέγων·
1340 2702 1404 2728 Ὅτε
1427 2703 1496 2728 εἰσιν
1520 2702 1628 2738 ἀδελφοὶ
1643 2704 1776 2735 ἄτακτοι,
1806 2705 1901 2733 καλόν

1095 2746 1153 2772 ἐστι
1171 2746 1314 2774 παιδεῦσαι
1333 2748 1432 2781 αὐτούς
1445 2758 1452 2782 ;
1469 2749 1550 2783 Λέγει
1565 2749 1639 2785 αὐτῷ
1654 2751 1668 2776 6
1683 2749 1770 2780 ἀϐὅᾶς
1787 2750 1900 2778 Μακάν
