1970 3074
72 188 126 217 505
659 184 963 213 APOPIITIIEGMATA
983 184 1138 213 PATRUM.
1651 182 1704 210 506

74 255 128 282 pro;
139 254 145 259 ·
163 244 310 271 Παίδευσον
322 264 329 275 ,
355 245 402 271 καὶ
424 245 513 280 κρῖνον
529 244 640 275 δικαίως
660 245 722 276 τοὺς
741 244 794 271 ὑπὸ
811 244 856 270 σέ·

934 244 996 271 bbas
1010 243 1165 271 Macarius:
1186 241 1308 276 Castiga,
1335 245 1360 269 et
1376 241 1450 277 juste
1470 248 1518 269 eos
1539 240 1633 276 judica
1656 242 1704 276 qui

72 291 124 322 ἔξω
153 289 182 315 δὲ
213 288 251 324 μὴ
275 289 370 324 κρίνῃς
398 289 483 320 τινάς.
508 288 664 325 Γέγραπται
693 289 763 324 γάρ·
788 289 862 323 Οὐχὶ

934 290 1104 324 ubjiciuntur
1120 289 1168 317 tibi
1183 299 1188 316 :
1203 293 1280 316 extra
1294 296 1360 315 vero
1373 287 1509 315 neminem
1520 287 1703 321 judicaveris:

72 335 143 368 τοὺς
161 335 223 362 ἔσω
248 335 333 369 ὑμεῖς
355 335 492 369 κρίνετε;
514 335 586 368 τοὺς
606 334 641 361 δὲ
666 334 724 367 ἔξω
748 336 765 361 ό
792 335 864 367 Θεὸς

934 339 1050 371 criptum
1071 336 1142 363 enim
1159 339 1220 363 est:
1239 334 1334 362 Nonne
1347 334 1378 362 de
1388 335 1422 361 iis
1439 335 1483 369 qui
1499 335 1570 360 intus
1584 338 1704 361 suntvos

71 382 176 415 κρίνει.

106 429 141 460 γ’.
164 426 291 461 Ἐποίησὲ
309 435 373 452 ποτε
390 427 403 452 6
418 426 505 458 ἀῦϐἄς
520 427 663 462 Μακάριος
681 427 862 462 τετράμηνον,

71 472 255 507 παραϐάλλων
269 473 323 498 τινὶ
341 472 447 508 ἀδελφῷ
461 472 641 509 ἡμερούσιον-
657 473 705 499 καὶ
721 473 770 507 οὐχ
785 468 864 505 εὗρεν

71 518 153 544 αὑτὸν
168 517 349 553 εὐκαιροῦντα
367 519 388 534 ¹⁸
404 519 458 545 ἀπὸ
468 519 516 554 τῆς
528 519 682 553 προσευχῆς
697 518 758 544 οὐδὲ
771 519 844 551 ἀπαξ
855 526 861 532 ·

73 563 119 589 καὶ
131 563 274 596 Θαυμάσας
287 563 380 597 ἔλεγεν
392 572 399 578 '
421 563 487 590 Ἰδοὺ
507 563 628 596 ἐπίγειος
643 563 767 597 ἄγγελος.

299 665 383 701 Ἀρχὴ
396 665 443 691 τοῦ
460 666 483 691 Ν
499 665 643 700 στοιχείου.

286 711 357 744 Περὶ
374 710 427 737 τοῦ
439 710 515 738 ἀϐϐᾱ
529 712 650 738 Νείλου.

111 759 145 781 α’.
162 753 245 782 Εἶπεν
270 757 284 782 6
310 756 398 787 ἀεῧᾶς
423 757 538 787 Νεῖλος·
564 757 634 782 Ὅσα
661 755 694 782 ἂν
720 757 799 790 ποιῇς
825 756 864 787 εἰς

75 801 180 836 ἄμυναν
190 801 305 835 ἀδελφοῦ
315 801 474 836 ἠδικηκότος
487 810 526 831 σε,
540 802 647 828 ἅπαντα
657 803 697 833 εἰς
709 801 821 837 καρδίαν
840 801 863 816 ¹⁰

76 855 116 873 σοι
133 848 275 882 γενήσεται
293 847 321 873 ἐν
336 846 424 881 καιρῴ
437 847 601 882 προσευχῆς.

112 893 143 928 β’.
155 891 222 920 Εἷπε
235 893 315 920 πάλιν
324 902 331 908 '
345 893 486 928 Προσευχή
500 895 558 920 ἐστι
579 893 728 929 πραότητος
740 893 786 919 καὶ
800 893 865 929 ἀορ-

74 941 174 975 γησίας
193 940 295 975 βλάστη
300 949 347 975 μα.

111 986 145 1020 γ’.
161 984 229 1013 Εἷπε
241 986 331 1013 πάλιν·
349 986 488 1021 Προσευχή
502 986 559 1012 ἐστι
581 985 670 1020 λύπης
684 985 731 1012 καὶ
748 985 865 1020 ἀθυμίας

74 1032 211 1068 ἀλέξημα.

109 1079 140 1105 δ’.
154 1076 223 1105 Εἶπε
241 1079 321 1105 πάλιν
335 1087 342 1094 ⁸
363 1077 501 1105 Ἀπελοὼν
520 1077 646 1113 πώλησόν
663 1086 710 1103 σου
725 1077 760 1104 τὰ
775 1077 865 1113 ὑπάρ-

74 1134 175 1160 χοντα,
202 1125 249 1151 καὶ
271 1125 314 1155 δὸς
339 1126 473 1160 πτωχοῐςο
489 1125 537 1150 καὶ
559 1123 648 1150 λαϐὼν
670 1123 716 1150 τὸν
738 1123 864 1159 σταυρὸν,

73 1170 230 1205 ἀπάρνησαι
242 1170 364 1197 σεαυτόν·
377 1169 420 1196 ἵνα
434 1168 549 1204 δυνηθῇς
556 1168 768 1203 ἀπερισπάστως
783 1176 866 1204 προσ-

75 1215 216 1250 εύχεσθαι,

110 1265 141 1289 ε’.
157 1260 225 1288 Eius
241 1261 322 1288 πάλιν
332 1269 338 1276 ·
356 1261 445 1296 ’Ὸπερ
457 1259 489 1287 ἂν
509 1259 651 1294 ὑπομένων
671 1258 865 1294 φιλοσοφήσῃς,

73 1305 170 1332 τούτου
190 1305 236 1332 τὸν
252 1305 357 1341 καρπὸν
372 1305 443 1332 κατά
466 1304 512 1331 τὸν
534 1304 629 1340 καιρὸν
648 1304 698 1339 τῆς
713 1303 796 1339 εὐχῆς
819 1303 866 1330 εὑ-

76 1353 180 1388 ρήσεις.

110 1402 148 1430 ς’.
165 1396 232 1424 Εἶπε
252 1397 348 1424 πάλιν·
367 1396 524 1432 Ἐπιθυμῶν
547 1396 748 1432 προσεύξασθαι
763 1395 801 1426 ὡς
815 1395 866 1427 δεῖ,

75 1445 114 1481 μὴ
129 1445 256 1480 λυπήσῃς
269 1443 358 1479 ψυχήν
368 1451 375 1458 ο
394 1443 418 1469 εἰ
432 1442 460 1469 δὲ
477 1442 559 1477 μήγε,
576 1442 616 1473 εἰς
630 1441 718 1477 μάτην
731 1440 848 1476 τρέχεις.

110 1532 143 1564 ζ’.
159 1530 228 1558 Εἷπε
252 1531 333 1558 πάλιν
346 1540 353 1546 ·
369 1530 415 1566 Μὴ
435 1529 495 1556 θέλε
521 1530 558 1562 ὡς
582 1530 624 1556 σοὶ
646 1530 735 1562 δοκεῖ,
752 1529 809 1556 ἀλλ’
830 1529 868 1560 ὡς

914 383 1067 417 judicatis?
1082 381 1154 408 Nam
1169 389 1214 408 eos
1226 381 1271 416 qui
1283 380 1349 415 foris
1360 385 1432 411 sunt,
1446 379 1515 406 Deus
1524 379 1631 414 judicat
1641 379 1676 405 ¹¹.

953 429 980 456 5.
998 427 1123 461 Quodam
1139 431 1261 462 tempore
1278 427 1363 454 abbas
1375 426 1509 453 Macarius
1523 433 1572 460 per
1588 430 1707 460 quatuor

918 475 1041 510 integros
1056 481 1166 502 menses
1182 473 1306 509 quotidie
1327 473 1443 500 visitans
1466 471 1629 499 nonnullum
1647 470 1706 497 fra-

918 525 1000 554 trem,
1014 527 1173 555 nunquam,
1204 527 1238 547 ne
1266 519 1349 547 semel
1369 518 1491 553 quidem,
1520 518 1624 545 invertit
1643 525 1706 544 eum

917 569 1060 592 vacantem
1076 565 1110 591 ab
1127 564 1264 592 oratione.
1281 564 1315 590 Et
1336 563 1489 591 admiratus
1514 563 1582 590 dixit
1597 572 1605 589 :
1635 562 1707 589 Ecce

917 610 1060 638 terrestris
1079 611 1204 644 angelus.

1146 666 1313 701 Principium
1328 666 1425 694 litteras
1438 665 1470 694 N.

1195 712 1230 739 De
1246 712 1341 738 abbate
1355 711 1432 739 Nilo.

954 759 979 785 I.
995 759 1051 794 (53)
1066 759 1139 785 Dixit
1157 758 1240 786 abbas
1252 757 1350 785 Nilus:
1366 757 1542 792 Quzecunque
1561 756 1658 783 feceris
1677 755 1705 783 in

918 804 1067 831 vindictam
1088 803 1181 830 fratris
1204 803 1251 838 qui
1273 808 1300 830 tc
1321 803 1434 836 lmserit,
1460 807 1558 830 cuncta
1576 802 1603 828 in
1624 801 1706 828 corde

920 855 966 876 tuo
979 850 1102 876 orientur
1117 852 1240 884 tempore
1255 849 1400 876 orationis.

954 894 981 921 2.
1000 894 1056 929 (54)
1072 893 1144 921 Dixit
1164 895 1281 922 iterum:
1301 893 1413 926 Oratio,
1445 894 1664 922 mansuetudinis
1680 897 1707 921 ct

917 942 952 968 ab
966 941 1004 967 ira
1023 941 1168 969 vacuitatis
1184 945 1227 968 est
1242 949 1364 976 germen.

953 986 979 1013 5.
995 986 1051 1020 (55)
1074 986 1181 1013 Rursus
1195 995 1202 1013 :
1217 986 1344 1014 Precatio
1358 990 1410 1018 est,
1435 986 1555 1014 tristitim
1571 991 1599 1014 et
1613 986 1707 1014 anxie-

918 1033 982 1060 tatis
1000 1033 1162 1060 remedium.

952 1078 978 1105 4.
989 1077 1044 1113 (56)
1058 1077 1130 1104 Dixit
1143 1077 1251 1104 adhuc:
1277 1077 1380 1105 Abiens
1408 1077 1493 1104 vende
1517 1085 1578 1112 qua:
1603 1077 1705 1109 habes,

916 1128 944 1152 et
955 1124 989 1151 da
1006 1123 1192 1158 pauperibus;
1212 1127 1408 1158 assumptaque
1428 1131 1522 1155 cruce,
1539 1123 1644 1158 abnega
1669 1127 1708 1150 te~

917 1170 1083 1205 metipsum;
1107 1177 1161 1204 quo
1189 1170 1279 1204 possis
1307 1169 1493 1204 absqueulla
1520 1169 1706 1197 distractione

917 1223 1008 1243 orare.

953 1260 979 1288 5.
994 1260 1051 1295 (57)
1067 1259 1124 1287 IIoc
1151 1267 1260 1294 quoque
1290 1259 1499 1294 pronuntiavit:
1530 1259 1560 1287 In
1584 1268 1708 1295 quocun-

917 1315 971 1342 quc
995 1306 1137 1334 tolerando
1164 1310 1190 1333 te
1215 1306 1408 1341 philosophum
1438 1306 1605 1341 praebueris,
1626 1306 1708 1342 hujus

919 1353 1037 1380 fructum
1051 1356 1174 1387 tempore
1188 1353 1323 1379 orationis
1335 1353 1469 1382 invenies.

952 1398 979 1425 6.
994 1398 1051 1433 (58)
1079 1397 1143 1424 Item
1177 1397 1271 1425 istud:
1298 1397 1326 1424 Si
1356 1397 1498 1425 desideras
1525 1405 1606 1425 orare
1637 1398 1709 1426 sicut

919 1447 1035 1479 oportet,
1052 1452 1086 1471 ne
1103 1443 1214 1471 tristitia
1227 1443 1354 1471 aﬂ'eceris
1371 1443 1492 1470 animum
1507 1452 1514 1476 ;
1542 1444 1664 1479 alioquin
1683 1443 1711 1470 in

918 1497 1019 1516 vanum
1039 1490 1140 1516 curris.

955 1536 980 1562 7.
999 1535 1056 1571 (59)
1071 1534 1183 1562 Nconon
1200 1535 1271 1562 hoc:
1285 1533 1325 1561 Ne
1341 1534 1410 1562 velis
1426 1542 1471 1563 res
1487 1539 1550 1562 tuas
1565 1535 1604 1562 ita
1619 1535 1709 1562 admi-

73 1578 134 1614 Θεῷ
149 1578 260 1614 ἀρέσκει
282 1577 404 1612 γίνεσθαι
419 1576 453 1603 τὰ
467 1576 538 1603 κατὰ
560 1576 589 1603 σέ
603 1585 609 1591 ·
628 1576 675 1603 καὶ
696 1575 745 1612 ἔσῃ
767 1575 865 1611 ἀτάρα-

934 1581 1033 1608 uistrari
1051 1581 1282 1616 quemadmodum
1308 1580 1358 1607 tibi
1372 1580 1492 1612 videtur,
1522 1580 1570 1608 sed
1599 1584 1629 1608 ut
1650 1580 1709 1615 pla-

74 1633 121 1659 χος
134 1624 182 1650 καὶ
196 1623 357 1658 εὐχάριστος
371 1624 400 1650 ὲν
415 1623 553 1658 προσευχῇ
568 1631 625 1649 σου.

110 1717 146 1749 η’.
157 1711 226 1740 Εἷπε
242 1713 323 1740 πάλιν
335 1722 341 1728 ·
357 1712 499 1748 Μακάριὸς
516 1713 572 1739 ἐστι
590 1712 704 1748 μοναχὲς
714 1731 722 1745 ,
731 1713 746 1739 6
759 1712 867 1738 πάντων

73 1759 179 1795 αρίψη
183 1768 221 1795 μα
234 1759 330 1787 ἑαυτὸν
343 1759 528 1794 λογιζόμενος.

108 1850 142 1877 θ’.
161 1848 233 1877 Εἷπε
251 1849 332 1877 πάλιν
344 1858 351 1865 '
373 1850 512 1885 Ἀτρωτος
533 1849 655 1883 διαμένει
683 1847 798 1884 μοναχὺς
814 1848 867 1874 ἀπὺ

72 1896 128 1923 τῶν
145 1895 231 1931 βελῶν
258 1895 306 1922 τοῦ
323 1895 422 1931 ὲχοροῦ
436 1915 444 1927 ,
468 1896 482 1921 6
497 1895 612 1928 ἀγαπῶν
641 1893 755 1929 ἡσυχίαν
768 1902 775 1909 ⁸
800 1894 814 1919 6
838 1893 867 1921 δὲ

74 1942 345 1979 συναναμιγνύμενος
358 1941 472 1977 πλήθεσι
488 1942 610 1976 συνεχεῖς
625 1940 733 1975 δέχεται
749 1939 866 1975 πληγάς.

111 2035 137 2059 t'.
150 2029 219 2058 Εῖπε
234 2032 315 2060 πάλιν
324 2041 331 2048 '
355 2032 384 2059 '0
400 2032 493 2065 δοῦλος
505 2033 519 2059 6
529 2032 637 2068 ἀμελῶν
650 2032 705 2059 τῶν
720 2031 809 2068 ἔργων
819 2032 867 2059 τοῦ

72 2078 172 2114 κυρίου
185 2078 267 2104 αὐτοῦ
282 2077 467 2114 ἑτοιμαζέσθω
478 2077 545 2113 πρὸς
561 2078 705 2113 μάστιγας.

253 2135 324 2169 Περὶ
343 2135 396 2162 τοῦ
413 2134 487 2162 ἀϐὅᾶ
501 2134 684 2168 Νιστερώου.

109 2195 144 2218 α’.
170 2192 198 2218 '0
209 2191 296 2224 ἀὸϐἇς
309 2191 465 2226 Νιστερῶος
481 2192 515 2207 ’θ’
530 2192 545 2218 6
559 2191 644 2226 μέγας
666 2192 825 2227 περιεπάτει
838 2192 866 2219 ὲν

73 2239 107 2273 τῇ
124 2238 223 2273 ἐρήμῳ
239 2236 308 2272 μετά
320 2236 435 2271 ἀδελφοῦ
448 2245 535 2269 τινος·
549 2237 597 2263 καὶ
610 2237 710 2269 ἰδόντες
721 2238 865 2273 δράκοντα,

920 1627 1008 1654 cuerit
1027 1627 1102 1659 Deo;
1122 1627 1233 1662 erisque
1254 1627 1398 1654 turbarum
1414 1634 1530 1659 vacuus,
1560 1631 1588 1655 et
1613 1633 1709 1663 gratus

918 1674 946 1701 in
962 1673 1092 1708 precibus
1107 1674 1175 1702 tuis.

953 1720 980 1747 8.
999 1719 1055 1755 (60)
1081 1719 1224 1748 Sententia
1241 1720 1324 1748 etiam
1350 1721 1425 1749 illius
1456 1721 1524 1748 fuit:
1549 1720 1650 1748 Beatus
1666 1724 1709 1747 est

919 1766 1082 1798 monachus,
1098 1766 1144 1801 qui
1160 1774 1189 1794 se
1203 1769 1367 1793 cunctorum
1383 1770 1593 1802 puraamcntum
1616 1765 1711 1793 existi-

919 1810 1046 1838 maverit.

954 1857 980 1884 9.
999 1857 1055 1892 (6i)
1076 1856 1148 1884 Dixit
1161 1858 1263 1893 pariter
1282 1866 1289 1885 :
1308 1857 1502 1885 Invulneratus
1527 1865 1542 1884 a
1566 1858 1629 1885 telis
1659 1857 1710 1884 ini-

918 1903 983 1930 mici
1002 1907 1095 1931 manet
1108 1905 1271 1938 monachus,
1287 1905 1333 1940 qui
1355 1910 1426 1932 amat
1444 1905 1563 1940 quietem
1578 1913 1586 1937 ;
1614 1909 1640 1931 at
1664 1905 1710 1932 ille

917 1950 963 1985 qui
979 1950 1110 1978 miscetur
1122 1958 1184 1977 cum
1205 1951 1331 1986 plurimis
1356 1951 1525 1983 hominibus,
1556 1952 1705 1978 continuas

917 1996 1019 2030 accipit
1035 1996 1140 2032 plagas.

955 2043 998 2070 10.
1024 2042 1139 2070 Demum
1169 2043 1259 2071 dixit:
1291 2043 1394 2071 Servus
1421 2043 1468 2079 qui
1495 2043 1610 2079 negligit
1626 2051 1709 2080 opera

918 2087 1025 2115 domini
1040 2088 1094 2120 sui,
1112 2093 1225 2124 paratus
1239 2089 1275 2116 sit
1290 2089 1323 2116 ad
1339 2090 1494 2116 verbera“.

1161 2145 1199 2172 De
1214 2145 1308 2172 abbate
1328 2144 1355 2171 Ν
1357 2146 1463 2173 isteroo.

957 2190 982 2217 Ι.
997 2189 1054 2226 (62)
1071 2190 1165 2218 Abbas
1195 2190 1340 2218 Nisterous
1364 2198 1481 2225 magnus
1498 2190 1642 2218 incedebat
1660 2199 1709 2226 per

917 2244 1038 2264 eremum
1066 2245 1128 2264 cum
1158 2236 1276 2272 quodam
1306 2237 1408 2270 fratre;
1438 2240 1466 2264 ct
1480 2237 1542 2265 viso
1568 2237 1708 2265 dracone.

73 2282 186 2317 ἔφυγον.
211 2282 266 2309 Καὶ
290 2282 364 2317 λέγει
380 2281 454 2317 αὐτῴ
473 2283 486 2309 6
502 2282 631 2316 ἀδελφός·
655 2283 710 2309 Καὶ
734 2283 766 2309 σὺ
783 2283 864 2319 φοϐῇ,

934 2288 1061 2317 ugerunt.
1077 2282 1148 2309 Dicit
1160 2282 1185 2310 ei
1209 2282 1310 2309 frater:
1326 2281 1366 2308 Tu
1382 2289 1491 2317 quoque
1505 2282 1596 2313 times.
1608 2281 1711 2309 Pater?

73 2326 185 2361 ﬂcitsp;
212 2326 268 2352 Καὶ
285 2326 359 2361 λέγει
388 2326 462 2362 αὐτῷ
479 2327 493 2353 6
522 2327 631 2362 γέρων·
651 2327 689 2353 Οὐ
717 2327 864 2363 φοϐοῦμαι,

73 2373 170 2399 τέκνον
182 2380 189 2386 ·
206 2371 274 2398 ἀλλά
298 2372 432 2408 συμφέρει
453 2373 495 2399 ὅτι
512 2372 610 2407 ἔφυγον
621 2394 628 2405 ,
653 2372 716 2399 ἐπεὶ
730 2374 780 2400 οὐκ
795 2371 868 2409 εἶχον

73 2418 206 2450 ἐκφυγεῖν
222 2417 252 2442 τὸ
267 2416 376 2452 πνεῦμα
391 2417 441 2452 τῆς
455 2417 619 2450 κενοδοξίας.

111 2462 143 2498 β’.
165 2463 291 2498 Ἀδελφὸς
300 2462 424 2498 ἠρώτησε
437 2464 563 2499 γέροντα,
574 2464 660 2498 λέγων
670 2472 677 2478 ·
692 2465 771 2500 Ποῖον
787 2465 869 2492 καλὸν

73 2509 193 2544 πρᾶγμά
209 2509 283 2535 ἐστιν
294 2529 302 2542 ,
320 2509 364 2535 ἴνα
379 2510 485 2545 ποιήσω
495 2530 502 2540 ,
523 2510 571 2536 καὶ
587 2510 712 2546 ζήσωμαι
730 2511 759 2537 ἐν
774 2511 848 2546 αὑτῴ
861 2520 868 2543 ;

73 2555 130 2581 Καὶ
154 2552 232 2580 εἶπεν
256 2556 270 2581 6
292 2554 382 2589 γέρων
395 2563 401 2570 ·
420 2556 449 2581 '0
465 2555 532 2587 Θεὸς
552 2554 606 2582 οἶδε
632 2556 663 2582 τὸ
687 2556 778 2583 καλόν.
800 2557 870 2583 Ἀλλ’

72 2632 191 2694 ‘7”35].
219 2632 383 2668 ἀμελοῦντα.
423 2633 445 2648 ³ο
460 2632 503 2660 ΑΙ.
529 2637 557 2660 et
578 2633 622 2661 ed.
645 2633 802 2662 σκάνδαλον.

111 2746 168 2782 (55)
186 2745 270 2782 Nilus
284 2746 320 2772 De
336 2747 466 2779 oratione,
479 2754 539 2782 cap.
557 2747 600 2774 15.

112 2781 167 2815 (54)
185 2781 222 2807 III.
241 2788 301 2816 cap.
319 2782 362 2807 Μ.

111 2816 167 2850 (55)
184 2817 222 2842 Ib.
240 2824 302 2850 cap.
317 2817 360 2843 16.

111 2852 168 2887 (56)
183 2851 222 2887 Ib.
243 2859 305 2886 cap.
326 2852 369 2878 I7.

109 2887 166 2922 (57)
182 2886 219 2913 Ib.
235 2895 297 2921 cap.
314 2888 356 2914 IS).

114 2923 171 2957 (58)
190 2922 228 2949 ΙΙ).
247 2930 308 2956 cap.
321 2923 366 2949 ⁵20.

921 2328 1034 2363 Excepit
1048 2336 1131 2356 senex
1146 2339 1152 2355 :
1172 2328 1231 2356 Non
1248 2329 1340 2360 timeo,
1359 2328 1396 2356 ﬁli
1413 2337 1421 2361 ;
1437 2328 1485 2356 sed
1501 2327 1604 2363 profuit
1620 2328 1686 2354 mihi
1700 2348 1707 2358 .

919 2375 992 2410 quod
1010 2375 1144 2410 fugerim;
1162 2375 1229 2402 alias
1242 2382 1296 2402 non
1312 2374 1469 2409 ell‘ugissem
1487 2373 1616 2409 spiritum
1631 2381 1710 2401 vana:

919 2429 933 2456 ε
938 2421 1024 2448 Iorize.

956 2467 984 2494 2.
1003 2467 1058 2500 (63)
1077 2466 1173 2494 Frater
1201 2466 1381 2502 interrogavit
1404 2474 1510 2498 senem,
1536 2466 1588 2494 hoc
1606 2471 1708 2502 pacto:

923 2511 990 2545 Qua:
1003 2520 1049 2539 res
1064 2511 1138 2538 bona
1152 2516 1209 2543 est,
1225 2515 1255 2538 ut
1269 2511 1379 2544 faciam,
1393 2516 1420 2538 et
1440 2511 1529 2538 vivam
1549 2512 1575 2539 in
1594 2513 1650 2539 ea?
1664 2513 1710 2539 Ait

923 2565 1004 2585 senex
1021 2567 1027 2584 :
1047 2557 1119 2584 Deus
1135 2558 1212 2584 novit
1226 2557 1291 2592 quid
1304 2557 1406 2585 bonum
1424 2557 1459 2584 sit
1472 2577 1478 2583 ,
1489 2559 1588 2585 Verum
1612 2557 1707 2585 audita

856 2635 948 2661 ’°'AI.
983 2634 1136 2670 Νιστερῶν.
1175 2635 1300 2662 "ICor.
1324 2644 1350 2667 ν,
1383 2636 1427 2669 I2,
1457 2635 1499 2662 15.
1539 2635 1710 2668 "Luam,

956 2747 1012 2782 (59)
1030 2747 1066 2775 Ib.
1083 2755 1144 2782 cap.
1164 2748 1209 2775 89.

955 2783 1012 2818 (60)
1026 2783 1065 2818 in.
1080 2790 1141 2818 cap.
1157 2783 1217 2809 rei.

958 2817 1014 2849 (61)
1034 2817 1089 2844 Vit.
1112 2817 1187 2844 l’atr.
1205 2827 1232 2848 ιι,
1247 2818 1276 2844 II
1290 2828 1297 2851 ;
1311 2818 1390 2845 Suar.
1410 2818 1444 2844 ad
1463 2818 1521 2846 Nil.
1538 2827 1563 2853 p.
1577 2819 1639 2848 636.

958 2853 1015 2897 (ϐξ)
1027 2852 1238 2897 ἵξιλάιινιη,
1253 2854 1303 2887 1‘2;
1319 2854 1409 2887 xt|,5;
1426 2852 1588 2881 Viridnrium
1599 2855 1713 2886 ΙὶιιιιιεγὶἈ

924 2896 964 2919 ιιι,
985 2890 1011 2919 6,
1027 2888 1072 2915 29.

961 2923 1016 2959 (65)
1035 2923 1088 2950 Vit.
1103 2923 1180 2952 Patr.
1198 2924 1254 2957 1,2.
