1970 3074
125 165 176 194 515
712 173 903 201 ΑΡΟΡΗΤΗΕι

973 175 1017 203 TA
1040 176 1194 207 PATRUM.
1698 188 1750 216 δι*

125 222 197 248 δια-τί
215 222 265 248 οὐκ
285 221 396 258 εΰχεσοε
412 225 457 251 καὶ
474 226 656 260 παρακαλεῖτε
672 227 717 255 τὸν
738 229 820 262 Θεόν;
835 231 903 264 Λέγε

969 232 1047 259 riam.
1065 235 1109 261 Ait
1129 235 1166 262 illi
1187 243 1270 264 senex
1289 246 1297 264 ε
1317 237 1407 271 Quare
1430 247 1485 267 non
1507 240 1623 270 funditis
1645 251 1738 278 preces

125 268 201 303 αὐτῷ
220 270 234 295 ὁ
252 269 379 303 ἀδελφός
405 271 460 296 Καὶ
487 271 639 307 εὐχόμεθα,
661 274 708 300 καὶ
728 274 902 311 λιτανεύομεν

974 286 1048 314 itque
1065 289 1079 307 ιι
1099 281 1152 308 Deo
1170 284 1301 316 poscitis?
1316 283 1384 312 Tum
1405 285 1490 314 frater
1508 297 1514 314 :
1532 288 1564 314 Et
1581 265 1708 321 oramus,
1726 265 1752 318 ei

126 315 174 340 καὶ
197 315 227 340 οὐ
251 315 349 350 βρέχει.
370 316 451 350 Λέγει
478 317 552 352 αὐτῷ
573 320 587 345 ὀ
609 319 714 354 γέρων·
733 322 844 354 Πάντως
865 324 904 349 οὐι

973 327 1170 361 iltpplicullllls;
1191 336 1240 356 nec
1263 330 1341 364 pluit.
1364 330 1477 366 Excepit
1498 341 1580 360 senex
1603 343 1610 361 :
1634 315 1751 363 Omnino

126 360 238 395 εὒχεσοε
261 361 385 393 ἐκτενῶς.
407 363 499 396 Θέλεις
514 365 542 391 δὲ
560 365 662 398 γνῶναι
679 367 719 393 ὅτι
736 367 822 400 οὕτως
838 369 895 396 ἐστί

127 407 146 415 ,ν
171 408 176 415 ι
204 407 244 415 ..ι
354 408 359 415 .
431 410 441 415 -
537 411 541 415 .
599 412 604 415 _
669 413 674 415 _
735 413 739 415 .

976 380 1020 398 mn
1036 374 1121 400 oratis
1137 374 1250 403 intente.
1263 375 1311 403 Vis
1328 381 1417 404 autem
1435 386 1602 413 cognoscere
1626 382 1698 415 quod
1716 382 1751 408 ita

127 407 182 432 Kal.
202 407 316 439 ἐξέτεινε
332 408 380 440 τὰς
399 410 492 444 χεῖρας
519 411 558 442 εἰς
581 412 626 438 τὸν
649 413 762 448 οὐρανὸν
779 415 807 440 ὲν
831 424 905 449 προσ-

970 419 1024 446 est?
1046 420 1078 445 Et
1103 421 1225 448 extendit
1251 430 1349 450 manus
1373 423 1408 450 ad
1434 425 1533 451 cmlum
1562 426 1588 452 in
1616 428 1748 454 oraliom.

126 454 204 487 ευχῇ.
222 454 268 479 καὶ
293 456 462 490 παραχρῆμα
481 456 600 492 ἔϐρεξεν.
623 459 694 485 Ἰδὼν
710 460 737 486 δὲ
764 462 778 487 ὁ
801 461 904 496 ἀδελφὸς

973 467 1170 502 jonl‘estimque
1193 469 1305 497 deﬂuxit
1328 471 1430 505 pluvia.
1452 471 1529 503 Quod
1554 480 1615 499 cum
1637 473 1751 500 vidisset

126 499 261 534 ἐιροϐήθη,
284 501 331 526 καὶ
357 501 454 529 ἔπεσεν
478 504 523 530 ἐπὶ
540 504 695 540 πρόσωπον,
712 507 758 533 καὶ
781 509 904 542 προσεκύ

973 513 1060 544 ‘rater,
1077 515 1188 542 territus
1202 520 1261 547 est,
1279 523 1311 543 ac
1328 517 1356 543 in
1373 517 1471 545 faciem
1488 519 1635 552 prostravit
1651 526 1691 551 se,
1706 527 1751 546 ve-

125 553 207 579 νησεν
229 546 314 582 αὐτῷ.
339 547 369 573 'U
394 548 422 574 δὲ
449 549 537 584 γέρων
561 550 671 585 ἔφυγεν.
693 553 722 578 ὐ
747 553 776 578 δὲ
802 553 903 588 ἀδελᾳὸς

972 567 1065 587 ierans
1091 568 1164 587 eum.
1190 562 1224 588 At
1249 570 1332 589 senex
1363 562 1442 598 fugit.
1467 546 1553 590 Porro
1578 563 1663 591 frater
1685 564 1750 599 quid

123 591 269 626 ἀνήγγειλε
285 592 351 618 πᾶσι
368 593 399 619 τὸ
415 595 534 628 γεγονός.
557 596 612 622 Καὶ
625 597 649 623 οἰ
669 597 832 630 ἀκούσαντες
860 599 901 625 ἐδό

974 606 1127 642 rontigisset
1139 607 1275 634 nuntiavit
1286 591 1407 635 cunctis:
1417 608 1450 634 Et
1461 609 1507 643 qui
1520 609 1679 642 audierunt,
1692 591 1752 644 glo-

124 637 210 669 ξασαν
231 638 277 664 τὸν
291 639 368 666 Θεόν.

965 653 1142 680 rilicaverunt
1157 653 1252 681 Deum.

330 696 400 731 Περὶ
425 696 479 723 τοῦ
498 697 573 726 ὰϐϐᾶ
588 699 710 727 Ξανθία.

1208 706 1247 734 De
1266 707 1360 736 abbate
1380 707 1506 735 Xanthia.

159 760 194 785 a'.
215 755 300 784 Εἶπεν
324 759 338 784 ὁ
364 759 451 791 assa;
482 760 612 793 Ξανθίας·
636 761 665 789 '0
689 763 790 798 λῃστὴς
816 764 845 790 ἐν
876 764 915 799 τῷ

1002 760 1027 787 1.
1049 759 1155 787 Dictum
1171 761 1278 788 abbatis
1290 761 1416 788 Xanthia:
1429 770 1436 789 :
1450 761 1532 788 Latro
1545 762 1573 789 in
1586 769 1669 788 cruce
1680 764 1751 792 erat,

123 804 234 839 σταυρῷ
256 803 301 839 ἦν,
331 805 378 832 καὶ
405 806 460 832 ἀπὸ
490 807 569 841 λόγου
596 809 654 840 ἑνὸς
677 809 838 844 ὲδικαιώθη’
869 819 901 836 κα

973 811 991 833 :t
1004 814 1052 841 per
1064 815 1147 833 unum
1162 808 1272 834 verbum
1287 808 1378 842 justus
1392 807 1505 837 effectus
1516 813 1576 842 est;
1590 808 1675 836 ludas
1689 815 1751 836 cum

129 849 229 882 Ἰούδας
256 851 326 886 μετὰ
344 851 398 878 τῶν
426 852 581 879 ἀποστόλων
610 854 846 890 συνηριθμημένος
869 853 907 891 ἦν

973 853 1099 886 ipostolis
1115 854 1318 887 rccenscbatur,
1333 859 1359 881 et
1377 863 1429 882 una
1444 860 1525 882 nocte
1539 856 1631 883 amisit
1643 862 1751 882 omnem

122 897 170 922 καὶ
183 897 213 923 ὲν
229 897 309 923 νυκτὶ
327 898 376 932 μιᾷ
397 898 522 924 ἀπώλεσε
542 900 631 926 πάντα
645 900 692 926 τὸν
715 900 849 935 κάματον,
868 911 900 928 κα

976 899 1099 929 aborem,
1113 899 1307 934 descenditque
1319 908 1334 927 e
1346 901 1423 928 cmlis
1436 901 1463 927 in
1478 901 1624 928 infernum.
1634 900 1753 928 Proinde

123 943 226 978 κατέϐη
249 943 278 975 ἐξ
298 944 418 978 οὐρανῶν
434 945 473 976 εἰς
487 945 563 980 ᾇδην.
586 946 632 972 Διὸ
652 947 747 981 μηδεὶς
766 948 901 982 εὐπραγῶ-

974 952 1045 971 iemo
1057 944 1084 971 in
1097 945 1160 971 boni
1173 947 1265 979 operis
1279 945 1408 972 felicitate
1419 947 1597 979 constitutus,
1609 947 1751 982 glorietur.

123 989 285 1024 καυχάσθω¹
311 990 412 1022 πάντες
435 990 489 1027 γὰρ
512 992 536 1018 οἱ
561 991 721 1024 πεποιθότες
744 993 786 1027 ἐφ’
807 993 901 1019 ἑαυτοῖη

974 990 1067 1018 )mues
1080 992 1153 1018 enim
1169 992 1214 1026 qui
1228 992 1399 1019 conﬁderunt
1413 992 1440 1019 in
1453 993 1619 1028 semetipsis,
1633 994 1752 1028 prolapsi

122 1035 229 1062 ἔπεσον.

964 1040 1038 1063 sunt.

158 1081 190 1116 β’.
213 1081 309 1116 Ἀνέϐη
323 1082 389 1109 ποτὲ
404 1083 418 1108 ό
432 1081 519 1114 ἀϐϐᾶς
532 1082 649 1115 Ξανθίας
663 1083 717 1110 ἀπὸ
734 1083 859 1120 Σκήτεως
873 1085 914 1116 εὶς

998 1083 1025 1109 2.
1046 1083 1179 1110 Ascendit
1192 1083 1339 1119 aliquando
1354 1085 1439 1112 abbas
1454 1085 1588 1113 Xanthias
1603 1093 1618 1112 c
1635 1085 1708 1112 Sceti
1725 1087 1751 1112 in

122 1127 296 1163 Τερενοῦθιν·
319 1127 365 1154 καὶ
386 1128 453 1154 ὅπου
473 1128 615 1160 κατέλυσε,
635 1128 680 1155 διὰ
702 1129 746 1156 τὸν
763 1130 846 1157 κόπον
864 1130 897 1164 τῆ

974 1128 1142 1156 ferenuthim
1160 1139 1167 1157 :
1184 1138 1239 1164 quo
1253 1137 1318 1157 vero
1334 1131 1386 1157 loci
1401 1130 1558 1158 diversatus
1573 1135 1625 1163 est,
1643 1136 1752 1166 propter

121 1172 265 1207 ἀσκήσεως
284 1173 404 1208 ἤνεγκαν
426 1172 500 1208 αὺτῷ
524 1173 614 1207 ὀλίγον
635 1172 716 1201 οἶνον.
737 1174 896 1201 ’Δκούσαντε

972 1175 1170 1204 :xercitationis
1185 1176 1307 1204 laborem
1325 1177 1476 1204 attulerunt
1492 1177 1517 1203 ei
1532 1177 1671 1204 modicum
1684 1177 1750 1204 vini.

120 1219 148 1244 δέ
167 1227 240 1251 τινες
263 1219 382 1254 ἡνεγχαν
399 1219 475 1255 αὐτῷ
491 1219 723 1255 δαιμονιζόμενον.
737 1221 793 1248 Kal.
811 1221 897 1257 ἦρξατ

974 1220 1080 1254 )uidam
1105 1227 1195 1248 autent
1217 1221 1312 1248 audito
1342 1230 1402 1249 eum
1426 1223 1534 1255 adesse,
1554 1222 1752 1250 daemoniacum

121 1266 134 1290 ὁ
147 1265 251 1300 δαίμων
266 1264 395 1300 λοιδορεῖν
410 1265 454 1292 τὸν
469 1265 598 1301 γέροντα·
615 1266 687 1302 Πρὸς
707 1267 752 1294 τὸν
772 1268 897 1303 οίνοπότη

974 1266 1146 1294 idduxerunt.
1170 1267 1259 1303 Cmpit
1283 1268 1388 1295 daemon
1412 1269 1579 1303 opprobrare
1604 1268 1663 1296 scni
1685 1277 1692 1296 :
1713 1269 1752 1295 Ad

122 1311 215 1337 τοῦτον
232 1311 366 1346 ἠνέγκατε
384 1320 428 1346 με.
451 1311 534 1338 Καὶὸ
557 1312 607 1348 μὲν
627 1313 716 1348 γέρων
740 1314 791 1340 οὐκ
817 1314 896 1349 ἤθελε

975 1313 1020 1340 vini
1033 1317 1156 1347 potorem
1170 1314 1242 1340 hunc
1255 1314 1410 1342 adduxistis
1423 1323 1477 1342 me.
1502 1315 1534 1342 Et
1546 1323 1629 1342 senex
1643 1315 1753 1350 quidem

122 1356 203 1382 αὐτὸν
225 1356 366 1382 ἐκϐαλεῖν·
388 1356 432 1383 διὰ
451 1357 479 1383 δὲ
502 1357 548 1383 τὸν
573 1358 726 1393 ὀνειδισμὸν
748 1359 842 1393 ἐλεγε’
866 1361 900 1386 Πι

975 1358 1052 1385 noluit
1074 1365 1137 1385 eum
1161 1358 1278 1393 ejicere;
1304 1359 1352 1387 sed
1379 1365 1490 1395 propter
1511 1361 1753 1396 exprobrationem

120 1401 207 1428 στεύω
221 1401 259 1437 τῷ
279 1401 399 1437 Χριστῷ,
423 1402 465 1428 ὃτι
484 1403 515 1429 οὐ
541 1403 578 1438 μὴ
603 1403 705 1429 τελέσω
728 1404 758 1430 τὸ
782 1405 898 1440 ποτήριο

974 1405 1033 1431 lixit
1047 1413 1054 1431 :
1071 1403 1182 1432 Christo
1198 1405 1292 1437 credo,
1307 1407 1380 1441 quod
1397 1412 1542 1441 antequam
1557 1407 1689 1434 ebiberim
1706 1415 1752 1442 po-

119 1448 208 1479 τοῦτο,
223 1448 277 1479 ἓως
294 1445 324 1474 οὗ
346 1447 464 1483 ἐξέλθῃς.
486 1449 542 1475 Καὶ
555 1449 591 1481 ὼς
611 1448 711 1484 ἤρξατο
727 1451 740 1476 ὁ
754 1450 842 1486 γέρων
867 1451 897 1477 πί

974 1452 1057 1479 :ulum
1073 1452 1141 1484 hoc,
1155 1453 1254 1480 exibis.
1270 1451 1360 1487 thue
1376 1452 1458 1487 coepit
1472 1460 1556 1479 senex
1571 1453 1680 1483 bibere,
1696 1454 1752 1479 ela-

119 1501 186 1523 νειν,
202 1492 315 1527 ἔκραξεν
329 1494 342 1519 ὁ
355 1492 471 1528 δαίμων,
481 1493 567 1528 λέγων
577 1502 584 1509 ·
602 1494 697 1526 Καίεις
709 1503 753 1530 με,
763 1496 850 1527 καίεις
868 1505 897 1531 με

975 1499 1050 1525 navit
1063 1499 1170 1526 daemon
1186 1499 1215 1526 in
1232 1499 1290 1526 haec
1304 1499 1385 1526 verba
1404 1509 1410 1526 :
1428 1498 1492 1526 Uris
1509 1507 1563 1532 me,
1579 1500 1637 1527 uris
1653 1507 1706 1527 me.
1723 1499 1753 1525 lit

119 1539 174 1564 Καὶ
192 1539 245 1574 πρὸ
264 1538 311 1565 τοῦ
326 1539 444 1572 τελέσαι,
469 1539 564 1575 ἐξῆλθε
586 1540 630 1566 διὰ
655 1540 705 1576 τῆς
731 1541 842 1577 χάριτος
865 1551 895 1569 το

1004 1548 1114 1580 tequam
1129 1545 1258 1573 haustum
1273 1545 1448 1580 complesset,
1463 1553 1512 1580 per
1523 1545 1638 1580 gratiam
1650 1546 1752 1573 Christi
1770 1546 1778 1554 ‘

119 1584 251 1619 Χριστοῦ.

926 1585 946 1613 C
963 1598 1091 1625 egressus
1106 1595 1157 1618 cst.

154 1634 189 1665 γ’.
210 1630 241 1657 'U
268 1631 348 1663 αὐτὸς
374 1629 462 1665 εἶπεν,
485 1632 526 1658 ὅτι
546 1631 575 1658 '0
595 1631 667 1659 κύων
697 1633 833 1669 κρείσσων
861 1635 911 1669 μού

998 1637 1025 1664 5.
1047 1636 1120 1664 ldem
1140 1637 1209 1665 dixit
1233 1645 1240 1664 :
1261 1636 1344 1664 Canis
1368 1637 1464 1664 melior
1492 1645 1535 1664 me
1554 1641 1597 1665 est
1614 1646 1623 1665 :
1641 1637 1705 1673 quia
1726 1642 1753 1666 et

118 1678 194 1704 ἐστι·
211 1677 277 1704 διότι
299 1679 347 1704 καὶ
362 1678 472 1714 ἀγάπην
486 1678 553 1713 ἔχει,
571 1678 618 1704 καὶ
633 1679 673 1711 είς
692 1679 783 1714 κρίσιν
804 1680 853 1706 οὐκ
869 1680 896 1716 ἕρ

814 1680 853 1706 ιὺκ
869 1680 914 1716 ἕρ-
963 1690 1084 1712 amorem
1099 1683 1193 1716 habet,
1207 1687 1234 1711 et
1249 1684 1275 1711 in
1289 1683 1423 1718 judicium
1439 1691 1494 1710 non
1510 1684 1592 1711 venit.

118 1730 206 1757 χεται.

347 1774 430 1810 Ἀρχὴ
445 1774 491 1800 τοῦ
507 1775 528 1800 0
543 1773 688 1809 στοιχείου.

1188 1774 1357 1809 Principium
1378 1774 1475 1802 littera:
1494 1774 1526 1801 Ο.

309 1830 379 1864 Περὶ
394 1831 448 1858 τοῦ
467 1830 541 1858 ἀὸϐᾶ
563 1831 738 1866 Ὀλυμπίου.

734 1851 738 1858 .
1205 1831 1244 1859 De
1263 1831 1357 1859 abbate
1378 1831 1512 1867 Olympia.

153 1887 189 1914 α’.
211 1884 295 1914 Εἶπεν
316 1889 330 1914 ὸ
353 1887 440 1919 ἀϐϐᾶς
460 1887 620 1922 Ὀλύμπιος,
645 1889 686 1914 ὅτι
708 1888 818 1923 Κατέϐη
844 1887 911 1916 ποτὲ

1000 1889 1025 1916 1.
1047 1887 1085 1915 Ex
1101 1888 1234 1917 relatione
1248 1888 1355 1915 abbatis
1369 1887 1497 1923 Olympii.
1513 1887 1648 1915 Sacerdos
1663 1888 1751 1923 genti-

119 1934 212 1969 ἱερεὺς
233 1933 287 1960 ’τῶν
304 1933 437 1968 Ἐλλήνων
460 1935 500 1965 είς
521 1935 630 1970 Σκῆτιν,
646 1934 693 1960 καὶ
716 1932 797 1970 ἦλθεν
826 1935 866 1966 εὶς
883 1943 897 1960 τ

975 1934 1029 1961 ium
1043 1934 1212 1962 descendens
1225 1933 1374 1968 aliquando
1388 1934 1416 1960 in
1432 1933 1544 1966 Scetim,
1558 1934 1633 1961 venit
1647 1934 1679 1961 ad
1695 1935 1750 1961 cel-

118 1980 226 2007 κελλίον
238 1989 300 2015 μου,
315 1980 362 2007 καὶ
379 1980 512 2016 ἐκοιμήθη
524 1989 532 1996 ·
548 1981 596 2007 καὶ
613 1980 781 2015 θεασάμενος
794 1980 843 2015 τὴν
856 1980 896 2006 δια

973 1987 1016 2006 am
1034 1988 1137 2013 meam,
1155 1980 1249 2014 ibique
1265 1979 1446 2014 pernoctavit.
1466 1978 1565 2006 Vidcns
1582 1984 1673 2007 autem
1691 1987 1750 2006 mo-

116 2026 213 2061 γωγὴν
237 2026 291 2052 τῶν
318 2026 452 2061 μοναχῶν,
470 2026 544 2060 λέγει
562 2035 623 2062 μοι·
640 2026 733 2058 Οὕτως
758 2026 894 2060 διάγοντες

972 2026 1114 2053 iachorum
1129 2025 1237 2053 vivendi
1252 2026 1397 2057 rationem,
1414 2026 1452 2052 ait
1466 2025 1534 2052 mihi
1552 2035 1557 2052 :
1575 2025 1615 2052 lta
1628 2031 1749 2060 agentes,

116 2072 194 2099 οὐδὲν
206 2071 334 2107 Θεωρεῖτε
347 2073 422 2107 παρὰ
435 2072 472 2107 τῷ
486 2072 544 2107 Θεῷ
559 2072 652 2108 ὐμῶν;
666 2073 722 2099 Καὶ
738 2072 809 2106 λέγω
820 2072 894 2107 αὐτῷ

970 2072 1066 2099 ιῑΙιίΙιιθ
1086 2072 1249 2107 conspicitis
1270 2079 1283 2098 a
1306 2071 1362 2098 Deo
1380 2072 1491 2098 vestro?
1510 2071 1576 2099 Dico
1595 2072 1620 2099 ei
1640 2081 1647 2099 :
1667 2071 1748 2098 Nihil.

117 2117 196 2152 Οὐχί.
213 2117 269 2144 Kal
287 2117 361 2151 λέγει
385 2126 430 2153 μοι
451 2119 465 2144 ὁ
487 2118 591 2153 ἱερεύς·
615 2118 690 2149 Τέως
710 2117 790 2153 ἡμῶν
807 2118 895 2153 ίερουρ

971 2119 1070 2154 Excipit
1086 2119 1216 2147 sacerdos
1233 2129 1239 2145 :
1257 2118 1338 2146 Certe
1356 2118 1436 2145 nobis
1452 2118 1676 2145 sacrificantibus
1694 2117 1749 2144 Deo

116 2163 240 2197 γοὺντων
261 2164 301 2200 τῷ
326 2164 386 2199 Θεῷ
408 2164 497 2200 ἡμῶν,
518 2164 594 2191 οὐδὲν
616 2164 732 2199 κρύπτει
753 2164 799 2199 ἀφ’
820 2164 894 2199 ἡμῶν

971 2168 1068 2197 nostro,
1084 2164 1153 2191 nihil
1167 2164 1212 2191 ille
1227 2171 1243 2190 a
1258 2163 1339 2191 nobis
1352 2163 1507 2196 abscondit,
1522 2162 1570 2191 sed
1583 2171 1632 2190 sua
1648 2168 1749 2198 myste-

116 2209 187 2236 ἀλλὰ
210 2209 398 2236 ἀποκαλύπτει
429 2211 496 2244 ἡμῖν
513 2209 549 2236 τὰ
575 2210 712 2245 μυστήρια
739 2209 839 2236 αὐτοῦ’
862 2217 894 2236 κα

971 2210 1002 2237 ’ἰο
1018 2211 1130 2238 revelat.
1143 2209 1199 2237 Vos
1212 2217 1288 2241 vero,
1305 2214 1367 2244 post
1384 2213 1423 2236 tot
1438 2209 1558 2241 labores,
1574 2210 1692 2245 vigilias,
1708 2218 1749 2236 sc-

117 2255 198 2290 ὐμεῖς
213 2256 357 2287 τοσούτους
378 2256 480 2288 κόπους
495 2255 645 2287 ποιοῦντες,
664 2255 831 2290 ἀγρυπνίας,
841 2257 893 2290 ἡσυ

971 2257 1111 2287 :essiones.
1120 2261 1146 2284 et
1157 2256 1333 2284 austeritates
1342 2277 1349 2289 ,
1358 2256 1424 2288 ain”,
1435 2255 1507 2282 Nihil
1520 2255 1674 2283 intuemur?
1685 2254 1749 2282 0m—

116 2301 180 2336 χίας
204 2302 251 2328 καὶ
270 2302 418 2336 ἀσκήσεις.
443 2301 532 2336 λέγεις
556 2302 598 2328 ὅτι
623 2301 706 2328 Οὐδὲν
732 2301 888 2336 θεωροῦμεν

972 2303 1028 2329 tino
1051 2302 1144 2337 igitur,
1165 2301 1189 2328 si
1212 2301 1282 2327 nihil
1303 2301 1438 2336 aspicitis,
1460 2300 1641 2335 cogitationes
1663 2301 1750 2328 malas

116 2347 231 2379 Πάντως
251 2346 306 2381 οὖν,
325 2349 349 2374 εί
373 2348 449 2374 οὐδὲν
477 2347 621 2383 θεωρεῖτε,
645 2347 792 2382 λογισμοὺς
823 2355 891 2382 πονη

971 2347 1085 2375 ἐιίιιοῑὶε
1100 2348 1127 2374 in
1143 2346 1274 2374 cordibus
1288 2346 1403 2378 vestris,
1418 2353 1479 2380 quae
1492 2353 1542 2374 vos
1557 2353 1572 2372 a
1587 2346 1643 2374 Deo
1656 2351 1749 2374 vestro

117 2393 183 2428 ροὺς
199 2393 275 2428 ἔχετε
293 2395 333 2425 είς
349 2393 398 2425 τὰς
418 2393 531 2429 καρδίας
552 2392 639 2428 ὑμῶν,
663 2393 726 2424 τοὺς
741 2393 895 2428 χωρίζοντα

971 2393 1127 2427 :ejungunt,
1148 2396 1229 2426 atque
1249 2391 1310 2418 ideo
1328 2399 1384 2418 non
1403 2391 1506 2419 revelat
1521 2391 1599 2419 vobis
1618 2392 1749 2427 mysteria

116 2439 190 2474 ὑμᾶς
206 2440 260 2466 ἀπὸ
278 2440 325 2466 τοῦ
339 2440 407 2466 Θεοῦ
427 2440 514 2475 ὑμῶν,
532 2440 578 2466 καὶ
592 2439 636 2466 διὰ
651 2440 730 2466 τοῦτο
743 2440 794 2466 οὐκ
804 2440 893 2466 ἁποκα

970 2446 1020 2465 sua.
1037 2437 1097 2464 Abii
1113 2445 1174 2472 ego,
1190 2437 1369 2471 nuntiavique
1397 2436 1510 2463 senibus
1522 2437 1604 2464 verba
1621 2437 1748 2464 sacerdo-

114 2485 245 2512 λύπτεται
259 2486 323 2518 ὑμῖν
336 2486 370 2512 τὰ
385 2487 521 2521 μυστήρια
536 2485 628 2513 αὐτοῦ.
643 2486 698 2512 Kal
711 2485 844 2520 ἀπῆλθον,
861 2494 892 2512 κα

968 2485 1006 2511 .is.
1021 2484 1060 2511 Illi
1077 2483 1204 2510 admirati
1219 2486 1295 2515 sunt,
1308 2482 1532 2517 allirmaruntque
1544 2483 1582 2510 ita
1595 2490 1668 2516 esse,
1681 2483 1746 2518 quia

114 2531 266 2566 ἁνήγγειλα
280 2533 336 2564 τοῖς
356 2532 465 2566 γέρουσι
485 2532 520 2558 τὰ
536 2532 647 2567 ῥήματα
662 2531 708 2558 τοῦ
727 2532 831 2567 ἱερέως.
851 2533 892 2558 Κα

962 2531 1077 2566 impurae,
1091 2529 1274 2565 cogitationes
1289 2534 1417 2564 separant
1431 2528 1516 2556 Deum
1533 2529 1567 2556 ab
1581 2529 1703 2556 homine.

113 2577 286 2612 ἐθαύμασαν,
313 2577 361 2604 καὶ
379 2575 460 2604 εἶπαν
485 2577 527 2604 ϐτι
551 2576 637 2608 οὕτως
657 2577 743 2603 ἐστίν.
766 2576 799 2604 Οἱ
828 2577 882 2612 γὰρ
899 2575 1050 2612 ἀκάθαρτοι
1075 2575 1201 2611 λογισμοὶ
1222 2575 1369 2610 χωρίζουσι
1391 2574 1438 2602 τὸν
1460 2575 1526 2602 Θεὸν
1551 2575 1606 2602 ἀπὸ
1628 2574 1676 2603 τοῦ
1701 2575 1749 2602 ἀν-

114 2623 236 2659 θρώπου.

152 2669 185 2704 β’.
213 2671 242 2696 '0
264 2669 351 2702 ἀϐϐἄς
379 2670 526 2705 Ὀλύμπιος
546 2670 561 2696 ὁ
582 2669 637 2696 τῶν
666 2668 789 2696 Κελλίων
811 2667 908 2695 ἐπολε-

996 2667 1022 2694 2.
1044 2667 1136 2694 Abbas
1149 2665 1291 2701 Olympius
1311 2665 1448 2693 Celtarum
1465 2665 1696 2700 impugnatusrest
1711 2665 1744 2693 ad

116 2715 189 2751 μήθη
217 2717 258 2747 είς
281 2715 421 2751 πορνείαν.
444 2716 500 2742 Kal
525 2715 600 2749 λέγει
625 2714 699 2750 αὐτῷ
720 2715 735 2740 ὁ
755 2713 885 2748 λογισμός

966 2713 1179 2740 'ornicationem.
1191 2711 1225 2739 Et
1237 2715 1354 2739 mentem
1366 2711 1425 2745 ejus
1436 2710 1512 2738 subit
1524 2711 1653 2746 cogitatio
1667 2711 1725 2739 haec
1737 2721 1744 2739 :

115 2762 235 2796 ’Υπαγε,
248 2762 314 2788 λάϐε
327 2763 453 2796 γυναῖκα.
468 2762 523 2788 Kal.
545 2761 665 2793 ἀναστὰς
679 2761 791 2796 ἐποίησε
808 2759 892 2795 πηλὸν

967 2759 1046 2790 Vade,
1060 2758 1153 2793 accipe
1164 2764 1288 2784 uxorem.
1302 2757 1397 2792 Itaque
1421 2764 1536 2792 surgens
1553 2757 1639 2784 lutum
1652 2757 1745 2785 confe-

116 2808 161 2835 καὶ
176 2806 277 2834 ἔπλασε
294 2809 420 2842 γυναῖκα,
438 2809 485 2834 καὶ
501 2807 574 2841 λέγει
593 2806 696 2841 ἐαυτῷ·
717 2806 783 2833 Ἰδοὺ
803 2806 819 2840 ἡ
836 2811 894 2838 γυνι

965 2805 1010 2836 rit,
1025 2811 1057 2831 ac
1072 2803 1198 2831 formavit
1213 2803 1366 2830 mulierem.
1380 2801 1505 2837 Dicitque
1519 2803 1591 2838 apud
1607 2811 1636 2830 se
1652 2813 1659 2830 :
1674 2803 1743 2830 Ecce

116 2865 179 2883 σου·
198 2856 277 2892 χρεία
297 2854 344 2882 οὖν
364 2855 526 2891 ἐργάζεσθαι
544 2855 639 2887 πολλὰ,
661 2855 704 2882 ἵνα
723 2854 833 2889 θρέψεις
852 2853 894 2880 αὐ

965 2859 1027 2878 ixor
1042 2855 1097 2877 tua.
1116 2849 1228 2885 Oportet
1247 2849 1329 2884 igitur
1344 2849 1458 2876 multum
1476 2850 1599 2884 operari,
1615 2858 1670 2885 quo
1686 2850 1743 2876 alas

117 2902 176 2935 τήν.
191 2903 246 2929 Καὶ
262 2901 399 2937 ἠργάζετο
415 2901 517 2928 κοπιῶν
531 2900 625 2928 πολλά.
640 2901 695 2928 Kal
713 2900 771 2936 μεθ’
785 2898 893 2935 ἡμέραν

964 2905 1026 2926 tam.
1046 2897 1121 2925 Unde
1142 2896 1316 2932 operabatur,
1334 2895 1461 2924 laborans
1481 2896 1640 2931 plurimum.
1658 2894 1742 2924 Paulo
