1970 3074
187 150 241 180 515

768 149 941 178 APPENDlX
962 149 1008 176 AD
1027 148 1238 176 PALLADlUM.

1760 142 1810 170 510

184 212 247 243 post
267 207 365 233 iterum
388 206 459 233 facto
480 207 554 239 luto,
579 208 632 235 sibi
657 207 734 235 tinxit
756 207 857 239 ﬁliam,
879 208 987 242 aitque,

1036 207 1103 234 πάλιν
1125 207 1240 242 ποιήσας
1257 205 1351 240 πηλὸν,
1366 203 1482 230 ἔπλασεν
1498 200 1586 236 ἑαυτῷ
1602 200 1751 235 θυγατέρα,
1766 200 1811 226 καὶ

184 253 276 280 animo
293 260 344 279 suo
363 261 369 279 :
389 252 496 288 Peperit
517 261 584 280 uxor
602 260 664 286 tua;
683 261 796 281 necesse
814 253 896 280 habes
914 261 972 279 alu-

184 299 257 334 plius
277 298 396 333 operari,
417 303 447 325 ut
468 299 558 334 possis
579 300 685 326 nutrire
707 307 739 326 ac
760 305 850 333 tegere
870 298 971 333 prolem

185 351 271 373 tuam.
287 345 374 380 Atque
389 346 426 372 ita
443 345 560 376 faciens.
576 346 723 372 maceravit
738 354 778 372 se.
792 346 861 371 Tum
878 345 910 371 ad
927 352 973 371 co-

185 393 344 426 gitationem
368 402 374 418 :
396 391 454 418 Non
478 393 606 426 amplius,
629 392 728 426 inquit,
753 391 829 418 valeo
853 391 972 416 laborem

186 439 333 465 sustinere.
349 438 510 472 Adjecitque
525 448 531 465 :
548 437 576 464 Si
592 446 646 465 non
662 438 736 465 vales
752 437 873 464 laborem
890 436 973 467 ferre,

186 492 237 511 nec
253 492 364 511 uxorem
381 492 497 519 qlneras.
514 484 647 512 Caeterum
664 485 746 515 Deus.
761 491 877 510 cernens
892 491 974 509 vexa-

186 530 288 557 tionem
303 530 372 564 ejus,
390 530 501 556 sustulit
516 531 549 557 ab
565 538 597 557 eo
612 530 770 557 tentationis
788 529 904 560 bellum;
920 529 974 555 sie-

186 585 239 610 que
254 577 419 611 conquievit.

439 642 478 668 De
496 642 588 668 abbate
608 642 721 670 Orsisio.

224 709 250 735 l.
264 708 319 743 (69)
330 709 400 735 Dixit
410 709 493 736 abbas
503 709 625 738 Orsisius
636 720 642 737 :
654 706 739 738 Later
751 712 864 745 crudus,
875 712 902 739 in
914 712 976 740 l'un-

187 755 345 782 damentum
361 756 438 789 juxta
455 756 554 783 ﬂumen
571 757 682 788 missus.
699 765 752 784 non
771 758 873 785 resistit
891 766 975 786 unuut

188 801 276 832 diem;
296 806 391 828 coctus
410 809 489 833 vero,
509 805 639 836 tanquam
661 803 728 837 lapis
748 808 910 837 perseverat.
930 803 976 830 Sic

189 848 269 874 homo
285 848 331 882 qui
349 848 485 874 carnalem
502 856 611 875 sensum
628 848 719 880 habet,
737 857 786 876 nec
802 849 977 884 quemadmo-

188 893 253 920 dum
280 893 379 928 Ioseph
407 894 509 928 ignitus
533 899 573 921 est
600 894 697 920 timore
723 894 787 926 Dei,
816 895 975 921 dissolvitur

188 939 297 972 quando
314 939 436 974 procedit
450 939 482 965 ad
499 940 652 973 imperium.
666 939 753 965 Multa:
765 940 836 965 enim
851 943 915 966 sunt
928 939 975 965 llo-

189 992 248 1010 rum
268 985 443 1015 lentationes,
461 984 531 1010 inter
546 983 671 1010 liotnines
688 983 853 1017 degentium.
871 984 974 1010 Bonum

189 1035 278 1057 autem
291 1035 343 1062 est,
359 1035 386 1057 ut
399 1031 460 1064 quis
473 1037 642 1064 cognoscens
655 1029 793 1056 modulum
806 1038 894 1062 suum,
907 1037 975 1056 onus

189 1076 359 1116 principatus
376 1076 505 1111 refugiat.
524 1075 641 1102 Stabiles
661 1083 724 1102 vero
753 1075 779 1101 in
800 1075 850 1102 lide
867 1080 976 1102 manent

190 1123 306 1149 immmi.
321 1122 357 1149 De
368 1123 426 1157 ipso
438 1123 537 1156 quippe
550 1122 724 1149 sanctissimo
736 1120 853 1155 Josepllo
865 1122 887 1148 si
899 1123 977 1156 quis-

191 1169 262 1203 piam
276 1169 392 1196 voluerit
409 1168 492 1203 loqui,
507 1172 612 1195 asseret
626 1175 686 1194 eum
703 1175 755 1194 non
770 1167 910 1194 exstitisse
923 1172 974 1194 ter-

191 1222 297 1242 renum.
316 1214 430 1247 Quantis
452 1214 591 1248 impetitus
610 1218 651 1240 est
673 1213 869 1240 tentationibns
881 1233 887 1244 ,
906 1218 932 1240 et
950 1214 976 1240 in

191 1261 345 1296 cujusmodi
364 1262 488 1295 regione,
505 1261 550 1286 ubi
569 1265 634 1286 tunc
649 1259 780 1294 temporis
796 1267 849 1285 non
865 1267 978 1294 appare-

191 1306 236 1333 bat
254 1307 344 1334 cultns
362 1307 444 1333 divini
464 1306 624 1339 vestigium?
643 1304 694 1332 Sed
719 1304 791 1332 Deus
810 1310 917 1340 patrum
938 1305 979 1340 ip-

192 1353 250 1379 sius
263 1360 325 1379 cutn
341 1360 373 1379 eo
388 1355 460 1382 erat.
477 1351 630 1386 eripuitque
648 1351 723 1377 illum
739 1358 772 1377 ex
788 1351 915 1377 omnibus
930 1358 979 1377 an-

192 1398 307 1434 gustiis;
324 1402 350 1425 et
368 1406 441 1424 nunc
459 1405 520 1424 cum
540 1397 662 1432 patribus
685 1396 743 1423 suis
760 1396 834 1431 degit
851 1397 878 1423 in
896 1404 979 1431 regno

193 1445 335 1471 cmlorum.
355 1445 426 1478 Ergo
449 1451 498 1471 nos
521 1451 645 1478 quoque,
666 1446 846 1477 agnoscentes
869 1444 979 1470 modum

193 1496 330 1523 nostrum,
343 1490 526 1518 decertemus.
537 1490 586 1517 Vix
602 1491 675 1517 enim
687 1489 729 1516 vel
743 1489 784 1516 sic
798 1489 916 1525 ell'ugere
932 1497 981 1524 po-

181 1530 306 1564 Iterimus
323 1537 456 1572 judicium
476 1538 532 1564 Dei.

229 1595 256 1622 2.
275 1594 331 1629 (70)
348 1594 420 1621 Dixit
435 1595 532 1621 iterum
547 1603 553 1620 :
566 1593 622 1620 Nisi
639 1593 720 1620 homo
734 1597 807 1620 recte
821 1592 981 1619 custodierit

195 1649 243 1668 cor
257 1649 346 1673 suum,
366 1646 430 1675 puto
445 1640 517 1675 quod
533 1647 701 1674 quzecunque
717 1639 821 1666 audivit
837 1639 981 1666 oblivisce-

195 1693 242 1714 tur
256 1696 288 1715 ac
304 1688 432 1723 negliget;
449 1693 530 1722 atque
545 1687 581 1714 ita
597 1687 735 1718 inimicus.
752 1687 840 1714 locum
858 1687 883 1713 in
895 1695 927 1713 eo
940 1686 982 1712 in-

196 1735 319 1766 veniens,
332 1743 393 1762 eum
407 1734 524 1769 dejiciet.
539 1733 771 1767 Quemadmodum
787 1734 859 1760 enitn
875 1734 983 1759 lucerna

198 1785 326 1815 apparata
349 1785 375 1807 et
396 1781 506 1812 lucens,
528 1781 550 1807 si
572 1780 724 1815 negligatur
744 1784 772 1806 ut
795 1787 848 1806 non
870 1779 984 1812 accipiat

198 1829 300 1859 oleum,
319 1827 449 1862 paulatim
469 1826 663 1861 exstinguitur,
683 1834 714 1852 ac
733 1826 862 1860 deinceps
881 1833 986 1860 praeva-

199 1873 254 1900 lent
271 1873 388 1899 teut-bne
405 1872 538 1898 adversus
553 1879 631 1903 eam;
647 1879 735 1906 neque
750 1871 802 1898 hoc
818 1871 921 1903 solum;
938 1870 985 1897 sed

198 1920 279 1945 etiam
297 1919 440 1953 contingit,
459 1917 568 1952 quando
584 1925 645 1944 mus
663 1917 696 1944 ad
713 1917 853 1944 lucernam
872 1917 984 1947 accedit,

199 1972 324 1999 quaerens
346 1964 496 1990 fumeulum
520 1964 666 1998 peredere;
690 1968 753 1990 ante
774 1963 882 1997 quidem
904 1970 986 1996 quam

199 2011 336 2038 exstincta
352 2010 459 2044 penitus
472 2010 518 2040 sit,
534 2009 683 2043 frigentque
697 2009 797 2039 oleum,
811 2016 864 2035 non
880 2012 986 2042 potest;

200 2056 273 2091 quod
293 2057 314 2082 si
333 2056 518 2089 conspexerit,
537 2063 590 2082 non
608 2055 690 2082 tnodo
707 2055 802 2082 abesse
821 2055 923 2086 lumen,
940 2054 987 2080 sed

200 2106 228 2130 et
245 2102 362 2128 calorem
378 2102 459 2136 ignis.
475 2106 540 2128 tunc
555 2101 699 2128 extrahere
713 2101 806 2128 volens
825 2100 986 2130 funiculum,

202 2149 340 2176 lucernam
358 2156 466 2182 quoque
481 2148 574 2182 dejicit
589 2157 595 2175 :
611 2155 671 2182 quae
687 2147 709 2174 si
725 2150 844 2174 testacea
861 2146 907 2176 sit,
922 2152 990 2172 con-

204 2193 351 2228 fringitnr;
366 2194 389 2220 si
403 2200 467 2220 vero
480 2201 554 2219 aenea
566 2213 572 2224 ,
589 2200 603 2218 a
619 2191 815 2227 patrefamilias
832 2191 928 2217 iterum
946 2189 989 2215 in-

203 2240 320 2266 struitur
334 2248 340 2265 :
357 2247 448 2273 parem
460 2239 487 2264 in
504 2238 625 2269 modum,
641 2238 792 2272 negligentie
807 2236 908 2267 anima,
924 2243 989 2262 sen-
1007 2250 1029 2277 Β

205 2287 255 2313 sim
274 2286 375 2312 recedit
392 2284 511 2320 Spiritus
527 2290 650 2317 sanctus,
666 2283 752 2310 donec
768 2282 801 2309 ad
819 2283 928 2318 plenum
945 2281 990 2308 illa

204 2334 396 2368 exstinguatur
411 2333 571 2366 amittatque
589 2332 707 2359 calorem
727 2338 824 2362 suum;
843 2333 870 2356 et
887 2330 920 2356 de
938 2337 992 2356 cae-

204 2385 264 2407 tero
276 2379 365 2406 hostis
378 2379 490 2406 devorat
502 2378 599 2405 animm
611 2378 796 2410 alacritatem;
811 2383 911 2410 corpus
922 2383 992 2410 quo-

205 2435 258 2460 que
273 2426 362 2452 abolet
377 2425 490 2451 malitia.
507 2425 539 2450 At
553 2424 575 2450 si
590 2424 670 2450 homo
684 2423 728 2449 ille
741 2423 830 2449 bonus
856 2421 994 2449 exstiterit

206 2472 312 2498 ratione
334 2471 447 2498 affectus
466 2478 530 2505 erga
551 2470 650 2501 Deum,
670 2469 831 2504 simpliciter
847 2474 937 2495 autem
960 2468 993 2494 ad

206 2518 400 2552 negligentiam
423 2521 518 2551 raptus
539 2516 638 2547 fuerit,
659 2515 746 2546 Deus,
770 2520 863 2550 utpote
885 2515 994 2542 miseri-

207 2571 280 2595 cors,
295 2563 444 2590 immittens
458 2563 484 2589 in
498 2570 559 2589 eum
574 2563 698 2589 timorem
712 2570 804 2592 suum,
817 2568 923 2588 necnon
937 2567 994 2587 me-

209 2609 324 2636 moriam
347 2608 500 2635 futurarum
523 2615 676 2643 poenarum,
697 2611 774 2642 parat
795 2614 842 2634 seu
863 2605 944 2634 ellicit
967 2609 995 2631 ut

209 2656 319 2690 vigilet,
345 2660 488 2690 servetque
511 2663 540 2682 se
564 2655 592 2682 in
618 2659 757 2690 posterum
784 2661 844 2681 cum
870 2652 997 2680 cautione

211 2701 305 2734 nul'a,
324 2709 412 2736 usque
428 2700 461 2726 ad
477 2699 661 2728 viSitationem
679 2707 768 2727 suam.

248 2779 270 2796 ιν
284 2779 326 2806 Al.
337 2779 418 2814 λόγῳ.

249 2869 307 2904 (69)
323 2869 375 2896 ru.
389 2869 464 2896 Patr.
484 2877 526 2902 xv,
545 2868 590 2896 ει.

457 2779 479 2794 ³⁸
492 2777 534 2804 Al.
551 2777 631 2804 εἰσίν.
667 2779 688 2795 ³³
700 2777 744 2805 Al.
760 2777 806 2804 τοῦ
822 2776 911 2804 ελαίου
925 2776 955 2804 οὐ
975 2774 1086 2803 δύναται
1099 2771 1262 2808 χρήπασθαι-

1023 253 1096 287 λέγει
1124 253 1162 288 τῷ
1190 251 1312 286 λογισμῷ
1340 249 1439 277 αὑτοῦ·
1464 249 1576 275 Ἐτεκεν
1599 247 1615 282 ἡ
1643 246 1712 280 γυνή
1745 253 1810 271 σουν

1024 299 1117 334 χρείαν
1137 299 1208 334 ἔχεις
1224 297 1417 333 περισσότερον
1436 293 1616 330 ἐργάσασθαι,
1636 292 1680 318 ἵνα
1697 289 1813 324 δυνηθῇς

1024 344 1121 380 θρέψαι
1148 345 1177 371 τὸ
1204 344 1297 371 τέκνον
1323 351 1380 374 σου,
1408 341 1454 368 καὶ
1485 339 1632 366 σκεπάσαι.
1650 337 1703 364 Καὶ
1727 335 1813 366 οὕτως

1025 392 1108 417 ποιῶν
1131 391 1225 426 ἔτηξεν
1242 389 1338 416 ἑαυτὸν
1353 409 1359 421 ,
1376 389 1422 414 καὶ
1446 387 1520 420 λέγει
1537 385 1574 420 τῷ
1601 383 1737 418 λογισμῷ·
1757 382 1812 408 Οὐκ

1024 437 1064 464 ἔτι
1082 437 1165 471 ἰσχύω
1188 436 1336 470 ὑποφέρειν
1356 434 1401 460 τὸν
1421 433 1513 460 κόπον.
1535 431 1590 458 Καὶ
1606 428 1681 456 εἶπεν
1693 438 1699 444 ⁸
1716 429 1745 454 Εἰ
1763 428 1814 454 οὐκ

1026 483 1127 518 ίσχύεις
1152 482 1298 516 ὑποφέρειν
1320 480 1366 506 τὸν
1386 479 1479 510 κόπον,
1499 477 1565 513 μηδὲ
1587 477 1701 510 γυναῖκα
1728 474 1813 508 ζητή-

1026 538 1084 564 σῃς.
1100 530 1153 555 Καὶ
1170 528 1230 554 ἰδὼν
1244 529 1258 554 ό
1275 527 1340 558 Θεὸς
1357 526 1402 552 τον
1417 525 1500 552 κόπον
1516 523 1608 554 αὑτοῦ,
1621 521 1686 557 ἦρεν
1700 521 1746 547 ἀπ’
1765 520 1814 546 αὒ-

1024 575 1071 601 τοῦ
1088 575 1134 601 τὸν
1152 574 1278 609 πόλεμον,
1295 573 1342 599 καὶ
1358 572 1474 605 ἀνεπάη.

1214 638 1284 671 Περὶ
1303 637 1356 664 τοῦ
1374 636 1447 664 ἀϐϐᾶ
1468 634 1626 668 Ὁρτησίου.

1061 710 1094 734 α’.
1114 704 1197 732 Εἶπεν
1218 706 1232 731 ὁ
1250 704 1336 735 ἁϐϐἄς
1352 703 1502 738 Ὀρσίσιος’
1524 699 1636 731 Πλίνοος
1656 698 1733 734 ὠμὴ,
1752 697 1816 732 βαλ-

1026 753 1126 787 λομένη
1143 753 1182 783 είς
1200 751 1323 786 θεμέλιον
1342 749 1425 782 ἐγγὺς
1452 746 1587 781 ποταμοῦ,
1614 745 1662 780 οὐχ
1685 745 1817 778 ὑπομένει

1028 799 1091 834 μίαν
1111 798 1232 833 ἡμέραν
1250 796 1319 830 ὀπτὴ
1341 795 1380 826 δὲ,
1405 794 1442 826 ὡς
1465 793 1538 824 λίθος
1561 792 1696 827 διαμένει.
1724 790 1818 820 Οὕτως

1027 844 1169 878 ἄνθρωπος
1183 841 1312 877 σαρκικὸν
1326 841 1454 876 φρόνημα
1467 839 1548 874 ἔχων,
1565 837 1611 864 καὶ
1629 836 1665 872 μὴ
1681 835 1818 871 πυρωῢεὶς

991 887 1012 914 Β
1027 890 1097 916 κατὰ
1116 890 1160 915 τὸν
1182 888 1280 922 Ἰωσὴφ
1293 887 1332 922 τῷ
1350 886 1455 922 φόΰῳ³⁷
1477 885 1522 911 τοῦ
1539 884 1617 915 Θεοῦ,
1639 883 1731 909 λύεται
1754 890 1820 917 προ-

1028 935 1112 961 ελοὼν
1132 935 1171 966 είς
1193 934 1291 969 ἀρχὴν.
1307 932 1404 958 Πολλοὶ
1419 931 1473 966 γὰρ
1502 930 1556 956 τῶν
1570 928 1697 956 τοιούτων
1712 930 1735 954 οἱ
1760 936 1818 954 πει-

1031 981 1139 1016 ρασμοὶ,
1159 982 1187 1006 ὲν
1204 980 1279 1014 μέσῳ
1294 978 1444 1013 ἀνθρώπων
1467 977 1551 1003 ὅντων
1563 976 1595 1002 ³⁵⁸.
1612 974 1699 1002 Καλὸν
1714 974 1742 1000 δέ
1758 981 1820 999 τινα

1029 1027 1116 1053 εἰδότα
1135 1026 1170 1052 τὰ
1189 1026 1242 1052 ἴδια
1263 1025 1360 1060 μέτρα.
1381 1024 1548 1058 ἀποφεύγειν
1566 1022 1595 1047 τὸ
1613 1021 1695 1057 βάρος
1708 1020 1757 1054 τῆς
1771 1020 1820 1054 ἀρ-

1029 1073 1089 1108 χῆς.
1109 1073 1140 1098 Οἱ
1166 1072 1194 1098 δὲ
1221 1071 1322 1106 ἑδραῖοι
1346 1071 1378 1104 τῇ
1408 1070 1514 1100 πίστει,
1540 1066 1735 1102 ἀμετακίνητοι
1755 1066 1818 1091 εἰσι.

1031 1120 1099 1154 Περὶ
1122 1118 1204 1144 αὑτοῦ
1221 1117 1274 1152 γὰρ
1292 1115 1338 1143 τοῦ
1357 1115 1509 1149 ἁγιωτάτου
1535 1114 1633 1148 Ἰωσὴφ
1653 1112 1699 1138 ἐὰν
1719 1111 1821 1146 θελήσῃ

1030 1176 1071 1198 τις
1087 1166 1210 1198 λαλῆσαι,
1228 1164 1312 1198 λέγει,
1327 1164 1367 1190 ὅτι
1383 1163 1433 1188 οὐκ
1451 1162 1572 1195 ἐπίγειος
1587 1158 1631 1195 ἦν.
1655 1159 1728 1186 Πόσα
1747 1159 1822 1184 ἐπει·
1839 1191 1841 1194 Ι

1034 1213 1128 1248 ράσθη,
1150 1212 1195 1238 καὶ
1213 1211 1241 1237 εν
1267 1209 1331 1245 ποία
1348 1209 1440 1246 χώρᾳ,
1462 1209 1527 1234 ὅπου
1543 1207 1592 1233 οὐκ
1607 1204 1642 1241 ἦν
1665 1205 1725 1231 τότε
1750 1205 1821 1238 ἴχνος

1032 1258 1203 1288 οεοσεῦείας;
1222 1255 1290 1282 Ἀλλ’
1302 1255 1316 1281 ὁ
1331 1254 1399 1285 Θεὸς
1414 1253 1468 1279 τῶν
1481 1254 1604 1288 πατέρων
1619 1251 1700 1277 αὑτοῦ
1713 1249 1746 1286 ἦν
1762 1251 1820 1285 μετ’

1032 1303 1125 1335 αὑτοῦ,
1153 1303 1199 1329 καὶ
1222 1301 1338 1334 ἐξείλετο
1359 1300 1440 1326 αὐτὸν
1463 1299 1494 1325 ὲκ
1518 1299 1607 1332 πάσης
1630 1297 1755 1331 Θλίψεως,
1774 1296 1821 1322 καὶ

1032 1349 1079 1376 νῦν
1099 1350 1157 1375 ἐστι
1179 1348 1247 1383 μετὰ
1271 1346 1325 1373 τῶν
1351 1346 1476 1380 πατέρων
1502 1343 1583 1370 αὑτοῦ
1601 1345 1630 1369 ὲν
1646 1344 1678 1378 τῇ
1698 1342 1822 1377 βασιλείᾳ.

1033 1395 1086 1422 τῶν
1109 1393 1240 1429 οὐρανῶν.
1262 1393 1316 1420 Καὶ
1331 1393 1411 1428 ἡμεῖς
1427 1391 1516 1418 τοίνυν
1531 1389 1686 1423 ἐπιγνόντες
1700 1388 1736 1414 τὰ
1757 1389 1821 1414 ἑαυ-

1033 1441 1086 1467 τῶν
1111 1440 1206 1476 μέτρα,
1223 1437 1436 1473 ἀγωνισώμεθα·
1458 1436 1534 1471 μόλις
1551 1435 1604 1470 γὰρ
1621 1434 1692 1461 οὕτω
1709 1433 1822 1468 δυνησό-

1035 1487 1104 1524 μεθα
1123 1486 1251 1520 ἐκφυγεῖν
1268 1484 1316 1520 τὴν
1332 1484 1422 1520 κρίσιν
1435 1483 1481 1509 τοῦ
1497 1481 1575 1508 θεοῦ.

1072 1589 1104 1624 β’.
1125 1586 1193 1614 Εἷπε
1211 1587 1306 1614 πάλιν·
1325 1584 1436 1620 Νομίζω
1451 1584 1498 1610 ἐὰν
1514 1583 1550 1618 μὴ
1563 1582 1703 1617 ἅνθρωπος
1719 1579 1825 1615 φυλάξῃ

1036 1637 1084 1671 τὴν
1101 1634 1196 1661 ἑαυτοῦ
1213 1633 1324 1669 καρδίαν
1341 1631 1441 1662 καλῶς.
1458 1631 1545 1656 πάντα
1566 1631 1617 1656 ὅσα
1630 1629 1746 1664 ἤκουσεν
1766 1628 1826 1652 επι-

1037 1682 1196 1708 λανθανεται
1215 1681 1260 1707 καὶ
1280 1679 1389 1714 ἀμελεῖ”
1409 1678 1456 1704 καὶ
1477 1676 1562 1707 οὕτως
1583 1677 1597 1701 ὁ
1619 1674 1714 1709 ἐχθρὸς
1737 1671 1826 1708 εὑρὼν

1039 1730 1067 1754 ἐν
1082 1727 1156 1762 αὑτῷ
1178 1727 1270 1757 τόπον,
1297 1725 1459 1755 καταϐάλλει
1479 1723 1567 1750 αὐτόν.
1584 1722 1687 1756 Ὥσπερ
1703 1719 1757 1754 γὰρ
1777 1717 1824 1744 λύ-

1038 1781 1100 1808 χνος
1127 1771 1285 1802 σκευασϐεὶς
1309 1770 1355 1796 καὶ
1373 1769 1486 1803 φαίνων,
1511 1767 1558 1793 ἐὰν
1583 1764 1707 1800 ἀμεληθῇ
1734 1763 1826 1790 λαϐεῖν

1039 1817 1138 1850 ἔλαιον,
1162 1817 1222 1843 κατ’
1238 1815 1326 1849 ὀλίγον
1351 1814 1502 1843 σϐέννυται,
1530 1812 1575 1837 καὶ
1600 1809 1692 1836 λοιπὸν
1716 1809 1827 1835 ἐνδυνα-

1041 1863 1138 1899 μοῦται
1155 1863 1184 1888 τὸ
1200 1862 1294 1892 σκότος
1310 1861 1368 1886 κατ’
1384 1859 1480 1886 αὑτοῦ⁸
1498 1858 1528 1884 οὐ
1551 1857 1630 1892 μόνον
1642 1856 1679 1884 δὲ.
1696 1854 1764 1881 ἀλλὰ
1780 1854 1828 1880 καὶ

1040 1910 1079 1937 Evr.
1099 1910 1162 1936 ὅταν
1177 1909 1223 1935 καὶ
1242 1908 1294 1943 μῦς
1312 1907 1374 1943 περὶ
1395 1906 1476 1932 αὑτὸν
1503 1905 1649 1939 ἐρχόμενος
1669 1901 1717 1928 καὶ
1739 1901 1829 1935 ζητῶν

1040 1956 1070 1982 τὸ
1089 1955 1225 1989 ἐλλύχνιον
1238 1953 1416 1988 καταφαγεῖν,
1434 1951 1487 1988 πρὸ
1505 1951 1553 1984 μὲν
1563 1949 1609 1975 τοῦ
1634 1947 1779 1982 σϐεσθῆναι
1798 1946 1830 1972 τὺ

1041 2001 1139 2032 ἔλαιον,
1159 2001 1189 2026 οὐ
1206 2000 1315 2026 δύναται
1328 1999 1362 2014 ³⁸·
1386 1998 1434 2024 ἐὰν
1456 1997 1484 2023 δὲ
1500 1996 1540 2031 ἴδῃ
1564 1996 1605 2022 ὅτι
1629 1994 1658 2020 οὺ
1678 1994 1756 2029 μόνον
1772 1992 1830 2027 φῶς

1041 2048 1091 2073 οὐκ
1109 2047 1174 2081 ἔχει,
1191 2046 1247 2072 ἀλλ’
1259 2046 1319 2072 οὐδὲ
1334 2044 1439 2079 Θέρμην
1457 2041 1553 2077 πυρὸς,
1567 2041 1628 2066 τότε
1647 2040 1676 2066 τὸ
1694 2038 1830 2073 ἐλλύχνιον

1041 2094 1196 2121 ἀνασπάσαι
1219 2092 1313 2122 Θέλων,
1330 2090 1494 2118 καταϐάλλει
1517 2089 1564 2114 καὶ
1588 2088 1633 2113 τὸν
1651 2087 1764 2121 λύχνον⁵
1783 2085 1831 2111 καὶ

1042 2139 1089 2165 ἐὰν
1106 2139 1154 2173 μὲν
1209 2137 1380 2172 όστρέικινον,
1395 2133 1579 2168 συντρίϐεται·
1603 2132 1649 2158 ἐὰν
1671 2132 1699 2157 δε
1714 2129 1831 2165 χαλκοῦν

1043 2185 1152 2220 εὑρεθῇ,
1168 2183 1220 2210 ὑπὸ
1241 2182 1289 2209 τοῦ
1314 2181 1502 2208 οἰκοδεσπότου
1530 2177 1689 2209 σκευάζεται
1712 2175 1830 2203 ἄνωθεν·

1043 2230 1129 2262 οὕτως
1145 2229 1298 2265 ἀμελούσης
1317 2227 1414 2262 ψυχῆς,
1430 2226 1491 2252 ὅσον
1509 2225 1570 2251 ὅσον
1585 2224 1606 2239 ⁸ο
1622 2224 1652 2250 τὸ
1668 2222 1780 2256 Πνεῦμα
1802 2222 1834 2247 τὸ

1044 2277 1121 2310 ἅγιον
1136 2276 1284 2310 ὑποχωρεῖ,
1298 2274 1350 2304 ἕως
1371 2272 1461 2298 τέλεον
1480 2270 1637 2304 ἀποσϐεσθῇ
1663 2270 1710 2303 τῆς
1728 2267 1834 2302 θέρμης

1044 2322 1146 2357 αὐτ-ἧς’
1162 2321 1209 2347 καὶ¹
1226 2319 1318 2346 λοιπὸν
1332 2320 1345 2345 ὁ
1359 2319 1465 2354 ἐχθρὸς,
1483 2315 1648 2350 καταφαγὼν
1668 2314 1716 2350 τὴν
1733 2313 1835 2350 προθυ-

1045 2367 1108 2402 μίαν
1122 2367 1172 2401 τῆς
1187 2367 1285 2401 ψυχῆς,
1301 2366 1348 2392 καὶ
1365 2365 1395 2390 τὸ
1418 2364 1497 2399 σῶμα
1519 2361 1642 2397 ἀφανίζει
1659 2361 1751 2387 κακία.
1771 2359 1836 2385 Ἐὰν

1043 2412 1099 2450 δὲῇ
1114 2415 1215 2444 ἐκεῖνος
1231 2412 1309 2443 καλὸς
1322 2412 1354 2446 τῇ
1371 2410 1490 2437 διαθέσει
1506 2409 1573 2444 πρὸς
1588 2408 1632 2434 τὸν
1646 2407 1723 2435 Θεὸν,
1740 2404 1836 2435 ἁπλῶς

1044 2459 1071 2485 δὲ
1086 2449 1206 2494 ἧρπὰγει
1221 2459 1260 2489 είς
1281 2457 1421 2492 ἀμέλειαν,
1437 2456 1451 2481 ὁ
1469 2455 1535 2486 Θεὸς
1556 2454 1593 2485 ὡς
1611 2452 1771 2486 οἰκτίρμων,
1789 2449 1838 2484 βα-

1044 2504 1098 2530 λὼν
1118 2505 1158 2534 εἰς
1180 2504 1259 2530 αὑτὸν
1275 2503 1320 2528 τὸν
1342 2501 1423 2536 φόϐον
1444 2500 1538 2530 αὑτοῦ,
1563 2499 1610 2526 καὶ
1626 2497 1680 2523 τῶν
1698 2495 1838 2522 κολάσεων

1045 2550 1093 2584 τὴν
1110 2549 1229 2585 μνήμην,
1248 2546 1452 2582 παρασκευάζει
1464 2546 1560 2581 νήφειν
1574 2543 1666 2574 αὑτὸν,
1684 2542 1731 2568 κα¹ι
1746 2541 1839 2575 τηρεῖν

1047 2597 1141 2624 ἑαυτὴν
1165 2597 1204 2627 εἰς
1223 2595 1257 2621 τὰ
1281 2593 1435 2629 ἔμπροσθεν
1462 2592 1531 2627 μετὰ
1556 2589 1704 2624 ἀσφαλείας
1723 2586 1840 2621 πολλῆς,

1047 2642 1100 2673 ἓως
1112 2642 1161 2676 τῆς
1180 2639 1331 2674 ἐπισκοπῇς
1347 2637 1440 2664 αὑτοῦ.

1302 2769 1324 2786 ³⁸
1341 2771 1384 2797 Al.
1409 2769 1480 2796 κατὰ
1505 2766 1611 2804 μικρόν.

1090 2861 1145 2898 (70)
1165 2861 1215 2888 γέι.
1233 2860 1308 2887 Patr.
1326 2867 1364 2892 xl,
1381 2858 1426 2886 δι.
