1970 3074
170 182 223 210 διο

757 184 924 213 ΑΡΡΕΝΜΧ
944 182 989 210 AD
1007 182 1216 214 PALLADlUM.

1745 183 1798 214 59.0

172 243 280 271 \crbis:
295 243 356 275 Abi,
381 251 435 271 non
453 243 518 270 mihi
536 249 623 271 vacat.
646 243 680 270 At
697 244 735 271 illi
751 246 962 279 permanserunt

1026 244 1232 278 ιναγγείλαντος,
1257 245 1400 280 ἐδήλωσεν,
1421 246 1522 274 εἰπών’
1543 247 1661 281 Ὕπαγε,
1679 247 1710 273 οὐ
1737 254 1798 281 σχο-

173 290 206 317 ad
220 294 316 317 aestum
333 291 408 320 solis.
426 291 547 318 aientes:
565 290 622 318 Non
635 291 806 322 secedemus,
823 291 875 318 nisi
888 295 962 325 post-

173 344 255 371 quam
267 336 340 371 digni
357 337 406 364 visi
426 337 559 364 fuerimus
574 337 679 364 admitti
692 345 707 363 a
723 345 798 365 sene.
819 337 905 363 Porro
918 345 962 364 se-

174 390 236 414 nex,
261 390 376 410 cernens
401 383 581 410 humilitatem
605 391 712 415 eorum,
729 391 834 410 necnon
847 383 957 418 patien-

175 428 259 458 tiam,
284 429 493 463 compunctione
522 429 619 455 ductus
637 429 753 464 aperuit.
786 428 818 456 Et
847 430 962 464 ingressi

174 473 265 500 cibum
283 478 458 508 sumpserunt
482 482 543 500 cum
567 482 608 501 eo.
627 474 694 501 Cum
711 479 800 502 autem
816 475 962 502 manduca-

175 523 245 552 rcnt,
265 520 309 547 ille
337 519 421 547 dixit:
451 519 568 551 Revera,
588 529 640 547 non
656 525 720 548 sunt
737 529 767 547 ea
785 521 841 548 sola
858 529 918 557 qua:
931 522 964 549 de

175 565 253 592 vobis
283 565 384 596 audivi.
414 565 461 592 sed
489 565 648 600 centuplum
673 566 802 600 conspexi
827 566 854 593 in
881 574 964 601 opere

175 615 278 638 vestro.
295 610 332 637 Ex
348 610 394 637 illa
408 619 471 646 ergo
483 611 527 638 die
542 612 647 638 amicus
659 619 753 638 eorum
775 612 892 639 exstitit.

212 657 239 684 5.
257 657 312 692 ('76)
332 656 423 683 Voluit
435 657 582 691 aliquando
597 665 700 692 prwses
715 658 865 692 provincia:
891 659 964 686 illius

176 702 269 729 videre
289 701 414 728 abbatem
439 700 612 732 Pwmenem;
629 708 679 728 nec
701 701 860 728 admittebat
870 709 962 728 senex.

177 749 263 784 Igitur
292 753 401 783 sumpto
418 751 562 782 praetextu,
580 749 658 782 quasi
684 748 869 775 facinorosum
890 755 966 774 com-

178 795 346 831 prehensum
367 794 451 820 lilium
470 794 574 820 sororis
589 793 660 828 ejus,
679 793 753 820 misit
773 793 798 819 in
815 800 964 824 carcerem,

178 843 272 870 dicens
286 851 292 868 ε
311 841 339 868 Si
355 841 460 868 venerit
471 848 553 867 senex
577 844 604 867 et
614 841 734 867 oraverit
747 848 795 875 pro
805 849 848 872 eo,
862 848 911 875 ego
925 840 966 866 di-

179 889 293 916 mittam.
314 888 437 915 Accessit
455 895 533 914 soror
550 887 622 921 ejus,
640 887 742 914 deflens
762 887 795 914 ad
805 887 926 920 januam.
942 887 964 914 Is

179 942 244 961 vero
257 942 311 961 non
325 933 399 960 dedit
412 941 582 967 responsum.
603 933 693 966 Quare
705 933 802 960 mulier
814 933 966 960 maledictis

179 979 222 1006 his
239 979 382 1014 appetebat
397 986 478 1005 eum:
498 977 655 1005 Visceribus
678 979 760 1005 auleis
771 978 892 1012 przedite,
909 979 967 1004 Ini-

178 1033 269 1053 serere
297 1024 362 1056 mei,
378 1024 442 1059 quia
471 1024 542 1052 hanc
569 1033 650 1051 unam
675 1025 796 1052 sobolem
822 1024 917 1051 habeo.
934 1024 967 1051 At

179 1072 225 1099 ille
240 1072 353 1098 mittens
366 1071 551 1098 renuntiavit:
569 1070 679 1098 Pmmen
695 1071 795 1098 liberos
807 1079 860 1098 non
875 1079 968 1099 susce-

179 1118 228 1154 pit.
244 1118 333 1153 Atque
345 1117 459 1144 recessit
476 1117 502 1144 in
528 1117 600 1143 hunc
615 1117 735 1144 modum.
754 1116 788 1144 lis
806 1125 870 1152 ergo
890 1117 967 1144 audi-

178 1165 225 1197 tis.
244 1172 345 1199 prmses
363 1163 446 1196 misit,
466 1164 556 1191 aiens:
571 1163 674 1190 Saltem
689 1164 771 1191 verbo
786 1164 880 1198 jubeat
895 1173 902 1197 ',
927 1164 969 1190 di-

179 1212 284 1238 mittam
316 1211 403 1238 illum.
432 1210 520 1238 Senex
550 1219 615 1237 vero
644 1211 766 1238 vicissim
789 1211 967 1246 signiﬁcavit:

179 1257 288 1293 lnquire
303 1257 455 1285 secundum
477 1258 565 1292 leges;
582 1262 609 1284 et
634 1263 721 1285 morte
747 1258 770 1285 si
794 1257 893 1293 dignus
915 1261 967 1290 est,

180 1305 323 1337 moriatur;
343 1305 364 1331 si
386 1312 439 1331 non
455 1308 505 1335 est,
521 1304 562 1331 fac
578 1308 606 1330 ut
625 1304 766 1338 placuerit.

216 1351 243 1378 6.
260 1351 316 1386 (Π)
333 1351 451 1386 Deliquit
463 1350 612 1386 aliquando
626 1351 709 1377 frater
724 1351 751 1377 in
770 1349 912 1382 eoenobio;
927 1350 972 1377 de«

180 1398 260 1433 gebat
276 1402 366 1424 autem
383 1398 417 1425 iis
443 1397 469 1424 in
497 1397 565 1424 locis
594 1397 772 1428 anachoreta,
794 1396 840 1431 qui
859 1404 873 1423 a
890 1397 971 1432 longo

181 1449 301 1477 tempore
328 1451 381 1469 non
407 1447 590 1478 processerat.
621 1441 740 1469 Veniens
763 1450 828 1476 ergo
853 1441 972 1469 ccenobii

181 1490 265 1516 abbas
279 1489 311 1516 ad
327 1497 431 1522 senem,
446 1489 581 1516 nuntiavit
596 1489 621 1516 ei
637 1488 670 1516 de
689 1488 774 1516 fratre
790 1490 836 1524 qui
850 1489 972 1524 delique-

181 1540 233 1563 rat.
252 1536 296 1562 Ait
312 1537 373 1563 ille:
393 1536 527 1571 Expellite
541 1544 617 1563 eum.
635 1535 770 1571 Egressus
784 1543 847 1562 vero
860 1535 943 1562 frater
957 1542 973 1562 e

181 1582 320 1612 connubio,
335 1582 447 1608 intravit
461 1582 487 1608 in
502 1581 672 1616 speluncam,
690 1581 780 1616 ibique
796 1581 886 1607 flebat.
902 1581 974 1608 Con-

182 1627 243 1662 tigit
261 1631 415 1661 opportune
432 1631 461 1653 ut
473 1627 573 1653 fratres
590 1626 715 1653 nonnulli
733 1626 779 1661 qui
792 1626 825 1653 ad
845 1626 971 1653 abbatem

182 1672 335 1699 Ptemenem
346 1671 600 1706 proﬁciscebantur,
610 1671 737 1698 audirent
752 1671 826 1699 illum
847 1671 972 1706 ﬂentem;

182 1721 228 1755 qui
244 1720 359 1755 ingressi
386 1720 550 1746 invenerunt
579 1726 688 1746 smmuo
713 1718 841 1746 allectum
861 1719 972 1752 dolore,

182 1766 342 1800 hortatique
365 1769 426 1793 sunt
445 1769 474 1791 ut
491 1764 526 1791 ad
541 1772 634 1792 senem
659 1769 799 1799 pergeret;
812 1765 859 1792 sed
876 1765 973 1799 noluit,

183 1813 296 1840 dicens:
312 1811 361 1839 llic
376 1820 428 1847 ego
449 1812 563 1839 morior.
582 1810 728 1838 Venientes
743 1819 825 1846 porro
844 1811 878 1838 ad
891 1811 977 1839 abba-

183 1863 238 1885 tem
254 1858 408 1885 Pmmenem
439 1864 497 1884 rem
517 1856 541 1884 ci
567 1860 760 1884 narraverunt.
778 1856 825 1884 llle
849 1856 976 1892 precibus

184 1903 312 1931 inductos
327 1911 360 1931 eo
374 1903 491 1941 remisit,
502 1903 627 1930 dicturos
643 1903 720 1929 fratri
735 1913 742 1931 :
757 1903 848 1931 Abbas
864 1903 975 1930 l’mmen

185 1953 265 1976 vocat
291 1953 326 1977 te.
356 1948 435 1976 Venit
451 1949 544 1976 frater.
569 1949 654 1982 Quem
677 1957 758 1977 senex
777 1950 893 1977 intuitus
908 1950 976 1976 allli-

186 2001 271 2028 ctum,
292 1997 422 2026 surrexit.
437 1997 595 2031 complexus
611 2001 664 2029 est,
688 2000 715 2024 et
734 2004 797 2023 cum
812 2004 845 2024 eo
862 1998 977 2024 comiter

186 2051 280 2078 agens,
298 2044 403 2078 rogavit
420 2048 450 2070 ut
465 2043 556 2070 cibqu
572 2047 705 2070 sumeret.
723 2042 798 2070 Misit
811 2047 902 2070 autem
927 2043 977 2070 ab-

187 2091 237 2127 bas
254 2089 365 2117 Pwmcn
385 2090 503 2124 aliquem
522 2089 636 2116 fratrum
653 2097 766 2117 suorum
783 2090 815 2117 ad
833 2091 979 2117 anachore-

188 2140 255 2169 tam,
270 2136 316 2170 qui
338 2136 493 2163 nuntiaret:
512 2135 531 2162 A
550 2136 644 2162 multis
663 2136 743 2163 annis
761 2135 853 2163 videre
867 2139 893 2163 te
906 2135 979 2163 desi-

188 2183 265 2214 dero,
279 2187 423 2218 postquam
433 2182 466 2210 de
481 2182 563 2210 rebus
578 2183 632 2210 tuis
654 2182 764 2215 audivi;
780 2182 826 2210 sed
837 2190 870 2209 ex
884 2182 979 2210 ambo-

188 2237 249 2256 rum
268 2230 386 2264 pigritia,
403 2237 455 2256 non
470 2229 612 2264 congressi
624 2237 731 2256 sumus.
747 2229 824 2256 Nunc
835 2237 908 2264 ergo,
923 2229 980 2257 Deo

1012 289 1095 322 λάζω.
1113 291 1146 316 0t
1159 291 1188 317 δὲ
1201 291 1349 326 ὑπέμειναν
1365 293 1405 324 εις
1416 293 1446 319 τὸ
1459 293 1562 328 καῦμα,
1576 293 1699 327 λέγοντες
1711 301 1718 307 ·
1743 293 1800 318 Οὐκ

1013 335 1217 371 ἀναχωροῦμεν,
1235 335 1282 362 ἐὰν
1306 336 1343 372 μὴ
1365 337 1576 373 καταξιωθὼμεν
1598 338 1645 364 τοῦ
1662 337 1799 373 γέροντος.

1020 381 1048 407 Ὀ
1063 381 1090 408 δὲ
1099 382 1197 417 γέρων,
1215 382 1276 409 ὶδὼν
1288 383 1336 418 τὴν
1346 384 1509 410 ταπείνωσιν
1516 384 1605 410 αὐτῶν
1616 384 1663 410 κα¹ι
1675 384 1724 420 τὴν
1733 384 1800 410 ὐπο-

1016 428 1109 463 μονὴν,
1128 428 1291 462 κατανυγεὶς
1303 449 1311 460 ,
1323 429 1440 464 ἀνέῳξεν
1454 431 1555 462 αὐτοῖς.
1569 431 1624 457 Καὶ
1637 430 1800 460 εἰσελθόντες

1014 474 1161 508 ἐγεύσαντο
1177 474 1234 509 μετ’
1249 475 1342 502 αὑτοῦ.
1363 475 1522 502 Ἐσθιόντων
1535 476 1563 502 δὲ
1583 476 1683 507 αὐτῶν,
1708 476 1783 510 ἔλεγε
1794 484 1800 490 '

1021 520 1079 546 Ἐπ’
1102 520 1238 556 ἀληθείας,
1253 521 1303 548 οὐκ
1326 522 1381 548 εἰσὶ
1396 521 1463 557 μόνα
1477 522 1494 548 ἃ
1515 522 1620 557 ἀκήκοα
1639 522 1701 558 περὶ
1714 521 1801 557 ὑμῶν.

1015 565 1072 593 ἀλλ’
1095 567 1362 594 ἑκατονταπλασίονα
1397 565 1466 594 εἶδον
1500 569 1529 594 ἐν
1555 568 1593 602 τῷ
1618 567 1690 603 ἔργῳ
1714 567 1802 603 ὑμῶν.

1022 612 1145 647 Ἐγένετο
1163 613 1190 639 δὲ
1215 613 1305 640 αὐτῶν
1327 613 1404 648 φίλος
1420 613 1475 640 ἀπὸ
1491 614 1539 648 τῆς
1558 614 1664 649 ἡμέρας
1685 614 1802 649 ἐκείνης.

1051 660 1081 683 ε’.
1114 657 1243 692 Ἠθέλησέ
1266 666 1330 684 ποτε
1354 659 1368 685 6
1391 658 1482 694 ἄρχων
1507 660 1556 694 τῆς
1587 659 1678 694 χώρας
1699 658 1804 692 ἐκείνης

1017 703 1080 730 ἰδεῖν
1101 703 1146 730 τὸν
1163 704 1250 730 ὰὸὅᾶν
1268 705 1401 740 Ποιμένα,
1426 705 1474 731 καὶ
1494 705 1525 731 οὺ
1546 704 1705 739 κατεδέχετο
1725 706 1740 731 6
1760 704 1806 738 yi-

1017 758 1082 785 ρων.
1108 750 1247 785 Προφάσει
1270 751 1298 777 δὲ
1320 751 1358 782 ὡς
1379 751 1533 787 κακοῦργον
1554 750 1669 786 κατέσχε
1689 751 1735 777 τὸν
1749 751 1806 777 υἱὸν

1016 796 1066 831 τῆς
1085 796 1203 832 ἀδελφῆς
1215 797 1308 829 αὐτοῦ,
1325 798 1371 824 καὶ
1386 797 1481 824 ἔϐαλεν
1498 799 1538 829 εἰς
1553 797 1686 833 φυλακὴν,
1701 797 1787 831 λέγων
1798 806 1804 812 ·

1024 843 1086 870 Ἐὰν
1099 843 1162 879 ἔλθῃ
1174 845 1188 870 6
1201 844 1299 879 γέρων,
1314 845 1361 870 xai
1373 844 1550 880 παρακαλέσῃ
1563 845 1633 880 ὑπὲρ
1647 844 1738 877 αὑτοῦ,
1753 843 1807 878 ἐγὼ

1018 889 1127 919 ἀπολύω
1147 890 1238 916 αὐτόν.
1254 890 1308 916 Καὶ
1329 888 1411 925 ἦλθεν
1430 891 1446 926 ὴ
1469 889 1675 926 ἁδελφὴῖαὺτοῦ
1699 890 1810 916 κλαίουο

1020 944 1054 962 σα
1091 935 1159 970 πρὸς
1180 937 1212 970 τῇ
1237 935 1317 972 θύρᾳ.
1347 936 1377 962 Ὁ
1407 936 1435 963 δὲ
1463 936 1512 962 οὐκ
1535 936 1633 962 ἔδωκεν
1656 936 1724 971 αὐτῇ
1742 936 1809 962 ἀπό-

1020 990 1120 1017 κρισιν.
1153 983 1185 1008 ἸΙ
1209 983 1237 1008 δὲ
1262 982 1392 1018 ἐλοιδόρει
1415 983 1512 1014 αὐτὸν,
1539 983 1672 1016 λέγουσα·
1699 982 1807 1009 Χαλκό-

1022 1027 1168 1062 σπλαγχνε.
1187 1027 1298 1062 ἐλέησόν
1315 1037 1359 1061 με,
1377 1029 1417 1055 ὅτι
1443 1029 1589 1063 μονογενής
1607 1029 1651 1063 μοι
1669 1029 1752 1054 ἐστιν.
1776 1028 1806 1053 ὐ

1020 1073 1047 1099 δὲ
1065 1073 1174 1108 πέμψας
1193 1072 1270 1100 εἶπεν
1287 1074 1372 1110 αὐτῇ·
1388 1073 1493 1110 Ποιμὴν
1506 1075 1589 1101 τέκνα
1603 1075 1653 1101 οὐκ
1670 1074 1808 1108 ἐγέννησε.

1023 1120 1075 1146 Καὶ
1089 1120 1174 1152 οὕτως
1190 1119 1374 1156 ἀνεχώρησεν.
1397 1121 1528 1152 Ἀκούσας
1542 1121 1569 1147 δὲ
1583 1121 1684 1156 ἄρχων,
1697 1119 1803 1155 έπεμψε

1022 1166 1121 1200 λέγων·
1143 1165 1202 1192 Κᾶν
1223 1165 1295 1201 λόγῳ
1323 1165 1450 1203 κελεύσῃ,
1473 1166 1584 1192 ἀπολύω
1609 1166 1699 1193 αὐτόν.
1729 1166 1759 1192 Ὀ
1782 1166 1810 1192 δὲ

1022 1213 1111 1248 γέρων
1137 1211 1316 1247 ἀντεδήλωσε,
1343 1211 1447 1246 λέγων·
1479 1211 1622 1244 Ἐξέτασον
1650 1211 1721 1238 κατὰ
1748 1212 1811 1243 τοὺς

1023 1258 1137 1293 νόμους’
1157 1258 1204 1284 καὶ
1220 1258 1245 1284 εἰ
1265 1257 1339 1291 ἄξιός
1359 1258 1416 1284 ἐστι
1441 1257 1567 1289 θανάτου,
1587 1257 1760 1284 ἁποθανέτω·
1787 1259 1811 1284 εξ

1023 1303 1051 1329 δὲ
1065 1303 1115 1329 οὐκ
1132 1303 1216 1334 ἔστιν,
1231 1302 1269 1334 ὡς
1287 1302 1376 1337 βούλει
1393 1302 1504 1338 ποίησον
1517 1301 1552 1330 ⁸⁸.

1061 1353 1098 1381 ς’.
1124 1349 1243 1384 Ἐσφάλη
1259 1349 1324 1375 ποτὲ
1345 1348 1460 1382 ἀδελφὸς
1474 1349 1503 1374 ἐν
1522 1348 1664 1383 κοινοὸίῳ·
1686 1346 1720 1384 ἦν
1740 1348 1768 1374 δὲ
1783 1348 1812 1374 ἐν

1024 1397 1080 1427 τοῖς
1095 1395 1188 1426 τόποις
1206 1394 1319 1426 ἐκείνοις
1336 1395 1531 1429 ἁναχωρητής·
1553 1395 1599 1420 καὶ
1617 1393 1708 1429 πολλῷ
1724 1394 1814 1430 χρόνῳ

1025 1441 1055 1467 οὺ
1073 1439 1215 1475 προῆλθεν.
1238 1440 1337 1466 Ἐλθὼν
1351 1440 1379 1466 δὲ
1396 1439 1409 1465 ὁ
1423 1440 1511 1471 ἁῧῧᾶς
1530 1439 1577 1466 τοῦ
1597 1439 1730 1466 κοινοὸίου
1746 1439 1814 1474 προς

1025 1487 1070 1514 τὸν
1086 1487 1212 1522 γέροντα,
1232 1486 1392 1522 ἀνήγγειλεν
1409 1486 1483 1521 αὑτῷ
1504 1487 1568 1521 περὶ¹
1584 1486 1630 1512 τοῦ
1657 1487 1812 1520 σφαλέντος.

1032 1534 1061 1560 '0
1074 1533 1102 1560 δὲ
1119 1530 1179 1559 εἷπε
1190 1541 1197 1548 ⁸
1223 1532 1341 1565 Διώξατε
1358 1532 1448 1559 αὐτόν.
1470 1531 1600 1565 Ἐξελθὼν
1619 1532 1647 1558 δὲ
1664 1533 1678 1558 6
1700 1532 1815 1566 665146;

1027 1579 1074 1606 τοῦ
1091 1579 1236 1610 κοινοϐίου,
1260 1578 1383 1614 εἰσῆλθεν
1407 1579 1446 1610 εἰς
1469 1578 1618 1615 χαράδραν,
1637 1579 1684 1605 καὶ
1707 1578 1815 1605 ἔκλαιεν

1026 1627 1093 1653 ἐκεῖ.
1119 1625 1291 1661 Εὑκαίρησαν
1313 1625 1340 1651 δὲ
1363 1625 1472 1659 ἀδελφοὶ
1489 1625 1670 1660 ἀπερχόμενοι
1688 1626 1754 1660 πρὸς
1770 1625 1817 1651 τὸν

1024 1672 1112 1699 ἀϐϐἄν
1134 1671 1266 1706 Ποιμένα,
1286 1672 1332 1698 καὶ
1349 1672 1470 1706 ἥκουσαν
1487 1670 1568 1697 αὑτοῦ
1592 1670 1745 1702 κλαίοντος-
1770 1671 1817 1698 καὶ

1025 1719 1190 1750 εἰσελθόντες
1213 1716 1291 1754 εὖρον
1307 1717 1390 1744 αὑτὸν
1407 1718 1435 1744 ἐν
1450 1717 1560 1752 μεγάλῳ
1576 1717 1664 1752 πόνον
1682 1717 1729 1743 καὶ
1742 1726 1815 1752 παρ-

1026 1765 1158 1792 εκάλεσαν
1170 1765 1249 1791 αὑτὸν
1262 1762 1327 1800 ἆραι
1336 1763 1403 1799 πρὸς
1415 1764 1460 1790 τὸν
1469 1764 1592 1799 γέροντα.
1606 1763 1659 1790 Καὶ
1666 1763 1715 1790 οὐκ
1725 1763 1816 1798 ἤθελε,

1026 1812 1129 1846 λέγων’
1155 1809 1218 1837 Ὧδε
1236 1810 1290 1845 ὲγὼ
1305 1811 1480 1845 ἀποθνήσκω.
1499 1810 1634 1841 Ἐλθόντες
1651 1809 1678 1836 δὲ
1693 1810 1759 1845 πρὸς
1771 1810 1818 1836 τὸν

1027 1857 1113 1884 ἀὸἣᾶν
1125 1856 1244 1891 Ποιμένα
1263 1855 1427 1890 διηγήσαντο
1440 1855 1524 1890 αὐτῷ.
1553 1857 1606 1882 Καὶ
1624 1856 1818 1891 παρακαλέσας

1028 1903 1135 1934 αὐτοὺς.
1146 1903 1289 1929 ἀπέστειλε
1299 1902 1385 1936 λέγων
1396 1911 1402 1916 ·
1418 1902 1520 1928 Εἴπατε
1531 1902 1615 1937 αὐτῷ,
1625 1903 1665 1928 ὅτι
1688 1902 1716 1928 Ὀ
1732 1902 1819 1933 ὰϐϐᾱς

1029 1948 1132 1983 Ποιμὴν
1149 1949 1231 1982 φωνεῖ
1248 1957 1287 1974 σε.
1304 1946 1388 1974 Ὶὶλθε
1398 1948 1426 1974 δὲ
1442 1948 1509 1984 πρὸς
1518 1949 1598 1974 αὑτὸν
1611 1950 1625 1974 ὁ
1634 1947 1759 1981 ἀδελφός·
1772 1948 1820 1974 καὶ

1031 1994 1091 2021 ἰδὼν
1100 1995 1180 2020 αὑτὸν
1198 1996 1211 2021 ό
1226 1994 1314 2030 γέρων
1330 1994 1518 2030 τεθλιμμένον,
1529 1995 1647 2026 ἀναστὰς
1664 1995 1818 2029 ἠσπάσατο,

1030 2041 1076 2068 καὶ
1096 2041 1330 2076 χαριεντιζόμενος
1349 2042 1406 2076 μετ’
1424 2041 1517 2072 αὑτοῦ,
1535 2042 1707 2076 παρεκάλεσε
1718 2043 1819 2077 γεύσα-

1030 2087 1101 2113 σθαι.
1117 2086 1273 2113 ’Λπέστειλε
1281 2086 1308 2112 δὲ
1317 2087 1330 2112 ὁ
1338 2086 1424 2117 ὰὸϐἇς
1434 2086 1536 2122 Ποιμὴν
1545 2087 1597 2113 τῶν
1607 2087 1728 2122 ἀδελφῶν
1737 2087 1820 2114 αὐτοῦ

1030 2141 1092 2160 τινα
1109 2134 1175 2168 πρὸς
1186 2133 1231 2159 τὸν
1247 2132 1436 2168 ἀναχωρητὴν,
1451 2132 1538 2166 λέγων
1548 2142 1554 2147 ·
1573 2133 1619 2159 Ἐκ
1635 2133 1737 2160 πολλῶν
1752 2134 1821 2161 ἐτῶν

1031 2179 1184 2214 ἐπεθύμουν
1202 2187 1231 2205 σε
1250 2179 1324 2211 ἰδεῖν,
1345 2179 1453 2205 ἁκούων
1474 2179 1509 2205 τὰ
1532 2180 1596 2215 περὶ
1619 2180 1677 2211 σοῦ,
1694 2180 1740 2206 καὶ
1765 2180 1820 2206 ἀπὸ

1031 2225 1160 2260 ὀκνηρίας
1176 2224 1338 2260 ἀμφοτέρων
1355 2224 1384 2250 οὺ
1404 2224 1584 2260 συνετύχομεν
1605 2225 1739 2260 ἀλλήλοις.
1763 2225 1821 2252 Νῦν

189 2275 306 2307 volente,
321 2276 466 2302 occasione
483 2276 586 2308 oblata,
602 2276 721 2303 laborem
739 2275 844 2302 itineris
858 2277 971 2310 suscipe.

1031 2271 1076 2299 οὖν
1088 2271 1154 2298 Θεοῦ
1171 2271 1302 2303 θέλοντος,
1317 2271 1364 2297 καὶ
1379 2272 1506 2306 ἀφορμῆς
1519 2272 1678 2307 γενομένης,
1691 2271 1821 2306 σκύλθητι

189 2330 220 2348 ac
240 2322 394 2350 videbimus
413 2330 475 2349 nos.
493 2321 551 2349 Non
568 2322 641 2349 enim
666 2322 857 2357 egrediebatur
874 2330 889 2349 e
910 2323 978 2349 cella

189 2376 249 2395 sua.
270 2367 317 2394 llle
335 2368 460 2399 audiens.
478 2368 548 2402 apuxl
573 2375 621 2394 se:
638 2366 696 2394 Nisi
718 2366 788 2394 Deus
811 2367 868 2394 seni
891 2367 978 2402 inspi-

190 2418 290 2445 rassct,
309 2421 363 2441 non
378 2414 500 2441 misisset.
519 2413 552 2440 ad
569 2421 622 2440 me.
639 2412 773 2446 Quacirca
792 2421 918 2449 surgens,
932 2422 978 2441 ac-

189 2461 283 2488 cessit.
298 2461 421 2495 Curaque
433 2468 463 2487 se
478 2463 574 2487 mutuo
586 2459 639 2486 laeti
651 2460 827 2491 salutassent,
840 2460 978 2487 sederunt.

189 2506 259 2534 Tum
284 2506 319 2533 ad
345 2514 408 2534 eum
421 2507 507 2533 abbas
521 2505 632 2534 Poemen
651 2505 725 2533 hunc
743 2506 862 2533 instituit
875 2513 980 2533 sermo-

190 2561 252 2580 ncm
267 2563 273 2581 :
289 2553 347 2581 Duo
363 2553 487 2580 homines
502 2554 528 2580 in
549 2553 668 2588 quodam
683 2552 744 2579 loco
768 2552 912 2586 degebant,
933 2552 979 2587 qui

191 2599 272 2626 ambo
291 2603 414 2626 mortuos
442 2598 578 2625 habebant
605 2597 677 2633 apud
704 2606 754 2630 se;
780 2597 884 2624 dimisit
908 2605 980 2625 unus

192 2649 329 2672 mortuum
339 2653 430 2676 suum,
445 2649 526 2679 atque
538 2644 606 2672 abiit
621 2644 655 2671 ad
668 2644 828 2679 plorandum
843 2648 980 2671 mortuum

193 2691 306 2719 alterius
331 2691 398 2726 (78).
424 2691 547 2718 Audiens
577 2698 659 2725 porro
686 2697 780 2721 senex.
801 2694 982 2725 compunctus

192 2742 235 2766 est
251 2745 283 2766 ea
299 2737 436 2770 oratione,
456 2737 670 2772 recordatusque
679 2740 722 2763 est
737 2736 774 2763 rei
788 2743 869 2771 quam
882 2735 984 2764 fecerat

230 2817 252 2831 ’θ
272 2816 312 2842 Al.
329 2816 391 2843 add.
411 2817 425 2842 6
437 2815 464 2842 δὲ
480 2816 571 2851 ἅρχων
589 2814 720 2847 ἀκούσας,
735 2815 795 2842 τότε
811 2815 892 2841 αὐτὴν
905 2815 1050 2844 ἀπέλυσεν.

232 2887 286 2923 (76)
308 2888 359 2914 l'il.
379 2888 452 2915 Pulr.
473 2896 530 2920 rm,
557 2888 603 2919 15;

627 2886 725 2914 [indeii
745 2886 873 2918 i't'ritlm'.,

199 2923 241 2951 S8.

894 2895 933 2918 lll,
956 2887 982 2919 6,

1032 2319 1084 2350 ἕως
1105 2318 1159 2344 τῶν
1180 2314 1231 2343 ὧδε
1258 2318 1304 2343 καὶ
1331 2317 1464 2352 βλέπομεν
1486 2317 1627 2352 ἀλλήλους.
1653 2315 1707 2343 1rHv
1731 2317 1759 2344 δὲ
1785 2318 1821 2352 μὴ

1033 2364 1212 2399 ἐξερχόμενος
1238 2363 1269 2389 ἐκ
1295 2361 1342 2388 τοῦ
1367 2361 1472 2388 κελλίου
1499 2361 1597 2388 αὑτοῦ·
1628 2361 1674 2388 καὶ
1703 2361 1822 2392 ἀκούσας

1034 2411 1142 2445 ἑλεγεν’
1161 2411 1191 2436 Εἰ
1217 2410 1254 2445 μὴ
1275 2410 1290 2435 6
1313 2409 1379 2440 Θεὸς
1397 2408 1603 2444 ὲπληροφὸρησε
1625 2407 1671 2433 τὸν
1695 2408 1822 2442 γέροντα.

1034 2458 1084 2484 οὐκ
1106 2457 1138 2483 ἂν
1155 2455 1276 2491 ἔπεμψεν
1294 2455 1336 2481 ἐπ’
1353 2454 1413 2490 ἐμέ.
1441 2454 1494 2480 Καὶ
1516 2453 1634 2484 ἀναστὰς
1664 2451 1730 2488 ἦλθε
1755 2454 1823 2488 πρὸς

1036 2503 1126 2530 αὑτὸν.
1163 2502 1217 2528 Καὶ
1250 2501 1441 2535 ἀσπασάμενοι
1477 2499 1608 2534 ἀλλήλους
1639 2498 1708 2531 μετὰ
1736 2499 1824 2534 χαρᾶς

1036 2549 1174 2576 ἐκάθισαν.
1202 2546 1269 2574 Eine
1293 2547 1321 2574 δὲ
1348 2547 1423 2581 αὐτῷ
1440 2546 1526 2577 ἀϐϐἄς
1552 2546 1673 2580 Ποιμήν⁹
1701 2545 1753 2571 Δύο
1777 2545 1824 2571 ἀν-

1036 2597 1140 2632 θρωττοι
1153 2594 1224 2631 ἦσαν
1239 2595 1267 2620 ἐν
1286 2594 1361 2629 τόπῳ
1374 2594 1428 2620 τινὶ
1442 2594 1475 2625 Μ,
1489 2594 1535 2619 καὶ
1549 2592 1698 2627 ἀμφότεροι
1711 2592 1825 2626 νεκροὺς

1036 2641 1108 2678 εἶχον
1118 2651 1125 2657 ·
1144 2642 1234 2676 ἀφῆκε
1247 2641 1274 2667 δὲ
1292 2642 1306 2667 6
1324 2637 1364 2671 εἷς
1380 2640 1425 2666 τὸν
1442 2640 1537 2675 νεκρὸν
1550 2639 1643 2670 αὐτοῦ,
1658 2638 1704 2664 καὶ
1719 2637 1824 2672 ἀπῆλθε

1037 2687 1152 2714 κλαῦσαι
1168 2687 1213 2712 τὸν
1233 2685 1280 2712 τοῦ
1309 2685 1412 2719 ἑτέρου.
1434 2685 1563 2715 ἰλκοὺσας
1577 2684 1605 2710 δὲ
1625 2685 1639 2710 ὁ
1655 2683 1743 2717 γέρων
1757 2689 1825 2709 κατ-

1037 2735 1120 2769 ενὺγη
1135 2734 1183 2760 ἐπὶ
1196 2733 1234 2768 τῷ
1246 2733 1329 2767 λᾶγῳ,
1343 2732 1389 2758 καὶ
1409 2730 1531 2766 ἐμνήσθη
1548 2730 1561 2756 ὃ
1585 2729 1707 2765 ἐποίησε,
1724 2729 1771 2756 καὶ
1786 2725 1827 2756 εἶ-

1088 2813 1111 2830 "
1130 2812 1172 2840 Al.
1191 2812 1240 2838 ἑνί.

1075 2885 1131 2915 (771
1147 2883 1198 2910 Vit.
1216 2882 1290 2909 Pnlr.
1307 2889 1343 2910 Ix,
1360 2882 1385 2906 7.

1075 2920 1129 2956 (ἵε)
1146 2918 1255 2946 lJoreili.
1271 2918 1359 2944 {)orlr.
1375 2918 1400 2941 ut
