1970 3074
168 133 217 160 3‘2!

733 134 1037 164 APOPIITIIEGMATA
1057 136 1213 164 PATRUM.

1738 141 1793 168 5‘29.

168 198 219 216 πεν
231 197 238 204 ·
257 189 373 224 Ποιμήν,
391 189 447 216 ἄνω
460 189 482 205 ³⁸
498 190 537 220 εἰς
554 189 599 216 τὸν
616 190 743 225 οὐρανόν·
759 190 815 225 ἐγὼ
831 191 859 217 δὲ
882 191 957 218 κάτω

1015 197 1036 220 :t
1051 193 1135 220 dixit:
1152 192 1274 224 Pmlnen,
1288 200 1397 221 sursum
1409 202 1519 222 sursum
1541 195 1568 222 in
1583 195 1670 229 C(BIO;
1685 204 1735 232 ego
1751 206 1797 225 ve-

168 235 244 262 κάτω
261 235 302 266 εὶς
322 235 371 271 τὴν
387 237 449 271 γῆν.

204 281 236 314 ζ’.
265 282 423 317 Παρέϐαλόν
455 291 520 309 ποτε
544 282 671 318 γέροντες
703 283 794 310 πολλοὶ
816 283 855 318 τῷ
888 283 959 319 ἀϐὄᾷ

169 327 299 362 Ποιμένι·
325 328 372 354 καὶ
391 327 445 354 ίδού
461 337 502 360 τις
521 327 576 354 τῶν
591 327 640 354 τοῦ
656 327 728 354 ἁϐϐᾶ
750 329 880 363 Ποιμένος
903 327 959 364 εἶχε

169 372 291 404 παιδίον,
318 372 364 399 καὶ
386 372 416 398 τὸ
447 373 588 406 πρόσωπον
617 372 699 398 αὑτοῦ
728 373 788 399 κατ’
820 373 959 408 ἐνέργειαν

170 418 294 454 ἐστράφη
311 419 407 445 ὀπίσω.
427 418 482 444 Καὶ
498 418 558 444 ἰδὼν
574 419 589 444 ὁ
603 418 696 454 πατὴρ
709 418 792 444 αὑτοῦ
812 419 842 445 τὸ
860 418 960 452 πλῆθος

170 463 225 490 τῶν
249 464 389 499 Πατέρων,
413 463 504 490 λαϐὼν
521 464 551 490 τὸ
567 464 672 490 παιδίον
687 463 739 495 ἔξω
754 463 800 490 τοῦ
825 473 956 499 μοναστη-

172 509 231 545 ρίου
257 509 375 543 ἐκάθητο
401 509 511 536 κλαίων.
540 509 695 544 Εὐκαίρησε
720 509 749 535 δέ
775 518 827 535 τινι
854 510 960 544 γέροντι

174 556 292 588 ἐξελθεῖν
302 564 309 570 ·
322 556 369 582 καὶ
386 555 447 582 ἰδὼν
459 555 538 582 αὑτὸν
553 553 612 581 εἷπε
622 564 628 570 ·
646 555 678 581 Τί
691 555 804 587 κλαίεις,
819 555 959 590 ἄνθρωπε;

176 603 207 629 '0
223 603 251 629 δὲ
273 600 333 629 εἷπε
343 611 349 617 ε
366 602 503 636 Συγγενής
515 603 571 637 εἰμι
587 601 634 627 τοῦ
649 601 720 628 ἁϐϐἄ
745 602 891 636 Ποιμένος·
913 602 959 628 καὶ

177 648 232 675 ἰδοὺ
257 647 354 682 συνέϐη
378 647 416 682 τῷ
440 647 539 682 παιδίῳ
555 647 642 682 τούτῳ
658 647 672 672 ὁ
689 647 841 682 πειρασμὸς
865 644 941 678 οὗτος
953 655 959 663 ·

174 695 223 721 καὶ
239 694 361 725 θέλοντες
376 693 415 728 τῷ
430 694 537 728 γέροντι
554 695 747 728 προσενεγκεῖν
769 693 844 724 αὐτὸ,
862 693 961 728 ἐφοϐή-

178 740 280 776 θημεν·
302 741 332 767 οὺ
346 740 400 775 γὰρ
417 739 487 766 θέλει
506 740 569 766 ἰδεῖν
591 740 674 774 ἡμᾶς.
699 739 754 766 Καὶ
767 739 813 766 νῦν
828 740 874 766 ἐὰν
891 740 962 776 μάθῃ

172 787 214 814 ὅτι
232 784 282 813 ὧδέ
300 787 368 821 ειμι,
388 785 491 820 πέμπει
505 785 552 812 καὶ
569 784 662 812 διώκει
678 793 728 820 με’
743 784 798 819 ἐγὼ
813 785 841 811 δὲ
858 785 963 820 βλέπων

173 833 225 867 τὴν
234 833 384 868 παρουσίαν
396 831 483 867 ὑμῶν,
492 831 627 867 ἐτόλμησα
642 831 737 857 ἐλθεῖν.
753 831 796 862 Ὠς
804 831 890 862 Θέλεις
905 829 961 862 οὗν,

173 880 254 910 ἅϐϐἄ,
277 879 388 913 ἐλέησόν
414 887 457 913 με,
483 879 529 904 καὶ
553 878 619 904 λάϐε
643 878 673 903 τὸ
698 877 803 904 παιδίον
824 877 887 909 ἔσω,
916 877 962 904 καὶ

174 924 288 957 εὔξασθε
308 926 372 960 περὶ
395 924 418 940 ⁵³
440 923 533 950 αὑτοῦ.
560 924 615 950 Kal
637 922 726 949 λαϐὼν
747 923 812 949 αὐτὸ
834 923 847 949 ὁ
873 923 961 958 γέρων

173 971 293 1006 εἰσῆλθε,
306 971 353 997 καὶ
363 970 499 1005 ἐχρήσατο
511 969 660 1004 φρονίμως,
672 969 718 994 καὶ
732 969 762 994 οὐ
777 969 962 1004 προσήνεγκεν

173 1017 240 1043 αὐτὸ
256 1015 357 1048 εὐθέως
371 1016 410 1050 τῷ
426 1015 497 1050 ὰὸϐᾷ
517 1014 639 1049 Ποιμένι1
658 1014 725 1040 ἀλλὰ
742 1013 894 1049 ἀρξάμενος
908 1014 962 1040 ἀπὸ

173 1062 229 1089 τῶν
252 1062 422 1098 μικροτέρων
450 1060 589 1094 ἀδελφῶν,
619 1060 711 1094 ἔλεγε·
736 1059 909 1094 Σφραγίσατε
933 1059 962 1086 τὸ

179 1110 296 1136 παιδίον.
317 1110 437 1144 Ποιήσας
455 1108 483 1135 δὲ
499 1108 602 1140 πάντας
618 1107 687 1134 κατὰ
701 1107 859 1134 ἀκολουθίαν
877 1116 963 1143 σφρα-

174 1156 252 1189 γίσαι
264 1154 340 1186 αὐτὸ,
356 1154 467 1189 ὓστερον
485 1153 583 1188 ήνεγκε
608 1152 646 1187 τῷ
662 1152 733 1186 ἀϐϐᾷ
750 1152 870 1187 Ποιμένι.
891 1152 919 1178 Ὀ
935 1151 963 1178 δὲ

174 1201 226 1228 οὐκ
240 1201 318 1236 ἧθελε
338 1200 402 1226 αὐτὸ
422 1199 529 1234 ἐγγίσαι
546 1200 579 1225 ⁵⁵.
596 1199 627 1225 Οἱ
642 1198 671 1225 δὲ
685 1198 856 1234 παρεκάλουν
870 1199 961 1229 αὑτὸν,

176 1247 319 1281 λέγοντες·
345 1246 451 1281 ’Ὠσπερ
474 1236 653 1277 πάντεςξκαὶ
678 1244 710 1270 σὺ
734 1243 767 1276 ⁸⁵,
786 1244 885 1279 Πάτερ.
909 1244 963 1270 Καὶ

177 1292 318 1325 στενάξας,
340 1291 459 1323 ἀναστὰς
480 1290 585 1324 εὔξατο,
609 1290 715 1324 λέγων·
741 1289 770 1315 ⁷0
795 1289 870 1322 Θεὸς,
889 1290 963 1316 ἴασαι

177 1339 207 1365 τὸ
224 1338 336 1373 πλάσμα
356 1345 412 1369 σου,
436 1337 479 1363 ἵνα
507 1336 543 1371 μὴ
567 1335 696 1370 κυριευθῇ
722 1335 774 1361 ὑπὸ
792 1335 839 1361 τοῦ
853 1335 961 1370 ἐχθροῦ.

178 1384 233 1411 Καὶ
253 1383 405 1418 σφραγίσας
421 1382 486 1409 αὐτὸ
519 1381 619 1413 εὐθέως
636 1381 812 1417 ἐθεράπευσε,
841 1382 889 1407 καὶ
910 1382 963 1408 ἀπ-

178 1430 263 1456 έδωκε
282 1428 321 1464 τῷ
334 1429 417 1464 πατρὶ
430 1427 511 1455 αὑτοῦ
525 1427 609 1462 ὑγιές,

212 1474 247 1510 η’.
265 1474 382 1510 Ἀπῆλθέ
396 1482 438 1506 τις
459 1473 571 1508 ἀδελφός
585 1481 650 1500 ποτε
666 1472 719 1499 ἀπὸ
731 1472 786 1498 τῶν
803 1471 893 1508 μερῶν
916 1472 962 1499 τοῦ

181 1522 253 1548 ἀὸϐἄ
264 1521 394 1556 Ποιμένος
409 1520 455 1546 ἐπὶ
473 1520 567 1555 ξένης·
586 1520 631 1546 καὶ
650 1519 802 1554 κατήντησε
815 1518 883 1553 πρός
901 1527 962 1545 τινα

177 1566 357 1602 ἁναχωρητὴν
374 1567 447 1592 ἐκεῖ·
468 1563 501 1601 ἧν
519 1565 573 1600 γὰρ
587 1564 656 1600 ἔχων
670 1565 791 1600 ἀγάπην,
808 1564 854 1590 καὶ
870 1564 962 1590 πολλοὶ

178 1613 293 1647 ἤρχοντο
309 1611 374 1647 πρὸς
392 1611 484 1638 αὐτόν.
509 1610 665 1645 ’Δνήγγειλε
685 1609 714 1636 δὲ
736 1609 811 1644 αὐτῷ
823 1611 837 1635 ὁ
851 1609 964 1643 ἁδελφὸς

178 1658 212 1684 τὰ
227 1657 290 1692 περὶ
303 1656 349 1683 τοῦ
365 1656 437 1683 ὰϐϐἇ
451 1656 592 1691 Ποιμένος.
608 1655 663 1682 Καὶ
675 1654 793 1686 ἀκούσας
806 1655 855 1689 τὴν
866 1655 965 1690 ἀρετὴν

178 1703 260 1729 αὑτοῦ
284 1703 452 1738 ἐπεπόθησεν
476 1702 556 1734 αὐτὸν
585 1702 656 1728 ἰδεῖν.
683 1701 905 1736 ’Δνακάμψαντος
936 1701 965 1727 δὲ

178 1750 226 1776 τοῦ
245 1749 359 1784 ἀδελφοῦ
385 1750 425 1780 εἰς
441 1748 589 1783 Αἴγυπτον,
609 1746 679 1782 μετὰ
697 1747 792 1782 χρόνον
816 1746 877 1773 τινὰ
899 1747 965 1772 ἁνα-

181 1796 246 1827 στὰς
271 1796 285 1822 ὁ
306 1794 496 1829 ἀναχωρητὴς,
512 1791 593 1828 ἦλθεν
617 1793 671 1819 ἀπὸ
693 1793 742 1828 τῆς
764 1790 841 1827 ξένης
859 1792 898 1822 εἰς
916 1791 965 1817 Αἰ-

179 1850 282 1875 γυπτον
299 1841 367 1876 πρὸς
384 1841 429 1866 τόν
447 1848 511 1866 ποτε
529 1839 719 1875 παραϐαλόντα
741 1838 815 1873 αὐτῷ
834 1837 963 1871 ἀδελφόν·

178 1886 213 1922 ἦν
229 1886 283 1922 γὰρ
299 1886 382 1913 εἰπὼν
397 1885 471 1921 αὐτῴ
488 1885 539 1911 ποῦ
559 1885 643 1920 μένει.
670 1883 742 1910 Ἰδὼν
757 1883 785 1910 δὲ
802 1884 882 1910 αὐτὸν
895 1884 966 1909 ἐκεῖ·

180 1941 225 1965 νος
244 1932 392 1967 ἐθαύμασε,
411 1931 456 1958 καὶ
471 1931 556 1966 ἐχάρη
583 1931 653 1957 λίαν.
669 1928 737 1956 Εἶπε
752 1930 780 1957 δέ
795 1930 808 1956 ὁ
822 1930 964 1964 ἀναχωρη-

180 1979 229 2014 cf};
241 1986 247 1993 ·
265 1978 379 2012 Ποίησον
392 1978 510 2012 ἀγάπην,
527 1975 592 2012 ἆρόν
611 1985 644 2011 με
657 1976 724 2012 πρὸς
737 1976 782 2002 τὸν
799 1976 885 2003 ἁϐϐᾱν
903 1976 966 2001 Ποι-

182 2024 260 2059 μένα.
279 2024 334 2050 Καὶ
351 2022 439 2048 λαϐὼν
456 2023 534 2048 αὑτὸν
552 2020 616 2058 ἦλθε
632 2022 699 2057 πρὸς
711 2022 756 2048 τὴν
769 2021 885 2056 γέροντα
898 2041 905 2052 ,
918 2021 965 2047 καὶ

180 2069 339 2105 ἀνήγγειλεν
357 2068 430 2104 αὐτῷ
447 2069 482 2095 τὰ
499 2069 562 2103 περὶ
579 2068 671 2099 αὑτοῦ,
696 2067 793 2101 λέγων,
818 2067 859 2094 ὅτι
871 2067 965 2100 Μέγας

180 2116 322 2152 ἄνθρωπός
339 2116 408 2151 ἐστι,
425 2115 472 2141 καὶ
494 2114 593 2149 πολλὴν
608 2114 717 2148 ἀγάπην
738 2113 817 2148 ἔχων,
838 2113 885 2139 καὶ
900 2112 966 2139 πολ-

180 2162 230 2197 λὴν
248 2161 329 2196 τιμὴν
345 2161 384 2192 εἰς
398 2160 446 2196 τὴν
461 2160 550 2196 χώραν
563 2159 655 2185 αὐτοῦ.
680 2158 839 2193 Ἀνήγγειλα
851 2158 879 2184 δὲ
892 2157 965 2192 αὐτῷ

182 2209 247 2243 περὶ
271 2207 328 2238 σοῦ,
352 2207 399 2233 καὶ
422 2206 561 2241 ἐπιθυμῶν
582 2205 644 2232 ἰδεῖν
669 2214 698 2231 σε
724 2203 814 2240 ἦλθεν.
842 2204 965 2236 Ἐδέξατο

181 2251 227 2280 οὖν
253 2253 332 2279 αὑτὸν
357 2251 426 2287 μετὰ
443 2252 540 2286 χαρᾶς,
559 2251 605 2278 καὶ
629 2251 815 2285 ἀσπασάμενοι
835 2250 964 2284 ἀλλήλους

182 2299 321 2325 ἐκάθισαν.
334 2298 389 2324 Καὶ
405 2297 505 2332 ἤρξατο
518 2297 532 2322 ὁ
548 2296 651 2329 ξενικὸς
664 2295 754 2321 λαλεῖν
767 2295 821 2321 ἀπὸ
833 2295 882 2329 τῆς
897 2295 916 2320 Γ
920 2303 966 2330 ρα-

183 2346 246 2380 φῆς,
263 2343 326 2379 περὶ¹
345 2341 536 2377 πνευματικῶν
553 2341 599 2368 καὶ
623 2341 765 2375 οὐρανίων.
787 2340 921 2375 Ἔστρεψε
937 2339 966 2366 δὲ

181 2392 195 2417 ὁ
209 2390 294 2421 ἁϐϐἇς
311 2389 414 2424 Ποιμήν
431 2388 460 2415 τὸ
472 2387 615 2423 πρόσωπον
631 2386 724 2419 αὐτοῦ,
739 2387 786 2413 καὶ
799 2387 848 2412 οὐκ
869 2385 967 2412 ἔδωκεν

180 2436 256 2471 αὐτῷ
275 2435 428 2470 ἀπόκρισιν.
457 2433 529 2460 Ἰδὼν
554 2433 582 2459 δὲ
599 2433 638 2459 ’ότι
655 2433 685 2458 οὐ
706 2432 780 2458 λαλεῖ
796 2433 854 2467 μετ’
872 2431 965 2464 αὑτοῦ,

181 2482 312 2517 λυπηθεὶς
328 2480 434 2515 ἐξῆλθε,
449 2480 495 2506 καὶ
509 2478 582 2512 λέγει
597 2478 636 2513 τῷ
651 2477 757 2512 ἁδελφῷ
771 2478 809 2512 τῷ
826 2478 965 2511 ἑνέγκαντι

181 2527 262 2554 αὐτόν
274 2535 280 2542 ·
298 2525 345 2556 Εἰς
361 2525 450 2560 μάτην
465 2524 580 2559 ἐποίησα
592 2523 655 2558 ὅλην
670 2523 719 2558 τὴν
732 2522 885 2557 ἀποδημίαν
902 2521 966 2548 ταύ-

180 2581 241 2606 την.
260 2569 362 2597 ’Πλθον
384 2569 438 2604 γὰρ
462 2569 528 2604 πρὸς
545 2568 589 2594 τὸν
615 2568 731 2603 γέροντα
744 2575 750 2581 '
771 2567 817 2593 καὶ
838 2567 891 2593 ἰδοὺ
907 2567 966 2592 οὐδὲ

180 2617 296 2649 λαλῆσαι
310 2615 381 2642 Θέλει
398 2616 455 2650 μετ’
469 2614 547 2649 ἐμοῦ.
567 2614 682 2649 Εἰσῆλθε
696 2614 725 2640 δὲ
743 2615 757 2640 ὁ
772 2613 884 2646 ἀδελφὸς
899 2613 967 2648 πρὸς

180 2663 227 2688 τὸν
242 2662 329 2688 ἀϐϐᾶν
346 2661 475 2696 Ποιμένα,
496 2660 543 2686 καὶ
559 2660 632 2694 λέγει
651 2659 739 2695 αὐτῷ·
763 2659 854 2689 ’Ᾱ66ἆ,
868 2659 912 2685 διὰ
936 2658 965 2684 σὲ

180 2705 262 2744 ἦλθεν
275 2709 290 2734 ὀ
307 2708 392 2742 μέγας
408 2706 550 2742 ἄνθρωπος
564 2703 649 2737 οὗτος,
661 2706 730 2740 ἔχων
740 2705 872 2740 τοσαύτην
887 2704 964 2737 δόξαν

218 2778 291 2804 "Al.
308 2778 392 2805 inscr.
411 2777 476 2804 ἄνω.
515 2777 537 2793 ⁵³
549 2777 590 2804 Al.
605 2777 684 2813 ὑπέρ.

215 2849 273 2883 (79)
295 2848 348 2875 Vit.
369 2847 443 2874 Patr.
463 2855 492 2880 li,
509 2847 558 2878 1οξ
574 2856 627 2880 le,
650 2849 672 2876 I.

725 2777 748 2794 "
759 2777 801 2804 Al.
816 2776 973 2811 σφραγῖσαι.

1009 246 1040 265 ro
1054 239 1181 266 deorsum
1198 238 1225 265 ili
1243 242 1326 268 terra.

1044 284 1069 310 7.
1084 284 1139 319 (79)
1157 284 1290 311 Adierunt
1307 284 1455 320 aliquando
1475 293 1556 313 senes
1571 286 1648 313 niillti
1673 287 1800 314 abbatem

1009 327 1181 362 Pmluellelil;
1199 337 1259 356 cum
1281 338 1345 356 ecce
1361 329 1471 365 quidam
1488 338 1522 357 ex
1548 330 1674 359 afliliibils
1693 332 1800 360 abbatis

1010 373 1148 402 Poemenis
1160 375 1272 403 haberet
1288 376 1383 408 iiliilln,
1411 376 1490 410 cujus
1507 376 1591 404 facies
1607 377 1716 404 diabolo
1743 378 1800 404 elli-

1010 420 1099 448 ciente
1114 429 1246 448 conversa
1259 427 1318 449 erat
1332 426 1494 450 retrorsum.
1512 422 1604 458 Itaque
1622 429 1698 457 pater
1715 423 1800 450 intui—

1011 472 1055 494 tus
1070 468 1272 495 multitudinem
1286 468 1408 499 Patrum,
1425 473 1566 502 aSsunipto
1583 469 1637 496 lilio
1649 474 1726 496 extla
1740 477 1800 495 illo-

1011 514 1159 540 iiasteriuln
1173 514 1284 541 sedebat
1299 515 1419 549 plorans.
1433 514 1554 549 Conligit
1568 519 1658 542 alitem
1686 519 1715 541 ιιι
1737 515 1799 549 qni-

1011 558 1072 585 danl
1093 566 1172 585 senex
1188 559 1284 585 exiret.
1301 558 1325 586 Is
1345 566 1461 586 cernens
1478 567 1551 590 eum,
1569 559 1607 585 ait
1630 569 1636 586 :
1654 558 1724 592 Quid
1741 559 1800 593 pio-

1012 611 1067 634 ras.
1105 604 1202 630 homo?
1231 603 1398 638 Respondit:
1426 604 1566 639 Cognaius
1597 611 1657 631 sum
1695 605 1801 632 abbatis

1012 649 1158 681 I’unnenis,
1175 653 1256 684 atque
1271 658 1304 677 eli
1322 657 1405 684 puero
1420 650 1483 676 huic
1499 650 1598 676 accidit
1610 650 1660 676 ista
1675 650 1799 682 lentalio;

1012 695 1134 722 volentes
1151 700 1241 722 autem
1267 696 1324 722 seni
1341 695 1439 722 olTerre
1455 695 1605 723 timuimus.
1618 695 1711 730 Neque
1726 696 1799 723 enim

1013 741 1070 768 vult
1084 741 1176 768 videre
1186 749 1247 768 nos.
1261 741 1349 776 Atque
1363 749 1436 768 nunc
1457 742 1478 769 si
1491 742 1655 776 compererit
1667 750 1709 769 me
1721 742 1800 769 ades-

1014 795 1052 819 se,
1069 787 1157 814 mittet
1168 795 1200 814 ac
1213 788 1329 822 expellet
1343 796 1395 814 me.
1410 787 1466 822 Ego
1481 796 1545 815 vero
1557 789 1601 815 ilbi
1616 789 1671 816 vidi
1696 788 1799 816 adven-

1015 835 1072 859 tum
1097 837 1229 865 vestriim,
1251 840 1334 860 ausus
1360 841 1419 860 sum
1440 833 1540 861 venire.
1566 834 1798 866 Quemadmodum

1013 885 1078 912 ergo
1107 877 1227 906 libuerit.
1259 878 1339 911 abba,
1365 879 1417 905 lnei
1449 879 1596 912 miserere;
1632 877 1800 907 introduc'ito

1012 931 1137 957 puerum,
1153 928 1176 950 et
1191 928 1268 951 orate
1283 932 1333 958 pro
1345 924 1401 951 illo.
1415 924 1504 952 Senex
1531 933 1673 953 assumens
1687 933 1799 960 puerum

1012 969 1132 996 intravit.
1147 969 1232 996 Porro
1254 978 1321 997 usus
1336 974 1378 997 est
1393 970 1553 1005 prudentia;
1570 979 1620 998 nec
1635 971 1726 998 statim
1744 973 1794 997 ob-

1012 1016 1076 1042 tulit
1102 1016 1191 1043 abbati
1211 1015 1351 1047 Pmlneni;
1371 1015 1418 1042 sed
1449 1017 1583 1051 incipiens
1610 1024 1625 1042 a
1646 1017 1799 1044 nlili0l'ibils

1012 1062 1152 1094 fratribus,
1180 1062 1288 1089 dicebat
1314 1070 1321 1088 :
1349 1062 1512 1097 Gonsignate
1538 1070 1659 1096 puerum.
1678 1062 1800 1097 Cumque

1012 1108 1122 1136 fecisset
1141 1112 1169 1135 iit
1184 1116 1198 1134 a
1215 1108 1323 1135 cunctis
1339 1116 1370 1135 ex
1391 1109 1486 1135 ordine
1508 1109 1725 1143 consignarellir,
1750 1109 1800 1136 de-

1012 1162 1086 1181 mum
1102 1154 1193 1181 abbati
1213 1153 1333 1181 Pmineni
1354 1154 1452 1181 :iltiilit.
1472 1155 1497 1182 ls
1521 1155 1630 1181 nolebat
1654 1159 1683 1182 ut
1710 1155 1743 1182 ad
1769 1162 1799 1182 se

1012 1201 1251 1235 appropinquaret.
1274 1201 1307 1226 At
1334 1200 1372 1226 illi
1395 1201 1539 1234 rogabant,
1563 1200 1705 1228 dicentes:
1724 1201 1800 1227 Sicut

1012 1246 1114 1277 caeteri,
1128 1249 1154 1272 et
1174 1249 1212 1276 tu,
1232 1245 1319 1272 Pater.
1333 1245 1409 1272 Tillio
1422 1246 1605 1280 illgi-liiiscens
1617 1247 1747 1278 Surrexit,
1762 1251 1801 1274 at-

1012 1298 1065 1326 que
1076 1291 1111 1317 ita
1124 1295 1253 1325 pret-allis
1273 1295 1332 1317 est;
1353 1291 1434 1321 Deus.
1452 1298 1518 1318 sana
1540 1297 1692 1318 creaturam
1715 1296 1800 1326 tuam,

1013 1345 1046 1364 lle
1061 1337 1095 1363 ab
1108 1337 1187 1363 Iloste
1203 1337 1228 1362 iii
1242 1336 1398 1363 servitutem
1411 1337 1558 1372 redigatur.
1573 1337 1604 1363 Et
1619 1345 1680 1364 eum
1698 1339 1802 1373 signas—

1013 1388 1136 1414 seteilnl,
1157 1383 1230 1410 illico
1240 1383 1357 1414 curavit,
1374 1390 1527 1417 saltumque
1540 1384 1614 1418 patri
1635 1385 1764 1412 restituit.

1047 1468 1073 1496 8.
1093 1469 1150 1504 (80)
1165 1470 1318 1504 Aliquando
1342 1470 1452 1505 quidam
1482 1471 1576 1503 frater,
1597 1473 1630 1499 ab
1645 1473 1702 1500 oris
1723 1474 1802 1500 abba-

1014 1513 1049 1539 tis
1061 1513 1197 1540 PCBIIIGIIIS
1211 1514 1338 1541 discessit
1360 1516 1386 1541 ili
1401 1517 1571 1550 peregrinam
1596 1521 1713 1550 terram;
1732 1517 1801 1544 illic-

1015 1567 1068 1593 qiie
1087 1560 1159 1586 venit
1173 1559 1206 1586 ad
1220 1560 1363 1594 quemdam
1385 1562 1590 1594 anaclioretalii,
1611 1563 1655 1596 qiii
1669 1562 1801 1590 eIiaritate

1015 1605 1144 1639 praeditus
1158 1610 1227 1637 erat,
1244 1610 1272 1632 et
1287 1614 1368 1640 quem
1383 1607 1495 1633 adibant
1505 1608 1592 1634 inulti.
1617 1608 1713 1636 Frater
1731 1617 1801 1636 nun-

1015 1651 1093 1677 tiavit
1114 1651 1138 1678 ei
1155 1651 1189 1678 de
1216 1651 1312 1679 abbate
1329 1651 1466 1679 Pmilielic.
1497 1653 1543 1680 Ille
1567 1654 1666 1681 auditis
1683 1655 1800 1682 hominis

1015 1697 1173 1728 virtutibus,
1190 1697 1327 1724 desiderio
1345 1702 1433 1725 tactus
1447 1703 1488 1725 est
1519 1699 1626 1726 videndi
1653 1708 1724 1727 eum.
1749 1701 1801 1728 lte-

1016 1749 1094 1769 verso
1105 1743 1187 1776 igitur
1201 1743 1285 1770 fratre
1306 1745 1332 1770 iii
1349 1743 1506 1778 Aigyplilili.
1524 1745 1604 1779 paulo
1625 1750 1685 1780 post
1704 1754 1800 1773 exsur-

1015 1796 1081 1823 geils
1091 1789 1266 1820 anachoreta.
1281 1798 1296 1816 e
1311 1790 1420 1825 regione
1435 1795 1527 1817 extera
1547 1793 1665 1825 perrexit
1680 1793 1706 1818 in
1718 1793 1803 1828 {Egy-

1016 1839 1103 1869 ptulii,
1117 1835 1149 1861 ad
1162 1835 1238 1861 illuni
1254 1835 1365 1862 fratrem
1381 1837 1426 1870 qui
1445 1837 1533 1870 ipsnlii
1548 1842 1724 1870 convenerat;
1738 1847 1801 1865 llilili

1016 1879 1185 1906 indicaverat
1201 1881 1226 1907 ei
1242 1880 1287 1907 ubi
1306 1886 1439 1908 maneret.
1458 1881 1559 1909 Videtis
1571 1887 1660 1909 autem
1671 1891 1732 1910 eum
1746 1885 1799 1917 ille,

1016 1925 1168 1953 demiratus
1185 1930 1236 1959 est,
1254 1927 1367 1954 etvalde
1384 1931 1426 1954 est
1457 1929 1577 1963 gavisus.
1592 1928 1664 1956 Dixit
1681 1931 1800 1957 anan-lio-

1016 1974 1074 1997 reta
1088 1980 1094 1997 :
1110 1970 1212 1998 Exerce
1234 1971 1395 1999 charitatem
1408 1992 1415 2004 ,
1430 1973 1483 1999 duc
1497 1981 1539 2000 ine
1554 1975 1586 2000 ad
1603 1975 1726 2002 abbatem
1741 1975 1802 2003 Pie-

1016 2023 1135 2044 menem.
1151 2016 1243 2051 Itaque
1260 2025 1404 2045 assumens
1421 2026 1494 2050 eum,
1513 2020 1634 2053 pervenit
1651 2021 1684 2047 ad
1696 2028 1800 2050 senem.

1016 2061 1066 2088 Cui
1085 2062 1221 2089 nuntiavit
1240 2070 1300 2097 qua:
1312 2063 1344 2090 ad
1358 2063 1445 2097 ipsum
1461 2065 1631 2098 spectabant,
1646 2065 1687 2092 llis
1700 2067 1800 2094 verbis:

1017 2107 1131 2142 Magnus
1159 2108 1201 2134 vir
1228 2112 1280 2141 est,
1308 2109 1550 2138 cIlarilalclllulta.
1569 2111 1670 2145 ingenti
1699 2111 1802 2139 honore

1018 2153 1088 2188 apud
1105 2161 1186 2181 suos:
1203 2153 1237 2181 de
1253 2158 1279 2181 te
1296 2155 1455 2181 anliuntiavi
1481 2155 1516 2186 ei,
1535 2160 1561 2182 et
1582 2156 1696 2190 cupiens
1710 2157 1802 2184 videre

1018 2204 1053 2231 te,
1067 2199 1186 2227 advenit.
1204 2200 1329 2235 Suscepit
1357 2209 1421 2235 ergo
1447 2201 1522 2227 illiilli
1550 2209 1612 2228 cuni
1639 2203 1748 2235 Ialtitia;
1776 2207 1802 2230 et

1018 2249 1161 2280 postquam
1179 2253 1208 2272 se
1221 2250 1314 2271 nillluO
1326 2246 1500 2277 salutassent,
1520 2246 1712 2274 consederunt.
1725 2247 1802 2274 Tum.

1016 2292 1175 2326 peregrinus
1191 2292 1274 2325 cmpit
1289 2292 1362 2326 loqui
1379 2300 1411 2318 ex
1430 2293 1581 2326 Scriptura,
1599 2293 1632 2320 de
1647 2293 1728 2320 rebus
1743 2294 1802 2328 spi-

1016 2336 1160 2363 ritualibus
1177 2340 1204 2362 et
1221 2337 1390 2364 eielestibus.
1411 2339 1445 2363 At
1469 2338 1553 2365 abbas
1578 2338 1688 2365 Pmlnen
1717 2340 1800 2366 vertit

1018 2383 1124 2414 faciem,
1142 2390 1192 2409 nec
1211 2390 1374 2416 responsum
1400 2383 1529 2410 reddidit.
1551 2383 1628 2412 Unde
1647 2385 1670 2412 is
1685 2393 1800 2413 cernens

1018 2429 1089 2463 quod
1102 2436 1155 2456 lion
1168 2429 1379 2463 colloqueretur,
1398 2431 1484 2456 tristis
1501 2437 1629 2464 egressus
1640 2434 1691 2457 est.
1711 2431 1799 2458 Dixit—

1018 2483 1071 2510 que
1091 2475 1169 2502 fratri
1188 2475 1234 2509 qui
1247 2483 1308 2502 elllii
1333 2475 1463 2502 duxerat:
1478 2475 1589 2502 Frustra
1606 2475 1676 2502 [lane
1693 2484 1799 2503 omnem

1017 2521 1263 2556 peregrinationem
1280 2521 1397 2555 suscepi.
1421 2520 1486 2548 Veni
1505 2528 1622 2555 namque
1640 2521 1673 2548 ad
1687 2529 1798 2556 senem;

1017 2573 1081 2593 ecee
1094 2574 1159 2593 vero
1175 2574 1263 2601 neque
1289 2574 1395 2593 nieculn
1410 2566 1529 2601 colloqui
1546 2567 1612 2594 vult.
1632 2566 1725 2602 Itaque
1742 2567 1800 2594 fra—

1018 2617 1058 2639 ter
1075 2613 1217 2646 ingreSSus
1231 2612 1264 2638 ad
1280 2613 1404 2639 abbatem
1416 2612 1569 2640 Pmlneliem
1584 2623 1591 2640 :
1605 2613 1690 2642 Abba.
1700 2613 1798 2647 inquit,

1021 2662 1132 2693 propter
1147 2661 1174 2685 te
1192 2658 1310 2685 accessit
1325 2666 1440 2693 magnus
1455 2659 1506 2686 iste
1519 2659 1610 2690 homo,
1626 2662 1701 2686 tanta
1714 2659 1800 2693 gloria

1018 2704 1045 2731 in
1063 2704 1123 2730 loco
1147 2711 1196 2731 suo
1213 2703 1363 2739 refulgens;
1382 2712 1468 2740 quare
1492 2713 1546 2733 non
1566 2705 1720 2733 disseruisti
1737 2712 1799 2732 cum

1012 2774 1035 2790 ⁵⁵
1049 2773 1093 2801 AI.
1106 2774 1189 2801 inser.
1205 2773 1326 2808 ποίησον.

1048 2844 1102 2880 (80)
1123 2844 1178 2872 Vit.
1196 2845 1270 2872 Patr.
1289 2844 1410 2879 ill,18l;
1428 2854 1454 2876 ι,
1467 2846 1511 2872 39.
