1970 3074
167 157 221 185 335

733 151 906 181 APPENDIX
926 150 974 178 AD
993 149 1206 178 PALLADIUM.

1741 143 1794 171 524

168 218 220 246 eo?
237 216 348 251 Excepit
369 223 451 243 senex
465 225 472 242 :
489 215 536 242 llle
552 222 567 242 e
582 212 710 248 supernis
723 216 775 244 est,
794 219 821 240 et
833 210 955 238 coelestia

1027 211 1047 240 ἱς
1063 209 1108 235 τὸν
1124 209 1205 235 τόπον
1229 207 1310 234 αὑτοῦ
1321 216 1328 223 ο
1349 207 1396 234 καὶ
1413 207 1483 234 διατί
1501 206 1552 233 οὐκ
1575 205 1709 240 ὲλάλησας
1737 204 1798 239 μετ’

171 262 310 298 loquitur;
329 269 378 296 ego
398 268 462 288 vero
478 269 511 288 ex
531 259 708 287 inferioribus
723 265 795 289 sum,
808 261 835 284 et
845 261 955 283 terrena

171 310 277 342 loquor.
298 309 325 335 Si
342 315 494 335 sermonem
507 306 541 333 ad
553 314 595 333 me
607 305 748 332 habuisset
767 303 801 330 de
813 302 956 329 all‘ectibus

172 355 267 385 animi,
283 354 307 381 ei
322 353 536 387 respondissem.
552 351 629 384 Quod
651 350 673 377 si
690 353 787 384 agatur
797 349 831 375 de
844 347 959 374 coelesti-

177 402 239 433 bus,
261 408 311 434 ego
332 400 377 426 illa
395 399 498 426 nescio.
517 397 651 433 Egressus
669 397 760 430 itaque
773 395 856 422 frater
887 398 960 421 relu-

174 447 205 473 lit
223 446 385 481 peregrino:
409 445 498 471 Senex
516 451 570 470 non
596 442 675 469 facile
694 441 728 468 de
746 439 897 475 Seripturis
922 439 962 464 lo-

172 491 287 524 quitur;
305 489 351 517 sed
383 489 405 516 si
422 489 485 523 quis
512 486 647 521 rogaverit
660 486 693 512 de
710 485 793 511 animi
808 483 960 512 allectibns,

175 542 338 570 responsum
365 534 421 560 dat.
449 533 495 560 llle
519 534 700 566 compunctus
718 536 809 556 senem
833 528 920 559 adiit,
935 531 963 553 et

175 583 215 609 ait
229 582 271 609 ei:
287 580 357 614 Quid
377 580 486 610 faciam,
516 578 596 608 abba,
624 574 845 611 quandoquidem
874 573 963 600 domi-

176 634 278 656 nantur
299 627 364 654 milii
385 626 470 653 animi
488 623 619 651 allectus?
635 622 712 649 Tunc
733 621 820 648 oculis
849 621 876 647 in
901 627 963 646 etim

175 674 316 708 conjectis.
339 673 416 699 laetus
441 679 525 698 senex
543 669 620 696 iniit:
641 667 720 694 Modo
749 667 817 694 bene
842 665 963 697 venisti;

177 727 250 747 nunc
266 719 340 753 aperi
362 726 393 744 os
404 721 481 744 tuum
498 717 531 743 de
544 716 599 746 liis,
617 718 644 740 et
660 713 778 748 implebo
789 711 854 738 illud
873 711 963 738 bonis.

177 767 223 793 llle
240 772 304 792 vero
319 764 466 798 plurimum
492 761 590 788 anima:
604 759 777 787 coriuuodum
798 765 859 784 cum
878 757 966 790 cepis-

177 815 229 841 set,
243 807 383 843 professus
394 810 454 832 est:
473 804 556 831 Plane
574 805 630 830 haec
643 808 685 829 est
700 809 762 829 vera
779 801 833 828 via.
851 800 967 827 Gratiis-

177 863 230 890 que
242 855 297 882 Deo
311 854 379 880 actis
392 852 463 887 quod
476 859 538 878 cum
556 849 690 885 ejusmodi
707 853 803 876 saneto
821 848 968 874 meruisset

177 901 334 931 convenire,
350 907 477 926 reversus
492 901 533 925 est
554 897 582 924 in
598 897 734 931 regionem
745 902 834 922 suam.

221 987 242 1016 9.
261 988 317 1023 (8|)
336 985 547 1021 Comprehendit
567 984 714 1018 aliquando
741 986 831 1010 rector
857 983 968 1017 provin-

178 1037 228 1064 ciae
243 1035 387 1070 quemdam
405 1041 419 1061 e
438 1034 497 1060 viro
513 1032 618 1059 abbatis
631 1031 784 1063 Poemenis;
799 1034 825 1057 et
836 1033 969 1056 venerunt

178 1084 284 1114 Cuncti,
309 1088 400 1108 senem
423 1084 550 1113 rogantes
576 1083 604 1105 ut
622 1079 719 1109 abiret,
742 1085 859 1112 eumque
874 1085 889 1103 ε
908 1083 969 1103 car-

180 1137 242 1157 cere
257 1128 404 1156 emitteret.
419 1126 490 1152 Dixit
504 1126 560 1152 eis:
579 1124 667 1151 Sinite
682 1131 725 1150 me
737 1124 794 1150 dies
807 1128 874 1152 tres.
889 1127 970 1149 tunc-

180 1183 235 1210 que
257 1173 429 1209 proliciscar.
443 1171 537 1198 Oravit
553 1178 618 1205 ergo
636 1169 720 1196 abbas
734 1169 848 1196 Ptemen
867 1168 900 1194 ad
917 1167 970 1194 Do-

181 1222 298 1253 minum,
315 1220 357 1246 bis
372 1218 462 1245 verbis
477 1226 483 1243 :
502 1216 626 1247 Domine,
643 1223 677 1242 ne
696 1215 804 1242 dederis
821 1215 888 1241 mihi
900 1215 971 1241 lianc

181 1267 316 1302 gratiam:
338 1265 406 1292 alias
428 1271 482 1291 non
506 1261 666 1298 permissuri
678 1265 742 1288 sunt
758 1268 802 1287 me
821 1260 916 1287 sedere
943 1260 970 1286 in

184 1315 235 1340 hoc
257 1313 327 1339 loco.
347 1310 426 1338 Venit
449 1317 514 1344 ergo
530 1316 625 1340 senex,
655 1307 815 1342 rogavitque
839 1306 970 1341 judicem.

183 1358 236 1391 Qui
253 1357 287 1384 ad
310 1364 372 1384 eum
392 1355 465 1382 iniit:
483 1355 535 1381 Pro
551 1355 657 1380 latrone
673 1360 765 1387 rogas.
779 1352 866 1379 abba?
883 1351 971 1378 Senex

183 1407 275 1430 autem
293 1402 404 1437 gavisus
421 1405 474 1434 est,
496 1400 568 1435 quod
583 1399 698 1434 gratiam
720 1398 754 1425 ab
773 1405 805 1425 co
819 1405 873 1424 non
893 1404 972 1424 acce-

185 1449 281 1484 pisset.

222 1495 263 1522 10.
281 1493 466 1521 Narraverunt
479 1491 601 1526 quidam.
625 1490 697 1524 quod
719 1488 866 1524 aliquando
889 1489 974 1515 abbas

185 1541 296 1569 Ptemen
309 1544 336 1567 et
362 1539 459 1566 fratres
485 1537 546 1572 ejus
574 1537 739 1563 conﬁcerent
759 1536 895 1562 scolaces:
923 1543 973 1561 nee

185 1586 360 1622 procedebat,
373 1584 444 1619 quod
462 1591 515 1611 non
531 1583 664 1610 baberent
678 1581 749 1608 unde
764 1586 885 1608 emerent
903 1581 974 1607 luni-
989 1574 1009 1601 C

187 1632 274 1660 culos.
295 1630 329 1656 Et
353 1629 453 1664 aliquis
469 1629 509 1655 eis
525 1627 626 1654 eliarus
641 1633 696 1653 rem
723 1625 845 1652 narravit
867 1623 975 1651 cuidam

188 1676 343 1707 mercatori,
362 1674 465 1701 homini
479 1674 532 1708 pio.
547 1671 682 1699 Caeterum
699 1670 783 1696 abbas
801 1669 911 1696 Poemen
929 1676 976 1694 no-

189 1721 260 1747 lebat
279 1718 417 1754 quidpiam
436 1725 450 1744 a
467 1723 604 1751 quoquam
621 1715 760 1748 accipere,
779 1713 813 1740 ad
837 1713 976 1739 vitandam

188 1765 318 1791 nimirum
336 1763 423 1789 turba:
449 1761 630 1788 vexationem.
648 1759 741 1793 Itaque
764 1763 910 1788 mercator,
927 1765 978 1784 eu-

189 1817 267 1845 piens
292 1817 361 1844 opus
387 1808 446 1835 seni
472 1807 617 1837 coniicere,
642 1805 785 1840 praetexuit
801 1804 923 1838 indigere
950 1810 978 1830 se

189 1854 353 1882 scolacibus.
383 1853 415 1879 Et
430 1852 543 1879 adduxit
569 1853 713 1882 camelum,
732 1850 912 1884 sumpsitque.
927 1848 979 1876 Ve—

196 1903 276 1928 niens
297 1905 387 1927 autem
414 1900 497 1926 frater
514 1898 547 1924 ad
563 1898 686 1924 abbatem
702 1897 867 1927 Pmmenem,
887 1895 978 1922 audito

193 1946 267 1980 quod
286 1939 391 1972 fecerat.
403 1948 550 1975 mercator,
572 1947 601 1969 ut
616 1943 662 1977 qui
687 1943 766 1969 vellet
781 1942 890 1968 laudare
905 1949 978 1972 eum,

192 1993 269 2020 iniit:
287 1991 370 2021 Sane.
381 1990 461 2021 abba,
473 1990 524 2017 etsi
537 1996 591 2016 non
605 1989 748 2023 indigeret,
761 1988 866 2022 accepit
878 1991 979 2015 tamen.

193 2046 248 2072 quo
275 2037 355 2064 nobis
382 2044 450 2070 opus
469 2036 579 2062 faceret.
602 2034 722 2061 Audiens
739 2041 803 2061 vero
821 2034 904 2060 abbas
919 2032 981 2060 Pte-

199 2090 273 2114 nien,
293 2081 395 2115 absque
411 2080 560 2115 indigentia
591 2080 752 2114 sumpsisse,
779 2079 848 2106 dixit
874 2078 949 2105 fratri
973 2088 979 2105 :

197 2129 297 2161 Surge,
312 2127 417 2153 conduc
430 2125 574 2155 camelum.
589 2128 616 2151 et
629 2125 696 2151 all'er
713 2125 784 2150 illos.
800 2123 876 2155 Quod
890 2124 912 2150 si
928 2131 981 2150 non

196 2172 333 2204 attuleris,
350 2172 461 2198 Pmmen
482 2171 526 2197 hic
545 2178 598 2197 non
614 2170 730 2204 amplius
747 2170 876 2197 residebil
891 2169 982 2196 vobis-

195 2227 270 2245 cum.
289 2217 356 2244 Nolo
371 2224 490 2251 uanique
504 2216 631 2250 cuiquam
656 2215 782 2249 injuriain
802 2214 902 2246 facere,
919 2221 980 2240 cum

196 2272 250 2291 non
266 2263 396 2297 indigeat,
414 2250 586 2288 utidamnuni
612 2261 739 2296 patiatur,
771 2260 914 2294 capiatqne
940 2260 980 2286 lu-
998 2250 1018 2276 Ῑ)

196 2317 273 2336 (‘I'llm
302 2316 402 2336 meum.
422 2307 496 2334 Abiit
523 2307 606 2334 frater
631 2307 702 2340 ejus,
728 2311 756 2332 et
778 2309 839 2340 post
866 2305 979 2331 multum

196 2357 298 2383 laboris
318 2355 418 2381 attulit.
435 2353 492 2381 Nisi
508 2355 579 2380 enim
603 2352 739 2378 attulisset
753 2371 760 2382 ,
777 2359 858 2378 senex
875 2350 979 2377 disces-

197 2403 278 2429 sisset
293 2402 326 2428 ab
340 2401 390 2429 eis.
418 2399 453 2427 Ut
474 2407 539 2434 ergo
550 2399 616 2426 vidit
637 2399 708 2429 illos,
725 2399 834 2433 gavisus
850 2401 903 2429 est,
922 2401 982 2422 tan-

196 2456 276 2484 quam
293 2447 316 2474 si
332 2447 482 2473 invenisset
497 2452 624 2479 magnum
642 2445 812 2471 thesaurum.

233 2494 276 2520 Η.
295 2493 388 2519 Audiit
404 2491 549 2526 aliquando
559 2491 700 2525 presbyter
716 2488 814 2516 Pelusii
828 2488 862 2515 de
873 2488 984 2523 quibus-

197 2539 258 2566 dani
276 2538 418 2570 fratribus,
435 2537 507 2572 quod
521 2537 632 2563 assiduo
655 2536 682 2562 in
706 2536 772 2562 urbe
795 2539 980 2567 versarentur,

196 2586 330 2615 lavarent,
345 2584 511 2619 negligereut
531 2591 576 2615 se;
590 2582 719 2617 quocirca
739 2582 851 2608 veniens
869 2580 901 2607 ad
926 2580 983 2607 col-

197 2629 306 2661 lectam,
325 2629 435 2656 sustulit
451 2629 485 2655 ab
510 2627 544 2655 iis
568 2627 690 2654 habitum
713 2626 912 2654 monachalem.
928 2626 982 2653 Sed

235 2709 258 2725 "
273 2709 315 2736 Al.
332 2706 431 2740 ἀνοίξω
449 2714 508 2742 μου.

234 2789 289 2823 (8t)
309 2787 362 2815 vn.
383 2787 456 2814 Patr.
475 2795 512 2818 Iv,
529 2787 569 2823 δε

234 2819 289 2857 illi)
304 2823 463 2853 Σκολάκιν,
480 2827 506 2849 et
522 2822 581 2848 τῶν
603 2821 792 2853 σκυλακίων,
807 2820 887 2855 paulo
900 2819 983 2857 infra.

200 2855 327 2887 Scoliices
343 2863 406 2885 sunt
424 2859 502 2885 l'unes
522 2858 616 2885 intorti
635 2861 662 2885 et
676 2857 772 2890 cerati,
791 2857 824 2883 ad
841 2863 921 2883 usum
942 2855 983 2882 l'a-

1008 253 1107 287 αὒτοῦς
1129 254 1210 288 Λέγει
1226 253 1300 288 αὑτῷ
1322 254 1337 279 6
1352 252 1459 288 γέρων·
1481 252 1566 283 Αὐτὸς
1585 251 1639 277 τῶν
1655 251 1710 277 ἄνω
1728 250 1796 278 ἐστὶ.

1008 302 1054 328 καὶ
1071 300 1220 336 ἐπουράνια
1245 299 1330 330 λαλεῖ,
1355 298 1410 332 ἐγὼ
1432 298 1461 324 δὲ
1484 298 1538 324 τῶν
1559 297 1634 324 κάτω
1657 296 1723 331 εἰμὶ,
1751 295 1800 322 καὶ

1011 348 1121 380 ἐπίγεια
1144 346 1225 373 λαλῶ.
1250 345 1281 371 Εἰ
1304 345 1418 379 ἐλάλησέ
1437 353 1480 380 μοι
1498 344 1562 379 περὶ
1586 342 1679 369 παθῶν
1699 341 1799 376 ψυχῆς,

1010 391 1064 426 ἐγὼ
1078 392 1111 418 ἂν
1126 389 1316 424 ἀπεκρινάμην
1331 388 1404 424 αὐτῷ
1414 397 1421 404 ·
1439 388 1500 414 εἰδὲ
1515 388 1579 422 περὶ
1596 386 1799 422 πνευματικῶν,

1013 437 1069 471 ἐγὼ
1085 436 1171 463 ταῦτα
1186 436 1235 461 οὐκ
1250 431 1318 460 οἶδα.
1343 433 1472 466 Ἐξελθὼν
1487 431 1533 460 οὗν
1550 434 1564 459 6
1584 432 1698 466 ἀδελφὸς
1726 429 1801 457 εἶπεν

1013 483 1086 518 αὑτῷ
1097 491 1103 497 ·
1127 483 1156 508 '0
1171 482 1259 516 γέρων
1274 480 1304 506 οὐ
1323 479 1428 515 ταχέως
1443 479 1496 506 ἀπὸ
1509 479 1618 514 Γραφῆς
1637 478 1712 504 λαλεῖ
1722 487 1728 493 ·
1744 475 1801 504 ἀλλ’

1013 529 1059 555 ἐὰν
1073 537 1115 559 τις
1131 526 1205 561 αὐτῷ
1221 526 1288 560 λαλῇ
1312 525 1375 560 περὶ
1393 524 1487 550 παθῶν
1509 523 1608 558 ψυχῆς,
1625 522 1802 557 ἀποκρίνεται

1014 574 1099 608 αὐτῷ.
1119 574 1148 599 Ὀ
1163 573 1191 599 δὲ
1219 571 1381 605 κατανυγεὶς
1399 569 1506 604 εἰσῆλθε
1529 569 1596 604 πρὸς
1613 569 1657 594 τὸν
1674 569 1802 603 γέροντα,

1014 621 1061 647 καὶ
1074 620 1147 654 λέγει
1164 618 1238 653 αὑτῷ
1249 627 1256 632 ·
1272 618 1304 644 Τί
1316 617 1430 652 ποιήσω,
1446 615 1527 646 eaea,
1539 614 1804 649 ὃτικατακυριεύου-

1016 666 1042 692 σί
1061 674 1110 701 μου
1140 664 1176 691 τὰ
1208 664 1282 699 πάθη
1303 663 1353 698 τῆς
1369 662 1474 697 ψυχῆς;
1491 662 1546 688 Kal
1562 662 1713 696 προσέσχεν
1729 660 1803 695 αὐτῷ

1016 713 1030 738 ὁ
1053 712 1141 747 γέρων
1158 711 1273 746 χαίρων,
1300 709 1347 736 καὶ
1370 709 1464 735 εἶπεν·
1495 709 1573 743 ’Ἄρτι
1598 707 1687 739 καλῶς
1703 705 1802 742 ἦλθες⁸

1016 759 1062 785 νῦν
1087 758 1191 791 ἄνοιξον
1213 766 1258 784 σου
1281 757 1303 772 ⁵⁸
1317 756 1347 782 τὸ
1362 756 1448 790 στόμα
1468 755 1531 790 περὶ
1547 754 1658 784 τούτων,
1674 754 1721 780 καὶ
1736 754 1804 787 πλη-

1020 804 1098 839 ρώσω
1112 803 1178 830 αὐτὸ
1190 802 1311 837 ἀγαθῶν.
1333 802 1362 828 'O
1381 802 1409 828 ὁὲ
1426 801 1511 827 πολλὰ
1526 801 1676 835 ὠφεληθεὶς
1694 800 1785 833 ἔλεγεν
1795 807 1802 814 ·

1020 850 1123 880 Ὄντως
1136 848 1206 882 αὓτη
1220 849 1294 874 ἐστὶν
1307 848 1323 882 ἡ
1339 847 1452 882 ἀληθινὴ
1474 846 1542 878 ὁδός.
1560 847 1615 872 Καὶ
1636 845 1805 881 εὐχαριστῶν

982 886 1004 915 Β
1017 894 1056 930 τῷ
1069 894 1127 930 θεῷ
1139 893 1295 929 ἀνέκαμψεν
1311 894 1350 924 είς
1363 894 1411 928 τὴν
1424 893 1490 919 ἰδίαν
1505 892 1596 928 χώραν
1605 913 1613 925 ,
1634 893 1674 918 ὅτι
1693 892 1805 927 τοιούτῳ

1018 940 1089 973 ἁγίῳ
1105 938 1259 974 κατηξιώθη
1279 940 1429 973 συντυχεῖν.

1055 986 1086 1012 θ’.
1114 984 1264 1020 Ἐκράτησε
1288 993 1352 1010 ποτε
1367 985 1381 1010 6
1396 984 1486 1019 ἄρχων
1503 983 1552 1019 τῆς
1570 983 1660 1019 χώρας
1682 982 1742 1010 τινὰ
1756 982 1807 1017 τῆς

1019 1032 1116 1067 κώμης
1128 1031 1175 1058 τοῦ
1188 1031 1260 1057 ἀϐϐᾱὶ
1273 1030 1404 1065 Ποιμὲνος
1416 1039 1423 1045 ·
1445 1031 1490 1056 καὶ
1506 1029 1588 1066 ἦλθον
1604 1030 1702 1062 πάντες
1717 1038 1807 1066 παρα-

1020 1078 1164 1109 καλοῦντες
1181 1077 1226 1103 τὸν
1248 1077 1363 1111 γέροντα
1397 1076 1525 1103 ἀπελθεῖν
1547 1077 1594 1103 καὶ
1618 1076 1741 1102 ἐκϐαλεῖν
1757 1076 1807 1102 αὑ-

1020 1126 1075 1152 τόν.
1099 1125 1127 1150 'U
1142 1124 1169 1150 δὲ
1187 1121 1262 1149 εἶπεν
1272 1132 1278 1138 ·
1301 1123 1413 1150 Ἐάσατὲ
1428 1132 1460 1158 με
1479 1124 1553 1158 τρεῖς
1567 1123 1684 1158 ἡμέρας,
1702 1123 1747 1149 καὶ
1761 1122 1808 1148 οὒ-

1021 1179 1074 1201 τως
1099 1170 1223 1206 ἔρχομαι.
1254 1169 1358 1202 Εὗξατο
1383 1167 1428 1195 οὖν
1458 1170 1471 1195 ὁ
1493 1169 1580 1200 ὰεὶΰᾶς
1606 1169 1711 1204 Ποιμὴν
1740 1169 1808 1204 πρὸς

1022 1216 1134 1251 Κύριον,
1150 1215 1235 1249 λέγων
1246 1223 1252 1229 ·
1279 1215 1375 1250 Κύριε,
1395 1215 1432 1250 μὴ
1450 1215 1504 1250 δῷς
1527 1223 1571 1250 μοι
1587 1215 1634 1250 τὴν
1649 1215 1727 1250 χάριν
1743 1215 1810 1241 ταύ-

1022 1271 1081 1297 την.
1114 1262 1190 1288 Ἐπεὶ
1215 1261 1265 1287 οὐκ
1288 1261 1397 1295 ἀφιοῦσί
1425 1270 1458 1296 με
1482 1261 1591 1288 καθίσαι
1615 1262 1644 1288 ὲν
1670 1261 1708 1296 τῷ
1735 1261 1810 1296 τόπῳ

1022 1307 1119 1341 τούτῳ,
1134 1305 1236 1333 Ἶίλθεν
1250 1304 1295 1333 οὗν
1311 1308 1324 1333 6
1338 1307 1368 1340 γέ
1374 1315 1427 1342 ρων
1444 1306 1609 1342 παρακαλῶν
1623 1307 1667 1333 τὸν
1680 1307 1807 1342 ἄρχοντα.

1030 1353 1058 1379 ’0
1082 1353 1109 1378 δὲ
1135 1353 1203 1386 πρὸς
1228 1352 1308 1378 αὑτὸν
1334 1352 1401 1387 ἔφη·
1422 1352 1489 1387 Περὶ
1507 1352 1604 1387 λῃστοῦ
1626 1352 1808 1387 παρακαλεῖς,

1024 1399 1112 1429 ὰ66ᾶ;
1134 1399 1162 1424 '0
1170 1398 1197 1424 δὲ
1210 1399 1299 1434 γέρων
1313 1398 1408 1434 ἐχάρη,
1422 1399 1462 1425 ὅτι
1474 1398 1524 1424 οὐκ
1537 1399 1644 1430 ἐδέξατο
1653 1399 1732 1434 χάριν
1745 1398 1811 1434 παρ’

1025 1453 1117 1471 αυτου.

1063 1494 1087 1517 ι’.
1109 1490 1276 1525 Διηγὴσαντό
1303 1499 1383 1522 τινες,
1402 1491 1451 1517 ὅτι
1477 1491 1541 1517 ποτὲ
1561 1491 1575 1516 6
1597 1490 1684 1522 ἀὸϐᾶς
1707 1490 1813 1526 Ποιμὴν

1026 1537 1073 1563 καὶ
1091 1538 1115 1562 οἱ
1137 1537 1245 1571 ἀδελφοὶ
1263 1537 1344 1564 αὑτοῦ
1360 1537 1516 1571 εἰργάζοντο
1531 1537 1656 1564 σκολάκιν
1671 1537 1725 1573 (82)
1736 1546 1743 1552 ·
1765 1538 1813 1563 καὶ

1027 1582 1057 1608 οὐ
1083 1582 1244 1617 προεχώρει,
1273 1582 1309 1617 μὴ
1336 1582 1442 1617 ἔχοντες
1467 1582 1598 1617 ἀγοράσαι
1623 1582 1739 1616 λινάρια.
1759 1582 1814 1608 Καί

1026 1637 1068 1659 τις
1090 1628 1178 1654 αὐτῶν
1207 1628 1346 1663 ἀγαπητὸς
1374 1628 1522 1663 διηγήσατό
1543 1637 1594 1655 τινι
1615 1629 1813 1664 πραγματευτῇ

1028 1674 1116 1709 πιστῷ
1138 1674 1168 1700 τὸ
1187 1676 1312 1710 πρᾶγμα.
1337 1675 1366 1701 ’0
1394 1675 1421 1701 δὲ
1444 1674 1530 1706 ἀεϐἅς
1545 1674 1648 1709 Πυιμὴν
1668 1675 1717 1700 οὐκ
1733 1674 1814 1709 ἤθελε

1028 1720 1176 1753 λαμϐάνειν
1200 1720 1274 1755 ποιρά
1297 1720 1367 1751 τινός
1382 1720 1407 1746 τί
1427 1728 1502 1750 ποτε,
1515 1719 1559 1745 διὰ
1572 1719 1620 1754 τὴν
1637 1719 1756 1754 ὄχλησιν.
1785 1719 1815 1745 '0

1031 1765 1059 1791 δὲ
1080 1766 1290 1800 πραγματευτὴς
1308 1765 1391 1791 θέλων
1413 1765 1523 1800 ποιῆσαι
1549 1765 1628 1800 ἔργον
1643 1765 1681 1800 τῷ
1697 1757 1815 1800 γέροντι,

1031 1811 1226 1845 προεῳασίζετο
1236 1811 1330 1846 χρείαν
1341 1811 1411 1846 ἔχειν
1423 1811 1476 1837 τῶν
1486 1811 1646 1842 σκολακίων,
1659 1812 1705 1838 καὶ
1717 1812 1816 1846 ἤνεγκε

1029 1855 1078 1890 τὴν
1090 1857 1221 1891 κάμηλον,
1237 1857 1283 1883 καὶ
1298 1857 1392 1883 ἐλαϐεν
1406 1857 1484 1884 αὑτά.
1509 1857 1563 1884 Kal
1580 1857 1664 1883 ἐλθὼν
1678 1859 1692 1883 6
1703 1857 1818 1891 ἀδελφὸς

1031 1901 1099 1936 πρὸς
1120 1901 1166 1927 τὸν
1189 1901 1275 1927 ἀόδᾶν
1287 1902 1416 1936 Ποιμένα,
1443 1902 1615 1933 καὶὰκούσας
1633 1902 1782 1936 ὂὲποὶησεν
1801 1903 1815 1928 6

1031 1947 1260 1982 πραγματευτὴς,
1285 1947 1322 1978 ὡς
1346 1947 1430 1974 θέλων
1451 1948 1591 1974 ἐπαινέσαι
1615 1947 1709 1977 αὐτὸν,
1734 1945 1814 1974 εἶπεσ

1033 1993 1124 2026 Φύσει,
1137 1993 1218 2025 ἀϐϐἆ,
1230 1994 1274 2019 καὶ
1288 1994 1324 2028 μὴ
1336 1992 1443 2028 χρῄζων
1457 1994 1526 2020 αὐτὰ
1540 1994 1644 2025 ἔλαϐεν,
1659 1994 1702 2019 ἵνα
1718 1994 1818 2029 ποιήσῃ

1035 2040 1100 2074 ἡμῖν
1125 2039 1214 2075 ἔργον.
1246 2040 1376 2071 ’Λκούσας
1396 2041 1423 2066 δὲ
1448 2041 1462 2066 6
1481 2040 1565 2071 deos;
1590 2039 1692 2076 Ποιμὴν
1716 2040 1757 2066 ὅτι
1779 2040 1819 2075 μὴ

1032 2084 1141 2119 χρῄζων
1155 2085 1223 2111 αὐτὰ
1237 2085 1340 2116 ἔλαϐεν,
1356 2084 1415 2111 εἶπε
1431 2086 1468 2119 τῷ
1485 2085 1590 2119 ἀδελφῷ
1602 2093 1609 2100 ο
1634 2085 1758 2116 Ἀνάστα,
1776 2084 1820 2119 μί-

1034 2130 1138 2156 σΟωσαι
1153 2130 1286 2165 κάμηλον,
1302 2132 1347 2158 καὶ
1363 2132 1428 2166 φέρε
1443 2131 1513 2158 αἱ)τά
1524 2140 1530 2146 ·
1543 2131 1589 2157 ἐὰν
1603 2131 1630 2157 δὲ
1643 2132 1690 2157 οὐκ
1703 2131 1819 2168 ἐνέγκῃς

1034 2177 1113 2206 αὐτὰ,
1129 2176 1233 2211 Ποιμὴν
1250 2174 1299 2202 ὧδε
1317 2178 1346 2204 οὺ
1363 2177 1507 2208 καθέζεται
1526 2177 1584 2212 μεθ’
1606 2177 1691 2212 ὑμῶν.
1713 2177 1749 2203 Οὐ
1766 2178 1820 2212 γὰρ

1035 2220 1118 2246 ἁδικῶ
1129 2229 1189 2247 τινα
1200 2221 1340 2255 ἄνθρωπον
1353 2222 1389 2256 μὴ
1406 2222 1549 2257 χρῄζοντα.
1566 2222 1607 2248 ἵνα
1624 2222 1725 2257 ζημίαν
1741 2223 1820 2256 ποιήσ

1034 2274 1079 2301 σῃ,
1093 2267 1139 2292 καὶ
1152 2266 1220 2302 λάϐῃ
1236 2267 1264 2292 τὸ
1279 2267 1371 2302 κέρδος
1401 2276 1462 2302 μου.
1485 2268 1539 2294 Καὶ
1551 2267 1669 2302 ἀπῆλθεν
1683 2268 1697 2293 6
1708 2267 1821 2300 ἁδελφὸς

1034 2311 1117 2337 αὑτοῦ
1136 2312 1204 2346 μετὰ
1223 2312 1320 2338 πολλοῦ
1337 2313 1431 2343 κόπου,
1457 2313 1503 2339 καὶ
1518 2314 1633 2348 ἧνεγκεν
1649 2313 1734 2339 αὐτόν
1753 2313 1776 2338 εἱ
1793 2312 1821 2338 δὲ

1036 2357 1083 2392 μὴ,
1109 2358 1122 2383 ὁ
1147 2357 1234 2391 γέρων
1258 2358 1304 2384 ἀπ’
1330 2358 1419 2384 αὐτῶν
1445 2358 1586 2393 ἀνεχώρει.
1613 2359 1656 2390 Ὠς
1679 2357 1726 2385 οὖν
1753 2356 1822 2384 εἶδεν

1034 2402 1115 2433 αὐτὰ,
1134 2403 1231 2438 ἐχάρη,
1247 2403 1313 2429 ὡσεὶ
1330 2404 1416 2439 μέγαν
1432 2404 1524 2440 εὑρὼν·
1537 2405 1694 2440 Θησαυρόν.)

1074 2491 1117 2518 ια’,
1141 2492 1258 2518 Ἤκουσέ
1281 2501 1346 2519 ποτε
1370 2494 1384 2520 ὁ
1401 2494 1585 2529 πρεσϐύτερος
1605 2494 1652 2520 τοῦ
1673 2495 1824 2529 Πηλουσίου

1038 2537 1100 2572 περί
1117 2546 1197 2564 τινων
1213 2538 1345 2573 ἀδελφῶν,
1359 2539 1400 2566 ὅτι
1413 2540 1531 2574 συνεχῶς
1546 2542 1586 2572 είς
1599 2541 1648 2576 τὴν
1668 2541 1744 2567 πόλιν
1760 2542 1824 2573 εἰσὶ,

1037 2584 1083 2610 καὶ
1094 2584 1227 2616 λούονται,
1248 2586 1294 2611 καὶ
1308 2585 1453 2621 ἀμελοῦσιν
1472 2586 1591 2613 ἑαυτῶν·
1617 2587 1665 2613 καὶ
1684 2587 1770 2613 ἐλθὼν
1786 2588 1825 2618 εἰς

1035 2628 1085 2663 τὴν
1101 2629 1221 2663 σύναξιν,
1240 2628 1307 2666 ἦρεν
1331 2631 1378 2657 ἀπ’
1393 2631 1484 2659 αὐτῶν
1506 2632 1536 2658 τὸ
1556 2632 1659 2667 σχῆμα.
1682 2632 1737 2658 Καὶ
1758 2632 1828 2667 μετὰ

1039 2785 1079 2811 cis
1091 2789 1117 2810 et
1132 2783 1263 2816 candelae,
1279 2791 1328 2811 seu
1348 2783 1450 2812 funalia
1466 2790 1493 2812 et
1507 2789 1578 2814 cerei
1595 2787 1711 2815 furiales.
1725 2788 1827 2816 Obser-

1039 2823 1131 2846 vatqu
1147 2819 1198 2846 fuit
1214 2827 1228 2846 a
1241 2819 1380 2847 veteribus
1393 2826 1417 2848 et
1431 2822 1641 2850 recentioribus.
