1970 3074
151 135 207 163 Ξὲὸ

728 141 1036 173 APOPHTHLGMATA
1056 146 1211 176 PATRUM.

1735 156 1788 183 526

135 225 137 227 _
148 193 230 219 τοῦτο
243 193 342 229 ἔτυψεν
355 195 436 222 αὑτὸν
449 197 465 231 ἡ
479 196 575 228 καρδία
587 198 680 230 αὑτοῦ,
695 200 742 226 καὶ
761 201 928 236 μετεμελήθη

997 207 1091 238 postea
1106 205 1189 232 corde
1204 213 1234 233 se
1246 210 1345 234 laetum
1359 209 1455 242 sensit,
1472 217 1504 237 ac
1514 213 1673 246 pcenitentia
1685 215 1785 245 ductus

151 241 201 266 καὶ
221 238 287 275 ἦλθε
304 242 373 277 προς
388 243 433 268 τὸν
447 242 533 269 ἀὸὃᾶν
557 245 686 280 Ποιμένα,
712 246 819 281 μεθύων
831 249 888 279 τοῖς
903 248 944 274 λο-

152 288 273 321 γισμοῖς,
296 287 437 321 βαστάζων
456 290 503 315 καὶ
526 290 589 321 τοὺς
611 290 768 326 λεϐήτωνας
788 292 842 319 τῶν
863 293 944 320 ἀδελ-

152 332 222 366 φῶν,
250 334 297 359 χαί
315 334 476 368 ἀναγγέλλει
496 335 527 362 τὸ
546 327 666 372 ’πρᾶγμα
688 338 727 372 τῷ
747 339 865 373 γέροντι.
888 340 943 367 Καὶ

150 377 226 412 λέγει
243 379 317 414 αὐτῷ
332 380 346 405 ὁ
368 380 472 416 γέρων·
491 382 547 408 Οὐκ
561 382 631 417 ἔχεις
654 383 684 409 σύ
702 383 728 409 τί
749 393 814 410 ποτε
826 385 873 411 τοῦ
889 394 942 411 πα-

150 425 228 452 λαιοῦ
244 426 405 462 ἀνθρώπου;
423 428 549 455 ἀπεδύσω
571 430 670 461 αὑτόν;
697 431 725 456 '0
740 430 768 457 δὲ
789 432 941 466 πρεσϐύτε-

152 481 199 508 ρος
213 470 298 505 εἶπεν,
315 474 355 500 ὅτι
374 475 489 509 Μετέχω
501 475 548 501 τοῦ
562 475 676 503 παλαιοῦ
692 476 846 512 ἀνθρώπου.
872 478 900 504 '0
912 479 941 505 δὲ

152 519 240 554 γέρων
254 518 329 546 εἶπεν
347 520 438 555 αὐτῷ’
460 521 525 547 Ἰδοὺ
540 519 586 548 οὖν
605 523 649 548 καὶ
669 523 700 549 σὺ
715 523 753 554 ὼς
769 523 794 549 οἱ
818 524 938 558 ἀδελφοί.

150 565 182 591 Εἰ
196 565 249 601 γὰρ
264 566 361 601 μικρὸν
377 566 500 601 μετέχεις
516 567 565 602 τῆς
581 569 768 604 παλαιότητος,
785 571 859 606 ὅμως
874 571 939 597 ὑπό-

148 620 238 637 κειται
258 613 290 647 τῇ
317 613 447 648 ἁμαρτίᾳ.
476 613 541 640 Τότε
568 614 692 641 ἀπελθὼν
716 616 730 642 6
754 616 938 652 πρεσϐύτερος

147 656 261 683 ἐκάλεσε
286 658 349 689 τοὺς
372 658 512 693 ἀδελφοὺς,
533 660 579 686 καὶ
598 661 742 696 μετενόησε
762 664 817 694 τοῖς
831 663 936 695 ἕνδεκα,

147 704 195 728 καὶ
223 703 345 730 ἐνέδυσεν
371 704 470 736 αὐτοὺς
491 705 521 731 τὸ
545 705 639 741 σχῆμα
664 707 711 733 τοῦ
737 709 866 744 μοιθαχοῦ,
889 710 937 737 καὶ

146 749 291 775 ἀπέλυσεν.

183 797 227 831 ιβ’.
253 797 378 832 Ἀδελφὺς
389 797 514 834 ἠρώτησε
524 799 570 826 τὸν
586 799 673 827 ἀὸϐᾶν
687 802 817 837 Ποιμένα,
829 803 914 838 λέγων
925 813 933 820 ο

152 841 284 876 “limine-at
307 842 442 877 ἁμαρτίαν
461 844 592 879 μεγάλην,
610 846 657 871 καὶ
675 845 744 873 θέλω
768 849 933 883 μετανοῆσαι

144 888 207 922 τρία
220 888 277 923 ἔτη.
290 888 371 922 Λέγει
385 889 460 925 αὑτῷ
474 890 488 916 ὁ
504 890 608 926 γέρων·
623 892 694 918 Πολύ
706 893 774 919 ἐστι.
789 894 844 920 Καὶ
857 892 933 921 εἶπεν

145 933 219 968 αὐτῷ
237 935 251 960 ὀ
265 934 390 969 ἀδελφός·
415 935 485 962 Ἀλλ’
502 935 553 967 ἕως
567 937 708 969 ὲνιαυτοῦ;
736 939 791 965 Καὶ
805 937 865 966 εἷπε
881 941 934 967 πά-

144 979 185 1005 λιν
207 981 221 1006 ὁ
245 981 350 1016 γέρων·
369 981 439 1007 Πολύ
456 982 539 1008 ἐστιν.
565 983 596 1009 Οἱ
620 983 648 1010 δὲ
667 984 801 1019 παρόντες
823 985 929 1020 ἔλεγον·

145 1028 218 1059 Ἕως
235 1028 439 1063 τεσσαράκοντα
453 1029 583 1065 ήμερῶνς
598 1031 653 1057 Καὶ
664 1031 749 1058 πάλιν
767 1030 842 1058 εἶπε·
861 1034 930 1060 Πολύ

144 1075 231 1100 ἐστιν·
249 1071 309 1099 εἷπε
325 1074 354 1100 δέ
365 1083 371 1089 '
395 1074 465 1108 Ἐγὼ
481 1075 560 1109 λέγω,
579 1076 618 1102 ὅτι
634 1076 681 1103 ἐὰν
695 1077 724 1109 ἐξ
737 1078 801 1113 ὅλης
817 1079 929 1115 καρδίας

143 1119 297 1154 μετανοήσῃ
313 1119 465 1155 ἄνθρωπος,
483 1120 530 1146 καὶ
545 1121 581 1156 μὴ
600 1121 704 1157 προσθῇ
721 1122 760 1149 ἔτι
774 1125 862 1150 ποιεῖν
881 1125 931 1159 τὴν

142 1164 290 1200 ἁμαρτίαν,
316 1165 363 1191 καὶ
388 1166 429 1197 είς
453 1168 528 1202 τρεῖς
553 1167 660 1203 ἡμέρας
684 1168 792 1203 δέχεται
817 1171 898 1197 αὑτὸν
916 1173 930 1198 6

139 1211 216 1243 θεός.

180 1258 223 1292 ιγ’.
241 1255 309 1284 Εἶπε
327 1258 419 1291 πάλιν,
433 1259 473 1285 ὅτι
491 1259 527 1286 Τὸ
544 1261 656 1296 σημεῖον
684 1261 731 1288 τοῦ
759 1263 876 1298 μοναχοῦ
899 1264 928 1292 ὲν

137 1305 195 1335 τοῖς
214 1305 376 1341 πειρασμοῖς
391 1305 524 1339 φαίνεται.

176 1349 216 1376 ιδ’.
235 1348 303 1376 Εἷπε
326 1349 424 1376 πάλιν
449 1351 555 1386 Ὥσπερ
574 1352 588 1378 6
613 1352 763 1388 σπαθάριος
777 1354 825 1381 τοῦ
848 1355 926 1390 βασι-

138 1395 208 1426 λέως
241 1396 406 1431 παρίσταται
420 1396 494 1432 αὑτῷ
520 1397 665 1430 διαπαντὸς
688 1398 810 1434 ἕτοιμος·
839 1401 925 1434 οὕτως

137 1441 179 1466 δεῖ
192 1441 241 1476 τὴν
254 1441 343 1477 ψυχὴν
357 1442 468 1477 ἑτοίμην
486 1440 556 1470 εἶναι
585 1443 653 1479 πρὸς
676 1444 721 1471 τὸν
740 1445 853 1481 δαίμονα
875 1447 924 1482 τῆς

138 1487 278 1520 πορνείας.

174 1535 213 1558 ιε’.
237 1531 393 1568 Ἦρώτησεν
412 1534 426 1559 6
445 1534 532 1566 ἁὸὂᾶς
553 1535 648 1562 Ἄνοὺὸ
658 1537 680 1552 ⁸⁷
695 1537 740 1563 τὸν
761 1537 847 1565 ἀὸὄᾶν
863 1540 925 1566 Ποι-
939 1549 959 1577 C

137 1579 204 1613 μένα
227 1579 290 1613 περὶ
313 1579 366 1606 τῶν
388 1579 549 1615 ἀκαθάρτων
579 1581 716 1618 λογισμῶν
738 1580 775 1610 ὧν
799 1587 881 1621 γεννᾷ
905 1588 921 1622 ἡ

134 1623 236 1658 ὀιαρδία
251 1624 298 1650 τοῦ
313 1624 468 1659 ἀνθρώπου,
488 1626 534 1652 καὶ
551 1627 614 1661 περὶ
625 1627 679 1654 τῶν
693 1629 815 1663 ματαίων
828 1631 923 1657 ἐπιθυ-

135 1669 215 1704 μιῶν.
237 1671 292 1696 Καὶ
307 1670 379 1705 λέγει
397 1672 470 1707 αὐτῴ
488 1673 502 1698 6
519 1672 606 1705 ἀΰΰᾶς
626 1674 749 1710 Ποιμήν·
765 1676 814 1710 Μὴ
835 1677 923 1709 δοξα-

133 1715 280 1749 σθήσεται
301 1717 390 1751 ἀξίνη
409 1717 482 1744 ἄνευ
511 1719 564 1745 τοῦ
587 1719 752 1754 κόπτοντος
772 1722 806 1747 ἐν
828 1723 922 1756 αὺτῇ;

133 1760 183 1787 καὶ
215 1762 265 1794 σὺ,
305 1761 343 1797 μὴ
368 1761 464 1793 δώσεις
496 1764 589 1795 αὐτοῖς
621 1767 699 1800 χεῖρα
725 1767 766 1799 ⁸⁸,
794 1768 841 1794 καὶ
872 1769 922 1804 ἀρ-

132 1806 239 1840 γοῦσιν.

169 1855 217 1884 ις’.
239 1850 307 1879 Εἷπε
324 1853 404 1881 πάλιν
427 1854 441 1879 6
463 1854 551 1887 ἀῦϐᾶς
567 1857 689 1893 Ποιμήν·
706 1858 735 1884 Εἰ
755 1859 791 1894 μὴ
814 1860 920 1887 Ναϐου-

131 1898 233 1934 ζαρδὰν
249 1899 263 1924 6
277 1900 474 1936 ἀρχιμάγειρος
494 1899 585 1936 ἦλθεν,
609 1903 658 1929 οὐκ
678 1903 710 1930 ἂν
731 1905 884 1941 ἐνεπρήσθη
905 1906 919 1932 ὁ

131 1944 194 1975 ναὸς
212 1943 325 1979 Κυρίου.
347 1944 432 1971 Τοῦτο
453 1945 481 1972 δέ
501 1947 590 1972 ἐστιν·
615 1948 646 1973 Et
667 1947 703 1983 μὴ
727 1950 743 1984 ὴ
764 1950 918 1982 ἀνάπαυσις

128 1986 196 2023 ἦλθε
221 1990 442 2025 γαστριμαργίας
464 1991 504 2022 εἰς
527 1991 576 2026 τὴν
590 1992 687 2028 ψυχὴν.
711 1994 760 2020 οὐκ
783 1994 815 2021 ἂν
829 1995 917 2027 ὀνοῦς

129 2035 297 2062 κατέπιπτεν
314 2037 342 2062 ἐν
359 2036 397 2071 τῷ
414 2036 524 2072 πολέμῳ
541 2039 588 2065 τοῦ
602 2039 710 2074 ἐχθροῦ.

164 2134 208 2165 ιζ’,
226 2135 336 2169 Ἔλεγον
353 2136 417 2171 περὶ
436 2137 482 2163 τοῦ
513 2138 586 2165 ἁϐὁᾶ
602 2140 741 2174 Ποιμένος,
758 2141 798 2167 ὅτι
815 2142 913 2169 καλού-

128 2188 210 2214 μενος
223 2181 262 2211 εἰς
278 2181 308 2207 τὺ
322 2183 418 2215 φαγεῖν
433 2183 508 2218 παρὰ
519 2184 550 2209 τὸ
562 2184 667 2220 θέλημα
681 2185 775 2218 αὑτοῦ,
796 2188 915 2223 ἀπήρχε-

996 253 1049 276 est.
1067 249 1191 278 Accessit
1207 259 1271 286 ergo
1299 253 1333 279 ad
1361 254 1486 282 abbatem
1515 257 1681 292 Pmmenem,
1711 263 1785 290 velut

995 298 1208 332 cogitationibus
1229 300 1333 333 ebrius,
1348 307 1460 336 portans
1476 305 1556 331 etiam
1579 313 1711 335 .evttones
1734 308 1785 336 fra-

994 346 1083 376 trum;
1101 352 1214 379 retnque
1233 346 1290 373 seni
1308 349 1462 375 annuntiat.
1484 350 1528 376 Ait
1548 351 1585 377 illi
1602 359 1701 379 senex:
1723 353 1784 381 Non

993 388 1077 416 habes
1090 393 1118 416 ttt
1129 391 1267 426 quidpiam
1283 393 1381 420 veteris
1398 394 1535 422 hominis?
1556 397 1693 425 exuistine
1708 399 1785 425 eum?

992 432 1142 469 Respondit
1158 437 1316 473 presbyter:
1337 438 1478 475 Particeps
1495 442 1584 468 adhuc
1601 450 1662 469 sum
1681 445 1783 471 veteris

992 480 1120 508 hominis.
1149 481 1236 510 Senex
1258 485 1398 518 reposuit:
1426 485 1497 514 Ecce
1520 487 1613 522 igitur,
1632 490 1712 516 etiam
1739 493 1780 520 tn.

991 525 1062 552 sicut
1075 526 1185 555 fratres.
1203 528 1260 556 Etsi
1275 531 1346 557 enim
1369 539 1463 566 parum
1489 534 1607 561 retineas
1623 536 1778 567 vetustatis,

989 575 1107 600 attamen
1124 579 1238 608 peccato
1258 576 1395 610 suhjaees.
1413 578 1488 606 Tunc
1520 580 1615 607 abiens
1639 582 1780 616 presbyter

988 619 1096 645 vocavit
1123 619 1232 652 fratres,
1258 622 1293 649 ab
1310 623 1375 657 ipsis
1398 624 1523 652 undecim
1541 626 1647 653 veniam
1665 627 1778 662 supplex

987 665 1074 699 petiit,
1094 665 1184 693 induit
1198 675 1246 696 eos
1273 668 1368 697 habitu
1384 671 1523 704 monachi,
1541 680 1647 700 necnon
1662 674 1775 700 dimisit.

1021 798 1065 824 12.
1085 798 1139 833 (85)
1158 797 1254 827 Frater
1271 801 1311 827 sic
1332 803 1509 837 interrogavit
1531 803 1653 831 abbatem
1671 804 1776 833 Preme-

985 850 1063 870 nem:
1077 843 1206 872 Commisi
1224 847 1326 881 grande
1341 853 1491 882 peccatum,
1516 853 1542 876 et
1560 851 1621 877 volo
1635 859 1682 884 per
1694 851 1776 878 trien-

984 888 1060 915 nium
1078 896 1156 924 agere
1171 892 1369 925 paenitentiam.
1393 893 1461 921 Dicit
1478 895 1501 922 ei
1531 904 1612 924 senex
1628 907 1633 923 :
1661 897 1773 923 Multum

984 936 1114 969 temporis
1132 939 1183 963 est.
1198 937 1242 964 Ait
1258 938 1358 966 frater:
1372 939 1424 966 Sed
1442 941 1474 967 ad
1487 948 1587 972 annum
1604 943 1708 977 usque?
1722 943 1774 970 lte-

983 988 1044 1007 rum
1059 989 1141 1009 senex
1155 993 1161 1010 ε
1180 983 1293 1011 Multum
1311 989 1363 1012 est.
1378 985 1428 1018 Qui
1453 991 1542 1014 autern
1560 988 1684 1020 aderant,
1700 990 1774 1016 dixe-

983 1032 1061 1055 runt:
1094 1029 1184 1064 Usque
1211 1030 1244 1057 ad
1274 1031 1456 1066 quadraginta
1487 1032 1566 1060 dies?
1593 1034 1690 1060 lterum
1717 1036 1770 1062 ait:

982 1074 1096 1102 Multum
1113 1081 1166 1103 est.
1190 1076 1367 1112 Additlilquc:
1383 1078 1497 1106 Afﬁrmo
1512 1087 1572 1114 ego,
1593 1081 1664 1115 quod
1681 1082 1703 1108 si
1720 1081 1770 1108 bo-

981 1120 1081 1147 minem
1095 1129 1128 1148 ex
1143 1125 1199 1148 toto
1222 1122 1304 1149 corde
1333 1123 1501 1157 pwnitnerit,
1527 1133 1578 1152 nec
1605 1126 1628 1152 is
1654 1127 1770 1161 amplius

980 1167 1144 1200 peccaverit,
1159 1168 1239 1195 etiam
1253 1168 1281 1195 in
1293 1169 1380 1196 tribus
1394 1170 1562 1204 paenitentiae
1578 1171 1676 1199 diebus
1698 1172 1770 1200 Deus

980 1212 1056 1239 illum
1071 1214 1214 1248 suscipiet.

1015 1259 1058 1285 15.
1079 1258 1134 1293 (84)
1151 1259 1222 1286 Dixit
1245 1260 1361 1289 adhuc:
1379 1261 1492 1297 Signum
1516 1264 1642 1291 monachi
1666 1265 1694 1292 in
1713 1269 1770 1292 ten-

977 1305 1128 1332 tationibus
1146 1310 1269 1340 apparet.

1013 1351 1056 1378 Μ.
1078 1351 1134 1386 (85)
1150 1352 1247 1379 lterum
1267 1353 1335 1380 dixit
1351 1363 1358 1380 :
1373 1353 1450 1381 Sicut
1471 1356 1627 1390 spathartus
1651 1365 1768 1392 nupera-

976 1396 1043 1424 toris
1064 1398 1166 1425 assistit
1185 1399 1221 1429 ei.
1240 1403 1351 1433 paratus
1377 1408 1505 1435 semper:
1522 1402 1558 1428 ita
1574 1408 1682 1437 oportet
1702 1405 1763 1430 ani—

975 1450 1047 1469 mam
1070 1448 1222 1478 promptam
1242 1452 1303 1472 esse
1324 1446 1456 1474 adversus
1476 1447 1626 1475 daemonem
1649 1450 1767 1478 fornica-

975 1489 1068 1516 tionis.

1013 1534 1056 1561 15.
1079 1535 1135 1569 (86)
1151 1535 1327 1572 Interrogavit
1351 1538 1437 1566 abbas
1459 1539 1539 1567 Anub
1561 1540 1686 1568 abbatem
1704 1541 1766 1569 Ρω-

977 1588 1092 1611 ntenem.
1107 1581 1140 1608 de
1163 1582 1277 1616 impuris
1290 1585 1504 1617 cogitationibus
1519 1595 1589 1621 quas
1606 1588 1693 1622 gignit
1716 1595 1765 1615 cor

975 1625 1104 1658 hominis,
1121 1631 1149 1653 et
1164 1628 1196 1654 de
1219 1628 1295 1655 ranis
1320 1630 1526 1664 cupiditatibus.
1546 1631 1616 1659 Dicit
1638 1634 1663 1660 ei
1678 1634 1763 1662 abbas

974 1670 1083 1699 Pwmen
1100 1682 1106 1699 :
1123 1672 1250 1708 Nunquid
1275 1674 1435 1709 gloriabitur
1462 1679 1560 1704 set-uris
1587 1679 1643 1706 sine
1669 1688 1698 1706 eo
1718 1681 1763 1715 qui

973 1717 1050 1742 εωάίι
1063 1717 1089 1743 in
1102 1718 1158 1751 ipsa
1169 1719 1192 1734 "
1203 1719 1214 1745 ἱ)
1226 1719 1266 1746 Tu
1281 1728 1390 1756 quoque
1403 1729 1437 1748 ne
1449 1723 1573 1758 porrigas
1584 1725 1624 1752 eis
1639 1733 1761 1761 manum,

973 1767 999 1789 et
1012 1763 1107 1790 otiosae
1119 1768 1214 1792 erunt.

1007 1851 1051 1878 16.
1074 1852 1129 1887 (87)
1148 1852 1218 1880 Dixit
1231 1853 1329 1882 iterum
1345 1856 1429 1884 abbas
1444 1856 1570 1886 Pmmen;
1589 1859 1647 1888 Nisi
1664 1859 1758 1888 Nabu—

971 1898 1070 1925 zardan
1086 1906 1236 1934 coquorum
1262 1902 1389 1937 princeps
1412 1904 1541 1938 venisset,
1563 1914 1619 1934 non
1641 1915 1756 1935 concre—

969 1948 1072 1971 matum
1097 1945 1193 1973 fuisset
1211 1948 1340 1982 templum
1356 1948 1463 1976 Domini
1477 1951 1510 1978 “°.
1534 1951 1591 1978 Hoc
1611 1957 1700 1980 autem
1719 1954 1758 1981 si-

969 1989 1089 2023 gnificat,
1111 1991 1183 2025 quod
1205 1992 1257 2019 nisi
1283 1994 1403 2021 venisset
1425 1996 1452 2022 in
1481 1996 1598 2023 animant
1621 1999 1757 2026 recreatio

968 2035 1054 2069 gniaa,
1081 2044 1157 2064 mens
1185 2046 1242 2065 non
1263 2040 1414 2067 corruisset
1435 2042 1462 2068 in
1487 2042 1559 2069 bello
1582 2048 1678 2071 contra
1702 2045 1756 2071 ini-

968 2087 1079 2107 ηὶιευιιι.

1003 2136 1046 2162 17.
1066 2137 1121 2172 (88)
1136 2139 1250 2166 Aiebant
1263 2141 1296 2168 de
1311 2142 1408 2169 abbate
1420 2143 1557 2177 Pmmenc,
1569 2147 1642 2180 quod
1660 2147 1755 2174 invita-

967 2186 1011 2209 tus
1024 2183 1056 2209 ad
1073 2185 1269 2213 comedendum
1285 2192 1380 2215 contra
1401 2190 1566 2218 voluntatem
1586 2201 1673 2226 snam,
1692 2203 1754 2229 pro-

127 2233 157 2250 το
174 2225 309 2260 δακρύων,
327 2227 371 2254 ἵνα
395 2227 432 2264 μὴ
451 2230 611 2266 παρακούσῃ
628 2231 673 2258 τὸν
690 2232 804 2268 ἀδελφὺν
819 2234 912 2267 αὐτοῦ,

986 2229 1139 2257 cisccbatur
1163 2239 1224 2258 cum
1244 2232 1388 2268 lacrymis.
1422 2244 1456 2262 ne
1478 2237 1661 2273 inobsequens
1681 2246 1753 2268 esset

126 2272 174 2296 καὶ
190 2271 297 2307 λυπήσῃ
316 2273 407 2300 αὐτόν.

165 2332 209 2363 ιη’.
225 2327 291 2356 Εἷπε
316 2331 395 2358 πάλιν
411 2333 425 2359 6
438 2332 524 2364 ἀῧθῗᾶς
546 2334 665 2369 Ποιμήν·
684 2335 729 2370 Μὴ
745 2336 858 2371 οἰκήσῃς
873 2338 913 2368 εἰς

125 2374 218 2406 τόπον,
233 2373 263 2401 οὗ
282 2375 389 2410 βλέπεις
403 2378 478 2410 τινὰς
494 2379 604 2414 ἔχοντας
619 2380 698 2416 ζῆλον
715 2381 784 2408 κατὰ
804 2382 851 2408 σοῦ
863 2391 869 2397 ·
887 2383 912 2409 εί

124 2419 153 2445 δὲ
169 2421 250 2455 μήγε,
263 2422 294 2447 οὑ
307 2424 481 2457 προκόπτεις.

165 2476 206 2504 t’)’.
219 2478 388 2513 Διηγήσαντό
403 2487 475 2511 τινες
490 2479 529 2514 τῷ
545 2479 617 2516 ἀὸΰᾷ
632 2480 743 2516 Ποιμένι
761 2482 824 2517 περί
839 2491 911 2514 τινος

127 2523 256 2558 μοναχοῧ,
271 2523 311 2550 ὅτι
323 2524 352 2550 οὐ
365 2525 436 2551 πίνει
450 2522 530 2552 οἶνον.
544 2527 600 2553 Καὶ
612 2525 688 2553 εἶπεν
697 2535 703 2542 ·
724 2528 752 2554 '0
763 2525 833 2560 οἶνος
843 2529 910 2561 ὅλως

124 2570 173 2595 οὺχ
185 2569 243 2596 ἔστι
259 2570 313 2597 τῶν
329 2571 462 2606 μοναχῶν.

967 2274 1045 2302 fratri
1061 2284 1120 2309 suo,
1135 2285 1251 2312 eumque
1264 2281 1373 2307 tristitia
1385 2281 1512 2310 alliceret.

1003 2332 1045 2358 18.
1068 2333 1122 2368 (89)
1140 2334 1212 2361 Dixit
1227 2341 1356 2370 prtetcrea
1375 2338 1459 2365 abbas
1476 2338 1585 2367 Pmmen
1601 2350 1607 2367 :
1623 2340 1681 2368 Noli
1701 2342 1751 2368 ha-

965 2377 1053 2405 bitare
1078 2380 1103 2405 in
1122 2381 1192 2412 ioco,
1212 2382 1238 2408 in
1258 2391 1313 2416 quo
1337 2385 1428 2411 cernis
1452 2387 1598 2413 nonnullos
1614 2388 1662 2414 tibi
1680 2388 1752 2415 invi-

965 2424 1039 2451 dere.
1056 2425 1162 2461 Alioqui
1179 2436 1231 2454 non
1248 2428 1331 2456 facies
1345 2437 1530 2465 progressum.

1000 2481 1042 2509 19.
1064 2483 1120 2518 (ειο)
1137 2483 1322 2511 Narraverunt
1337 2486 1447 2520 quidam
1473 2488 1564 2516 abbati
1582 2489 1703 2518 Pmmeni
1717 2492 1749 2519 de

965 2529 1057 2562 aliquo
1086 2531 1237 2563 monacho,
1269 2532 1341 2566 quod
1369 2534 1459 2560 vinum
1489 2543 1543 2561 non
1572 2535 1686 2564 biberet.
1716 2537 1750 2563 Et

964 2575 1032 2602 dixit
1047 2585 1053 2602 :
1069 2575 1168 2602 Vinum
1183 2577 1294 2604 omnino
1312 2577 1345 2604 ad
1369 2580 1519 2608 monachos
1535 2588 1591 2608 non
1616 2582 1745 2617 pertinet.

157 2671 180 2687 ⁵⁷
197 2672 240 2699 Al.
270 2671 385 2706 Παμόῶ.
424 2673 446 2688 ⁵⁸
460 2672 501 2700 Ai.
519 2673 627 2709 χώραν,
650 2674 717 2710 μηδὲ
738 2675 855 2711 ὴδυνθῇς
867 2677 894 2704 ὲν
910 2685 927 2702 α

986 2679 1002 2709 ’ς
1050 2677 1073 2693 δ’
1091 2677 1143 2705 lsa.
1161 2686 1188 2709 ι,
1205 2679 1248 2709 15.
1289 2680 1310 2695 ⁶⁰
1331 2679 1363 2707 iV
1385 2680 1450 2716 Reg.
1472 2690 1535 2714 xxv,
1548 2683 1563 2710 8
1579 2692 1639 2719 sqq.

158 2759 216 2793 (85)
234 2760 286 2787 Vit.
306 2761 381 2788 Patr.
397 2770 423 2792 κ,
445 2762 489 2789 «40.

157 2795 213 2829 (84)
234 2795 287 2823 Vit.
304 2795 381 2823 Patr.
399 2805 446 2829 vlt,
459 2797 506 2828 15;
528 2797 640 2825 Doroth.
661 2798 752 2826 Doctr.
773 2799 814 2826 i5.

306 2830 380 2869 Patr.
397 2840 423 2863 v,
442 2833 468 2869 ξ.
486 2831 520 2859 In
533 2831 667 2868 Ephrtem,
689 2842 715 2869 p.
733 2835 797 2869 587,
815 2843 842 2863 n.
859 2836 893 2864 12

168 2831 213 2863 85)
235 2831 285 2857 Vit.
306 2831 380 2858 Patr.
397 2840 423 2863 v,
442 2833 468 2859 8.
486 2831 520 2859 In
533 2831 667 2868 Ephrtem,

157 2831 214 2901 236)
233 2865 284 2893 Vit.
303 2866 378 2894 Patr.
396 2875 424 2901 χ,
440 2867 483 2895 LI.
665 2870 667 2872 ⁷

1144 2767 1220 2808 Patr.
1243 2777 1280 2801 tv,
1294 2769 1354 2808 39:
1368 2771 1491 2807 Append.
1507 2781 1533 2808 p.
1549 2773 1609 2805 999,
1623 2783 1650 2803 n.
1661 2774 1708 2803 20.

990 2801 1050 2836 188)
1073 2801 1125 2828 Vit.
1145 2802 1219 2830 Patr.
1237 2812 1273 2836 Iv,
1293 2805 1337 2833 50,

991 2837 1048 2870 (89)
1069 2837 1120 2864 Vit.
1139 2837 1213 2866 Patr.
1231 2848 1256 2871 Χ,
1273 2840 1318 2867 45.

992 2872 1048 2908 (90)
1070 2872 1122 2900 Vit.
1143 2873 1216 2901 Patr.
1232 2875 1324 2908 tv,3!.
