1970 3074
203 153 252 180 ΣὶΞἹ

778 146 952 174 APPENDIX
972 147 1003 174 ΔΙ

1060 146 1248 174 ALLADIUM.
1783 147 1835 176 Ξίὶῆ

239 208 283 234 20.
306 206 362 241 (9|)
374 205 466 234 Ablias
482 205 569 232 Isaias
596 204 775 239 interrogavit
789 205 914 232 abbatem
934 204 995 231 Ρω-

1083 208 1117 232 κ’.
1141 197 1296 240 Ἦρῶτησεν
1309 205 1323 231 6
1335 204 1420 236 ἁδὸἄς
1439 205 1553 236 Ἡσαΐας
1562 204 1607 231 τὸν
1619 204 1704 231 ἀῦσᾶν
1717 205 1838 240 Ποιμένα

205 261 312 280 Illellem
330 253 362 280 de
373 251 494 279 sordidis
508 251 731 286 cogitationibus.
750 250 782 276 Et
794 250 936 284 respondit
949 250 991 276 ei:

205 299 439 333 Quemadmodum
458 297 485 324 in
503 304 586 331 capsa
605 297 685 331 plena
698 295 879 326 vestimentis,
893 295 915 322 si
932 294 995 329 quis

207 346 347 380 reliquerit
361 352 404 376 ea,
420 347 545 378 tempore
560 343 711 377 putrefiunt
727 351 734 369 :
752 342 788 368 ita
804 342 832 368 in
850 341 995 376 cogitatio-

207 389 306 421 nibus;
324 388 347 415 si
365 395 412 415 eas
427 395 544 422 corpore
569 395 624 413 non
641 387 765 414 exsecati
781 387 926 419 fuerimus,
948 393 996 421 per

207 439 314 467 tempus
326 432 470 459 abolentur
484 438 531 458 aut
543 435 716 466 putrescunt.

241 477 287 504 2|.
309 478 364 512 (9'1)
385 477 566 512 interroganti
590 476 682 503 abbati
703 475 822 510 Josepho
846 475 880 502 de
902 474 996 502 eadem

207 524 367 558 quaestione,
391 523 534 558 respondit
560 522 646 549 abbas
672 522 783 548 Poemen
797 531 804 548 :
818 520 998 554 Quemadmo-

208 570 272 596 dum
294 570 316 596 si
330 571 392 604 quis
404 573 558 604 serpentem
574 577 636 596 cum
652 568 762 602 scorpio
773 567 879 595 miserit
895 567 921 594 in
936 575 996 598 vas,

209 615 330 649 illudque
356 615 514 646 occluserit,
538 615 652 640 omnino
672 618 733 647 post
757 612 867 647 aliquod
891 617 998 646 tempus

209 661 381 687 morientur:
397 661 438 686 sic
454 664 481 686 et
501 666 590 694 prava:
615 659 795 694 cogitationes
811 666 871 692 quae
894 665 926 684 ex
943 657 999 684 da:-

210 714 321 733 monum
346 706 478 733 instinctu
503 705 647 740 pullulant,
676 713 724 740 per
751 705 922 732 tolerantiam
952 705 1001 732 de-

210 753 315 779 liciunt.

244 799 289 826 22.
312 798 368 833 (95)
385 797 481 825 Frater
496 798 572 824 venit
589 798 622 825 ad
641 797 766 824 abbatem
791 795 956 826 Pusmenem,
973 799 1001 822 et

210 845 248 871 ait
261 845 305 872 ei:
322 844 390 872 Sero
411 852 507 879 agrum
523 852 625 875 meum,
644 847 727 877 atque
745 851 777 870 ex
797 850 829 870 eo
847 842 918 869 facio
936 850 1000 876 aga-

1046 251 1110 287 περὶ
1123 251 1177 278 τῶν
1191 250 1320 286 ῥυπαρῶν
1339 250 1486 286 λογισμῶν.
1505 251 1562 277 Καὶ
1577 251 1652 284 λέγει
1675 251 1749 285 αὐτῷ
1763 252 1776 277 6
1789 251 1838 278 ἀίι-

1047 297 1096 328 6ᾶς
1115 298 1236 333 Ποιμήν·
1259 297 1364 332 Ὠσπερ
1385 297 1517 332 κάμπτρα
1541 297 1627 332 μεστὴ
1651 296 1775 332 ἱματίων,
1791 297 1838 322 καὶ

1047 343 1094 369 ἐὰν
1115 344 1170 378 ἁφῇ
1191 342 1262 368 αὑτά
1280 350 1331 373 τις⁷
1347 341 1385 376 τῷ
1404 342 1493 377 χρόνῳ
1521 343 1670 376 σήπονται·
1688 341 1774 373 οὕτως
1791 341 1838 367 καὶ

1047 389 1071 414 οἱ
1084 388 1224 423 λογισμοί·
1245 387 1293 414 ἐὰν
1311 387 1347 423 μὴ
1368 388 1524 423 ποιήσωμεν
1545 387 1644 419 αὐτοὺς
1662 387 1837 423 σωματικῶς,

1047 435 1087 470 τῷ
1100 434 1187 470 χρόνῳ
1202 433 1376 469 ἀφανίζονται
1388 434 1447 469 ήτοι
1464 435 1606 468 σήπονται.

1084 485 1135 508 κα’.
1157 481 1313 516 Ἦρώτησεν
1324 482 1338 507 ὁ
1350 481 1437 512 ἀὸὃᾱς
1455 480 1554 516 Ἰωσὴφ
1574 480 1620 507 τὸν
1641 481 1722 507 αὐτὸν
1740 480 1818 514 λόγον
1829 488 1837 495 ⁸

1049 528 1096 555 καὶ
1120 525 1197 554 εἶπεν
1219 527 1293 562 αὐτῷ
1317 529 1331 553 6
1350 526 1437 558 ἀῦϐᾶς
1459 527 1583 562 Ποιμήν·
1602 527 1706 562 Ὠσπερ
1727 526 1774 553 ὲάν
1797 535 1840 558 τις

1049 573 1110 608 ὖφιν
1125 574 1172 599 καὶ
1190 573 1319 608 σκορπίον
1329 572 1397 607 βάλῃ
1411 573 1450 603 είς
1464 573 1584 606 ἀγγεῖον,
1597 573 1644 598 καὶ
1657 572 1758 608 φράξῃ,
1773 572 1840 598 πάν-

1049 627 1103 650 τως
1115 618 1156 653 τῷ
1167 618 1255 654 χρόνῳ
1271 618 1502 653 ἀποθνήσκουσιν·
1519 618 1606 650 οὕτως
1625 619 1671 644 καὶ
1684 618 1708 644 οἱ
1725 618 1840 653 πονηροὶ

1049 664 1184 699 λογισμοὶ,
1207 664 1260 690 ἀπὸ
1280 664 1335 690 τῶν
1348 664 1483 699 δαιμόνων
1500 663 1704 698 βλαστάνοντες,
1727 663 1772 690 διὰ
1789 664 1840 699 τῆς

1051 712 1190 746 ὑπομονῆς
1204 711 1384 737 ἐκλείπουσιν.

1087 799 1139 835 κβ¹.
1161 798 1287 832 Ἀδελφὺς
1303 796 1368 833 ἦλθε
1388 798 1455 833 πρὸς
1476 797 1521 824 τὸν
1537 797 1624 824 ὰϐϐᾱν
1640 797 1771 833 Ποιμένα,
1793 798 1841 825 καὶ

1052 847 1125 880 λέγει
1140 845 1230 880 αὐτῷ’
1246 845 1354 880 Σπείρω
1374 844 1420 870 τὸν
1431 844 1513 880 ἀγρόν
1530 853 1592 879 μου,
1610 845 1656 870 καὶ
1671 844 1741 870 ποιῶ
1754 844 1782 877 ἐξ
1793 845 1842 871 αὺ-

210 900 273 926 pen.
299 891 450 926 Respondit
475 891 513 918 illi
537 898 619 917 senex
639 889 746 916 :Recte
770 890 848 916 facis.
873 889 906 915 Et
931 889 1000 915 abiit

1060 893 1098 919 τοῦ
1111 893 1231 926 ἀγάπην.
1258 891 1340 924 Λέγει
1362 890 1437 925 αὐτῷ
1460 892 1474 916 ὁ
1495 890 1599 925 γέρων·
1620 890 1717 922 Καλῶς
1743 892 1840 922 ποιεῖς.

210 945 272 964 cum
295 938 449 969 alacritate,
471 937 602 971 auxitque
620 937 821 970 elcemosynam
844 942 932 962 suam.
949 934 1001 961 Ab-

211 983 260 1010 bas
280 986 371 1009 autem
392 982 484 1012 Anub.
510 981 605 1008 audito
625 987 764 1013 sermone,
786 980 845 1006 infit
861 980 895 1006 ad
917 980 1001 1006 abba-

211 1031 265 1053 tem
284 1026 440 1054 Pmtneliein
457 1025 535 1052 :Non
551 1026 632 1053 times
651 1025 748 1056 Deum,
770 1025 816 1059 qui
837 1025 874 1051 ita
893 1024 1002 1051 locutus

211 1073 251 1100 sis
266 1072 363 1099 fratri?
375 1072 462 1099 Senex
474 1079 542 1099 vero
556 1071 650 1098 tacuit.
662 1071 728 1098 Post
741 1071 811 1097 duos
822 1074 914 1097 autem
930 1070 1001 1102 dies,

212 1121 355 1148 arcessivit
374 1120 458 1147 abbas
483 1119 595 1146 Pmmen
621 1119 742 1149 fratrem,
764 1118 844 1153 eique
866 1118 932 1144 dicit
958 1125 1004 1144 an-

212 1167 304 1194 diente
325 1167 424 1194 abbate
438 1166 537 1192 Anub:
553 1165 623 1198 Quid
641 1165 705 1191 mihi
723 1164 883 1199 prolocutus
903 1171 933 1190 es
948 1163 1003 1190 alio

213 1214 274 1240 die?
288 1213 418 1248 quoniam
443 1220 521 1239 mens
545 1219 605 1239 mea
632 1211 696 1238 alibi
715 1215 784 1237 erat.
806 1209 874 1236 Tum
896 1209 1000 1236 frater:

214 1259 285 1292 Dixi,
300 1267 315 1285 a
338 1266 381 1286 me
397 1259 527 1286 seminari
548 1265 644 1293 agrum
666 1264 768 1287 meum,
785 1264 818 1283 ex
837 1263 926 1290 eoque
943 1256 1003 1282 dari

213 1306 423 1341 eleemosynam.
440 1304 553 1339 Excepit
576 1304 659 1330 abbas
675 1302 786 1329 Pccmen
802 1311 808 1328 :
822 1302 955 1329 Putabant
977 1305 1004 1328 te

214 1353 335 1379 locutum
349 1351 383 1378 de
404 1351 490 1378 fratre
513 1355 571 1381 tuo,
596 1350 642 1385 qui
666 1349 693 1376 in
713 1350 814 1376 smculo
831 1349 908 1375 vivit.
924 1348 1004 1381 Quod

215 1399 238 1426 si
254 1403 284 1425 tu
300 1406 330 1425 es
344 1398 390 1432 qui
405 1397 457 1424 hoc
473 1404 542 1431 opus
563 1396 640 1426 facis,
657 1403 712 1422 non
729 1401 772 1423 est
789 1395 840 1422 hoc
864 1394 1002 1422 monachi.

215 1444 241 1473 ls
254 1452 318 1471 vero
332 1444 458 1475 audiens,
480 1442 662 1470 contristatns
674 1445 726 1473 est,
741 1446 825 1475 atque
840 1441 897 1467 haec
911 1439 1005 1475 profu-

215 1491 255 1517 dit
268 1490 350 1517 verba
367 1499 374 1516 :
392 1488 502 1516 Nullum
523 1487 596 1515 aliud
622 1487 691 1522 op‘us
709 1487 784 1518 novi.
803 1487 855 1513 nisi
874 1487 936 1517 hoc,
955 1493 1006 1513 nec

216 1545 326 1572 possum
338 1544 393 1563 non
410 1536 545 1563 seminare
558 1541 653 1569 agrum
667 1541 767 1560 meum.
782 1532 928 1566 Postquam
940 1539 1006 1566 ergo

1053 939 1107 965 Καὶ
1129 937 1233 972 ἀπῆλθε
1266 937 1332 971 μετὰ
1361 936 1526 971 προθυμίας,
1557 936 1603 962 καὶ
1626 936 1779 971 προσέθηκε
1806 937 1840 971 τῇ

1053 985 1156 1021 ἀγάπῃ.
1172 984 1227 1010 Καὶ
1245 983 1360 1018 ἠκουσεν
1375 983 1390 1009 6
1404 982 1492 1014 ἀὸδᾶς
1511 982 1607 1008 Ἀνοὺϐ
1623 982 1668 1009 τὺν
1691 981 1780 1017 λόγον.
1794 982 1842 1009 καὶ

1053 1031 1125 1064 λέγει
1143 1029 1181 1064 τῷ
1202 1029 1274 1064 ἀὸὁᾷ
1289 1029 1417 1064 Ποιμένι·
1439 1029 1476 1054 Οὐ
1503 1028 1572 1063 φοϐῇ
1595 1028 1641 1054 τὸν
1664 1027 1740 1059 Θεὸν,
1756 1028 1842 1060 οὕτως

1053 1076 1172 1111 λαλήσας
1184 1075 1222 1110 τῷ
1238 1074 1361 1109 ἀδελφῷς
1380 1074 1435 1100 Καὶ
1461 1073 1614 1109 ἐσιώπησεν
1632 1075 1646 1100 6
1664 1074 1763 1109 γέρων.
1787 1074 1842 1100 Καὶ

1056 1122 1124 1157 μετὰ
1140 1121 1186 1147 δύο
1203 1121 1309 1156 ἡμέρας
1328 1120 1450 1155 ἐπεμψεν
1467 1121 1481 1146 6
1501 1120 1588 1152 ἀϐὔᾶς
1609 1120 1714 1155 [Imp-iw
1735 1120 1781 1146 ἐπὶ
1797 1119 1843 1145 τὸν

1053 1167 1177 1205 ἀδελφὺν,
1189 1167 1235 1192 καὶ
1250 1166 1323 1199 λέγει
1335 1165 1409 1200 αὐτῷ
1420 1165 1564 1196 ἀκούοντος
1578 1165 1624 1191 τοῦ
1640 1165 1711 1192 ἀϐϐᾶ
1728 1165 1824 1191 Ἀνούὁ
1835 1171 1842 1180 δ

1055 1213 1086 1239 Τί
1110 1210 1187 1244 εἶπές
1213 1221 1259 1247 μοι
1275 1214 1308 1247 τῇ
1322 1212 1405 1248 ἂλλῃς
1424 1213 1464 1239 ὅτι
1483 1213 1497 1238 6
1518 1212 1579 1244 νοῦς
1599 1221 1648 1247 μου
1665 1212 1781 1247 ἀλλαχοῦ
1798 1210 1843 1248 ἦν.

1055 1259 1135 1293 Λέγει
1149 1258 1223 1293 αὐτῷ
1234 1259 1248 1285 6
1261 1258 1389 1293 ἁδελφός·
1407 1256 1501 1290 Εῐπον,
1520 1258 1560 1284 ὅτι
1575 1259 1680 1293 σπείρω
1698 1258 1743 1284 τὸν
1759 1259 1844 1293 ἀγρόν

1057 1312 1118 1338 μου,
1135 1304 1180 1330 καὶ
1192 1303 1261 1330 ποιῶ
1284 1303 1313 1335 ἐξ
1334 1303 1416 1330 αὑτοῦ
1431 1303 1552 1339 ἀγάπην.
1579 1304 1635 1330 Καὶ
1652 1302 1727 1330 εἶπεν
1742 1304 1816 1339 αὐτῷ
1830 1306 1845 1331 6

1056 1350 1144 1381 ἁ66ἄς
1160 1350 1284 1384 Ποιμήν·
1306 1348 1445 1385 Ἐνόμιζον
1459 1350 1500 1376 ὅτι
1522 1350 1587 1385 περὶ
1603 1350 1650 1376 τοῦ
1667 1349 1782 1384 ἀδελφοῦ
1795 1359 1844 1376 σου

1056 1395 1101 1422 τοῦ
1118 1397 1219 1431 κόσμου
1233 1397 1253 1412 ⁸¹
1266 1396 1413 1430 ἐλάλησαςε
1432 1397 1456 1422 εί
1468 1396 1496 1423 δὲ
1513 1397 1545 1423 σὺ
1558 1395 1583 1423 εἷ
1596 1398 1610 1423 6
1624 1397 1708 1423 ποιῶν
1721 1397 1749 1423 τὸ
1765 1397 1845 1432 ἔργον

1056 1442 1144 1475 τοῦτο,
1163 1442 1212 1468 οὐκ
1229 1442 1286 1468 ἐστι
1300 1441 1379 1468 τοῦτο
1401 1442 1528 1477 μοναχοῦ.
1552 1441 1580 1468 Ὀ
1595 1442 1624 1468 δὲ
1643 1443 1762 1474 ἀκούσας
1785 1443 1846 1468 ὲλυ-

1058 1487 1142 1522 πήθη,
1156 1487 1258 1520 λέγων·
1278 1487 1359 1513 ’Λλλο
1380 1486 1460 1522 ἔργον
1481 1487 1556 1513 οὐδὲν
1572 1485 1640 1519 οἶδα,
1658 1488 1682 1514 εἰ
1699 1487 1736 1522 μὴ
1754 1487 1845 1520 τοῦτο,

1058 1533 1105 1559 καὶ
1115 1533 1143 1558 οὺ
1156 1532 1271 1567 δύναμαι
1288 1531 1325 1568 μὴ
1340 1532 1463 1567 σπείρειν
1479 1532 1524 1558 τὸν
1542 1532 1627 1568 ἀγρόν
1642 1541 1704 1568 μου.
1716 1532 1780 1558 Ὅτε
1798 1531 1845 1559 οὖν

215 1582 402 1613 discessisset.
420 1581 576 1609 incurvavit
592 1588 622 1607 se
647 1587 740 1606 coram
765 1578 894 1606 Pmmene
912 1578 1003 1610 Anub.

1060 1577 1238 1614 ἀνεχώρησεν,
1259 1578 1354 1605 ἔϐαλεν
1367 1578 1463 1613 aia-.596
1479 1578 1565 1610 ἀόὂᾶς
1587 1578 1680 1605 Ἀνουό
1692 1578 1846 1614 μετάνοιαν,

216 1630 292 1657 aiens
316 1638 323 1656 :
345 1630 460 1663 Ignosce
483 1627 558 1654 mihi.
585 1626 654 1653 Tum
683 1626 769 1652 abbas
794 1625 905 1652 Pmmen
929 1624 1005 1659 :Ego

215 1683 335 1710 quoque,
353 1675 452 1709 inquit,
468 1681 483 1700 a
497 1673 631 1708 principio
647 1679 776 1699 noveram
796 1679 850 1697 non
861 1678 923 1698 esse
935 1678 1005 1705 opus

216 1722 363 1754 monachi;
388 1721 435 1748 sed
461 1720 612 1747 secundum
638 1722 755 1745 utentem
782 1718 856 1745 illius
882 1725 1005 1752 pronun-

217 1768 293 1800 tiavi,
306 1768 423 1801 dedique
434 1767 487 1801 ipsi
499 1765 680 1796 alacritatem,
694 1764 726 1790 ad
741 1763 885 1790 charitatis
896 1769 1008 1798 proces-

217 1823 288 1842 sum.
317 1813 396 1841 Nunc
426 1820 491 1840 vero
514 1811 602 1838 tristis
624 1811 709 1844 abiit;
736 1816 818 1845 atque
838 1810 936 1837 iterum
956 1809 1007 1836 hoc

217 1862 306 1895 ipsum
325 1859 416 1886 faciet.

252 1907 298 1933 Ξῖ).
321 1904 459 1940 t9t)_l)ixit
468 1903 553 1930 abbas
564 1902 675 1929 Pannen
687 1911 693 1928 :
705 1901 733 1928 Si
747 1900 902 1936 peccaverit
913 1901 1006 1933 homo,

218 1956 245 1978 ct
257 1951 397 1985 negaverit
409 1958 438 1977 se
451 1956 592 1983 peccasse,
608 1955 642 1974 ne
653 1947 826 1982 rcdargucris
839 1955 918 1980 eum;
938 1947 1007 1974 alias

217 1998 358 2025 cxscindis
372 1997 492 2024 studium
511 1995 610 2029 ipsius.
625 1994 705 2027 Quod
723 1994 746 2021 si
761 1994 863 2020 dixeris
881 1993 905 2020 ei
923 2003 929 2019 :
947 1992 1007 2020 Noli

219 2045 340 2071 animum
356 2042 537 2078 despondere,
554 2042 646 2071 frater,
667 2040 714 2067 sed
730 2048 797 2067 cave
812 2039 839 2066 in
855 2043 1006 2074 posterum,

219 2090 323 2118 excitas
335 2090 454 2116 animam
473 2089 548 2116 illius
564 2088 598 2115 ad
611 2086 814 2122 ptenitentiam.

254 2177 300 2203 24.
321 2175 377 2211 (ὓῦ)
393 2175 491 2203 lterum
503 2175 573 2202 dixit
590 2184 597 2202 :
613 2175 687 2202 Bona
700 2182 744 2202 res
760 2178 803 2202 est
818 2174 1007 2209 experientia:

221 2225 278 2259 ipsa
295 2224 366 2250 enim
380 2223 462 2250 docet
478 2222 616 2248 hominem
633 2221 758 2256 probum.

255 2270 300 2296 25.
323 2270 378 2303 (91$)
391 2269 463 2295 Dixit
479 2269 576 2295 iterum
591 2277 597 2293 :
611 2268 698 2294 Homo
718 2267 764 2301 qui
780 2266 871 2297 docet,
885 2274 935 2294 nec
948 2273 1009 2301 quat

220 2317 297 2342 docet
316 2316 394 2345 facit,
421 2315 518 2341 similis
543 2318 585 2340 est
600 2313 680 2343 fonti,
695 2313 759 2348 quia
786 2313 892 2340 cunctis
915 2319 1007 2347 potum

221 2362 278 2390 dat,
295 2365 409 2386 mutulos
427 2359 524 2391 abluit,
540 2359 661 2393 scipsum
675 2365 740 2384 vero
758 2366 812 2384 non
827 2362 918 2392 potest
930 2366 1010 2385 mun-

221 2406 285 2432 ιίιιιιι
304 2412 444 2439 praestare.

255 2451 301 2479 “26.
321 2451 377 2486 (9'1)
394 2450 558 2477 Praeterieris
569 2449 717 2482 aliquando
732 2450 818 2477 abbas
834 2448 945 2476 Pmmen
964 2456 1011 2482 per

223 2498 382 2533 IEgyptnm,
399 2497 543 2531 conspexit
563 2496 704 2523 mulierem
720 2496 860 2523 sedentum
877 2496 904 2522 in
921 2496 1011 2529 sepul-

221 2555 279 2577 (ϊυ,
296 2552 322 2571 et
339 2545 490 2579 plorantem
508 2551 609 2570 amare.
628 2543 705 2570 Unde
728 2543 797 2570 dixit
815 2553 821 2570 :
838 2543 892 2570 Etsi
911 2547 1011 2570 cuncta

223 2592 317 2619 mundi
335 2592 419 2625 hujus
436 2591 636 2617 oblectamenta
662 2590 834 2621 advenerint,
856 2597 910 2616 non
927 2589 1012 2616 dedu-

264 2670 286 2685 “
300 2670 342 2696 Al.
360 2667 505 2704 κοσμικοῦ.
546 2669 568 2683 ⁸³
582 2668 723 2704 Διιποιεῖ.

223 2706 269 2732 καὶ
287 2705 361 2731 πᾶσα
375 2703 531 2739 ἀκαθαρσία
548 2703 578 2729 ἐν
604 2703 673 2738 αὐτῇ
696 2703 796 2729 κεῖται.

259 2762 314 2797 (91)
334 2761 387 2788 Vit.
403 2761 478 2788 Patr.
497 2770 525 2793 ιι,
544 2761 588 2788 42.

258 2798 313 2830 (9‘2)
336 2797 389 2823 Vit.
407 2797 482 2823 Patr.
504 2805 530 2828 ιι,
546 2797 589 2823 45.

260 2834 313 2867 (ΞΠ)
332 2832 383 2858 Vit.
403 2831 477 2858 Patr.
494 2840 519 2862 x,
535 2831 580 2857 Mi.

260 2869 315 2903 (94)
333 2867 384 2894 Vit.
398 2867 474 2894 Patr.
492 2875 518 2899 ιι,
535 2867 577 2893 48.

773 2667 795 2682 ⁸³
812 2666 855 2693 Al.
870 2666 1065 2702 δοκιμώτερον.

1057 1624 1160 1658 λέγων·
1184 1624 1364 1660 Συγχώρησόν
1387 1633 1442 1659 μοι.
1474 1625 1530 1651 Καὶ
1552 1624 1626 1658 λέγει
1642 1625 1656 1650 6
1675 1624 1761 1656 ἅ66ἄς
1783 1624 1847 1651 Ποι-

1059 1671 1111 1706 μήν
1122 1679 1129 1686 ·
1147 1670 1232 1704 Κάγὼ
1246 1671 1275 1703 ἐξ
1290 1671 1378 1706 ἀρχῆς
1396 1671 1469 1706 ᾔδειν
1483 1671 1524 1696 ὅτι
1543 1671 1593 1696 οὐκ
1616 1670 1689 1696 ἐστιν
1702 1670 1782 1705 ἔργον
1797 1679 1846 1705 μο-

1057 1717 1154 1752 ναχοῦ·
1173 1716 1241 1743 ἀλλὰ
1260 1717 1328 1752 πρὸς
1344 1717 1389 1743 τὸν
1409 1716 1538 1751 λογισμδν
1554 1716 1636 1743 αὑτοῦ
1654 1716 1783 1752 ἐλάλησα,
1801 1718 1848 1743 καὶ

1058 1764 1146 1791 ἔδωκα
1161 1764 1235 1798 αὐτῷ
1256 1764 1409 1799 προθυμίαν
1429 1765 1469 1795 εἰς
1484 1764 1532 1799 τὴν
1547 1764 1689 1799 προκοπὴν
1714 1764 1761 1799 τῆς
1778 1764 1848 1798 ἀγά-

1058 1819 1121 1846 πης.
1146 1811 1202 1836 Νῦν
1219 1811 1247 1837 δὲ
1263 1811 1367 1846 ἀπῆλθε
1380 1810 1558 1845 λυπούμενος,
1575 1811 1622 1836 καὶ
1639 1810 1719 1836 πάλιν
1733 1810 1764 1836 τὸ
1781 1810 1848 1836 αὐτο

1058 1857 1139 1882 ποιεῖ.

1092 1902 1146 1935 κγ’.
1167 1898 1251 1927 Εἶπεν
1267 1902 1281 1927 6
1301 1901 1388 1932 ἀϐὁᾶς
1407 1900 1531 1936 Ποιμήν·
1556 1901 1619 1927 Ἐὰν
1641 1902 1788 1938 ἁμαρτήσῃ
1801 1902 1848 1929 ἄν·

1059 1947 1176 1983 θρωπος,
1205 1947 1252 1974 καὶ
1275 1947 1440 1982 ἀρνήσηται,
1460 1947 1558 1980 λέγων,
1583 1948 1639 1982 Οὐχ
1663 1948 1795 1983 ἥμαρτον,
1809 1948 1846 1983 μὴ

1058 1992 1170 2028 ἐλέγξῃς
1185 1993 1264 2019 αὐτόν
1274 2001 1280 2008 '
1295 1994 1318 2019 εῑ
1332 1993 1360 2019 δὲ
1375 1994 1455 2028 μήγε,
1467 1994 1611 2024 ὲκκὸπτεις
1624 1993 1705 2019 αὐτοῦ
1718 1993 1767 2028 τὴν
1781 2003 1848 2029 προ-

1059 2039 1167 2074 θυμίαν.
1189 2039 1251 2065 Ἐὰν
1263 2039 1291 2065 δὲ
1304 2039 1382 2074 εἴπῃς
1394 2039 1467 2074 αὐτῷ
1477 2048 1483 2054 ·
1500 2040 1546 2074 Μὴ
1567 2040 1722 2076 ἀθυμήσῃς,
1737 2039 1845 2074 ἀδελφὲ,

1059 2084 1128 2110 ἀλλὰ
1137 2084 1254 2118 φύλαξαι
1265 2084 1310 2111 τοῦ
1322 2083 1426 2116 λοιποῦ,
1444 2085 1586 2119 διεγείρεις
1602 2084 1682 2111 αὐτοῦ
1698 2085 1745 2121 τὴν
1759 2085 1848 2120 ψυχὴν

1060 2130 1128 2165 πρὸς
1141 2130 1297 2165 μετάνοιαν,

1095 2176 1143 2202 κδ’.
1161 2174 1228 2202 Εἷπε
1249 2177 1345 2203 πάλιν¹
1364 2176 1441 2211 Καλὴ
1459 2178 1475 2211 ἡ
1491 2178 1591 2212 πεῖραι
1607 2176 1676 2211 αὕτη
1699 2175 1754 2212 γὰρ
1773 2176 1847 2203 διδά-

1064 2230 1123 2248 σκει
1133 2223 1155 2237 ⁶²
1170 2222 1216 2248 τὸν
1228 2222 1369 2257 ἄνθρωπον
1383 2222 1493 2257 δόκιμον
1505 2223 1538 2248 ⁸³.

1098 2267 1147 2294 κε’.
1186 2266 1253 2293 Εἷπε
1291 2268 1386 2294 πάλιν·
1426 2268 1586 2303 Ἀνθρωπος
1619 2267 1768 2299 διδάσκων,
1810 2267 1848 2303 μὴ

1063 2313 1147 2340 ποιῶν
1162 2313 1190 2339 δὲ
1202 2313 1219 2339 ἂ
1229 2313 1360 2346 διδάσκει,
1377 2314 1468 2349 ὅμοιός
1482 2315 1539 2339 ἐστι
1551 2314 1640 2349 κρήνῃ
1650 2321 1657 2328 ·
1681 2313 1721 2340 ὅτι
1744 2313 1849 2345 πάντας

1064 2359 1167 2391 ποτίζει
1194 2359 1241 2385 καὶ
1267 2359 1370 2391 πλύνει,
1401 2359 1499 2395 ἑαυτὴν
1523 2359 1551 2385 δὲ
1576 2359 1606 2385 οὑ
1630 2359 1741 2385 δύναται
1763 2358 1849 2385 καθα-

1065 2405 1139 2440 ρίσαι
1151 2405 1183 2431 ⁸⁵.

1100 2454 1155 2482 κςν.
1174 2451 1378 2486 Παρερχόμενός
1398 2460 1461 2478 ποτε
1482 2452 1497 2477 ὸ
1517 2451 1603 2482 aeria;
1623 2452 1729 2487 Ποιμὴν
1745 2452 1785 2483 είς
1800 2451 1849 2486 τὴν

1064 2496 1211 2530 Αἴγυπτον,
1224 2495 1276 2523 εἶδε
1292 2499 1407 2531 γυναῖκα
1420 2498 1448 2523 ἐν
1461 2497 1585 2533 μνημείῳ
1597 2497 1790 2533 καθεζομένην,
1803 2499 1849 2524 καὶ

1065 2543 1210 2569 κλαίουσαν
1233 2543 1348 2577 πικρῶς,
1369 2543 1423 2570 Καὶ
1443 2543 1531 2577 λέγει·
1562 2543 1624 2570 Ἐὰν
1641 2543 1739 2569 ἔλθωσι
1761 2543 1851 2570 πάντα

1064 2589 1099 2615 τὰ
1114 2588 1219 2624 τερπνὰ
1233 2589 1280 2615 τοῦ
1295 2589 1396 2624 κόσμου
1409 2589 1514 2621 τούτου,
1539 2589 1568 2615 οὐ
1597 2588 1634 2624 μὴ
1661 2589 1851 2624 μεταστήσωσι

1122 2666 1145 2682 ⁵⁸
1159 2666 1201 2693 Al.
1218 2666 1281 2693 add.
1303 2666 1370 2693 ἀλλὰ
1387 2667 1477 2702 πάσης
1500 2667 1637 2702 ρυπαρίας
1660 2666 1851 2702 πεπλήρωται,

1101 2758 1156 2793 (95)
1176 2758 1229 2784 Vit.
1250 2758 1326 2785 Patr.
1345 2767 1371 2791 κ,
1384 2760 1426 2787 49.

1101 2793 1158 2827 (96)
1177 2794 1228 2820 Vit.
1247 2793 1323 2820 Patr.
1334 2802 1362 2824 x,
1376 2794 1420 2821 50.

1102 2829 1159 2864 (97)
1184 2829 1236 2855 Vit.
1250 2829 1328 2856 Patr.
1349 2837 1389 2862 ιιι,
1409 2830 1451 2856 10.
