1970 3074
124 154 169 184 θεν

693 160 1000 190 APDPHTllEGMATA
1019 164 1172 193 PATRUM.

1686 164 1739 192 δύο

124 214 167 248 τὴν
178 214 265 249 ψυχὴν
294 214 395 249 ταύτης
417 215 470 242 ἀπὸ
493 216 540 242 τοῦ
565 216 688 248 πένθους.
716 217 809 250 Οὕτως
827 220 874 245 καὶ
888 221 901 246 6

965 225 1014 248 ent
1030 222 1090 256 ejus
1116 223 1233 249 animam
1254 229 1269 248 a
1289 221 1374 247 luctu.
1405 220 1452 248 Sic
1472 221 1554 248 etiam
1588 221 1738 248 monachus

126 261 231 295 μηναχὸς
260 261 362 295 ὀφείλει
392 261 537 294 διαπαντὸς
575 263 606 291 τὸ
639 263 737 296 πένθος
766 264 838 301 ἐχειν
872 266 901 292 ἐν

124 305 213 341 ἐαυτῷ.

153 351 201 383 κζ’.
220 351 289 379 Εἴπε
310 353 401 385 πάλιν,
412 353 453 380 ὅτι
469 352 564 380 Ἔστιν
579 353 722 390 ἄνθρωπος
737 355 823 382 δοκῶν
839 365 901 383 σιω-

124 398 187 433 πᾷν,
215 399 263 425 καὶ
290 400 307 434 ἡ
337 399 434 434 καρδία
460 399 542 427 αὐτοῦ
569 401 726 436 κατακρίνει
752 401 861 434 ἄλλους·
887 403 902 429 6

124 444 236 476 τοιοῦτος
252 445 367 472 πάντοτε
382 445 466 473 λαλεῖ.
486 447 540 472 Καὶ
561 446 634 472 ἐστιν
652 446 741 478 ἄλλος.
756 447 811 474 ἀπὸ
829 447 901 483 πρωῒ

124 491 170 522 ἕως
185 490 304 526 ἑσπέρας
320 491 418 523 λαλῶν,
444 491 491 518 καὶ
511 492 615 528 σιωπὴν
638 494 746 528 κρατεῖ·
763 493 901 520 τουτέστιν

124 536 160 562 ἂτι
173 536 248 568 ἐκτὸς
263 536 395 570 ὡφελείας
410 537 484 563 οὐδὲν
501 537 584 564 λαλεῖ.

154 585 203 617 κη’.
227 582 352 616 Ἀδελφός
369 592 410 614 τις
424 581 488 618 ἦλθε
511 583 580 618 πρὸς
599 583 644 610 τὸν
664 584 751 612 ἀὸὄᾶν
771 586 900 622 Ποιμέναέ

123 628 165 655 καὶ
173 627 251 662 ιλέγει
266 628 352 664 αὐτῷ·
377 629 470 661 ~21666,
484 629 596 662 πολλοὺς
612 629 757 666 λογισμοὺς
770 631 834 666 ἔχω,
855 633 902 659 καὶ

122 673 261 701 κινδυνεύω
275 674 323 700 ἀπ’
334 674 432 701 αὐτῶν.
453 676 507 702 Καὶ
517 676 627 711 ἐκφέρει
640 676 720 703 αὑτὸν
731 678 745 704 6
758 678 846 713 γέρων
862 679 903 710 εις

122 719 162 746 τὸν
172 720 249 756 ἀέρα,
262 721 310 747 καὶ
324 721 397 754 λέγει
414 721 488 756 αὑτῷ
499 729 505 736 ·
519 722 662 749 ’Ἁπλωσον
672 723 718 750 τὸν
731 723 830 750 κόλπον
844 733 901 756 σου,

122 765 165 792 καὶ
180 766 315 801 κράτησω
327 767 389 798 τοὺς
401 766 528 802 ἀνέμους.
546 767 575 794 '0
587 767 615 794 δὲ
626 766 701 795 εἶπεν
711 777 718 784 ·
736 769 773 795 Οὐ
785 769 902 805 δύναμαι

121 811 194 849 τοῦτο
209 812 331 847 ποιῆσαι.
359 813 414 839 Καὶ
440 813 512 847 λέγει
531 813 605 848 αὐτῷ
626 815 640 841 ὁ
657 814 760 849 γέρων·
778 815 809 842 Et
824 815 904 842 τοῦτο

121 848 150 883 οἶν
162 857 273 883 δύνασαι
295 857 418 893 ποιῆσαι,
443 858 502 885 οὐδὲ
524 860 587 891 τοὺς
614 859 759 894 λογισμοὺς
789 860 902 888 δύνασαι

956 268 1059 296 luctum
1075 268 1155 296 debet
1171 268 1279 303 'semper
1293 268 1319 295 in
1335 267 1482 303 semetipso
1499 267 1609 295 habere.

988 356 1034 383 ‘27.
1056 355 1112 393 (99)
1133 356 1204 384 Dixit
1223 359 1372 392 prmterea:
1390 356 1438 385 Est
1455 356 1538 384 homo
1558 356 1604 392 qui
1631 356 1740 383 videtur

956 407 1056 434 tacere,
1080 406 1107 429 et
1136 409 1185 429 cor
1207 403 1267 437 ejus
1295 402 1458 430 condemnat
1482 402 1567 435 alios;
1588 402 1612 429 is
1633 409 1740 437 Semper

955 448 1085 482 loquitur.
1102 447 1148 475 Est
1166 448 1237 476 alius
1250 448 1296 483 qui
1315 455 1329 474 a
1345 443 1425 475 mane
1440 447 1473 474 ad
1493 455 1634 482 vesperam
1652 447 1740 482 loqui—

955 498 1010 525 tur,
1027 501 1058 520 ac
1073 494 1212 521 silentium
1234 498 1324 526 tenet;
1343 494 1395 521 hoc
1409 499 1462 526 est,
1474 498 1551 522 extra
1572 501 1650 520 usum
1673 493 1740 519 nihil

955 540 1122 574 pronuntiat.

990 585 1035 613 28.
1058 586 1098 619 (Ι)
1116 585 1211 613 Frater
1234 585 1308 612 venit
1326 585 1359 612 ad
1382 585 1506 612 abbatem
1526 578 1694 616 Pmmenem.
1714 588 1742 610 et

956 632 1017 658 ait:
1037 631 1121 664 Abba,
1145 631 1230 658 variis
1267 630 1480 666 cogitationibus
1507 631 1625 665 agitatus
1649 637 1682 657 ex
1709 630 1742 656 iis

957 677 1110 712 periclitor.
1132 677 1219 704 Senex
1239 677 1331 704 educit
1344 676 1491 708 hominem,
1515 680 1541 703 et
1555 676 1608 703 sub
1622 676 1667 704 dio
1685 676 1742 703 col-

957 722 1039 755 locat,
1057 723 1188 757 jubetque
1201 726 1229 748 ut
1243 730 1368 757 expanso
1385 722 1446 749 sinu
1460 723 1576 749 retineat
1588 725 1694 749 ventos.
1707 721 1741 747 At

957 768 1001 795 ille
1023 768 1164 803 respondit
1181 767 1262 796 :Non
1282 775 1393 803 possum
1410 769 1463 794 hoc
1485 767 1584 795 facere.
1601 766 1670 794 Tum
1695 774 1741 794 se-
1770 771 1776 779 ‘

957 822 1010 841 nex
1027 823 1033 841 :
1047 814 1077 841 Si
1093 814 1144 841 hoc
1159 815 1249 841 facere
1263 815 1370 849 nequis,
1385 821 1435 841 nec
1450 815 1526 848 potes
1548 814 1689 848 impedire.
1708 820 1742 840 ne
1773 804 1774 807 Ἰ

959 860 1075 887 subeant
1103 861 1300 896 cogitationes:
1315 861 1361 888 sed
1381 859 1499 887 ofﬁcium
1520 863 1596 886 tuum
1618 863 1671 891 est,
1688 859 1741 887 illis

121 904 237 932 κωλῦσαι
257 905 344 932 ἐλθεῖν
356 913 363 920 “
385 905 453 932 ἀλλὰ
477 906 522 932 σόν
546 907 603 933 ἐστι
627 907 657 933 τὸ
684 907 838 942 ἀντιστῆναι
852 909 902 935 αὺ-
919 905 939 932 Β
955 905 1100 932 obsistere.

119 951 182 982 τοῖς.

152 998 201 1026 κθ’.
215 995 298 1024 Εἶπεν
323 999 338 1024 6
358 998 445 1030 666a;
466 997 583 1034 Ποιμὴν,
611 999 652 1025 ὅτι
668 998 731 1025 Ἐάν
755 999 808 1025 εἰσι
830 1001 903 1034 τρεῖς

120 1044 269 1076 ἐπιτοαυτὺ,
285 1045 332 1071 καὶ
348 1046 362 1071 6
379 1042 420 1076 εἷς
443 1044 492 1080 μὲν
511 1045 641 1080 ἡσυχάζει
662 1044 766 1078 καλῶς,
779 1045 794 1071 6
814 1045 842 1072 δέ
863 1043 904 1077 εἷς

120 1090 236 1117 ἀσθενῶν
274 1091 319 1118 καὶ
348 1090 536 1125 εὐχαριστῶν,
555 1092 569 1117 6
595 1091 623 1118 δὲ
659 1090 736 1122 ἄλλος
774 1080 905 1126 ὖπηρετεϊ

121 1136 188 1172 μετὰ
211 1136 332 1172 καθαροῦ
360 1136 508 1172 λογισμοῦ·
532 1138 556 1164 oi.
585 1138 659 1173 τρεῖς
685 1138 750 1172 μιᾶς
774 1137 904 1173 ἐργασίας

119 1183 194 1209 εἰσίν.
897 1177 901 1181 ⁴

152 1228 182 1254 λ’.
199 1225 265 1254 Eli-re
280 1229 374 1255 πάλιν·
392 1229 566 1265 Γέγραπταιο
582 1230 634 1256 Ὃν
645 1230 758 1264 τρόπον
769 1228 908 1255 ἐπιποθεῖ

118 1275 136 1309 ἡ
161 1275 275 1310 ἔλαφος
299 1276 348 1302 ἐπὶ
376 1276 429 1308 τὰς
455 1277 553 1310 πηγὰς
578 1275 638 1302 τῶν
657 1275 784 1306 ὑδάτων.
811 1275 904 1306 οὕτως

117 1321 284 1355 ἑπιποθεῖή
302 1321 386 1356 ψυχή
403 1330 463 1356 μου
486 1321 561 1355 πρὸς
580 1321 628 1353 σὲ,
650 1322 667 1348 ὀ
688 1321 770 1353 Θεός.
795 1320 903 1355 Ἐπειδὴ

117 1368 144 1393 αἱ
158 1367 250 1402 ἔλαφοι
264 1368 292 1393 ἐν
307 1368 341 1402 τῇ
358 1367 454 1402 ἐρήμῳ
471 1367 557 1393 πολλὰ
571 1367 764 1393 καταπίνουσιν
784 1365 903 1401 ἑρπετά·

118 1414 164 1440 καὶ
187 1413 224 1445 ὡς
242 1412 386 1440 κατακαίει
408 1413 492 1444 αὐτὰς
514 1414 528 1439 6
551 1413 600 1445 ἰὸς,
623 1412 801 1447 ἐπιθυμοῦσιν
818 1411 904 1438 ἐλθεῖν

116 1460 162 1486 ἐπὶ
185 1459 219 1486 τὰ
243 1459 344 1486 ὕδατα·
367 1458 491 1497 πίνουσαι
513 1458 542 1485 δὲ
564 1458 766 1494 καταψύχουσιν
782 1457 836 1484 ἀπὸ
856 1457 903 1483 τοῦ

118 1505 157 1533 ἰοῦ
171 1506 225 1532 τῶν
242 1506 363 1541 ἑρπετῶν
385 1513 391 1519 ”
409 1504 494 1536 οὕτως
509 1505 555 1531 καὶ
569 1505 593 1531 οἱ
611 1505 733 1539 μοναχοὶ,
753 1505 782 1531 ἐν
792 1505 825 1539 τῇ
841 1504 905 1538 ἐρή-

118 1561 161 1588 μῳ
176 1552 365 1588 καθεζόμενοι,
383 1552 504 1578 καίονται
519 1551 573 1578 61:6
589 1550 636 1578 τοῦ
653 1551 692 1577 ἰοῦ
712 1550 768 1576 τῶν
779 1548 905 1585 πονηρῶν

991 995 1035 1023 29.
1058 994 1095 1030 (2)
1116 994 1284 1021 Dixitabbas
1305 993 1476 1021 Poemen:Si
1489 997 1544 1020 tres
1553 994 1742 1026 convenerint,

958 1048 1075 1076 quorum
1087 1047 1158 1067 unus
1172 1040 1239 1066 bene
1251 1039 1332 1065 vitam
1344 1040 1463 1074 quictam
1476 1039 1568 1070 ducat,
1579 1038 1647 1066 alter
1657 1046 1743 1074 aegro-

959 1093 997 1115 tet
1011 1086 1170 1123 gratiasque
1182 1090 1243 1121 agat
1256 1086 1284 1112 in
1300 1085 1406 1117 morbo,
1423 1085 1520 1112 tertius
1533 1085 1669 1112 ministret
1680 1093 1744 1113 cum

959 1139 1027 1168 pura
1050 1131 1229 1166 cogitatione;
1256 1130 1302 1159 isti
1320 1134 1377 1158 tres
1410 1129 1485 1164 paris
1507 1137 1539 1156 ac
1560 1129 1641 1157 veluti
1662 1129 1743 1156 unius

958 1182 1023 1206 sunt
1038 1177 1206 1213 operationis
1222 1182 1249 1203 et
1265 1177 1382 1203 virtutis.

993 1223 1037 1251 50.
1059 1223 1097 1258 (5)
1115 1223 1215 1250 lterutn
1227 1222 1315 1249 dixit:
1331 1220 1470 1256 Scriptum
1486 1225 1529 1248 est
1544 1220 1744 1254 :Quemadmo-

958 1270 1022 1296 dum
1037 1269 1269 1296 desideratcervus
1284 1267 1318 1294 ad
1334 1268 1418 1302 fontes
1433 1275 1574 1301 aquarum,
1590 1267 1629 1293 ita
1641 1266 1745 1292 deside-

958 1321 1000 1343 rat
1012 1317 1102 1342 anima
1118 1323 1176 1342 mea
1197 1314 1231 1341 ad
1244 1319 1278 1346 te,
1298 1314 1368 1341 Deus
1379 1314 1412 1341 ".
1426 1312 1651 1347 Quandoquidem
1670 1313 1744 1340 eervi

959 1363 986 1390 in
1003 1362 1152 1390 solitudine
1166 1361 1266 1388 multos
1281 1359 1435 1395 deglutiunt
1453 1363 1612 1392 serpentes;
1625 1365 1746 1393 cumque

959 1408 1096 1435 comburit
1110 1414 1158 1435 eos
1170 1413 1314 1437 venenum,
1326 1405 1483 1433 desiderant
1494 1405 1525 1431 ad
1536 1411 1621 1438 aquas
1633 1404 1743 1436 venire;

958 1456 1102 1488 postquam
1127 1450 1343 1483 verobiberint,‘
1358 1449 1458 1485 frigent
1483 1458 1498 1476 a
1523 1453 1679 1484 serpentum
1696 1455 1744 1475 ve.

958 1507 1048 1527 neno:
1070 1499 1106 1525 ita
1120 1502 1148 1525 et
1169 1497 1306 1529 monachi,
1323 1496 1350 1524 in
1363 1503 1456 1523 eremo
1475 1496 1613 1527 sedentes.
1627 1499 1745 1522 uruntur

959 1553 973 1572 ιι
989 1551 1094 1572 veneno
1111 1543 1245 1571 malorum
1261 1542 1426 1573 daemonum,
1442 1549 1475 1569 ac
1494 1540 1652 1569 desiderant
1673 1540 1744 1567 Sabé

115 1586 263 1634 δαιμόνων,
281 1586 333 1626 καὶ
353 1597 513 1625 ἐπιποθοῦσι
529 1598 560 1624 τὸ
577 1597 715 1624 Σάδδατον
728 1596 775 1623 καὶ
788 1596 837 1632 τὴν
852 1597 905 1623 Κυ-

965 1595 1048 1618 iatum
1065 1591 1147 1625 atque
1173 1588 1352 1622 Dominicam,
1376 1596 1430 1623 quo
1450 1589 1579 1616 accedant
1601 1587 1633 1615 ad
1653 1586 1747 1615 fontes

116 1645 226 1681 ριακὴν,
240 1644 309 1671 ὥστε
321 1644 406 1671 ἐλθεῖν
416 1645 463 1671 ἐπὶ
472 1643 521 1676 τὰς
537 1642 627 1678 πηγὰς
637 1642 692 1670 τῶν
703 1642 818 1674 ὑδάτων.
833 1649 907 1668 τουτ-

114 1689 202 1720 έστιν.
223 1689 270 1716 ἐπὶ
289 1690 320 1716 τὸ
342 1689 420 1725 σῶμα
447 1688 494 1715 καὶ
521 1686 590 1724 αἷμα
612 1687 659 1715 τοῦ
679 1687 783 1723 Κυρίου
806 1688 839 1720 ⁸⁵,
864 1687 908 1713 ἵνα

115 1735 320 1771 ηθαρισθῶσιν
335 1735 389 1762 ἀπὸ
400 1735 562 1770 πικρότητος
573 1733 619 1761 τοῦ
635 1733 764 1769 πονηροῦ.

152 1781 205 1808 λα’.
227 1780 382 1816 Ἠρώτησεν
405 1781 419 1807 6
437 1779 524 1811 6666;
554 1779 654 1815 Ἰωσὴφ
675 1778 721 1805 τὸν
742 1778 829 1805 ἀὸὄᾶν
843 1778 907 1804 Ποι-

116 1827 200 1863 μένα,
214 1826 272 1858 πῶς
289 1826 341 1862 χρὴ
358 1825 508 1861 νηστεύειν.
526 1824 608 1859 Λέγει
622 1824 697 1860 αὐτῷ
713 1824 728 1850 6
740 1823 827 1855 666d;
842 1824 907 1850 Ποι-

116 1875 194 1908 μήν·
217 1871 289 1906 Ἐγὼ
317 1871 386 1898 θέλω
407 1871 453 1898 τὸν
474 1870 599 1898 ἐσθίοντα
625 1870 687 1897 καθ’
710 1870 816 1904 ἡμέραν
832 1869 907 1905 παρὰ

116 1918 218 1954 μικρὸν
234 1917 346 1950 ἐσθίειν,
363 1917 404 1944 ἵνα
430 1917 467 1952 μὴ
490 1915 665 1952 χορτάζηται.
691 1914 773 1948 Λέγει
799 1913 873 1949 αὑτῷ
894 1915 908 1941 6

114 1965 207 1997 666a;
236 1965 350 2000 Ἰωσήφ·
377 1964 441 1990 Ὅτε
465 1961 498 1999 ἦς
521 1963 665 1998 νεώτερος,
691 1961 742 1988 οὐκ
763 1961 908 1996 ἐνήστευες

114 2012 164 2039 δύο
175 2012 233 2044 δύο,
251 2011 340 2044 ἁ66ᾶ;
355 2010 408 2037 Καὶ
424 2008 500 2036 εἶπεν
515 2010 530 2036 6
540 2009 629 2044 γέρων
642 2017 650 2024 ·
663 2007 745 2034 Φύσει
759 2007 806 2034 καὶ
820 2008 906 2043 τρεῖς,

114 2059 166 2085 καὶ
178 2058 316 2092 τέσσαρας
338 2057 373 2089 ⁵⁸,
402 2056 449 2082 καὶ
476 2055 620 2091 ἑϐδομάδα.
645 2054 699 2080 Καὶ
718 2053 803 2080 ταῦτα
820 2053 908 2080 πάντα

114 2102 285 2137 ἐδοκίμασαν
316 2101 341 2127 οἱ
375 2101 514 2136 Πατέρες,
545 2100 583 2131 ὼς
608 2098 729 2125 δυνατοί·
758 2097 805 2124 καὶ
830 2094 909 2132 εὖρον

113 2149 160 2176 ὅτι
179 2149 202 2164 ⁸⁷
220 2147 281 2174 καθ’
298 2146 405 2182 ἡμέραν
422 2145 532 2178 ἐσθίειν,
560 2144 636 2180 παρὰ
665 2143 761 2179 μικρὸν
789 2143 835 2169 δέ·
861 2143 909 2169 καὶ

115 2193 285 2229 παρέδωκαν
314 2193 377 2227 ἡμῖν
415 2191 461 2227 τὴν
485 2190 627 2227 βασιλικὴν
648 2190 716 2221 ὁδὸν,
739 2190 779 2216 ὅτι
804 2188 910 2224 ἐλαφρᾶ

114 2241 207 2268 ἐστιν.

153 2287 206 2322 λβ’.
222 2287 334 2321 Ἔλεγον
358 2285 422 2321 περὶ
443 2284 489 2311 τοῦ
519 2283 591 2311 ἀϐδᾶ
616 2283 758 2318 Ποιμένος,
781 2283 822 2309 ὄτι
845 2283 909 2309 ὅταν

113 2332 238 2368 ἤμελλεν
252 2333 292 2364 εις
306 2331 414 2363 σύναξιν
423 2331 508 2357 ἐλθεῖν
517 2330 549 2361 ⁸³,
558 2329 674 2365 ἐκάθητο
686 2329 746 2356 κατ’
762 2328 829 2355 ἰδίαν
842 2329 907 2364 (98),

111 2378 267 2414 διακρίνων
284 2378 346 2409 τοὺς
357 2377 503 2412 λογισμοὺς
525 2375 617 2408 αὐτοῦ,
638 2375 704 2401 ὡσεὶ
727 2374 802 2410 ὥραν
825 2374 906 2409 μίαν·

112 2425 167 2452 καὶ
177 2423 266 2456 οὕτως
276 2423 417 2459 ἐξήρχετο.

156 2469 207 2506 ἐγ.
228 2469 353 2504 Ἀδελφδς
364 2468 492 2505 ἠρώτησε
505 2468 550 2494 τὸν
562 2467 648 2494 ὰὸὄᾶν
662 2467 792 2502 Ποιμένα,
806 2466 907 2501 λέγων·

958 1637 1102 1672 aquarum,
1119 1635 1144 1662 id
1160 1638 1202 1663 est
1219 1634 1253 1662 ad
1278 1641 1378 1669 corpus
1401 1634 1428 1661 et
1443 1634 1602 1669 sanguinem
1620 1633 1745 1665 Domini;

958 1687 988 1710 ut
1004 1686 1157 1718 purgentur
1172 1689 1187 1708 a
1203 1681 1269 1708 mali
1288 1679 1482 1708 amaritudine.

996 1782 1041 1810 δι.
1059 1781 1097 1817 (ι)
1114 1781 1206 1809 Abbas
1221 1779 1323 1815 Ioseph
1347 1779 1526 1815 interrogavit
1540 1779 1664 1807 abbatem
1683 1771 1745 1806 ttae-‘4

959 1835 1077 1859 menem,
1107 1827 1245 1862 quomodo
1257 1825 1437 1861 ieiunandum
1455 1830 1536 1853 esset.
1558 1825 1608 1852 Cui
1630 1824 1744 1859 respon-

958 1874 999 1901 dit
1018 1873 1059 1901 sic
1075 1882 1081 1900 :
1095 1872 1151 1908 Ego
1168 1873 1230 1900 volo
1254 1876 1283 1899 ut
1305 1871 1368 1907 quis
1388 1871 1511 1906 quotidie
1532 1868 1668 1902 comedat,
1695 1870 1744 1897 sed

959 1927 1056 1956 parum
1069 1939 1077 1952 ,
1101 1927 1136 1947 ne
1158 1923 1306 1947 saturetur.
1327 1918 1371 1945 Ait
1393 1918 1478 1946 abbas
1498 1909 1745 1952 Joseplt:Quando

959 1973 1022 1993 eras
1043 1966 1172 2000 juvenis.
1200 1972 1292 1993 nonne
1327 1965 1390 1992 cibo
1413 1963 1572 1991 abstinebas
1600 1962 1649 1998 per
1675 1962 1745 1990 duos

959 2012 1029 2044 dies.
1049 2011 1135 2039 abba?
1151 2011 1264 2046 Excepit
1278 2018 1360 2039 senex
1377 2020 1383 2038 :
1402 2010 1504 2037 Revera
1523 2009 1604 2036 etiam
1624 2017 1672 2044 per
1689 2012 1745 2036 tres

960 2063 986 2085 et
1012 2061 1147 2093 quatuor,
1172 2061 1312 2092 totamque
1339 2054 1545 2083 hebdomadam.
1576 2050 1661 2089 Atque
1687 2053 1746 2081 haec

960 2104 1052 2130 omnia
1075 2103 1259 2138 probaverunt
1281 2101 1387 2134 Patres,
1413 2105 1442 2128 ut
1460 2104 1583 2135 potentes
1599 2100 1624 2126 in
1644 2099 1746 2126 virtute

961 2149 1105 2182 homines;
1122 2148 1172 2176 sed
1187 2148 1348 2176 invenerunt
1364 2146 1538 2182 praestantius
1549 2153 1610 2172 esse
1621 2143 1745 2179 quotidie

960 2202 1057 2231 parum
1076 2194 1258 2226 manducare;
1279 2197 1361 2228 atque
1379 2192 1459 2219 nobis
1483 2191 1656 2218 tradiderunt
1673 2189 1744 2215 viam

926 2267 949 2295 ο
961 2249 1022 2277 quae
1033 2241 1107 2276 regia
1122 2244 1174 2271 est,
1190 2241 1255 2275 quia
1271 2240 1347 2267 levis.

998 2287 1042 2314 3‘2.
1066 2287 1104 2322 (5)
1118 2287 1235 2314 Aiebant
1250 2286 1283 2313 de
1308 2285 1405 2313 abbate
1431 2282 1567 2313 Pmmene.
1588 2281 1661 2316 quod
1683 2287 1745 2307 cum

962 2334 994 2361 ad
1017 2332 1141 2369 synaxim
1156 2336 1288 2359 venturus
1301 2333 1384 2362 esset,
1401 2329 1511 2357 sedebat
1527 2334 1663 2358 seorsum.
1681 2325 1742 2353 dis-

961 2386 1077 2406 cernens
1098 2377 1278 2413 cogitationes
1298 2383 1381 2408 suas,
1401 2376 1466 2402 hora
1487 2374 1598 2401 circiter
1617 2380 1685 2405 una;
1709 2375 1746 2399 at-

964 2432 1017 2458 que
1030 2425 1067 2451 ita
1081 2423 1282 2459 egrediebatur.

999 2469 1043 2496 55.
1062 2468 1101 2504 (6)
1122 2467 1216 2495 Frater
1241 2467 1410 2500 interrogans
1434 2464 1556 2491 abbatem
1579 2462 1744 2493 Pmmenem,

154 2581 179 2598 "
194 2581 237 2608 Al.
255 2580 317 2608 add.
346 2580 426 2616 ἡμῶν
444 2580 532 2616 Ἰησοῦ
545 2559 675 2616 Χριστοῦ.
711 2577 734 2593 ⁸⁵
752 2577 831 2604 Deest
848 2577 895 2604 καὶ

965 2585 1047 2613 ταρας
1067 2577 1095 2604 in
1113 2577 1147 2604 al.
1187 2574 1208 2591 ”
1223 2576 1265 2602 Al.
1280 2576 1363 2603 inser.
1381 2573 1463 2601 καλόν
1484 2574 1558 2599 ἐστιν
1578 2571 1620 2599 τό.
1659 2571 1682 2586 ⁸⁸
1699 2570 1744 2598 ΔΙ.

111 2616 295 2653 ἐξέρχεσθαι.
338 2615 454 2642 ⁸³Ῥ5ιιὶ.
476 2615 524 2643 xu
539 2636 546 2647 .
567 2615 595 2643 Ξ.

152 2729 214 2766 (98)
223 2728 368 2762 Ἑκάϐητο
380 2729 442 2756 κατ’
455 2728 546 2766 ἰδίαν.¹
552 2727 665 2764 Corrige
671 2725 782 2766 Pelagii:
787 2733 824 2757 m;
835 2725 911 2766 sede:

110 2761 163 2793 bat
182 2761 258 2799 prius
273 2761 403 2794 seorsum.
428 2771 475 2791 seu
493 2764 584 2798 potius
611 2761 645 2790 ex
660 2762 723 2789 cod.
742 2761 909 2790 'Fossatensi

108 2801 227 2830 sedebat
237 2800 353 2833 primunt
370 2807 499 2826 seorsum.

151 2836 214 2870 (99)
232 2835 285 2861 Vit.
298 2834 373 2861 Patr.
391 2842 418 2865 x,

150 2869 208 2907 (1)
221 2871 272 2898 Vit.
291 2870 369 2897 Patr.
391 2877 418 2900 ιι,
432 2869 476 2896 55.

281 2916 417 2947 Panos.
429 2915 489 2946 Gs.
507 2916 602 2947 LXV.

1007 2721 1035 2753 2)
1056 2720 1108 2747 Vit.
1125 2719 1203 2747 Patr.
1219 2727 1247 2750 Χ.
1269 2718 1322 2751 52;
1338 2726 1431 2747 xxxvt.
1452 2717 1477 2744 l.

1008 2758 1035 2790 3)
1053 2756 1105 2782 Vit.
1124 2755 1202 2782 Patr.
1221 2762 1298 2785 xvm,
1317 2755 1358 2790 l7_.

1007 2785 1034 2826 At)
1055 2791 1109 2818 Vit.
1126 2790 1202 2826 Patr.
1222 2798 1250 2821 x,
1266 2790 1319 2826 41:
1334 2788 1433 2826 Regula
1446 2787 1529 2826 δυέῑι..
1540 2785 1664 2826 cap._§/L.

1058 2826 1113 2863 Vit.
1126 2825 1203 2863 Patr.
1223 2824 1327 2863 “.22;
1344 2821 1408 2858 App.
1423 2831 1449 2859 p.
1465 2821 1543 2853 1004,
1559 2830 1586 2848 ιι.
1602 2821 1648 2848 '52.

998 2859 1037 2898 (6)
1057 2862 1108 2889 Vit.
1120 2860 1196 2888 Patr.
1210 2868 1239 2893 ι,
1255 2859 1300 2887 56.

1554 2903 1587 2932 11
