1970 3074
107 137 158 165 555

688 128 993 158 ΛΡΟΡΗΤΗΕϐΜΑΤΛ
1010 127 1165 155 PATBUM.

1677 122 1731 150 3M

107 203 196 231 σωμαι
220 195 347 231 πρᾶγμα,
373 194 460 225 θέλεις
486 193 555 220 εἴπω
577 192 659 223 αὐτό;
684 192 765 226 Λέγει
789 191 892 226 αὐτῷὀ

964 199 1011 222 :m.
1026 190 1107 225 jubes
1127 195 1157 215 nt
1178 195 1238 214 eam
1257 186 1390 214 efferant?
1408 186 1454 213 Ait
1473 186 1512 213 illi
1534 192 1618 213 senex
1635 184 1732 212 :Scri-

107 241 212 277 γέρων·
236 241 410 276 Γέγραπται·
437 240 485 271 “Oc
510 238 564 265 ἐὰν
584 238 779 271 ἀποκρίνηται
801 237 895 271 λόγον

108 289 179 322 πρὶν
190 286 330 318 ἀκοῦσαι,
352 286 510 321 ἀφροσύνη
527 284 607 317 αὐτῷ
624 284 691 311 ἐστι
704 284 754 310 καὶ
768 284 893 316 ὄνειδος.

113 335 176 360 Ἐὰν
190 332 378 368 ἐπερωτηϐῇς,
394 332 468 358 εἰπέ·
492 331 515 356 εἱ
534 331 562 356 δὲ
578 330 626 364 μὴ,
643 329 742 356 σιώπα.

144 378 203 414 μς’.
223 377 363 413 ’Πρώτησέ
389 385 430 407 τις
453 375 564 409 ἁδελφὸς
589 375 634 400 τὸν
657 374 745 401 ἁὸϐἄν
764 374 894 409 Ποιμένα,

108 425 213 460 λέγων·
238 424 352 450 Δύναται
375 422 518 458 ἄνθρωπος
545 421 702 447 πεποιθέναι
723 421 768 447 ἐπὶ
791 422 823 455 τῇ
849 421 897 455 μιᾷ.

109 471 223 507 πράξεις
242 471 298 497 Καὶ
306 469 381 496 εἶπεν
397 468 497 502 at.th
513 468 609 502 γέρων,
623 468 685 494 ὂτιὸ
702 466 788 497 ἀϐϐᾶς
808 466 898 492 Ἰωάν-

110 527 158 554 νης
170 520 184 545 6
200 517 318 548 Κολοὸὸς
331 515 416 545 εἶπεν,
437 515 477 541 ὅτι
500 513 570 547 Ἐγὼ
593 513 661 540 Οέλω
677 512 836 548 μεταλ-αΰείν
854 521 898 547 μι-

110 565 176 599 κρόν
186 572 212 590 τι
227 564 259 589 ὲκ
275 563 368 589 πασῶν
380 562 435 588 τῶν
450 560 564 595 ἀρετῶν.

146 609 200 645 μζι
210 607 277 636 Eine
293 609 374 635 πάλιν
386 609 400 634 ὀ
416 608 515 642 γέρων,
528 607 568 633 ὅτι
578 605 690 640 ἀδελφὸς
709 605 836 640 ἠρώτησε
853 605 897 631 τὸν

109 656 197 682 ἀεὸᾶν
214 654 329 690 Παμϐὼ,
347 655 370 680 εί
392 654 474 680 καλὸν
501 654 621 679 ἐπαινεῖν
638 652 683 678 τὸν
704 651 817 685 πλησίον
828 660 834 666 ·
851 651 899 678 καὶ

111 699 188 727 εἶπεν
206 700 280 735 αὑτῴ
293 708 299 714 ·
315 699 405 727 Καλὸν
417 699 517 734 μᾶλλόν
536 700 593 726 ἐστι
608 698 638 725 τὸ
651 698 765 732 σιωπᾷν.

149 795 205 827 μη’.
223 789 290 818 Εἷπε
308 790 387 817 πάλιν
402 791 416 816 ὁ
429 789 517 821 ἀϐΰᾶς
531 788 646 824 Ποιμὴν,
662 788 702 814 ὅτι
725 786 787 814 Ἐὰν
801 787 900 823 ποιήσῃ

111 839 254 874 ἄνθρωπος
266 837 356 864 καινὸν
363 836 477 872 οὐρανὸν
489 835 534 862 καὶ
543 834 636 870 καινὴν
643 834 705 869 γῆν,
717 834 746 859 οὐ
760 833 869 859 δύναται
877 833 900 848 ⁷³

112 884 310 920 ἁμεριμνῆσαι.

150 930 206 965 μίν.
225 928 293 956 Eii—.5
312 927 402 959 πάλιν,
417 927 458 953 ὅτι
477 926 506 953 Ὀ
528 926 670 962 ἄνθρωπος
689 925 776 951 δέεται
790 926 839 959 τῆς
853 933 904 952 τα-

112 974 327 1010 πεινοφροσύνης
340 975 364 989 ⁷⁸
380 974 426 1000 καὶ
441 973 487 999 τοῦ
498 972 581 1007 φόϐου
591 972 637 998 τοῦ
656 972 734 1003 Θεοῦ,
748 971 842 1006 ὥσπερ
854 971 902 1006 τῆς

113 1021 200 1056 πνοῆς
213 1019 433 1056 ἒκπορευομένης
447 1021 480 1045 ὲκ
491 1018 541 1053 τῆς
553 1018 627 1054 ῥινὸς
641 1017 734 1044 αὑτοῦ.

150 1070 181 1094 ν’.
208 1067 333 1101 Ἀδελφὺς
350 1065 476 1101 ἠρώτησε
491 1065 536 1091 τὸν
556 1065 641 1091 ὰϐὁᾶν
654 1065 784 1100 Ποιμένα,
798 1063 900 1098 λέγων·

114 1113 147 1140 Τί
158 1114 263 1149 ποιήσω
274 1122 280 1144 ;
291 1112 371 1146 Λέγει
389 1111 463 1146 αὑτῷ
472 1112 486 1137 ὀ
497 1111 585 1146 γέρων
597 1120 603 1126 -
622 1110 747 1146 ’Λΰραὰμ
757 1111 802 1137 ὅτε
813 1109 903 1144 εἰσῆλ-

114 1160 161 1186 οεν
174 1160 214 1191 είς
228 1159 276 1194 τὴν
291 1159 342 1193 γῆν
357 1158 406 1193 τῆς
427 1157 602 1191 ἐπαγγελίας,
621 1158 753 1192 μνημεῖον
768 1157 903 1191 ἠγόρασεν

113 1205 214 1240 ἑαυτῷ,
237 1205 284 1231 καὶ
311 1203 355 1230 διὰ.
371 1203 418 1230 τοῦ
441 1203 527 1237 τάφου
548 1202 749 1238 ἐκληρονόμησε
769 1202 819 1237 τὴν
840 1201 902 1236 γῆν.

112 1249 219 1284 Λέγειό
228 1249 343 1283 ἀδελφός
352 1256 358 1264 ·
367 1248 399 1274 Τί
412 1249 470 1274 ἐστι
481 1247 564 1281 τάφος
574 1255 581 1280 ;
592 1247 673 1282 Λέγει
684 1246 759 1282 αὑτῷ
771 1247 785 1272 6
799 1246 901 1282 γέρωνο

113 1295 203 1328 Τόπος
212 1294 352 1331 κλαυθμοῦ
364 1295 411 1321 καὶ
423 1294 548 1326 πένθους.

150 1387 202 1410 να¹.
225 1382 351 1417 Ἀδελψὺξ
371 1380 432 1409 εἷπε
446 1383 485 1418 τῷ
505 1382 577 1418 ἀὸϐᾀ
589 1382 702 1418 Ποιμένι
712 1390 720 1397 ⁸
735 1382 799 1408 Ἐὰν
812 1382 850 1408 δῶ
866 1381 905 1417 τῷ

113 1428 223 1464 ἀδελφῷ
244 1437 294 1463 μου
319 1427 416 1463 μικρὸν
434 1428 525 1463 ἄρτον,
544 1428 560 1463 ἢ
583 1427 675 1462 ἕτερόν
687 1436 723 1458 τι,
739 1428 762 1453 οἰ
780 1427 906 1462 δαίμονες

116 1474 278 1511 μολύνουσιν
291 1474 361 1500 αὐτὰ
369 1475 402 1505 ⁷³,
413 1474 449 1505 ὼς
460 1474 530 1500 κατὰ
539 1473 781 1509 ἀνθρωπαρεσκίαν
795 1474 906 1509 γινόμε-

114 1529 150 1547 να
163 1521 197 1547 π.
221 1520 304 1554 Λέγει
321 1519 395 1554 αὐτῷ
414 1522 428 1546 ὁ
453 1520 541 1555 γέρων
554 1528 560 1534 ·
576 1520 608 1546 Et
628 1520 675 1546 καὶ
696 1520 766 1546 κατὰ
782 1519 908 1555 ἀνθρωπ-

117 1567 255 1602 αρεσκίαν
270 1565 385 1606 γίνεται,
399 1565 456 1592 ἀλλ’
470 1567 551 1601 ἡμεῖς
564 1565 614 1601 τὴν
633 1565 726 1601 χρείαν
743 1564 872 1600 δώσωμεν
884 1566 906 1581 ⁷⁷

113 1610 157 1645 τῷ
170 1607 286 1645 ἀδελφῷ.
302 1608 369 1637 Εἶπε
385 1610 413 1636 δὲ
433 1609 507 1645 αὐτῷ
524 1611 571 1637 καὶ
590 1610 748 1646 παραϐολὴν
764 1610 890 1645 τοιαύτην
900 1618 908 1627 ·

114 1656 170 1684 Δΰο
185 1656 324 1692 ἄνθρωποι
335 1654 405 1692 ἦσαν
421 1656 540 1691 γεωργοὶ
551 1657 580 1682 ἐν
593 1656 670 1682 πόλει
689 1655 826 1687 οἰκοῦντες
843 1657 891 1691 μιᾷ
901 1665 907 1671 -

116 1703 167 1730 καὶ
180 1703 195 1729 ὀ
210 1699 250 1734 εἷς
264 1702 312 1737 μὲν
326 1702 354 1734 ἐξ
371 1701 459 1728 αὐτῶν
484 1701 598 1736 σπείρας
614 1701 724 1737 ἐποίησε
745 1701 830 1736 μικρὰ
843 1702 911 1728 ἀκά-

117 1748 222 1784 θαρτα·
239 1748 292 1774 ὀδὲ
313 1748 400 1780 ἄλλος,
423 1747 563 1783 ἀμελήσας
581 1746 628 1773 τοῦ
647 1748 766 1782 σπεῖραι,
785 1747 910 1781 ἐποίησεν

116 1791 188 1823 ὅλως
201 1791 277 1818 οὐδέν
288 1799 295 1806 ·
309 1791 389 1826 λιμοῦ
398 1791 421 1805 ⁷⁸
437 1791 595 1825 γενομένου,
610 1790 651 1822 τίς
664 1791 697 1816 ἐκ
712 1789 765 1816 τῶν
777 1789 823 1816 δύο
839 1789 911 1824 εὑρί-

117 1845 181 1864 σκει
202 1836 305 1872 ζῆσαι;
329 1835 476 1871 Ἀπεκρίθη
501 1835 515 1860 6
531 1835 644 1869 ἀδελφός
659 1843 667 1850 ·
687 1835 717 1861 'U
735 1835 851 1870 ποιήσας
877 1835 911 1860 τὰ

117 1882 199 1916 ὀλίγα
221 1882 268 1908 καὶ
286 1881 440 1916 ἀκάθαρτα.
456 1881 538 1914 Λέγει
554 1880 629 1916 αὐτῷ
649 1881 664 1907 6
688 1882 795 1916 γέρων’
818 1880 911 1912 Οὕτως

118 1926 168 1954 οὖν
187 1928 234 1954 καὶ
247 1928 345 1962 ἡμεῖς,
363 1927 520 1962 σπείρωμεν
546 1927 635 1961 ὀλίγα,
652 1928 676 1953 εί
693 1927 740 1953 καὶ
757 1927 910 1963 ἀκάθαρτα,

119 1974 166 2000 ἵνα
183 1973 219 2009 μὴ
232 1973 270 2008 τῷ
280 1972 352 2008 λιμῷ
371 1972 560 2008 ἀποθάνωμεν.

158 2019 207 2054 νβ’.
226 2016 310 2046 Εἶπεν
326 2018 406 2045 πάλιν
422 2020 436 2045 6
454 2018 542 2049 ἁόὗᾶς
557 2019 673 2054 Ποιμὴν,
691 2019 732 2045 ὅτι
749 2017 824 2045 εἶπεν
839 2019 852 2046 ὀ
863 2019 912 2045 d6-

120 2066 174 2097 ὁᾶς
191 2066 351 2100 Ἀμμωνᾶς,
368 2065 410 2092 ὃτι
435 2066 511 2092 Ποιεῖ
527 2065 669 2100 ἅνθρωπος
685 2065 744 2092 ὅλον
760 2065 806 2092 τὸν
819 2066 913 2101 χρόνον

119 2111 205 2138 αὐτοῦ
217 2111 358 2147 βαστάζων
375 2111 479 2147 ἀξίνην,
488 2112 534 2138 καὶ
547 2111 595 2147 οὐχ
608 2112 730 2148 εὑρίσκει
740 2113 913 2146 κατενεγκεῖν

119 2157 152 2183 τὸ
164 2156 283 2192 δένδρον.
300 2157 378 2182 Ἔστι
394 2157 422 2183 δὲ
436 2156 515 2188 ἄλλος
529 2156 661 2191 ἔμπειρος
672 2156 718 2182 τοῦ
736 2156 913 2188 κόπτειν,καὶ

946 241 1022 272 ptum
1042 239 1084 264 est
1101 245 1107 262 :
1126 235 1178 268 Qui
1195 233 1360 268 responderit
1378 232 1484 259 verbum
1505 232 1660 267 priusquam
1680 237 1732 257 att-

946 283 1020 311 diat:
1036 282 1153 309 stultitia
1165 281 1189 308 ei
1201 285 1239 307 est
1255 284 1280 307 et
1296 279 1466 314 opprobrium
1486 277 1520 304 "'.
1535 276 1564 304 Si
1574 283 1639 312 ergo
1651 275 1734 304 inter-

945 333 1056 363 rogatus
1077 324 1171 358 fueris.
1188 325 1296 361 profer;
1313 325 1356 353 sin
1367 325 1468 357 minus,
1485 328 1554 351 tace.

982 374 1026 401 46.
1049 373 1143 400 Frater
1157 372 1256 408 aliquis
1272 375 1450 406 percontatus
1464 374 1507 398 est
1525 370 1650 398 abbatem
1669 368 1734 397 Pte-

946 429 1052 448 mcnent
1067 420 1214 447 :Potestne
1241 419 1322 445 homo
1339 417 1477 445 conlidere
1495 417 1522 444 in
1537 424 1591 444 una
1606 416 1716 443 actione

949 466 1101 500 Respondit
1121 473 1215 498 senex,
1235 464 1343 492 abbatis
1354 463 1469 490 Joannis
1484 462 1561 490 Curti
1580 469 1735 489 sermonem

948 512 1088 539 exstitisse
1107 520 1114 538 :
1131 510 1187 546 Ego
1206 511 1286 546 cupio
1299 517 1334 537 ex
1354 509 1482 536 omnibus
1499 507 1648 535 virtutibus
1664 514 1736 534 non‘

947 557 1014 585 nihil
1031 564 1182 584 assumere.

982 604 1026 630 Η.
1048 603 1135 630 Etiam
1159 604 1281 630 narravit
1299 610 1393 631 senex.
1410 600 1483 636 quod
1506 600 1591 629 frater
1613 601 1735 628 interro-

948 649 1052 684 gaverit
1072 649 1197 676 abbatem
1211 647 1324 678 Pambo.
1347 653 1437 673 ntrtttn
1457 646 1558 673 bonum
1585 650 1658 673 esset
1677 645 1737 672 lau-

948 695 1014 721 dare
1047 694 1201 729 proximum
1216 713 1224 725 ,
1246 697 1273 721 et
1301 693 1346 720 ille
1368 691 1559 727 responderit:
1578 691 1675 720 Melius
1693 695 1738 720 est

948 746 1051 768 tacere.

983 786 1028 813 48.
1050 786 1107 821 (t7)
1122 785 1193 812 Dixit
1208 785 1305 812 iterum
1318 784 1403 812 abbas
1413 783 1526 812 Pmmen
1542 793 1549 811 :
1565 783 1640 812 Licet
1654 783 1736 811 homo

950 831 1108 866 produxerit
1124 838 1224 858 novum
1232 830 1332 858 cmlum
1346 834 1374 858 et
1383 837 1481 857 novam
1494 833 1606 862 terram,
1621 836 1676 857 non
1692 837 1738 865 po—

914 873 934 902 B
949 881 1002 904 test
1013 876 1086 903 curis
1103 883 1208 903 carere.

984 921 1029 948 49.
1045 920 1099 956 (18)
1120 921 1240 948 Rursum
1256 919 1345 948 dixit:
1366 918 1452 947 Homo
1469 919 1572 956 indiget
1585 919 1739 947 humilitate

952 974 985 994 ac
1007 966 1053 993 Dei
1075 966 1183 998 timore,
1207 965 1436 1000 quemadmodum
1456 965 1520 993 ﬂatu
1537 966 1583 1001 qui
1597 973 1613 993 e
1626 965 1739 994 naribus

952 1013 1012 1047 ejus
1028 1011 1126 1046 prodit.

986 1057 1033 1085 50.
1049 1057 1105 1092 (19)
1123 1056 1219 1084 Frater
1234 1057 1413 1092 interrogavit
1428 1057 1554 1085 abbatem
1571 1057 1739 1089 Pmmenem.

953 1103 1019 1139 quid
1036 1102 1125 1130 facere
1152 1093 1273 1130 deberet.
1290 1102 1336 1129 Ait
1351 1103 1389 1129 illi
1404 1111 1504 1130 senex:
1526 1101 1641 1136 Quando
1653 1102 1743 1130 Abra-

954 1149 1016 1175 ham
1033 1148 1174 1183 ingressus
1196 1152 1239 1175 est
1267 1148 1295 1175 in
1326 1152 1426 1175 terram
1455 1146 1658 1182 promissionis.
1689 1147 1743 1175 sibi

954 1194 1020 1221 emit
1033 1198 1254 1225 monumentum,
1283 1201 1316 1221 ac
1332 1201 1380 1229 per
1405 1193 1561 1229 sepulcrum
1579 1198 1680 1221 terram
1697 1201 1745 1221 ac-

954 1241 1026 1275 cepit
1056 1241 1083 1267 in
1114 1240 1310 1267 haereditatem.
1342 1241 1429 1275 lingat
1463 1240 1568 1267 frater:
1603 1239 1674 1273 Quid
1701 1244 1745 1269 est

955 1286 1132 1321 sepulcrum?
1163 1286 1252 1314 Senex
1286 1286 1432 1321 respondet
1456 1296 1462 1313 :
1486 1286 1576 1314 Locus
1604 1286 1684 1315 ﬂetus
1717 1292 1746 1315 et

955 1333 1056 1359 luctus.

991 1379 1036 1406 51.
1058 1378 1113 1414 (20)
1125 1377 1220 1405 Frater
1234 1378 1303 1405 dixit
1322 1378 1414 1405 abbati
1436 1377 1579 1407 Ptemeni:
1597 1379 1626 1407 Si
1639 1379 1741 1407 dedero

957 1425 1036 1452 fratri
1053 1432 1113 1452 meo
1132 1432 1227 1459 parum
1242 1424 1332 1460 panis,
1351 1428 1398 1451 aut
1413 1425 1486 1452 aliud
1500 1425 1576 1460 quid,
1608 1425 1747 1454 daemones

957 1472 1084 1507 polluunt
1100 1471 1178 1503 illud,
1194 1472 1273 1507 quasi
1293 1472 1328 1499 ad
1344 1471 1507 1507 placendum
1532 1471 1689 1501 hominibus
1706 1472 1748 1499 fa-

959 1523 1032 1546 ctum
1048 1518 1139 1545 fuerit.
1153 1514 1198 1544 Ait
1215 1517 1239 1545 ei
1255 1525 1336 1545 senex
1352 1527 1358 1545 :
1389 1517 1465 1545 Licet
1481 1517 1571 1545 studio
1589 1518 1748 1547 hominibus

959 1564 1084 1600 placendi
1099 1564 1156 1596 ﬁat,
1170 1571 1221 1591 nos
1240 1569 1329 1591 tamen
1344 1563 1477 1592 fratribus
1499 1564 1596 1592 demus
1611 1573 1672 1600 quae
1693 1565 1749 1593 illis

959 1610 1115 1638 necessaria
1135 1615 1208 1637 sunt.
1227 1609 1334 1645 Adjecit
1348 1618 1458 1646 quoque
1479 1611 1550 1638 hanc
1566 1611 1724 1645 parabolam
1737 1620 1747 1639 :

960 1656 1019 1684 Duo
1047 1657 1173 1692 agricola:
1190 1657 1217 1683 in
1232 1657 1326 1685 eadem
1341 1657 1452 1685 civitate
1471 1657 1651 1685 habitabant:
1676 1665 1748 1687 unus

959 1711 993 1730 ex
1022 1703 1056 1730 iis
1086 1703 1239 1735 seminavit,
1266 1703 1414 1738 retulitque
1452 1699 1539 1738 pauca
1566 1708 1594 1731 et
1621 1704 1748 1739 impura;

961 1749 1029 1776 alter
1042 1757 1102 1776 cum
1120 1756 1211 1776 serere
1230 1749 1403 1784 neglexisset.
1417 1749 1486 1777 nihil
1500 1750 1612 1777 omnino
1627 1749 1747 1784 collegit.

961 1794 1054 1829 itaque
1068 1794 1092 1822 si
1109 1795 1255 1829 contigerit
1269 1794 1365 1826 fames,
1381 1795 1444 1830 quis
1456 1803 1490 1823 ex
1507 1795 1614 1823 duobus
1629 1795 1750 1824 inveniet

962 1840 1034 1868 unde
1056 1840 1149 1867 vivat?
1177 1840 1325 1875 Respondit
1353 1841 1456 1869 frater:
1477 1841 1528 1874 Qui
1550 1849 1636 1877 pauca
1660 1841 1705 1869 illa
1722 1844 1750 1869 et

962 1886 1068 1921 impura
1085 1886 1213 1914 confecit.
1230 1887 1299 1914 Tum
1317 1895 1399 1916 senex
1415 1897 1420 1915 :
1438 1888 1502 1915 Pari
1525 1888 1607 1923 igitur
1628 1888 1709 1916 modo
1723 1892 1751 1916 et

962 1937 1024 1961 nos,
1040 1930 1206 1959 seminemus
1224 1939 1323 1966 pauca,
1337 1933 1463 1968 quamvis
1487 1933 1639 1967 immunda,
1664 1941 1699 1962 ne
1713 1933 1751 1961 fa-

962 1985 1006 2005 me
1020 1986 1174 2012 pereamus.

998 2023 1042 2050 52.
1059 2023 1115 2059 (21)
1133 2023 1220 2050 Etiam
1233 2024 1326 2051 retulit
1345 2023 1430 2052 abbas
1448 2023 1560 2052 Pmmen
1575 2025 1648 2052 hunc
1666 2025 1750 2053 abba-

963 2070 998 2098 tis
1012 2070 1152 2098 Ammonae
1176 2078 1350 2098 sermonem:
1377 2070 1493 2104 Quidam
1515 2079 1564 2106 per
1580 2075 1668 2099 totttm
1690 2072 1751 2099 vitae

963 2120 1071 2150 tempus
1087 2116 1206 2143 securim
1222 2119 1324 2151 podat,
1342 2123 1392 2143 ncc
1418 2116 1523 2144 invenit
1547 2117 1658 2144 modum
1680 2116 1751 2152 deji-

964 2161 1067 2188 cicttda-
1084 2162 1202 2190 arboris.
1225 2161 1274 2190 Est
1294 2169 1359 2189 vero
1382 2162 1464 2193 alius.
1491 2163 1603 2190 secandi
1631 2162 1749 2198 peritus,

120 2203 177 2231 ἀπὸ
194 2203 292 2237 ὀλίγων
303 2203 453 2239 καταφέρει
467 2203 498 2229 τὸ
511 2203 628 2239 δένδρον.
644 2203 740 2237 Ἔλεγε
754 2203 781 2230 δὲ
795 2203 844 2239 τὴν
855 2203 905 2235 ἀξί-

964 2207 1010 2241 qui
1027 2208 1122 2241 paucis
1140 2208 1239 2235 ictibus
1255 2208 1404 2242 prosternit
1428 2208 1564 2236 arboretn.
1589 2208 1687 2236 Aiebat
1700 2216 1751 2236 au-

121 2257 173 2284 νην
186 2246 257 2275 εἶναι
271 2249 319 2285 τὴν
330 2249 474 2284 διάκρισιν.

159 2295 210 2329 νγ’.
233 2295 357 2330 ’Λδελίρὸς
371 2295 496 2332 ἠρώτησε
507 2296 553 2323 τὸν
568 2296 654 2323 ἁϐὁᾶν
669 2297 835 2332 Ποιμένα,λὲ
841 2306 893 2332 γων
906 2307 912 2313 ·

121 2341 186 2373 Πῶς
200 2341 301 2376 ὀφείλει
325 2341 466 2377 ἄνθρωπος
488 2343 715 2375 πολιτεύσασθαις
737 2343 817 2378 Λέγει
842 2343 914 2378 αὐτῷ

120 2389 136 2414 6
155 2387 244 2422 γέρων
260 2396 267 2403 ·
287 2388 409 2424 Ὀρῶμεν
422 2389 467 2415 τὸν
490 2389 599 2424 Δανιὴλ,
620 2390 661 2415 ὅτι
675 2389 723 2424 οὐχ
740 2389 838 2425 εὑρέθη
853 2391 912 2416 κατ’

122 2434 207 2460 αὐτοῦ
217 2435 381 2470 κατηγορία,
397 2435 422 2461 εἰ
437 2435 474 2470 μὴ
487 2436 516 2461 ὲν
533 2437 592 2466 ταῖς
613 2435 793 2470 λειτουργίαις
809 2435 912 2471 Κυρίου

120 2479 178 2506 τοῦ
192 2478 260 2505 Θεοῦ
275 2480 367 2508 αὐτοῦ.

158 2526 206 2553 νδ’.
226 2523 311 2553 Εἶπεν
325 2527 339 2553 ὀ
356 2526 444 2558 ἀόὃᾶς
455 2525 570 2561 Ποιμὴν,
583 2526 624 2552 ὅτι
635 2526 672 2552 Τὸ
682 2526 788 2562 θέλημα
800 2525 846 2553 τοῦ
864 2527 912 2553 ἀν-

159 2617 182 2631 τ’
194 2616 235 2643 AI.
247 2616 360 2651 ὀφείλει.

417 2618 440 2632 ⁷³
453 2617 494 2643 Al.
515 2617 598 2644 inser.
613 2616 657 2642 διὰ
669 2617 778 2649 παντὸς.

124 2651 147 2667 ⁷⁸
163 2651 205 2678 ΑΙ.
231 2653 284 2679 ins.
309 2651 347 2678 δέ.

395 2653 419 2667 "
439 2651 520 2679 Prov.
540 2659 619 2684 xvnt,
639 2653 683 2679 15.

162 2740 217 2776 (i7)
279 2739 391 2776 Doroth.
407 2740 500 2776 Dat-tr.
516 2740 542 2772 7,
555 2745 578 2767 et
593 2739 642 2774 Ep.
659 2739 685 2766 8.

161 2775 217 2810 (18)
233 2775 285 2802 Vit.
296 2775 374 2810 Patr.
388 2783 433 2807 xv,
449 2775 494 2802 52.

161 2809 218 2847 με)
236 2810 288 2847 fit.
302 2809 379 2847 Patr.
395 2818 435 2842 ιιι,
448 2811 491 2837 15.

163 2845 217 2883 βο)
245 2845 297 2873 νει.
315 2845 394 2872 Patr.
410 2854 468 2878 χιιι,
483 2846 508 2872 6.

827 2618 849 2633 ⁷⁵
865 2619 907 2644 Al.
927 2619 1002 2646 αὐτό.
1050 2620 1074 2635 ⁷⁸
1090 2620 1133 2646 Al.
1148 2620 1301 2656 γινόμενον.

965 2258 1030 2283 tem.
1051 2253 1170 2280 securim
1185 2260 1246 2280 esse
1258 2252 1465 2280 discretionem.

1001 2299 1046 2326 55.
1062 2298 1119 2333 (22)
1133 2298 1230 2326 Frater
1248 2304 1425 2334 percontatus
1439 2303 1482 2326 est
1503 2299 1628 2326 abbatem
1644 2297 1752 2326 Ptnme-

966 2353 1040 2378 nem,
1058 2344 1153 2372 dicens
1169 2354 1175 2371 :
1192 2344 1278 2378 Quem
1296 2345 1323 2372 in
1339 2346 1449 2372 modum
1467 2344 1549 2373 debet
1563 2345 1645 2372 homo
1669 2345 1753 2372 vitam

968 2389 1133 2417 instituere?
1148 2389 1181 2416 Et
1194 2389 1227 2416 ad
1244 2398 1305 2417 eum
1321 2398 1419 2418 senex:
1433 2389 1579 2417 Cernimus
1595 2389 1752 2423 Danielem;

967 2443 1024 2462 non
1042 2435 1133 2471 potuit
1147 2436 1262 2462 inveniri
1277 2440 1371 2463 contra
1388 2436 1463 2463 illum
1479 2436 1629 2468 accusatio,
1655 2435 1708 2464 nisi
1723 2436 1752 2463 in

967 2482 1042 2508 cultu
1059 2489 1140 2516 quem
1161 2482 1307 2509 exhibebat
1321 2482 1437 2510 Domino
1453 2481 1509 2510 Deo
1526 2490 1586 2510 suo.

1002 2527 1046 2554 54.
1062 2527 1119 2562 (25)
1137 2527 1211 2555 Dixit
1227 2529 1311 2556 abbas
1330 2528 1459 2557 Poemen:
1470 2528 1603 2558 Voluntas
1632 2529 1754 2559 hominis

1374 2621 1395 2636 ⁷⁷
1412 2621 1455 2648 Al.
1474 2620 1595 2657 δώσομεν
1613 2625 1640 2649 et
1652 2621 1753 2657 δῶμεν.

1008 2738 1064 2773 (21)
1084 2739 1138 2766 Vit.
1154 2738 1228 2766 Patr.
1245 2748 1272 2771 x,
1288 2739 1331 2767 59.

1007 2774 1063 2809 tea)
1084 2774 1137 2801 vn.
1150 2774 1227 2802 Patr.
1247 2784 1265 2808 ι,
1283 2776 1325 2802 t5.

1006 2810 1067 2846 (25)
1089 2809 1141 2836 Vit.
1165 2809 1241 2837 Patr.
1268 2819 1295 2842 x,
1324 2810 1376 2844 60;
1399 2811 1516 2840 Doroth.
1547 2811 1639 2838 Doclr.
1663 2810 1699 2846 ὃς
1719 2808 1752 2841 8.

965 2845 1081 2873 Ammot'a
1114 2853 1142 2873 ιι.
1159 2845 1185 2873 ι.
