1970 3074
204 171 261 201 535

798 165 970 194 APPENDIX
990 165 1036 193 AD
1053 164 1268 194 PALLADIUM.

1781 165 1835 193 538

206 236 303 256 murus
321 231 362 254 est
388 234 481 254 mneus
510 226 581 253 inter
599 226 686 261 ipsum
717 232 749 252 ac
768 224 867 256 Deum,
889 232 995 252 necnon

1056 225 1158 260 iptbmu
1178 224 1267 260 τεῖχός
1282 224 1338 250 ἐστι
1353 225 1470 259 χαλκοῦν
1485 224 1621 259 ἀναμέσον
1633 223 1716 251 αὐτοῦ
1732 224 1778 250 καὶ
1789 223 1837 250 τοῦ

207 279 283 310 petra
299 273 494 309 repercutiens.
510 272 577 299 Cum
593 272 676 306 igitur
700 278 759 298 eam
793 271 876 298 homo
894 271 993 298 dereli—

207 321 311 357 querit,
328 320 388 355 ipse
420 319 502 346 etiam
529 318 619 346 dicet:
644 317 677 344 In
702 317 756 344 Deo
772 325 829 344 meo
861 322 995 352 transgre-

208 367 274 394 diar
309 374 414 393 murum
425 365 460 393 ⁸⁸.
499 365 593 400 itaque
633 365 655 392 si
693 364 801 399 justitia
834 365 995 391 convenerit

209 420 271 439 cum
289 412 440 442 voluntate,
456 410 562 437 laborat
574 410 668 436 homo.

244 458 289 486 55.
308 458 363 494 (24)
380 457 488 484 Relatio
501 455 623 490 ejusdem
637 464 644 482 :
667 453 833 482 Sedentibus
847 452 995 488 aliquando

209 504 323 532 senibus
338 508 366 530 ct
379 501 619 531 manducantibus,
636 500 726 527 stabat
753 499 787 526 ad
811 499 994 526 ministerium

209 550 294 577 abbas
326 548 457 579 Alonius,
487 554 568 581 quem
594 544 717 572 videntes
737 544 926 572 laudaverunt.
949 544 996 571 l'le

210 603 273 623 vero
286 595 353 622 nihil
370 594 479 629 penitus
493 592 642 627 respondit.
659 591 744 626 Igitur
756 590 907 618 nonnullus
923 597 996 618 seor-

209 649 270 669 sum
287 640 356 668 dixit
369 641 394 668 ei
410 649 416 666 :
433 639 524 672 Quare
540 646 594 665 non
621 637 788 672 respondisti
812 637 925 664 senibus
948 636 996 670 qui

209 692 236 716 te
250 686 419 715 laudabant?
436 685 549 720 Excepit
563 684 649 712 abbas
676 683 792 710 Alonius
809 691 817 709 :
846 681 875 710 Si
891 682 931 710 eis
947 681 995 709 de-

209 734 311 762 dissem
327 739 501 767 responsum,
519 731 596 758 visus
614 737 704 757 essem
725 729 821 756 laudes
839 729 994 756 admittere.

243 779 288 807 56.
307 778 364 814 (25)
380 778 452 805 Dixit
466 778 564 805 iterum
578 786 584 803 :
604 775 735 804 Homines
751 775 864 810 perfecti
888 777 953 802 sunt
969 775 996 801 in

208 824 327 860 loquela,
341 823 447 851 minimi
469 823 496 850 iu
515 822 684 858 operatione.

192 903 196 906 ι
243 870 288 898 57.
306 870 362 903 (26)
379 869 471 896 Abbas
484 867 597 896 Paemen
617 867 703 894 dixit:
723 866 800 894 Sicut
827 866 920 893 fumus
944 873 994 892 ex-

207 915 284 950 pellit
300 922 376 950 apes.
392 918 513 948 tuncque
523 912 625 947 opificii
639 919 734 939 earum
745 911 850 938 tollitur
861 910 996 937 dulcedo:

209 947 246 987 ita
259 964 287 987 et
302 947 455 995 corporalis
468 947 546 994 quies
558 958 685 985 timorem
701 956 746 984 Dei
761 957 835 991 ejicit
848 964 881 984 ex
892 957 995 989 anima,
1012 947 1033 973 Β

208 1011 391 1041 cunctamque
410 1006 472 1040 ejus
489 1005 676 1040 operationem
694 1003 830 1031 dissolvit.

245 1094 290 1121 58.
314 1093 371 1127 (27)
399 1091 494 1120 Frater
525 1089 655 1118 convenit
686 1088 813 1116 abbatem
840 1086 996 1114 Pmmenem

210 1140 331 1168 secunda
355 1136 578 1174 Quadragesimae
603 1135 773 1164 hebdomada
788 1143 796 1167 ;
814 1141 932 1168 cumque
951 1134 998 1160 de-

210 1185 324 1213 texisset
341 1184 460 1220 cogitata
479 1189 540 1214 sua,
559 1187 586 1209 et
603 1181 725 1216 requiem
751 1179 914 1211 invenisset,
937 1179 996 1206 ait:

209 1230 283 1260 Pene
305 1230 409 1258 detinui
425 1237 468 1257 me
492 1236 527 1256 ne
542 1228 596 1255 huc
609 1227 731 1255 venirem
756 1225 847 1253 hodie.
873 1224 945 1252 Dixit
972 1225 997 1252 ei

211 1285 311 1306 senex:
338 1276 418 1304 Cur?
442 1275 475 1303 Et
498 1275 601 1302 frater:
626 1272 759 1308 Reputavi
787 1279 853 1299 num
886 1276 998 1307 propter

210 1322 452 1358 Quadragesimam
474 1320 542 1348 mihi
559 1327 614 1347 non
631 1319 795 1354 aperiretur.
814 1317 891 1345 Tunc
913 1318 998 1345 abbas

211 1369 327 1397 Paemen
347 1378 353 1396 :
374 1368 440 1400 Nos,
472 1367 571 1402 inquit,
598 1374 654 1393 non
680 1364 827 1392 didicimus
845 1365 946 1392 ostium
963 1364 998 1391 li-

211 1423 309 1451 gneum
329 1415 467 1447 claudere,
482 1412 531 1441 sed
541 1413 633 1448 potius
648 1412 748 1447 linguae
764 1410 890 1446 januam.

245 1505 289 1533 59.
305 1504 361 1540 (‘28)
375 1503 480 1531 Monuit
496 1503 578 1530 etiam
599 1501 684 1528 abbas
710 1499 822 1528 Poemeu
836 1509 843 1526 :
860 1499 998 1534 Fugienda

211 1557 276 1579 sunt
292 1557 434 1586 corporea.
452 1548 568 1582 Quando
583 1548 656 1575 enim
671 1547 755 1574 homo
774 1554 860 1582 prope
872 1550 915 1573 est
937 1553 999 1573 cor-

210 1596 334 1633 poralem
361 1593 606 1630 impugnationem,
638 1592 808 1620 assimilatur
837 1591 894 1617 viro
921 1591 998 1625 juxta

211 1644 302 1670 lacum
321 1641 566 1677 profundissimum
578 1639 672 1670 stanti,
685 1646 766 1673 quem
783 1638 911 1664 inimicus
926 1638 998 1672 ejus,

211 1696 377 1725 quacunque
408 1687 477 1714 hora
499 1686 589 1713 visum
608 1684 706 1716 fuerit,
727 1684 807 1711 facile
830 1683 941 1718 dejiciet
968 1691 999 1710 ac

212 1738 365 1772 immerget.
383 1735 462 1769 Quod
478 1735 501 1762 si
516 1742 531 1761 a
542 1733 683 1768 corporeis
695 1732 778 1760 rebus
792 1731 888 1766 procul
905 1729 997 1760 fuerit,

213 1783 310 1811 similis
325 1787 367 1810 est
383 1783 443 1809 viro
456 1780 504 1816 qui
520 1781 600 1815 longe
625 1780 705 1806 abest
721 1786 736 1805 a
753 1779 812 1805 lacu
826 1786 833 1810 ;
850 1781 880 1804 ut
902 1783 1000 1811 quam—

212 1830 255 1856 vis
271 1829 385 1857 traxerit
402 1836 463 1856 eum
482 1827 571 1855 hostis
588 1826 622 1853 ad
640 1825 833 1860 praecipitium,
850 1823 916 1851 dum
940 1827 1000 1850 tra~

212 1875 254 1903 hit
269 1882 302 1902 ac
316 1875 371 1901 vim
388 1873 480 1905 infert,
494 1873 566 1900 Deus
583 1871 675 1898 mittat
694 1871 719 1898 ei
737 1870 880 1898 auxilitum.

248 1921 294 1949 60.
316 1916 371 1956 (29)
402 1920 474 1947 Dixit
498 1920 618 1947 iterum:
649 1917 817 1952 Paupertas,
840 1914 999 1947 tribulatio,

214 1966 351 2002 angustia,
365 1965 513 2000 jejunium,
545 1964 604 1991 haec
631 1968 695 1990 sunt
708 1963 771 1990 vitae
800 1961 930 1989 solitaria:
959 1960 1000 1986 iu-

215 2017 378 2041 strumenta.
394 2010 533 2045 Scriptum
546 2014 588 2038 est
603 2009 677 2037 enim
691 2018 697 2035 :
721 2007 751 2035 Si
781 2008 879 2043 fuerint
904 2011 954 2034 tres
974 2006 1001 2032 III'

215 2059 276 2088 viri.
292 2057 361 2089 Noe,
378 2056 430 2084 Job
451 2060 476 2083 et
489 2055 595 2087 Daniel,
616 2055 672 2082 ιπὶνο
685 2053 815 2089 ego,dicit
828 2052 957 2079 Dominus
965 2052 1000 2078 ".

216 2105 272 2132 Noe
287 2111 433 2140 personam
459 2111 490 2130 ac
508 2102 622 2137 ﬁguram
648 2101 718 2136 gerit
743 2099 909 2127 voluntaria:
935 2105 1003 2133 pau-

216 2151 353 2186 pertatis;
372 2149 434 2181 Job,
454 2148 584 2180 laboris;
614 2146 727 2178 Daniel,
759 2145 945 2173 discretionis.
973 2144 1002 2170 Si

217 2205 282 2232 ergo
296 2197 323 2224 hi
339 2200 395 2224 tres
411 2200 490 2223 actus
504 2195 532 2222 in
551 2194 662 2221 homine
677 2192 847 2224 exstiterint,
871 2191 1003 2218 Dominus

217 2243 322 2270 habitat
337 2243 365 2269 in
382 2249 425 2269 eo.

1048 271 1128 304 Θεοῦ,
1143 271 1189 297 καὶ
1214 270 1301 305 πέτρα
1324 270 1509 304 ἀντιδέρουσα.
1532 270 1594 295 Ἐὰν
1618 267 1663 295 οὖν
1687 269 1837 304 καταλείψῃ

1048 316 1114 343 αὑτδ
1135 315 1285 350 ἄνθρωπος,
1306 315 1379 349 λέγει
1401 316 1447 342 καὶ
1466 315 1557 347 αὐτὸς,
1575 316 1625 342 Ἑν
1643 315 1682 348 τῷ
1703 315 1763 347 Θεῴ
1776 323 1837 348 μου

1048 361 1254 396 ὑπερϐήσομαι
1268 361 1375 396 τεῖχος.
1396 362 1460 388 Ἐὰν
1471 359 1517 388 οὖν
1529 361 1560 388 τὸ
1570 361 1706 397 δικαίωμα
1724 362 1836 398 συνέλθῃ

1049 408 1087 443 τῷ
1101 408 1244 443 θελήματι,
1262 407 1360 443 κάμνει
1371 408 1385 433 ὁ
1396 407 1549 443 ἄνθρωπος.

1084 452 1130 479 νε’.
1151 450 1220 479 Εἶπε
1236 453 1328 484 πάλιν,
1343 453 1384 479 ὅτι
1403 452 1601 488 Καθεζομένων
1615 453 1679 479 ποτὲ
1703 453 1837 488 γερόντων

1049 499 1097 526 καὶ
1109 498 1264 530 ἐσθιόντων,
1282 499 1374 525 ἵστατο
1398 498 1565 534 ὑπηρετῶνὸ
1580 499 1665 530 ἀὸὃᾶς
1688 498 1812 530 Ἀλώνιος
1829 507 1836 513 ⁸

1050 544 1097 571 καὶ
1124 543 1222 576 ίδόντες
1244 544 1326 571 αὑτὸν
1349 543 1496 579 ἐπῄνεσαν.
1512 544 1541 570 '0
1557 544 1586 570 δὲ
1612 545 1643 570 τὸ
1667 543 1774 570 σύνολον
1789 544 1839 570 οὑκ

1049 589 1197 626 ἀπεκρίθη.
1213 590 1295 624 Λέγει
1319 587 1366 616 οὖν
1381 589 1455 625 αὐτῷ
1470 598 1511 621 τις
1526 590 1586 616 κατ’
1600 590 1666 616 ἰδίαν
1679 598 1685 604 ·
1697 590 1772 617 Aturi
1788 590 1840 617 οὐκ

1049 635 1202 670 ἀπεκρίθης
1215 636 1271 666 τοῖς
1284 635 1410 670 γέρουσιν
1428 634 1567 661 ὲπαινοῦσί
1582 643 1611 661 σε
1624 643 1630 667 ;
1644 635 1727 668 Λέγει
1739 635 1812 670 αὐτῷ
1824 634 1839 660 ὁ

1050 681 1136 713 ἀόὅᾶς
1158 680 1300 712 Ἀλώνιος’
1315 681 1347 707 Et
1358 680 1510 717 ἀπεκρίθην
1527 681 1629 714 αὐτοῖς,
1644 681 1807 716 εὑρίσκομαι
1815 681 1838 696 ⁸³

1049 726 1086 758 ὡς
1102 726 1318 762 καταδεξάμενος
1336 727 1381 753 τὸν
1393 727 1513 754 ἔπαινον.

1085 775 1140 804 νς’.
1160 770 1227 799 Εἶπε
1237 772 1328 805 πάλιν,
1340 773 1381 799 ὅτι
1396 773 1428 799 0t
1440 773 1578 808 ἅνθρωποι
1587 772 1616 798 ὲν
1633 772 1674 808 τῷ
1686 772 1782 808 τελείῳ
1792 772 1840 798 λα-

1050 817 1135 850 λοῦσι,
1152 818 1199 844 καὶ
1211 819 1239 844 ὲν
1251 817 1290 853 τῷ
1302 817 1434 853 ἐλαχίστῳ
1447 817 1617 854 ἐργάζονται.

1085 863 1133 895 νζ.
1153 862 1237 890 Εἶπεν
1253 865 1267 890 ὁ
1282 864 1368 896 ὰεὸᾱς
1387 864 1502 899 Ποιμὴν.
1517 866 1558 891 ὅτι
1576 865 1680 900 Ὥσπερ
1699 865 1713 891 ὁ
1739 863 1840 895 καπνὸς

1047 909 1172 936 ἐκδιώκει
1191 910 1240 942 τὰς
1253 911 1384 946 μελίσσας
1394 931 1401 943 ,
1417 911 1464 937 καὶ
1480 911 1539 937 τότε
1561 911 1666 946 αἴρεται
1689 911 1739 946 τῆς
1755 912 1840 947 ἔργα·

1049 955 1109 987 σίας
1119 955 1209 982 αὐτῶν
1224 956 1240 991 ἡ
1256 955 1393 991 γλυκύτης
1406 965 1414 971 ”
1431 956 1516 988 οὕτως
1529 957 1576 983 καὶ
1591 958 1608 991 ὴ
1625 958 1767 992 σωματικὴ
1775 956 1841 983 ἀνά-

1049 1009 1149 1033 παυσις
1159 1002 1285 1028 ἐκδιώκει
1301 1003 1348 1029 τὸν
1364 1002 1446 1036 φόῦον
1461 1002 1508 1029 τοῦ
1531 1002 1599 1029 Θεοῦ
1613 1002 1668 1029 ἀπὸ
1679 1002 1729 1037 τῆς
1739 1001 1839 1037 ψυχῆς,

1049 1047 1096 1074 καὶ
1108 1047 1220 1074 ἀπολύει
1237 1048 1322 1083 αὐτῆς
1345 1046 1436 1074 τὲᾶσαν
1450 1048 1500 1082 τὴν
1514 1048 1537 1063 ⁸³
1554 1048 1685 1083 ἐργασίαν

1085 1097 1135 1129 νην.
1161 1093 1287 1129 Ἀδελφδς
1302 1094 1440 1130 παρὲἣαλε
1462 1094 1501 1130 τῷ
1518 1094 1590 1130 esse
1613 1094 1726 1128 Ποιμένι
1740 1095 1780 1125 είς
1791 1094 1841 1126 τὰς

1047 1139 1094 1166 δύο
1111 1139 1261 1174 ἑϐδομάδας
1274 1142 1324 1175 τῆς
1334 1141 1571 1176 Τεσσαρακοστῆς,
1587 1141 1633 1167 καὶ
1652 1140 1765 1173 ἐξειπὼν
1779 1141 1842 1171 τοὺς

1048 1185 1194 1221 λογισμοὺς
1218 1186 1311 1219 αὑτοῦ,
1333 1187 1380 1214 καὶ
1402 1186 1491 1221 τυχὼν
1507 1186 1697 1218 ἀναπαύσεως,
1708 1186 1781 1219 λέγει
1793 1186 1844 1212 αὑ-

1048 1231 1101 1267 τῷ·
1116 1232 1194 1268 Παρὰ
1215 1232 1302 1269 βραχὺ
1319 1232 1706 1267 κατεσχέθηννπαραγενέσθαι
1727 1228 1778 1258 ὧδε
1792 1231 1844 1266 σή-

1051 1286 1143 1313 μερον.
1164 1278 1245 1312 Λέγει
1265 1278 1338 1314 αὐτῷ
1354 1280 1368 1305 ὁ
1385 1278 1474 1314 γέρων
1489 1286 1496 1293 ·
1518 1278 1613 1310 Διατί;
1630 1278 1712 1312 Λέγει
1728 1278 1742 1304 ὁ
1764 1277 1843 1304 ἀδελ-

1049 1324 1098 1358 φός
1109 1333 1115 1339 ·
1129 1323 1212 1351 Εἶπον
1235 1324 1271 1356 ³⁸,
1295 1325 1400 1359 μήποτε
1417 1324 1462 1350 διὰ
1483 1323 1533 1359 τὴν
1549 1323 1777 1358 Τεσσαρακοστὴν
1792 1323 1844 1350 οὐκ

1049 1370 1185 1404 ἀνοίγεταί
1200 1379 1255 1405 μοι.
1277 1370 1359 1404 Λέγει
1381 1370 1480 1405 αὐτῷὸ
1492 1370 1580 1403 ἀὸσᾶς
1599 1370 1706 1406 Ποιμήν
1720 1379 1727 1386 ο
1748 1370 1845 1406 Ἥμεξ

1049 1415 1098 1442 οὒκ
1108 1415 1247 1451 ἐμάθομεν
1265 1415 1366 1442 κλείειν
1383 1417 1432 1451 τὴν
1449 1415 1558 1452 ξυλίνην
1578 1416 1673 1451 θύραν,
1691 1415 1761 1442 ἀλλά
1775 1416 1844 1452 μᾶλ-

1050 1461 1094 1487 λον
1106 1461 1156 1496 τὴν
1173 1461 1224 1496 τῆς
1239 1461 1364 1496 γλώσσης
1376 1461 1471 1496 θύραν.

1085 1507 1133 1534 νϐ’.
1149 1506 1216 1534 Εἷπε
1239 1508 1319 1535 πάλιν
1340 1509 1354 1534 ὁ
1368 1509 1455 1540 assa;
1480 1509 1598 1544 Ποιμήν⁸
1612 1508 1726 1543 Φεὺγειν
1746 1509 1788 1535 δεῖ
1809 1508 1847 1535 τὰ

1051 1554 1204 1588 σωματικά.
1215 1555 1300 1581 Ὅταν
1313 1554 1367 1590 γὰρ
1381 1552 1406 1580 εἴ
1416 1555 1482 1589 (δι’)
1494 1555 1635 1590 ἄνθρωπος
1643 1555 1726 1589 ἐγγὺς
1736 1554 1782 1581 τοῦ
1792 1563 1847 1580 σω-

1013 1616 1034 1643 C
1053 1600 1166 1635 ματικοῦ
1183 1600 1313 1635 πολέμου,
1331 1601 1418 1627 ἔοικεν
1434 1601 1512 1636 ἀνδρὶ
1528 1602 1654 1636 στήκοντι
1670 1601 1762 1628 ἐπάνω
1777 1600 1846 1627 λάκ-

1050 1655 1100 1673 κου
1116 1646 1264 1681 βαθυτάτου
1276 1655 1282 1661 ·
1300 1646 1347 1672 καὶ
1359 1646 1418 1672 οἵαν
1435 1647 1457 1672 δ’
1477 1647 1510 1674 ἂν
1531 1647 1605 1683 ὥραν
1621 1647 1683 1682 δόξῃ
1697 1647 1735 1683 τῷ
1756 1646 1848 1683 ἐχθρῷ

1051 1692 1144 1724 αὖτοῦ,
1159 1692 1278 1724 εὐκόλως
1290 1691 1372 1719 αὑτὸν
1392 1692 1484 1728 ῥίπτει
1498 1692 1583 1720 κάτω.
1606 1693 1667 1719 Ἐὰν
1680 1693 1708 1719 δὲ
1725 1702 1848 1728 σωματι-

1051 1737 1106 1764 κῶν
1124 1737 1232 1772 μακρὰν
1251 1735 1280 1774 ᾗ,
1297 1737 1384 1764 ἔοικεν
1408 1737 1486 1772 ἀνδρὶ
1511 1737 1620 1773 μακρὰν
1642 1738 1772 1773 ἀπέχοντι
1797 1738 1847 1765 τοῦ

1050 1783 1162 1815 λάκκου,
1181 1783 1225 1810 ἴνα
1242 1783 1293 1810 κᾶν
1306 1783 1372 1818 ἕλκῃ
1388 1783 1468 1810 αὑτὸν
1480 1785 1494 1810 ὁ
1508 1783 1602 1818 ἐχθρὸς
1617 1783 1706 1819 βαλεῖν
1721 1784 1805 1816 κάτω,
1817 1785 1848 1810 ἐν

1050 1830 1106 1865 ὅσῳ
1125 1829 1206 1856 αὑτὸν
1217 1829 1292 1856 ἕλκει
1302 1830 1349 1857 καὶ
1365 1830 1500 1865 βιάζεται,
1513 1831 1527 1856 ὁ
1539 1830 1605 1862 Θεὸς
1622 1830 1781 1857 ἀποστέλλει
1795 1831 1849 1858 αὺ-

1051 1876 1091 1912 τῷ
1110 1875 1248 1912 βοήθειαν.

1087 1921 1118 1954 ξ’.
1139 1919 1208 1948 Eia-re
1231 1921 1325 1948 πάλιν·
1341 1922 1373 1948 Ἦ
1389 1921 1468 1948 πενία
1492 1922 1540 1948 καὶ
1559 1923 1576 1956 ἡ
1592 1921 1681 1956 θλίψις
1697 1922 1744 1949 κα)⁸
1758 1922 1775 1952 ἡ
1789 1930 1849 1948 στε-

1052 1967 1171 2003 νοχωρία
1184 1967 1232 1994 καὶ
1249 1968 1266 2002 ἡ
1287 1967 1411 2003 νηστεία,
1422 1967 1510 1994 ταῦτά
1529 1968 1581 1994 εἱσι
1597 1968 1632 1994 τὰ
1655 1968 1782 2004 ἐργαλεῖα
1793 1968 1852 1994 τεοῦ

1054 2012 1188 2047 μονήρους
1214 2011 1284 2047 βίου.
1305 2012 1460 2048 Γέγραπται
1486 2011 1552 2048 γὰρ,
1576 2013 1618 2039 ὅτι
1639 2012 1708 2040 Ἐὰν
1722 2011 1798 2040 ὦσιν
1817 2015 1850 2040 οὶ

1052 2058 1133 2092 τρεῖς
1150 2056 1232 2086 οὗτοι
1256 2057 1373 2092 ἄνδρες,
1397 2057 1480 2088 Νῶε.
1505 2057 1573 2085 Ἰὼϐ
1592 2058 1643 2085 καὶ
1670 2059 1794 2093 Δανιὴλ,
1809 2059 1854 2090 ζῶ

1053 2104 1120 2139 ἐγὼ,
1134 2103 1215 2139 λέγει
1235 2104 1352 2137 Κύριος.
1364 2103 1425 2130 Νῶε
1443 2103 1590 2139 πρόσωπόν
1615 2105 1674 2130 ὲστι
1691 2105 1740 2139 τῆς
1758 2105 1848 2139 ἀκτη-

1055 2150 1185 2186 μοσύνης,
1207 2149 1267 2176 ’1ὼὸ
1279 2149 1307 2176 δὲ
1316 2150 1362 2176 τοῦ
1384 2150 1477 2182 πόνου,
1494 2150 1543 2176 καὶ
1558 2150 1658 2185 Δανιὴλ
1673 2151 1722 2185 τῆς
1738 2151 1849 2185 διακρί-

1054 2204 1132 2228 σεως.
1153 2195 1216 2223 Ἐὰν
1231 2193 1278 2222 οὖν
1301 2192 1368 2222 ὦσιν
1386 2196 1414 2222 αἱ
1433 2197 1509 2232 τρεῖς
1529 2192 1608 2223 αὗται
1632 2195 1745 2232 πράξβις
1766 2197 1795 2223 ὲν
1807 2197 1854 2232 τῷ-

1053 2239 1200 2276 ἀνθρώπῳ,
1215 2240 1229 2266 ὁ
1242 2240 1344 2276 Κύριος
1354 2241 1424 2267 οίκεῖ
1437 2241 1466 2267 ὲν
1485 2240 1569 2277 αὐτῷ.

252 2289 297 2317 61.
313 2289 370 2324 (50)
381 2287 486 2315 Retulit
499 2285 591 2313 abbas
607 2283 708 2319 Joseph
720 2293 728 2311 :
741 2283 905 2311 Sedenlihus
923 2283 998 2310 nobis

1090 2286 1141 2320 ξα’.
1154 2286 1266 2320 Ἔλεγεν
1279 2287 1293 2312 ὁ
1303 2286 1389 2318 ἁὸὃᾶς
1409 2287 1519 2322 Ἰωσὴφ,
1531 2287 1571 2313 ὃτι
1585 2286 1662 2322 Καθη
1667 2286 1754 2320 μένων
1768 2286 1849 2322 ἡμῶν

217 2343 279 2362 cum
286 2335 384 2362 abbate
395 2333 534 2365 Pmmene,
542 2338 640 2358 nomen
652 2330 758 2357 abbatis
769 2330 905 2365 Agathoni
917 2330 1002 2357 dedit.

218 2381 341 2409 Dicimus
359 2379 405 2407 ei:
425 2378 525 2406 Junior
548 2381 601 2409 est,
629 2384 714 2412 quare
733 2384 795 2403 eum
815 2384 897 2403 vocas
922 2377 1005 2403 abba-

219 2426 295 2454 tem?
310 2424 464 2460 Respondit
481 2424 568 2451 abbas
583 2423 692 2450 l’remen
708 2430 715 2449 :
733 2421 802 2455 Quia
820 2429 851 2450 os
868 2423 928 2458 ejus
941 2422 1006 2450 fecit

218 2479 281 2500 eum
294 2471 421 2499 abbatem
438 2469 579 2506 appellari.

253 2562 298 2590 62.
314 2560 370 2597 (51)
389 2560 469 2587 Venit
486 2559 633 2594 aliquando
649 2567 682 2586 an
699 2560 826 2587 abbatem
847 2559 1003 2587 Ptemenem

221 2608 316 2640 frater,
332 2613 360 2635 et
377 2607 415 2633 ait
435 2607 473 2633 illi
489 2614 496 2632 :
518 2605 588 2638 Quid
605 2613 694 2640 agam,
710 2605 801 2638 Pater,
821 2606 887 2640 quia
907 2613 922 2632 a
949 2605 1004 2633 for-

256 2686 278 2702 ”
299 2685 371 2713 Psal.
383 2692 450 2711 XVII.
464 2685 508 2712 30.
547 2684 568 2700 ⁸¹
585 2683 681 2711 EzeclI.
697 2692 753 2715 xIv,
768 2684 813 2716 u,
826 2683 871 2711 20.
910 2684 932 2700 ⁵¹
948 2683 990 2710 AI.

1056 2683 1193 2719 ῡισκόμῃν.
1231 2684 1254 2700 ⁸³
1265 2685 1307 2712 Al.
1323 2685 1439 2721 ἀγαθήν.

267 2753 313 2787 21)
330 2752 383 2779 Vit.
399 2750 477 2779 Patr.
492 2760 537 2784 xv,
556 2751 608 2783 59;
623 2751 735 2778 Doroth.
755 2751 846 2778 Doclr.
859 2751 885 2778 5.

267 2756 313 2787 at)
332 2756 383 2779 vn.
399 2756 477 2779 Patr.
492 2760 537 2784 xv,
556 2756 607 2783 59;

257 2756 315 2823 225)
331 2787 382 2823 Vjt.
400 2787 475 2823 Ifatr.
490 2795 547 2818 VIII,
561 2787 607 2823 14.

260 2823 316 2857 (26)
333 2822 385 2848 Vit.
403 2822 478 2857 Patr.
490 2831 527 2851 Iv.
539 2822 583 2849 59.

259 2858 315 2891 (27)
332 2857 384 2884 Vit.
398 2856 475 2884 Patr.
491 2865 550 2889 xm,
566 2858 593 2884 5.

261 2889 316 2928 (28)
332 2892 384 2919 Vit.
397 2891 476 2919 Patr.
490 2900 516 2925 x,
534 2893 559 2925 1,
577 2893 619 2925 1'2,
638 2891 754 2919 Miscell.
772 2891 851 2919 Voss.
865 2899 892 2926 p.
910 2889 971 2918 132.

1057 2333 1127 2368 μετά
1141 2332 1187 2359 τοῦ
1203 2332 1276 2359 (16ὁᾶ
1292 2332 1432 2367 Ποιμένος,
1452 2333 1576 2368 ὠνόμασε
1597 2334 1642 2359 τὸν
1658 2333 1745 2360 ἁϐϐᾶν
1767 2334 1851 2367 Ἀγά-

1057 2378 1138 2404 Θωνα.
1162 2378 1218 2405 Καὶ
1239 2377 1354 2413 λέγομεν
1373 2378 1446 2413 αὐτῷ
1459 2386 1465 2392 ”
1477 2378 1618 2414 Νεὼτερός
1631 2380 1700 2410 ἐστι.
1711 2380 1758 2405 καὶ
1777 2379 1851 2406 διατί

1056 2423 1150 2454 καλεῖς
1172 2422 1253 2449 αὐτὸν
1282 2423 1388 2455 ἁϐὃᾶνς
1409 2423 1464 2450 Καὶ
1484 2421 1560 2450 εἶπεν
1580 2424 1594 2449 ὁ
1615 2423 1700 2454 ἀὸὀᾶς
1722 2424 1848 2460 Ποιμήν·

1060 2467 1122 2495 ’Ότι
1141 2468 1172 2495 τὸ
1194 2469 1281 2504 στόμα
1302 2468 1384 2495 αὑτοῦ
1400 2469 1528 2504 ἐποίησεν
1549 2469 1630 2496 αὐτὸν
1645 2469 1786 2497 καλεῖσθαι
1800 2470 1852 2496 a6-

1058 2514 1120 2542 δᾶν.

1093 2560 1143 2596 ξβ’.
1161 2557 1247 2588 Ἧλθέ
1261 2570 1326 2588 ποτε
1345 2561 1458 2596 ἀδελφὸς
1477 2562 1546 2598 πρὸς
1555 2562 1601 2589 τὸν
1617 2562 1703 2590 ἀεϐᾱν
1716 2563 1852 2598 Ποιμένα,

1058 2607 1105 2633 καὶ
1117 2606 1189 2641 λέγει
1203 2607 1277 2642 αὐτῷ
1287 2614 1294 2621 '
1311 2607 1344 2634 Τί
1355 2609 1472 2643 ποιήσω,
1485 2609 1586 2645 Πάτερ.
1597 2609 1638 2636 ὅτι
1654 2609 1780 2645 θλίϐομαι
1794 2609 1858 2636 ἀπὸ

1493 2687 1515 2702 ⁸⁸
1531 2687 1573 2713 Al.
1601 2686 1743 2713 ὑπέλαϐον.

1097 2752 1154 2788 (29)
1169 2752 1228 2788 Υἱι.
1239 2752 1315 2788 Patr.
1332 2761 1351 2785 I,
1364 2753 1408 2782 η.

1096 2787 1152 2822 (50)
1168 2787 1220 2814 Vit.
1232 2787 1308 2814 Patr.
1325 2797 1370 2819 xv.
1389 2790 1433 2816 40.

1096 2823 1153 2858 (51)
1172 2822 1224 2858 Vit.
1239 2823 1315 2852 Patr.
1328 2832 1344 2851 v
1369 2824 1385 2851 9

1097 2857 1166 2894 (51⁸)
1183 2857 1253 2894 Lege
1270 2860 1297 2894 ῇ.
