1970 3074
112 174 159 202 ὅῦἹ

692 175 996 205 APOPHTIIEGMATA
1016 178 1169 207 PATRUM.

1681 176 1735 204 558

111 232 158 266 τῆς
178 231 306 266 πορνείας
319 239 325 246 ·
345 232 391 258 καὶ
416 232 470 258 ἰδοὺ
494 231 615 267 ἀπῆλθον
638 233 706 268 πρὸς
728 232 814 261 ἀδὸᾶν
838 235 900 262 Ἶὸι-

964 236 1089 264 ricatione
1104 236 1208 272 afﬂigar
1221 244 1229 269 ;
1246 239 1273 264 et
1287 242 1352 264 ecce
1365 235 1473 271 perrexi
1488 235 1521 269 ad
1549 235 1673 264 abbatem
1687 235 1736 262 Ibi-

111 281 219 308 στιωνα,
233 278 279 304 καὶ
292 277 365 311 λέγει
383 286 437 312 μοι·
455 278 511 305 Οὐκ
521 278 637 313 ὀφείλεις
648 279 727 305 ὲᾶσαι
737 281 820 316 αὐτὴν
836 289 899 317 χρο-

112 322 192 353 νίζειν
211 323 257 349 ἐπὶ
280 322 321 350 σέ.
336 323 417 356 Λέγει
435 324 509 359 αὐτῷ
524 324 538 350 ὁ
552 324 639 354 ἀϐὃᾶς
653 325 760 361 Ποιμήν
775 334 782 341 ·
800 327 899 360 Ἀὃὸᾶς

119 368 255 401 Ἰειστίων,
272 370 300 395 αἱ
320 369 432 404 πράξεις
450 369 532 396 αὐτοῦ
551 370 607 397 ἄνω
619 370 642 386 ⁸⁵
657 371 727 406 μετὰ
746 372 800 399 τῶν
815 373 893 407 ἀγγέ-

113 414 164 440 λων
187 415 251 447 είσὶ,
267 415 314 441 καὶ
337 415 463 442 λανθάνει
487 415 567 442 αὑτὸν
587 416 629 443 ὃτι
643 417 699 451 ἐγὼ
710 418 800 444 καὶσὺ
820 419 848 444 ἐν
865 420 898 454 τῇ

113 461 223 496 πορνείᾳ
246 460 340 496 ἐσμέν.
366 461 428 487 Ἐὰν
447 462 573 498 κρατήσῃ
593 463 709 498 μοναχὺς
731 464 779 499 τὴν
796 465 900 491 κοιλίαν

113 507 157 532 καὶ
170 505 218 541 τὴν
229 506 366 540 γλῶσσαν,
381 507 428 532 καὶ
438 506 486 542 τὴν
497 506 639 540 Εενιτείαν,
651 508 757 544 θάρσει,
769 510 817 536 οὐκ
830 511 900 537 ἀπο-

112 552 230 587 θνήσκει.

146 597 195 632 ξγ¹.
215 595 299 624 Εἶπεν
313 598 327 624 ὁ
337 598 424 630 ἀϐϐᾶς
442 599 548 634 Ποιμήν
561 607 566 613 ·
581 599 689 632 Δίδαξον
704 602 734 628 τὸ
749 602 835 637 στόμα
853 611 899 629 σου

110 642 200 669 λαλεῖν
215 643 232 670 ἃ
246 643 301 678 ἔχει
317 645 332 679 ή
355 644 455 679 καρδία
469 654 525 671 σου.

145 689 189 722 ξδ’.
209 690 364 725 Ἠρώτησεν
375 691 489 725 ἁδελφὸς
499 691 545 717 τὸν
556 692 643 719 ἁῧῦᾶν
656 693 786 728 Ποιμένα,
797 694 883 728 λέγων
892 702 898 709 ·

117 735 178 761 Ὲὰν
189 735 235 762 ἴδω
252 737 375 770 πταῖσμα
385 736 431 762 τοῦ
447 737 563 772 ἀδελφοῦ
583 747 646 774 μου,
666 739 747 765 καλόν
760 740 817 767 ἐστι
837 749 900 766 σκε-

110 780 197 806 πάσαι
209 780 273 806 αὑτό
286 789 293 813 ;
305 780 387 814 Λέγει
406 781 480 816 αὑτῴ
495 782 508 807 ὁ
519 782 607 817 γέρων
619 791 626 797 ⁸
635 783 701 809 υἵαν
713 783 786 818 ὥραν
799 784 901 810 σκεπά-

111 834 192 861 σομεν
203 826 286 852 τὸτοῦ
298 826 412 860 ἀδελφοῦ
427 827 504 862 ἡμῶν
519 829 650 863 πταῖσμα,
669 829 716 854 καὶ
733 830 747 854 ὁ
759 829 825 860 Θεὸς
840 837 902 855 σκε-

110 873 190 904 πάζει
213 872 244 898 τὸ
265 873 418 908 ἡμέτερον·
435 874 482 900 καὶ
505 871 565 910 ἐνιῇ
587 874 647 910 ὥρᾳ
668 875 833 910 ἑκφαίνομεν
854 875 900 902 τοῦ

110 917 234 951 ἀδελφοῦ,
253 918 299 944 καὶ
312 919 325 943 ὁ
339 918 405 950 Θεὸς
422 920 547 953 ἐκφαίνει
562 921 591 946 τὸ
608 920 751 955 ἡμέτερον.

146 963 191 995 ξε’.
209 961 276 989 Εἶπε
295 964 375 990 πάλιν
387 965 399 990 ό
410 965 497 996 ἁϐϐᾱς
511 965 626 1001 Ποιμὴν,
640 966 681 992 ὅτι
702 965 838 1001 Ἡρώτησε
856 965 903 993 τὸν

109 1007 196 1034 ἁεϐᾱν
218 1009 328 1036 Παῖσιόν
349 1011 391 1041 τίς
414 1019 490 1044 ποτε,
507 1011 612 1045 λέγων·
632 1011 664 1037 Τί
679 1012 785 1047 ποιήσω
806 1013 839 1048 τῇ
852 1012 903 1046 ψυ-

110 1055 145 1089 χῇ
159 1063 220 1085 μου,
232 1055 272 1082 ὅτι
286 1056 446 1091 ἀναισθητεῖ
455 1058 502 1084 καὶ
517 1057 546 1083 οὐ
563 1057 685 1092 φοϐεῖται
698 1058 743 1084 τὸν
751 1058 816 1084 Θεόν
829 1067 835 1091 ;
849 1058 902 1085 Καὶ

109 1100 182 1134 λέγει
194 1101 267 1137 αὑτῷ
280 1110 286 1117 ·
301 1102 429 1133 Ἀπελθε.
441 1103 586 1139 κολλήθητι
597 1103 732 1139 ἀνθρώπῳ
745 1104 902 1140 φοϐουμένῳ

109 1145 156 1171 τὸν
175 1146 239 1173 Θεόν
251 1155 258 1162 ·
275 1147 322 1174 καὶ
341 1150 370 1174 ὲν
386 1148 424 1182 τῷ
445 1149 565 1183 ἐγγίζειν
591 1149 698 1184 ἐκείνῳ,
715 1150 832 1176 διδάσκει
856 1151 902 1177 καὶ

111 1192 141 1217 σὲ
152 1192 175 1208 ⁸⁸
188 1193 327 1227 φοϐεῖσθαι
347 1195 392 1220 τὸν
407 1195 483 1221 Θεόν.

151 1239 205 1272 ξς.
225 1237 292 1266 Είπε
307 1240 398 1271 πάλιν,
412 1241 452 1266 ὅτι
467 1240 529 1267 Ἐὰν
543 1240 590 1267 δύο
607 1242 757 1277 πράγματα
775 1242 875 1277 νικήσῃ
887 1242 901 1268 ὁ

112 1287 240 1323 μοναχὸς,
249 1286 358 1312 δύναται
372 1286 510 1322 ὲλεύθερος
520 1287 645 1320 γενέσθαι
663 1288 716 1314 ἀπὸ
728 1287 774 1314 τοῦ
786 1287 899 1322 κόσμου,

111 1333 167 1359 Καὶ
191 1330 266 1358 εἶπεν
281 1333 295 1358 ὁ
315 1331 428 1365 ἁδελφός
443 1339 450 1345 ’
472 1332 540 1358 Ποῖα
556 1331 660 1364 ταῦτας
685 1333 738 1359 Καὶ
756 1331 828 1359 εἷπε·
847 1333 903 1369 Τὴν

112 1387 145 1404 σα
151 1378 246 1412 ρκικὴν
259 1378 422 1407 ἀνάπαυσιν.
436 1378 482 1403 καὶ
493 1377 541 1413 τὴν
555 1378 716 1411 κενοδοξίαν.

147 1423 196 1457 EC.
210 1423 365 1460 Ἦρὼτησεν
379 1424 512 1459 Ἀϐραὰμ,
523 1426 536 1451 ὁ
547 1424 593 1451 τοῦ
604 1425 676 1451 ἀὸϐἆ
688 1425 848 1459 Ἀγάθωνος,
858 1426 903 1452 τὸν

110 1471 199 1499 ἀὸὃᾶν
216 1471 346 1506 Ποιμένα,
369 1470 454 1504 λέγων
467 1479 473 1485 “
488 1471 550 1503 Πῶς
569 1472 593 1497 οἱ
617 1471 743 1506 δαίμονες
756 1472 904 1508 πολεμοῦσί

112 1526 148 1552 με
162 1525 169 1547 ;
186 1517 240 1543 Καὶ
253 1514 327 1542 εἶπεν
338 1517 411 1551 αὐτῷ
426 1518 439 1542 ὁ
450 1516 537 1548 ὰϐϐἄς
557 1517 662 1552 Ποιμήν
675 1525 681 1531 ·
695 1517 728 1543 Σὲ
741 1518 904 1553 πολεμοῦσιν

109 1564 136 1588 οί
149 1562 288 1597 δαίμονες
302 1562 339 1589 Οὐ
351 1562 498 1596 πολεμοῦσι
514 1562 573 1597 μεθ’
584 1563 671 1597 ἡμῶν.
683 1564 725 1598 ἐφ’
738 1564 799 1590 ὅσον
811 1565 844 1591 τὰ
859 1564 903 1590 θε-

111 1607 222 1642 λήματα
245 1607 324 1642 ἡμῶν
363 1607 505 1643 ποιοῦμεν,
522 1607 563 1634 Τὰ
587 1607 641 1644 γὰρ
665 1607 804 1644 θελήματα
827 1610 905 1645 ἡμῶν

110 1654 239 1688 δαίμονες
250 1653 378 1688 γεγόνασι
390 1662 396 1668 ·
410 1655 458 1680 καὶ
470 1653 545 1681 αὐτοί
557 1654 625 1680 εἰσιν
636 1655 660 1680 οἱ
672 1654 807 1687 θλίϐοντες
820 1656 904 1691 ἡμᾶς,

111 1700 157 1726 ἵνα
172 1699 360 1735 πληρώσωμεν
376 1699 455 1728 αὑτά.
468 1700 498 1726 Εἰ
515 1700 543 1726 δὲ
558 1699 645 1732 θέλεις
664 1700 728 1727 ἰδεῖν
742 1701 811 1738 μετὰ
825 1701 906 1728 τίνων

111 1745 286 1781 ἐπολέμησαν
309 1746 335 1772 οἱ
360 1745 486 1781 δαίμονες
498 1754 504 1760 ⁸
517 1745 586 1781 μετὰ
609 1746 747 1778 Μωῦσέως
759 1766 765 1778 ,

110 1793 214 1827 ὁμοίων
230 1793 324 1820 αὐτοῦ.

150 1838 201 1873 ir].
220 1837 303 1865 Εἶπεν
318 1839 332 1865 ὁ
349 1838 435 1870 ἀϐὄᾶς
454 1839 572 1875 Ποιμήν,
590 1840 631 1866 ὅτι
646 1839 755 1875 Ταύτην
767 1840 816 1876 τὴν
829 1841 906 1868 πολι-

111 1884 190 1910 τεῐσν
208 1884 307 1911 ἔδωκεν
322 1886 336 1911 ὁ
352 1885 419 1916 Θεὸς
437 1884 476 1919 τῷ
495 1885 615 1921 Ἰσραὴλ,
631 1885 660 1912 τὸ
681 1885 831 1921 ἀπέχεσθαι
853 1886 907 1913 τῶν

113 1929 192 1966 παρὰ
206 1929 288 1964 φύσιν
300 1938 306 1945 ⁸
324 1931 460 1964 τουτέστι,
471 1930 567 1966 ὀργῇς,
579 1931 627 1956 καὶ
643 1931 739 1966 θυμοῦ,
751 1933 798 1958 καὶ
813 1931 906 1967 ζήλου,

113 1977 163 2003 καὶ
181 1976 286 2011 μίσους,
309 1977 356 2003 καὶ
373 1977 537 2008 καταλαλιᾶς
553 1977 623 2004 κατὰ
638 1977 684 2004 τοῦ
708 1977 821 2012 ἀδελφοῦ
834 1987 840 1993 ·
860 1978 908 2004 καὶ

113 2021 148 2048 τὰ
165 2021 248 2048 λοιπὰ
259 2022 307 2057 τῆς
320 2021 508 2058 παλαιότητος.

152 2067 202 2099 ἔθ’.
219 2067 374 2102 Ἰίρώτησεν
388 2067 501 2103 ἁδελφὸς
513 2069 558 2095 τὸν
572 2068 658 2096 ἀὸεᾶν
671 2069 799 2104 Ποιμένα,
810 2068 906 2103 λέγων*

113 2114 186 2143 Εἰπέ
203 2123 247 2149 μοι
263 2115 347 2150 ῥῆμα.
359 2115 414 2141 Καὶ
432 2114 504 2149 λέγει
526 2115 611 2151 αὐτῷ,
625 2116 665 2142 ὅτι
678 2115 709 2142 Οί
726 2115 845 2150 Πατέρες
858 2114 908 2150 τὴν

114 2161 206 2194 ἀρχὴν
217 2159 262 2186 τοῦ
282 2160 443 2195 πράγματος
463 2161 496 2196 ἣν
511 2160 612 2192 ἔθεντο,
626 2160 723 2192 πένθος
738 2160 805 2186 ἐστί.
827 2160 909 2194 Λέγει

115 2207 201 2233 πάλιν
213 2208 226 2233 ὁ
236 2207 349 2241 ἁδελφός
361 2214 368 2221 '
383 2207 450 2235 Εἰπέ
471 2216 516 2242 μοι
530 2207 594 2234 ἄλλο
616 2207 700 2243 ῥῆμα.
720 2206 909 2242 ’Λποκρίνεται

784 1747 830 1774 καὶ
852 1747 906 1774 τῶν

114 2254 130 2278 ὁ
143 2253 235 2287 γέρων
247 2261 254 2267 ·
272 2252 354 2281 ’Ὅσον
367 2252 432 2288 δύνῃ
444 2252 560 2288 ἐργάζου
572 2253 742 2289 ὲργόχειρον,
760 2253 803 2279 ἵνα
823 2252 851 2286 ἐξ
864 2252 909 2278 αὑ-
924 2264 948 2292 D

115 2297 165 2324 τοῦ
187 2298 301 2334 ποιήσῃς
325 2297 408 2328 ἔλεος.
423 2298 580 2333 Γέγραπται
598 2298 663 2333 γὰρ,
680 2299 720 2324 ὅτι
739 2297 907 2333 ἐλεημοσύνη

115 2343 164 2369 καὶ
180 2342 270 2373 πίστις
283 2342 458 2377 καθαίρουσιν
473 2342 610 2377 ἁμαρτίας
632 2342 697 2376 I57).
715 2341 795 2374 Λέγει
807 2343 820 2366 ὁ
832 2340 909 2367 ἁδελ-

115 2389 168 2422 ᾳός
180 2397 187 2403 ·
201 2388 233 2415 ΤΞ
262 2389 319 2416 ἐσῖι
345 2389 454 2421 πίστις;
479 2388 559 2422 Λέγει
576 2389 590 2414 ὁ
608 2387 695 2423 γέρων
707 2396 713 2402 -
738 2387 832 2418 Ilia-ar;
852 2386 909 2412 ἐστὶ

114 2436 147 2461 τὸ
162 2436 193 2461 ὲν
212 2434 445 2471 ταπεινοφροσύνῃ
462 2434 565 2468 δια-(ειν
576 2454 582 2465 ,
600 2434 647 2460 καὶ
663 2435 750 2460 ποιεῖν
764 2433 846 2464 ἕλεος.

153 2484 186 2508 o’.
214 2480 338 2514 Ἀδελφὸς
360 2479 486 2515 ἠρώτησε
503 2480 548 2505 τὸν
560 2479 646 2506 ἀΰϐῖιν
667 2478 795 2513 ίίοιμένα,
812 2478 908 2510 λέγων,

115 2526 159 2553 ὅτι
183 2526 246 2553 Ἐὰν
263 2526 310 2552 ἴδω
329 2525 444 2555 ἀδελφὺν
474 2526 538 2552 περὶ
555 2522 585 2552 οὗ
600 2525 704 2560 ἥκουσα
723 2525 863 2559 πταῖσμα,
879 2524 909 2550 οὐ

155 2602 181 2618 ⁵⁸
195 2603 238 2630 Al.
256 2603 340 2630 inser.
356 2603 396 2634 είς
414 2603 458 2629 τὸν
471 2603 593 2637 οὐρανόν.

171 2662 218 2695 3‘2)
235 2661 288 2688 Vit.
300 2661 378 2688 Patr.
399 2669 438 2693 ιιι,
455 2662 501 2688 ιδὸ
510 2666 537 2689 et
556 2669 614 2693 un,
628 2661 667 2687 ³4.

171 2697 216 2731 55)
233 2696 286 2723 Vit.
302 2696 381 2723 Patr.
395 2705 436 2727 ix,
451 2697 480 2723 ϐ.

159 2729 218 2766 (54)
235 2731 288 2759 Vit.
306 2732 383 2759 Patr.
400 2740 439 2762 xl,
456 2731 509 2764 25;
529 2731 641 2758 Doroth.
659 2730 735 2757 Dect.
750 2729 777 2757 4.

159 2766 219 2802 (35)
237 2767 290 2794 Vit.
309 2767 385 2794 Patr.
400 2774 418 2799 ι,
438 2767 487 2798 l5;
507 2775 582 2797 xxvr,
599 2767 626 2792 5.

158 2802 218 2836 (56)
238 2802 290 2829 Vit.
310 2801 389 2829 Patr.
408 2810 433 2833 ν,
447 2802 496 2835 62;
517 2810 578 2832 xxv,
588 2802 614 2828 5.

159 2805 206 2836 (36
240 2805 290 2829 Vit.
310 2805 389 2829 Patr.
408 2810 433 2833 ν,
447 2805 496 2835 tit;
517 2810 578 2832 xxv,
588 2805 614 2828 3.

159 2805 218 2873 (στί
230 2837 434 2873 Ἑλεημοσύνη
443 2837 492 2863 καὶ
501 2838 601 2869 πίστις
616 2835 914 2873 καθαίροιμσιν-ἁμαρ-

120 2871 213 2906 τίαςᾙ
230 2871 319 2899 Prov.
344 2881 387 2903 xv,
409 2873 463 2899 27:
487 2871 697 2907 Ἐλεημοσύναις
713 2871 759 2907 καῖ
790 2871 913 2896 πίστεσιν

122 2908 362 2944 ἀποκαθαίρονται
376 2907 517 2943 ἁμαρτίαι.
529 2906 614 2941 Quem
632 2907 720 2934 locum
739 2906 761 2932 si
784 2913 912 2932 ιιιειιιυιιιι

631 2603 654 2617 ἰ’
672 2601 714 2627 Al.
731 2601 844 2636 διδάσκῃ
859 2600 906 2627 καὶ
918 2599 961 2628 σύ.

951 283 1077 316 stionem,
1095 283 1142 318 qui
1157 282 1227 310 dixit
1244 282 1328 310 mihi:
1346 281 1406 309 Non
1420 281 1503 309 debes
1527 280 1690 316 permittere
1706 286 1735 308 ιιι

952 328 980 354 in
996 331 1022 355 te
1036 335 1141 355 moram
1158 328 1250 354 faciat.
1269 327 1419 362 Respondit
1435 327 1519 355 abbas
1535 327 1645 354 Poemen
1659 335 1665 353 ι
1681 326 1737 353 Ab-

951 373 1022 401 batis
1037 373 1176 401 lbistionis
1193 374 1315 401 actiones
1330 381 1440 401 sursum
1458 378 1523 400 sunt
1539 380 1601 399 eum
1620 373 1735 407 angelis,

951 421 1070 455 latetque
1086 427 1160 452 eum,
1179 420 1252 453 quod
1270 428 1320 455 ego
1339 427 1370 447 ac
1386 423 1415 446 tu
1442 419 1468 446 in
1493 419 1674 446 fornicatione
1689 426 1738 446 suo

951 474 1021 492 inus.
1037 465 1065 492 Si
1089 466 1208 493 tenuerit
1236 466 1387 493 monachus
1411 470 1534 492 ventrem
1561 468 1588 491 et
1606 465 1737 500 linguam,

950 515 977 538 et
991 512 1125 547 peregrini
1138 513 1233 544 vitam,
1254 511 1371 545 conﬁde,
1388 519 1442 538 non
1458 511 1599 537 morietur.

986 601 1032 628 65.
1051 600 1106 636 (52)
1133 599 1240 628 Dictum
1256 604 1299 628 est
1315 607 1350 627 an
1363 599 1462 627 abbate
1486 599 1629 626 Poemene:
1649 597 1738 625 Edoce

951 656 983 676 os
997 652 1072 675 tuum
1094 648 1167 682 loqui
1183 655 1244 682 qua:
1258 647 1341 674 corde
1355 647 1439 682 geris.

987 694 1031 721 64.
1048 694 1104 728 (53)
1117 693 1298 728 Interrogavit
1314 693 1397 720 frater
1414 693 1538 720 abbatem
1558 691 1737 719 Poemenem:

953 739 993 771 Si,
1012 739 1111 774 inquit.
1127 739 1220 766 videro
1236 738 1364 765 delictum
1386 738 1478 765 fratris
1504 738 1567 770 mei,
1600 737 1740 764 bonumne

952 790 1004 816 est,
1022 789 1051 812 nt
1065 785 1190 819 obtegam
1206 785 1296 811 illud?
1320 784 1470 820 Respondit
1498 791 1581 812 senex
1595 793 1601 811 :
1627 784 1740 817 Quoties

952 829 1102 857 texerimus
1115 829 1207 856 fratris
1224 830 1311 857 nostri
1334 835 1485 864 peccatum,
1512 833 1539 857 et
1567 829 1639 856 Deus
1668 832 1740 863 teget

953 879 1097 908 nostrum;
1115 883 1168 910 qua
1188 884 1250 902 vero
1264 876 1330 903 hora
1349 875 1443 903 fratris
1460 877 1565 910 lapsum
1585 875 1741 903 manifesta-

953 922 1083 953 verimus.
1102 921 1174 949 Deus
1193 927 1317 950 nostrum
1335 922 1510 950 manifestum
1529 922 1619 950 faciet.

988 967 1033 994 63.
1050 968 1106 1004 (⁸54)
1123 967 1249 994 Narratio
1263 976 1372 1002 quoque
1390 968 1498 996 abbatis
1520 968 1655 995 Pmmenis
1669 967 1738 994 fuit:

952 1012 1057 1047 Aliquis
1076 1013 1253 1047 interrogavit
1286 1013 1432 1048 aliqu:me
1464 1014 1589 1040 abbatem
1619 1013 1739 1040 Paisium

953 1057 1095 1091 siczQuid
1113 1057 1211 1085 faciam
1231 1059 1329 1085 animae
1347 1067 1424 1090 uicae,
1444 1059 1515 1093 quod
1541 1067 1623 1087 sensu
1657 1059 1741 1086 desti-

953 1108 1010 1131 tuta
1024 1108 1076 1136 est,
1091 1112 1142 1131 nec
1155 1104 1239 1132 Deum
1255 1104 1354 1130 timet?
1371 1104 1521 1140 Respondit
1535 1115 1541 1132 :
1556 1105 1617 1137 Abi,
1634 1105 1741 1133 adhaere

953 1150 1057 1177 homini
1075 1150 1179 1176 timenti
1205 1149 1288 1191 Deum
1305 1159 1311 1181 ;
1333 1153 1361 1177 et
1382 1150 1452 1177 inler
1469 1151 1742 1185 appropinquandum

953 1195 988 1226 ei,
1004 1195 1112 1222 docebit
1129 1196 1264 1226 etiam_te,
1281 1200 1309 1222 ut
1332 1195 1414 1222 Deum
1433 1196 1539 1222 timeas.

989 1241 1034 1268 66.
1049 1241 1105 1276 (55)
1124 1240 1196 1267 Dixit
1228 1241 1348 1267 iterum:
1371 1240 1399 1266 Si
1423 1248 1465 1267 res
1497 1239 1566 1267 duas
1591 1239 1742 1266 monachus

954 1286 1097 1317 devicerit,
1115 1286 1214 1321 poterit
1236 1285 1305 1312 libcr
1323 1293 1336 1311 a
1359 1285 1460 1311 tuundo
1476 1285 1544 1311 fieri.
1565 1284 1742 1319 Interrogavit

954 1331 1056 1359 frater:
1073 1331 1147 1365 Quas
1164 1332 1225 1359 illas
1236 1331 1248 1358 ί
1259 1331 1429 1366 Respondit:
1443 1330 1586 1358 Carnalem
1608 1332 1741 1365 requiem,

954 1383 981 1406 ct
994 1378 1102 1406 inanem
1119 1379 1245 1413 gloriam.

990 1423 1034 1450 67.
1055 1423 1112 1458 (56)
1125 1423 1274 1454 Abraham,
1292 1422 1338 1449 ille
1354 1422 1463 1449 abbatis
1477 1421 1641 1456 Agathonis,
1659 1422 1744 1448 abha-

955 1472 1009 1496 tem
1027 1468 1183 1496 Pmmenem
1204 1467 1403 1503 interrogavit:
1429 1467 1481 1500 Qui
1509 1467 1538 1494 fit
1554 1471 1583 1494 ut
1605 1467 1744 1494 dtemoues

955 1515 1117 1551 impugnent
1134 1515 1198 1543 me?
1219 1515 1265 1541 Ait
1287 1515 1325 1542 illi
1339 1514 1424 1541 abbas
1440 1514 1550 1541 Pcemen
1564 1523 1570 1540 :
1588 1513 1626 1541 Te
1655 1513 1744 1548 impu-

956 1565 1041 1596 gnant
1056 1560 1214 1588 daemones?
1225 1559 1284 1589 Non
1301 1560 1445 1587 decertant
1462 1559 1606 1586 nobiscum
1622 1558 1743 1593 quandiu

958 1606 1112 1632 voluntates
1134 1610 1243 1633 nostras
1264 1606 1390 1633 facimus.
1413 1604 1572 1632 Voluntates
1597 1605 1670 1632 enim
1695 1611 1744 1630 no-

957 1656 1021 1679 stra?
1043 1651 1070 1678 in
1099 1651 1235 1679 daemones
1259 1655 1427 1685 evaserunt;
1448 1655 1475 1678 et
1499 1651 1526 1678 hi
1547 1654 1611 1678 sunt
1627 1650 1673 1685 qui
1694 1657 1744 1677 nos

957 1702 1095 1732 premunt,
1114 1702 1143 1724 ut
1160 1697 1349 1732 compleamus
1365 1703 1425 1724 eas.
1445 1696 1523 1729 Quod
1541 1696 1564 1723 si
1578 1696 1657 1730 cupis
1673 1695 1745 1722 scire

957 1751 1019 1770 cum
1034 1743 1134 1778 quibus
1145 1743 1257 1778 prteliati
1269 1742 1370 1770 fuerint
1386 1741 1543 1775 daemones;
1558 1749 1619 1768 cum
1633 1740 1735 1775 Moyse.

958 1797 990 1817 ac
1006 1790 1031 1817 ei
1045 1790 1194 1818 similibus.

993 1836 1037 1864 68.
1054 1836 1126 1863 Dixit
1143 1837 1226 1863 abbas
1242 1835 1351 1862 Pcemen
1368 1843 1375 1862 :
1396 1833 1472 1861 lianc
1492 1832 1601 1860 vivendi
1629 1831 1745 1858 formam

957 1881 1087 1910 lsraelitis
1107 1882 1273 1918 praescripsit
1295 1880 1377 1911 Deus,
1404 1883 1433 1907 ut
1452 1879 1619 1906 abstinerent
1647 1877 1680 1904 ab
1711 1877 1746 1904 iis

959 1937 1018 1964 qua
1030 1933 1124 1956 contra
1139 1933 1262 1954 naturam
1279 1931 1357 1958 sunt;
1369 1927 1419 1953 hoc
1434 1929 1476 1952 est
1491 1924 1524 1952 ab
1539 1925 1588 1956 ira,
1610 1922 1747 1950 excande-

959 1973 1075 2005 scentia,
1088 1972 1200 2004 invidia,
1217 1971 1291 2002 odio,
1309 1970 1479 1998 detractione
1492 1977 1555 2004 erga
1573 1968 1683 1996 fratrem
1697 1976 1704 2000 ;
1719 1971 1747 1995 et

959 2023 1056 2047 caetera
1073 2026 1133 2053 qua
1144 2017 1177 2044 ad
1194 2021 1310 2044 veterem
1329 2016 1414 2051 legem
1434 2014 1582 2049 pertinent.

994 2066 1040 2093 69.
1057 2065 1180 2100 Rogatus
1196 2063 1280 2090 abbas
1299 2062 1411 2089 Pmmen
1434 2069 1450 2088 a
1474 2060 1569 2093 fratre,
1591 2064 1621 2087 ut
1644 2059 1747 2087 diceret

958 2111 984 2138 ei
998 2110 1120 2142 verbum,
1138 2109 1177 2136 ita
1201 2109 1311 2135 locutus
1338 2111 1399 2134 est:
1423 2106 1589 2141 Principium
1613 2104 1651 2132 rei
1673 2103 1746 2139 quod

959 2157 1056 2184 Patres
1071 2158 1237 2191 posuerunt,
1262 2157 1304 2181 est
1321 2153 1420 2180 luctus.
1445 2152 1543 2179 lterum
1568 2151 1652 2177 frater
1670 2149 1747 2185 petiit

961 2201 1034 2229 aliud
1048 2201 1171 2228 verbum.
1188 2199 1338 2234 Respondit
1355 2205 1452 2225 senex:
1466 2197 1518 2223 Pro
1535 2196 1639 2222 viribus
1650 2202 1747 2222 exerce

960 2249 1026 2274 tein
1040 2253 1122 2281 opere
1138 2248 1319 2276 manuum,ut
1331 2252 1364 2270 ex
1375 2251 1407 2270 eo
1419 2242 1504 2269 facias
1518 2240 1745 2268 misericordiam.

964 2292 1104 2326 Scriptum
1121 2295 1163 2318 est
1179 2290 1250 2317 enim
1269 2288 1343 2324 quod
1365 2289 1534 2323 eleemosyna
1551 2291 1578 2313 et
1597 2286 1663 2312 fides
1684 2293 1748 2319 pur—

962 2343 1026 2374 gent
1048 2337 1199 2372 peccata“.
1222 2336 1267 2363 Ait
1288 2337 1392 2362 frater:
1413 2333 1482 2367 Quid
1507 2337 1548 2360 cst
1576 2332 1663 2359 lldes?
1679 2331 1747 2358 Tum

965 2392 1067 2412 senex:
1083 2382 1165 2410 Fides
1187 2386 1240 2415 est,
1257 2382 1283 2408 in
1308 2381 1459 2408 humilitate
1487 2379 1587 2409 vivere,
1605 2383 1631 2404 et
1660 2377 1749 2404 facere

965 2430 1192 2458 misericordiam.

1001 2477 1045 2504 70.
1061 2476 1116 2512 (38)
1131 2475 1228 2502 Frater
1242 2473 1418 2509 interrogavit
1443 2472 1568 2499 abbatem
1595 2471 1749 2498 Pmmeuem

963 2523 1014 2551 hac
1027 2524 1172 2550 oratione:
1198 2521 1226 2548 Si
1242 2520 1336 2548 videro
1354 2520 1476 2551 fratrem,
1503 2519 1538 2546 de
1566 2517 1645 2552 cujus
1672 2517 1750 2550 lapsu

1000 2600 1023 2616 ⁸⁷
1041 2599 1122 2627 Prov.
1136 2607 1182 2630 xv.
1200 2598 1246 2626 27.

967 2659 1149 2686 retinuissent
1164 2656 1293 2683 Saviliani
1309 2656 1486 2688 interpretes.
1502 2662 1554 2680 non
1572 2653 1639 2680 adeo
1657 2660 1750 2680 semi-

967 2702 1028 2721 sere
1044 2694 1195 2728 jactassent
1207 2691 1234 2717 in
1249 2691 1308 2728 istis
1319 2695 1342 2728 ι.
1359 2690 1402 2728 Vl,
1427 2690 1527 2728 ptati.
1544 2690 1561 2715 l.
1576 2690 1634 2728 ut:
1657 2688 1752 2728 Ἐλεη-

988 2724 1083 2755 οσύναι
1100 2728 1148 2754 καὶ
1161 2727 1256 2753 πίσται
1271 2726 1353 2753 εἰσίν·
1382 2725 1593 2760 ἐκκαθαίρονται
1609 2724 1751 2760 ἁμαρτίαι.

988 2738 1083 2755 οσυναι
1100 2738 1148 2754 και
1161 2738 1256 2753 πισται.
1271 2738 1352 2753 ΕισιιΓ
1382 2738 1593 2760 ικκυιυυιιρυνιυιι
1609 2738 1751 2758 υιμυιιινιυά,

968 2738 1079 2791 ἔεὶίίειιι
1094 2763 1184 2790 Statili)
1201 2761 1401 2789 intellexissent
1410 2760 1586 2788 scribendum
1596 2759 1754 2794 esse,t).s-q<

969 2798 1100 2834 μοσύναις
1117 2798 1173 2834 και
1181 2797 1314 2834 πίστεσιν.

1003 2833 1058 2868 (58)
1070 2832 1242 2860 Miscellanca
1256 2831 1370 2858 Patrum
1389 2829 1594 2868 per‘Yossiuur,
1608 2833 1669 2863 post
1688 2828 1755 2868 _G_ro—

967 2863 1072 2902 goriuin
1095 2867 1242 2895 Thauntat.
1269 2875 1294 2902 p.
1330 2863 1398 2901 Ιΰῖᾖ
1432 2865 1485 2893 Vit.
1518 2865 1592 2891 Patr.
1613 2872 1654 2897 ill,
1685 2863 1754 2896 MU,

968 2913 1022 2937 tm,
1041 2904 1067 2931 4.
