1970 3074
239 198 293 227 $59

826 198 997 227 APPENDIX
1014 198 1060 224 AD
1079 197 1287 226 PALLADIUM.

1815 199 1862 227 3-50

239 255 364 289 audiero,
380 257 445 285 nolo
462 257 638 286 introducere
662 265 723 286 eum
740 258 768 285 in
796 258 893 285 cellam
915 265 1002 285 meam
1021 266 1026 289 ;

1083 256 1151 283 θέλω
1175 257 1341 291 εἰσενεγκεῖν
1358 256 1438 283 αὑτὸν
1456 258 1495 289 εἰς
1517 258 1547 284 τδ
1568 258 1674 284 κελλίον
1693 267 1742 293 μου
1758 267 1765 274 ⁸
1780 258 1823 285 ἐὰν
1837 257 1863 285 δὲ

238 303 288 330 sed
309 303 332 331 si
349 303 444 331 videro
456 304 558 332 bonum
576 304 699 336 fratrem,
727 311 790 331 cum
816 311 849 331 eo
867 304 944 331 laetus
967 311 1026 338 ago.

238 347 312 376 Dicit
325 350 350 377 ei
367 357 448 377 senex
463 359 470 378 :
485 349 514 377 Si
530 350 603 377 bono
621 349 697 376 fratri
714 349 778 377 boni
802 357 896 384 parum
912 349 1026 379 feceris,

238 395 351 429 duplum
369 395 452 423 facito
476 395 575 429 alteri;
591 399 633 423 est
655 395 727 423 enim
754 394 892 423 inﬁrmus.
918 394 1028 422 Scilicet

238 445 299 468 erat
314 441 425 476 quidam
442 441 469 468 in
489 441 615 468 caenobio
638 442 748 469 nomine
771 441 932 469 Timotheus
961 448 1028 468 ana-

239 487 372 519 choreta;
400 493 428 515 et
454 488 558 515 audivit
586 487 704 515 caanobii
732 488 898 522 praepositus
927 487 1025 513 famam

238 532 356 567 alicujus
371 533 463 560 fratris
478 532 511 560 de
528 533 689 562 tentatione.
702 540 734 559 ac
752 533 786 560 de
805 540 837 559 eo
853 535 1027 567 percontatus

237 583 280 606 est
298 579 488 611 Timotheum,
516 580 563 614 qui
580 579 725 606 consilium
737 579 812 606 dedit
833 581 863 606 ut
879 579 1027 613 expelleret

237 624 361 653 fratrem.
375 625 443 653 Cum
463 632 528 661 ergo
538 625 676 659 eiecisset,
695 625 809 652 tentatio
831 625 924 651 fratris
943 632 1025 659 supra

238 669 412 697 Timotheum
430 670 518 705 posita
528 675 580 702 est,
593 669 661 696 adeo
674 673 703 696 ut
719 669 930 704 periclitaretur.
940 668 1026 696 Flevit

236 723 303 750 ergo
322 714 482 743 Timotheus
497 723 589 742 coram
603 715 669 747 Deo,
684 715 795 743 dicens:
811 715 935 747 Peccavi,
950 715 1026 749 igno-

236 768 284 788 sce
299 761 377 788 mihi.
408 760 441 789 Et
464 761 555 788 delata
584 762 616 789 ad
634 770 695 789 eum
728 766 770 789 est
788 761 922 796 ejusmodi
949 768 1024 788 vox:

237 806 391 840 Timothee,
408 816 443 836 ne
455 808 602 836 existimes.
612 817 656 836 me
682 809 718 836 ob
739 809 819 835 aliam
841 815 950 836 causam
974 809 1024 836 ista

234 853 285 881 tibi
299 853 408 884 fecisse.
426 862 508 889 quam
525 855 589 890 quia
607 854 757 890 despexisti
772 854 885 882 fratrem
903 859 979 882 tuum
997 855 1024 882 i‘n

235 904 359 934 tempore
372 901 534 928 tentationis
553 909 625 929 suae-

1081 304 1128 330 ῐδω
1142 304 1234 335 καλὸν,
1249 304 1337 339 χαίρω
1358 305 1416 338 μετ’
1428 304 1521 331 αὑτοῦ.
1534 306 1617 339 Λέγει
1632 305 1708 340 αὐτῷ
1736 307 1750 332 6
1763 305 1861 340 γέρων·

1079 351 1112 377 Εἰ
1130 351 1215 382 ποιεῖς
1232 350 1270 385 τῷ
1292 351 1366 385 καλῷ
1388 350 1495 386 ἀδελφῷ
1513 352 1610 386 μικρὸν
1631 351 1747 386 ἀγαθὸν,
1761 351 1863 379 διπλοῦν

1079 396 1192 431 ποίησον
1210 397 1269 431 μετ’
1288 396 1404 423 ἐκείνου.
1422 395 1505 428 Οὗτος
1525 397 1578 432 γὰρ
1605 397 1679 423 ἐστιν
1702 398 1716 424 6
1738 397 1861 424 ἀσθενῶν.

1078 439 1132 468 Ἦν
1144 443 1197 477 γάρ
1211 451 1253 473 τις
1265 443 1294 468 ὲν
1308 442 1431 477 κοινοϐίῳ
1449 442 1559 477 ὀνόματι
1576 442 1708 476 Τιμόθεος
1725 444 1862 478 ἀναχωρη-

1079 489 1145 522 τής·
1167 488 1213 514 καὶ
1235 488 1353 522 ἤκουσεν
1377 488 1390 513 6
1414 488 1565 523 ἡγούμενος
1592 489 1686 523 φήμην
1711 488 1773 523 περί
1796 497 1862 517 τινος

1077 533 1194 567 ἀδελφοῦ
1208 534 1273 568 περὶ
1289 533 1455 569 πειρασμοῦ,
1477 533 1525 560 καὶ
1539 533 1700 569 ἐπηρώτησε
1724 534 1768 560 τὸν
1785 533 1862 568 Τιμό-

1078 579 1138 605 θεον
1155 578 1221 614 περὶ
1236 577 1317 604 αὐτοῦ
1328 586 1335 593 '
1351 579 1397 605 καὶ
1417 578 1626 605 συνεϐούλευσεν
1645 578 1729 614 αὐτῷ,
1744 578 1864 604 ἐκϐαλεῖν

1077 625 1122 651 τὸν
1133 625 1255 659 ἀδελφόν.
1270 625 1332 652 Ὅτε
1345 623 1391 651 οὖν
1408 624 1534 657 ἐξέϐαλεν
1549 624 1640 655 αὑτὸν,
1655 625 1734 659 ἐτέθη
1746 625 1760 650 6
1774 633 1864 660 πειρα-

1078 670 1146 706 σμὸς
1162 670 1209 697 τοῦ
1225 670 1340 705 ἀδελφοῦ
1355 671 1447 697 ἐπάνω
1462 671 1510 697 τοῦ
1533 670 1676 705 Τιμοθέου,
1691 670 1743 702 ἕως
1755 668 1784 697 οὗ
1800 671 1864 696 ἐκιν-

1077 716 1212 742 δύνευσεν.
1229 716 1356 742 Ἔκλαιεν
1373 714 1419 743 οὖν
1432 718 1446 743 6
1461 716 1592 751 Τιμόθεος
1605 716 1718 742 ἐνώπιον
1728 716 1773 742 τοῦ
1786 716 1860 749 Θεοῦ,

1076 762 1162 795 λέγων
1173 771 1180 777 ’
1195 762 1371 797 Ἠμάρτηκα,
1390 761 1565 797 συγχώρησύν
1583 771 1638 797 μοι.
1652 762 1706 788 Καὶ
1720 760 1800 796 ἦλθεν
1816 761 1860 788 a6-

1075 807 1115 842 τῷ
1139 807 1214 842 φωνὴ
1237 807 1369 841 λέγουσα·
1385 807 1510 840 Τιμόθεε,
1535 808 1572 842 μὴ
1597 807 1711 842 νομίσῃς
1723 807 1762 833 ὅτι
1780 807 1863 833 ταῦτα

1076 853 1193 888 ὲποίησά
1222 862 1263 880 σοι
1281 853 1314 880 δι’
1329 853 1392 881 ἄλλο
1406 862 1433 880 τι
1445 873 1451 884 ,
1466 853 1481 888 ἢ
1497 854 1537 879 ὅτι
1553 853 1678 888 παρεῖδες
1692 853 1737 879 τὸν
1756 853 1863 887 ἀδελφόν

1078 907 1124 925 σου
1139 900 1168 925 ὲν
1179 898 1266 934 καιρῷ
1283 898 1330 925 τοῦ
1340 899 1494 934 πειρασμοῦ
1509 899 1602 925 αὐτοῦ.

271 945 315 972 7i.
332 945 388 980 (59)
402 945 476 973 Dixit
495 946 580 973 abbas
595 945 724 973 Pmmen:
743 945 890 981 Propterea
907 949 947 972 tot
962 949 1023 972 tan-

1110 945 1159 969 oa’.
1176 940 1259 968 Εἶπεν
1271 943 1286 968 6
1301 943 1388 974 6665.;
1402 944 1517 978 Ποιμήν,
1532 944 1572 969 ὅτι
1582 943 1631 969 Διὰ
1647 943 1726 970 τοῦτο
1735 944 1764 969 ὲν
1775 943 1864 970 τοσού-

234 991 327 1025 tisque
342 991 520 1025 subjacemus
536 991 746 1023 tentationibus,
765 992 830 1027 quia
849 991 959 1018 nomina
975 999 1024 1018 no-

234 1041 292 1065 stra
305 1040 332 1064 et
349 1037 473 1065 ordinem
490 1045 544 1065 non
567 1045 728 1066 servamus:
746 1037 974 1073 quemadmodum
998 1041 1024 1064 et

235 1083 380 1120 Scriptura
395 1084 485 1112 d'occt.
505 1084 602 1112 Nonne
628 1085 769 1112 cernimus
792 1084 933 1111 mulierem
949 1084 1024 1111 illam

234 1129 430 1164 Chananmam,
445 1138 506 1166 qua:
523 1131 634 1157 admisit
648 1138 747 1157 nomen
762 1138 841 1157 Sllllm
856 1139 863 1163 ;
879 1135 906 1157 et
928 1130 1023 1157 Salva-

234 1180 280 1203 tor
301 1177 395 1212 requie
421 1177 495 1204 illam
524 1176 691 1204 douavit"?
709 1176 817 1204 Rursus
841 1177 874 1204 de
898 1177 1024 1211 Abigaza;

235 1223 300 1258 quia
314 1223 383 1250 dixit
399 1222 494 1250 Davidi
509 1232 516 1250 :
530 1222 563 1250 In
580 1231 622 1250 me
633 1223 868 1257 estpeccatum";
885 1223 1025 1251 exaudivit.

236 1276 308 1298 eam.
322 1268 418 1296 dilexit
434 1276 504 1296 eam.
525 1269 635 1304 Abigma
648 1277 793 1304 personam
809 1269 894 1296 sumit
909 1269 1006 1295 animm
1016 1288 1024 1300 ,

236 1313 322 1342 David
342 1314 517 1342 Divinitatis-
537 1313 566 1341 Si
594 1322 661 1350 ergo
688 1314 780 1341 anima
807 1322 836 1341 se
854 1315 1026 1341 accusawrit

236 1369 329 1388 coram
345 1360 469 1392 Domino,
487 1360 575 1395 diligit
589 1368 648 1388 eam
666 1360 807 1387 Dominus.

274 1406 318 1434 72.
333 1406 390 1441 (40)
407 1405 556 1434 Transibat
575 1406 725 1441 aliquando
740 1406 826 1433 abbas
840 1405 949 1434 Pwmen
962 1413 1023 1432 cum

237 1451 335 1479 abbate
349 1451 429 1478 Anub
442 1450 468 1477 in
483 1451 608 1486 partibus
630 1451 714 1478 Diolci
729 1459 736 1483 ;
749 1455 776 1478 et
792 1451 934 1478 venientes
949 1451 1024 1478 circa

236 1498 376 1533 sepulcra.
402 1497 578 1532 conspiciunt
594 1497 736 1525 mulierem
755 1497 875 1532 graviter
895 1497 1023 1532 plangen-

236 1549 305 1578 tem,
324 1548 353 1572 et
368 1544 476 1571 ﬂentem
492 1552 606 1577 amare;
624 1548 706 1579 atque
734 1547 838 1571 stantes
867 1543 1025 1571 considera.

237 1590 304 1617 bant
318 1598 390 1618 eam.
405 1591 522 1617 Paulum
543 1597 609 1617 vero
627 1590 778 1625 progressi,
794 1589 902 1616 cuidam
929 1596 1025 1616 occur-

237 1640 353 1668 xertmt;
379 1644 461 1671 quem
491 1636 669 1670 interrogavit
698 1636 783 1662 abbas
812 1634 935 1666 Pwmen,
961 1635 1025 1670 quid

237 1682 353 1709 haberet
370 1690 400 1709 ea
418 1682 527 1714 mulier,
539 1681 611 1716 quod
623 1689 715 1708 amare
729 1681 859 1716 ploraret.
875 1680 1027 1715 Respondit

237 1727 303 1755 ille:
325 1728 394 1761 Quia
408 1733 535 1755 mortuus
547 1732 588 1755 est
604 1727 720 1754 maritus
739 1727 799 1762 ejus
811 1748 818 1760 ,
835 1732 862 1754 et
890 1728 971 1758 titius,
1000 1731 1027 1753 et

237 1773 335 1802 frater.
352 1774 431 1801 Tunc
445 1774 587 1809 excipiens
603 1773 688 1800 abbas
710 1773 820 1800 Pmmen
847 1774 915 1800 dixit
936 1774 1026 1800 abbati

237 1819 338 1848 Anuh:
352 1819 403 1846 Aio
423 1819 483 1852 tibi,
507 1819 566 1846 nisi
585 1819 667 1845 homo
683 1823 796 1846 cunctas
811 1819 904 1845 carnis
930 1818 1028 1844 volun-

237 1870 311 1895 tates
331 1872 456 1895 mortuas
479 1866 643 1899 reddiderit,
667 1867 792 1900 huncquo
817 1865 967 1892 obtinuerit
986 1866 1028 1892 lu-

237 1916 324 1944 ctum,
338 1904 392 1939 non
410 1916 500 1948 potest
517 1911 574 1939 fieri
592 1911 756 1939 monachus.
770 1911 838 1939 Tota
853 1911 927 1939 enim
944 1911 1028 1946 hujus

238 1957 365 1985 mulieris
379 1958 435 1984 vita
452 1961 479 1985 et
494 1965 571 1985 mens
589 1958 615 1984 in
628 1958 703 1984 luctu
717 1961 770 1985 est.

275 2003 319 2030 75.
335 2003 391 2039 (Al)
407 2003 479 2032 Dixit
493 2004 578 2032 abbas
593 2003 704 2031 Poemen
719 2013 726 2031 :
743 2003 781 2031 Ne
796 2004 917 2031 metiaris
931 2007 1028 2031 temet-

240 2051 343 2085 ipsum,
359 2050 406 2078 sed
427 2050 536 2078 adiutare
553 2051 655 2078 homini
671 2051 752 2085 cujus
767 2051 942 2078 conversatio
955 2051 1027 2078 bona

239 2099 294 2122 est.

276 2141 321 2168 τι.
344 2140 410 2168 Item
443 2142 547 2173 rettulit,
576 2142 648 2176 quod
674 2142 697 2169 si
723 2142 786 2176 quis
806 2141 890 2168 frater
917 2141 1029 2168 adiisset

241 2187 368 2215 abbatem
382 2186 517 2214 Joannem
529 2191 650 2219 curtum,
666 2188 790 2214 tradebat
806 2188 830 2214 ei
848 2188 892 2215 ille
910 2188 1029 2214 charita-

241 2238 308 2265 tem,
329 2233 363 2261 de
393 2242 446 2268 qua
471 2233 542 2269 apud
571 2234 733 2268 Apostolum
757 2233 874 2268 legitur:
903 2233 1028 2260 Charitas

240 2279 342 2314 patiens
356 2284 405 2312 est,
423 2279 534 2314 benigna
546 2284 585 2307 est
600 2280 634 2306 9°.

277 2325 321 2353 75.
334 2325 441 2353 Retulit
455 2329 552 2354 iterum
571 2327 644 2354 circa
662 2327 785 2354 abbatem
799 2326 911 2358 Pambo,
927 2327 1029 2354 dixisse

240 2372 275 2400 de
292 2380 324 2400 eo
344 2372 469 2399 abbatem
487 2373 636 2400 Antonium
651 2382 657 2400 :
675 2373 726 2400 Per
742 2373 869 2401 timorem
891 2373 939 2401 Dei
964 2373 1028 2401 elle-

241 2419 280 2446 rit
295 2422 322 2445 ut
339 2418 458 2454 Spiritus
471 2418 517 2446 Dei
532 2419 558 2446 in
573 2426 605 2446 eo
620 2418 766 2446 habitaret.

279 2466 322 2492 76.
337 2466 394 2500 (42)
418 2465 547 2493 Narravit
560 2476 575 2494 ο
600 2467 726 2494 Patribus
742 2466 853 2501 quidam
879 2466 913 2493 de
931 2465 1028 2492 abbate

241 2510 371 2540 Paemene
383 2516 410 2540 ct
425 2513 561 2540 fratribus.
575 2514 645 2548 ejus,
665 2513 738 2548 quod
751 2513 778 2540 in
795 2512 914 2548 [Egypto
928 2512 1031 2538 habita-

242 2558 321 2589 bant.
345 2563 372 2586 et
398 2563 486 2586 mater
518 2566 613 2586 eorum
646 2559 808 2587 desiderans
838 2558 931 2586 videre
956 2558 1028 2588 illos,

241 2611 417 2639 nequaquam
435 2609 552 2640 poterat.
570 2605 733 2632 Observavit
752 2609 841 2632 autem
858 2612 920 2632 cum
946 2603 1029 2639 proli--

242 2650 415 2678 ciscerentur
432 2650 465 2677 ad
485 2651 645 2684 ecclesiam,
659 2655 686 2678 et
701 2651 824 2678 occurrit
842 2651 893 2678 eis.
915 2650 954 2676 illi
988 2650 1027 2676 vi-

276 2731 300 2747 "
320 2730 415 2758 Matth.
437 2739 481 2762 xv,
507 2731 552 2758 27.
594 2732 617 2747 ⁸¹¹
632 2731 644 2758 l‘
666 2731 734 2767 Reg.
753 2739 817 2764 xxv,
831 2731 877 2758 26.

279 2810 335 2847 (59)
352 2809 502 2847 yisceillan.
521 2811 602 2838 Voss.
618 2811 718 2847 p.163.

280 2846 338 2909 μθ)
355 2845 409 2887 Vit.
425 2846 502 2873 Patr.
515 2854 556 2878 ιιι,
573 2847 615 2873 Η.

292 2881 337 2914 ιι)
356 2881 408 2908 Vtt.
426 2881 500 2908 Patr.
518 2890 560 2912 xv,
573 2882 619 2908 35.

281 2916 336 2951 (42)
357 2916 408 2943 Vit.
422 2916 499 2942 Pan.
515 2925 551 2948 Iv,
566 2917 610 2944 35.

1075 995 1131 1018 τοις
1146 988 1308 1022 πειρασμοῖς
1318 987 1490 1022 κείμεθα,ὄτι
1498 988 1532 1014 τὰ
1540 987 1658 1022 ὀνόματα
1671 987 1747 1022 ἡμῶν
1762 988 1808 1014 καὶ
1817 987 1863 1022 τὴν

1074 1032 1150 1065 τάξιν
1161 1033 1191 1059 οὐ
1205 1033 1376 1068 φυλάσσομεν
1388 1054 1395 1065 ,
1410 1033 1499 1065 καθὼς
1516 1033 1562 1059 καὶ
1576 1034 1593 1068 ἡ
1610 1033 1703 1068 Γραφὴ
1714 1033 1795 1067 λέγει.
1810 1033 1863 1068 Οὐχ

1074 1079 1182 1114 ὁρῶμεν
1194 1079 1242 1115 τὴν
1253 1081 1369 1113 γυναὴα
1378 1079 1427 1115 τὴν
1436 1080 1599 1111 Χαναναίαν,
1608 1080 1657 1114 τὴν
1666 1078 1864 1114 ὑποδεξαμένην

1075 1126 1105 1152 τὸ
1117 1126 1203 1160 ὄνομα
1215 1126 1310 1161 αὐτῆς,
1322 1126 1363 1151 ὅτι
1374 1125 1527 1152 ἀνέπαυσεν
1538 1125 1621 1161 αὐτὴν
1633 1127 1647 1152 6
1658 1124 1769 1160 Σωτήρ’;
1782 1125 1864 1152 Πάλιν

1082 1172 1238 1207 ’Λὸιγαῐαν,
1261 1173 1302 1198 ὅτι
1324 1170 1383 1198 εἶπε
1405 1171 1444 1207 τῷ
1463 1172 1555 1204 Δαϐὶδ,
1577 1173 1617 1199 ὃτι
1643 1172 1692 1198 Ἐν
1703 1172 1767 1206 ἐμοι
1782 1172 1866 1198 ἐστιν

1075 1220 1095 1254 ἡ
1112 1219 1254 1254 ἁμαρτία,
1278 1219 1327 1245 καὶ
1348 1219 1462 1254 ἤκουσεν
1478 1219 1572 1254 αὐτῆς,
1587 1219 1635 1245 καὶ
1655 1218 1797 1253 ἠγάπησεν
1818 1217 1864 1243 αὺ-

1074 1269 1133 1301 τήν.
1155 1266 1279 1300 Ἅϐιγαία
1299 1267 1444 1302 πρόσωπον
1467 1265 1599 1300 λαμϐάνει
1626 1264 1676 1300 τῆς
1697 1264 1802 1299 ψυχῆς,
1819 1265 1866 1289 καὶ

1075 1312 1156 1338 Δασιό
1170 1312 1219 1347 τῆς
1240 1312 1382 1347 Θεότητος.
1403 1312 1465 1338 Ἐὰν
1479 1310 1554 1347 οὖνὴ
1578 1311 1650 1346 ψυχὴ
1673 1312 1771 1346 ἑαυτὴν
1796 1311 1865 1346 μέμ-

1075 1358 1159 1392 ψηται
1174 1357 1288 1384 ἐνώπιον
1306 1359 1419 1393 Κυρίου⁹
1438 1358 1532 1392 ἀγαπᾷ
1547 1358 1632 1392 αὐτὴν
1646 1358 1659 1383 6
1672 1357 1783 1392 Κύριος.

1110 1405 1159 1440 οβ’.
1172 1405 1332 1441 Παρήρχετὸ
1341 1414 1405 1432 ποτε
1423 1406 1437 1431 6
1451 1405 1538 1436 ἀόϐᾱς
1551 1405 1656 1440 Ποιμὴν
1671 1405 1739 1439 μετὰ
1750 1403 1798 1430 τοῦ
1811 1403 1861 1430 ἀϐ-

1076 1454 1112 1480 εᾶ
1140 1454 1234 1480 Ἀνοὺὸ
1261 1454 1301 1485 εἰς
1316 1453 1350 1480 τὰ
1374 1453 1444 1489 μέρη
1459 1453 1507 1488 τῆς
1526 1452 1635 1479 Διὸλχου
1653 1461 1660 1468 ·
1678 1452 1725 1479 καὶ
1744 1452 1867 1484 ἐλθόντες

1077 1500 1140 1536 περὶ
1162 1500 1196 1526 τὰ
1217 1501 1336 1535 μνημεῖα
1368 1500 1500 1535 θεωροῦσι
1520 1501 1636 1533 γυναῖκα
1652 1499 1746 1530 δεινῶς
1767 1507 1867 1525 κοπτο-

1079 1546 1164 1580 μένην
1182 1546 1229 1571 καὶ
1243 1545 1388 1572 κλαίουσαν
1398 1545 1504 1580 πικρῶς
1513 1553 1520 1560 ·
1531 1545 1579 1571 καὶ
1597 1544 1708 1575 στάντες
1722 1543 1868 1570 κατενόουν

1077 1591 1172 1627 αὑτήν.
1196 1592 1301 1626 Μικρὸν
1326 1591 1354 1617 δὲ
1372 1591 1523 1626 προϐάντες
1543 1590 1713 1625 συνήντησαν
1729 1598 1800 1615 τινι·
1820 1590 1868 1615 καὶ

1077 1638 1218 1672 ἠρώτησεν
1235 1637 1316 1663 αὑτὸν
1335 1638 1349 1663 6
1363 1637 1450 1668 ἁῆὃᾶς
1468 1637 1573 1672 Ποιμὴν
1583 1657 1590 1668 ,
1606 1636 1692 1670 λέγων
1707 1644 1714 1650 ”
1729 1635 1761 1661 Τί
1780 1636 1837 1670 ἔχει
1851 1637 1869 1670 ἡ

1078 1684 1145 1719 γυνὴ
1158 1684 1237 1719 αὕτη,
1252 1685 1292 1710 ὅτι
1307 1683 1410 1719 πικρῶς
1424 1683 1530 1715 κλαίει;
1545 1684 1600 1710 Καὶ
1619 1683 1692 1717 λέγει
1707 1682 1791 1717 αὐτῷ·
1804 1682 1870 1708 ’Ὁτι

1077 1730 1210 1757 ἀπέθανεν
1226 1730 1310 1764 αὐτῆς
1328 1731 1342 1756 ὁ
1362 1730 1430 1765 ανὴρ
1441 1731 1487 1756 καὶ
1498 1731 1511 1756 ὁ
1523 1730 1578 1761 υίὸς
1589 1730 1636 1756 καὶ
1649 1731 1662 1755 ὀ
1677 1728 1800 1763 ἀδελφός.
1813 1729 1871 1755 Καὶ

1077 1776 1237 1812 ἀποκριθεὶς
1255 1777 1269 1802 6
1284 1776 1369 1807 ἁόϐᾶς
1388 1775 1502 1810 Ποιμὴν,
1518 1775 1591 1809 λέγει
1606 1775 1645 1810 τῷ
1665 1775 1736 1809 ἀεϐᾷ
1756 1773 1870 1800 Ἀνοιίϐ·

1078 1823 1157 1856 Λέγω
1174 1831 1225 1850 σοι.
1237 1823 1277 1848 ὅτι
1286 1822 1427 1857 ἄνθρωπος
1440 1822 1487 1848 ἐὰν
1502 1822 1538 1856 μὴ
1550 1821 1675 1856 νεκρώσῃ
1686 1821 1719 1847 τὰ
1730 1820 1872 1855 θελήματα

1078 1870 1128 1904 τῆς
1140 1869 1242 1905 σαρκὸς
1254 1869 1354 1899 πάντα,
1372 1869 1419 1894 καὶ
1437 1869 1572 1903 κτήσηται
1585 1868 1614 1894 τὸ
1626 1867 1721 1898 πένθος
1734 1866 1823 1897 τοῦτο,
1839 1867 1872 1892 οὐ

1078 1916 1188 1942 δύναται
1203 1915 1329 1950 γενέσθαι
1343 1915 1467 1950 μοναχός.
1478 1915 1558 1946 ’Ὀλος
1572 1914 1625 1949 γὰρ
1635 1915 1649 1940 6
1661 1913 1717 1948 βίος
1727 1913 1812 1948 αὐτῆς
1824 1913 1874 1939 καὶ

1078 1963 1093 1988 ὁ
1108 1962 1170 1993 νοῦς
1193 1963 1233 1993 εἰς
1247 1962 1277 1988 τδ
1293 1961 1389 1992 πένθος
1407 1961 1488 1987 ἐστίν

1113 2008 1164 2042 ογ’.
1180 2006 1264 2034 Εἶπεν
1281 2008 1295 2034 6
1319 2007 1406 2038 ἁὸὁᾶς
1423 2007 1529 2041 Ποιμήν
1541 2016 1548 2022 ·
1563 2006 1608 2041 Μὴ
1631 2007 1725 2041 μέτρει
1745 2004 1873 2036 σεαυτὸν,

1079 2054 1148 2081 ἀλλὰ
1164 2054 1310 2090 κολλήθητι
1321 2053 1359 2089 τῷ
1373 2054 1463 2085 καλῶς
1478 2052 1717 2087 ἀναστρεφομὲνῳ.

1115 2143 1159 2170 οδ’.
1176 2143 1241 2169 Εἷπε
1256 2143 1345 2174 πάλιν,
1362 2144 1402 2169 "att
1414 2142 1461 2169 ἐὰν
1475 2141 1627 2177 παρέϐαλεν
1643 2141 1755 2176 ἁδελςρὸς
1770 2140 1810 2176 τῷ
1825 2140 1877 2167 ἀϐ-

1082 2190 1116 2225 6ᾷ
1135 2190 1245 2225 Ἰωάννῃ
1261 2189 1300 2224 τῷ
1320 2188 1433 2223 κολοϐῷ,
1449 2188 1586 2224 παρεδίδει
1608 2187 1682 2222 αὐτῷ
1695 2187 1745 2222 τὴν
1762 2186 1878 2220 ἀγάπην

1080 2238 1130 2271 τὴν
1142 2237 1170 2262 ὲν
1181 2236 1219 2270 τῷ
1235 2235 1396 2270 Ἀποστόλῳ·
1416 2235 1453 2260 ἸΙ
1480 2233 1580 2269 ἀγάπη
1592 2232 1785 2268 μακροθυμεῖ,
1801 2240 1879 2267 χρη-

1045 2285 1067 2312 Ι)
1081 2284 1230 2310 στεύεται.

1118 2330 1163 2356 ua’.
1180 2327 1248 2356 Εἷπε
1272 2328 1352 2355 πάλιν
1374 2327 1417 2353 διὰ
1436 2327 1481 2352 τὸν
1504 2326 1590 2352 ὰϐὗᾶν
1615 2324 1728 2359 Πεμϐὼ,
1745 2324 1786 2350 ὅτι
1815 2322 1881 2349 εἶπε

1083 2377 1148 2412 περὶ
1162 2374 1244 2402 αὑτοῦ
1261 2374 1275 2398 6
1291 2373 1375 2404 166i;
1396 2371 1547 2402 Ἀντώνιος,
1562 2371 1602 2397 ὅτι
1624 2371 1655 2396 ὲκ
1669 2369 1715 2395 τοῦ
1731 2368 1882 2403 φοϐεῖσθαι

1082 2419 1127 2445 τὸν
1141 2418 1207 2445 Θεὸν
1222 2418 1332 2452 ἐποίησε
1345 2417 1375 2443 τὸ
1389 2416 1500 2450 Πνεῦμα
1514 2415 1559 2441 τοῦ
1567 2414 1634 2440 Θεοῦ
1649 2416 1732 2440 οἰκεῖν
1748 2415 1776 2440 ὲν
1788 2413 1880 2448 αὐτῷ.

1118 2468 1171 2497 οςν,
1190 2463 1344 2498 Διηγήσατό
1368 2471 1409 2489 τις
1424 2462 1476 2488 τῶν
1500 2461 1629 2495 Πατέρων
1653 2460 1715 2494 περὶ
1737 2459 1782 2485 τοῦ
1803 2458 1884 2485 ἀϐδᾶ

1082 2511 1213 2545 Ποιμένος
1230 2510 1275 2535 καὶ
1289 2509 1341 2535 τῶν
1363 2507 1485 2542 ἀδελφῶν
1502 2506 1601 2538 αὐτοῦ,
1615 2507 1656 2532 ὅτι
1670 2506 1757 2541 ᾤκουν
1777 2506 1807 2530 ὲν
1831 2505 1885 2531 Αι-

1081 2558 1176 2592 γὺπτῳ
1189 2556 1258 2590 (ES)-
1274 2556 1319 2582 καὶ
1332 2554 1526 2589 ἐπιθυμοῦσα-ἡ
1537 2555 1628 2588 μήτηρ
1643 2552 1731 2579 αὐτῶν
1744 2552 1810 2577 ἰδεῖν
1827 2551 1866 2577 αὐ
1877 2565 1884 2570 ~

1080 2604 1143 2634 τοὺς
1174 2603 1224 2628 οὑκ
1245 2601 1370 2636 ἠδύνατο.
1404 2600 1620 2635 Παρετηρήσατο
1636 2598 1664 2624 δὲ
1677 2596 1886 2632 ἀπερχομένων

1081 2649 1170 2675 αὐτῶν
1188 2649 1227 2679 εἰς
1248 2646 1413 2681 ἐκκλησίαν,
1428 2645 1474 2672 καὶ
1494 2646 1650 2680 ἀπήντησεν
1671 2645 1772 2674 αὐτοῖς.
1795 2643 1830 2669 Οἱ
1853 2641 1887 2668 δὲ

917 2731 939 2747 ⁹⁹
954 2730 962 2757 l
975 2730 1038 2758 Cor.
1057 2737 1118 2762 xm,
1137 2729 1162 2756 Δ.

1124 2808 1180 2842 (45)
1196 2809 1254 2836 ’Ὁτι
1270 2808 1369 2840 ᾤκουν
1382 2808 1572 2841 ἐνΑἰγύπτῳ.
1588 2806 1656 2832 Viue
1674 2805 1793 2842 Patruul
1814 2803 1889 2838 quia

1088 2837 1201 2884 nonqiii
1214 2837 1363 2871 habitarent
1380 2844 1406 2870 in
1425 2837 1552 2878 .‘E'gyplo.
1579 2842 1609 2868 Et
1631 2843 1666 2867 ita
1687 2840 1756 2868 liber
1772 2837 1895 2866 Eussa‘

1088 2884 1182 2906 lellSlS.
