1970 3074
213 169 266 198 5όὸ

796 175 969 206 ΔΡΡΕΜΜΧ
989 173 1036 202 AD
1054 175 1264 205 PALLADIUM.

1784 183 1840 213 3ιᾶ

247 229 291 256 s7.
312 228 408 264 Frater
430 229 588 267 sciscitatus
609 237 654 259 es:
677 235 803 260 abbatem
829 231 994 264 Pcemenem,

1082 232 1135 265 πε.
1158 234 1283 270 Ἀδελφὸς
1295 234 1421 270 ἠρώτησε
1436 235 1481 262 τὸν
1494 235 1580 263 άδσᾶν
1592 237 1721 272 Ποιμένα,
1735 238 1840 274 λέγων’

211 275 306 302 dicens
321 285 328 302 :
351 275 492 304 Bonumne
518 281 561 304 est
584 277 682 304 orare?
697 276 854 312 Retulitque
871 277 896 305 ei
914 285 998 304 senex

212 322 374 348 sententiam
403 321 484 350 istam
506 322 612 350 abbatis
636 323 748 350 Antonii
773 323 858 351 :Haac
887 331 938 351 vox
964 331 998 351 ex

211 375 328 402 persona
337 368 442 395 Domini
452 369 542 404 prodit
553 378 559 396 :
574 369 760 402 Eat-hortamini
766 369 892 404 populum
900 378 997 404 meum,

211 413 274 440 dicit
285 413 426 448 Dominus,
440 415 617 442 “hortamini
625 415 660 441 “.

247 459 292 487 88.
313 459 409 487 Frater
422 460 462 487 sic
477 461 656 495 interrogavit
671 460 797 488 abbatem
816 460 971 488 Premenem
989 470 995 488 :

211 504 339 532 Potestne
352 505 433 533 homo
452 507 569 534 retinere
585 514 632 534 seu
650 507 788 535 custodire
805 507 933 537 universa
949 515 996 534 co-

210 551 306 586 gitata,
325 559 374 579 nec
387 552 471 579 ullum
487 561 521 580 ex
534 553 568 582 iis
584 553 690 580 tradere
705 552 997 588 inimico?Respondit

210 604 293 625 senex
308 606 315 624 :
332 596 380 624 Est
392 598 437 632 qui
453 598 571 632 accipiat
586 597 690 629 decem,
707 605 739 624 ac
750 605 834 624 unum
852 597 908 624 del.

245 642 290 670 89.
313 641 386 670 Ideni
402 643 487 670 frater
501 643 625 679 eamdem
647 644 827 678 quaestionem
842 642 942 670 detulit
962 643 996 669 ad

209 687 335 715 abbatem
355 687 472 716 Sisoem.
498 688 531 715 Et
551 689 590 717 ait
611 689 651 716 illi
667 697 675 716 :
690 688 770 716 Certe
790 692 844 721 est,
863 688 910 724 qui
928 688 996 715 nihil

209 734 281 762 hosti
298 734 426 769 praebeat.

243 779 288 807 90.
310 780 366 815 (46)
382 780 502 816 Degebat
517 781 546 811 in
560 785 654 808 monte
669 781 810 809 Athlibeos
824 788 928 816 magna:
941 781 997 808 vir-

208 825 276 853 tutis
297 825 409 860 quidam
436 828 560 858 eremlta,
583 827 611 853 in
636 835 718 861 quem
747 826 888 854 irruerunt
909 827 996 854 latro-

208 879 257 899 nes
274 882 280 898 :
297 879 381 900 senex
395 880 458 899 vero
472 863 611 904 clamavit,
633 878 659 900 ct
671 872 814 901 audientes
830 873 912 901 vicini
934 873 996 908 ejus

207 910 475 960 comprehenderunt
493 917 579 950 fures,
600 918 792 953 miseruntque
811 918 931 954 praesidi,
948 906 995 954 qui
1011 906 1034 936 Β

208 964 236 990 in
252 971 391 991 carcerem
407 972 455 991 eos
466 963 594 999 coniecit.
608 963 643 990 At
663 963 762 992 fratres
776 964 890 992 tristitia
905 963 995 992 affecti

207 1013 282 1043 sunt,
307 1009 493 1046 dixeruntque
515 1009 653 1045 :Propter
680 1019 730 1039 nos
751 1011 844 1038 traditi
874 1011 994 1038 fuerunt.

209 1047 357 1090 Surgentes
377 1054 461 1090 igitur
484 1061 665 1090 perrexerunt
686 1056 720 1083 ad
745 1057 869 1084 abbatem
888 1057 995 1084 Poeme-

208 1109 281 1133 uem,
298 1109 410 1137 remque
426 1102 450 1129 ei
467 1103 641 1131 nuntiarunt.
657 1103 750 1139 Itaque
768 1103 880 1138 scripsit
903 1104 934 1130 ad
952 1111 997 1131 se-

207 1156 280 1180 nem,
293 1148 319 1175 in
333 1149 390 1176 haec
404 1149 486 1177 verba
502 1159 509 1177 :
525 1142 656 1186 Recogita
672 1150 787 1186 primam
803 1149 994 1186 proditionem,

208 1195 281 1223 unde
304 1196 462 1230 contigerit,
485 1199 605 1231 tuncque
631 1203 730 1224 cernes
754 1196 916 1224 secundam.
936 1195 997 1225 Nisi

207 1241 280 1282 enim
291 1241 370 1276 prius
387 1241 512 1277 proditus
523 1235 624 1270 fuisses
636 1243 707 1270 intra
723 1247 759 1275 te.
775 1250 830 1269 non
846 1241 996 1270 secundam

208 1287 391 1322 proditionem
401 1288 598 1317 commisisses.
609 1289 667 1321 Ille,
680 1293 807 1324 percepta
818 1288 925 1317 abbatis
934 1288 997 1317 Poe-

207 1335 295 1362 menis
311 1335 441 1370 epistola,
465 1334 537 1371 (erat
556 1340 646 1363 autem
668 1336 695 1363 in
712 1340 768 1362 tota
789 1336 902 1371 regione
921 1335 996 1363 cele-

207 1380 277 1412 bris,
298 1388 349 1408 nec
371 1382 463 1409 exibat
485 1389 501 1410 e
524 1381 594 1409 cella
621 1382 681 1414 sua)
706 1389 858 1417 exsurgens
873 1381 948 1408 venit
968 1381 997 1408 in

208 1426 316 1460 urbem,
335 1427 457 1455 latrones
479 1428 574 1456 eduxit
596 1435 612 1455 e
628 1435 751 1459 carcere,
777 1435 880 1463 eosque
900 1435 998 1463 propa-

207 1472 261 1499 lam
281 1473 418 1500 liberam.

243 1519 287 1546 9|.
308 1518 364 1553 (47)
380 1518 452 1545 Dixit
468 1518 554 1549 abbas
566 1517 676 1546 Pmmen
692 1527 698 1546 :
716 1517 867 1546 Monachus
883 1525 940 1545 non
954 1521 998 1545 est

1048 279 1140 306 Καλὸν
1163 280 1193 306 τὸ
1209 281 1425 316 «pontiﬁcem;
1449 282 1530 316 Λέγει
1549 283 1624 318 αὐτῴ
1645 284 1659 310 6
1681 283 1780 320 γέρων,
1796 286 1839 314 ὅτι

1049 323 1126 354 εἶπεν
1139 327 1154 353 6
1165 327 1253 359 ἁῦὗᾶς
1264 327 1414 360 Ἀντώνιος,
1424 328 1464 355 ὅτι
1479 328 1510 355 Ἢ
1525 329 1600 364 φωνὴ
1614 329 1682 365 αὕτη
1695 332 1840 367 ὲκπορεὺετ

1048 381 1093 400 ται
1119 373 1152 401 ἐκ
1181 373 1328 409 προσώπου
1349 374 1465 410 Κυρίου,
1490 375 1618 409 λέγουσα·
1636 378 1839 410 Παρακαλεῖτε

1047 420 1102 446 τὸν
1115 419 1192 446 λαόν
1205 428 1274 454 μου,
1291 419 1372 455 λέγει
1387 420 1505 454 Κύριος,
1522 422 1729 455 παρακαλεῖτε.

1083 465 1140 501 σπη’.
1153 466 1280 500 Ἀδελφὸς
1293 466 1418 502 ἠρώτησε
1431 467 1476 494 τὸν
1488 467 1575 494 assam
1591 469 1722 504 Ποιμένα,
1734 469 1820 505 λέγων
1829 478 1837 486 ·

1048 511 1164 538 Δύναται
1180 511 1323 547 ἄνθρωπος
1342 513 1488 547 κατασχεῖν
1507 513 1584 544 ὅλους
1596 513 1660 545 τοὺς
1679 513 1837 550 λογισμοὺς,

1048 558 1096 584 καὶ⁸
1112 557 1214 593 μηδένα
1230 557 1260 589 ἐξ
1273 557 1362 584 αὐτῶν
1375 557 1474 584 διδόναι
1487 558 1526 593 τῷ
1541 559 1630 594 ἐχθρῷ
1643 569 1650 592 ;
1666 560 1720 586 Καὶ
1736 558 1812 587 εἶπεν
1823 562 1838 587 6

1047 604 1137 639 γέρων
1149 611 1156 618 ·
1174 604 1268 630 Ἔστιν
1282 604 1296 629 6
1310 603 1455 639 λαμόάνων
1467 604 1544 634 δέκα,
1564 605 1609 632 καὶ
1627 605 1707 633 διδῶν
1724 606 1783 634 ἕνα.

1083 650 1138 677 πθ’.
1157 649 1185 676 'U
1198 650 1279 682 αὐτὸς
1289 650 1404 685 ἀδελφὸς
1416 651 1461 677 τὸν
1471 651 1551 677 αὑτὸν
1563 651 1640 685 λόγον
1651 652 1743 687 ὴρώτη
1749 661 1778 679 σε
1791 653 1838 685 τὸν

1047 696 1134 723 essay
1147 696 1254 732 Σισόην.
1272 697 1328 723 Καὶ
1345 696 1419 732 λέγει
1440 697 1531 733 αὐτῷ·
1544 697 1627 724 Φύσει
1641 698 1682 725 ὅτι
1703 699 1786 731 ἐστὶν,
1808 699 1839 730 ὃς

1047 742 1123 769 οὐδὲν
1137 742 1252 778 παρέχει
1266 742 1306 778 τῷ
1320 742 1421 778 ἐχθρῷ.

1083 792 1118 823 ιη’.
1133 787 1188 816 Ἦν
1201 798 1244 821 τις
1257 790 1345 824 μέγας
1355 790 1512 825 ἡσυχαστὴς
1523 791 1553 816 ἐν
1563 789 1603 826 τῷ
1619 791 1677 826 δρει
1690 792 1740 826 τῆς
1750 791 1838 818 Ἀθλί-

1047 835 1117 868 6εως
1126 844 1133 850 ·
1149 836 1196 863 καὶ
1209 834 1292 872 ἦλθον
1308 836 1400 863 ἐπάνω
1412 837 1494 864 αὑτοῦ
1507 836 1619 872 λῃσταί⁸
1635 838 1682 864 καὶ
1696 838 1809 873 ἔκραξεν
1823 839 1838 865 6

1048 883 1154 918 γέρων·
1177 883 1225 908 καὶ
1251 882 1418 914 ἀκούσαντες
1439 883 1464 909 οἱ
1482 883 1602 916 γείτονες
1620 883 1702 910 αὐτοῦ
1720 884 1839 911 ἐπίασαν

1046 928 1110 959 τοὺς
1127 927 1240 964 λῃστὰς,
1266 928 1314 954 καὶ
1336 927 1461 962 ἔπεμψαν
1479 929 1578 960 αὐτοὺς
1592 929 1632 964 τῷ
1647 930 1774 964 ἡγεμόνι,
1791 931 1838 956 καὶ

1046 973 1142 1000 ἐὸαλεν
1153 974 1194 1005 εἰς
1208 973 1341 1009 φυλακήν.
1358 975 1412 1000 Καὶ
1427 974 1600 1010 ἐλυπήθησαν
1616 976 1642 1001 οι
1657 975 1776 1010 ἀδελφοὶ,
1792 976 1838 1002 λέ-

1046 1027 1150 1054 γοντες,
1165 1019 1206 1046 ὃτι
1225 1019 1264 1045 Δι’
1282 1020 1355 1054 ἡμᾶς
1376 1020 1575 1055 παρεδόθησαν.
1593 1021 1648 1047 Καὶ
1673 1022 1840 1053 ἀναστάντες

1047 1065 1167 1100 ἀπῆλθον
1184 1064 1251 1100 πρὸς
1275 1064 1321 1090 τὸν
1342 1064 1429 1091 ἁόϐᾶν
1451 1065 1581 1100 Ποιμὲνα,
1602 1066 1650 1092 καὶ
1673 1067 1838 1102 ἅνήγγειλαν

1046 1110 1121 1145 αὐτῷ
1137 1110 1168 1136 τὸ
1183 1111 1311 1145 πρᾶγμα.
1326 1110 1382 1136 Καὶ
1400 1110 1502 1146 ἔγραψε
1518 1111 1585 1147 πρὸς
1597 1111 1642 1138 τὸν
1655 1111 1780 1147 γέροντα,
1794 1112 1839 1138 λέ-

1046 1166 1102 1191 γων
1114 1166 1120 1172 ·
1131 1157 1274 1191 Ἐννόησον
1286 1156 1334 1192 τὴν
1347 1157 1458 1192 πρώτην
1471 1158 1616 1192 προδοσίαν
1631 1159 1713 1185 πόθεν
1728 1159 1838 1194 γέγονε,

1047 1203 1096 1230 καὶ
1109 1203 1169 1230 τότε
1185 1203 1294 1238 βλέπεις
1306 1203 1355 1238 τὴν
1368 1203 1507 1239 δευτέραν.
1523 1204 1554 1229 Εἰ
1570 1204 1607 1239 μὴ
1622 1204 1676 1239 γὰρ
1689 1204 1838 1240 προεδόθης

1047 1249 1179 1286 πρότερον
1194 1250 1226 1275 ὲκ
1245 1249 1300 1276 τῶν
1317 1249 1428 1280 ἔσωθεν,
1444 1249 1494 1276 οὐκ
1509 1250 1541 1276 ἂν
1566 1249 1613 1284 τὴν
1627 1250 1756 1284 δευτέραν
1771 1259 1838 1286 προ-

1046 1295 1139 1323 δοσίαν
1166 1295 1309 1331 ἐποίησας.
1335 1295 1470 1328 Ἀκούσας
1497 1296 1525 1322 δὲ
1545 1296 1594 1331 τὴν
1618 1297 1763 1332 ἐπιστολὴν
1790 1296 1838 1323 τοῦ

1048 1342 1120 1369 ἀϐόᾶ
1131 1341 1265 1377 Ποιμένος
1287 1339 1331 1377 (ἦν
1341 1341 1369 1368 δὲ
1383 1342 1533 1376 ὀνομαστὸς
1548 1344 1588 1375 εις
1597 1343 1662 1378 ὃλην
1671 1343 1721 1378 τὴν
1735 1342 1838 1379 χώραν,

1047 1389 1095 1421 καὶ
1108 1387 1146 1423 μὴ
1163 1387 1340 1423 ἐξερχόμενος
1354 1388 1386 1413 ὲκ
1405 1387 1452 1414 τοῦ
1473 1388 1579 1414 κελλίου
1594 1388 1700 1422 αὐτοῦ),
1719 1388 1839 1420 ἀναστὰς

1046 1431 1128 1468 ἦλθεν
1143 1433 1184 1464 εἰς
1197 1432 1248 1468 τὴν
1264 1432 1350 1464 πόλιν,
1365 1433 1412 1459 καὶ
1423 1433 1535 1465 ἐξέϐαλε
1549 1434 1613 1464 τοὺς
1627 1433 1731 1468 λῃστὰς
1745 1434 1775 1460 ὲκ
1787 1433 1840 1468 τῆς

1047 1477 1182 1512 φυλακῆς,
1195 1478 1242 1504 καὶ
1257 1477 1374 1512 δημοσίᾳ
1389 1477 1575 1512 ἠλευθέρωσεν
1591 1477 1702 1508 αὐτούς.

1082 1523 1135 1556 μα’.
1155 1520 1237 1550 Εἶπεν
1260 1523 1274 1548 6
1300 1521 1386 1553 666d;
1413 1522 1532 1557 Ποιμήν”
1550 1522 1607 1548 Οὐκ
1634 1521 1694 1548 ἐστι
1723 1521 1839 1556 μοναχὸς

207 1565 351 1599 querulus,
379 1565 532 1593 monachus
558 1573 613 1592 non
637 1565 702 1592 facit
728 1565 938 1592 retributionem
969 1565 997 1591 in

1054 1567 1235 1603 μεμψίμοιρος
1244 1576 1250 1583 ’
1263 1567 1313 1593 οὐκ
1326 1566 1383 1593 ἐστι
1401 1566 1517 1601 μοναχὺς
1539 1566 1624 1592 ποιῶν
1642 1565 1815 1599 ἀνταπόδομα
1828 1573 1835 1578 ·

208 1611 280 1639 malo
289 1619 300 1644 ;
319 1612 472 1640 monachus
485 1619 540 1639 non
557 1615 599 1640 est
616 1611 777 1639 iracundus.

218 1651 220 1654 ’
243 1658 288 1686 92.
310 1657 413 1685 Senum
430 1657 556 1685 nonnulli
573 1657 607 1684 ad
622 1657 748 1685 abbatem
763 1656 918 1684 Pmmenem
938 1663 998 1691 pro-

207 1703 273 1732 fecti
302 1703 433 1731 dixerunt
453 1704 504 1732 ei:
531 1703 708 1739 Prmeipisne.
741 1707 770 1730 ut
802 1703 826 1731 si
849 1703 998 1731 viderimus

208 1750 309 1778 fratres
334 1748 361 1776 in
389 1757 470 1777 sacro
499 1748 594 1776 Oﬂicio
621 1750 814 1781 dormitantes,
838 1750 998 1777 vellicemus

207 1803 268 1829 eos,
283 1802 338 1831 quo
353 1795 508 1823 excitentur
519 1795 552 1822 ad
566 1795 708 1830 vigiliam?
719 1796 765 1823 llle
780 1803 844 1823 vero
859 1795 898 1822 ait
913 1795 996 1830 ipsis:

207 1841 266 1877 Ego
288 1841 412 1877 profecto
442 1849 504 1871 cum
525 1841 638 1870 fratrem
666 1843 859 1870 dormitantem
889 1843 1000 1877 conspi-

208 1888 264 1921 cio,
277 1892 360 1922 caput
377 1888 438 1923 ejus
455 1895 528 1924 pono
543 1895 626 1924 super
642 1896 731 1924 genua
746 1888 914 1925 mea.’eique
933 1897 999 1917 con-

208 1933 274 1960 cilio
290 1933 424 1968 requiem.
466 1929 468 1932 ’

245 1979 288 2007 95.
313 1980 369 2015 (48)
386 1978 541 2008 Narrabant
556 1979 590 2008 de
600 1980 718 2015 quodam
738 1980 832 2015 fratre,
846 1982 918 2016 quod
938 1985 998 2009 ten-

209 2025 344 2052 tationem
369 2025 548 2060 blasphemia;
574 2030 730 2060 pateretur,
761 2034 793 2053 ac
823 2028 999 2055 erubesceret

210 2071 303 2099 dicere
317 2081 324 2098 :
344 2071 390 2099 ubi
406 2079 472 2099 vero
486 2072 608 2099 audisset
625 2072 715 2107 magni
729 2073 818 2100 meriti
834 2080 914 2100 senes
925 2081 997 2106 esse,

210 2118 353 2146 accederet
371 2117 404 2144 ad
419 2110 477 2150 eos,
495 2122 525 2144 ut
537 2118 744 2151 manifestaret;
759 2118 807 2146 sed
824 2126 886 2146 cum
902 2127 999 2154 perve-

210 2166 309 2195 nisset,
326 2172 381 2192 non
394 2164 507 2192 auderet
519 2172 575 2200 pra
590 2165 693 2200 pudore
707 2165 842 2192 confiteri.
855 2164 932 2201 Saepe
949 2166 1000 2200 ἱεί-

211 2209 256 2238 tar
286 2215 313 2238 et
342 2211 467 2238 abbatem
496 2209 652 2238 Pmmenem
680 2210 758 2238 adiit.
790 2210 877 2238 Senex
907 2215 997 2238 autem

211 2257 448 2284 animadvertebat
470 2264 533 2284 eum
555 2256 770 2289 cogitationibus
789 2257 893 2289 vexari,
909 2261 935 2284 et
957 2257 998 2283 af—
1013 2263 1038 2293 ι)

210 2302 354 2338 ﬂigebatur
374 2302 448 2338 quod
468 2302 554 2330 frater
570 2311 743 2338 nequaquam
759 2303 924 2331 declararet.
948 2303 1000 2331 lta-

211 2355 266 2382 que
285 2347 405 2382 quodam
428 2347 472 2374 die
495 2347 634 2374 deducens
652 2347 740 2378 illum,
761 2347 841 2379 Ecce,
867 2347 965 2383 inquit,
985 2356 1000 2375 ιι

210 2398 288 2421 tanto
303 2397 425 2428 tempore
437 2394 490 2420 huc
503 2394 594 2428 pergis
610 2394 779 2421 iudicaturus
798 2394 864 2421 mihi
881 2394 1001 2429 cogitata

209 2445 269 2470 tua.
286 2445 313 2467 et
328 2447 390 2467 cum
411 2441 487 2473 ades,
510 2447 564 2467 non
588 2440 630 2467 vis
645 2440 739 2473 effari,
757 2439 805 2467 sed
821 2441 1000 2475 quemadmo-

211 2486 276 2512 dum
289 2491 368 2514 antea
384 2487 490 2514 recedis
504 2494 566 2513 cum
582 2487 626 2518 iis,
647 2487 756 2514 anxius.
773 2485 906 2521 Eloquere
921 2487 998 2517 mihi,

212 2532 261 2561 llli.
278 2531 407 2566 quidnam
426 2532 475 2559 tibi
497 2532 542 2559 sit.
565 2532 718 2567 Respondit
737 2532 782 2559 ille
800 2541 806 2559 ί
823 2531 852 2559 1η
872 2533 1000 2567 blasphe-

213 2577 296 2601 miam
318 2582 486 2610 pravumque
511 2576 545 2603 de
565 2575 620 2603 Deo
639 2576 797 2611 opinionem
822 2577 937 2611 impellit
955 2585 1000 2605 me

212 2621 330 2653 daemon,
342 2625 369 2648 et
379 2621 479 2649 rubore
490 2622 612 2649 suffusus
630 2622 772 2656 hucusque
783 2622 867 2649 tacui.
875 2622 999 2658 Cumque

214 2677 270 2696 rem
283 2669 308 2696 ei
329 2674 479 2702 narrasset,
497 2669 571 2698 illico
587 2670 674 2698 sensit
687 2670 879 2698 levamentum.
901 2671 946 2698 Ait
959 2671 999 2698 illi

249 2747 272 2762 “
292 2747 344 2774 lsa.
361 2755 405 2779 ιι,
424 2749 447 2774 ι.

248 2828 304 2864 (16)
324 2828 377 2855 γη.
395 2827 472 2864 Patr.
487 2836 528 2857 Ill.
548 2828 602 2860 85;
626 2828 743 2864 l’iridar.
760 2828 860 2857 Raderi
875 2837 913 2864 ut,
928 2829 956 2862 6,
970 2830 997 2857 8.

249 2863 305 2894 (Π)
318 2863 436 2898 Append.
454 2871 481 2898 p.
501 2863 570 2890 1005
593 2872 620 2891 n.
637 2863 681 2891 82.

249 2897 305 2935 (48)
326 2898 377 2927 Vit.
391 2897 468 2926 Patr.
487 2906 526 2932 In,
546 2899 589 2926 57.

1048 1614 1099 1640 οὐκ
1114 1613 1173 1640 εστι
1189 1613 1304 1648 μοναχδς
1318 1611 1436 1647 ὀργίλος.

1084 1659 1136 1694 1.,β’.
1154 1658 1311 1694 Παρέϐαλόν
1321 1665 1391 1689 τινες
1403 1657 1457 1683 τῶν
1465 1657 1600 1691 γερόντων
1612 1656 1678 1691 πρὸς
1690 1655 1735 1682 τὸν
1751 1654 1842 1682 ὰσὸἃν

1048 1705 1179 1741 Ποιμένα,
1196 1704 1244 1731 καὶ
1265 1701 1342 1730 εἷπον
1365 1703 1454 1738 αὐτῷ·
1469 1703 1574 1735 Θέλεις,
1590 1703 1637 1728 ἐὰν
1659 1702 1758 1736 ἴδωμεν
1774 1701 1839 1733 τοὺς

1049 1751 1179 1786 ἀδελφοὺς
1195 1749 1377 1781 νυστάζοντας
1391 1750 1431 1780 εἰς
1447 1749 1496 1784 τὴν
1511 1748 1632 1781 σύναξιν,
1651 1746 1774 1782 νὺξωμεν
1790 1747 1841 1772 αὺ-

1048 1798 1122 1829 τοὺς,
1140 1797 1183 1823 ἵνα
1199 1795 1373 1832 γρηγορῶσιν
1391 1796 1432 1827 εἰς
1447 1795 1497 1829 τὴν
1512 1794 1684 1829 ἁγρυπνίαν;
1707 1793 1736 1819 '0
1753 1793 1780 1819 δὲ
1793 1792 1840 1818 λέ-

1048 1852 1091 1878 ¹γει
1105 1843 1196 1874 αὐτοῖς
1208 1852 1214 1858 ·
1233 1842 1304 1877 Ἐγὼ
1327 1842 1395 1873 τέως
1409 1841 1456 1868 ἐὰν
1470 1841 1518 1867 ῐδω
1540 1841 1586 1866 τὸν
1608 1840 1722 1874 ἀδελφὺν
1739 1839 1840 1865 νυστάο

1049 1889 1141 1922 ζοντα,
1159 1889 1226 1915 τιθῶ
1243 1889 1293 1924 τὴν
1309 1887 1431 1923 κεφαλὴν
1448 1887 1531 1914 αὐτοῦ
1544 1887 1591 1914 ἐπὶ
1607 1886 1642 1913 τὰ
1656 1886 1759 1922 γόνατά
1777 1894 1840 1921 μου,

1050 1937 1096 1963 καὶ
1114 1935 1246 1962 ἀναπαύω
1264 1935 1354 1962 αὐτόν.

1084 1983 1138 2017 1-,γ’,
1161 1982 1273 2015 Ἔλεγον
1287 1973 1343 2017 (49)
1361 1980 1424 2015 περί
1447 1989 1519 2011 τινος
1543 1979 1668 2013 ἀδελφοῦ,
1684 1979 1726 2005 ὅτι
1745 1978 1841 2005 ἐπολε-

1051 2029 1124 2065 μήθη
1138 2030 1179 2060 εἰς
1189 2018 1373 2063 βλασφημίαν,
1390 2028 1437 2054 καὶ
1449 2027 1582 2062 ᾐσχύνετο
1594 2027 1694 2052 εἰπεῖν·
1715 2026 1761 2052 καὶ
1773 2025 1840 2052 ὅπου

1049 2076 1132 2110 ἤκουε
1155 2075 1291 2110 μεγάλους
1317 2074 1458 2109 γέροντας,
1484 2072 1619 2108 παρέϐαλε
1645 2072 1746 2103 αὐτοῖς.
1770 2071 1841 2097 ὥστε

1050 2120 1227 2155 ἀναγγεῖλαι·
1243 2120 1290 2146 καὶ
1311 2119 1349 2150 ὼς
1366 2118 1490 2153 ἔφθανεν,
1509 2118 1641 2153 ᾐσχύνετο
1663 2117 1839 2152 ὁμολογῆσαι.

1051 2167 1184 2198 Πολλάκις
1199 2164 1246 2192 οὖν
1268 2165 1406 2200 παρέδαλε
1425 2164 1473 2190 καὶ
1488 2163 1527 2198 τῷ
1547 2163 1619 2199 ἀϐδᾷ
1642 2163 1764 2198 Ποιμένι.
1786 2163 1842 2188 Καὶ

1051 2213 1162 2240 ἔϐλεπεν
1181 2212 1262 2239 αὑτὸν
1275 2212 1290 2237 6
1303 2211 1393 2246 γέρων
1417 2211 1512 2246 ἔχοντα
1535 2211 1690 2246 λογισμοὺς,
1711 2210 1758 2236 καὶ
1782 2209 1843 2236 ἔλυ-

1052 2259 1137 2292 πεῖτο,
1156 2257 1203 2284 τοῦ
1226 2257 1340 2291 ἀδελφοῦ
1362 2258 1399 2292 μὴ
1421 2257 1644 2290 ἀναγγέλλοντος.
1661 2256 1706 2282 Ἐν
1732 2255 1781 2291 μιᾷ
1795 2254 1843 2281 οὖν

1051 2305 1106 2331 τῶν
1125 2303 1246 2339 ἡμερῶν,
1268 2304 1438 2339 προπέμπων
1458 2303 1539 2328 αὑτὸν
1555 2302 1647 2334 ἔλεγεν
1666 2301 1740 2336 αὐτῷ
1752 2309 1758 2316 ·
1775 2301 1842 2327 Ἰδοὺ

1051 2350 1179 2377 τοσοῦτον
1193 2350 1288 2386 χρόνον
1302 2350 1369 2386 ἔρχῃ
1388 2347 1438 2375 ὦδε
1453 2349 1522 2384 ἔχων
1536 2348 1682 2383 λογισμοὺς
1695 2347 1743 2374 τοῦ
1759 2347 1842 2380 ἀναγ-

1051 2395 1139 2430 γεῖλαί
1166 2403 1223 2430 μοι,
1241 2395 1288 2422 καὶ
1305 2395 1368 2421 ὅταν
1383 2394 1451 2430 ἔρχῃ
1471 2395 1501 2420 οὐ
1517 2394 1604 2424 θέλεις
1621 2393 1720 2424 αὐτοὺς
1743 2393 1841 2424 εἰπεῖν,

1051 2441 1121 2467 ἀλλὰ
1136 2441 1207 2468 κατὰ
1232 2440 1306 2473 ἅπαξ
1322 2441 1438 2474 ὑπάγεις
1463 2439 1618 2474 θλιϐόμενος
1639 2438 1709 2473 ἔχων
1732 2437 1841 2469 αὐτούς.

1052 2486 1120 2512 Εἰπέ
1137 2495 1182 2521 μοι
1202 2484 1259 2517 οὖν,
1285 2485 1389 2517 τέκνον,
1406 2486 1432 2512 τί
1447 2486 1520 2512 ἐστιν
1535 2486 1549 2511 ὂ
1568 2485 1651 2520 ἔχεις.
1673 2484 1704 2512 ’0
1719 2485 1747 2511 δὲ
1766 2483 1842 2510 εἶπεν

1052 2531 1143 2566 αὐτῷ·
1162 2532 1223 2558 Ὀτι
1240 2532 1280 2562 εἰς
1298 2531 1471 2566 βλασφημίαν
1486 2531 1553 2557 Θεοῦ
1571 2531 1684 2566 πολεμεῖ
1708 2539 1741 2565 με
1757 2531 1772 2556 6
1786 2530 1843 2556 Bai-

1054 2586 1122 2613 μων,
1143 2578 1190 2604 καὶ
1204 2579 1361 2613 ᾐσχυνόμην
1375 2579 1471 2604 εἰπεῖν.
1487 2577 1541 2603 Καὶ
1555 2577 1753 2612 διηγησάμενος
1769 2576 1844 2610 αὐτῷ

1052 2626 1082 2652 τὸ
1098 2626 1224 2661 πρᾶγμα,
1243 2625 1345 2656 εὐθέως
1370 2625 1531 2660 ὲλαφρύνϐη.
1563 2625 1617 2651 Καὶ
1641 2623 1718 2650 εἶπεν
1741 2623 1814 2658 αὐτῷ
1829 2624 1843 2648 6

1052 2672 1156 2708 γέρων·
1171 2671 1217 2708 Μὴ
1232 2671 1333 2704 θλιὸου,
1359 2671 1453 2698 τέκνον
1463 2680 1469 2687 ·
1485 2671 1542 2698 ἀλλ’
1556 2671 1620 2697 ὅταν
1642 2671 1754 2705 ἔρχηται
1770 2670 1784 2695 6
1798 2669 1842 2695 λο-

1089 2827 1144 2863 (49)
1165 2829 1303 2862 Ἔλεγον.
1320 2827 1376 2855 Hoc
1395 2827 1600 2861 Apophtliegma,
1617 2831 1647 2854 ut
1664 2832 1690 2863 et
1706 2826 1758 2852 alia
1775 2833 1844 2863 non-

1053 2864 1141 2894 nulla.
1155 2865 1228 2890 velut
1242 2864 1449 2899 paraphrastice
1474 2867 1632 2890 enarratum
1648 2862 1741 2898 videre
1755 2865 1799 2890 est
1813 2862 1850 2902 in.

1053 2899 1173 2927 Culbert.
1191 2899 1252 2926 cod.
