1970 3074
114 179 170 210 585

691 178 1004 209 APOPIITHEGMATA
1019 179 1175 208 PATllUM.

1694 178 1747 206 3l6

115 236 211 272 γισμὸε
224 232 311 267 οὗτος,
323 235 402 269 λέγεθ
419 234 491 270 Ἐγὼ
509 235 626 271 πρᾶγμα
640 237 690 263 οὐκ
707 237 761 272 ἔχω
771 247 777 253 ·
793 239 809 273 ἡ
828 238 910 273 βλασ-

971 248 1044 268 ιοηωι
1061 249 1068 267 :
1085 238 1147 270 Fili,
1167 245 1201 265 ne
1216 241 1243 265 te
1260 237 1378 274 afﬂigas;
1396 237 1444 265 sed
1461 236 1571 272 quoties
1586 237 1700 264 subierit
1716 245 1748 265 ea

114 283 204 317 φημῐα
218 290 264 308 σου
279 281 372 308 ἐπάνω
393 290 451 311 σου.
465 281 581 308 Σατανᾶ.
593 282 678 309 Τοῦτο
687 283 741 319 γὰρ
750 284 781 310 τὸ
791 285 907 320 πρᾶγμα

114 329 144 355 οὐ
157 328 229 355 θέλει
244 329 260 363 ἡ
279 327 351 363 ψυχή
377 335 444 362 μου.
460 327 519 354 Πᾶν
534 327 563 354 δὲ
585 329 702 364 πρᾶγμα
724 329 738 355 ὃ
753 330 784 356 οὐ
803 330 875 357 θέλει
890 332 906 366 ὴ

113 374 197 409 ψυχὴ,
214 373 396 409 ὁλιγοχρόνιόν
424 374 493 400 ἐστι.
508 374 562 400 Καὶ
577 373 757 410 θεραπευθεὶς
767 376 781 402 6
796 376 908 412 ἀδελφὸς

115 420 248 456 ἀπῆλθεν.

150 511 200 545 ιδ’.
214 511 370 547 Ἠρώτησεν
382 512 495 545 ἁδελφὸς
509 512 555 538 τὸν
567 512 653 539 ἁὸϐἄν
664 512 794 546 Ποιμένα,
807 513 906 547 λέγων·

120 557 192 593 ’0ρῶ
209 557 336 592 ἐμαυτὸν,
350 558 391 583 ὅτι
403 558 470 584 ὅπου
484 559 506 584 δ’
523 557 556 584 ἂν
566 558 686 590 ἀπέλθω,
699 558 819 594 εὑρίσκω
834 559 909 585 ἀντί-

113 605 205 639 ληψιν.
224 605 305 638 Λέγει
327 604 402 639 αὐτῷ
417 606 432 631 6
446 604 546 640 γέρων,
568 605 608 630 ὅτι
623 605 678 631 Καὶ
691 605 716 630 οἱ
736 605 804 640 μετὰ
814 606 909 640 χεῖρας

115 650 223 684 ἔχοντες
229 649 260 676 τὸ
269 649 344 684 ξίφος
354 650 445 684 ἔχουσι
454 650 499 676 τὸν
506 649 573 676 Θεὸν
583 649 709 676 ἐλεοῦντα
720 650 819 681 αὐτοὺς
830 650 859 676 ἐν
870 649 909 684 τῷ

113 696 231 732 παρόντι
255 696 354 731 καιρῷ.
372 696 437 723 Ἐὰν
453 694 499 722 οὖν
517 693 593 731 ὦμεν
609 695 736 732 ἀνδρεῖοι,
761 697 832 722 ποιεῖ
850 695 909 731 μεθ’

113 742 195 777 ἡμῶν
209 742 240 768 τὸ
254 742 328 774 ἔλεος
341 741 434 769 αὐτοῦ.

150 790 203 821 ιιιε¹.
224 785 308 814 Εἶπεν
330 788 345 814 6
369 787 458 818 ὰσϐἄς
479 787 597 822 Ποιμὴν,
615 788 656 814 ὅτι
678 787 741 814 Ἐὰν
766 787 909 822 ἄνθρωπος

113 834 210 867 ἑαυτὸν
226 834 379 869 μέμψηται,
396 834 526 869 καρτερεῖ
541 833 690 868 πανταχοῦ.

149 882 206 913 ιιςι.
225 878 293 906 Elite
315 879 408 912 πάλιν,
431 881 472 906 ὅτι
495 879 589 913 ἔλεγεν
607 881 620 906 6
641 879 728 910 assa;
751 878 907 914 ’Λμμωνᾶ;,

961 285 1102 320 cogitatio,
1118 284 1184 311 dic:
1202 283 1258 319 Ego
1277 284 1305 311 in
1317 291 1402 312 causa
1425 283 1482 311 sive
1496 284 1577 317 culpa
1597 290 1651 310 non
1671 291 1749 316 sum;

961 331 1130 366 blasphemia
1156 335 1200 357 tua
1222 337 1303 365 super
1329 334 1355 358 te
1375 330 1422 362 sit,
1439 329 1550 356 Satana.
1577 328 1653 356 Hanc
1676 330 1750 357 enim

961 385 1019 404 rem
1034 384 1088 403 non
1107 376 1163 403 vult
1177 376 1266 402 anima
1285 383 1355 402 mea.
1375 374 1513 409 Quidquid
1529 382 1612 409 porro
1625 382 1679 401 non
1693 375 1751 402 vult

962 423 1065 455 anima,
1082 422 1167 449 breve
1181 426 1289 456 tempus
1313 422 1405 449 durat.
1424 422 1514 456 Atque
1538 420 1642 448 medela
1667 420 1751 447 animi

962 471 1089 502 suscepta
1103 467 1188 495 frater
1200 467 1339 498 discessit,

998 512 1043 540 94.
1065 512 1246 546 Interrogavit
1260 511 1345 538 frater
1358 511 1483 539 abbatem
1501 511 1669 542 Poemenem.
1689 518 1753 538 ora»

962 560 1037 587 tione
1055 559 1105 586 hac
1120 569 1127 586 ε
1144 559 1232 586 Video
1252 558 1326 594 quod
1347 566 1512 594 quocunque
1535 565 1692 593 perrexero,
1707 558 1752 584 in-

962 606 1070 634 veniam
1094 605 1260 633 subsidium.
1277 606 1323 632 Ait
1338 605 1376 632 illi
1394 613 1478 632 senex
1495 613 1503 632 :
1519 605 1571 638 Qui
1585 613 1641 640 pra:
1663 605 1751 632 mani-

962 651 1014 678 bus
1029 650 1148 686 gladium
1163 654 1266 683 tenent,
1281 650 1365 678 Deum
1392 651 1513 678 sentiunt
1536 651 1752 678 misericorditer

963 697 1134 732 adjuvantem
1151 705 1198 725 eos
1215 697 1242 724 in
1256 700 1384 732 praesenti
1402 701 1533 732 tempore.
1550 698 1580 725 Si
1591 705 1656 734 ergo
1667 697 1752 725 fortes

962 743 1160 776 exstiterimus,
1172 743 1253 771 nobis
1271 743 1489 772 misericordiam
1506 751 1584 771 suam
1601 744 1749 771 exhibebit.

998 789 1042 817 95.
1065 790 1120 824 (50)
1136 789 1211 816 Dixit
1231 790 1316 817 abbas
1327 789 1449 822 Pcemen,
1469 789 1542 825 quod
1562 790 1585 817 si
1604 790 1684 817 homo
1708 799 1753 817 sc-

963 835 1052 870 ipsum
1068 836 1232 871 culpaverit,
1252 836 1353 870 ubique
1368 836 1566 870 perduraturus
1581 840 1634 863 est.

998 879 1042 905 96.
1064 878 1167 906 Retulit
1179 881 1275 906 iterum
1288 879 1390 906 dictum
1406 880 1457 907 hoc
1471 881 1578 908 abbatis
1591 881 1750 910 Ammonae:

113 927 154 953 ὅτι
170 925 265 953 Ἔστιν
279 926 423 961 ἄνθρωπος
437 925 466 956 ὃς
483 926 555 951 ποιεῖ
570 925 666 951 ἑκατὸν
678 924 725 959 ἐτη
743 925 772 950 ὲν
784 923 824 958 τῷ
849 922 911 949 κελ-

971 923 1012 950 Est
1038 924 1119 950 homo
1139 925 1186 958 qui
1209 929 1318 950 centum
1341 929 1429 951 annos
1450 925 1477 951 in
1497 925 1565 952 cella
1584 932 1752 960 perseverat,

114 972 177 1007 λίῳ,
194 971 242 998 καὶ
254 972 283 998 οὐ
301 971 432 1007 μανθάνει
442 971 500 1003 πῶς
512 971 553 997 δεῖ
567 972 595 997 ὲν
613 970 710 1006 κελλίῳ
725 970 845 996 καθίσαι.

151 1018 203 1051 ι.,,ζ’⁸
219 1016 299 1044 Εἶπεν
310 1019 324 1044 ὁ
336 1017 423 1049 ἀϐὒᾶς
437 1018 553 1052 Ιῐοιμὴν,
569 1018 609 1043 ὅτι
629 1017 691 1043 Ἐὰν
704 1016 794 1052 φθάσῃ
807 1015 913 1050 ἄνθρω-

114 1071 166 1095 ﬁo;
184 1064 223 1094 el;
241 1063 272 1090 τὺ
288 1063 370 1098 ῥητὸν
383 1063 431 1090 τοῦ
447 1062 666 1094 Ἀποστόλου,τὸ,
680 1062 783 1089 Πάντα
798 1060 913 1093 καθαρὰ

114 1109 180 1142 τοῖς
196 1109 353 1143 καθαροῖς·
369 1110 420 1144 ὁρᾷ
433 1109 529 1136 ἑαυτὸν
543 1109 674 1136 ἐλάττονα
689 1108 780 1142 πάσης
789 1106 840 1142 τῆς
857 1105 914 1133 κτί-

118 1163 196 1186 σεως.
213 1155 294 1189 Λέγει
306 1157 320 1182 6
336 1155 451 1190 ἀδελφός
461 1164 468 1171 ·
484 1155 547 1187 Πῶς
562 1155 681 1190 δύναμαι
701 1153 821 1189 ἐμαυτὸν
833 1153 912 1180 ἐλάτ-

114 1210 181 1227 τονα
195 1201 242 1227 τοῦ
257 1202 359 1236 φονέως
382 1201 522 1237 ἡγεῖσθαι;
538 1201 621 1235 Λέγει
641 1202 656 1227 6
669 1200 771 1235 γέρων,
789 1201 830 1226 ὅτι
847 1199 912 1226 Ἐὰν

117 1247 211 1284 φθάσῃ
227 1247 371 1283 ἄνθρωπος
388 1248 428 1278 εἰς
439 1248 470 1274 τὸ
485 1247 560 1283 ῥῆμα
578 1247 667 1278 τοῦτο,
682 1247 730 1273 καὶ
747 1246 790 1282 ἴδῃ
804 1245 912 1281 ἄνθρω-

117 1302 169 1321 πον
198 1294 355 1328 φονεύοντα,
385 1294 471 1327 λέγει,
504 1295 544 1320 ὅτι
566 1293 674 1329 Ταύτην
699 1293 750 1328 τὴν
775 1292 912 1327 ἁμαρτίαν

117 1339 232 1374 ἐποίησε
256 1339 339 1375 μόνην
354 1335 443 1371 οὗτος,
460 1339 517 1374 ἐγὼ
539 1340 569 1366 δὲ
583 1340 689 1374 φονεὺω
713 1338 773 1367 καθ’
794 1339 913 1374 ἑκάστην

118 1386 236 1421 ἡμέραν.

155 1431 208 1468 1.,η’.
235 1431 392 1466 Ἦρώτησεν
408 1433 421 1458 6
441 1430 555 1466 ἁδελφὸς
569 1431 600 1458 τὸ
619 1431 685 1458 αὐτὸ
707 1431 782 1466 ῥῆμα
800 1430 845 1456 τὸν
860 1428 912 1457 ἀϐ-

119 1477 171 1504 εᾶν
192 1477 297 1507 'Avobﬁ.
312 1477 405 1509 ὠςὸτι
416 1475 492 1504 εἶπεν
506 1477 520 1502 6
537 1476 624 1507 ἀδὸᾶς
638 1477 754 1511 Ποιμήν.
771 1476 826 1502 Καὶ
837 1475 913 1509 λέγει

119 1523 196 1559 αὐτῷ
208 1524 320 1555 ὀὰὃῦᾶς
340 1523 445 1555 Ἀἰοὺό,
466 1524 506 1550 ὅτι
527 1522 590 1549 Ἐὰν
604 1522 694 1559 φθάσῃ
716 1522 858 1557 ἅνθρωπος
873 1522 914 1553 είς

117 1570 150 1596 τι
165 1570 242 1606 ῥῆμα
254 1569 342 1601 τοῦτο,
361 1570 408 1596 καὶ
425 1568 467 1604 ἴδῃ
483 1569 516 1596 τὰ
532 1569 711 1604 ὑστερήματα
724 1567 772 1595 τοῦ
796 1567 912 1602 ἀδελφοῦ

961 977 1012 997 nec
1026 969 1107 996 discit
1119 978 1172 1004 quo
1189 975 1269 1004 pacto
1285 970 1312 996 in
1329 971 1397 997 cella
1415 971 1591 998 residendum
1609 972 1654 998 sit.

998 1015 1043 1041 97.
1064 1016 1120 1050 (5t)
1135 1016 1208 1042 Dixit
1222 1015 1306 1043 abbas
1319 1015 1431 1044 Pwmen
1449 1026 1455 1043 :
1475 1016 1504 1043 Si
1516 1014 1753 1052 homo'pertigerit

962 1060 996 1087 ad
1007 1060 1127 1094 Apostoli
1145 1060 1254 1088 ell‘atum
1267 1061 1319 1088 hoc
1333 1070 1340 1088 :
1354 1060 1452 1088 Omnia
1472 1062 1572 1088 munda
1594 1063 1700 1089 mundis
1709 1063 1751 1094 ";

963 1106 1149 1141 deprehendet
1172 1114 1202 1134 se
1223 1107 1298 1134 omni
1323 1112 1449 1134 creatura
1467 1108 1601 1135 minorem
1618 1116 1689 1136 esse.
1710 1109 1754 1135 Ait

962 1151 1046 1180 frater
1066 1161 1074 1180 :
1097 1153 1240 1185 Quomodo
1268 1161 1380 1188 possum
1401 1161 1443 1181 me
1468 1154 1588 1188 pejorem
1616 1154 1753 1181 homiiida

962 1199 1145 1227 existimare?
1161 1198 1194 1226 Et
1207 1207 1291 1226 senex
1306 1209 1313 1227 :
1330 1199 1369 1231 Si,
1387 1199 1486 1234 inquit,
1504 1201 1658 1235 pervenerit
1671 1201 1754 1228 homo

965 1244 999 1272 ad
1014 1245 1156 1279 praefatum
1173 1246 1299 1278 verbum,
1315 1250 1342 1273 et
1357 1247 1532 1281 conspexerit
1548 1247 1685 1274 hominem
1704 1255 1753 1275 caa-

962 1291 1023 1318 dem
1042 1291 1142 1323 facere,
1157 1292 1230 1319 dicet
1244 1301 1252 1320 :
1269 1291 1328 1320 Hoc
1343 1293 1431 1320 solum
1450 1298 1593 1328 peccatum
1608 1293 1661 1321 iste
1679 1301 1755 1321 com-

963 1339 1054 1373 misit;
1066 1346 1117 1374 ego
1133 1347 1198 1367 vero
1211 1340 1335 1375 quotidie
1350 1346 1465 1368 mortem
1481 1341 1580 1370 infero.

998 1426 1044 1455 98.
1069 1426 1251 1463 Interrogavit
1264 1429 1349 1456 frater
1368 1429 1493 1456 abbatem
1512 1430 1593 1457 Anub
1608 1430 1642 1457 de
1658 1431 1752 1458 eodem

962 1474 1038 1502 dicto
1053 1474 1188 1508 Apostoli,
1205 1475 1329 1503 referens
1349 1476 1415 1510 quid
1442 1476 1528 1503 abbas
1550 1475 1663 1504 Ptemen
1689 1485 1754 1512 pro-

962 1519 1129 1548 nuntiasset.
1148 1519 1173 1547 ls
1196 1528 1282 1548 vero:
1298 1521 1326 1548 Si
1347 1522 1479 1557 attigerit,
1499 1523 1597 1557 inquit,
1621 1523 1703 1551 homo
1720 1524 1754 1551 ad

963 1573 1118 1593 sermonem
1131 1566 1220 1599 illum,
1233 1571 1260 1594 et
1276 1567 1375 1595 viderit
1386 1569 1481 1603 culpas
1497 1569 1590 1597 fratris
1603 1570 1657 1602 sui,
1673 1570 1755 1597 ellieit

120 1615 214 1645 αὐτοῦ,
232 1616 303 1641 ποιεῖ
317 1615 367 1650 τὴν
383 1614 556 1649 δικαιοσύνην
570 1614 652 1640 αὐτοῦ
667 1615 811 1640 καταπιεῖν
831 1614 910 1640 αὑτά.

971 1615 996 1638 ut
1011 1611 1117 1645 justitia
1130 1620 1179 1640 sua
1195 1620 1242 1640 eas
1259 1612 1382 1640 devoret.
1400 1613 1516 1650 Rogavit
1533 1615 1618 1642 frater
1635 1625 1641 1642 :
1658 1615 1754 1649 Qualis

119 1663 202 1697 Λέγει
217 1662 291 1697 αὐτῷ
306 1663 320 1687 6
339 1661 452 1696 ἀδελφός
463 1668 469 1674 “
484 1661 551 1686 Ποία
570 1660 644 1687 ἐστὶν
663 1661 680 1695 ἡ
693 1659 848 1695 δικαιοσύνη
863 1659 912 1686 αὺ-

118 1708 186 1740 τοῦ;
205 1707 353 1743 Ἀπεκρίθη
369 1707 382 1733 ὁ
400 1707 502 1741 γέρων-
519 1706 577 1732 Ἵνα
597 1706 713 1732 πάντοτε
729 1706 912 1741 καταμέμφη-

119 1763 166 1780 ται
181 1754 284 1781 ἑαυτόν.

155 1800 208 1834 L.0'.
230 1799 357 1833 Ἀδελφὺς
372 1797 433 1825 εἷπε
447 1798 487 1834 τῷ
501 1797 573 1834 ὰὸϐᾷ
589 1797 713 1833 Ποιμένι,
726 1798 766 1824 ὅτι
784 1797 847 1824 Ἐὰν
862 1806 914 1824 πα-

121 1846 234 1881 ραπέσω
245 1847 274 1872 ὲν
290 1844 391 1880 οἰκτρῷ
407 1844 623 1879 παραπτώματι,
638 1843 776 1870 κατεσθίει
791 1852 824 1879 με
838 1844 852 1869 ὁ
871 1843 914 1870 λο-

119 1893 220 1927 γισμός
234 1900 295 1927 μου,
317 1891 363 1918 καὶ
377 1891 535 1926 κατηγορεῖ,
551 1891 628 1917 Διατί
646 1891 816 1926 παρέπεσες;
833 1891 913 1925 Λέγει

119 1938 195 1973 αὐτῷ
204 1940 218 1965 6
233 1938 335 1974 γέρων·
357 1938 402 1963 Ἐν
446 1937 506 1972 ὥρᾳ
517 1937 665 1964 ὑποπίπτει
677 1937 819 1972 ἄνθρωπος
833 1937 914 1972 σφάλ-

122 1992 200 2020 ματι,
218 1984 265 2010 καὶ
283 1983 357 2018 εἴπῃ.
374 1983 527 2018 ’Ἦμαρτον,
542 1983 668 2017 παραυτά
681 1982 830 2009 πέπαυται.

159 2033 191 2065 ρ’.
215 2029 342 2064 Ἀδελιρὸς
360 2029 485 2064 ἠρώτησε
496 2028 541 2055 τὸν
554 2028 641 2055 ἅῦὂᾶν
661 2028 794 2063 Ποιμένα,
806 2027 894 2062 λέγων
905 2036 912 2042 ·

120 2076 198 2102 Διατί
213 2075 336 2102 πείθουσι
350 2075 399 2109 τὴν
410 2075 498 2109 ψυχήν
515 2083 564 2109 μου
577 2075 601 2100 οἱ
613 2074 748 2109 δαίμονες,
763 2072 832 2100 εἶναι
847 2074 915 2109 μετὰ

119 2122 167 2149 τοῦ
186 2121 395 2157 ὑπερϐαίνοντος
417 2129 462 2156 με,
486 2121 531 2146 καὶ
553 2120 660 2146 ποιοῦσί
684 2129 717 2155 με
737 2120 914 2153 ὲξουὸενῶσαι

120 2168 166 2194 τὸν
183 2167 314 2193 ἐλάττονὰ
333 2175 401 2202 μους
423 2166 504 2200 Λέγει
522 2165 597 2201 αὐτῴ
612 2167 626 2192 6
648 2166 753 2201 γέρων·
771 2166 821 2192 Διὰ
836 2166 915 2192 τοῦτο

121 2211 200 2240 εἶπεν
211 2214 224 2238 6
242 2213 413 2244 Ἀπόστολος,
428 2212 468 2238 ὅτι
488 2211 660 2246 Ἔτ’-μεγάλῃ
675 2212 753 2245 οἱκίᾳ
763 2213 818 2238 οὐκ
829 2212 916 2238 ἔστιν

118 2260 218 2295 μόνον
230 2259 325 2292 σκεύη
339 2257 438 2292 κρυσᾶ
450 2258 499 2285 καὶ
509 2257 633 2292 ἀργυρᾶ.
646 2257 725 2285 ἀλλὰ
742 2258 790 2284 καὶ
808 2258 915 2289 ξύλινα

963 1661 1005 1684 est
1030 1657 1136 1692 justitia
1162 1658 1254 1686 illius?
1278 1659 1431 1695 Respondit
1455 1669 1538 1689 senex
1559 1671 1566 1689 :
1589 1660 1624 1689 Ut
1647 1670 1755 1697 semper

963 1703 1146 1738 reprehendat
1160 1712 1201 1732 se.

999 1803 1044 1831 99.
1065 1803 1121 1839 (52)
1138 1803 1234 1832 Frater
1251 1804 1321 1832 dixit
1345 1805 1436 1832 abbati
1455 1804 1576 1833 Pcemeui
1600 1816 1607 1834 -.
1626 1805 1655 1833 Si
1681 1806 1755 1833 ceci-

963 1849 1030 1876 dero
1047 1850 1073 1877 in
1096 1851 1255 1878 miserabile
1275 1858 1432 1886 peccatum,
1448 1860 1491 1879 me
1506 1860 1584 1879 mens
1606 1853 1753 1884 remordet.

964 1899 991 1922 et
1008 1899 1132 1929 accusat,
1147 1904 1232 1930 quare
1245 1897 1389 1932 prolapsus
1403 1897 1513 1924 fuerim.
1530 1898 1574 1924 Ait
1595 1898 1633 1924 illi
1654 1906 1752 1934 senex:

964 1941 1022 1974 Qua
1032 1942 1099 1969 hora
1113 1943 1194 1969 homo
1206 1943 1253 1978 qui
1265 1943 1365 1971 delicto
1379 1945 1536 1976 succubuit,
1553 1945 1754 1979 pronuntiarit:

964 1987 1090 2020 Peccavi,
1106 1988 1249 2016 confestim
1269 1989 1349 2017 tinem
1364 1990 1444 2018 habet
1459 1995 1612 2025 peceatum.

1001 2034 1063 2061 £00.
1084 2033 1179 2062 Frater
1193 2043 1226 2062 ex
1238 2035 1337 2063 abbate
1351 2035 1481 2063 Pmmene
1498 2040 1676 2071 percontatus
1693 2042 1753 2064 est:

965 2080 1056 2113 Quare
1076 2081 1215 2110 dannones
1233 2083 1401 2117 persuadent
1425 2084 1523 2110 animae
1546 2091 1623 2117 meze,
1644 2087 1674 2111 ut
1693 2092 1756 2111 cum

965 2133 998 2153 eo
1012 2126 1059 2161 qui
1082 2134 1124 2154 me
1137 2128 1345 2163 supergreditur
1360 2136 1519 2160 eonverser,
1536 2128 1713 2164 cfliciuntque
1728 2133 1757 2156 ut

965 2172 1131 2207 vilipendam
1160 2181 1223 2201 eum
1246 2175 1291 2209 qui
1316 2183 1358 2202 me
1379 2179 1422 2202 est
1449 2175 1582 2202 inferior?
1606 2175 1757 2210 Respondit

966 2225 1048 2246 senex
1062 2228 1068 2245 ε
1085 2218 1146 2247 Ideo
1163 2219 1232 2246 dixit
1249 2220 1397 2254 Apostolus
1412 2231 1417 2248 :
1435 2220 1467 2248 In
1497 2230 1593 2256 magna
1612 2221 1690 2248 domo
1705 2230 1757 2248 non

966 2264 1053 2291 solum
1073 2269 1134 2291 sunt
1147 2274 1211 2292 vasa
1226 2274 1307 2292 aurea
1323 2271 1347 2293 et
1371 2272 1505 2302 argentea,
1524 2267 1568 2294 sed
1586 2273 1610 2294 et
1631 2268 1717 2302 lignea
1732 2273 1756 2294 el

121 2308 173 2334 atat
194 2305 367 2339 ὀστράκινα.
400 2305 471 2332 Ἐὰν
489 2303 545 2332 οὖν
562 2304 711 2338 ἐκκαθάρῃ
736 2313 782 2337 τις
809 2304 912 2331 ἑαυτὸν

971 2311 1071 2343 ﬁctilia.
1092 2311 1121 2338 Si
1142 2312 1200 2346 quis
1225 2320 1286 2346 ergo
1314 2313 1495 2340 entundaverit
1524 2322 1551 2340 se
1571 2313 1604 2340 ab
1629 2314 1757 2340 munitus

121 2353 181 2380 ἀπὸ
203 2353 312 2380 πάντων
334 2352 457 2383 τούτων,
473 2350 557 2378 ἔσται
572 2351 683 2383 σκεῦος
697 2352 741 2384 εἰς
752 2351 852 2385 τιμὴν,
868 2351 917 2377 εὔ-

121 2407 258 2434 χρηστον
275 2398 315 2430 τῷ
328 2397 475 2431 Δεσπότῃ,
495 2395 718 2431 ἡτοιμασμένον
733 2397 778 2429 εἰς
792 2396 853 2424 πᾶν·
869 2396 917 2430 ἕρ-

121 2453 178 2479 γολν
190 2444 313 2478 ἀγαθόν.

163 2493 215 2526 pat’.
235 2489 360 2523 Ἀδελφὺς
373 2488 499 2525 ἠρώτησε
510 2488 556 2514 τὸν
570 2487 657 2514 ἁϐδᾶν
670 2488 802 2522 Ποιμένα,
814 2487 915 2522 λέγων·

120 2537 186 2567 Πῶς
208 2536 258 2561 οὐκ
274 2535 390 2570 ἁφίεμαι
406 2535 547 2570 ἐλεύθερος
563 2534 690 2568 γενέσθαι
715 2535 784 2569 μετὰ
802 2535 857 2561 τῶν
871 2544 918 2569 γε-

122 2583 227 2618 ρόντων
242 2581 270 2607 ὲν
293 2582 349 2610 τοῖς
365 2580 505 2616 λογισμοῖς
519 2589 586 2615 μου;
600 2580 682 2614 Λέγει
698 2580 772 2615 αὐτῷ
783 2582 797 2608 ὁ
817 2581 916 2616 γέρων,

120 2628 164 2654 ὅτι
180 2625 257 2654 εἶπεν
276 2628 290 2653 6
303 2626 390 2657 ἀϐὗᾱς
411 2627 537 2661 Ἰωάννης
552 2627 566 2652 ὁ
581 2626 710 2658 Κολοὸὸς,
722 2626 762 2653 ὃτι
778 2627 814 2653 Θὺ
828 2626 918 2662 χαίρει

120 2674 167 2701 ιπ¹
177 2673 265 2700 οὐδενὶ
274 2673 361 2704 οὕτως
373 2674 387 2700 6
400 2673 507 2708 ἐχθρὸς,
525 2673 562 2704 ὼς
577 2672 622 2699 ἐπὶ
638 2674 694 2704 τοῖς
707 2672 744 2708 μὴ
759 2673 918 2707 ἐκφαίνουσι

119 2720 186 2750 τοὺς
206 2718 354 2754 λογισμοὺς
372 2718 474 2744 αὐτῶν.

159 2775 183 2791 ’⁵
196 2774 250 2802 Tit.
268 2782 288 2807 t,
304 2774 350 2803 15.
388 2775 412 2791 ’⁸
424 2775 445 2803 ll
460 2775 532 2803 Titii.
549 2784 579 2809 11,
596 2775 642 2809 20,
660 2777 705 2803 21.

155 2834 213 2866 (50)
237 2833 291 2860 Vit.
306 2833 383 2860 Patr.
398 2842 438 2865 in,
458 2834 525 2867 “8;
540 2834 653 2863 Doroth.
672 2834 748 2863 Doct.
769 2835 795 2862 7.

156 2870 215 2905 (5|)
236 2869 289 2896 Vit.
307 2868 385 2896 Patr.
400 2877 440 2900 in,
460 2870 519 2896 151.

156 2906 214 2941 (52)
230 2905 296 2939 App.
313 2911 340 2940 p.
360 2905 438 2939 1000,
452 2914 478 2933 u.
490 2905 515 2932 5.

967 2357 1039 2387 istis,
1053 2357 1104 2383 erit
1125 2365 1170 2383 vas
1189 2358 1215 2383 in
1229 2359 1353 2386 honorent
1364 2359 1428 2386 utile
1442 2359 1568 2393 Domino,
1583 2365 1708 2395 paratum
1722 2360 1756 2385 ad

967 2410 1042 2429 omne
1057 2410 1121 2437 opus
1138 2404 1235 2430 bonum
1247 2404 1281 2429 ".

1007 2491 1067 2518 IOL
1088 2492 1144 2528 (55)
1160 2493 1257 2521 Frater
1281 2499 1456 2529 percontatus
1476 2501 1518 2523 est
1543 2496 1668 2522 abbatem
1695 2495 1759 2523 Po}-

971 2545 1076 2564 menem
1092 2539 1142 2570 hoc
1158 2540 1240 2567 modo
1258 2550 1264 2567 :
1278 2541 1370 2573 Quare
1388 2549 1442 2568 non
1460 2543 1602 2576 permittor
1618 2542 1702 2569 libere
1719 2543 1756 2568 lo-

970 2585 1016 2618 qui
1030 2592 1092 2611 cum
1113 2586 1227 2614 senibus
1239 2587 1272 2614 de
1294 2587 1507 2621 cogitationibus
1525 2587 1612 2615 meis?
1628 2588 1660 2614 Et
1674 2596 1757 2615 senex

971 2630 1065 2657 retulit
1090 2631 1115 2658 ei
1148 2633 1311 2659 sententiam
1343 2633 1452 2660 abbatis
1475 2631 1589 2660 Joannis
1604 2632 1681 2660 Curti
1702 2642 1709 2660 ι
1727 2633 1756 2660 ln

972 2676 1048 2703 nullo
1069 2677 1105 2703 ita
1123 2677 1241 2712 gaudere
1263 2678 1417 2711 inimicum,
1433 2686 1466 2705 ac
1487 2678 1515 2705 in
1542 2678 1576 2706 iis
1593 2679 1641 2714 qui
1661 2679 1757 2707 nolunt

973 2721 1149 2751 manifestare
1165 2725 1282 2760 cogitata
1296 2733 1352 2753 sua.

966 2837 1055 2899 res)
1074 2836 1226 2866 Misceltan.
1247 2837 1321 2867 Voss.
1336 2848 1358 2875 μ
1375 2839 1436 2874 432,
1459 2840 1525 2874 l53;
1550 2839 1602 2868 Vit.
1618 2839 1696 2867 Patr.
1712 2846 1756 2872 ut.

987 2883 993 2898 Ι
1005 2882 1025 2899 ὀ.

987 2882 1025 2900 Η.
