1970 3074
136 156 191 184 335

713 157 1016 186 ΛΡΟΡΗΤΙΙΕΟΜᾹΤΑ
1035 158 1191 188 PATRUM.

1712 162 1766 190 554

136 214 228 246 δεξιάι
254 222 301 240 σου
333 215 422 250 χεῖρα,
449 215 496 241 καὶ
524 214 653 251 ὀργισθῇς
680 215 764 250 αὐτῷ,
794 217 854 252 εικῆ
882 217 923 252 ὀρ-

985 217 1102 244 dextram
1129 224 1239 243 tnanum
1266 217 1468 251 amputaverit;
1494 221 1583 245 tamen
1616 218 1639 245 si
1667 219 1706 246 ira
1737 220 1766 247 in

137 260 211 296 γίζῃ·
238 260 284 286 ἐὰν
312 260 340 286 δὲ
365 260 468 296 χωρίζῃ
494 269 523 287 σε
547 261 600 287 ἀπὸ
615 261 662 287 τοῦ
681 261 759 294 Θεοῦ,
774 263 834 288 τότε
857 263 929 299 ὀργί-

137 305 216 340 σθητι
230 305 261 331 ¹⁶.

174 351 237 387 ριθ’.
259 351 385 385 ’Λδελφὺς
400 351 525 388 ἠρώτησε
537 353 582 379 τὸν
592 353 679 380 ἁεὸᾶν
690 353 819 388 Ποιμένα,
830 353 926 388 λέγων’

137 398 170 423 Τί
187 399 290 433 ποιήσω
308 400 368 430 ταῖς
383 399 532 434 ἁμαρτίαις
543 408 610 434 μους
626 401 707 434 Λέγει
719 400 792 436 αὺτῷ
802 401 816 426 6
828 401 927 436 γέρων,

137 445 179 471 ὅτι
196 444 225 471 '0
245 444 329 471 θέλων
349 444 538 480 λυτρώσασθαι
558 446 706 482 ἁμαρτίας,
728 446 860 482 κλαυθμῷ
881 447 928 473 λυ-

136 490 248 527 τροῦται
263 491 357 523 αὑτάς·
372 492 419 518 καὶ
433 492 447 517 6
459 491 543 518 θέλων
558 492 709 527 κτήσασθαι
722 492 833 528 ἀρετὰς,
847 493 929 519 κλαυ-

137 537 198 572 θμῷ
219 538 316 564 κτᾶται
334 538 428 569 αὑτάς.
453 538 490 564 Τὸ
511 538 565 574 γὰρ
581 538 684 565 κλαίειν
704 539 777 565 ἐστὶν
791 539 807 574 ἦ
823 539 881 571 ὁδὸς
896 539 928 574 ἢν

136 583 296 618 παρέδωκεν
315 585 378 618 ἡμῖν
394 584 410 619 ἡ
423 584 528 619 Γραφὴ,
543 584 590 611 καὶ
603 586 627 611 οἱ
646 585 766 619 Πατέρες
781 585 869 620 ἡμῶν,
884 585 928 611 λέ-

136 636 241 663 γοντες·
263 628 417 655 κλαύσατε.
435 629 519 665 Ἀλλη
543 630 597 665 γὰρ
617 629 676 661 ὁδὸς
690 630 739 656 οὐκ
752 630 835 662 ἐστινι
851 631 875 656 εί
891 630 929 665 μὴ

136 675 219 711 αὕτη.

173 725 226 757 ρκ’.
248 721 404 757 Ἠρὼτησεν
433 719 547 755 ἀδελφὸς
569 721 614 747 τὸν
634 721 721 748 ἀϐϐᾶν
748 721 878 756 Ποιμένα·
897 719 929 748 Τί

136 768 196 796 ἐστι
216 769 343 804 μετάνοια
357 768 406 802 τῆς
425 767 577 803 ἁμαρτίας;
591 768 644 794 Καὶ
658 765 735 793 εἶπεν
751 768 765 794 6
777 768 877 802 γέρωνο
892 767 929 793 T6

138 814 177 850 μὴ
196 815 242 841 τοῦ
258 814 352 841 λοιποῦ
368 815 454 840 ποιεῖν
470 813 567 848 αὐτήν.
582 813 630 839 Διὰ
645 812 724 840 τοῦτο
740 813 793 849 γὰρ
813 813 928 849 ἐκλήθη-

138 869 189 887 σαν
202 861 312 896 ἄμωμοι
326 861 351 886 οἱ
365 859 474 893 δίκαιοι,
487 859 528 885 ὅτι
546 859 689 886 κατέλιπον
710 859 760 891 τὰς
780 860 926 895 ἁμαρτίας,

137 907 185 934 καὶ
200 907 300 933 δίκαιοι
312 906 448 941 ἐγένοντο.

173 958 243 991 ρκα¹.
264 953 333 982 Εἴπε
355 954 446 986 πάλιν,
467 954 508 980 ὅτι
526 955 542 989 ὴ
567 953 683 989 πονηρία
700 953 753 980 τῶν
775 952 924 988 ἀνθρώπιον

137 1000 249 1028 ὄπισθέν
264 1002 337 1027 ἐστιν
350 1000 440 1027 αὐτῶν
455 1000 642 1035 κεκρυμμένη.

174 1047 241 1083 φιβ’.
265 1047 389 1081 Ἀδελφὺς
411 1045 537 1082 ἠρώτησε
565 1046 609 1072 τον
631 1045 717 1072 ἀΰὸἄν
740 1046 869 1079 Ποιμένα·
893 1045 924 1070 Τί

121 1082 126 1095 ’
137 1093 242 1129 ποιήσω
252 1095 312 1124 ταῖς
325 1093 455 1128 ταραχαῖς
468 1090 579 1123 ταύταις
593 1092 653 1123 rati;
666 1091 861 1127 ταραττούσαις
873 1100 905 1126 με
917 1099 924 1122 ;

135 1137 216 1172 Λέγει
230 1137 302 1172 αὐτῴ
313 1138 326 1163 6
341 1137 440 1172 γέρων·
457 1136 625 1171 κλαύσωμεν
638 1135 752 1162 ἐνώπιον
765 1135 814 1171 τῆς
825 1136 926 1170 ἁγαθό-

135 1191 216 1218 τητος
229 1183 275 1210 τοῦ
290 1183 356 1210 Θεοῦ
370 1184 398 1209 ὲν
409 1183 491 1210 παντὶ
502 1183 579 1218 κόπῳ
590 1182 678 1218 ἡμῶν,
688 1182 739 1214 ἕως
747 1183 854 1218 ποιήσει
866 1182 924 1218 μεθ’

135 1229 215 1265 ἡμῶν
227 1229 257 1256 τὺ
270 1229 342 1261 ἕλεος
356 1229 448 1256 αὑτοῦ.

172 1275 242 1311 ρκγ’.
258 1275 342 1302 Πάλιν
357 1274 498 1310 ἠρώτησεν
509 1275 590 1302 αὐτὸν
605 1275 619 1300 ὁ
630 1275 742 1309 ἀδελφός
755 1282 764 1291 '
775 1275 807 1301 Τί
819 1276 927 1311 ποιήσω

134 1322 195 1352 ταῖς
223 1320 348 1356 ἀκερδὰτι
376 1329 427 1355 μου
455 1321 557 1355 φιλίαις
585 1320 618 1352 ἃς
645 1320 712 1355 Exn);
733 1320 761 1347 '0
780 1320 808 1347 δὲ
832 1319 920 1347 εἶπεν·

137 1366 231 1393 Ἔστιν
244 1367 389 1403 ἄνθρωπος
402 1367 506 1402 ρἐχων
520 1368 561 1399 εἰς
574 1367 603 1393 τὸ
619 1367 772 1398 ἀποθανεῖν,
784 1366 832 1393 καὶ
842 1374 926 1401 προσ-

135 1412 204 1448 έχων
225 1412 327 1446 φιλίαις
345 1412 392 1438 τοῦ
411 1412 515 1447 κόσμου
533 1411 637 1438 τούτου.
654 1412 699 1447 Μὴ
722 1410 924 1447 ἐγγίσῃςνμηδὲ

135 1457 190 1492 ἅψῃ
208 1457 306 1483 αὐτῶν·
320 1458 366 1483 καὶ
378 1458 424 1490 ἀφ’
440 1457 544 1483 ὲαυτῶν
559 1456 773 1492 ἀλλοτριοῧνται.

171 1502 237 1537 ρκδτ.
259 1502 385 1537 ’Λδελφὺς
407 1501 532 1538 ἠρώτησε
558 1502 715 1529 τὺν-ἀόὃᾶν
735 1500 864 1537 Ποιμένα,
880 1502 924 1528 λέ-

133 1556 190 1583 γων
201 1557 208 1564 ο
227 1549 343 1575 Δύναται
367 1549 509 1583 ἄνθρωπος
523 1546 592 1576 εἶναι
613 1549 726 1584 νεκρός;
742 1549 822 1582 Λέγει
839 1548 923 1583 αὐτῷ,

133 1595 175 1622 ὅτι
189 1595 251 1621 Ἐὰν
268 1596 356 1631 φθάσῃ
372 1596 412 1627 εἰς
422 1595 470 1631 τὴν
487 1596 634 1631 ἁμαρτίαν,
652 1596 755 1629 γίνεται
770 1595 922 1622 ἀποθανών·

133 1641 182 1668 ἐὰν
205 1641 234 1668 δὲ
258 1641 349 1678 φθάσῃ
376 1642 416 1672 εἰς
440 1641 470 1667 τὸ
488 1640 599 1675 ἀγαθὸν,
616 1641 727 1676 ζήσεται
751 1641 797 1668 καὶ
816 1641 924 1676 ποιήσει

132 1687 210 1714 αὐτὸ.

171 1733 237 1769 ρκε’.
258 1731 341 1760 Εἶπεν
355 1734 369 1760 6
387 1733 472 1764 6665.;
482 1733 598 1768 Ποιμὴν,
614 1733 654 1760 ὅτι
669 1731 743 1760 εἶπεν
762 1735 774 1760 6
792 1734 924 1769 μακάριος

132 1778 218 1810 assa;
231 1778 381 1810 Ἀντώνιος,
393 1779 434 1804 ὅτι
447 1777 479 1804 Ἦ
495 1777 599 1813 μεγάλη
613 1778 757 1805 δυναστεία
767 1779 812 1805 τοῦ
823 1779 925 1814 ἀνθρὼι

130 1833 183 1851 που
207 1825 291 1856 ἐστὶν,
308 1825 352 1852 ἴνα
375 1825 468 1851 ἐπάνω
491 1824 573 1851 αὑτοῦ
588 1824 663 1861 ,βάλῃ
677 1825 708 1851 τὸ
726 1825 791 1852 [διον
811 1825 923 1861 σφάλμα

130 1870 247 1897 ἐνώπιον
274 1870 387 1906 Κυρίου,
417 1870 465 1897 καὶ
495 1870 668 1907 προσδοκήσῃ
696 1871 847 1907 πειρασμὸν
871 1871 923 1903 ἕως

130 1917 252 1952 ἐσχάτης
262 1916 412 1951 ἀναπνοῆς.

167 1963 245 1996 ρκς’.
265 1960 406 1996 Ἦρωτήθη
427 1961 441 1987 6
460 1960 547 1992 ἀόὃᾶς
561 1959 680 1996 Ποιμὴν⁷
692 1960 732 1987 ὅτι
751 1961 792 1992 εἰς
803 1959 863 1987 τίνα
877 1960 923 1996 ἔρ-

130 2015 209 2043 χεται
233 2007 247 2032 6
269 2005 347 2040 λόγος
365 2006 379 2032 6
392 2005 593 2041 γεγραμμένος,
615 2005 656 2032 ὅτι
678 2005 726 2038 Μὴ
741 2006 923 2040 φροντίσητε

129 2052 198 2086 περὶ
213 2051 268 2087 τῆς
284 2052 397 2086 αὔριον.
416 2051 497 2085 Λέγει
509 2051 582 2086 αὐτῷ
596 2052 610 2078 ὁ
624 2051 722 2086 γέρων·
739 2051 810 2087 Πρὸς
822 2052 922 2088 ἄνθρω-

129 2106 181 2124 πον
194 2097 259 2124 ὅντα
277 2098 306 2123 ἐν
319 2096 465 2131 πειρασμῷ
483 2096 530 2122 καὶ
545 2096 728 2132 ὀλιγωροῦντα
749 2097 862 2133 ἐρρήθη,
880 2097 922 2124 ἵνα

130 2142 171 2178 μὴ
183 2142 325 2178 φροντίσῃ,
345 2141 441 2177 λέγων,
458 2142 544 2168 Πόσον
555 2143 650 2178 χρόνον
664 2142 719 2178 ἔχω
735 2143 763 2169 ἐν
774 2143 813 2178 τῷ
825 2152 922 2179 πειρα-

130 2189 193 2225 σμῷ
203 2189 308 2224 τούτῳ;
323 2187 391 2215 ἀλλὰ
404 2188 503 2223 μᾶλλον
517 2188 668 2224 λογίσηται,
684 2188 772 2223 λέγων
780 2188 840 2216 καθ’
857 2189 921 2216 ἑκά-

129 2241 207 2268 στην.
223 2233 254 2259 τὸ
268 2233 398 2268 σήμερον.

167 2282 234 2318 ρκξ.
262 2279 329 2308 Εἷπε
355 2281 446 2315 πάλιν,
471 2282 512 2308 ὅτι
540 2281 577 2308 Τὸ
603 2280 706 2313 διδάξαι
732 2282 777 2308 τὸν
806 2281 919 2318 πλησίον

127 2327 296 2362 ὑγιαίνοντός
308 2328 366 2354 ἐστι
391 2328 437 2354 καί
451 2326 582 2358 ἁπαθοῦς-
599 2327 658 2353 ἐπεὶ
669 2328 709 2359 τίς
723 2328 801 2363 χρεία
816 2329 917 2355 οἰκοδο-

128 2373 216 2409 μῆσαί
241 2382 301 2400 τινα
319 2373 399 2401 ἄλλου
428 2373 593 2406 οἱκίαν,,καὶ
615 2375 664 2408 τὴν
684 2374 750 2400 ἰδίαν
773 2375 920 2410 καταστρέ-

148 2420 227 2452 at“;

148 2429 177 2446 αι
190 2420 227 2452 “',

125 2420 146 2454 ψ
164 2469 234 2502 ρκη’.
251 2465 336 2492 Πάλιν
352 2462 439 2497 εἶπεν,
452 2466 493 2492 ὅτι
507 2466 553 2498 Τίς
567 2466 646 2501 χρεία
661 2466 789 2493 ἀπελθεῖν
805 2475 865 2493 τινα
877 2468 917 2499 είς

123 2512 236 2547 τέχνην,
256 2512 304 2538 καὶ
319 2511 356 2547 μὴ
369 2512 464 2546 μαθεῖν
477 2512 579 2547 αὐτήνς

164 2557 232 2592 ρκθ’.
252 2555 319 2584 Eine
343 2558 434 2589 πάλιν,
451 2558 492 2584 ὃτι
511 2558 552 2585 Τὰ
571 2558 731 2594 ὑπέρμετρα
748 2559 836 2586 πάντα
861 2559 918 2585 τῶν

122 2603 261 2638 δαιμόνων
275 2603 354 2630 εἰσίν.

162 2648 211 2685 px.
224 2646 291 2675 Εῒπε
303 2650 393 2682 πάλιν,
405 2650 469 2677 Ὅτε
483 2650 549 2677 ὅταν
562 2650 645 2686 μέλλῃ
659 2650 801 2686 ἄνθρωπος
815 2650 913 2677 οἰκοδο-

979 270 1041 290 eum
1061 265 1214 290 concitatus
1233 262 1334 294 tueris,
1357 268 1458 290 temere
1487 265 1624 292 irasceris.
1651 265 1703 293 Sed
1720 267 1766 295 ubi

979 313 1006 336 te
1020 317 1035 335 a
1052 309 1105 336 Deo
1122 317 1250 344 separare
1270 309 1394 342 voluerit,
1410 314 1474 337 tunc
1490 311 1619 338 irascere.

1017 355 1077 384 119.
1105 355 1159 389 (05)
1189 355 1285 382 Frater
1308 357 1484 391 qua'stiouem
1511 359 1652 392 proposuit
1675 359 1766 386 abbati

979 401 1122 435 I’mmeni.
1148 403 1213 438 quid
1244 403 1344 430 {areret
1371 404 1491 438 peccatis
1517 405 1585 432 suis.
1616 404 1702 432 Senex
1730 406 1764 432 ita

980 449 1087 475 locutus
1112 453 1154 476 est
1182 449 1207 475 ei
1223 457 1229 475 :
1245 448 1296 481 Qui
1322 449 1380 475 vult
1406 449 1539 476 redimere
1555 455 1682 484 peccata,
1703 449 1763 477 ﬂctr

980 493 1112 525 redimet;
1130 497 1155 520 et
1166 494 1212 528 qui
1231 494 1288 520 vult
1300 494 1441 528 acquirere
1458 494 1581 526 virtutes,
1598 494 1660 522 ﬂetu
1674 496 1761 530 acqui-

981 543 1031 565 ret.
1049 538 1117 565 Nam
1139 538 1203 566 ﬂere
1216 540 1256 566 via
1273 544 1316 566 est
1328 547 1409 574 quam
1423 541 1535 567 tradidit
1550 541 1628 569 uobis
1644 541 1763 576 Scriptu-

979 592 1027 617 ra,
1049 592 1155 612 necnon
1182 584 1276 612 Patres
1305 585 1410 617 nostri,
1434 586 1552 613 dicendo
1568 596 1574 614 :
1593 587 1678 615 Flete.
1708 588 1759 615 Alit

979 633 1079 667 quippe
1090 632 1132 659 via
1148 640 1202 658 non
1215 636 1267 666 est,
1284 638 1383 667 praeter
1398 632 1490 659 istam.-

1015 718 1078 746 120.
1101 719 1155 755 (66)
1174 720 1351 747 Percontatus
1369 723 1411 747 est
1429 720 1513 747 frater
1534 727 1568 747 ex
1590 719 1688 747 abbate
1706 719 1767 747 Pa!-

980 772 1057 792 mcue
1068 774 1075 791 :
1088 764 1157 797 Quid
1176 770 1218 792 est
1233 766 1392 800 pteniteutia
1409 766 1443 793 de
1460 767 1591 801 peccato?
1606 766 1694 795 Senex
1708 768 1744 794 ait
1758 790 1760 793 .

979 808 1037 835 Non
1051 810 1167 844 amplius
1187 810 1254 837 illud
1275 817 1442 846 perpetrare.
1465 813 1612 848 Propterea
1631 815 1704 841 enim
1719 823 1753 849 qu

977 856 1043 891 justi
1062 857 1170 884 fuerunt
1188 859 1274 885 vocati
1288 863 1353 886 sunt
1374 860 1550 892 immaculati,
1569 861 1633 896 quia
1649 862 1760 897 relique-

945 902 962 927 Β
979 907 1041 928 runt
1060 908 1181 937 peccata.
1192 904 1315 939 justique
1328 904 1415 932 effecti
1432 910 1506 934 sunt.

1013 949 1074 975 121.
1096 949 1166 976 Dixit
1192 951 1307 982 iterum,
1331 951 1472 978 hominum
1497 953 1628 979 malitiam
1653 961 1668 979 a
1690 958 1764 988 tergo

975 1001 1069 1021 eorum
1085 1003 1146 1022 esse
1164 996 1362 1024 absconditam.

1012 1039 1073 1066 122.
1087 1040 1142 1074 (67)
1156 1040 1251 1067 Frater
1264 1042 1437 1077 interrogavit
1451 1043 1577 1070 abbatem
1590 1043 1742 1073 Paamenem
1755 1055 1763 1074 :

976 1086 1046 1119 Quid
1064 1088 1159 1114 faciam
1179 1088 1434 1122 perturbationibus
1449 1090 1492 1117 his
1507 1098 1568 1125 qua:
1584 1099 1627 1118 me
1646 1091 1766 1119 vexant?

976 1133 1020 1158 Ait
1043 1133 1080 1159 illi
1107 1141 1189 1160 senex
1210 1143 1215 1161 :
1234 1133 1378 1162 Ploremus
1402 1143 1496 1162 coram
1523 1137 1646 1164 bonitate
1673 1137 1718 1164 Dei
1737 1139 1765 1166 in

975 1179 1050 1205 omni
1067 1179 1275 1213 laborenostro,
1291 1180 1380 1208 donec
1397 1189 1461 1217 erga
1479 1189 1531 1210 nos
1547 1183 1697 1210 ostenderit
1712 1184 1764 1210 tui-

976 1225 1154 1252 sericordiam
1171 1234 1260 1254 suam.

1013 1271 1074 1298 1‘25.
1096 1271 1194 1298 ltermn
1218 1272 1252 1300 ab
1268 1280 1301 1300 eo
1321 1278 1498 1308 percontatus
1519 1279 1561 1303 est
1575 1275 1658 1302 frater
1673 1285 1680 1302 ι
1693 1275 1765 1308 Quid

977 1316 1098 1344 facturus
1122 1326 1182 1345 sum
1202 1319 1343 1347 inutilibus
1367 1319 1511 1348 desideriis
1532 1322 1631 1356 quibus
1652 1322 1766 1349 teneor?

977 1362 1071 1391 Dixit:
1092 1363 1138 1391 Est
1166 1365 1257 1397 homo,
1286 1366 1333 1400 qui
1361 1366 1536 1399 rlionehissat
1567 1368 1600 1394 ad
1630 1372 1764 1401 mortem.

976 1410 1146 1445 attenditque
1164 1410 1246 1445 hujus
1267 1412 1359 1439 saeculi
1376 1412 1532 1440 desideriis.
1553 1413 1590 1441 Ne
1615 1415 1763 1449 appropin-

978 1457 1106 1490 quaveris
1118 1456 1151 1483 ad
1166 1464 1207 1488 ea,
1225 1465 1258 1485 ne
1273 1458 1413 1493 tetigeris;
1429 1463 1456 1486 et
1472 1459 1599 1487 secedent
1611 1465 1718 1495 sponte.

1015 1502 1073 1529 124.
1104 1501 1198 1530 Frater
1229 1503 1407 1539 interrogavit
1436 1505 1561 1532 abbatem
1589 1505 1763 1538 Pmmeuem,

976 1547 1026 1574 hoc
1055 1554 1180 1575 sermone
1196 1558 1202 1576 :
1218 1547 1345 1576 Potestne
1371 1547 1454 1576 homo
1475 1556 1536 1576 esse
1560 1549 1702 1577 mortuus?
1718 1550 1764 1576 Ait

976 1593 1013 1620 illi
1027 1600 1035 1619 τ
1050 1592 1078 1620 Si
1094 1593 1234 1620 devenerit
1251 1594 1283 1620 ad
1309 1599 1449 1629 peccatum
1460 1613 1470 1628 ,-
1493 1595 1626 1628 moritur;
1648 1595 1671 1622 si
1697 1602 1763 1623 vero

975 1639 1128 1673 pervenerit
1139 1639 1172 1665 ad
1189 1639 1299 1672 bonum,
1317 1640 1397 1671 vivet,
1415 1641 1535 1675 illudque
1549 1641 1719 1676 operabitur.

1010 1728 1071 1755 19.5.
1093 1727 1149 1763 (68)
1170 1727 1274 1755 Retulit
1289 1729 1375 1757 abbas
1391 1729 1511 1762 Pmmen.
1528 1730 1632 1757 dictum
1646 1730 1730 1759 fuisse
1747 1739 1762 1758 a

975 1773 1052 1806 beato
1064 1773 1162 1801 abbate
1172 1774 1305 1808 Antonio,
1317 1776 1389 1810 quod
1403 1784 1500 1812 magna
1513 1776 1630 1804 hominis
1641 1782 1763 1812 potestas

973 1821 1021 1852 sit,-
1035 1824 1064 1847 ut
1080 1828 1163 1855 super
1183 1829 1212 1848 se
1231 1822 1321 1848 mittat
1343 1828 1484 1856 peccatum
1502 1831 1581 1850 suum
1596 1831 1688 1850 coram
1706 1823 1761 1851 D0-

973 1866 1058 1898 mino,
1074 1871 1268 1901 exspectetque
1285 1868 1463 1896 tentationelu
1482 1875 1569 1896 usuue
1586 1868 1620 1895 ad
1635 1869 1760 1897 ultimum

973 1912 1097 1941 halitum.

1009 1958 1069 1986 126.
1100 1958 1156 1994 (69)
1185 1959 1372 1995 interrogatus
1395 1964 1439 1987 est
1466 1961 1549 1988 abbas
1573 1961 1703 1992 Pwmen.
1731 1962 1760 1989 in

971 2011 1051 2038 quem
1071 2004 1230 2031 conveniret
1253 2005 1366 2032 verbum
1393 2003 1541 2040 Scriptura:
1559 2012 1569 2033 τ
1590 2005 1680 2033 Nolite
1704 2014 1760 2034 esse

972 2050 1082 2077 solliciti
1098 2050 1131 2077 de
1147 2051 1265 2077 crastino
1281 2051 1313 2078 “.
1337 2051 1486 2086 Respondit
1506 2060 1589 2080 senex
1604 2062 1610 2080 :
1625 2053 1760 2088 Competit

973 2096 1077 2124 homini
1092 2097 1119 2123 in
1135 2097 1284 2124 tentatioue
1302 2098 1400 2132 posito.
1418 2106 1450 2125 ac
1466 2098 1613 2130 deﬁcienti,
1634 2107 1668 2127 ne
1686 2100 1760 2126 solli-

971 2143 1042 2170 citus
1064 2143 1116 2176 sit,
1139 2143 1235 2170 dicens
1250 2152 1257 2169 :
1272 2143 1380 2176 Quanto
1398 2149 1520 2179 tempore
1542 2144 1592 2171 hac
1610 2145 1759 2172 tentatione

970 2189 1111 2216 vexandus
1133 2189 1212 2216 sum?
1233 2190 1281 2216 sed
1306 2189 1397 2224 potius
1420 2190 1570 2224 existimet,
1591 2191 1760 2226 singulisque

970 2235 1068 2262 diebus
1081 2234 1164 2266 dicat.
1181 2235 1270 2263 hodie.

1007 2281 1067 2307 127.
1089 2281 1145 2315 (70)
1179 2281 1250 2308 Dixit
1266 2282 1363 2308 iterum
1380 2291 1385 2308 :
1403 2280 1505 2309 Docere
1521 2282 1687 2316 proximum,
1713 2290 1758 2310 res

971 2331 1013 2354 est
1028 2327 1147 2354 hominis
1169 2327 1229 2354 sani
1251 2335 1283 2354 ac
1306 2327 1512 2362 perturbatione
1526 2329 1655 2356 carentis.
1681 2329 1757 2355 Alio-

971 2374 1037 2408 quin
1053 2382 1114 2408 qua:
1129 2373 1243 2406 utilitas,
1259 2374 1283 2401 si
1298 2375 1361 2409 quis
1377 2374 1492 2402 aediﬁcet
1507 2375 1620 2402 alterius
1634 2375 1756 2408 domum,

971 2427 1048 2447 suam
1060 2427 1125 2446 vero
1143 2419 1267 2447 evertat?

1007 2466 1069 2494 128.
1089 2465 1197 2494 Rursus
1215 2466 1284 2494 dixit
1303 2475 1312 2494 :
1334 2466 1400 2500 Qua:
1426 2467 1530 2494 utilitas
1551 2467 1590 2495 ire
1611 2467 1756 2507 quemdam

969 2511 1001 2540 ad
1019 2515 1115 2544 artem,
1132 2519 1182 2539 nec
1200 2519 1260 2539 eam
1275 2511 1406 2540 discere?

1004 2557 1066 2584 H9.
1089 2557 1160 2584 Dixit
1184 2561 1335 2592 praeterea:
1352 2558 1457 2585 Cuncta
1470 2566 1530 2593 qua:
1544 2557 1654 2585 modum
1672 2565 1754 2585 exce-

967 2604 1045 2636 dunt,
1059 2604 1212 2632 dmmonum
1227 2608 1300 2632 sunt.

1001 2651 1063 2678 150.
1084 2650 1141 2678 lloc
1162 2650 1244 2678 etiam
1267 2650 1428 2686 prolocutus
1447 2654 1513 2678 est:
1535 2649 1622 2678 Homo
1643 2649 1756 2678 domu-

159 2729 184 2746 ¹⁶
199 2729 241 2757 ΑΙ.
254 2730 316 2758 add.
336 2730 468 2766 σφοδρῶς.
503 2731 524 2746 ¹¹
541 2731 582 2758 Al.
602 2731 762 2758 καταλῦσαι.
803 2732 824 2747 ¹²
839 2731 922 2759 Matth

985 2752 986 2761 η
1004 2732 1057 2765 ﬁt;
1076 2731 1188 2760 Doroth.
1209 2733 1288 2767 epist.
1306 2739 1325 2766 I,
1342 2731 1366 2759 7.

158 2807 217 2842 (65)
232 2806 345 2844 ᾂζίκρίί.
363 2807 445 2836 Voss.
461 2816 489 2844 p.
504 2809 567 2836 152.

158 2843 216 2878 (om
236 2842 294 2878 Iit.
307 2842 384 2878 Patr.
400 2842 492 2873 nuli
507 2853 514 2878 ;
531 2844 646 2872 Miscell.
659 2843 740 2872 Voss.
757 2845 797 2872 Π).

159 2873 216 2912 (67)
230 2877 333 2906 Πέττα.
347 2877 427 2907 Voss.
445 2879 483 2906 Ib.

1003 2809 1061 2845 (68)
1075 2809 1104 2837 S.
1122 2811 1149 2837 in
1163 2811 1261 2838 Anton.
1275 2819 1302 2838 n.
1320 2811 1346 2838 6.

1015 2845 1059 2875 69)
1078 2845 1133 2873 Vit.
1151 2845 1227 2873 Patr.
1249 2854 1284 2875 Iv.
1302 2846 1328 2873 9.

1014 2880 1059 2914 70)
1075 2880 1106 2907 L.
1119 2881 1246 2908 Dorothei
1264 2880 1383 2908 Institut.
1403 2881 1446 2909 Π.
