1970 3074
88 161 136 190 557

654 161 962 189 APOPHTIIEGMATA
983 161 1140 191 PATRUM.

1664 157 1719 187 558

86 219 130 246 καὶ
147 219 230 250 ἀκοὰς
245 219 375 255 ἀκούσῃς,
395 219 432 255 μὴ
443 219 538 255 διηγοῦ
552 220 620 247 αὐτὰ
634 221 672 256 τῷ
688 221 800 256 πλησίον
819 230 875 248 σου·

940 221 1050 252 -tacu|a,
1065 225 1092 248 et
1106 220 1226 248 audieris
1241 228 1393 252 sermones,
1410 219 1466 248 noli
1483 226 1613 248 enarrare
1626 218 1719 254 proxi-

86 266 223 301 ἀνατροπὴ
236 267 290 301 γάρ
302 267 359 292 ἐστι
375 266 501 301 πολέμου.

121 315 176 346 ρμ’.
192 309 259 337 Eii-.5
276 311 366 338 πάλιν·
381 311 418 337 Τὸ
431 311 538 346 πρῶτον
558 311 627 346 φύγε
642 312 726 345 ἅπαξ,
745 313 775 339 τὸ
787 313 877 340 63:31:-

87 365 131 393 ρον
148 357 228 391 φύγε,
244 357 274 384 τὸ
285 357 386 392 τρίτον,
404 357 484 391 γενοῦ
497 359 628 393 ῥομφαῖα,

124 402 197 438 ρμα’.
213 402 280 430 Εἷπε
293 403 374 430 πάλιν
386 405 399 430 6
412 403 498 435 ἁϐϐἄς
510 404 617 439 Ποιμὴν
631 403 671 439 τῷ
685 404 757 440 ἁϐϐᾷ
772 405 875 432 Ἰσαάκ·

86 449 222 484 Κούςρισον
238 450 321 486 μέρος
337 451 386 485 τῆς
400 450 574 485 δικαιοσύνης
590 459 648 482 σου,
667 451 714 477 καὶ
728 451 798 483 ἔξεις
811 452 875 478 ἀνά-

86 504 185 523 παυσιν
200 495 249 527 τὰς
263 496 356 530 ὀλίγας
371 497 478 531 ἡμέρας
491 504 549 522 σου.

122 541 194 577 ρμβ’.
218 542 342 576 Ἀδελφὺς
367 542 504 578 παρέϐαλε
530 542 568 577 τῷ
588 542 659 578 ἁϐῦᾷ
682 543 803 578 Ποιμένι*
831 543 877 569 καὶ

86 589 330 623 συγκαθεζομένων
344 589 435 621 τινῶν,
453 589 568 624 ἐπῄνεσέ
580 598 639 615 τινα
655 589 776 623 ἀδελφὸν,
790 589 827 620 ὡς
837 590 877 616 ὅτι

87 633 268 669 μισοωνηρὸς
284 634 353 661 ἐστι.
374 634 454 667 Λέγει
476 635 490 660 6
512 634 596 665 ἁϐῦᾶς
616 634 722 669 Ποιμὴν
738 634 776 669 τῷ
796 635 877 670 λαλή-

86 688 171 706 σαντι·
187 680 242 706 Καὶ
263 679 288 705 τί
309 681 367 706 ἐστι
382 680 581 715 μισοπονηρίω
602 680 712 714 Ἐξέστη
729 680 756 706 δὲ
773 681 788 706 6
805 680 878 706 ἀδελ-

86 725 143 760 φὸς,
157 726 204 752 καὶ
216 726 265 761 οὐχ
277 723 356 761 εὗρεν
371 726 563 761 ἀποκριθῆναι·
579 726 697 758 ἀναστὰς
707 726 735 752 δὲ
751 726 877 761 μετενόη-

87 781 114 798 σε
129 771 167 806 τῷ
177 772 295 807 γέροντι,
311 771 408 806 λέγων·
422 771 490 798 Εἰπέ
505 781 550 807 μοι
566 772 593 798 τί
605 773 662 799 ἐστι
678 774 875 808 μισοπονηρίας

87 816 157 852 Ἔφη
173 817 187 843 6
203 817 302 852 γέρων·
315 817 504 852 Μισοπονηρία
522 817 590 853 αὕτη
611 818 694 849 ἐστὶν,
717 818 743 843 εἴ
765 827 806 850 τις
829 819 877 849 τὰς

86 862 220 898 ἁμαρτίας
232 862 314 889 αὐτοῦ
331 861 457 898 ἐμίσησε,
471 863 517 889 καὶ
532 864 576 889 τὸν
593 863 706 898 πλησίον
722 863 805 889 αὑτοῦ
823 863 875 890 ἐδι-

87 915 203 934 καιωσεν
209 924 216 932 ι

121 1002 196 1033 ρμγ¹.
219 998 343 1033 Ἀδελφδς
359 998 528 1034 παραϐαλὼν
545 999 584 1035 τῷ
603 999 675 1036 ἀϐϐᾷ
692 1000 813 1036 Ποιμένι,
833 999 874 1026 λέ-

85 1052 127 1080 γει
139 1045 224 1080 αὐτῷ·
242 1045 275 1071 Τί
291 1046 411 1081 ποιήσω;
426 1046 507 1079 Λέγει
522 1045 595 1080 αὐτῷ
617 1046 631 1071 6
647 1046 746 1080 γέρων⁸
757 1046 875 1079 ”Υπαγε,

86 1091 236 1126 πλησίασον
249 1090 318 1126 μετὰ
328 1090 374 1117 τοῦ
388 1091 522 1125 λέγοντος,
537 1091 569 1117 Τί
585 1091 653 1118 θέλω
663 1091 735 1126 ὲγώ;
750 1091 797 1118 καὶ
807 1091 877 1124 ἕξεις

85 1136 250 1163 ἀνάπαυσιν.

122 1183 190 1218 ρμδ’.
205 1184 358 1218 Διηγήσατο
374 1184 388 1210 6
413 1184 500 1216 ἀῆΰᾶς
523 1184 632 1219 Ἰωσὴφ,
655 1185 696 1211 ὅτι
709 1181 784 1211 εἶπεν
800 1185 814 1210 6
830 1183 879 1211 ἀδ-

85 1228 136 1260 6ᾶς
157 1229 259 1261 Ἰσαὰκ,
291 1229 333 1255 ὃτι
363 1229 520 1265 Ἐκαθήμην
551 1230 616 1257 ποτὲ
642 1230 710 1265 πρὸς
732 1230 776 1256 τὸν
792 1230 878 1256 ὰεῧᾶν

89 1275 219 1310 Ποιμένα·
233 1275 281 1301 καὶ
296 1272 365 1301 εἶδον
379 1275 460 1301 αὐτὸν
479 1277 508 1302 ὲν
521 1275 649 1302 ἐκστάσει
663 1275 818 1310 γενόμενον·
831 1275 879 1301 καὶ

86 1321 179 1357 ἐπειδὴ
203 1319 275 1356 εἶχον
292 1322 360 1358 πρὸς
378 1322 459 1349 αὐτὸν
477 1322 578 1357 πολλὴν
595 1321 767 1358 παρρησίαν,
785 1321 879 1347 ἔϐαλον

86 1367 160 1402 αὐτῷ
177 1368 331 1403 μετάνοιαν,
349 1368 394 1395 καὶ
406 1368 580 1403 παρεκάλεσα
594 1368 686 1399 αὑτὸν,
701 1367 798 1401 λέγων·
811 1367 878 1393 Εἱπέ

87 1423 143 1448 μοι,
156 1414 207 1440 ποῦ
222 1412 272 1449 ἦς;
301 1414 329 1441 '0
347 1414 375 1440 δὲ
395 1414 577 1448 ἀναγκασθεὶς
602 1413 687 1440 εἶπεν·
708 1415 737 1440 Ὀ
757 1413 822 1449 ἐμὸς
837 1414 879 1440 λο-

85 1461 185 1495 γισμὸς
202 1481 210 1491 ,
221 1461 287 1487 ὅπου
301 1462 318 1496 ἡ
343 1461 407 1494 ἁγία
423 1461 519 1495 Μαρία
530 1462 547 1496 ἡ
559 1461 691 1492 Θεοτοκος
706 1461 815 1496 ἕστηκε.
833 1461 880 1487 καὶ

86 1506 194 1533 ἔκλαιεν
205 1507 251 1533 ἐπὶ
266 1507 313 1533 τοῦ
329 1507 445 1542 σταυροῦ
462 1507 508 1535 τοῦ
530 1508 668 1543 Σωτῆρος·
686 1508 733 1534 καὶ
745 1507 800 1543 ἐγὼ
814 1508 879 1543 ἤθε-

86 1553 133 1579 λον
149 1553 264 1580 πάντοτε
278 1553 365 1586 οὕτως
377 1554 490 1580 κλαίειν.

123 1643 194 1678 ρμε¹.
213 1643 338 1678 ’Ᾱδελφὺς
350 1643 475 1679 ἠρώτησε
490 1643 535 1669 τὸν
549 1643 635 1669 ἀῦὄᾶν
643 1642 878 1678 Ποιμένα,λέγων”

87 1689 120 1716 Τί
133 1690 239 1725 ποιήσω
259 1688 298 1724 τῷ
313 1689 391 1725 βάρει
409 1689 496 1724 τούτῳ
521 1688 560 1724 τῷ
575 1689 714 1724 συνέχοντί
732 1697 781 1724 με;
799 1689 880 1722 Λὲγει

85 1735 161 1770 αὐτῷ
177 1736 190 1761 6
209 1735 308 1769 γέρων,
324 1735 364 1761 ὅτι
380 1735 419 1761 Τὰ
439 1734 525 1770 μικρὰ
544 1735 624 1761 πλοῖα
643 1736 690 1761 καὶ
714 1735 749 1761 τὰ
776 1735 881 1770 μεγάλα

86 1781 180 1816 ἔχουσι
206 1780 305 1813 ζώνας,
323 1781 366 1807 ἵνα
377 1780 410 1807 ἂν
428 1780 464 1816 μὴ
517 1781 631 1816 εῠφορος
652 1781 763 1816 ἄνεμος,
780 1781 880 1816 βάλωσι

86 1829 118 1855 τὸ
130 1829 276 1864 παρόλκιον
289 1828 335 1855 καὶ
350 1828 400 1860 τὰς
422 1827 510 1860 ζώνας
523 1829 563 1860 εἰς
575 1827 609 1854 τὰ
623 1828 707 1863 στήθη
719 1827 818 1859 αὐτῶν,
836 1828 882 1854 καὶ

87 1874 150 1900 κατ’
173 1873 266 1907 ὀλίγον
278 1873 379 1900 ἕλκωσι
395 1872 425 1899 τὸ
441 1873 533 1899 πλοῖον
548 1873 599 1904 ἕως
623 1869 653 1899 οὗ
668 1875 682 1900 6
697 1873 763 1905 Θεὸς
786 1873 882 1910 πέμψῃ

87 1919 135 1946 τᾶν
153 1919 265 1954 ἄνεμον·
285 1918 333 1946 ἐὰν
345 1919 374 1945 δὲ
400 1919 523 1954 μάθωσιν
533 1919 573 1945 ὅτι
587 1919 684 1954 ἄνεστη
698 1919 806 1953 γνόφος,
822 1919 882 1945 τότε

87 1965 120 2000 δὴ
135 1963 242 2000 ὁρμῶσι
268 1965 315 1991 καὶ
343 1964 469 2000 βάλλουσι
486 1965 639 1998 πάσσαλον,
655 1965 698 1992 ἵνα
720 1965 757 2000 μὴ
777 1965 882 2000 ῥέμῦη-

88 2020 133 2037 ται
151 2011 185 2038 ¹³.

126 2055 203 2091 ρμς’.
227 2056 354 2091 Ἀδελφδς
371 2057 497 2092 ἠρώτησε
522 2057 567 2084 τὸν
580 2057 666 2084 ἁϐϐἄν
693 2057 812 2092 Ποιμένα
839 2057 883 2083 διὰ

88 2103 138 2134 τὰς
151 2103 206 2128 τῶν
215 2102 352 2136 λογισμῶν
366 2105 417 2139 ὲπη
423 2104 506 2139 ρείας.
523 2104 577 2130 Καὶ
586 2104 661 2138 λέγει
672 2103 747 2139 αὐτῷ
757 2105 771 2130 ὁ
781 2104 880 2139 γέρων·

89 2148 177 2175 Τοῦτο
192 2148 222 2175 τὸ
242 2150 358 2184 πρᾶγμα
381 2149 468 2176 ἔοικεν
498 2150 575 2186 ἀνδρὶ
597 2150 684 2185 ἔχοντι
701 2150 757 2185 πῦρ
771 2149 800 2182 ἐξ
817 2150 883 2175 εὐω-

88 2195 194 2230 νύμων,
223 2195 270 2222 καὶ
296 2196 421 2230 κρατῆρα
442 2194 538 2226 ὓδατος
565 2197 596 2222 ὲκ
624 2195 728 2229 δεξιῶν.
750 2195 814 2222 Ἐὰν
836 2193 883 2222 οὖν

89 2241 164 2276 ἁφθῇ
179 2241 211 2267 τὸ
235 2241 300 2276 πῦρ,
316 2242 386 2277 λάϐῃ
413 2242 445 2268 ἐκ
469 2241 515 2268 τοῦ
537 2242 674 2277 κρατῆρος
696 2242 726 2268 τὸ
740 2241 822 2278 ὕδωρ,
836 2241 884 2268 καὶ

90 2287 178 2324 σϐέσῃ
206 2287 281 2314 αὑτό.
305 2287 342 2313 Τὸ
354 2287 409 2323 πῦρ
427 2289 500 2314 ἐστιν
515 2289 529 2314 6
544 2289 643 2324 σπόρος
668 2288 714 2314 τοῦ
730 2288 838 2324 ἐχοροῦ·
854 2288 884 2314 τὸ

88 2333 118 2361 δὲ
130 2333 214 2369 ὕδωρ,
230 2333 260 2360 τὸ
277 2333 353 2369 ῥίψαι
367 2335 462 2360 ἑαυτὸν
476 2334 590 2361 ἐνώπιον
605 2334 650 2361 τοῦ
664 2334 741 2361 Θεοῦ.

128 2379 201 2414 ρμξ¹.
226 2378 350 2413 ’Δδελφδς
366 2379 491 2414 ἠρώτησε
505 2380 549 2406 τὸν
578 2380 666 2406 ἀῦϐᾱν
686 2380 816 2415 Ποιμένα,
841 2380 884 2406 λέ-

88 2431 167 2458 γων·
189 2423 298 2449 Βέλτιον
324 2424 382 2450 ἐστι
405 2423 434 2450 τὺ
456 2423 570 2459 λαλῆσαι
587 2424 603 2460 ἢ
623 2425 778 2459 σιωπῆσαι;
803 2424 884 2458 Λέγει

88 2466 190 2501 αὺτῷὸ
203 2467 350 2502 γέρων,ὅτι
365 2467 394 2492 Ὀ
408 2466 495 2493 λαλῶν
509 2468 553 2494 διὰ
567 2467 611 2494 τὸν
620 2467 685 2494 Θεὸν
699 2468 788 2499 καλῶς
802 2469 883 2500 ποιεῖ,

88 2513 138 2540 καὶ
149 2513 164 2539 6
178 2513 288 2539 σιωπιῖιν
306 2514 350 2540 διὰ
365 2513 410 2540 τὸν
427 2513 502 2545 Θεὸν,
520 2514 629 2549 ὁμοίως.

129 2562 205 2594 ppu].
232 2559 358 2594 Ἀδελφὸς
368 2560 493 2596 ἠρώτησε
518 2560 560 2586 τὸν
577 2560 663 2586 ἀϐϐᾱν
679 2560 816 2595 Ποιμένα,
842 2560 886 2586 λέ-

89 2612 159 2638 γων·
185 2603 248 2635 Πῶς
262 2604 373 2631 δύναται
397 2604 539 2641 ἄνθρωπος
555 2606 683 2639 ἐκφυγεῖν
705 2605 744 2641 τῷ
760 2606 781 2621 ¹⁹
794 2605 886 2638 κακῶς

89 2649 182 2675 εἰπεῖν
198 2648 238 2684 τῷ
252 2649 381 2684 πλησίου
398 2651 478 2684 Λέγει
494 2651 568 2685 αὐτῷ
582 2651 596 2677 6
616 2650 713 2686 γέρων
730 2651 824 2686 Ἡμεῖς
840 2652 886 2678 καὶ

92 2695 115 2722 at
127 2695 239 2729 ἀδελφοὶ
255 2695 345 2731 ἡμῶν,
357 2695 404 2722 δύο
418 2697 522 2729 εἰκόνες
541 2696 634 2732 ἐσμέν·
652 2697 686 2732 ἢν
700 2696 722 2722 δ’
740 2697 772 2723 ἂν
787 2697 861 2733 ὤραν
873 2699 887 2725 6

930 276 974 294 mo
994 272 1050 295 tuo.
1070 267 1118 295 Est
1131 267 1203 295 enim
1219 267 1317 295 bellica
1333 268 1486 296 subversio.

966 313 1026 340 MO.
1049 313 1105 348 (75)
1128 313 1200 339 Dixit
1224 313 1305 340 etiam
1322 323 1328 340 :
1345 314 1438 340 Primo
1463 312 1526 348 fuge
1549 311 1648 346 semel,
1674 319 1720 340 se-

929 359 1019 386 cundo
1033 359 1104 393 fuge,
1123 359 1203 386 tertio
1217 359 1322 386 cllicere
1335 360 1409 386 velut
1425 359 1593 394 rhomphaea.

965 405 1027 432 141.
1061 405 1133 432 Dixit
1160 406 1257 432 iterum
1286 406 1369 433 abbas
1396 404 1506 432 Pwmen
1533 405 1567 431 ad
1593 404 1719 432 abbatem

929 451 1052 477 lsaacum
1068 460 1073 477 :
1090 449 1188 477 Levem
1204 450 1287 477 redde
1299 450 1413 485 justitia:
1431 455 1484 477 tuae
1501 455 1617 485 partem,
1633 454 1661 478 et
1672 450 1720 478 ha-

928 497 1005 523 bebis
1022 497 1142 531 requiem
1160 497 1186 523 in
1204 497 1299 531 paucis
1312 497 1410 523 diebus
1423 497 1489 524 tuis.

964 541 1025 567 142.
1052 542 1110 576 (74)
1135 541 1230 568 Frater
1254 542 1375 569 visitavit
1398 542 1522 569 abbatem
1545 541 1719 576 Pmmenem,

929 591 1010 621 atque
1025 595 1078 614 una
1097 588 1255 616 sedentibus
1272 589 1423 621 nonnullis,
1441 588 1562 615 laudavit
1574 590 1720 623 quemdam

929 632 1052 665 fratrem,
1068 633 1147 668 quasi
1163 634 1208 668 qui
1224 639 1296 660 esset
1312 635 1445 662 malorum
1460 642 1534 662 osor.
1551 634 1621 661 Dicit
1635 634 1721 662 abbas

928 676 1039 704 Pmmett
1054 677 1079 705 ei
1095 678 1141 712 qui
1157 678 1184 704 id
1199 680 1306 706 locutus
1323 679 1432 706 fuerat:
1448 679 1480 706 Et
1497 679 1563 715 quid
1577 684 1620 707 est
1635 680 1721 706 malo-

929 731 988 749 rum
1004 723 1118 750 odium?
1135 724 1168 750 At
1186 723 1270 751 frater
1289 726 1447 761 obstupuit,
1464 733 1515 753 ttec
1533 726 1636 752 invenit
1655 726 1721 760 quid

930 769 1106 803 responderet
1121 779 1127 795 :
1145 770 1215 797 unde
1230 778 1345 805 surgens
1362 772 1421 798 seni
1440 779 1469 798 se
1500 771 1654 804 inclinavit,
1676 781 1722 807 pe-

929 821 988 843 tens
1017 815 1128 842 doceret
1153 823 1215 843 eum
1242 817 1308 851 quid
1343 823 1416 844 esset
1448 817 1541 844 odiuttt
1573 819 1720 846 maloruut.

929 860 1042 894 Excepit
1065 867 1169 887 senex:
1183 860 1239 887 Hoc
1259 866 1300 888 est
1317 862 1452 888 malorum
1477 862 1588 894 odium,
1607 863 1629 891 si
1659 863 1722 898 quis

894 907 913 933 Β
930 909 1038 940 peccata
1056 913 1105 934 sua
1121 906 1220 938 oderit,
1237 907 1447 943 proximumque
1459 916 1539 936 suum
1552 909 1657 944 justum
1671 917 1723 944 pu-

928 952 1037 978 tavcrit.

963 997 1026 1024 145.
1043 997 1140 1024 Frater
1163 998 1208 1032 qtti
1233 1002 1387 1026 accesserat
1401 999 1434 1026 ad
1458 999 1585 1028 abbatem
1610 999 1720 1028 Pceme-

928 1051 1001 1074 nem.
1017 1043 1055 1069 ait
1069 1043 1109 1070 illi
1125 1053 1131 1071 :
1146 1043 1216 1077 Quid
1233 1044 1351 1071 faciam?
1367 1046 1456 1072 Senex
1473 1046 1506 1073 ad
1524 1054 1585 1073 eum
1608 1055 1615 1073 :
1635 1045 1721 1079 Vade,

931 1089 1050 1124 atljunge
1065 1094 1090 1116 te
1116 1089 1219 1116 homini
1239 1090 1337 1117 dicenti
1355 1101 1361 1117 :
1380 1090 1449 1124 Quid
1475 1100 1522 1127 rgo
1543 1092 1623 1119 volo?
1638 1096 1665 1119 et
1680 1100 1722 1120 re-

928 1136 1018 1168 quiem
1034 1135 1222 1169 consequeris.

965 1180 1027 1207 LM.
1053 1180 1181 1208 Narravit
1204 1181 1288 1208 abbas
1317 1181 1430 1217 :loseph,
1455 1182 1561 1210 dixisse
1588 1183 1717 1211 abbatem

929 1226 1006 1254 Isaac
1023 1236 1028 1254 :
1046 1227 1179 1254 Sedebam
1201 1228 1351 1263 aliquando
1368 1229 1440 1263 apud
1459 1230 1586 1256 abbatem
1612 1229 1720 1258 Pmme-

930 1280 991 1300 nem
1005 1294 1011 1306 ,
1040 1277 1066 1300 et
1092 1274 1224 1308 conspexi
1246 1275 1271 1301 in
1290 1276 1421 1302 cxstasim
1441 1280 1566 1310 raptum;
1592 1277 1724 1311 quodque

930 1320 1016 1346 multa
1033 1323 1126 1346 uterer
1147 1327 1211 1355 erga
1231 1320 1307 1347 illuttt
1328 1321 1456 1356 loquendi
1476 1322 1612 1353 libertate,
1627 1324 1724 1350 incur-

931 1365 990 1391 vari
1003 1373 1046 1392 me
1056 1373 1149 1392 coram
1165 1366 1235 1400 ipso,
1249 1373 1280 1392 ac
1294 1365 1459 1401 deprecatus
1475 1375 1536 1395 sum
1552 1367 1595 1396 his
1610 1368 1701 1395 verbis
1714 1377 1721 1395 :

932 1411 1020 1437 lil‘fare
1037 1411 1113 1442 mihi,
1129 1412 1174 1438 ubi
1190 1412 1272 1439 eras?
1287 1413 1333 1440 Ille
1347 1420 1412 1440 vero
1429 1417 1542 1440 coactus
1558 1414 1721 1449 respondit:

931 1456 1008 1484 Mens
1027 1464 1086 1483 mea
1113 1457 1139 1483 itt
1168 1464 1201 1483 eo
1228 1457 1288 1484 loco
1312 1458 1485 1491 versabatur,
1511 1459 1538 1486 itt
1557 1467 1612 1493 quo
1627 1465 1724 1487 sancta

931 1502 1017 1530 Maria
1035 1502 1083 1529 Dei
1108 1502 1227 1537 genitrix
1253 1503 1343 1535 stetit,
1370 1504 1482 1538 plorans
1506 1505 1584 1540 juxta
1609 1513 1721 1533 crucem

934 1548 1102 1581 Salvatoris;
1126 1553 1208 1584 atque
1233 1557 1283 1585 ego
1311 1557 1440 1585 cuperem
1464 1558 1574 1586 semper
1593 1559 1625 1578 eo
1641 1551 1724 1579 modo

933 1595 1008 1622 ﬂere.

970 1641 1031 1668 HS.
1052 1640 1149 1669 Frater
1173 1642 1280 1678 rogavit
1303 1643 1428 1670 abbatem
1447 1644 1605 1671 Pmntenent
1623 1652 1630 1670 :
1649 1643 1722 1677 Quid

934 1687 1032 1715 faciant
1054 1690 1131 1716 oneri
1148 1689 1213 1716 huic
1229 1690 1300 1724 quod
1319 1698 1361 1716 me
1383 1690 1556 1725 comprimit?
1573 1690 1724 1725 Respondit

933 1734 957 1761 ei
975 1741 1075 1761 senex:
1094 1734 1187 1762 Parva:
1205 1743 1286 1762 naves
1305 1739 1332 1762 et
1349 1742 1454 1770 magna:
1471 1736 1548 1763 zonis
1582 1736 1724 1764 instructae

933 1785 1008 1812 sunt,
1024 1784 1053 1807 ut
1070 1781 1094 1808 si
1114 1785 1213 1809 ventus
1234 1781 1373 1809 secundus
1391 1782 1519 1815 defuerit,
1541 1786 1634 1810 nauta:
1657 1783 1722 1809 Init-

934 1830 993 1852 tant
1011 1826 1104 1853 funem
1129 1835 1191 1854 cum
1207 1827 1326 1862 cingulis
1350 1829 1377 1854 in
1391 1832 1503 1862 pectora
1523 1836 1583 1861 sua,
1603 1833 1632 1857 et
1656 1837 1724 1864 pau-

934 1872 1011 1898 latim
1025 1880 1122 1900 navem
1139 1873 1259 1907 trahant,
1277 1873 1364 1901 donec
1381 1873 1453 1902 Deus
1470 1879 1581 1902 ventum
1594 1875 1721 1903 miserit:

936 1918 1010 1954 quod
1028 1919 1050 1947 si
1067 1919 1253 1954 compererint
1270 1920 1460 1948 exsurrexisse
1480 1921 1637 1956 caliginem.
1658 1926 1724 1949 tunc

934 1966 1086 2000 appellunt,
1104 1971 1130 1993 et
1146 1967 1277 2001 paxillum
1292 1967 1388 2001 figunt,
1406 1975 1440 1994 ne
1453 1969 1531 1996 navis
1547 1972 1670 2003 vagetur.

974 2054 1033 2081 146.
1048 2054 1104 2090 (75)
1121 2053 1219 2083 Frater
1234 2060 1412 2091 percontatus
1429 2061 1471 2084 est
1485 2057 1609 2084 abbatem
1623 2058 1727 2086 Poeme-

934 2107 996 2126 ncm
1010 2099 1250 2135 decogitatiottum
1263 2101 1494 2129 infestationibus.
1508 2101 1553 2128 Ait
1569 2103 1608 2130 illi
1622 2111 1723 2131 senex:

935 2144 998 2172 11ωο
1027 2153 1071 2173 res
1087 2146 1186 2173 similis
1201 2150 1243 2174 est
1262 2147 1364 2174 homini
1381 2148 1429 2182 qui
1448 2148 1528 2175 habet
1546 2148 1636 2182 ignem
1655 2157 1670 2176 a
1687 2150 1725 2177 si-

936 2192 1040 2223 nistris,
1063 2195 1089 2219 et
1114 2197 1248 2220 craterem
1274 2201 1352 2229 aqua).
1374 2202 1388 2221 a
1408 2195 1522 2222 dextris.
1544 2195 1573 2222 Si
1598 2204 1664 2231 ergo
1678 2204 1724 2224 ac-

936 2247 1036 2266 census
1059 2239 1142 2266 fuerit
1167 2240 1249 2275 ignis.
1267 2241 1382 2276 accipiet
1402 2248 1416 2268 e
1439 2247 1544 2268 cratere
1566 2249 1676 2277 aquam,
1693 2250 1725 2271 ac

937 2286 1092 2321 exstinguet
1109 2286 1197 2312 illum.
1216 2286 1286 2321 Ignis
1301 2290 1343 2313 est
1370 2287 1502 2314 sementis
1516 2287 1620 2314 inimici
1632 2295 1639 2320 ;
1653 2295 1724 2323 aqua

936 2339 1012 2362 vero,
1028 2336 1168 2366 prostrare
1182 2340 1211 2360 se
1229 2333 1256 2359 ιιι
1269 2337 1420 2367 conspectu
1437 2332 1495 2360 Dei.

975 2377 1034 2404 M7.
1055 2377 1110 2412 (76)
1128 2377 1225 2405 Frater
1240 2378 1396 2405 sciscitatus
1410 2383 1451 2405 est.
1472 2378 1599 2406 abbatem
1617 2374 1725 2407 Poeme-

937 2431 1011 2456 nem,
1028 2427 1204 2458 priestaretne
1219 2424 1292 2458 loqui
1310 2431 1392 2459 quam
1409 2428 1511 2452 tacere.
1531 2423 1564 2450 Et
1580 2432 1663 2452 senex
1681 2432 1726 2451 re-

937 2470 1048 2505 spondit
1065 2481 1071 2498 :
1088 2469 1139 2503 Qui
1160 2475 1271 2506 propter
1288 2469 1372 2498 Deum
1398 2471 1528 2505 loquitur,
1545 2474 1621 2498 recte
1643 2470 1724 2504 facit;

935 2516 994 2550 pari
1008 2516 1089 2543 modo
1101 2517 1183 2543 etiam
1198 2517 1243 2551 qui
1261 2521 1333 2544 tacet
1348 2520 1460 2552 propter
1475 2516 1572 2544 Deum.

972 2561 1034 2588 MS.
1055 2561 1111 2597 (77)
1132 2562 1228 2589 Frater
1255 2563 1381 2596 quaesivit
1407 2562 1441 2589 ab
1456 2562 1554 2590 abbate
1575 2561 1723 2589 Pmtnene:

937 2607 1080 2640 Quomodo
1101 2613 1190 2644 potest
1210 2609 1290 2636 hoino
1312 2608 1432 2644 effugere
1447 2617 1481 2636 ne
1506 2609 1578 2636 male
1595 2609 1725 2644 loquatur

938 2654 971 2681 de
992 2654 1138 2689 proximo?
1154 2654 1224 2682 Dicit
1245 2656 1270 2682 ci
1285 2663 1367 2682 senex
1385 2665 1391 2682 :
1408 2654 1463 2682 Nos
1481 2660 1508 2682 et
1526 2655 1624 2682 fratres
1636 2654 1726 2682 nostri

938 2700 999 2727 dua:
1017 2701 1151 2736 imagines
1168 2709 1279 2732 sumus;
1295 2709 1460 2737 quacunque
1475 2709 1538 2728 vero
1561 2701 1627 2728 hora
1644 2701 1726 2729 homo

124 2753 148 2769 ⁸³
165 2753 207 2779 Al.
226 2753 291 2781 add.
303 2753 440 2786 πάσσαλος
458 2754 487 2781 δέ
498 2755 555 2781 ἐστι
574 2755 603 2782 τὸ
621 2755 715 2781 ἑαυτὸν
738 2754 879 2790 μέμφεσθα

943 2755 964 2770 ¹⁹
982 2756 1024 2783 Al.
1049 2757 1088 2784 τό.

126 2810 186 2843 (75)
205 2811 273 2844 App.
287 2818 312 2844 p.
330 2810 399 2838 1004
414 2819 441 2838 n.
454 2811 498 2838 42.

125 2846 188 2911 ἐμ)
279 2845 357 2872 Patr.
377 2854 417 2877 ιιι,
438 2847 498 2875 152.

145 2881 186 2911 15)
210 2881 220 2907 ι
233 2887 263 2908 ιε.
279 2881 356 2908 Patr.
369 2881 480 2911 ttt.209.

145 2886 186 2915 15)
211 2886 263 2908 tu.
279 2886 356 2908 l'atr.
369 2886 480 2914 ttt,‘209.

976 2813 1032 2851 (ἶέ)
1048 2813 1161 2851 Hine/1.
1180 2816 1258 2844 Voss.
1273 2824 1299 2851 p.
1316 2816 1374 2843 l5t.

974 2849 1031 2885 (77)
1054 2850 1104 2877 l'it.
1124 2850 1202 2879 Patr.
1220 2859 1262 2884 ιιι,
1275 2848 1338 2880 155.
1358 2850 1473 2878 Μῑδτριι.
1496 2849 1575 2879 Voss.
1595 2848 1637 2880 Ib.

1730 523 1736 555 i

1728 575 1737 598 ι
