1970 3074
237 172 289 199 363
813 166 984 194 APPENDIX
1007 167 1051 193 ΑΒ

1073 166 1281 196 PALI.ADIUM.
1803 168 1850 197 ΖΜ

272 231 322 259 169
351 229 407 265 (88)
428 228 522 256 Frater
546 228 671 263 quaesivit
691 235 723 254 ex
749 227 847 254 abbate
869 226 1018 253 Putimene:

1111 226 1177 261 μεθ’.
1198 227 1323 261 ’Λδελφὸς
1342 229 1468 263 ἠρωτησε
1481 227 1527 253 τὸν
1555 226 1641 253 ἁϐἢᾶν
1657 227 1782 262 Ποιμένα·
1796 229 1850 256 Ἐὰν

191 290 194 294 λ
236 277 263 304 Si
283 277 365 304 frater
386 276 513 303 habuerit
535 282 630 309 parum
653 273 775 308 pecuniae
795 281 871 305 meat,
887 273 964 300 visne
978 279 1022 298 re-

236 323 344 358 petam?
366 321 411 348 Ait
425 321 464 348 illi
484 328 567 348 senex
585 329 590 346 :
609 319 673 346 Pete
690 319 724 346 ab
742 326 776 346 eo
795 318 892 346 semel.
910 317 1023 351 Excepit

236 368 319 394 frater
337 377 342 393 :
361 366 432 399 Quid
454 373 519 400 ergo
536 364 654 391 faciam?
678 363 735 390 Non
754 363 826 390 enim
844 363 1022 398 rogitationis

237 420 302 439 mea:
317 411 443 438 dominus
459 418 529 437 sum.
548 409 635 436 Senex
653 409 794 443 respondit
810 416 817 434 :
837 407 901 436 Sine
919 408 1023 444 cogita-

235 459 336 485 tionem
361 461 434 484 tuam
463 460 605 490 stagnare;
630 459 735 481 tantunt
762 453 840 481 fratri
859 458 907 481 tuo
926 452 964 481 'ne
982 454 1022 481 sis

236 504 381 530 molestus;

274 547 333 575 170.
355 546 410 582 189)
424 546 545 580 Contigit
561 549 590 572 ut
601 545 711 580 quidam
726 543 848 576 Patrum,
865 552 934 579 quos
950 545 1022 571 inter

236 598 296 621 erat
315 593 401 620 abbas
414 591 537 621 Ptemen.
557 591 680 618 venirent
705 590 733 617 in
746 590 857 617 domum
874 590 1020 625 cujusdam

237 639 357 673 religiosi
380 637 516 670 hominis;
536 644 653 671 ctunque
677 636 861 668 comederent,
889 637 1020 671 appositi:

236 690 301 713 sunt
325 692 438 717 carnes;
455 683 546 711 Cuncti
569 688 659 710 autem
679 682 892 714 manducabant,
923 687 1021 718 pieeler

235 731 361 757 abbatem
379 729 532 757 Ptemenem
552 738 560 756 :
578 735 661 763 quam
677 727 713 755 ob
725 728 919 755 abstinentiam
934 729 1021 756 admi-

236 778 367 804 rabantur
380 784 469 806 senes,
481 779 678 809 cognoscentes
693 775 887 801 discretionem
903 775 972 809 rjns.
988 775 1021 802 ω

235 831 300 859 ergo
317 831 332 850 e
350 830 441 849 mensa
466 825 656 851 surrexerunt.
680 821 758 847 ailllll
780 821 803 848 ei
824 831 830 848 ἒ
847 820 887 848 Tu
910 829 940 848 es
955 821 1020 849 Ροε-

235 877 308 899 Inen,
320 873 346 894 ct
358 869 396 895 sic
410 867 516 894 fecisti?
531 866 681 902 Respondit
695 867 749 894 illis
765 875 847 894 senex
863 877 868 894 :
886 868 1020 901 Ignoscite

210 919 213 922 ‘
235 916 311 947 mihi.
331 915 440 946 Patres;
459 922 507 941 vos
524 913 695 943 comedislis.
711 917 738 940 et
755 921 836 940 nemo
856 915 1017 941 scandalum

235 969 332 996 passus
348 965 407 990 est;
424 967 474 994 ego
492 967 555 986 vero
578 960 600 986 si
618 959 748 989 edissem,
771 959 899 994 quoniam
920 960 1019 987 fratres

235 1008 312 1034 multi
327 1008 404 1041 juxta
422 1014 463 1032 me.
479 1006 601 1037 veniunt.
618 1006 656 1032 illi
673 1006 773 1032 damno
788 1005 904 1033 fuissent
916 1005 1017 1037 allecti,

234 1059 261 1081 et
275 1054 406 1081 dixissent
423 1062 429 1077 τ
449 1052 558 1080 Pwmen
568 1059 677 1079 carnem
690 1053 877 1081 manducavit.
890 1060 939 1079 nos
955 1060 1019 1079 vero

234 1107 289 1126 non
303 1099 427 1126 edimus?
438 1097 516 1125 Tunc
528 1098 654 1125 detnirati
670 1103 735 1125 sunt
743 1098 804 1133 ejus
814 1098 1017 1125 discretionem.

271 1145 333 1172 171.
352 1145 423 1171 Dixit
443 1145 528 1170 abbas
547 1143 658 1171 Pmmen
677 1153 683 1169 :
706 1143 760 1178 Ego
780 1144 842 1170 dico
859 1153 865 1170 :
885 1142 912 1170 In
929 1144 1018 1170 locum

235 1191 262 1218 in
278 1199 358 1225 quem
378 1190 522 1225 projicitur
538 1189 666 1221 Satanas,
684 1189 739 1216 illic
755 1189 895 1223 projiciur.

272 1238 333 1264 172.
350 1236 421 1263 Idem
435 1237 522 1263 suasit
537 1236 628 1262 abbati
640 1235 719 1262 Anub
733 1244 740 1262 :
754 1236 847 1262 Λυσι-ιι
857 1235 946 1262 oculos
960 1241 1018 1261 tuos

235 1292 267 1310 ne
284 1282 388 1310 videant
412 1282 556 1308 vanitatem
574 1281 607 1308 “.
627 1279 694 1307 Nam
714 1280 826 1308 libertas
847 1281 953 1308 animas
976 1281 1019 1307 in-

235 1327 345 1356 tet-ficit.

272 1373 333 1401 175.
349 1371 406 1408 (90)
423 1372 543 1407 Pugnant
559 1371 678 1398 inierunt
701 1371 849 1406 aliquando
872 1371 977 1399 Paisius
992 1375 1019 1399 et

235 1422 320 1447 frater
330 1418 403 1454 ejus.
421 1425 507 1452 usque
520 1418 553 1445 ad
568 1416 727 1444 effusionem
739 1417 881 1452 sanguinis
895 1425 911 1445 e
925 1418 1021 1452 capiti-

236 1465 286 1491 bus
298 1464 367 1494 suis.
379 1467 520 1498 spectante
529 1462 628 1490 abbate
636 1461 765 1489 Pmmene
774 1470 781 1494 ;
790 1466 818 1490 et
828 1462 896 1489 nihil
907 1463 1019 1489 omnino

233 1512 275 1539 eis
288 1511 395 1538 locutus
406 1515 448 1536 est
461 1516 554 1536 senex.
566 1508 660 1543 Itaque
669 1509 809 1543 ingressus
817 1509 902 1536 abbas
914 1509 996 1536 Anub
1008 1528 1016 1541 ,

234 1563 406 1591 cernensque
423 1556 496 1586 illos,
514 1555 579 1581 dicit
598 1554 691 1582 abbati
707 1553 827 1582 Patmeni
845 1563 852 1581 :
871 1554 962 1587 Quare
977 1555 1016 1583 si-
1029 1572 1052 1602 ε

234 1602 299 1630 victi
317 1601 416 1633 fratres
439 1601 510 1627 inter
533 1608 563 1627 se
587 1607 719 1635 pugnare,
733 1599 802 1626 nihil
819 1601 947 1627 locutus?
960 1600 1014 1628 ﬂe-

234 1648 344 1684 spondit
363 1647 448 1674 abbas
466 1646 574 1673 Paanen
593 1655 599 1673 :
618 1645 728 1673 Fratres
743 1649 818 1677 sunt.
838 1646 965 1673 redibunt
983 1646 1016 1673 ad

237 1702 341 1730 pacem.
358 1692 427 1720 Tum
446 1693 533 1720 abbas
554 1692 655 1718 Annb:
673 1691 744 1724 Quid
772 1691 823 1719 hoc
843 1692 904 1719 est?
925 1693 1017 1720 vidisti

235 1741 274 1767 ita
290 1744 414 1775 agentes,
431 1743 458 1766 et
471 1739 512 1765 ais
528 1747 534 1764 :
552 1737 689 1765 Redibunt
712 1738 738 1765 in
753 1739 888 1773 gratiam?
905 1739 1018 1775 Excepit

235 1786 322 1813 abbas
345 1784 454 1812 l’mmen
473 1793 478 1810 2
497 1782 570 1810 Pone
592 1782 619 1809 in
640 1783 724 1810 corde
747 1787 805 1815 tuo,
828 1791 871 1812 me
887 1784 931 1811 bic
946 1784 1018 1812 intro

235 1837 289 1858 nou
304 1830 452 1858 exstitisse.

271 1877 332 1904 174.
352 1875 449 1903 Frater
465 1875 624 1902 sciscitatus
641 1879 682 1902 est
698 1875 732 1902 de
748 1875 845 1902 abbate
863 1875 992 1904 Pmmene
1009 1887 1015 1903 :

235 1914 366 1950 Habitant
383 1928 488 1948 meeum
509 1919 608 1946 fratres
624 1927 630 1945 :
648 1919 784 1947 suadesne
799 1923 828 1946 ut
843 1920 876 1948 iis
890 1920 1018 1955 jubeant?

234 1969 280 1995 Ait
294 1968 332 1995 illi
347 1975 430 1995 senex
446 1976 452 1992 :
469 1966 546 1998 Non;
565 1966 612 1992 sed
627 1970 655 1992 tu
673 1966 749 2000 prius
764 1966 848 1993 facito
862 1975 942 2002 opus,
957 1969 1017 1995 etsi

236 2014 328 2041 vivere
341 2011 568 2041 desideraverint.
586 2011 637 2045 ipsi
655 2019 701 2046 per
714 2018 744 2038 se
760 2011 901 2039 videbunt.
919 2011 1018 2039 Subdi-

236 2059 276 2085 dit
292 2057 375 2084 frater
392 2066 398 2084 :
418 2056 540 2091 Cupiunt
552 2056 634 2083 etiam
652 2057 717 2090 ipsi,
732 2055 821 2089 Pater,
841 2061 871 2083 ut
892 2057 931 2084 eis
949 2065 1018 2092 pra:-

231 2105 346 2138 ‘cipiam.
367 2102 517 2137 Respondit
540 2110 645 2130 senex:
662 2101 858 2137 Nequaquam;
882 2103 929 2131 sed
957 2109 1018 2131 esto

236 2150 293 2178 illis
303 2149 450 2183 exemplar,
467 2156 520 2175 non
533 2152 622 2175 autem
637 2148 788 2183 legislator.

272 2195 332 2222 Πὸ.
349 2193 420 2220 Dixit
442 2193 527 2220 abbas
541 2192 651 2220 Pwmen
668 2202 674 2219 :
693 2192 761 2220 Cum
781 2195 929 2221 accesserit
940 2195 974 2222 ad
991 2201 1017 2224 te

1073 271 1185 306 ἀδελφὸς
1203 272 1251 307 ἔχῃ
1265 281 1314 307 μου
1332 271 1419 307 μικρὰ
1435 271 1542 306 νουμίι,
1560 270 1646 302 θέλεις
1665 271 1746 297 αὑτὸν
1762 272 1839 307 ὲρωτη

1074 325 1127 347 om:
1144 318 1224 351 Λέγει
1244 318 1319 353 αὐτῷ
1338 318 1462 353 ὀγέρων·
1497 317 1649 353 Ἐρὼτησον
1675 317 1755 344 αὑτδν
1777 317 1851 350 ἅπαξ.

1071 362 1121 397 Λέγ
1128 371 1152 389 ει
1169 363 1266 398 αὑτῷό
1281 363 1405 396 ἀδελφός·
1422 363 1454 389 Τί
1470 361 1516 389 οὖν
1532 363 1654 397 umnam;
1674 362 1705 388 οὐ
1718 361 1771 397 γὰρ
1785 370 1854 397 περι-τ

1072 409 1182 444 γίνομαι
1211 410 1259 436 τοῦ
1291 409 1421 444 λογισμοῦ
1444 418 1504 444 μου.
1535 408 1615 441 Λέγει
1643 408 1717 443 αὐτῷ
1734 408 1851 442 ὁγέρωψ

1074 455 1159 488 Ἀφες
1176 454 1222 480 τὸν
1235 454 1364 489 λογισμόν
1379 462 1426 480 σου
1436 454 1540 489 λακκᾷν
1554 453 1620 489 (91),
1635 453 1715 488 μόνον
1728 453 1772 479 τὸν
1787 453 1853 479 ἁδελ-

1072 501 1122 535 φόν
1139 509 1185 528 σου
1203 502 1240 537 μὴ
1255 501 1362 538 θλίψῃς.

1108 547 1155 582 po’.
1172 548 1277 584 Συνέὃη
1291 548 1368 580 τινὰς
1386 548 1440 575 τῶν
1469 548 1598 584 Πατέρων
1629 547 1794 582 παραϐαλεῖν
1817 547 1854 579 εις

1072 595 1160 621 οὶκίαν
1176 595 1348 631 φιλοχριστου
1363 596 1445 627 τινὸς,
1461 597 1490 622 ὲν
1509 593 1548 627 οἷς
1563 593 1596 630 ἦν
1614 595 1660 621 καὶ
1671 595 1685 620 6
1700 594 1785 626 6.665.;
1798 595 1854 620 Ποι-

1073 643 1138 676 μήψ
1155 642 1203 668 καὶ
1222 642 1251 668 ἐν
1281 641 1320 676 τῷ
1349 641 1450 668 ἐσθίειν
1475 641 1591 672 αὐτοὺς,
1620 639 1756 675 παρετέθη
1783 639 1852 675 κρέα·

1071 686 1171 721 ἕδεαγον
1181 687 1209 713 δὲ
1223 687 1324 719 πάντες
1335 688 1419 723 χωρὶς
1426 687 1474 714 τοῦ
1483 687 1556 714 ἀὸὅᾶ
1571 687 1714 722 [Ιοιμένος⁸
1723 687 1768 713 καὶ
1783 686 1855 713 ἐθαύ-

1072 733 1156 768 μαζον
1185 735 1209 759 οι
1223 734 1348 769 γέροντες
1367 734 1406 760 ὅτι
1424 734 1474 759 οὐκ
1492 732 1602 768 ἤσθιεν.
1632 733 1732 764 εἰδότες
1746 732 1855 767 τὴνδιά-

1071 787 1161 813 κρισιν
1178 779 1271 805 αὐτοῦ.
1293 779 1336 810 Ὠς
1355 779 1382 805 δὲ
1397 779 1559 814 ἀνέστησαν,
1577 779 1702 812 λέγουσιν
1713 777 1795 812 αὐτῷ’
1821 778 1854 804 Σὺ

1070 821 1096 849 εἴ
1113 824 1227 859 Ποιμὴν,
1247 825 1294 851 καὶ
1306 824 1391 855 οὕτως
1404 824 1554 859 ὲποίησας;
1583 823 1731 859 ’Λ-πεκριθη
1747 824 1857 854 αὖτοῑςό

1071 870 1169 905 γέρων·
1182 870 1381 905 Συγχωρήσατέ
1402 879 1457 904 μοι,
1483 870 1612 905 Πατέρες·
1633 870 1711 905 ὑμεῖς
1734 870 1854 904 ἐφάγετε.

1071 915 1119 942 καὶ
1138 915 1228 948 οὐδεὶς
1256 915 1461 951 ὲσκανδαλίσθη·
1484 915 1539 949 ἐγὼ
1552 915 1580 941 δὲ
1597 916 1621 942 εἰ
1642 915 1754 950 ἔφαγον,
1768 915 1855 951 ἐπειδὴ

1070 960 1162 987 πολλοὶ
1177 961 1287 995 ἀδελφοὶ
1310 961 1434 996 ἔρχονται
1461 961 1574 995 ἔγγιστά
1594 970 1655 997 μου,
1673 959 1745 996 εἶχον
1761 961 1856 996 βλαΰῆ-

1070 1015 1125 1038 ναι,
1140 1007 1275 1040 λέγοντες
1291 1008 1398 1043 Ποιμὴν
1416 1007 1500 1042 ἔφαγε
1526 1008 1612 1042 κρέα,
1641 1008 1688 1034 καὶ
1715 1008 1794 1043 ἡμεῖς
1809 1008 1856 1034 οὐκ

1070 1051 1212 1087 ὲσθίομεν;
1236 1053 1290 1079 Καὶ
1303 1053 1461 1088 ἐθαύμασαν
1472 1054 1520 1088 τὴν
1532 1053 1666 1089 διάκρισιν
1679 1053 1771 1080 αὐτοῦ.

1107 1143 1172 1175 ροα’.
1191 1138 1294 1167 Εἷπενό
1306 1141 1391 1173 ἀϐδᾶς
1406 1142 1520 1176 Ποιμήν
1535 1141 1605 1174 Ἐγὼ
1617 1142 1698 1176 λέγω,
1713 1143 1753 1169 ὅτι
1763 1144 1800 1174 εἰς
1814 1143 1857 1169 τὸν

1068 1187 1150 1212 τόπον
1162 1187 1228 1213 ὅπου
1247 1188 1372 1222 βάλλεται
1396 1190 1410 1214 ὁ
1427 1189 1559 1220 Σατανᾶς,
1573 1190 1631 1215 ἐκεῖ
1650 1189 1788 1224 βάλλομαι,

1105 1232 1170 1267 936'.
1189 1233 1216 1259 '0
1230 1233 1310 1265 αὐτὸς
1321 1232 1380 1260 εἷπε
1395 1234 1433 1270 τῷ
1445 1234 1516 1270 ἁϐϐᾇ
1528 1235 1632 1261 ’Λνούϐ-
1655 1236 1859 1270 Ἀπόστρεψον

1069 1279 1139 1311 τοὺς
1154 1279 1326 1314 ὀφθαλμούς
1340 1287 1398 1306 σου
1429 1281 1482 1306 τοῦ
1505 1281 1548 1315 μὴ
1576 1281 1650 1308 [δεῖν
1666 1283 1856 1316 ματαιότητα·

1068 1325 1084 1358 ή
1105 1325 1159 1359 γὰρ
1174 1324 1314 1359 ἐλευθερία
1331 1325 1419 1360 ψυχὰς
1431 1327 1546 1361 ἀναιρεῖ.

1105 1373 1170 1405 ρογ’.
1192 1371 1365 1406 Ἐμαχήσατό
1381 1380 1444 1398 ποτε
1459 1372 1570 1404 Παῖςιος
1587 1372 1655 1407 μετὰ
1677 1373 1791 1407 ἀδελφοῦ
1807 1373 1859 1400 αὑ-

1068 1415 1125 1446 τοῦ,
1138 1416 1318 1451 καθεζομένου
1336 1416 1382 1443 τοῦ
1393 1417 1464 1444 ὰϐϐᾶ
1475 1418 1616 1452 ῐιοιμένος,
1634 1419 1730 1454 μέχρις
1744 1417 1810 1453 αἷμα
1827 1420 1860 1445 ἐκ

1068 1462 1122 1488 τῶν
1136 1462 1260 1496 κεφαλῶν
1274 1462 1363 1489 αὐτῶν
1383 1463 1582 1498 καταρρυῆναι·
1598 1464 1644 1490 καὶ
1659 1464 1734 1490 οὐδὲν
1754 1465 1784 1490 τὸ
1796 1465 1860 1490 σύν-

1067 1507 1127 1534 ολον
1142 1507 1271 1542 ἐλάλησεν
1282 1508 1373 1540 αὐτοῖς
1386 1509 1401 1534 6
1414 1508 1511 1543 γέρων.
1530 1509 1658 1544 Εἰσῆλθεν
1676 1507 1724 1536 οὖν
1748 1511 1762 1536 6
1772 1510 1860 1541 ἀὸίιᾱς

1075 1553 1178 1580 Ἀνούὸ-
1192 1555 1238 1581 καὶ
1256 1554 1318 1581 ἰδὼν
1342 1555 1449 1587 αὐτοὺς.
1475 1555 1549 1589 λέγει
1574 1555 1613 1590 τῷ
1635 1555 1705 1591 ἀθὶϐᾷ
1735 1556 1859 1591 Ποιμένιο

1069 1600 1145 1626 Διατι
1157 1601 1266 1636 ἀφῆκας
1283 1601 1344 1632 τοῦς
1376 1601 1506 1635 ἀδελφοὺς
1522 1602 1701 1636 μαχομένους,
1719 1603 1802 1637 μηδὲν
1817 1602 1862 1628 λα-

1070 1646 1153 1681 λήσας
1168 1647 1273 1679 abrok;
1289 1647 1370 1681 Λέγει
1384 1648 1397 1673 6
1414 1647 1501 1678 ἀὸϐᾶς
1523 1647 1637 1683 Ποιμήν·
1659 1648 1778 1682 ’Λδελφοί
1794 1649 1859 1679 εἱσι,

1069 1693 1150 1720 πάλιν
1177 1694 1359 1729 εἰρηνεύουσι.
1385 1694 1466 1728 Λέγει
1481 1695 1495 1720 6
1515 1694 1602 1727 ἀϐϐᾱς
1633 1695 1735 1721 Ἀνούὸο
1752 1696 1785 1721 Τί
1801 1697 1861 1722 ἐστι

1068 1739 1146 1765 τοῦτο
1158 1748 1165 1771 ;
1179 1737 1248 1771 εἶδες
1266 1740 1306 1766 ὅτι
1322 1740 1408 1771 οὕτως
1423 1741 1564 1774 ἐποίησαν.
1590 1740 1637 1767 καὶ
1654 1740 1753 1775 λέγεις·
1775 1741 1861 1767 Πάλιν

1069 1783 1254 1818 εἰρηνεύουσις
1284 1784 1366 1818 Λέγει
1376 1784 1449 1820 αὐτῷ
1478 1786 1491 1811 6
1512 1785 1598 1817 ἁθϐᾱς
1613 1785 1726 1821 Ποιμήν·
1748 1786 1799 1818 Θὲς
1820 1788 1861 1818 εἰς

1068 1828 1117 1862 τὴν
1131 1827 1243 1863 καρδίαν
1259 1836 1315 1861 σου,
1331 1830 1371 1856 ὅτι
1386 1830 1436 1856 οὐκ
1452 1830 1524 1864 ἧμην
1538 1827 1589 1856 ὦδε
1607 1830 1670 1856 ἔσω.

1104 1873 1167 1909 ροδ¹.
1191 1874 1315 1908 ’Λδελφὺς
1331 1875 1455 1910 ἠρώτησε
1467 1875 1512 1902 τὸν
1521 1875 1607 1902 ἁὸὃᾶν
1614 1876 1744 1911 Ποιμένα.
1759 1876 1861 1910 λέγων·

1075 1919 1194 1954 Ἀδελςροὶ
1211 1921 1316 1947 οἰκοῦσι
1337 1923 1395 1956 μετ’
1410 1922 1488 1957 ἐμοῦ·
1503 1922 1591 1953 θέλεις
1608 1922 1728 1949 κελεύσω
1743 1924 1838 1954 αὐτοῖς
1853 1932 1860 1954 ;

1068 1964 1147 1997 Λέγει
1162 1965 1236 2000 αὐτῷ
1249 1967 1263 1992 6
1277 1965 1376 2001 γέρων⁸
1393 1966 1469 2000 Οὐχί·
1483 1966 1551 1992 ἀλλὰ
1571 1967 1683 2002 ποίησον
1699 1967 1809 2002 πρῶτον
1830 1968 1867 1994 τὸ

1068 2010 1158 2045 ἔργον,
1172 2011 1218 2038 καὶ
1228 2010 1275 2037 ἐὰν
1290 2011 1386 2037 θέλωσι
1407 2011 1465 2047 ζῇν,
1487 2013 1593 2043 ἑαυτοῖς
1609 2012 1746 2047 βλέπουσι.
1776 2013 1863 2048 Λέγει

1068 2055 1142 2090 αὑτῴ
1160 2057 1174 2082 6
1187 2056 1309 2090 ἀδελφὸς·
1336 2057 1448 2083 Θέλουσι
1463 2057 1509 2083 καὶ
1528 2058 1616 2089 αὐτοὶ,
1632 2058 1733 2094 Πάτερ,
1747 2059 1792 2084 ἵνα
1816 2067 1863 2086 χε-

1067 2099 1155 2126 λεὺσω
1167 2101 1268 2132 αὐτοῖς.
1288 2101 1368 2135 Λέγει
1380 2101 1454 2136 αὑτῴ
1469 2103 1482 2127 6
1498 2102 1596 2137 γέρων
1619 2103 1676 2138 Μή·
1693 2103 1759 2129 ἀλλὰ
1778 2105 1865 2138 γενοῦ

1068 2145 1161 2176 αὐτοῖς
1176 2145 1273 2177 τύπος,
1294 2147 1339 2172 καὶ
1358 2147 1395 2182 μὴ
1416 2147 1574 2182 νομοθέτης.

1104 2193 1162 2226 ροε¹.
1180 2187 1263 2216 Εἶπεν
1279 2192 1293 2216 6
1313 2191 1401 2222 ἁεὶὕᾶς
1420 2192 1536 2226 Ποιμήν-
1558 2191 1619 2218 Ἐὰν
1648 2192 1794 2228 παραϐάλῃ
1820 2201 1871 2220 σοι

235 2241 329 2272 frater.
348 2245 375 2267 ut
398 2239 574 2274 conspexeris
596 2243 623 2265 te
644 2239 761 2266 adventu
786 2240 861 2267 illius
884 2248 937 2267 non
956 2250 1018 2270 esse

1074 2237 1188 2271 ὶδελιρὸς,
1204 2237 1250 2263 καὶ
1278 2237 1335 2272 ἴδῃς
1360 2237 1455 2263 ἑαυτὸν
1486 2237 1524 2272 μὴ
1548 2237 1735 2273 ὠφελούμενον
1767 2240 1796 2265 ἐν
1827 2241 1868 2276 τῇ

234 2288 368 2322 adiutum,
383 2286 491 2320 require
505 2285 532 2312 in
546 2289 635 2312 mente
648 2289 706 2315 tua.
720 2289 800 2320 atque
813 2291 918 2320 reputa.
934 2295 1015 2322 quam

188 2336 189 2339 ‘
234 2333 425 2368 cogitationem
443 2331 564 2359 volvi-res
584 2332 674 2358 animo
691 2335 753 2358 ante
769 2332 830 2366 ejus
846 2333 988 2360 introitum
1008 2342 1014 2360 :

235 2384 355 2413 tuncque
374 2385 523 2413 cognosces
549 2385 660 2404 causam
684 2386 737 2404 non
761 2382 846 2413 capta:
878 2379 1015 2407 utilitatis.

234 2425 310 2457 Quod
330 2423 353 2450 si
371 2423 424 2449 hoc
445 2430 506 2449 cum
530 2422 682 2449 humilitate
698 2427 725 2449 et.
740 2423 889 2450 attentione
906 2423 1015 2456 feceris,

233 2473 288 2499 eris
311 2471 466 2504 inculpatus
493 2477 554 2495 cum
586 2469 719 2503 proximo.
749 2473 863 2503 portans
893 2470 1015 2498 defectus

234 2521 305 2543 tuos.
320 2514 348 2542 Si
363 2515 436 2542 enim
448 2521 510 2540 cum
525 2513 652 2541 cautione
664 2512 757 2540 fecerit
769 2513 850 2540 homo
863 2515 1014 2542 sessionem

234 2569 323 2592 suam,
340 2567 393 2586 non
408 2558 535 2586 oll'endet.
548 2558 619 2585 Dens
631 2558 731 2592 quippe
746 2566 839 2586 coram
855 2559 901 2586 illo
913 2564 965 2588 est.
981 2559 1016 2588 Ut

233 2611 322 2633 autem
339 2612 388 2640 ego
403 2604 491 2635 video.
505 2611 539 2630 ex
553 2604 603 2631 hac
619 2604 683 2632 sede
698 2603 819 2639 possidet
835 2605 915 2632 homo
933 2605 1015 2633 timo-

233 2661 288 2680 rem
306 2650 361 2678 Dei.

268 2752 290 2768 ³³
303 2751 375 2778 Psal.
387 2758 480 2780 cxvnt.
492 2751 536 2776 37.

268 2808 324 2842 (88)
345 2807 397 2842 Yit.
413 2807 490 2834 Patr.
508 2815 550 2836 Ill.
569 2807 630 2836 170.

268 2842 323 2877 (89)
341 2841 420 2869 Joan.
434 2842 528 2870 Geum.
541 2842 643 2869 Parad.
659 2843 703 2870 52.

269 2878 325 2914 (90)
343 2877 459 2911 Αρριηιι.
476 2877 555 2909 1005,
568 2886 595 2905 n.
613 2878 654 2904 19.

1067 2282 1162 2317 εῑσόδῳ
1174 2282 1268 2314 αὑτοῦ,
1283 2282 1400 2318 ζήτησον
1416 2283 1445 2309 ὲν
1459 2284 1491 2318 τῇ
1509 2283 1611 2318 διανοίᾳ
1637 2292 1694 2315 σου,
1723 2284 1772 2310 καὶ
1788 2285 1868 2320 μάθε

1067 2329 1143 2359 mtto;
1157 2325 1192 2363 ἦν
1207 2328 1222 2354 6
1240 2327 1368 2362 λογισμὸς
1383 2327 1412 2353 ὃν
1429 2321 1499 2362 εἶχες
1514 2328 1566 2363 πρὸ
1582 2329 1631 2363 τῆς
1643 2329 1745 2356 εἰσόδου
1761 2330 1867 2356 αὑτοῦ-

1067 2374 1113 2401 καὶ
1128 2374 1189 2400 τότε
1204 2374 1296 2410 γνώσῃ
1315 2374 1355 2405 τίς
1369 2374 1469 2408 ήαῐτία
1494 2374 1543 2409 τῆς
1558 2375 1731 2408 ἀνωφελείας.
1753 2376 1820 2402 Ἐὰν
1835 2376 1870 2402 δὲ

1066 2420 1145 2447 τοῦτο
1167 2422 1283 2455 ποιήσῃς
1307 2419 1376 2454 μετὰ
1390 2420 1646 2455 λταπεινοφροσύνης
1669 2421 1716 2447 καὶ
1739 2421 1868 2453 ἑννοίας,

1067 2465 1116 2501 ἔσῃ
1130 2465 1273 2500 ἄμεμπτος
1288 2465 1356 2500 μετὰ
1368 2465 1415 2491 τοῦ
1437 2465 1549 2500 πλησίον
1576 2474 1634 2496 σου,
1663 2466 1812 2500 βαστάζων
1830 2467 1873 2493 τὰ

1067 2511 1164 2538 ἑαυτοῦ
1181 2510 1365 2546 ἐλαττώματα.
1375 2510 1438 2537 Ἐὰν
1453 2511 1507 2546 γὰρ
1519 2511 1587 2545 μετὰ
1606 2511 1744 2543 εὐλαϐείας
1756 2513 1874 2548 ποιήσῃ

1067 2557 1209 2593 ἄνθρωπος
1228 2558 1254 2584 τὸ
1268 2557 1388 2592 κάθισμα
1400 2557 1492 2589 αὐτοῦ,
1514 2558 1544 2584 οὐ
1571 2558 1609 2593 μὴ
1633 2559 1745 2594 πταίσῃ·
1773 2560 1789 2585 6
1806 2559 1872 2595 γὰρ

1066 2604 1132 2635 Θεὸς
1145 2603 1260 2630 ἐνώπιον
1285 2603 1367 2630 αὐτοῦ
1389 2604 1478 2632 ἐστιν.
1495 2603 1538 2635 Ὠς
1553 2603 1581 2630 δὲ
1595 2603 1650 2638 ἐγὼ
1662 2604 1726 2639 ὁρῶ,
1740 2604 1774 2631 ἐκ
1790 2605 1872 2631 ταύ-

1066 2659 1115 2685 της
1131 2649 1181 2685 τῆς
1201 2649 1334 2685 καθέδρας
1355 2650 1450 2676 κτᾶται
1479 2650 1620 2685 ἄνθρωπος
1634 2651 1681 2677 τὸν
1697 2651 1781 2685 φόϐον
1813 2651 1872 2678 τοῦ

1066 2695 1144 2723 Θεοῦ.

1102 2806 1159 2841 (91)
1179 2805 1320 2838 Λακκᾷν,
1337 2805 1598 2841 λάκκυςγλακκᾷν.
1620 2805 1739 2833 Verbum
1765 2808 1873 2834 inter—

1066 2841 1190 2877 pretibus
1205 2848 1259 2868 non
1272 2842 1456 2872 intellectum,
1477 2842 1592 2877 ideoque
1607 2842 1641 2868 ab
1665 2849 1719 2868 uno
1735 2847 1872 2876 prseter-

1068 2876 1193 2909 inissum,
1214 2876 1248 2904 ab
1264 2877 1350 2904 altero
1367 2880 1500 2903 mutatum
1517 2877 1543 2904 in
1558 2876 1661 2908 λακεῖν,
1679 2884 1807 2910 crepare.
