  <div class='ocr_page' id='page_1' title='image "/cluster/home/n/w/nwhite01/storage/ocr_20150623/65/njp.32101077772687/190.png"; bbox 0 0 1970 3074; ppageno 0'>
   <div class='ocr_carea' id='block_1_1' title="bbox 695 149 1175 179">
    <p class='ocr_par' dir='ltr' id='par_1_1' title="bbox 695 149 1175 179">
     <span class='ocr_line' id='line_1_1' title="bbox 695 149 1175 179; baseline -0.002 -2"><span class='ocrx_word' id='word_1_1' title='bbox 695 149 999 179; x_wconf 70' lang='lat' dir='ltr'><strong>APOPHTHEGMATA</strong></span> <span class='ocrx_word' id='word_1_2' title='bbox 1020 149 1175 176; x_wconf 73' lang='lat' dir='ltr'><strong>PATRUM.</strong></span> 
     </span>
    </p>
   </div>
   <div class='ocr_carea' id='block_1_2' title="bbox 1697 139 1761 169">
    <p class='ocr_par' dir='ltr' id='par_1_2' title="bbox 1697 139 1761 169">
     <span class='ocr_line' id='line_1_2' title="bbox 1697 139 1761 169; baseline -0.031 -1"><span class='ocrx_word' id='word_1_3' title='bbox 1697 139 1761 169; x_wconf 79' lang='lat'><strong>370&#39;</strong></span> 
     </span>
    </p>
   </div>
   <div class='ocr_carea' id='block_1_3' title="bbox 136 206 927 247">
    <p class='ocr_par' dir='ltr' id='par_1_3' title="bbox 136 207 924 247">
     <span class='ocr_line' id='line_1_3' title="bbox 136 207 924 247; baseline 0.001 -11"><span class='ocrx_word' id='word_1_4' title='bbox 136 207 193 245; x_wconf 79' lang='grc' dir='ltr'>ἆρα</span> <span class='ocrx_word' id='word_1_5' title='bbox 217 210 246 236; x_wconf 79' lang='grc' dir='ltr'>ἑν</span> <span class='ocrx_word' id='word_1_6' title='bbox 269 209 356 245; x_wconf 78' lang='grc' dir='ltr'>τούτῳ</span> <span class='ocrx_word' id='word_1_7' title='bbox 380 210 484 244; x_wconf 64' lang='grc' dir='ltr'>γ’νεται</span> <span class='ocrx_word' id='word_1_8' title='bbox 505 210 635 245; x_wconf 80' lang='grc' dir='ltr'>μοναχός;</span> <span class='ocrx_word' id='word_1_9' title='bbox 653 211 730 246; x_wconf 78' lang='grc' dir='ltr'><strong>Οὐχί.</strong></span> <span class='ocrx_word' id='word_1_10' title='bbox 750 212 804 238; x_wconf 76' lang='grc' dir='ltr'><strong>Καὶ</strong></span> <span class='ocrx_word' id='word_1_11' title='bbox 818 210 924 247; x_wconf 79' lang='grc' dir='ltr'><strong>Παμὸὼ</strong></span> 
     </span>
    </p>
   </div>
   <div class='ocr_carea' id='block_1_4' title="bbox 984 206 1758 247">
    <p class='ocr_par' dir='ltr' id='par_1_4' title="bbox 984 206 1758 246">
     <span class='ocr_line' id='line_1_4' title="bbox 984 206 1758 246; baseline -0.003 -9"><span class='ocrx_word' id='word_1_12' title='bbox 984 214 1105 246; x_wconf 78' lang='lat' dir='ltr'><strong>)pcratur</strong></span> <span class='ocrx_word' id='word_1_13' title='bbox 1118 210 1144 236; x_wconf 92' lang='lat' dir='ltr'><strong>in</strong></span> <span class='ocrx_word' id='word_1_14' title='bbox 1158 209 1202 236; x_wconf 89' lang='lat' dir='ltr'><strong>die</strong></span> <span class='ocrx_word' id='word_1_15' title='bbox 1217 208 1250 235; x_wconf 86' lang='lat' dir='ltr'><strong>ad</strong></span> <span class='ocrx_word' id='word_1_16' title='bbox 1260 208 1328 235; x_wconf 89' lang='lat' dir='ltr'><strong>duas</strong></span> <span class='ocrx_word' id='word_1_17' title='bbox 1341 207 1466 242; x_wconf 78' lang='lat' dir='ltr'><strong>siliquas,</strong></span> <span class='ocrx_word' id='word_1_18' title='bbox 1476 214 1578 242; x_wconf 84' lang='lat' dir='ltr'><strong>easque</strong></span> <span class='ocrx_word' id='word_1_19' title='bbox 1589 206 1636 234; x_wconf 85' lang='lat' dir='ltr'><strong>dat</strong></span> <span class='ocrx_word' id='word_1_20' title='bbox 1648 207 1674 233; x_wconf 86' lang='lat' dir='ltr'><strong>in</strong></span> <span class='ocrx_word' id='word_1_21' title='bbox 1686 210 1758 235; x_wconf 80' lang='lat' dir='ltr'><strong>etce-</strong></span> 
     </span>
    </p>
   </div>
   <div class='ocr_carea' id='block_1_5' title="bbox 138 255 921 293">
    <p class='ocr_par' dir='ltr' id='par_1_5' title="bbox 138 255 921 293">
     <span class='ocr_line' id='line_1_5' title="bbox 138 255 921 293; baseline 0.005 -12"><span class='ocrx_word' id='word_1_22' title='bbox 138 255 285 291; x_wconf 74' lang='grc' dir='ltr'>ἐργάζεται</span> <span class='ocrx_word' id='word_1_23' title='bbox 299 255 345 282; x_wconf 82' lang='grc' dir='ltr'><strong>δύο</strong></span> <span class='ocrx_word' id='word_1_24' title='bbox 355 264 423 291; x_wconf 87' lang='grc' dir='ltr'>κερα</span> <span class='ocrx_word' id='word_1_25' title='bbox 431 255 490 282; x_wconf 84' lang='grc' dir='ltr'>ιιων</span> <span class='ocrx_word' id='word_1_26' title='bbox 500 256 532 288; x_wconf 80' lang='grc'><strong>⁸³,</strong></span> <span class='ocrx_word' id='word_1_27' title='bbox 545 255 591 283; x_wconf 72' lang='grc' dir='ltr'>καὶ</span> <span class='ocrx_word' id='word_1_28' title='bbox 604 256 709 284; x_wconf 78' lang='grc' dir='ltr'>δίδωσιν</span> <span class='ocrx_word' id='word_1_29' title='bbox 720 257 788 284; x_wconf 73' lang='grc' dir='ltr'>αὐτὰ</span> <span class='ocrx_word' id='word_1_30' title='bbox 800 258 921 293; x_wconf 67' lang='grc' dir='ltr'><strong>ἀγάπην·</strong></span> 
     </span>
    </p>
   </div>
   <div class='ocr_carea' id='block_1_6' title="bbox 137 299 924 338">
    <p class='ocr_par' dir='ltr' id='par_1_6' title="bbox 137 299 924 338">
     <span class='ocr_line' id='line_1_6' title="bbox 137 299 924 338; baseline 0.004 -11"><span class='ocrx_word' id='word_1_31' title='bbox 137 299 194 337; x_wconf 82' lang='grc' dir='ltr'>ἄρα</span> <span class='ocrx_word' id='word_1_32' title='bbox 212 303 241 328; x_wconf 79' lang='grc' dir='ltr'>ὲν</span> <span class='ocrx_word' id='word_1_33' title='bbox 257 301 344 337; x_wconf 84' lang='grc' dir='ltr'>τούτῳ</span> <span class='ocrx_word' id='word_1_34' title='bbox 364 302 467 336; x_wconf 78' lang='grc' dir='ltr'>γίνεται</span> <span class='ocrx_word' id='word_1_35' title='bbox 485 302 616 338; x_wconf 85' lang='grc' dir='ltr'><strong>μοναχός;</strong></span> <span class='ocrx_word' id='word_1_36' title='bbox 633 303 718 330; x_wconf 63' lang='lat' dir='ltr'><strong>obitu).</strong></span> <span class='ocrx_word' id='word_1_37' title='bbox 735 302 817 330; x_wconf 86' lang='grc' dir='ltr'>Εἶπεν</span> <span class='ocrx_word' id='word_1_38' title='bbox 832 303 861 330; x_wconf 81' lang='grc' dir='ltr'><strong>δὲ</strong></span> <span class='ocrx_word' id='word_1_39' title='bbox 877 304 924 330; x_wconf 74' lang='grc' dir='ltr'>καὶ</span> 
     </span>
    </p>
   </div>
   <div class='ocr_carea' id='block_1_7' title="bbox 137 346 924 384">
    <p class='ocr_par' dir='ltr' id='par_1_7' title="bbox 137 346 924 384">
     <span class='ocr_line' id='line_1_7' title="bbox 137 346 924 384; baseline 0.003 -11"><span class='ocrx_word' id='word_1_40' title='bbox 137 347 240 378; x_wconf 85' lang='grc' dir='ltr'><strong>αὐτοῖς·</strong></span> <span class='ocrx_word' id='word_1_41' title='bbox 260 346 348 373; x_wconf 76' lang='grc' dir='ltr'>Καλαὶ</span> <span class='ocrx_word' id='word_1_42' title='bbox 367 347 415 382; x_wconf 84' lang='grc' dir='ltr'><strong>μὲν</strong></span> <span class='ocrx_word' id='word_1_43' title='bbox 433 348 461 374; x_wconf 79' lang='grc' dir='ltr'><strong>αἱ</strong></span> <span class='ocrx_word' id='word_1_44' title='bbox 481 347 603 383; x_wconf 81' lang='grc' dir='ltr'>πράξεις·</span> <span class='ocrx_word' id='word_1_45' title='bbox 627 348 672 375; x_wconf 80' lang='grc' dir='ltr'><strong>ἐὰν</strong></span> <span class='ocrx_word' id='word_1_46' title='bbox 693 349 721 375; x_wconf 74' lang='grc' dir='ltr'><strong>δὲ</strong></span> <span class='ocrx_word' id='word_1_47' title='bbox 737 348 858 384; x_wconf 78' lang='grc' dir='ltr'><strong>φυλάξῃς</strong></span> <span class='ocrx_word' id='word_1_48' title='bbox 874 349 924 384; x_wconf 82' lang='grc' dir='ltr'><strong>τὴν</strong></span> 
     </span>
    </p>
   </div>
   <div class='ocr_carea' id='block_1_8' title="bbox 138 393 924 430">
    <p class='ocr_par' dir='ltr' id='par_1_8' title="bbox 138 393 924 430">
     <span class='ocr_line' id='line_1_8' title="bbox 138 393 924 430; baseline 0.004 -11"><span class='ocrx_word' id='word_1_49' title='bbox 138 393 291 428; x_wconf 80' lang='grc' dir='ltr'><strong>συνείδησιν</strong></span> <span class='ocrx_word' id='word_1_50' title='bbox 311 394 364 420; x_wconf 83' lang='grc' dir='ltr'><strong>ἀπὺ</strong></span> <span class='ocrx_word' id='word_1_51' title='bbox 381 393 429 420; x_wconf 80' lang='grc' dir='ltr'><strong>τοῦ</strong></span> <span class='ocrx_word' id='word_1_52' title='bbox 447 395 561 429; x_wconf 82' lang='grc' dir='ltr'><strong>πλησίον</strong></span> <span class='ocrx_word' id='word_1_53' title='bbox 584 403 642 427; x_wconf 84' lang='grc' dir='ltr'>σου,</span> <span class='ocrx_word' id='word_1_54' title='bbox 664 395 750 427; x_wconf 75' lang='grc' dir='ltr'>οὕτως</span> <span class='ocrx_word' id='word_1_55' title='bbox 767 394 851 430; x_wconf 83' lang='grc' dir='ltr'><strong>σώζῃ.</strong></span> <span class='ocrx_word' id='word_1_56' title='bbox 870 396 924 422; x_wconf 80' lang='grc' dir='ltr'><strong>Καὶ</strong></span> 
     </span>
    </p>
   </div>
   <div class='ocr_carea' id='block_1_9' title="bbox 138 438 713 476">
    <p class='ocr_par' dir='ltr' id='par_1_9' title="bbox 138 438 713 476">
     <span class='ocr_line' id='line_1_9' title="bbox 138 438 713 476; baseline 0.007 -12"><span class='ocrx_word' id='word_1_57' title='bbox 138 438 391 474; x_wconf 76' lang='grc' dir='ltr'><strong>πληροφορηθέντες</strong></span> <span class='ocrx_word' id='word_1_58' title='bbox 404 439 524 474; x_wconf 82' lang='grc' dir='ltr'><strong>ἀπῆλθον</strong></span> <span class='ocrx_word' id='word_1_59' title='bbox 539 440 607 475; x_wconf 80' lang='grc' dir='ltr'>μετὰ</span> <span class='ocrx_word' id='word_1_60' title='bbox 618 442 713 476; x_wconf 80' lang='grc' dir='ltr'><strong>χαρᾶς.</strong></span> 
     </span>
    </p>
   </div>
   <div class='ocr_carea' id='block_1_10' title="bbox 175 484 925 522">
    <p class='ocr_par' dir='ltr' id='par_1_10' title="bbox 175 484 925 522">
     <span class='ocr_line' id='line_1_10' title="bbox 175 484 925 522; baseline 0.004 -12"><span class='ocrx_word' id='word_1_61' title='bbox 175 485 209 518; x_wconf 86' lang='grc' dir='ltr'><strong>γ’.</strong></span> <span class='ocrx_word' id='word_1_62' title='bbox 227 484 382 520; x_wconf 80' lang='grc' dir='ltr'>Παρὲὃαλόν</span> <span class='ocrx_word' id='word_1_63' title='bbox 399 494 463 511; x_wconf 82' lang='grc' dir='ltr'>ποτε</span> <span class='ocrx_word' id='word_1_64' title='bbox 480 486 610 522; x_wconf 75' lang='grc' dir='ltr'><strong>τέσσαρες</strong></span> <span class='ocrx_word' id='word_1_65' title='bbox 627 486 777 521; x_wconf 78' lang='grc' dir='ltr'>Σχητιῶται</span> <span class='ocrx_word' id='word_1_66' title='bbox 789 486 828 522; x_wconf 80' lang='grc' dir='ltr'>τῷ</span> <span class='ocrx_word' id='word_1_67' title='bbox 841 487 925 522; x_wconf 84' lang='grc' dir='ltr'>μεγά-</span> 
     </span>
    </p>
   </div>
   <div class='ocr_carea' id='block_1_11' title="bbox 138 530 924 568">
    <p class='ocr_par' dir='ltr' id='par_1_11' title="bbox 138 530 924 568">
     <span class='ocr_line' id='line_1_11' title="bbox 138 530 924 568; baseline 0.004 -12"><span class='ocrx_word' id='word_1_68' title='bbox 138 530 178 565; x_wconf 83' lang='grc' dir='ltr'>λῳ</span> <span class='ocrx_word' id='word_1_69' title='bbox 192 530 306 565; x_wconf 81' lang='grc' dir='ltr'>Παμὸὼ,</span> <span class='ocrx_word' id='word_1_70' title='bbox 320 530 467 566; x_wconf 77' lang='grc' dir='ltr'><strong>φοροῦντες</strong></span> <span class='ocrx_word' id='word_1_71' title='bbox 480 532 612 566; x_wconf 71' lang='grc' dir='ltr'>δέρματα,</span> <span class='ocrx_word' id='word_1_72' title='bbox 629 533 676 559; x_wconf 67' lang='grc' dir='ltr'><strong>καὶ</strong></span> <span class='ocrx_word' id='word_1_73' title='bbox 689 533 847 568; x_wconf 83' lang='grc' dir='ltr'><strong>ἀνήγγειλεν</strong></span> <span class='ocrx_word' id='word_1_74' title='bbox 861 533 924 560; x_wconf 70' lang='grc' dir='ltr'><strong>ἐκα-</strong></span> 
     </span>
    </p>
   </div>
   <div class='ocr_carea' id='block_1_12' title="bbox 139 576 925 614">
    <p class='ocr_par' dir='ltr' id='par_1_12' title="bbox 139 576 925 614">
     <span class='ocr_line' id='line_1_12' title="bbox 139 576 925 614; baseline 0.005 -13"><span class='ocrx_word' id='word_1_75' title='bbox 139 583 202 607; x_wconf 81' lang='grc' dir='ltr'>στος</span> <span class='ocrx_word' id='word_1_76' title='bbox 212 576 260 611; x_wconf 86' lang='grc' dir='ltr'>τὴν</span> <span class='ocrx_word' id='word_1_77' title='bbox 273 577 372 611; x_wconf 75' lang='grc' dir='ltr'>ἀρετὴν</span> <span class='ocrx_word' id='word_1_78' title='bbox 389 576 433 602; x_wconf 79' lang='grc' dir='ltr'><strong>τοῦ</strong></span> <span class='ocrx_word' id='word_1_79' title='bbox 442 577 551 612; x_wconf 74' lang='grc' dir='ltr'>ἑταίρου</span> <span class='ocrx_word' id='word_1_80' title='bbox 562 578 644 604; x_wconf 76' lang='grc' dir='ltr'>αὑτοῦ</span> <span class='ocrx_word' id='word_1_81' title='bbox 657 579 690 601; x_wconf 71' lang='lat'><strong>&quot;-</strong></span> <span class='ocrx_word' id='word_1_82' title='bbox 701 579 730 604; x_wconf 90' lang='lat'><strong>&#39;0</strong></span> <span class='ocrx_word' id='word_1_83' title='bbox 744 579 792 614; x_wconf 77' lang='grc' dir='ltr'><strong>μὲν</strong></span> <span class='ocrx_word' id='word_1_84' title='bbox 808 577 847 610; x_wconf 80' lang='grc' dir='ltr'><strong>εἷς</strong></span> <span class='ocrx_word' id='word_1_85' title='bbox 863 580 925 614; x_wconf 80' lang='grc' dir='ltr'><strong>ὲνή-</strong></span> 
     </span>
    </p>
   </div>
   <div class='ocr_carea' id='block_1_13' title="bbox 139 619 925 658">
    <p class='ocr_par' dir='ltr' id='par_1_13' title="bbox 139 619 925 658">
     <span class='ocr_line' id='line_1_13' title="bbox 139 619 925 658; baseline 0.004 -12"><span class='ocrx_word' id='word_1_86' title='bbox 139 627 234 646; x_wconf 68' lang='grc' dir='ltr'>«τευεν</span> <span class='ocrx_word' id='word_1_87' title='bbox 253 619 348 647; x_wconf 76' lang='grc' dir='ltr'>πολλά’</span> <span class='ocrx_word' id='word_1_88' title='bbox 366 622 379 646; x_wconf 79' lang='grc' dir='ltr'>ὁ</span> <span class='ocrx_word' id='word_1_89' title='bbox 397 621 524 656; x_wconf 76' lang='grc' dir='ltr'>δεύτερος</span> <span class='ocrx_word' id='word_1_90' title='bbox 537 623 668 657; x_wconf 76' lang='grc' dir='ltr'><strong>ἀκτήμων</strong></span> <span class='ocrx_word' id='word_1_91' title='bbox 683 620 727 657; x_wconf 86' lang='grc' dir='ltr'><strong>ἦν·</strong></span> <span class='ocrx_word' id='word_1_92' title='bbox 744 623 791 650; x_wconf 76' lang='grc' dir='ltr'><strong>καὶ</strong></span> <span class='ocrx_word' id='word_1_93' title='bbox 806 624 819 649; x_wconf 85' lang='grc' dir='ltr'>ὁ</span> <span class='ocrx_word' id='word_1_94' title='bbox 835 624 925 658; x_wconf 82' lang='grc' dir='ltr'>τρίτος</span> 
     </span>
    </p>
   </div>
   <div class='ocr_carea' id='block_1_14' title="bbox 139 666 924 704">
    <p class='ocr_par' dir='ltr' id='par_1_14' title="bbox 139 666 924 704">
     <span class='ocr_line' id='line_1_14' title="bbox 139 666 924 704; baseline 0.004 -12"><span class='ocrx_word' id='word_1_95' title='bbox 139 666 274 701; x_wconf 77' lang='grc' dir='ltr'><strong>ἐκτήσατο</strong></span> <span class='ocrx_word' id='word_1_96' title='bbox 299 666 400 701; x_wconf 82' lang='grc' dir='ltr'>πολλὴν</span> <span class='ocrx_word' id='word_1_97' title='bbox 421 667 540 702; x_wconf 81' lang='grc' dir='ltr'><strong>ἀγάπην·</strong></span> <span class='ocrx_word' id='word_1_98' title='bbox 564 668 673 702; x_wconf 80' lang='grc' dir='ltr'>λέγουσι</span> <span class='ocrx_word' id='word_1_99' title='bbox 694 669 741 694; x_wconf 68' lang='grc' dir='ltr'><strong>καὶ</strong></span> <span class='ocrx_word' id='word_1_100' title='bbox 753 668 776 684; x_wconf 65' lang='grc'><strong>³⁵</strong></span> <span class='ocrx_word' id='word_1_101' title='bbox 793 669 856 704; x_wconf 76' lang='grc' dir='ltr'>περὶ</span> <span class='ocrx_word' id='word_1_102' title='bbox 877 668 924 695; x_wconf 74' lang='grc' dir='ltr'><strong>τοῦ</strong></span> 
     </span>
    </p>
   </div>
   <div class='ocr_carea' id='block_1_15' title="bbox 138 712 924 750">
    <p class='ocr_par' dir='ltr' id='par_1_15' title="bbox 138 712 924 750">
     <span class='ocr_line' id='line_1_15' title="bbox 138 712 924 750; baseline 0.004 -13"><span class='ocrx_word' id='word_1_103' title='bbox 138 712 280 747; x_wconf 76' lang='grc' dir='ltr'>τετάρτου,</span> <span class='ocrx_word' id='word_1_104' title='bbox 290 712 331 738; x_wconf 84' lang='grc' dir='ltr'>ὅτι</span> <span class='ocrx_word' id='word_1_105' title='bbox 342 712 429 738; x_wconf 75' lang='grc' dir='ltr'>εἴκοσι</span> <span class='ocrx_word' id='word_1_106' title='bbox 441 712 487 738; x_wconf 87' lang='grc' dir='ltr'><strong>δύο</strong></span> <span class='ocrx_word' id='word_1_107' title='bbox 500 713 547 747; x_wconf 72' lang='grc' dir='ltr'>ἔτη</span> <span class='ocrx_word' id='word_1_108' title='bbox 561 712 617 748; x_wconf 83' lang='grc' dir='ltr'>ἕχει</span> <span class='ocrx_word' id='word_1_109' title='bbox 629 714 657 739; x_wconf 87' lang='grc' dir='ltr'>ὲν</span> <span class='ocrx_word' id='word_1_110' title='bbox 670 714 776 749; x_wconf 80' lang='grc' dir='ltr'>ὑπακοῇ</span> <span class='ocrx_word' id='word_1_111' title='bbox 788 715 818 748; x_wconf 79' lang='grc' dir='ltr'>γέ</span> <span class='ocrx_word' id='word_1_112' title='bbox 824 722 924 750; x_wconf 78' lang='grc' dir='ltr'>ροντος.</span> 
     </span>
    </p>
   </div>
   <div class='ocr_carea' id='block_1_16' title="bbox 145 756 923 795">
    <p class='ocr_par' dir='ltr' id='par_1_16' title="bbox 145 756 923 795">
     <span class='ocr_line' id='line_1_16' title="bbox 145 756 923 795; baseline 0.003 -12"><span class='ocrx_word' id='word_1_113' title='bbox 145 756 292 792; x_wconf 75' lang='grc' dir='ltr'>’Δπεκρίθη</span> <span class='ocrx_word' id='word_1_114' title='bbox 316 758 407 789; x_wconf 83' lang='grc' dir='ltr'>αὐτοῖς</span> <span class='ocrx_word' id='word_1_115' title='bbox 427 759 441 784; x_wconf 83' lang='grc' dir='ltr'>ὁ</span> <span class='ocrx_word' id='word_1_116' title='bbox 464 757 550 790; x_wconf 77' lang='grc' dir='ltr'><strong>ἁῦὁᾶς</strong></span> <span class='ocrx_word' id='word_1_117' title='bbox 573 758 786 793; x_wconf 61' lang='grc' dir='ltr'><strong>ΠαμσώυΛέγω</strong></span> <span class='ocrx_word' id='word_1_118' title='bbox 810 760 884 793; x_wconf 81' lang='grc' dir='ltr'>ὑμῖν,</span> <span class='ocrx_word' id='word_1_119' title='bbox 907 761 923 795; x_wconf 81' lang='grc' dir='ltr'>ἡ</span> 
     </span>
    </p>
   </div>
   <div class='ocr_carea' id='block_1_17' title="bbox 139 803 925 840">
    <p class='ocr_par' dir='ltr' id='par_1_17' title="bbox 139 803 925 840">
     <span class='ocr_line' id='line_1_17' title="bbox 139 803 925 840; baseline 0.001 -11"><span class='ocrx_word' id='word_1_120' title='bbox 139 803 225 837; x_wconf 79' lang='grc' dir='ltr'>ἁρετὴ</span> <span class='ocrx_word' id='word_1_121' title='bbox 244 803 338 830; x_wconf 77' lang='grc' dir='ltr'>τούτου</span> <span class='ocrx_word' id='word_1_122' title='bbox 356 803 456 839; x_wconf 77' lang='grc' dir='ltr'><strong>μείζων</strong></span> <span class='ocrx_word' id='word_1_123' title='bbox 473 805 556 831; x_wconf 80' lang='grc' dir='ltr'><strong>ἐστίν.</strong></span> <span class='ocrx_word' id='word_1_124' title='bbox 578 804 715 836; x_wconf 78' lang='grc' dir='ltr'>Ἕκαστος</span> <span class='ocrx_word' id='word_1_125' title='bbox 733 804 788 840; x_wconf 78' lang='grc' dir='ltr'><strong>γὰρ</strong></span> <span class='ocrx_word' id='word_1_126' title='bbox 802 805 878 839; x_wconf 77' lang='grc' dir='ltr'>ὑμῶν</span> <span class='ocrx_word' id='word_1_127' title='bbox 892 806 925 840; x_wconf 82' lang='grc' dir='ltr'>ἧν</span> 
     </span>
    </p>
   </div>
   <div class='ocr_carea' id='block_1_18' title="bbox 139 848 926 885">
    <p class='ocr_par' dir='ltr' id='par_1_18' title="bbox 139 848 926 885">
     <span class='ocr_line' id='line_1_18' title="bbox 139 848 926 885; baseline 0.003 -10"><span class='ocrx_word' id='word_1_128' title='bbox 139 849 240 884; x_wconf 79' lang='grc' dir='ltr'>ἀρετὴν</span> <span class='ocrx_word' id='word_1_129' title='bbox 256 850 399 885; x_wconf 77' lang='grc' dir='ltr'>ἐκτήσατο,</span> <span class='ocrx_word' id='word_1_130' title='bbox 419 850 552 885; x_wconf 79' lang='grc' dir='ltr'><strong>θελήματι</strong></span> <span class='ocrx_word' id='word_1_131' title='bbox 567 849 649 876; x_wconf 68' lang='grc' dir='ltr'>αὐτοῦ</span> <span class='ocrx_word' id='word_1_132' title='bbox 669 850 830 885; x_wconf 79' lang='grc' dir='ltr'>ἐκράτησεν·</span> <span class='ocrx_word' id='word_1_133' title='bbox 849 848 926 883; x_wconf 76' lang='grc' dir='ltr'>οὗτος</span> 
     </span>
    </p>
   </div>
   <div class='ocr_carea' id='block_1_19' title="bbox 974 251 1756 291">
    <p class='ocr_par' dir='ltr' id='par_1_19' title="bbox 974 251 1756 291">
     <span class='ocr_line' id='line_1_19' title="bbox 974 251 1756 291; baseline -0.005 -8"><span class='ocrx_word' id='word_1_134' title='bbox 974 263 1134 291; x_wconf 79' lang='lat' dir='ltr'><strong>mosynam;</strong></span> <span class='ocrx_word' id='word_1_135' title='bbox 1166 262 1201 281; x_wconf 89' lang='lat' dir='ltr'><strong>an</strong></span> <span class='ocrx_word' id='word_1_136' title='bbox 1228 253 1256 281; x_wconf 91' lang='lat' dir='ltr'><strong>in</strong></span> <span class='ocrx_word' id='word_1_137' title='bbox 1284 253 1336 280; x_wconf 85' lang='lat' dir='ltr'><strong>hoc</strong></span> <span class='ocrx_word' id='word_1_138' title='bbox 1364 253 1517 281; x_wconf 82' lang='lat' dir='ltr'><strong>monachus</strong></span> <span class='ocrx_word' id='word_1_139' title='bbox 1547 251 1756 280; x_wconf 60' lang='lat' dir='ltr'><strong>ﬁt&#39;l&#39;Nondum.</strong></span> 
     </span>
    </p>
   </div>
   <div class='ocr_carea' id='block_1_20' title="bbox 973 298 1759 336">
    <p class='ocr_par' dir='ltr' id='par_1_20' title="bbox 973 298 1759 336">
     <span class='ocr_line' id='line_1_20' title="bbox 973 298 1759 336; baseline -0.006 -6"><span class='ocrx_word' id='word_1_140' title='bbox 973 302 1096 336; x_wconf 74' lang='lat' dir='ltr'><strong>Adiecit:</strong></span> <span class='ocrx_word' id='word_1_141' title='bbox 1110 301 1183 328; x_wconf 89' lang='lat' dir='ltr'><strong>Bona</strong></span> <span class='ocrx_word' id='word_1_142' title='bbox 1199 300 1307 335; x_wconf 84' lang='lat' dir='ltr'><strong>quidem</strong></span> <span class='ocrx_word' id='word_1_143' title='bbox 1320 302 1385 327; x_wconf 82' lang='lat' dir='ltr'><strong>sunt</strong></span> <span class='ocrx_word' id='word_1_144' title='bbox 1398 306 1429 326; x_wconf 91' lang='lat' dir='ltr'><strong>ea</strong></span> <span class='ocrx_word' id='word_1_145' title='bbox 1446 306 1544 334; x_wconf 84' lang='lat' dir='ltr'><strong>opera;</strong></span> <span class='ocrx_word' id='word_1_146' title='bbox 1560 299 1608 326; x_wconf 89' lang='lat' dir='ltr'><strong>sed</strong></span> <span class='ocrx_word' id='word_1_147' title='bbox 1621 298 1646 326; x_wconf 89' lang='lat' dir='ltr'>si</span> <span class='ocrx_word' id='word_1_148' title='bbox 1663 301 1759 325; x_wconf 85' lang='lat' dir='ltr'><strong>custo-</strong></span> 
     </span>
    </p>
   </div>
   <div class='ocr_carea' id='block_1_21' title="bbox 974 344 1756 381">
    <p class='ocr_par' dir='ltr' id='par_1_21' title="bbox 974 344 1756 381">
     <span class='ocr_line' id='line_1_21' title="bbox 974 344 1756 381; baseline -0.006 -6"><span class='ocrx_word' id='word_1_149' title='bbox 974 349 1058 375; x_wconf 87' lang='lat' dir='ltr'><strong>dieris</strong></span> <span class='ocrx_word' id='word_1_150' title='bbox 1073 347 1268 374; x_wconf 76' lang='lat' dir='ltr'><strong>conscientiam</strong></span> <span class='ocrx_word' id='word_1_151' title='bbox 1284 354 1346 381; x_wconf 85' lang='lat' dir='ltr'><strong>erga</strong></span> <span class='ocrx_word' id='word_1_152' title='bbox 1361 345 1527 380; x_wconf 78' lang='lat' dir='ltr'><strong>proximum,</strong></span> <span class='ocrx_word' id='word_1_153' title='bbox 1541 345 1578 371; x_wconf 90' lang='lat' dir='ltr'><strong>ita</strong></span> <span class='ocrx_word' id='word_1_154' title='bbox 1594 344 1756 372; x_wconf 76' lang='lat' dir='ltr'><strong>servaberis.</strong></span> 
     </span>
    </p>
   </div>
   <div class='ocr_carea' id='block_1_22' title="bbox 974 390 1759 427">
    <p class='ocr_par' dir='ltr' id='par_1_22' title="bbox 974 390 1759 427">
     <span class='ocr_line' id='line_1_22' title="bbox 974 390 1759 427; baseline -0.005 -7"><span class='ocrx_word' id='word_1_155' title='bbox 974 393 1026 425; x_wconf 85' lang='lat' dir='ltr'><strong>Illi,</strong></span> <span class='ocrx_word' id='word_1_156' title='bbox 1045 397 1141 427; x_wconf 89' lang='lat' dir='ltr'><strong>utpote</strong></span> <span class='ocrx_word' id='word_1_157' title='bbox 1153 391 1255 427; x_wconf 89' lang='lat' dir='ltr'><strong>quibus</strong></span> <span class='ocrx_word' id='word_1_158' title='bbox 1270 390 1371 418; x_wconf 80' lang='lat' dir='ltr'><strong>factum</strong></span> <span class='ocrx_word' id='word_1_159' title='bbox 1387 395 1460 418; x_wconf 89' lang='lat' dir='ltr'><strong>esset</strong></span> <span class='ocrx_word' id='word_1_160' title='bbox 1477 391 1556 423; x_wconf 88' lang='lat' dir='ltr'><strong>satis,</strong></span> <span class='ocrx_word' id='word_1_161' title='bbox 1572 390 1759 417; x_wconf 84' lang='lat' dir='ltr'><strong>discesserunt</strong></span> 
     </span>
    </p>
   </div>
   <div class='ocr_carea' id='block_1_23' title="bbox 974 437 1162 472">
    <p class='ocr_par' dir='ltr' id='par_1_23' title="bbox 974 437 1162 472">
     <span class='ocr_line' id='line_1_23' title="bbox 974 437 1162 472; baseline -0.005 -7"><span class='ocrx_word' id='word_1_162' title='bbox 974 445 1036 465; x_wconf 89' lang='lat' dir='ltr'><strong>cum</strong></span> <span class='ocrx_word' id='word_1_163' title='bbox 1054 437 1162 472; x_wconf 79' lang='lat' dir='ltr'><strong>gaudio.</strong></span> 
     </span>
    </p>
   </div>
   <div class='ocr_carea' id='block_1_24' title="bbox 1010 481 1758 518">
    <p class='ocr_par' dir='ltr' id='par_1_24' title="bbox 1010 481 1758 518">
     <span class='ocr_line' id='line_1_24' title="bbox 1010 481 1758 518; baseline -0.003 -8"><span class='ocrx_word' id='word_1_164' title='bbox 1010 484 1037 510; x_wconf 74' lang='grc'><strong>5.</strong></span> <span class='ocrx_word' id='word_1_165' title='bbox 1053 484 1091 518; x_wconf 82' lang='lat'><strong>(5)</strong></span> <span class='ocrx_word' id='word_1_166' title='bbox 1110 483 1295 510; x_wconf 87' lang='lat' dir='ltr'><strong>Accesscrunt</strong></span> <span class='ocrx_word' id='word_1_167' title='bbox 1309 485 1427 517; x_wconf 87' lang='lat' dir='ltr'><strong>quatuor</strong></span> <span class='ocrx_word' id='word_1_168' title='bbox 1444 481 1571 509; x_wconf 75' lang='lat' dir='ltr'><strong>Scetiotte</strong></span> <span class='ocrx_word' id='word_1_169' title='bbox 1583 482 1616 509; x_wconf 86' lang='lat' dir='ltr'><strong>ad</strong></span> <span class='ocrx_word' id='word_1_170' title='bbox 1630 489 1758 516; x_wconf 77' lang='lat' dir='ltr'><strong>magnum</strong></span> 
     </span>
    </p>
   </div>
   <div class='ocr_carea' id='block_1_25' title="bbox 974 529 1760 564">
    <p class='ocr_par' dir='ltr' id='par_1_25' title="bbox 974 529 1760 564">
     <span class='ocr_line' id='line_1_25' title="bbox 974 529 1760 564; baseline 0 -8"><span class='ocrx_word' id='word_1_171' title='bbox 974 529 1086 561; x_wconf 79' lang='lat' dir='ltr'><strong>Pambo,</strong></span> <span class='ocrx_word' id='word_1_172' title='bbox 1103 529 1192 556; x_wconf 92' lang='lat' dir='ltr'><strong>induti</strong></span> <span class='ocrx_word' id='word_1_173' title='bbox 1214 529 1346 564; x_wconf 83' lang='lat' dir='ltr'><strong>pellibus;</strong></span> <span class='ocrx_word' id='word_1_174' title='bbox 1364 532 1392 555; x_wconf 76' lang='lat' dir='ltr'><strong>et</strong></span> <span class='ocrx_word' id='word_1_175' title='bbox 1416 529 1547 556; x_wconf 89' lang='lat' dir='ltr'><strong>indicavit</strong></span> <span class='ocrx_word' id='word_1_176' title='bbox 1567 529 1760 563; x_wconf 80' lang='lat' dir='ltr'><strong>unusquisque</strong></span> 
     </span>
    </p>
   </div>
   <div class='ocr_carea' id='block_1_26' title="bbox 975 573 1759 609">
    <p class='ocr_par' dir='ltr' id='par_1_26' title="bbox 975 573 1759 609">
     <span class='ocr_line' id='line_1_26' title="bbox 975 573 1759 609; baseline 0.001 -9"><span class='ocrx_word' id='word_1_177' title='bbox 975 575 1103 602; x_wconf 73' lang='lat' dir='ltr'><strong>virtutem</strong></span> <span class='ocrx_word' id='word_1_178' title='bbox 1121 574 1189 601; x_wconf 83' lang='lat' dir='ltr'><strong>socii</strong></span> <span class='ocrx_word' id='word_1_179' title='bbox 1214 574 1268 601; x_wconf 87' lang='lat' dir='ltr'><strong>sui.</strong></span> <span class='ocrx_word' id='word_1_180' title='bbox 1284 573 1360 601; x_wconf 87' lang='lat' dir='ltr'><strong>Unus</strong></span> <span class='ocrx_word' id='word_1_181' title='bbox 1377 574 1486 608; x_wconf 85' lang='lat' dir='ltr'><strong>quidem</strong></span> <span class='ocrx_word' id='word_1_182' title='bbox 1511 574 1653 608; x_wconf 79' lang='lat' dir='ltr'><strong>jejunabat</strong></span> <span class='ocrx_word' id='word_1_183' title='bbox 1675 575 1759 609; x_wconf 88' lang='lat' dir='ltr'><strong>pluri-</strong></span> 
     </span>
    </p>
   </div>
   <div class='ocr_carea' id='block_1_27' title="bbox 976 619 1759 654">
    <p class='ocr_par' dir='ltr' id='par_1_27' title="bbox 976 619 1759 654">
     <span class='ocr_line' id='line_1_27' title="bbox 976 619 1759 654; baseline 0 -8"><span class='ocrx_word' id='word_1_184' title='bbox 976 627 1066 652; x_wconf 89' lang='lat' dir='ltr'><strong>mum;</strong></span> <span class='ocrx_word' id='word_1_185' title='bbox 1095 621 1234 647; x_wconf 83' lang='lat' dir='ltr'><strong>secundus</strong></span> <span class='ocrx_word' id='word_1_186' title='bbox 1258 619 1326 646; x_wconf 84' lang='lat' dir='ltr'><strong>nihil</strong></span> <span class='ocrx_word' id='word_1_187' title='bbox 1354 619 1522 654; x_wconf 66' lang='lat' dir='ltr'><strong>possidebat;</strong></span> <span class='ocrx_word' id='word_1_188' title='bbox 1548 621 1647 647; x_wconf 87' lang='lat' dir='ltr'><strong>tertius</strong></span> <span class='ocrx_word' id='word_1_189' title='bbox 1674 621 1759 646; x_wconf 77' lang='lat' dir='ltr'><strong>multa</strong></span> 
     </span>
    </p>
   </div>
   <div class='ocr_carea' id='block_1_28' title="bbox 975 667 1760 701">
    <p class='ocr_par' dir='ltr' id='par_1_28' title="bbox 975 667 1760 701">
     <span class='ocr_line' id='line_1_28' title="bbox 975 667 1760 701; baseline -0.001 -8"><span class='ocrx_word' id='word_1_190' title='bbox 975 667 1109 693; x_wconf 84' lang='lat' dir='ltr'><strong>charitate</strong></span> <span class='ocrx_word' id='word_1_191' title='bbox 1123 672 1181 693; x_wconf 86' lang='lat' dir='ltr'><strong>erat</strong></span> <span class='ocrx_word' id='word_1_192' title='bbox 1196 667 1335 700; x_wconf 62' lang='lat' dir='ltr'><strong>praeditus.</strong></span> <span class='ocrx_word' id='word_1_193' title='bbox 1353 667 1436 692; x_wconf 75' lang='lat' dir='ltr'><strong>Aiunt</strong></span> <span class='ocrx_word' id='word_1_194' title='bbox 1453 670 1543 692; x_wconf 81' lang='lat' dir='ltr'><strong>autem</strong></span> <span class='ocrx_word' id='word_1_195' title='bbox 1558 667 1591 693; x_wconf 80' lang='lat' dir='ltr'><strong>de</strong></span> <span class='ocrx_word' id='word_1_196' title='bbox 1604 671 1714 701; x_wconf 81' lang='lat' dir='ltr'><strong>quarto.</strong></span> <span class='ocrx_word' id='word_1_197' title='bbox 1725 667 1760 693; x_wconf 76' lang='lat' dir='ltr'><strong>ab</strong></span> 
     </span>
    </p>
   </div>
   <div class='ocr_carea' id='block_1_29' title="bbox 976 711 1758 746">
    <p class='ocr_par' dir='ltr' id='par_1_29' title="bbox 976 711 1758 746">
     <span class='ocr_line' id='line_1_29' title="bbox 976 711 1758 746; baseline 0 -8"><span class='ocrx_word' id='word_1_198' title='bbox 976 712 1056 738; x_wconf 87' lang='lat' dir='ltr'><strong>annis</strong></span> <span class='ocrx_word' id='word_1_199' title='bbox 1068 711 1162 745; x_wconf 80' lang='lat' dir='ltr'><strong>viginti</strong></span> <span class='ocrx_word' id='word_1_200' title='bbox 1178 712 1286 738; x_wconf 89' lang='lat' dir='ltr'><strong>duobus</strong></span> <span class='ocrx_word' id='word_1_201' title='bbox 1303 712 1329 737; x_wconf 90' lang='lat' dir='ltr'><strong>in</strong></span> <span class='ocrx_word' id='word_1_202' title='bbox 1346 711 1499 738; x_wconf 85' lang='lat' dir='ltr'><strong>obcdientia</strong></span> <span class='ocrx_word' id='word_1_203' title='bbox 1514 711 1591 738; x_wconf 81' lang='lat' dir='ltr'><strong>senis</strong></span> <span class='ocrx_word' id='word_1_204' title='bbox 1602 711 1758 746; x_wconf 76' lang='lat' dir='ltr'><strong>persistere.</strong></span> 
     </span>
    </p>
   </div>
   <div class='ocr_carea' id='block_1_30' title="bbox 975 756 1760 792">
    <p class='ocr_par' dir='ltr' id='par_1_30' title="bbox 975 756 1760 792">
     <span class='ocr_line' id='line_1_30' title="bbox 975 756 1760 792; baseline -0.001 -8"><span class='ocrx_word' id='word_1_205' title='bbox 975 757 1126 792; x_wconf 76' lang='lat' dir='ltr'><strong>Respondit</strong></span> <span class='ocrx_word' id='word_1_206' title='bbox 1140 758 1180 784; x_wconf 87' lang='lat' dir='ltr'><strong>eis</strong></span> <span class='ocrx_word' id='word_1_207' title='bbox 1195 757 1279 784; x_wconf 82' lang='lat' dir='ltr'><strong>abbas</strong></span> <span class='ocrx_word' id='word_1_208' title='bbox 1296 756 1414 783; x_wconf 81' lang='lat' dir='ltr'><strong>Pambo:</strong></span> <span class='ocrx_word' id='word_1_209' title='bbox 1432 756 1498 783; x_wconf 88' lang='lat' dir='ltr'><strong>Dico</strong></span> <span class='ocrx_word' id='word_1_210' title='bbox 1521 757 1609 789; x_wconf 88' lang='lat' dir='ltr'><strong>vobis,</strong></span> <span class='ocrx_word' id='word_1_211' title='bbox 1628 757 1760 791; x_wconf 81' lang='lat' dir='ltr'><strong>postremi</strong></span> 
     </span>
    </p>
   </div>
   <div class='ocr_carea' id='block_1_31' title="bbox 976 801 1757 837">
    <p class='ocr_par' dir='ltr' id='par_1_31' title="bbox 976 801 1757 837">
     <span class='ocr_line' id='line_1_31' title="bbox 976 801 1757 837; baseline -0.001 -8"><span class='ocrx_word' id='word_1_212' title='bbox 976 803 1057 837; x_wconf 85' lang='lat' dir='ltr'><strong>hujus</strong></span> <span class='ocrx_word' id='word_1_213' title='bbox 1079 803 1166 830; x_wconf 88' lang='lat' dir='ltr'><strong>virtus</strong></span> <span class='ocrx_word' id='word_1_214' title='bbox 1190 803 1277 836; x_wconf 84' lang='lat' dir='ltr'><strong>major</strong></span> <span class='ocrx_word' id='word_1_215' title='bbox 1298 806 1351 829; x_wconf 87' lang='lat' dir='ltr'><strong>est.</strong></span> <span class='ocrx_word' id='word_1_216' title='bbox 1381 801 1508 830; x_wconf 80' lang='lat' dir='ltr'><strong>Vestrum</strong></span> <span class='ocrx_word' id='word_1_217' title='bbox 1532 802 1604 829; x_wconf 87' lang='lat' dir='ltr'><strong>enim</strong></span> <span class='ocrx_word' id='word_1_218' title='bbox 1631 802 1757 837; x_wconf 83' lang='lat' dir='ltr'><strong>quisque,</strong></span> 
     </span>
    </p>
   </div>
   <div class='ocr_carea' id='block_1_32' title="bbox 976 848 1759 883">
    <p class='ocr_par' dir='ltr' id='par_1_32' title="bbox 976 848 1759 883">
     <span class='ocr_line' id='line_1_32' title="bbox 976 848 1759 883; baseline -0.003 -7"><span class='ocrx_word' id='word_1_219' title='bbox 976 856 1057 883; x_wconf 89' lang='lat' dir='ltr'><strong>quam</strong></span> <span class='ocrx_word' id='word_1_220' title='bbox 1074 849 1202 876; x_wconf 78' lang='lat' dir='ltr'><strong>virtutem</strong></span> <span class='ocrx_word' id='word_1_221' title='bbox 1220 848 1335 879; x_wconf 83' lang='lat' dir='ltr'><strong>obtinet,</strong></span> <span class='ocrx_word' id='word_1_222' title='bbox 1361 848 1499 874; x_wconf 86' lang='lat' dir='ltr'><strong>voluntate</strong></span> <span class='ocrx_word' id='word_1_223' title='bbox 1517 855 1565 874; x_wconf 91' lang='lat' dir='ltr'><strong>sua</strong></span> <span class='ocrx_word' id='word_1_224' title='bbox 1591 851 1759 874; x_wconf 82' lang='lat' dir='ltr'><strong>consecutus</strong></span> 
     </span>
    </p>
   </div>
   <div class='ocr_carea' id='block_1_33' title="bbox 139 889 927 930">
    <p class='ocr_par' dir='ltr' id='par_1_33' title="bbox 139 894 925 930">
     <span class='ocr_line' id='line_1_33' title="bbox 139 894 925 930; baseline 0 -8"><span class='ocrx_word' id='word_1_225' title='bbox 139 894 168 922; x_wconf 82' lang='grc' dir='ltr'><strong>δὲ</strong></span> <span class='ocrx_word' id='word_1_226' title='bbox 181 894 212 921; x_wconf 83' lang='grc' dir='ltr'><strong>τὸ</strong></span> <span class='ocrx_word' id='word_1_227' title='bbox 224 895 331 930; x_wconf 78' lang='grc' dir='ltr'>θέλημα</span> <span class='ocrx_word' id='word_1_228' title='bbox 343 895 424 922; x_wconf 77' lang='grc' dir='ltr'>αὑτοῦ</span> <span class='ocrx_word' id='word_1_229' title='bbox 438 896 534 930; x_wconf 67' lang='grc' dir='ltr'>κόψας,</span> <span class='ocrx_word' id='word_1_230' title='bbox 555 895 635 922; x_wconf 75' lang='grc' dir='ltr'>ἄλλον</span> <span class='ocrx_word' id='word_1_231' title='bbox 651 897 722 922; x_wconf 82' lang='grc' dir='ltr'>ποιεῖ</span> <span class='ocrx_word' id='word_1_232' title='bbox 734 896 849 930; x_wconf 80' lang='grc' dir='ltr'>θέλημα.</span> <span class='ocrx_word' id='word_1_233' title='bbox 866 897 925 923; x_wconf 78' lang='grc' dir='ltr'><strong>Τοι-</strong></span> 
     </span>
    </p>
   </div>
   <div class='ocr_carea' id='block_1_34' title="bbox 984 889 1760 930">
    <p class='ocr_par' dir='ltr' id='par_1_34' title="bbox 984 893 1760 928">
     <span class='ocr_line' id='line_1_34' title="bbox 984 893 1760 928; baseline -0.001 -7"><span class='ocrx_word' id='word_1_234' title='bbox 984 899 1035 928; x_wconf 68' lang='grc' dir='ltr'>εδι;</span> <span class='ocrx_word' id='word_1_235' title='bbox 1058 894 1102 921; x_wconf 91' lang='lat' dir='ltr'><strong>hic</strong></span> <span class='ocrx_word' id='word_1_236' title='bbox 1119 901 1184 920; x_wconf 77' lang='lat' dir='ltr'><strong>vero</strong></span> <span class='ocrx_word' id='word_1_237' title='bbox 1207 893 1329 920; x_wconf 87' lang='lat' dir='ltr'><strong>abscissa</strong></span> <span class='ocrx_word' id='word_1_238' title='bbox 1348 893 1458 928; x_wconf 84' lang='lat' dir='ltr'><strong>propria</strong></span> <span class='ocrx_word' id='word_1_239' title='bbox 1480 893 1632 924; x_wconf 82' lang='lat' dir='ltr'><strong>voluntate,</strong></span> <span class='ocrx_word' id='word_1_240' title='bbox 1648 893 1760 920; x_wconf 85' lang='lat' dir='ltr'><strong>alterius</strong></span> 
     </span>
    </p>
   </div>
   <div class='ocr_carea' id='block_1_35' title="bbox 138 939 925 977">
    <p class='ocr_par' dir='ltr' id='par_1_35' title="bbox 138 939 925 977">
     <span class='ocr_line' id='line_1_35' title="bbox 138 939 925 977; baseline 0.004 -11"><span class='ocrx_word' id='word_1_241' title='bbox 138 939 213 966; x_wconf 71' lang='grc' dir='ltr'>οὗτοι</span> <span class='ocrx_word' id='word_1_242' title='bbox 223 942 276 976; x_wconf 78' lang='grc' dir='ltr'><strong>γὰρ</strong></span> <span class='ocrx_word' id='word_1_243' title='bbox 290 941 394 977; x_wconf 79' lang='grc' dir='ltr'>ἄνδρες,</span> <span class='ocrx_word' id='word_1_244' title='bbox 414 942 577 977; x_wconf 82' lang='grc' dir='ltr'><strong>ὁμολογηταί</strong></span> <span class='ocrx_word' id='word_1_245' title='bbox 597 944 676 974; x_wconf 80' lang='grc' dir='ltr'>εἰσιν,</span> <span class='ocrx_word' id='word_1_246' title='bbox 695 942 741 968; x_wconf 75' lang='grc' dir='ltr'><strong>ἐὰν</strong></span> <span class='ocrx_word' id='word_1_247' title='bbox 755 943 794 974; x_wconf 88' lang='grc' dir='ltr'><strong>εἰς</strong></span> <span class='ocrx_word' id='word_1_248' title='bbox 808 943 836 968; x_wconf 78' lang='grc' dir='ltr'>τὸ</span> <span class='ocrx_word' id='word_1_249' title='bbox 850 943 925 974; x_wconf 76' lang='grc' dir='ltr'>τέλος</span> 
     </span>
    </p>
   </div>
   <div class='ocr_carea' id='block_1_36' title="bbox 141 987 304 1022">
    <p class='ocr_par' dir='ltr' id='par_1_36' title="bbox 141 987 304 1022">
     <span class='ocr_line' id='line_1_36' title="bbox 141 987 304 1022; baseline 0 -8"><span class='ocrx_word' id='word_1_250' title='bbox 141 987 304 1022; x_wconf 73' lang='grc' dir='ltr'><strong>φυλάξωσιν.</strong></span> 
     </span>
    </p>
   </div>
   <div class='ocr_carea' id='block_1_37' title="bbox 176 1085 928 1122">
    <p class='ocr_par' dir='ltr' id='par_1_37' title="bbox 176 1085 928 1122">
     <span class='ocr_line' id='line_1_37' title="bbox 176 1085 928 1122; baseline 0.001 -10"><span class='ocrx_word' id='word_1_251' title='bbox 176 1085 206 1113; x_wconf 81' lang='grc' dir='ltr'><strong>δ’.</strong></span> <span class='ocrx_word' id='word_1_252' title='bbox 229 1086 319 1117; x_wconf 79' lang='grc' dir='ltr'>Ὀσίας</span> <span class='ocrx_word' id='word_1_253' title='bbox 345 1087 455 1122; x_wconf 77' lang='grc' dir='ltr'><strong>μνήμης</strong></span> <span class='ocrx_word' id='word_1_254' title='bbox 487 1087 644 1121; x_wconf 65' lang='grc' dir='ltr'><strong>ξΑθανὰσιος</strong></span> <span class='ocrx_word' id='word_1_255' title='bbox 669 1088 682 1113; x_wconf 86' lang='grc' dir='ltr'>ὁ</span> <span class='ocrx_word' id='word_1_256' title='bbox 712 1088 928 1122; x_wconf 54' lang='lat' dir='ltr'><strong>appetis-407:0;</strong></span> 
     </span>
    </p>
   </div>
   <div class='ocr_carea' id='block_1_38' title="bbox 147 1130 925 1168">
    <p class='ocr_par' dir='ltr' id='par_1_38' title="bbox 147 1130 925 1168">
     <span class='ocr_line' id='line_1_38' title="bbox 147 1130 925 1168; baseline 0.001 -11"><span class='ocrx_word' id='word_1_257' title='bbox 147 1130 348 1166; x_wconf 70' lang='grc' dir='ltr'>Ἀλεξανδρείας</span> <span class='ocrx_word' id='word_1_258' title='bbox 374 1132 558 1167; x_wconf 78' lang='grc' dir='ltr'>παρεκάλεσεν</span> <span class='ocrx_word' id='word_1_259' title='bbox 587 1132 631 1158; x_wconf 80' lang='grc' dir='ltr'>τὸν</span> <span class='ocrx_word' id='word_1_260' title='bbox 660 1133 745 1159; x_wconf 75' lang='grc' dir='ltr'><strong>ἁϐϐᾶν</strong></span> <span class='ocrx_word' id='word_1_261' title='bbox 773 1132 925 1168; x_wconf 51' lang='lat' dir='ltr'><strong>Rupilium)</strong></span> 
     </span>
    </p>
   </div>
   <div class='ocr_carea' id='block_1_39' title="bbox 140 1177 925 1214">
    <p class='ocr_par' dir='ltr' id='par_1_39' title="bbox 140 1177 925 1214">
     <span class='ocr_line' id='line_1_39' title="bbox 140 1177 925 1214; baseline 0.001 -11"><span class='ocrx_word' id='word_1_262' title='bbox 140 1177 281 1204; x_wconf 75' lang='grc' dir='ltr'>κατελθεῖν</span> <span class='ocrx_word' id='word_1_263' title='bbox 303 1178 336 1204; x_wconf 79' lang='grc' dir='ltr'><strong>ὲκ</strong></span> <span class='ocrx_word' id='word_1_264' title='bbox 358 1177 406 1212; x_wconf 82' lang='grc' dir='ltr'><strong>τῆς</strong></span> <span class='ocrx_word' id='word_1_265' title='bbox 426 1178 530 1213; x_wconf 79' lang='grc' dir='ltr'>ἐρήμου</span> <span class='ocrx_word' id='word_1_266' title='bbox 557 1178 603 1204; x_wconf 79' lang='grc' dir='ltr'><strong>ἐπὶ</strong></span> <span class='ocrx_word' id='word_1_267' title='bbox 628 1177 677 1214; x_wconf 86' lang='grc' dir='ltr'><strong>τὴν</strong></span> <span class='ocrx_word' id='word_1_268' title='bbox 713 1178 925 1214; x_wconf 77' lang='grc' dir='ltr'>Ἀλεξάνδρειαν.</span> 
     </span>
    </p>
   </div>
   <div class='ocr_carea' id='block_1_40' title="bbox 140 1222 928 1260">
    <p class='ocr_par' dir='ltr' id='par_1_40' title="bbox 140 1222 928 1260">
     <span class='ocr_line' id='line_1_40' title="bbox 140 1222 928 1260; baseline 0.001 -11"><span class='ocrx_word' id='word_1_269' title='bbox 140 1222 288 1250; x_wconf 83' lang='grc' dir='ltr'>Κατελθὼν</span> <span class='ocrx_word' id='word_1_270' title='bbox 301 1223 340 1255; x_wconf 78' lang='grc' dir='ltr'><strong>δὲ,</strong></span> <span class='ocrx_word' id='word_1_271' title='bbox 360 1224 406 1250; x_wconf 73' lang='grc' dir='ltr'><strong>καὶ</strong></span> <span class='ocrx_word' id='word_1_272' title='bbox 425 1223 486 1250; x_wconf 82' lang='grc' dir='ltr'><strong>ἰδὼν</strong></span> <span class='ocrx_word' id='word_1_273' title='bbox 500 1225 558 1250; x_wconf 81' lang='grc' dir='ltr'><strong>ἐκεῖ</strong></span> <span class='ocrx_word' id='word_1_274' title='bbox 571 1226 686 1258; x_wconf 64' lang='grc' dir='ltr'>γυναῖκα.</span> <span class='ocrx_word' id='word_1_275' title='bbox 699 1224 854 1260; x_wconf 79' lang='grc' dir='ltr'>θεατρικὴν,</span> <span class='ocrx_word' id='word_1_276' title='bbox 869 1225 928 1251; x_wconf 76' lang='grc' dir='ltr'>σύν-</span> 
     </span>
    </p>
   </div>
   <div class='ocr_carea' id='block_1_41' title="bbox 139 1268 927 1305">
    <p class='ocr_par' dir='ltr' id='par_1_41' title="bbox 139 1268 927 1305">
     <span class='ocr_line' id='line_1_41' title="bbox 139 1268 927 1305; baseline 0.001 -10"><span class='ocrx_word' id='word_1_277' title='bbox 139 1268 242 1304; x_wconf 65' lang='grc' dir='ltr'>δακρυς</span> <span class='ocrx_word' id='word_1_278' title='bbox 259 1269 376 1303; x_wconf 77' lang='grc' dir='ltr'>ἐγένετο.</span> <span class='ocrx_word' id='word_1_279' title='bbox 394 1269 453 1296; x_wconf 84' lang='grc' dir='ltr'><strong>Τῶν</strong></span> <span class='ocrx_word' id='word_1_280' title='bbox 472 1270 499 1296; x_wconf 80' lang='grc' dir='ltr'><strong>δὲ</strong></span> <span class='ocrx_word' id='word_1_281' title='bbox 518 1271 650 1297; x_wconf 79' lang='grc' dir='ltr'><strong>συνόντων</strong></span> <span class='ocrx_word' id='word_1_282' title='bbox 668 1270 837 1305; x_wconf 71' lang='grc' dir='ltr'><strong>πυθομένων,</strong></span> <span class='ocrx_word' id='word_1_283' title='bbox 856 1270 927 1297; x_wconf 71' lang='grc' dir='ltr'>διατι</span> 
     </span>
    </p>
   </div>
   <div class='ocr_carea' id='block_1_42' title="bbox 140 1315 927 1352">
    <p class='ocr_par' dir='ltr' id='par_1_42' title="bbox 140 1315 927 1352">
     <span class='ocr_line' id='line_1_42' title="bbox 140 1315 927 1352; baseline 0 -10"><span class='ocrx_word' id='word_1_284' title='bbox 140 1315 299 1352; x_wconf 63' lang='grc' dir='ltr'><strong>ἐδάκρυσεν·</strong></span> <span class='ocrx_word' id='word_1_285' title='bbox 314 1316 366 1342; x_wconf 77' lang='grc' dir='ltr'><strong>Δύο</strong></span> <span class='ocrx_word' id='word_1_286' title='bbox 378 1325 421 1352; x_wconf 88' lang='grc' dir='ltr'>με,</span> <span class='ocrx_word' id='word_1_287' title='bbox 437 1317 500 1351; x_wconf 79' lang='grc' dir='ltr'>ἔφη,</span> <span class='ocrx_word' id='word_1_288' title='bbox 513 1317 667 1352; x_wconf 76' lang='grc' dir='ltr'>κεκίνηκεψ</span> <span class='ocrx_word' id='word_1_289' title='bbox 679 1317 706 1343; x_wconf 83' lang='grc' dir='ltr'>ἓν</span> <span class='ocrx_word' id='word_1_290' title='bbox 718 1317 778 1352; x_wconf 72' lang='grc' dir='ltr'>μὲν,</span> <span class='ocrx_word' id='word_1_291' title='bbox 794 1319 810 1352; x_wconf 72' lang='grc' dir='ltr'>ἡ</span> <span class='ocrx_word' id='word_1_292' title='bbox 820 1317 927 1351; x_wconf 72' lang='grc' dir='ltr'>ἐκείνης</span> 
     </span>
    </p>
   </div>
   <div class='ocr_carea' id='block_1_43' title="bbox 140 1361 927 1398">
    <p class='ocr_par' dir='ltr' id='par_1_43' title="bbox 140 1361 927 1398">
     <span class='ocr_line' id='line_1_43' title="bbox 140 1361 927 1398; baseline 0.001 -10"><span class='ocrx_word' id='word_1_293' title='bbox 140 1361 274 1388; x_wconf 81' lang='grc' dir='ltr'><strong>ἀπώλεια·</strong></span> <span class='ocrx_word' id='word_1_294' title='bbox 296 1363 388 1398; x_wconf 75' lang='grc' dir='ltr'>ἕτερον</span> <span class='ocrx_word' id='word_1_295' title='bbox 409 1363 445 1394; x_wconf 81' lang='grc' dir='ltr'>δὲ,</span> <span class='ocrx_word' id='word_1_296' title='bbox 471 1364 511 1389; x_wconf 78' lang='grc' dir='ltr'><strong>ὅτι</strong></span> <span class='ocrx_word' id='word_1_297' title='bbox 534 1364 564 1389; x_wconf 78' lang='grc' dir='ltr'>οὐ</span> <span class='ocrx_word' id='word_1_298' title='bbox 586 1363 713 1398; x_wconf 75' lang='grc' dir='ltr'>τοιαύτην</span> <span class='ocrx_word' id='word_1_299' title='bbox 736 1363 852 1398; x_wconf 72' lang='grc' dir='ltr'>σπουδὴν</span> <span class='ocrx_word' id='word_1_300' title='bbox 874 1364 927 1398; x_wconf 81' lang='grc' dir='ltr'><strong>ἔχω</strong></span> 
     </span>
    </p>
   </div>
   <div class='ocr_carea' id='block_1_44' title="bbox 140 1408 923 1445">
    <p class='ocr_par' dir='ltr' id='par_1_44' title="bbox 140 1408 923 1445">
     <span class='ocr_line' id='line_1_44' title="bbox 140 1408 923 1445; baseline 0.003 -12"><span class='ocrx_word' id='word_1_301' title='bbox 140 1409 210 1443; x_wconf 81' lang='grc' dir='ltr'>πρὸς</span> <span class='ocrx_word' id='word_1_302' title='bbox 222 1408 252 1434; x_wconf 83' lang='grc' dir='ltr'>τὸ</span> <span class='ocrx_word' id='word_1_303' title='bbox 262 1409 359 1444; x_wconf 79' lang='grc' dir='ltr'><strong>ἀρέσαι</strong></span> <span class='ocrx_word' id='word_1_304' title='bbox 375 1409 414 1444; x_wconf 83' lang='grc' dir='ltr'>τῷ</span> <span class='ocrx_word' id='word_1_305' title='bbox 428 1409 497 1444; x_wconf 84' lang='grc' dir='ltr'>Θεῷ,</span> <span class='ocrx_word' id='word_1_306' title='bbox 512 1410 573 1435; x_wconf 81' lang='grc' dir='ltr'>ὅσον</span> <span class='ocrx_word' id='word_1_307' title='bbox 588 1408 657 1444; x_wconf 75' lang='grc' dir='ltr'>αὕτη</span> <span class='ocrx_word' id='word_1_308' title='bbox 668 1409 711 1435; x_wconf 82' lang='grc' dir='ltr'><strong>ἴνα</strong></span> <span class='ocrx_word' id='word_1_309' title='bbox 726 1409 812 1445; x_wconf 77' lang='grc' dir='ltr'><strong>ἀρέσῃ</strong></span> <span class='ocrx_word' id='word_1_310' title='bbox 822 1409 923 1445; x_wconf 82' lang='grc' dir='ltr'><strong>ἀνθρὼ-</strong></span> 
     </span>
    </p>
   </div>
   <div class='ocr_carea' id='block_1_45' title="bbox 141 1454 350 1490">
    <p class='ocr_par' dir='ltr' id='par_1_45' title="bbox 141 1454 350 1490">
     <span class='ocr_line' id='line_1_45' title="bbox 141 1454 350 1490; baseline 0.005 -10"><span class='ocrx_word' id='word_1_311' title='bbox 141 1463 204 1484; x_wconf 76' lang='grc' dir='ltr'>ποις</span> <span class='ocrx_word' id='word_1_312' title='bbox 218 1454 350 1490; x_wconf 83' lang='grc' dir='ltr'>αἰσχροῖς.</span> 
     </span>
    </p>
   </div>
   <div class='ocr_carea' id='block_1_46' title="bbox 177 1497 926 1535">
    <p class='ocr_par' dir='ltr' id='par_1_46' title="bbox 177 1497 926 1535">
     <span class='ocr_line' id='line_1_46' title="bbox 177 1497 926 1535; baseline 0.001 -9"><span class='ocrx_word' id='word_1_313' title='bbox 177 1503 208 1526; x_wconf 85' lang='grc' dir='ltr'><strong>ε’.</strong></span> <span class='ocrx_word' id='word_1_314' title='bbox 228 1497 311 1526; x_wconf 82' lang='grc' dir='ltr'>Εἶπεν</span> <span class='ocrx_word' id='word_1_315' title='bbox 324 1501 338 1527; x_wconf 85' lang='grc' dir='ltr'>ὁ</span> <span class='ocrx_word' id='word_1_316' title='bbox 350 1499 436 1531; x_wconf 78' lang='grc' dir='ltr'><strong>ἀϐϐᾶς</strong></span> <span class='ocrx_word' id='word_1_317' title='bbox 455 1499 569 1535; x_wconf 78' lang='grc' dir='ltr'>Παμϐὼ,</span> <span class='ocrx_word' id='word_1_318' title='bbox 593 1501 634 1527; x_wconf 81' lang='grc' dir='ltr'>ὃτι</span> <span class='ocrx_word' id='word_1_319' title='bbox 651 1501 700 1527; x_wconf 77' lang='grc' dir='ltr'><strong>Διὰ</strong></span> <span class='ocrx_word' id='word_1_320' title='bbox 718 1500 763 1526; x_wconf 81' lang='grc' dir='ltr'>τὸν</span> <span class='ocrx_word' id='word_1_321' title='bbox 781 1501 859 1532; x_wconf 74' lang='grc' dir='ltr'>Θεὸν,</span> <span class='ocrx_word' id='word_1_322' title='bbox 881 1501 926 1535; x_wconf 81' lang='grc' dir='ltr'><strong>ἀφ’</strong></span> 
     </span>
    </p>
   </div>
   <div class='ocr_carea' id='block_1_47' title="bbox 977 938 1762 974">
    <p class='ocr_par' dir='ltr' id='par_1_47' title="bbox 977 938 1762 974">
     <span class='ocr_line' id='line_1_47' title="bbox 977 938 1762 974; baseline -0.004 -7"><span class='ocrx_word' id='word_1_323' title='bbox 977 940 1108 967; x_wconf 78' lang='lat' dir='ltr'><strong>voluntati</strong></span> <span class='ocrx_word' id='word_1_324' title='bbox 1127 940 1304 974; x_wconf 77' lang='lat' dir='ltr'><strong>obtemperat.</strong></span> <span class='ocrx_word' id='word_1_325' title='bbox 1323 939 1403 966; x_wconf 84' lang='lat' dir='ltr'><strong>Tales</strong></span> <span class='ocrx_word' id='word_1_326' title='bbox 1423 940 1525 973; x_wconf 84' lang='lat' dir='ltr'><strong>quippe</strong></span> <span class='ocrx_word' id='word_1_327' title='bbox 1541 939 1603 970; x_wconf 87' lang='lat' dir='ltr'><strong>viri,</strong></span> <span class='ocrx_word' id='word_1_328' title='bbox 1621 938 1762 965; x_wconf 74' lang='lat' dir='ltr'><strong>confesso-</strong></span> 
     </span>
    </p>
   </div>
   <div class='ocr_carea' id='block_1_48' title="bbox 976 983 1761 1020">
    <p class='ocr_par' dir='ltr' id='par_1_48' title="bbox 976 983 1761 1020">
     <span class='ocr_line' id='line_1_48' title="bbox 976 983 1761 1020; baseline -0.003 -8"><span class='ocrx_word' id='word_1_329' title='bbox 976 994 1020 1013; x_wconf 90' lang='lat' dir='ltr'><strong>res</strong></span> <span class='ocrx_word' id='word_1_330' title='bbox 1043 989 1118 1015; x_wconf 84' lang='lat' dir='ltr'><strong>sunt,</strong></span> <span class='ocrx_word' id='word_1_331' title='bbox 1137 985 1159 1012; x_wconf 81' lang='lat' dir='ltr'><strong>si</strong></span> <span class='ocrx_word' id='word_1_332' title='bbox 1178 993 1265 1020; x_wconf 76' lang='lat' dir='ltr'><strong>usque</strong></span> <span class='ocrx_word' id='word_1_333' title='bbox 1289 986 1321 1012; x_wconf 87' lang='lat' dir='ltr'><strong>ad</strong></span> <span class='ocrx_word' id='word_1_334' title='bbox 1345 986 1424 1012; x_wconf 72' lang='lat' dir='ltr'><strong>linem</strong></span> <span class='ocrx_word' id='word_1_335' title='bbox 1443 983 1598 1019; x_wconf 73' lang='lat' dir='ltr'><strong>huiusmodi</strong></span> <span class='ocrx_word' id='word_1_336' title='bbox 1613 984 1761 1011; x_wconf 79' lang='lat' dir='ltr'><strong>observari—</strong></span> 
     </span>
    </p>
   </div>
   <div class='ocr_carea' id='block_1_49' title="bbox 977 1032 1209 1059">
    <p class='ocr_par' dir='ltr' id='par_1_49' title="bbox 977 1032 1209 1059">
     <span class='ocr_line' id='line_1_49' title="bbox 977 1032 1209 1059; baseline 0 -1"><span class='ocrx_word' id='word_1_337' title='bbox 977 1032 1044 1058; x_wconf 89' lang='lat' dir='ltr'><strong>tiam</strong></span> <span class='ocrx_word' id='word_1_338' title='bbox 1058 1032 1209 1059; x_wconf 81' lang='lat' dir='ltr'><strong>tenuerint.</strong></span> 
     </span>
    </p>
   </div>
   <div class='ocr_carea' id='block_1_50' title="bbox 1011 1087 1761 1124">
    <p class='ocr_par' dir='ltr' id='par_1_50' title="bbox 1011 1087 1761 1124">
     <span class='ocr_line' id='line_1_50' title="bbox 1011 1087 1761 1124; baseline -0.003 -8"><span class='ocrx_word' id='word_1_339' title='bbox 1011 1088 1037 1116; x_wconf 72' lang='grc'><strong>4.</strong></span> <span class='ocrx_word' id='word_1_340' title='bbox 1059 1090 1096 1124; x_wconf 69' lang='grc'><strong>(4)</strong></span> <span class='ocrx_word' id='word_1_341' title='bbox 1110 1088 1216 1116; x_wconf 68' lang='lat' dir='ltr'><strong>Sanctae</strong></span> <span class='ocrx_word' id='word_1_342' title='bbox 1231 1089 1368 1116; x_wconf 76' lang='lat' dir='ltr'><strong>memoriae</strong></span> <span class='ocrx_word' id='word_1_343' title='bbox 1377 1087 1544 1115; x_wconf 81' lang='lat' dir='ltr'><strong>Athanasius</strong></span> <span class='ocrx_word' id='word_1_344' title='bbox 1560 1087 1761 1114; x_wconf 80' lang='lat' dir='ltr'><strong>Alexandrinus</strong></span> 
     </span>
    </p>
   </div>
   <div class='ocr_carea' id='block_1_51' title="bbox 977 1132 1762 1169">
    <p class='ocr_par' dir='ltr' id='par_1_51' title="bbox 977 1132 1762 1169">
     <span class='ocr_line' id='line_1_51' title="bbox 977 1132 1762 1169; baseline -0.003 -8"><span class='ocrx_word' id='word_1_345' title='bbox 977 1135 1199 1169; x_wconf 81' lang='lat' dir='ltr'><strong>archiepiscopus</strong></span> <span class='ocrx_word' id='word_1_346' title='bbox 1219 1134 1325 1169; x_wconf 74' lang='lat' dir='ltr'><strong>rogavit</strong></span> <span class='ocrx_word' id='word_1_347' title='bbox 1339 1134 1462 1160; x_wconf 83' lang='lat' dir='ltr'><strong>abbatem</strong></span> <span class='ocrx_word' id='word_1_348' title='bbox 1479 1132 1592 1165; x_wconf 84' lang='lat' dir='ltr'><strong>Pambo,</strong></span> <span class='ocrx_word' id='word_1_349' title='bbox 1608 1136 1637 1159; x_wconf 77' lang='lat' dir='ltr'><strong>ut</strong></span> <span class='ocrx_word' id='word_1_350' title='bbox 1652 1133 1685 1159; x_wconf 87' lang='lat' dir='ltr'><strong>de</strong></span> <span class='ocrx_word' id='word_1_351' title='bbox 1701 1140 1762 1159; x_wconf 87' lang='lat' dir='ltr'><strong>ere-</strong></span> 
     </span>
    </p>
   </div>
   <div class='ocr_carea' id='block_1_52' title="bbox 977 1178 1760 1210">
    <p class='ocr_par' dir='ltr' id='par_1_52' title="bbox 977 1178 1760 1210">
     <span class='ocr_line' id='line_1_52' title="bbox 977 1178 1760 1210; baseline -0.001 -3"><span class='ocrx_word' id='word_1_352' title='bbox 977 1188 1021 1206; x_wconf 93' lang='lat' dir='ltr'><strong>mo</strong></span> <span class='ocrx_word' id='word_1_353' title='bbox 1036 1180 1214 1207; x_wconf 81' lang='lat' dir='ltr'><strong>descenderet</strong></span> <span class='ocrx_word' id='word_1_354' title='bbox 1228 1179 1431 1206; x_wconf 79' lang='lat' dir='ltr'><strong>Aloxandriam.</strong></span> <span class='ocrx_word' id='word_1_355' title='bbox 1450 1178 1474 1205; x_wconf 81' lang='lat' dir='ltr'><strong>Is</strong></span> <span class='ocrx_word' id='word_1_356' title='bbox 1486 1187 1546 1206; x_wconf 87' lang='lat' dir='ltr'><strong>cum</strong></span> <span class='ocrx_word' id='word_1_357' title='bbox 1561 1178 1760 1210; x_wconf 79' lang='lat' dir='ltr'><strong>descendisset,</strong></span> 
     </span>
    </p>
   </div>
   <div class='ocr_carea' id='block_1_53' title="bbox 978 1225 1760 1259">
    <p class='ocr_par' dir='ltr' id='par_1_53' title="bbox 978 1225 1760 1259">
     <span class='ocr_line' id='line_1_53' title="bbox 978 1225 1760 1259; baseline -0.001 -6"><span class='ocrx_word' id='word_1_358' title='bbox 978 1226 1093 1253; x_wconf 88' lang='lat' dir='ltr'><strong>intuitus</strong></span> <span class='ocrx_word' id='word_1_359' title='bbox 1109 1226 1166 1253; x_wconf 90' lang='lat' dir='ltr'><strong>illic</strong></span> <span class='ocrx_word' id='word_1_360' title='bbox 1192 1226 1334 1253; x_wconf 75' lang='lat' dir='ltr'><strong>mulierem</strong></span> <span class='ocrx_word' id='word_1_361' title='bbox 1352 1225 1525 1255; x_wconf 72' lang='lat' dir='ltr'><strong>theatriram.</strong></span> <span class='ocrx_word' id='word_1_362' title='bbox 1547 1225 1760 1259; x_wconf 78' lang='lat' dir='ltr'><strong>collaerymavit.</strong></span> 
     </span>
    </p>
   </div>
   <div class='ocr_carea' id='block_1_54' title="bbox 977 1271 1766 1306">
    <p class='ocr_par' dir='ltr' id='par_1_54' title="bbox 977 1271 1766 1306">
     <span class='ocr_line' id='line_1_54' title="bbox 977 1271 1766 1306; baseline -0.001 -8"><span class='ocrx_word' id='word_1_363' title='bbox 977 1272 1101 1306; x_wconf 81' lang='lat' dir='ltr'><strong>Cumque</strong></span> <span class='ocrx_word' id='word_1_364' title='bbox 1128 1272 1342 1306; x_wconf 81' lang='lat' dir='ltr'><strong>interrogassent</strong></span> <span class='ocrx_word' id='word_1_365' title='bbox 1361 1272 1405 1306; x_wconf 88' lang='lat' dir='ltr'><strong>qui</strong></span> <span class='ocrx_word' id='word_1_366' title='bbox 1420 1271 1545 1300; x_wconf 77' lang='lat' dir='ltr'><strong>aderant.</strong></span> <span class='ocrx_word' id='word_1_367' title='bbox 1563 1279 1612 1297; x_wconf 89' lang='lat' dir='ltr'><strong>cur</strong></span> <span class='ocrx_word' id='word_1_368' title='bbox 1627 1272 1766 1306; x_wconf 53' lang='lat' dir='ltr'><strong>laurymh</strong></span> 
     </span>
    </p>
   </div>
   <div class='ocr_carea' id='block_1_55' title="bbox 977 1316 1761 1350">
    <p class='ocr_par' dir='ltr' id='par_1_55' title="bbox 977 1316 1761 1350">
     <span class='ocr_line' id='line_1_55' title="bbox 977 1316 1761 1350; baseline 0 -8"><span class='ocrx_word' id='word_1_369' title='bbox 977 1319 1021 1342; x_wconf 85' lang='lat' dir='ltr'><strong>tus</strong></span> <span class='ocrx_word' id='word_1_370' title='bbox 1049 1316 1170 1343; x_wconf 79' lang='lat' dir='ltr'><strong>fuisset:</strong></span> <span class='ocrx_word' id='word_1_371' title='bbox 1200 1316 1267 1348; x_wconf 87' lang='lat' dir='ltr'><strong>Duo,</strong></span> <span class='ocrx_word' id='word_1_372' title='bbox 1289 1316 1388 1350; x_wconf 84' lang='lat' dir='ltr'><strong>inquit.</strong></span> <span class='ocrx_word' id='word_1_373' title='bbox 1413 1323 1455 1342; x_wconf 88' lang='lat' dir='ltr'><strong>me</strong></span> <span class='ocrx_word' id='word_1_374' title='bbox 1479 1318 1645 1350; x_wconf 79' lang='lat' dir='ltr'><strong>adegerunt;</strong></span> <span class='ocrx_word' id='word_1_375' title='bbox 1665 1323 1761 1346; x_wconf 87' lang='lat' dir='ltr'><strong>unum.</strong></span> 
     </span>
    </p>
   </div>
   <div class='ocr_carea' id='block_1_56' title="bbox 977 1360 1772 1396">
    <p class='ocr_par' dir='ltr' id='par_1_56' title="bbox 977 1360 1772 1396">
     <span class='ocr_line' id='line_1_56' title="bbox 977 1360 1772 1396; baseline 0.003 -9"><span class='ocrx_word' id='word_1_376' title='bbox 977 1360 1093 1396; x_wconf 87' lang='lat' dir='ltr'><strong>perditio</strong></span> <span class='ocrx_word' id='word_1_377' title='bbox 1105 1361 1242 1394; x_wconf 84' lang='lat' dir='ltr'><strong>mulieris;</strong></span> <span class='ocrx_word' id='word_1_378' title='bbox 1261 1361 1388 1392; x_wconf 86' lang='lat' dir='ltr'><strong>alterum,</strong></span> <span class='ocrx_word' id='word_1_379' title='bbox 1404 1362 1466 1396; x_wconf 87' lang='lat' dir='ltr'><strong>quia</strong></span> <span class='ocrx_word' id='word_1_380' title='bbox 1481 1366 1587 1388; x_wconf 87' lang='lat' dir='ltr'><strong>tantum</strong></span> <span class='ocrx_word' id='word_1_381' title='bbox 1601 1370 1655 1388; x_wconf 85' lang='lat' dir='ltr'><strong>non</strong></span> <span class='ocrx_word' id='word_1_382' title='bbox 1674 1362 1772 1389; x_wconf 66' lang='lat' dir='ltr'><strong>habeo.</strong></span> 
     </span>
    </p>
   </div>
   <div class='ocr_carea' id='block_1_57' title="bbox 978 1407 1775 1443">
    <p class='ocr_par' dir='ltr' id='par_1_57' title="bbox 978 1407 1775 1443">
     <span class='ocr_line' id='line_1_57' title="bbox 978 1407 1775 1443; baseline 0.003 -9"><span class='ocrx_word' id='word_1_383' title='bbox 978 1407 1098 1434; x_wconf 85' lang='lat' dir='ltr'><strong>studium</strong></span> <span class='ocrx_word' id='word_1_384' title='bbox 1111 1408 1234 1442; x_wconf 84' lang='lat' dir='ltr'><strong>placendi</strong></span> <span class='ocrx_word' id='word_1_385' title='bbox 1249 1407 1314 1439; x_wconf 88' lang='lat' dir='ltr'><strong>Deo,</strong></span> <span class='ocrx_word' id='word_1_386' title='bbox 1332 1412 1465 1443; x_wconf 82' lang='lat' dir='ltr'><strong>quantum</strong></span> <span class='ocrx_word' id='word_1_387' title='bbox 1483 1408 1539 1434; x_wconf 70' lang='lat' dir='ltr'><strong>haec</strong></span> <span class='ocrx_word' id='word_1_388' title='bbox 1558 1412 1587 1434; x_wconf 83' lang='lat' dir='ltr'><strong>ut</strong></span> <span class='ocrx_word' id='word_1_389' title='bbox 1604 1408 1775 1436; x_wconf 63' lang='lat' dir='ltr'><strong>hominibus,»</strong></span> 
     </span>
    </p>
   </div>
   <div class='ocr_carea' id='block_1_58' title="bbox 977 1454 1229 1488">
    <p class='ocr_par' dir='ltr' id='par_1_58' title="bbox 977 1454 1229 1488">
     <span class='ocr_line' id='line_1_58' title="bbox 977 1454 1229 1488; baseline 0.004 -8"><span class='ocrx_word' id='word_1_390' title='bbox 977 1454 1103 1488; x_wconf 83' lang='lat' dir='ltr'><strong>turpibus</strong></span> <span class='ocrx_word' id='word_1_391' title='bbox 1115 1455 1229 1488; x_wconf 84' lang='lat' dir='ltr'><strong>placeat.</strong></span> 
     </span>
    </p>
   </div>
   <div class='ocr_carea' id='block_1_59' title="bbox 1013 1498 1772 1533">
    <p class='ocr_par' dir='ltr' id='par_1_59' title="bbox 1013 1498 1772 1533">
     <span class='ocr_line' id='line_1_59' title="bbox 1013 1498 1772 1533; baseline 0.003 -7"><span class='ocrx_word' id='word_1_392' title='bbox 1013 1500 1039 1526; x_wconf 82' lang='lat'><strong>5.</strong></span> <span class='ocrx_word' id='word_1_393' title='bbox 1061 1498 1207 1526; x_wconf 84' lang='lat' dir='ltr'><strong>Professus</strong></span> <span class='ocrx_word' id='word_1_394' title='bbox 1221 1504 1264 1526; x_wconf 79' lang='lat' dir='ltr'><strong>est</strong></span> <span class='ocrx_word' id='word_1_395' title='bbox 1279 1499 1364 1526; x_wconf 88' lang='lat' dir='ltr'><strong>abbas</strong></span> <span class='ocrx_word' id='word_1_396' title='bbox 1387 1499 1506 1526; x_wconf 86' lang='lat' dir='ltr'><strong>Pambo:</strong></span> <span class='ocrx_word' id='word_1_397' title='bbox 1532 1499 1625 1527; x_wconf 87' lang='lat' dir='ltr'><strong>Gratia</strong></span> <span class='ocrx_word' id='word_1_398' title='bbox 1649 1500 1708 1533; x_wconf 79' lang='lat' dir='ltr'><strong>Dei,</strong></span> <span class='ocrx_word' id='word_1_399' title='bbox 1729 1509 1772 1528; x_wconf 67' lang='lat' dir='ltr'><strong>ex:</strong></span> 
     </span>
    </p>
   </div>
   <div class='ocr_carea' id='block_1_60' title="bbox 139 1543 927 1590">
    <p class='ocr_par' dir='ltr' id='par_1_60' title="bbox 139 1543 926 1582">
     <span class='ocr_line' id='line_1_60' title="bbox 139 1543 926 1582; baseline 0.003 -10"><span class='ocrx_word' id='word_1_400' title='bbox 139 1543 172 1572; x_wconf 66' lang='grc' dir='ltr'>οὗ</span> <span class='ocrx_word' id='word_1_401' title='bbox 184 1546 374 1581; x_wconf 76' lang='grc' dir='ltr'>ἀπεταξάμην,</span> <span class='ocrx_word' id='word_1_402' title='bbox 383 1547 414 1572; x_wconf 86' lang='grc' dir='ltr'><strong>οὺ</strong></span> <span class='ocrx_word' id='word_1_403' title='bbox 424 1545 610 1581; x_wconf 79' lang='grc' dir='ltr'>μετεμελήθην</span> <span class='ocrx_word' id='word_1_404' title='bbox 621 1547 666 1572; x_wconf 77' lang='grc' dir='ltr'><strong>ἐπὶ</strong></span> <span class='ocrx_word' id='word_1_405' title='bbox 681 1546 751 1582; x_wconf 80' lang='grc' dir='ltr'>λόγῳ</span> <span class='ocrx_word' id='word_1_406' title='bbox 762 1543 783 1580; x_wconf 83' lang='grc' dir='ltr'>ᾧ</span> <span class='ocrx_word' id='word_1_407' title='bbox 797 1547 926 1582; x_wconf 76' lang='grc' dir='ltr'>ἐλάλησα.</span> 
     </span>
    </p>
   </div>
   <div class='ocr_carea' id='block_1_61' title="bbox 984 1543 1763 1590">
    <p class='ocr_par' dir='ltr' id='par_1_61' title="bbox 984 1546 1763 1581">
     <span class='ocr_line' id='line_1_61' title="bbox 984 1546 1763 1581; baseline 0.005 -10"><span class='ocrx_word' id='word_1_408' title='bbox 984 1552 1034 1580; x_wconf 87' lang='lat' dir='ltr'><strong>quo</strong></span> <span class='ocrx_word' id='word_1_409' title='bbox 1050 1546 1202 1572; x_wconf 82' lang='lat' dir='ltr'><strong>renuntiavi</strong></span> <span class='ocrx_word' id='word_1_410' title='bbox 1223 1546 1333 1579; x_wconf 43' lang='lat' dir='ltr'><strong>sarculo,</strong></span> <span class='ocrx_word' id='word_1_411' title='bbox 1352 1553 1406 1573; x_wconf 91' lang='lat' dir='ltr'><strong>non</strong></span> <span class='ocrx_word' id='word_1_412' title='bbox 1425 1546 1552 1581; x_wconf 72' lang='lat' dir='ltr'><strong>paenituit</strong></span> <span class='ocrx_word' id='word_1_413' title='bbox 1567 1554 1610 1573; x_wconf 84' lang='lat' dir='ltr'><strong>me</strong></span> <span class='ocrx_word' id='word_1_414' title='bbox 1625 1548 1763 1575; x_wconf 83' lang='lat' dir='ltr'><strong>sermonis</strong></span> 
     </span>
    </p>
   </div>
   <div class='ocr_carea' id='block_1_62' title="bbox 179 1641 928 1677">
    <p class='ocr_par' dir='ltr' id='par_1_62' title="bbox 179 1641 928 1677">
     <span class='ocr_line' id='line_1_62' title="bbox 179 1641 928 1677; baseline -0.003 -7"><span class='ocrx_word' id='word_1_415' title='bbox 179 1647 217 1676; x_wconf 84' lang='grc' dir='ltr'><strong>ς’.</strong></span> <span class='ocrx_word' id='word_1_416' title='bbox 243 1641 326 1670; x_wconf 78' lang='grc' dir='ltr'>Εἶπεν</span> <span class='ocrx_word' id='word_1_417' title='bbox 348 1642 438 1674; x_wconf 83' lang='grc' dir='ltr'>πάλιν,</span> <span class='ocrx_word' id='word_1_418' title='bbox 458 1642 499 1668; x_wconf 83' lang='grc' dir='ltr'>ὃτι</span> <span class='ocrx_word' id='word_1_419' title='bbox 521 1642 641 1669; x_wconf 78' lang='grc' dir='ltr'>τοιοῦτον</span> <span class='ocrx_word' id='word_1_420' title='bbox 662 1643 676 1668; x_wconf 87' lang='grc' dir='ltr'>ὁ</span> <span class='ocrx_word' id='word_1_421' title='bbox 699 1643 813 1677; x_wconf 71' lang='grc' dir='ltr'>μοναχος</span> <span class='ocrx_word' id='word_1_422' title='bbox 828 1641 928 1676; x_wconf 73' lang='grc' dir='ltr'>ὀφείλει</span> 
     </span>
    </p>
   </div>
   <div class='ocr_carea' id='block_1_63' title="bbox 141 1689 927 1726">
    <p class='ocr_par' dir='ltr' id='par_1_63' title="bbox 141 1689 927 1726">
     <span class='ocr_line' id='line_1_63' title="bbox 141 1689 927 1726; baseline -0.001 -11"><span class='ocrx_word' id='word_1_423' title='bbox 141 1691 237 1726; x_wconf 78' lang='grc' dir='ltr'>φορεῖν</span> <span class='ocrx_word' id='word_1_424' title='bbox 259 1690 374 1725; x_wconf 78' lang='grc' dir='ltr'>ῑμάτιον,</span> <span class='ocrx_word' id='word_1_425' title='bbox 395 1690 464 1716; x_wconf 81' lang='grc' dir='ltr'>ὥστε</span> <span class='ocrx_word' id='word_1_426' title='bbox 484 1689 591 1724; x_wconf 76' lang='grc' dir='ltr'>βάλλειν</span> <span class='ocrx_word' id='word_1_427' title='bbox 611 1689 677 1715; x_wconf 76' lang='grc' dir='ltr'>αὐτὸ</span> <span class='ocrx_word' id='word_1_428' title='bbox 692 1689 744 1721; x_wconf 75' lang='grc' dir='ltr'><strong>ἔξω</strong></span> <span class='ocrx_word' id='word_1_429' title='bbox 760 1689 806 1716; x_wconf 77' lang='grc' dir='ltr'><strong>τοῦ</strong></span> <span class='ocrx_word' id='word_1_430' title='bbox 821 1689 927 1716; x_wconf 74' lang='grc' dir='ltr'>κελλίου</span> 
     </span>
    </p>
   </div>
   <div class='ocr_carea' id='block_1_64' title="bbox 141 1727 845 1771">
    <p class='ocr_par' dir='ltr' id='par_1_64' title="bbox 141 1727 845 1771">
     <span class='ocr_line' id='line_1_64' title="bbox 141 1727 845 1771; baseline -0.001 -8"><span class='ocrx_word' id='word_1_431' title='bbox 141 1736 226 1763; x_wconf 72' lang='grc' dir='ltr'><strong>αὺτοῦ</strong></span> <span class='ocrx_word' id='word_1_432' title='bbox 241 1737 285 1762; x_wconf 79' lang='grc' dir='ltr'><strong>ἐπὶ</strong></span> <span class='ocrx_word' id='word_1_433' title='bbox 300 1737 372 1771; x_wconf 83' lang='grc' dir='ltr'>τρεῖς</span> <span class='ocrx_word' id='word_1_434' title='bbox 385 1737 501 1771; x_wconf 78' lang='grc' dir='ltr'>ἡμέρας,</span> <span class='ocrx_word' id='word_1_435' title='bbox 515 1736 560 1762; x_wconf 74' lang='grc' dir='ltr'>καὶ</span> <span class='ocrx_word' id='word_1_436' title='bbox 575 1735 668 1770; x_wconf 69' lang='grc' dir='ltr'>μηδεὶς</span> <span class='ocrx_word' id='word_1_437' title='bbox 682 1727 751 1771; x_wconf 72' lang='grc' dir='ltr'><strong>λάϐῃ</strong></span> <span class='ocrx_word' id='word_1_438' title='bbox 765 1735 845 1764; x_wconf 76' lang='grc' dir='ltr'><strong>αὑτό,</strong></span> 
     </span>
    </p>
   </div>
   <div class='ocr_carea' id='block_1_65' title="bbox 179 1791 929 1827">
    <p class='ocr_par' dir='ltr' id='par_1_65' title="bbox 179 1791 929 1827">
     <span class='ocr_line' id='line_1_65' title="bbox 179 1791 929 1827; baseline 0 -9"><span class='ocrx_word' id='word_1_439' title='bbox 179 1793 212 1824; x_wconf 77' lang='grc' dir='ltr'><strong>ζ’.</strong></span> <span class='ocrx_word' id='word_1_440' title='bbox 234 1793 355 1826; x_wconf 84' lang='grc' dir='ltr'>Ἐγένετό</span> <span class='ocrx_word' id='word_1_441' title='bbox 370 1801 434 1818; x_wconf 84' lang='grc' dir='ltr'>ποτε</span> <span class='ocrx_word' id='word_1_442' title='bbox 451 1793 495 1818; x_wconf 79' lang='grc' dir='ltr'><strong>τὸν</strong></span> <span class='ocrx_word' id='word_1_443' title='bbox 513 1792 600 1819; x_wconf 76' lang='grc' dir='ltr'>ὰόϐᾰν</span> <span class='ocrx_word' id='word_1_444' title='bbox 620 1791 723 1827; x_wconf 75' lang='grc' dir='ltr'><strong>Παμϐὼ</strong></span> <span class='ocrx_word' id='word_1_445' title='bbox 744 1792 844 1819; x_wconf 77' lang='grc' dir='ltr'>ὁδεύειν</span> <span class='ocrx_word' id='word_1_446' title='bbox 861 1792 929 1827; x_wconf 82' lang='grc' dir='ltr'>μετὰ</span> 
     </span>
    </p>
   </div>
   <div class='ocr_carea' id='block_1_66' title="bbox 142 1837 928 1873">
    <p class='ocr_par' dir='ltr' id='par_1_66' title="bbox 142 1837 928 1873">
     <span class='ocr_line' id='line_1_66' title="bbox 142 1837 928 1873; baseline -0.001 -9"><span class='ocrx_word' id='word_1_447' title='bbox 142 1837 267 1871; x_wconf 66' lang='grc' dir='ltr'>ἀδελφῶν</span> <span class='ocrx_word' id='word_1_448' title='bbox 279 1838 318 1868; x_wconf 79' lang='grc' dir='ltr'><strong>εἰς</strong></span> <span class='ocrx_word' id='word_1_449' title='bbox 332 1838 366 1863; x_wconf 86' lang='grc' dir='ltr'>τὰ</span> <span class='ocrx_word' id='word_1_450' title='bbox 379 1837 450 1873; x_wconf 84' lang='grc' dir='ltr'><strong>μέρη</strong></span> <span class='ocrx_word' id='word_1_451' title='bbox 465 1839 513 1872; x_wconf 78' lang='grc' dir='ltr'><strong>τῆς</strong></span> <span class='ocrx_word' id='word_1_452' title='bbox 526 1837 673 1871; x_wconf 72' lang='grc' dir='ltr'><strong>Αἰγύπτου·</strong></span> <span class='ocrx_word' id='word_1_453' title='bbox 691 1837 736 1863; x_wconf 69' lang='grc' dir='ltr'>καὶ</span> <span class='ocrx_word' id='word_1_454' title='bbox 756 1837 816 1863; x_wconf 79' lang='grc' dir='ltr'>ἰδὼν</span> <span class='ocrx_word' id='word_1_455' title='bbox 830 1845 928 1872; x_wconf 77' lang='grc' dir='ltr'>κοσμι-</span> 
     </span>
    </p>
   </div>
   <div class='ocr_carea' id='block_1_67' title="bbox 143 1883 929 1918">
    <p class='ocr_par' dir='ltr' id='par_1_67' title="bbox 143 1883 929 1918">
     <span class='ocr_line' id='line_1_67' title="bbox 143 1883 929 1918; baseline 0 -8"><span class='ocrx_word' id='word_1_456' title='bbox 143 1885 211 1915; x_wconf 77' lang='grc' dir='ltr'>κοὺς</span> <span class='ocrx_word' id='word_1_457' title='bbox 230 1883 408 1918; x_wconf 80' lang='grc' dir='ltr'><strong>καθημένους,</strong></span> <span class='ocrx_word' id='word_1_458' title='bbox 428 1883 501 1917; x_wconf 78' lang='grc' dir='ltr'>λέγει</span> <span class='ocrx_word' id='word_1_459' title='bbox 519 1883 619 1913; x_wconf 73' lang='grc' dir='ltr'><strong>αὐτοῖς·</strong></span> <span class='ocrx_word' id='word_1_460' title='bbox 647 1883 823 1914; x_wconf 81' lang='grc' dir='ltr'>Ἀναστάντες</span> <span class='ocrx_word' id='word_1_461' title='bbox 839 1883 929 1910; x_wconf 84' lang='grc' dir='ltr'><strong>ἀσπά-</strong></span> 
     </span>
    </p>
   </div>
   <div class='ocr_carea' id='block_1_68' title="bbox 145 1928 929 1964">
    <p class='ocr_par' dir='ltr' id='par_1_68' title="bbox 145 1928 929 1964">
     <span class='ocr_line' id='line_1_68' title="bbox 145 1928 929 1964; baseline -0.003 -8"><span class='ocrx_word' id='word_1_462' title='bbox 145 1929 230 1956; x_wconf 83' lang='grc' dir='ltr'>σασθε</span> <span class='ocrx_word' id='word_1_463' title='bbox 245 1930 308 1961; x_wconf 73' lang='grc' dir='ltr'><strong>τοὺς</strong></span> <span class='ocrx_word' id='word_1_464' title='bbox 324 1930 456 1964; x_wconf 76' lang='grc' dir='ltr'><strong>μοναχοὺς</strong></span> <span class='ocrx_word' id='word_1_465' title='bbox 467 1950 475 1961; x_wconf 96' lang='grc'><strong>,</strong></span> <span class='ocrx_word' id='word_1_466' title='bbox 493 1929 537 1956; x_wconf 87' lang='grc' dir='ltr'>ἵνα</span> <span class='ocrx_word' id='word_1_467' title='bbox 553 1928 725 1963; x_wconf 74' lang='grc' dir='ltr'>εὐλογηθῆτε·</span> <span class='ocrx_word' id='word_1_468' title='bbox 745 1929 862 1964; x_wconf 77' lang='grc' dir='ltr'><strong>συνεχῶς</strong></span> <span class='ocrx_word' id='word_1_469' title='bbox 875 1929 929 1964; x_wconf 81' lang='grc' dir='ltr'><strong>γὰρ</strong></span> 
     </span>
    </p>
   </div>
   <div class='ocr_carea' id='block_1_69' title="bbox 142 1974 928 2010">
    <p class='ocr_par' dir='ltr' id='par_1_69' title="bbox 142 1974 928 2010">
     <span class='ocr_line' id='line_1_69' title="bbox 142 1974 928 2010; baseline -0.001 -9"><span class='ocrx_word' id='word_1_470' title='bbox 142 1974 184 2010; x_wconf 84' lang='grc' dir='ltr'>τῷ</span> <span class='ocrx_word' id='word_1_471' title='bbox 200 1974 259 2009; x_wconf 85' lang='grc' dir='ltr'><strong>Θεῷ</strong></span> <span class='ocrx_word' id='word_1_472' title='bbox 271 1974 390 2006; x_wconf 80' lang='grc' dir='ltr'><strong>λαλοῦσι,</strong></span> <span class='ocrx_word' id='word_1_473' title='bbox 409 1975 456 2001; x_wconf 76' lang='grc' dir='ltr'><strong>καὶ</strong></span> <span class='ocrx_word' id='word_1_474' title='bbox 474 1974 506 2000; x_wconf 79' lang='grc' dir='ltr'>τὰ</span> <span class='ocrx_word' id='word_1_475' title='bbox 523 1974 644 2009; x_wconf 79' lang='grc' dir='ltr'>στόματα</span> <span class='ocrx_word' id='word_1_476' title='bbox 660 1974 749 2001; x_wconf 73' lang='grc' dir='ltr'>αὐτῶν</span> <span class='ocrx_word' id='word_1_477' title='bbox 764 1975 829 2008; x_wconf 69' lang='grc' dir='ltr'>ἅγιά</span> <span class='ocrx_word' id='word_1_478' title='bbox 845 1975 928 2001; x_wconf 80' lang='grc' dir='ltr'>ἐστιν.</span> 
     </span>
    </p>
   </div>
   <div class='ocr_carea' id='block_1_70' title="bbox 180 2075 930 2111">
    <p class='ocr_par' dir='ltr' id='par_1_70' title="bbox 180 2075 930 2111">
     <span class='ocr_line' id='line_1_70' title="bbox 180 2075 930 2111; baseline 0 -9"><span class='ocrx_word' id='word_1_479' title='bbox 180 2079 215 2111; x_wconf 79' lang='grc' dir='ltr'><strong>η’.</strong></span> <span class='ocrx_word' id='word_1_480' title='bbox 236 2077 405 2110; x_wconf 83' lang='grc' dir='ltr'>Διηγήσαντο</span> <span class='ocrx_word' id='word_1_481' title='bbox 419 2075 482 2110; x_wconf 71' lang='grc' dir='ltr'>περὶ</span> <span class='ocrx_word' id='word_1_482' title='bbox 499 2075 544 2102; x_wconf 72' lang='grc' dir='ltr'><strong>τοῦ</strong></span> <span class='ocrx_word' id='word_1_483' title='bbox 558 2075 629 2102; x_wconf 76' lang='grc' dir='ltr'><strong>ὰϐὖᾶ</strong></span> <span class='ocrx_word' id='word_1_484' title='bbox 644 2075 758 2111; x_wconf 74' lang='grc' dir='ltr'>Παμϐὼ,</span> <span class='ocrx_word' id='word_1_485' title='bbox 779 2076 819 2102; x_wconf 85' lang='grc' dir='ltr'>ὃτι</span> <span class='ocrx_word' id='word_1_486' title='bbox 837 2076 930 2102; x_wconf 85' lang='grc' dir='ltr'>τελευ-</span> 
     </span>
    </p>
   </div>
   <div class='ocr_carea' id='block_1_71' title="bbox 142 2120 930 2157">
    <p class='ocr_par' dir='ltr' id='par_1_71' title="bbox 142 2120 930 2157">
     <span class='ocr_line' id='line_1_71' title="bbox 142 2120 930 2157; baseline -0.003 -8"><span class='ocrx_word' id='word_1_487' title='bbox 142 2122 210 2153; x_wconf 79' lang='grc' dir='ltr'>τῶν,</span> <span class='ocrx_word' id='word_1_488' title='bbox 235 2122 294 2148; x_wconf 82' lang='grc' dir='ltr'>κατ’</span> <span class='ocrx_word' id='word_1_489' title='bbox 317 2122 400 2157; x_wconf 74' lang='grc' dir='ltr'>αὐτὴν</span> <span class='ocrx_word' id='word_1_490' title='bbox 417 2122 465 2157; x_wconf 80' lang='grc' dir='ltr'><strong>τὴν</strong></span> <span class='ocrx_word' id='word_1_491' title='bbox 481 2121 555 2157; x_wconf 74' lang='grc' dir='ltr'>ὥραν</span> <span class='ocrx_word' id='word_1_492' title='bbox 573 2121 620 2147; x_wconf 75' lang='grc' dir='ltr'><strong>τοῦ</strong></span> <span class='ocrx_word' id='word_1_493' title='bbox 637 2121 762 2153; x_wconf 80' lang='grc' dir='ltr'>θανάτου,</span> <span class='ocrx_word' id='word_1_494' title='bbox 785 2120 860 2148; x_wconf 77' lang='grc' dir='ltr'>εἶπεν</span> <span class='ocrx_word' id='word_1_495' title='bbox 874 2123 930 2152; x_wconf 79' lang='grc' dir='ltr'>τοῖς</span> 
     </span>
    </p>
   </div>
   <div class='ocr_carea' id='block_1_72' title="bbox 144 2165 930 2204">
    <p class='ocr_par' dir='ltr' id='par_1_72' title="bbox 144 2165 930 2204">
     <span class='ocr_line' id='line_1_72' title="bbox 144 2165 930 2204; baseline -0.003 -9"><span class='ocrx_word' id='word_1_496' title='bbox 144 2168 317 2204; x_wconf 79' lang='grc' dir='ltr'><strong>παρεστῶσιν</strong></span> <span class='ocrx_word' id='word_1_497' title='bbox 332 2167 406 2202; x_wconf 74' lang='grc' dir='ltr'><strong>αὐτῷ</strong></span> <span class='ocrx_word' id='word_1_498' title='bbox 422 2167 508 2201; x_wconf 80' lang='grc' dir='ltr'>ἁγίοις</span> <span class='ocrx_word' id='word_1_499' title='bbox 524 2166 662 2202; x_wconf 76' lang='grc' dir='ltr'>ἀνδράσιν,</span> <span class='ocrx_word' id='word_1_500' title='bbox 679 2167 719 2193; x_wconf 82' lang='grc' dir='ltr'><strong>ὃτι</strong></span> <span class='ocrx_word' id='word_1_501' title='bbox 736 2168 794 2202; x_wconf 82' lang='grc' dir='ltr'><strong>Ἀφ’</strong></span> <span class='ocrx_word' id='word_1_502' title='bbox 809 2165 839 2194; x_wconf 80' lang='grc' dir='ltr'>οὗ</span> <span class='ocrx_word' id='word_1_503' title='bbox 849 2165 930 2203; x_wconf 84' lang='grc' dir='ltr'>ἦλθον</span> 
     </span>
    </p>
   </div>
   <div class='ocr_carea' id='block_1_73' title="bbox 979 1591 1251 1626">
    <p class='ocr_par' dir='ltr' id='par_1_73' title="bbox 979 1591 1251 1626">
     <span class='ocr_line' id='line_1_73' title="bbox 979 1591 1251 1626; baseline 0 -9"><span class='ocrx_word' id='word_1_504' title='bbox 979 1598 1059 1626; x_wconf 88' lang='lat' dir='ltr'><strong>quem</strong></span> <span class='ocrx_word' id='word_1_505' title='bbox 1081 1591 1251 1624; x_wconf 84' lang='lat' dir='ltr'><strong>prutulerim.</strong></span> 
     </span>
    </p>
   </div>
   <div class='ocr_carea' id='block_1_74' title="bbox 1014 1645 1764 1682">
    <p class='ocr_par' dir='ltr' id='par_1_74' title="bbox 1014 1645 1764 1682">
     <span class='ocr_line' id='line_1_74' title="bbox 1014 1645 1764 1682; baseline 0.004 -10"><span class='ocrx_word' id='word_1_506' title='bbox 1014 1645 1041 1672; x_wconf 87' lang='lat'><strong>6.</strong></span> <span class='ocrx_word' id='word_1_507' title='bbox 1057 1646 1095 1682; x_wconf 78' lang='lat'><strong>(5)</strong></span> <span class='ocrx_word' id='word_1_508' title='bbox 1120 1645 1193 1672; x_wconf 83' lang='lat' dir='ltr'><strong>Dixit</strong></span> <span class='ocrx_word' id='word_1_509' title='bbox 1223 1647 1339 1673; x_wconf 86' lang='lat' dir='ltr'><strong>iterum:</strong></span> <span class='ocrx_word' id='word_1_510' title='bbox 1366 1645 1506 1680; x_wconf 86' lang='lat' dir='ltr'><strong>Ejusmodi</strong></span> <span class='ocrx_word' id='word_1_511' title='bbox 1531 1653 1632 1675; x_wconf 80' lang='lat' dir='ltr'><strong>vestem</strong></span> <span class='ocrx_word' id='word_1_512' title='bbox 1658 1654 1764 1682; x_wconf 75' lang='lat' dir='ltr'><strong>gestare</strong></span> 
     </span>
    </p>
   </div>
   <div class='ocr_carea' id='block_1_75' title="bbox 980 1692 1772 1727">
    <p class='ocr_par' dir='ltr' id='par_1_75' title="bbox 980 1692 1772 1727">
     <span class='ocr_line' id='line_1_75' title="bbox 980 1692 1772 1727; baseline 0.001 -8"><span class='ocrx_word' id='word_1_513' title='bbox 980 1692 1058 1720; x_wconf 83' lang='lat' dir='ltr'><strong>debet</strong></span> <span class='ocrx_word' id='word_1_514' title='bbox 1073 1692 1234 1722; x_wconf 72' lang='lat' dir='ltr'><strong>niunarhus.</strong></span> <span class='ocrx_word' id='word_1_515' title='bbox 1248 1696 1276 1719; x_wconf 92' lang='lat' dir='ltr'><strong>ut</strong></span> <span class='ocrx_word' id='word_1_516' title='bbox 1291 1700 1313 1719; x_wconf 76' lang='lat' dir='ltr'><strong>su</strong></span> <span class='ocrx_word' id='word_1_517' title='bbox 1334 1692 1476 1727; x_wconf 86' lang='lat' dir='ltr'><strong>projecerit</strong></span> <span class='ocrx_word' id='word_1_518' title='bbox 1492 1700 1551 1720; x_wconf 88' lang='lat' dir='ltr'><strong>eam</strong></span> <span class='ocrx_word' id='word_1_519' title='bbox 1564 1700 1639 1720; x_wconf 79' lang='lat' dir='ltr'><strong>extra</strong></span> <span class='ocrx_word' id='word_1_520' title='bbox 1656 1694 1772 1726; x_wconf 67' lang='lat' dir='ltr'><strong>cellam,~</strong></span> 
     </span>
    </p>
   </div>
   <div class='ocr_carea' id='block_1_76' title="bbox 979 1738 1378 1774">
    <p class='ocr_par' dir='ltr' id='par_1_76' title="bbox 979 1738 1378 1774">
     <span class='ocr_line' id='line_1_76' title="bbox 979 1738 1378 1774; baseline -0.005 -8"><span class='ocrx_word' id='word_1_521' title='bbox 979 1747 1028 1774; x_wconf 85' lang='lat' dir='ltr'><strong>per</strong></span> <span class='ocrx_word' id='word_1_522' title='bbox 1040 1743 1095 1766; x_wconf 74' lang='lat' dir='ltr'><strong>tres</strong></span> <span class='ocrx_word' id='word_1_523' title='bbox 1111 1738 1178 1770; x_wconf 72' lang='lat'><strong>(“(35,</strong></span> <span class='ocrx_word' id='word_1_524' title='bbox 1198 1745 1276 1765; x_wconf 84' lang='lat' dir='ltr'><strong>nemo</strong></span> <span class='ocrx_word' id='word_1_525' title='bbox 1291 1739 1378 1765; x_wconf 80' lang='lat' dir='ltr'><strong>tollat;</strong></span> 
     </span>
    </p>
   </div>
   <div class='ocr_carea' id='block_1_77' title="bbox 1016 1794 1763 1831">
    <p class='ocr_par' dir='ltr' id='par_1_77' title="bbox 1016 1794 1763 1831">
     <span class='ocr_line' id='line_1_77' title="bbox 1016 1794 1763 1831; baseline 0 -11"><span class='ocrx_word' id='word_1_526' title='bbox 1016 1795 1041 1821; x_wconf 83' lang='grc' dir='ltr'><strong>τ.</strong></span> <span class='ocrx_word' id='word_1_527' title='bbox 1060 1794 1096 1827; x_wconf 75' lang='lat'><strong>(6)</strong></span> <span class='ocrx_word' id='word_1_528' title='bbox 1115 1795 1235 1831; x_wconf 75' lang='lat' dir='ltr'><strong>Contigit</strong></span> <span class='ocrx_word' id='word_1_529' title='bbox 1257 1794 1416 1830; x_wconf 84' lang='lat' dir='ltr'><strong>aliquando,</strong></span> <span class='ocrx_word' id='word_1_530' title='bbox 1429 1820 1431 1822; x_wconf 86' lang='lat'><strong>.</strong></span> <span class='ocrx_word' id='word_1_531' title='bbox 1443 1800 1473 1822; x_wconf 88' lang='lat' dir='ltr'><strong>ut</strong></span> <span class='ocrx_word' id='word_1_532' title='bbox 1486 1795 1570 1822; x_wconf 84' lang='lat' dir='ltr'><strong>abbas</strong></span> <span class='ocrx_word' id='word_1_533' title='bbox 1588 1795 1690 1822; x_wconf 89' lang='lat' dir='ltr'><strong>Pambo</strong></span> <span class='ocrx_word' id='word_1_534' title='bbox 1701 1803 1763 1822; x_wconf 82' lang='lat' dir='ltr'><strong>cum</strong></span> 
     </span>
    </p>
   </div>
   <div class='ocr_carea' id='block_1_78' title="bbox 980 1840 1773 1876">
    <p class='ocr_par' dir='ltr' id='par_1_78' title="bbox 980 1840 1773 1876">
     <span class='ocr_line' id='line_1_78' title="bbox 980 1840 1773 1876; baseline 0 -9"><span class='ocrx_word' id='word_1_535' title='bbox 980 1840 1111 1867; x_wconf 76' lang='lat' dir='ltr'><strong>fratribus</strong></span> <span class='ocrx_word' id='word_1_536' title='bbox 1127 1841 1179 1867; x_wconf 87' lang='lat' dir='ltr'><strong>iter</strong></span> <span class='ocrx_word' id='word_1_537' title='bbox 1199 1841 1299 1868; x_wconf 80' lang='lat' dir='ltr'><strong>faceret</strong></span> <span class='ocrx_word' id='word_1_538' title='bbox 1314 1841 1339 1867; x_wconf 88' lang='lat' dir='ltr'><strong>in</strong></span> <span class='ocrx_word' id='word_1_539' title='bbox 1358 1841 1483 1875; x_wconf 86' lang='lat' dir='ltr'><strong>partibus</strong></span> <span class='ocrx_word' id='word_1_540' title='bbox 1499 1840 1625 1876; x_wconf 64' lang='lat' dir='ltr'><strong>Egypti;</strong></span> <span class='ocrx_word' id='word_1_541' title='bbox 1646 1848 1773 1875; x_wconf 80' lang='lat' dir='ltr'><strong>cumque.</strong></span> 
     </span>
    </p>
   </div>
   <div class='ocr_carea' id='block_1_79' title="bbox 979 1886 1765 1920">
    <p class='ocr_par' dir='ltr' id='par_1_79' title="bbox 979 1886 1765 1920">
     <span class='ocr_line' id='line_1_79' title="bbox 979 1886 1765 1920; baseline 0.001 -8"><span class='ocrx_word' id='word_1_542' title='bbox 979 1886 1093 1914; x_wconf 86' lang='lat' dir='ltr'><strong>vidisset</strong></span> <span class='ocrx_word' id='word_1_543' title='bbox 1112 1887 1258 1914; x_wconf 64' lang='lat' dir='ltr'><strong>smculares</strong></span> <span class='ocrx_word' id='word_1_544' title='bbox 1278 1887 1352 1914; x_wconf 74' lang='lat' dir='ltr'><strong>vir0s</strong></span> <span class='ocrx_word' id='word_1_545' title='bbox 1373 1888 1509 1920; x_wconf 83' lang='lat' dir='ltr'><strong>sedentes,</strong></span> <span class='ocrx_word' id='word_1_546' title='bbox 1530 1888 1598 1915; x_wconf 82' lang='lat' dir='ltr'><strong>dixit</strong></span> <span class='ocrx_word' id='word_1_547' title='bbox 1624 1887 1682 1916; x_wconf 88' lang='lat' dir='ltr'><strong>eis:</strong></span> <span class='ocrx_word' id='word_1_548' title='bbox 1697 1886 1765 1914; x_wconf 87' lang='lat' dir='ltr'><strong>Sur-</strong></span> 
     </span>
    </p>
   </div>
   <div class='ocr_carea' id='block_1_80' title="bbox 979 1932 1770 1968">
    <p class='ocr_par' dir='ltr' id='par_1_80' title="bbox 979 1932 1770 1968">
     <span class='ocr_line' id='line_1_80' title="bbox 979 1932 1770 1968; baseline 0.005 -10"><span class='ocrx_word' id='word_1_549' title='bbox 979 1932 1045 1968; x_wconf 79' lang='lat' dir='ltr'><strong>gite,</strong></span> <span class='ocrx_word' id='word_1_550' title='bbox 1058 1933 1208 1960; x_wconf 75' lang='lat' dir='ltr'><strong>monachos</strong></span> <span class='ocrx_word' id='word_1_551' title='bbox 1226 1933 1353 1963; x_wconf 80' lang='lat' dir='ltr'><strong>salutate.</strong></span> <span class='ocrx_word' id='word_1_552' title='bbox 1372 1938 1400 1960; x_wconf 91' lang='lat' dir='ltr'><strong>ut</strong></span> <span class='ocrx_word' id='word_1_553' title='bbox 1419 1933 1616 1961; x_wconf 81' lang='lat' dir='ltr'><strong>benedicamini</strong></span> <span class='ocrx_word' id='word_1_554' title='bbox 1633 1944 1640 1961; x_wconf 87' lang='lat'>:</span> <span class='ocrx_word' id='word_1_555' title='bbox 1655 1934 1770 1962; x_wconf 65' lang='lat' dir='ltr'><strong>assidue</strong></span> 
     </span>
    </p>
   </div>
   <div class='ocr_carea' id='block_1_81' title="bbox 979 1977 1765 2013">
    <p class='ocr_par' dir='ltr' id='par_1_81' title="bbox 979 1977 1765 2013">
     <span class='ocr_line' id='line_1_81' title="bbox 979 1977 1765 2013; baseline 0.003 -10"><span class='ocrx_word' id='word_1_556' title='bbox 979 1977 1052 2004; x_wconf 87' lang='lat' dir='ltr'><strong>enim</strong></span> <span class='ocrx_word' id='word_1_557' title='bbox 1066 1986 1128 2004; x_wconf 87' lang='lat' dir='ltr'><strong>cum</strong></span> <span class='ocrx_word' id='word_1_558' title='bbox 1144 1977 1200 2004; x_wconf 82' lang='lat' dir='ltr'><strong>Deo</strong></span> <span class='ocrx_word' id='word_1_559' title='bbox 1214 1977 1373 2012; x_wconf 82' lang='lat' dir='ltr'><strong>loquuntur,</strong></span> <span class='ocrx_word' id='word_1_560' title='bbox 1388 1982 1469 2013; x_wconf 86' lang='lat' dir='ltr'><strong>atque</strong></span> <span class='ocrx_word' id='word_1_561' title='bbox 1487 1986 1536 2006; x_wconf 85' lang='lat' dir='ltr'><strong>ora</strong></span> <span class='ocrx_word' id='word_1_562' title='bbox 1561 1986 1655 2006; x_wconf 77' lang='lat' dir='ltr'><strong>eorum</strong></span> <span class='ocrx_word' id='word_1_563' title='bbox 1668 1982 1765 2006; x_wconf 83' lang='lat' dir='ltr'><strong>sancta</strong></span> 
     </span>
    </p>
   </div>
   <div class='ocr_carea' id='block_1_82' title="bbox 980 2027 1054 2051">
    <p class='ocr_par' dir='ltr' id='par_1_82' title="bbox 980 2027 1054 2051">
     <span class='ocr_line' id='line_1_82' title="bbox 980 2027 1054 2051; baseline 0 0"><span class='ocrx_word' id='word_1_564' title='bbox 980 2027 1054 2051; x_wconf 86' lang='lat' dir='ltr'><strong>sunt.</strong></span> 
     </span>
    </p>
   </div>
   <div class='ocr_carea' id='block_1_83' title="bbox 1015 2080 1766 2116">
    <p class='ocr_par' dir='ltr' id='par_1_83' title="bbox 1015 2080 1766 2116">
     <span class='ocr_line' id='line_1_83' title="bbox 1015 2080 1766 2116; baseline 0.003 -9"><span class='ocrx_word' id='word_1_565' title='bbox 1015 2081 1040 2107; x_wconf 89' lang='lat'><strong>8.</strong></span> <span class='ocrx_word' id='word_1_566' title='bbox 1065 2081 1102 2114; x_wconf 77' lang='lat'><strong>(7)</strong></span> <span class='ocrx_word' id='word_1_567' title='bbox 1131 2080 1314 2108; x_wconf 77' lang='lat' dir='ltr'><strong>Narra-verum</strong></span> <span class='ocrx_word' id='word_1_568' title='bbox 1327 2081 1360 2107; x_wconf 88' lang='lat' dir='ltr'><strong>de</strong></span> <span class='ocrx_word' id='word_1_569' title='bbox 1374 2081 1471 2108; x_wconf 82' lang='lat' dir='ltr'><strong>abbate</strong></span> <span class='ocrx_word' id='word_1_570' title='bbox 1488 2081 1600 2108; x_wconf 79' lang='lat' dir='ltr'><strong>Pambo.</strong></span> <span class='ocrx_word' id='word_1_571' title='bbox 1616 2082 1689 2116; x_wconf 81' lang='lat' dir='ltr'><strong>quod</strong></span> <span class='ocrx_word' id='word_1_572' title='bbox 1706 2089 1766 2109; x_wconf 93' lang='lat' dir='ltr'><strong>mo-</strong></span> 
     </span>
    </p>
   </div>
   <div class='ocr_carea' id='block_1_84' title="bbox 979 2127 1766 2161">
    <p class='ocr_par' dir='ltr' id='par_1_84' title="bbox 979 2127 1766 2161">
     <span class='ocr_line' id='line_1_84' title="bbox 979 2127 1766 2161; baseline 0.001 -7"><span class='ocrx_word' id='word_1_573' title='bbox 979 2127 1064 2158; x_wconf 84' lang='lat' dir='ltr'><strong>riens.</strong></span> <span class='ocrx_word' id='word_1_574' title='bbox 1083 2127 1141 2161; x_wconf 85' lang='lat' dir='ltr'><strong>ipsa</strong></span> <span class='ocrx_word' id='word_1_575' title='bbox 1153 2129 1249 2155; x_wconf 91' lang='lat' dir='ltr'><strong>mortis</strong></span> <span class='ocrx_word' id='word_1_576' title='bbox 1265 2127 1331 2154; x_wconf 81' lang='lat' dir='ltr'><strong>hora</strong></span> <span class='ocrx_word' id='word_1_577' title='bbox 1352 2127 1451 2154; x_wconf 81' lang='lat' dir='ltr'><strong>dixerit</strong></span> <span class='ocrx_word' id='word_1_578' title='bbox 1472 2128 1645 2154; x_wconf 84' lang='lat' dir='ltr'><strong>adstantibus</strong></span> <span class='ocrx_word' id='word_1_579' title='bbox 1662 2129 1766 2156; x_wconf 78' lang='lat' dir='ltr'><strong>sanctis</strong></span> 
     </span>
    </p>
   </div>
   <div class='ocr_carea' id='block_1_85' title="bbox 980 2172 1766 2206">
    <p class='ocr_par' dir='ltr' id='par_1_85' title="bbox 980 2172 1766 2206">
     <span class='ocr_line' id='line_1_85' title="bbox 980 2172 1766 2206; baseline 0.001 -8"><span class='ocrx_word' id='word_1_580' title='bbox 980 2172 1063 2199; x_wconf 84' lang='lat' dir='ltr'><strong>viris:</strong></span> <span class='ocrx_word' id='word_1_581' title='bbox 1079 2172 1117 2198; x_wconf 82' lang='lat' dir='ltr'><strong>Ex</strong></span> <span class='ocrx_word' id='word_1_582' title='bbox 1130 2179 1185 2206; x_wconf 88' lang='lat' dir='ltr'><strong>quo</strong></span> <span class='ocrx_word' id='word_1_583' title='bbox 1200 2176 1322 2206; x_wconf 88' lang='lat' dir='ltr'><strong>tempore</strong></span> <span class='ocrx_word' id='word_1_584' title='bbox 1342 2172 1446 2199; x_wconf 75' lang='lat' dir='ltr'><strong>veniin</strong></span> <span class='ocrx_word' id='word_1_585' title='bbox 1462 2172 1534 2199; x_wconf 87' lang='lat' dir='ltr'><strong>hunc</strong></span> <span class='ocrx_word' id='word_1_586' title='bbox 1554 2172 1711 2200; x_wconf 88' lang='lat' dir='ltr'><strong>solitudinis</strong></span> <span class='ocrx_word' id='word_1_587' title='bbox 1727 2173 1766 2200; x_wconf 91' lang='lat' dir='ltr'><strong>lo-</strong></span> 
     </span>
    </p>
   </div>
   <div class='ocr_carea' id='block_1_86' title="bbox 144 2213 927 2257">
    <p class='ocr_par' dir='ltr' id='par_1_86' title="bbox 144 2213 927 2257">
     <span class='ocr_line' id='line_1_86' title="bbox 144 2213 927 2257; baseline -0.003 -16"><span class='ocrx_word' id='word_1_588' title='bbox 144 2215 187 2246; x_wconf 70' lang='grc' dir='ltr'><strong>εις</strong></span> <span class='ocrx_word' id='word_1_589' title='bbox 203 2214 247 2240; x_wconf 76' lang='grc' dir='ltr'>τὸν</span> <span class='ocrx_word' id='word_1_590' title='bbox 256 2214 338 2240; x_wconf 81' lang='grc' dir='ltr'>τόπον</span> <span class='ocrx_word' id='word_1_591' title='bbox 348 2213 442 2240; x_wconf 83' lang='grc' dir='ltr'>τοῦτον</span> <span class='ocrx_word' id='word_1_592' title='bbox 453 2213 501 2248; x_wconf 76' lang='grc' dir='ltr'><strong>τῆς</strong></span> <span class='ocrx_word' id='word_1_593' title='bbox 566 2222 626 2249; x_wconf 85' lang='grc' dir='ltr'>μου,</span> <span class='ocrx_word' id='word_1_594' title='bbox 641 2214 686 2239; x_wconf 75' lang='grc' dir='ltr'>καὶ</span> <span class='ocrx_word' id='word_1_595' title='bbox 702 2213 864 2249; x_wconf 80' lang='grc' dir='ltr'><strong>ᾠκοδόμησά</strong></span> <span class='ocrx_word' id='word_1_596' title='bbox 880 2223 927 2248; x_wconf 74' lang='grc' dir='ltr'><strong>μου</strong></span> 
     </span>
    </p>
   </div>
   <div class='ocr_carea' id='block_1_87' title="bbox 984 2213 1764 2257">
    <p class='ocr_par' dir='ltr' id='par_1_87' title="bbox 984 2217 1764 2253">
     <span class='ocr_line' id='line_1_87' title="bbox 984 2217 1764 2253; baseline 0.001 -8"><span class='ocrx_word' id='word_1_597' title='bbox 984 2226 1057 2249; x_wconf 86' lang='lat' dir='ltr'><strong>cum,</strong></span> <span class='ocrx_word' id='word_1_598' title='bbox 1073 2226 1216 2253; x_wconf 81' lang='lat' dir='ltr'><strong>meamque</strong></span> <span class='ocrx_word' id='word_1_599' title='bbox 1228 2218 1325 2245; x_wconf 86' lang='lat' dir='ltr'><strong>cellam</strong></span> <span class='ocrx_word' id='word_1_600' title='bbox 1346 2218 1480 2249; x_wconf 78' lang='lat' dir='ltr'><strong>exstruxi,</strong></span> <span class='ocrx_word' id='word_1_601' title='bbox 1496 2225 1528 2244; x_wconf 89' lang='lat' dir='ltr'><strong>ac</strong></span> <span class='ocrx_word' id='word_1_602' title='bbox 1544 2217 1662 2244; x_wconf 80' lang='lat' dir='ltr'><strong>habitavi</strong></span> <span class='ocrx_word' id='word_1_603' title='bbox 1679 2218 1706 2245; x_wconf 92' lang='lat' dir='ltr'><strong>in</strong></span> <span class='ocrx_word' id='word_1_604' title='bbox 1721 2225 1764 2251; x_wconf 83' lang='lat' dir='ltr'><strong>ea,</strong></span> 
     </span>
    </p>
   </div>
   <div class='ocr_carea' id='block_1_88' title="bbox 143 2259 929 2297">
    <p class='ocr_par' dir='ltr' id='par_1_88' title="bbox 143 2259 929 2297">
     <span class='ocr_line' id='line_1_88' title="bbox 143 2259 929 2297; baseline -0.001 -10"><span class='ocrx_word' id='word_1_605' title='bbox 143 2261 195 2297; x_wconf 80' lang='grc' dir='ltr'><strong>τὴν</strong></span> <span class='ocrx_word' id='word_1_606' title='bbox 209 2260 315 2291; x_wconf 70' lang='grc' dir='ltr'>πέλλαν,</span> <span class='ocrx_word' id='word_1_607' title='bbox 333 2260 379 2287; x_wconf 79' lang='grc' dir='ltr'><strong>καὶ</strong></span> <span class='ocrx_word' id='word_1_608' title='bbox 401 2260 498 2294; x_wconf 82' lang='grc' dir='ltr'>οἴκησα</span> <span class='ocrx_word' id='word_1_609' title='bbox 520 2260 649 2295; x_wconf 70' lang='grc' dir='ltr'>ὲν,αὺτῇ,</span> <span class='ocrx_word' id='word_1_610' title='bbox 668 2260 746 2291; x_wconf 73' lang='grc' dir='ltr'><strong>ἐκτὸς</strong></span> <span class='ocrx_word' id='word_1_611' title='bbox 761 2259 815 2286; x_wconf 81' lang='grc' dir='ltr'><strong>τῶν</strong></span> <span class='ocrx_word' id='word_1_612' title='bbox 831 2259 929 2295; x_wconf 83' lang='grc' dir='ltr'>χειρῶν</span> 
     </span>
    </p>
   </div>
   <div class='ocr_carea' id='block_1_89' title="bbox 146 2306 929 2342">
    <p class='ocr_par' dir='ltr' id='par_1_89' title="bbox 146 2306 929 2342">
     <span class='ocr_line' id='line_1_89' title="bbox 146 2306 929 2342; baseline -0.001 -9"><span class='ocrx_word' id='word_1_613' title='bbox 146 2316 198 2342; x_wconf 82' lang='grc' dir='ltr'><strong>μου</strong></span> <span class='ocrx_word' id='word_1_614' title='bbox 217 2307 246 2333; x_wconf 76' lang='grc' dir='ltr'><strong>οὐ</strong></span> <span class='ocrx_word' id='word_1_615' title='bbox 270 2306 411 2341; x_wconf 80' lang='grc' dir='ltr'><strong>μέμνημαι</strong></span> <span class='ocrx_word' id='word_1_616' title='bbox 432 2307 513 2340; x_wconf 77' lang='grc' dir='ltr'>ἄρτον</span> <span class='ocrx_word' id='word_1_617' title='bbox 533 2306 638 2340; x_wconf 80' lang='grc' dir='ltr'>φαγὼν,</span> <span class='ocrx_word' id='word_1_618' title='bbox 658 2306 726 2332; x_wconf 54' lang='grc' dir='ltr'>οὐδὲ</span> <span class='ocrx_word' id='word_1_619' title='bbox 739 2306 929 2341; x_wconf 83' lang='grc' dir='ltr'><strong>μεταμεμέλη-</strong></span> 
     </span>
    </p>
   </div>
   <div class='ocr_carea' id='block_1_90' title="bbox 146 2349 931 2389">
    <p class='ocr_par' dir='ltr' id='par_1_90' title="bbox 146 2349 931 2389">
     <span class='ocr_line' id='line_1_90' title="bbox 146 2349 931 2389; baseline -0.001 -10"><span class='ocrx_word' id='word_1_620' title='bbox 146 2362 196 2389; x_wconf 78' lang='grc' dir='ltr'>μαι</span> <span class='ocrx_word' id='word_1_621' title='bbox 215 2353 261 2379; x_wconf 80' lang='grc' dir='ltr'>ἐπὶ</span> <span class='ocrx_word' id='word_1_622' title='bbox 280 2353 351 2387; x_wconf 82' lang='grc' dir='ltr'>λόγῳ</span> <span class='ocrx_word' id='word_1_623' title='bbox 369 2349 391 2386; x_wconf 83' lang='grc' dir='ltr'><strong>ᾧ</strong></span> <span class='ocrx_word' id='word_1_624' title='bbox 408 2352 535 2386; x_wconf 77' lang='grc' dir='ltr'><strong>ἐλάλησα,</strong></span> <span class='ocrx_word' id='word_1_625' title='bbox 555 2352 608 2383; x_wconf 68' lang='grc' dir='ltr'><strong>ἕως</strong></span> <span class='ocrx_word' id='word_1_626' title='bbox 626 2353 675 2387; x_wconf 83' lang='grc' dir='ltr'><strong>τῆς</strong></span> <span class='ocrx_word' id='word_1_627' title='bbox 695 2352 756 2389; x_wconf 78' lang='grc' dir='ltr'>ἄρτι</span> <span class='ocrx_word' id='word_1_628' title='bbox 775 2352 858 2387; x_wconf 84' lang='grc' dir='ltr'>ὧρας.</span> <span class='ocrx_word' id='word_1_629' title='bbox 876 2354 931 2380; x_wconf 81' lang='grc' dir='ltr'><strong>Καὶ</strong></span> 
     </span>
    </p>
   </div>
   <div class='ocr_carea' id='block_1_91' title="bbox 143 2398 930 2435">
    <p class='ocr_par' dir='ltr' id='par_1_91' title="bbox 143 2398 930 2435">
     <span class='ocr_line' id='line_1_91' title="bbox 143 2398 930 2435; baseline 0 -10"><span class='ocrx_word' id='word_1_630' title='bbox 143 2399 231 2431; x_wconf 82' lang='grc' dir='ltr'>οὕτως</span> <span class='ocrx_word' id='word_1_631' title='bbox 247 2399 402 2434; x_wconf 80' lang='grc' dir='ltr'>ἀπέρχομαι</span> <span class='ocrx_word' id='word_1_632' title='bbox 418 2398 486 2434; x_wconf 72' lang='grc' dir='ltr'>πρὸς</span> <span class='ocrx_word' id='word_1_633' title='bbox 501 2399 546 2424; x_wconf 76' lang='grc' dir='ltr'>τὸν</span> <span class='ocrx_word' id='word_1_634' title='bbox 560 2399 636 2431; x_wconf 80' lang='grc' dir='ltr'>Θεὸν,</span> <span class='ocrx_word' id='word_1_635' title='bbox 650 2399 687 2430; x_wconf 83' lang='grc' dir='ltr'><strong>ὡς</strong></span> <span class='ocrx_word' id='word_1_636' title='bbox 699 2399 766 2434; x_wconf 82' lang='grc' dir='ltr'><strong>μηδὲ</strong></span> <span class='ocrx_word' id='word_1_637' title='bbox 779 2399 930 2435; x_wconf 78' lang='grc' dir='ltr'>ἀρξάμενος</span> 
     </span>
    </p>
   </div>
   <div class='ocr_carea' id='block_1_92' title="bbox 144 2444 360 2480">
    <p class='ocr_par' dir='ltr' id='par_1_92' title="bbox 144 2444 360 2480">
     <span class='ocr_line' id='line_1_92' title="bbox 144 2444 360 2480; baseline 0.005 -9"><span class='ocrx_word' id='word_1_638' title='bbox 144 2444 204 2480; x_wconf 84' lang='grc' dir='ltr'><strong>Θεῷ</strong></span> <span class='ocrx_word' id='word_1_639' title='bbox 218 2445 360 2472; x_wconf 79' lang='grc' dir='ltr'>δουλεύειν.</span> 
     </span>
    </p>
   </div>
   <div class='ocr_carea' id='block_1_93' title="bbox 181 2489 932 2526">
    <p class='ocr_par' dir='ltr' id='par_1_93' title="bbox 181 2489 932 2526">
     <span class='ocr_line' id='line_1_93' title="bbox 181 2489 932 2526; baseline 0.001 -10"><span class='ocrx_word' id='word_1_640' title='bbox 181 2490 214 2518; x_wconf 84' lang='grc' dir='ltr'><strong>θ’,</strong></span> <span class='ocrx_word' id='word_1_641' title='bbox 231 2490 315 2517; x_wconf 84' lang='grc' dir='ltr'>Τοῦτο</span> <span class='ocrx_word' id='word_1_642' title='bbox 332 2491 360 2517; x_wconf 82' lang='grc' dir='ltr'><strong>δὲ</strong></span> <span class='ocrx_word' id='word_1_643' title='bbox 380 2489 451 2525; x_wconf 83' lang='grc' dir='ltr'>εἶχεν</span> <span class='ocrx_word' id='word_1_644' title='bbox 471 2491 540 2525; x_wconf 82' lang='grc' dir='ltr'>ὑπὲρ</span> <span class='ocrx_word' id='word_1_645' title='bbox 562 2490 685 2522; x_wconf 80' lang='grc' dir='ltr'>πολλοὺς,</span> <span class='ocrx_word' id='word_1_646' title='bbox 706 2491 747 2517; x_wconf 79' lang='grc' dir='ltr'><strong>ὅτι</strong></span> <span class='ocrx_word' id='word_1_647' title='bbox 761 2491 785 2516; x_wconf 75' lang='grc' dir='ltr'>εἰ</span> <span class='ocrx_word' id='word_1_648' title='bbox 802 2491 932 2526; x_wconf 72' lang='grc' dir='ltr'>ἠρωτήθη</span> 
     </span>
    </p>
   </div>
   <div class='ocr_carea' id='block_1_94' title="bbox 143 2536 930 2573">
    <p class='ocr_par' dir='ltr' id='par_1_94' title="bbox 143 2536 930 2573">
     <span class='ocr_line' id='line_1_94' title="bbox 143 2536 930 2573; baseline 0.001 -11"><span class='ocrx_word' id='word_1_649' title='bbox 143 2537 223 2571; x_wconf 77' lang='grc' dir='ltr'>λόγον</span> <span class='ocrx_word' id='word_1_650' title='bbox 231 2537 363 2571; x_wconf 78' lang='grc' dir='ltr'>γραφικὸν</span> <span class='ocrx_word' id='word_1_651' title='bbox 374 2536 390 2571; x_wconf 83' lang='grc' dir='ltr'>ἢ</span> <span class='ocrx_word' id='word_1_652' title='bbox 403 2537 594 2571; x_wconf 69' lang='grc' dir='ltr'>πνευματικὸν.</span> <span class='ocrx_word' id='word_1_653' title='bbox 606 2538 655 2563; x_wconf 77' lang='grc' dir='ltr'><strong>οὐκ</strong></span> <span class='ocrx_word' id='word_1_654' title='bbox 665 2536 832 2573; x_wconf 79' lang='grc' dir='ltr'>ἁπεκρίνατο</span> <span class='ocrx_word' id='word_1_655' title='bbox 839 2537 930 2569; x_wconf 81' lang='grc' dir='ltr'>εὐθὺς,</span> 
     </span>
    </p>
   </div>
   <div class='ocr_carea' id='block_1_95' title="bbox 983 2262 1766 2298">
    <p class='ocr_par' dir='ltr' id='par_1_95' title="bbox 983 2262 1766 2298">
     <span class='ocr_line' id='line_1_95' title="bbox 983 2262 1766 2298; baseline -0.001 -8"><span class='ocrx_word' id='word_1_656' title='bbox 983 2272 1037 2291; x_wconf 91' lang='lat' dir='ltr'><strong>non</strong></span> <span class='ocrx_word' id='word_1_657' title='bbox 1048 2264 1214 2291; x_wconf 86' lang='lat' dir='ltr'><strong>meminime</strong></span> <span class='ocrx_word' id='word_1_658' title='bbox 1239 2263 1382 2290; x_wconf 80' lang='lat' dir='ltr'><strong>omnedere</strong></span> <span class='ocrx_word' id='word_1_659' title='bbox 1405 2270 1500 2298; x_wconf 87' lang='lat' dir='ltr'><strong>panem</strong></span> <span class='ocrx_word' id='word_1_660' title='bbox 1522 2262 1575 2289; x_wconf 81' lang='lat' dir='ltr'><strong>nisi</strong></span> <span class='ocrx_word' id='word_1_661' title='bbox 1594 2262 1687 2290; x_wconf 84' lang='lat' dir='ltr'><strong>labore</strong></span> <span class='ocrx_word' id='word_1_662' title='bbox 1709 2270 1766 2289; x_wconf 81' lang='lat' dir='ltr'><strong>ma-</strong></span> 
     </span>
    </p>
   </div>
   <div class='ocr_carea' id='block_1_96' title="bbox 982 2308 1766 2343">
    <p class='ocr_par' dir='ltr' id='par_1_96' title="bbox 982 2308 1766 2343">
     <span class='ocr_line' id='line_1_96' title="bbox 982 2308 1766 2343; baseline -0.003 -6"><span class='ocrx_word' id='word_1_663' title='bbox 982 2318 1066 2337; x_wconf 90' lang='lat' dir='ltr'><strong>nuum</strong></span> <span class='ocrx_word' id='word_1_664' title='bbox 1082 2317 1202 2336; x_wconf 85' lang='lat' dir='ltr'><strong>mearum</strong></span> <span class='ocrx_word' id='word_1_665' title='bbox 1216 2313 1341 2343; x_wconf 89' lang='lat' dir='ltr'><strong>partum;</strong></span> <span class='ocrx_word' id='word_1_666' title='bbox 1359 2316 1409 2335; x_wconf 84' lang='lat' dir='ltr'><strong>nec</strong></span> <span class='ocrx_word' id='word_1_667' title='bbox 1428 2315 1471 2335; x_wconf 92' lang='lat' dir='ltr'><strong>me</strong></span> <span class='ocrx_word' id='word_1_668' title='bbox 1487 2308 1613 2342; x_wconf 77' lang='lat' dir='ltr'><strong>pcnnituit</strong></span> <span class='ocrx_word' id='word_1_669' title='bbox 1631 2308 1766 2336; x_wconf 82' lang='lat' dir='ltr'><strong>sermonis</strong></span> 
     </span>
    </p>
   </div>
   <div class='ocr_carea' id='block_1_97' title="bbox 981 2353 1766 2390">
    <p class='ocr_par' dir='ltr' id='par_1_97' title="bbox 981 2353 1766 2390">
     <span class='ocr_line' id='line_1_97' title="bbox 981 2353 1766 2390; baseline -0.003 -8"><span class='ocrx_word' id='word_1_670' title='bbox 981 2363 1061 2390; x_wconf 89' lang='lat' dir='ltr'><strong>quem</strong></span> <span class='ocrx_word' id='word_1_671' title='bbox 1075 2355 1183 2382; x_wconf 85' lang='lat' dir='ltr'><strong>locutus</strong></span> <span class='ocrx_word' id='word_1_672' title='bbox 1199 2355 1306 2385; x_wconf 79' lang='lat' dir='ltr'><strong>fuerim,</strong></span> <span class='ocrx_word' id='word_1_673' title='bbox 1329 2362 1416 2388; x_wconf 87' lang='lat' dir='ltr'><strong>usque</strong></span> <span class='ocrx_word' id='word_1_674' title='bbox 1437 2354 1464 2380; x_wconf 90' lang='lat' dir='ltr'><strong>in</strong></span> <span class='ocrx_word' id='word_1_675' title='bbox 1491 2354 1560 2380; x_wconf 88' lang='lat' dir='ltr'><strong>hanc</strong></span> <span class='ocrx_word' id='word_1_676' title='bbox 1587 2354 1690 2381; x_wconf 87' lang='lat' dir='ltr'><strong>horam.</strong></span> <span class='ocrx_word' id='word_1_677' title='bbox 1720 2353 1766 2381; x_wconf 86' lang='lat' dir='ltr'><strong>Sic</strong></span> 
     </span>
    </p>
   </div>
   <div class='ocr_carea' id='block_1_98' title="bbox 982 2399 1766 2435">
    <p class='ocr_par' dir='ltr' id='par_1_98' title="bbox 982 2399 1766 2435">
     <span class='ocr_line' id='line_1_98' title="bbox 982 2399 1766 2435; baseline -0.001 -9"><span class='ocrx_word' id='word_1_678' title='bbox 982 2405 1072 2428; x_wconf 85' lang='lat' dir='ltr'><strong>tamen</strong></span> <span class='ocrx_word' id='word_1_679' title='bbox 1090 2400 1247 2435; x_wconf 80' lang='lat' dir='ltr'><strong>proﬁciscor</strong></span> <span class='ocrx_word' id='word_1_680' title='bbox 1266 2399 1300 2426; x_wconf 86' lang='lat' dir='ltr'><strong>ad</strong></span> <span class='ocrx_word' id='word_1_681' title='bbox 1313 2399 1395 2426; x_wconf 89' lang='lat' dir='ltr'><strong>Deum</strong></span> <span class='ocrx_word' id='word_1_682' title='bbox 1408 2418 1415 2430; x_wconf 82' lang='lat'><strong>,</strong></span> <span class='ocrx_word' id='word_1_683' title='bbox 1442 2399 1578 2433; x_wconf 88' lang='lat' dir='ltr'><strong>quomodo</strong></span> <span class='ocrx_word' id='word_1_684' title='bbox 1592 2399 1638 2433; x_wconf 90' lang='lat' dir='ltr'><strong>qui</strong></span> <span class='ocrx_word' id='word_1_685' title='bbox 1653 2406 1703 2426; x_wconf 88' lang='lat' dir='ltr'><strong>nec</strong></span> <span class='ocrx_word' id='word_1_686' title='bbox 1715 2399 1766 2426; x_wconf 88' lang='lat' dir='ltr'><strong>ini-</strong></span> 
     </span>
    </p>
   </div>
   <div class='ocr_carea' id='block_1_99' title="bbox 981 2445 1396 2473">
    <p class='ocr_par' dir='ltr' id='par_1_99' title="bbox 981 2445 1396 2473">
     <span class='ocr_line' id='line_1_99' title="bbox 981 2445 1396 2473; baseline -0.005 -1"><span class='ocrx_word' id='word_1_687' title='bbox 981 2447 1049 2473; x_wconf 87' lang='lat' dir='ltr'><strong>tium</strong></span> <span class='ocrx_word' id='word_1_688' title='bbox 1066 2445 1174 2473; x_wconf 79' lang='lat' dir='ltr'><strong>fecerim</strong></span> <span class='ocrx_word' id='word_1_689' title='bbox 1186 2445 1241 2472; x_wconf 90' lang='lat' dir='ltr'><strong>Deo</strong></span> <span class='ocrx_word' id='word_1_690' title='bbox 1250 2445 1396 2472; x_wconf 84' lang='lat' dir='ltr'><strong>serviendi.</strong></span> 
     </span>
    </p>
   </div>
   <div class='ocr_carea' id='block_1_100' title="bbox 1019 2488 1765 2526">
    <p class='ocr_par' dir='ltr' id='par_1_100' title="bbox 1019 2488 1765 2526">
     <span class='ocr_line' id='line_1_100' title="bbox 1019 2488 1765 2526; baseline -0.004 -7"><span class='ocrx_word' id='word_1_691' title='bbox 1019 2491 1046 2519; x_wconf 83' lang='lat'><strong>9.</strong></span> <span class='ocrx_word' id='word_1_692' title='bbox 1071 2491 1109 2526; x_wconf 86' lang='lat'><strong>(8)</strong></span> <span class='ocrx_word' id='word_1_693' title='bbox 1127 2490 1184 2518; x_wconf 87' lang='lat' dir='ltr'><strong>Hoc</strong></span> <span class='ocrx_word' id='word_1_694' title='bbox 1198 2495 1288 2518; x_wconf 89' lang='lat' dir='ltr'><strong>autem</strong></span> <span class='ocrx_word' id='word_1_695' title='bbox 1309 2491 1402 2517; x_wconf 87' lang='lat' dir='ltr'><strong>habuit</strong></span> <span class='ocrx_word' id='word_1_696' title='bbox 1419 2497 1500 2525; x_wconf 88' lang='lat' dir='ltr'><strong>supra</strong></span> <span class='ocrx_word' id='word_1_697' title='bbox 1525 2488 1639 2520; x_wconf 85' lang='lat' dir='ltr'><strong>multos,</strong></span> <span class='ocrx_word' id='word_1_698' title='bbox 1655 2489 1726 2524; x_wconf 88' lang='lat' dir='ltr'><strong>quod</strong></span> <span class='ocrx_word' id='word_1_699' title='bbox 1742 2488 1765 2516; x_wconf 89' lang='lat' dir='ltr'><strong>si</strong></span> 
     </span>
    </p>
   </div>
   <div class='ocr_carea' id='block_1_101' title="bbox 983 2535 1767 2571">
    <p class='ocr_par' dir='ltr' id='par_1_101' title="bbox 983 2535 1767 2571">
     <span class='ocr_line' id='line_1_101' title="bbox 983 2535 1767 2571; baseline -0.003 -7"><span class='ocrx_word' id='word_1_700' title='bbox 983 2538 1169 2571; x_wconf 74' lang='lat' dir='ltr'><strong>interrogatus</strong></span> <span class='ocrx_word' id='word_1_701' title='bbox 1195 2537 1293 2564; x_wconf 82' lang='lat' dir='ltr'><strong>fuisset</strong></span> <span class='ocrx_word' id='word_1_702' title='bbox 1319 2544 1471 2564; x_wconf 87' lang='lat' dir='ltr'><strong>sermonem</strong></span> <span class='ocrx_word' id='word_1_703' title='bbox 1500 2543 1532 2562; x_wconf 79' lang='lat' dir='ltr'><strong>ex</strong></span> <span class='ocrx_word' id='word_1_704' title='bbox 1557 2535 1698 2570; x_wconf 81' lang='lat' dir='ltr'><strong>Scriptura</strong></span> <span class='ocrx_word' id='word_1_705' title='bbox 1724 2536 1767 2563; x_wconf 85' lang='lat' dir='ltr'><strong>vel</strong></span> 
     </span>
    </p>
   </div>
   <div class='ocr_carea' id='block_1_102' title="bbox 182 2615 1346 2652">
    <p class='ocr_par' dir='ltr' id='par_1_102' title="bbox 182 2615 1346 2652">
     <span class='ocr_line' id='line_1_102' title="bbox 182 2615 1346 2652; baseline -0.001 -9"><span class='ocrx_word' id='word_1_706' title='bbox 182 2616 204 2632; x_wconf 85' lang='lat'><strong>&quot;</strong></span> <span class='ocrx_word' id='word_1_707' title='bbox 217 2616 258 2643; x_wconf 79' lang='lat' dir='ltr'><strong>Al.</strong></span> <span class='ocrx_word' id='word_1_708' title='bbox 274 2617 394 2652; x_wconf 76' lang='grc' dir='ltr'>κεράτια.</span> <span class='ocrx_word' id='word_1_709' title='bbox 430 2617 453 2632; x_wconf 87' lang='grc'><strong><em>³³</em></strong></span> <span class='ocrx_word' id='word_1_710' title='bbox 469 2617 509 2643; x_wconf 81' lang='grc' dir='ltr'><strong>ΑΙ.</strong></span> <span class='ocrx_word' id='word_1_711' title='bbox 526 2617 572 2642; x_wconf 84' lang='grc' dir='ltr'>τοῦ</span> <span class='ocrx_word' id='word_1_712' title='bbox 587 2615 678 2652; x_wconf 76' lang='grc' dir='ltr'>ἐτέρου</span> <span class='ocrx_word' id='word_1_713' title='bbox 704 2616 850 2646; x_wconf 85' lang='grc' dir='ltr'>πολιτείαν,</span> <span class='ocrx_word' id='word_1_714' title='bbox 867 2617 904 2652; x_wconf 75' lang='grc' dir='ltr'><strong>μὴ</strong></span> <span class='ocrx_word' id='word_1_715' title='bbox 924 2617 1054 2652; x_wconf 75' lang='grc' dir='ltr'>παρόντος</span> <span class='ocrx_word' id='word_1_716' title='bbox 1082 2616 1174 2643; x_wconf 68' lang='grc' dir='ltr'><strong>αὐτοῦ.</strong></span> <span class='ocrx_word' id='word_1_717' title='bbox 1212 2618 1234 2632; x_wconf 66' lang='grc'><strong>³⁸</strong></span> <span class='ocrx_word' id='word_1_718' title='bbox 1251 2617 1292 2643; x_wconf 73' lang='lat' dir='ltr'><strong>AI.</strong></span> 
     </span>
    </p>
   </div>
   <div class='ocr_carea' id='block_1_103' title="bbox 181 2693 931 2728">
    <p class='ocr_par' dir='ltr' id='par_1_103' title="bbox 181 2693 931 2728">
     <span class='ocr_line' id='line_1_103' title="bbox 181 2693 931 2728; baseline 0.004 -9"><span class='ocrx_word' id='word_1_719' title='bbox 181 2693 219 2728; x_wconf 78' lang='lat'><strong>(2)</strong></span> <span class='ocrx_word' id='word_1_720' title='bbox 242 2695 296 2720; x_wconf 81' lang='grc' dir='ltr'><strong>Τὸν</strong></span> <span class='ocrx_word' id='word_1_721' title='bbox 306 2693 400 2720; x_wconf 73' lang='grc' dir='ltr'>ἀϐϐιῖν</span> <span class='ocrx_word' id='word_1_722' title='bbox 413 2694 526 2728; x_wconf 78' lang='grc' dir='ltr'><strong>Παμὸώ.</strong></span> <span class='ocrx_word' id='word_1_723' title='bbox 539 2693 633 2720; x_wconf 90' lang='lat' dir='ltr'><strong>Simile</strong></span> <span class='ocrx_word' id='word_1_724' title='bbox 643 2694 722 2721; x_wconf 78' lang='lat' dir='ltr'><strong>habet</strong></span> <span class='ocrx_word' id='word_1_725' title='bbox 734 2693 852 2722; x_wconf 81' lang='lat' dir='ltr'><strong>Joannes</strong></span> <span class='ocrx_word' id='word_1_726' title='bbox 861 2694 931 2722; x_wconf 86' lang='lat' dir='ltr'><strong>Geo-</strong></span> 
     </span>
    </p>
   </div>
   <div class='ocr_carea' id='block_1_104' title="bbox 143 2728 930 2763">
    <p class='ocr_par' dir='ltr' id='par_1_104' title="bbox 143 2728 930 2763">
     <span class='ocr_line' id='line_1_104' title="bbox 143 2728 930 2763; baseline 0 -7"><span class='ocrx_word' id='word_1_727' title='bbox 143 2733 231 2756; x_wconf 84' lang='lat' dir='ltr'><strong>metra</strong></span> <span class='ocrx_word' id='word_1_728' title='bbox 251 2729 285 2755; x_wconf 85' lang='lat' dir='ltr'><strong>de</strong></span> <span class='ocrx_word' id='word_1_729' title='bbox 306 2728 461 2758; x_wconf 79' lang='lat' dir='ltr'><strong>Carinone;</strong></span> <span class='ocrx_word' id='word_1_730' title='bbox 480 2733 527 2755; x_wconf 84' lang='lat' dir='ltr'><strong>aut</strong></span> <span class='ocrx_word' id='word_1_731' title='bbox 549 2733 577 2755; x_wconf 88' lang='lat' dir='ltr'><strong>ut</strong></span> <span class='ocrx_word' id='word_1_732' title='bbox 605 2730 718 2763; x_wconf 70' lang='lat' dir='ltr'><strong>corrigit</strong></span> <span class='ocrx_word' id='word_1_733' title='bbox 738 2729 871 2757; x_wconf 85' lang='lat' dir='ltr'><strong>Meursius</strong></span> <span class='ocrx_word' id='word_1_734' title='bbox 896 2730 930 2756; x_wconf 81' lang='lat' dir='ltr'><strong>ad</strong></span> 
     </span>
    </p>
   </div>
   <div class='ocr_carea' id='block_1_105' title="bbox 143 2763 930 2799">
    <p class='ocr_par' dir='ltr' id='par_1_105' title="bbox 143 2763 930 2799">
     <span class='ocr_line' id='line_1_105' title="bbox 143 2763 930 2799; baseline 0.004 -10"><span class='ocrx_word' id='word_1_735' title='bbox 143 2763 478 2799; x_wconf 55' lang='lat' dir='ltr'><strong>Palladiumyronione;</strong></span> <span class='ocrx_word' id='word_1_736' title='bbox 500 2771 550 2791; x_wconf 86' lang='lat' dir='ltr'><strong>seu</strong></span> <span class='ocrx_word' id='word_1_737' title='bbox 565 2763 637 2799; x_wconf 88' lang='lat' dir='ltr'><strong>quod</strong></span> <span class='ocrx_word' id='word_1_738' title='bbox 660 2767 766 2793; x_wconf 82' lang='lat' dir='ltr'><strong>minore</strong></span> <span class='ocrx_word' id='word_1_739' title='bbox 780 2765 930 2792; x_wconf 89' lang='lat' dir='ltr'><strong>mutatione</strong></span> 
     </span>
    </p>
   </div>
   <div class='ocr_carea' id='block_1_106' title="bbox 143 2798 434 2829">
    <p class='ocr_par' dir='ltr' id='par_1_106' title="bbox 143 2798 434 2829">
     <span class='ocr_line' id='line_1_106' title="bbox 143 2798 434 2829; baseline -0.003 -3"><span class='ocrx_word' id='word_1_740' title='bbox 143 2802 296 2829; x_wconf 61' lang='lat' dir='ltr'><strong>constaret,</strong></span> <span class='ocrx_word' id='word_1_741' title='bbox 308 2798 434 2826; x_wconf 82' lang='lat' dir='ltr'><strong>Carione.</strong></span> 
     </span>
    </p>
   </div>
   <div class='ocr_carea' id='block_1_107' title="bbox 180 2832 501 2867">
    <p class='ocr_par' dir='ltr' id='par_1_107' title="bbox 180 2832 501 2867">
     <span class='ocr_line' id='line_1_107' title="bbox 180 2832 501 2867; baseline 0 -7"><span class='ocrx_word' id='word_1_742' title='bbox 180 2833 218 2867; x_wconf 78' lang='lat'><strong>(5)</strong></span> <span class='ocrx_word' id='word_1_743' title='bbox 243 2832 387 2860; x_wconf 72' lang='lat' dir='ltr'><strong>Vil..Palr.</strong></span> <span class='ocrx_word' id='word_1_744' title='bbox 405 2841 459 2866; x_wconf 82' lang='lat' dir='ltr'><strong>xw,</strong></span> <span class='ocrx_word' id='word_1_745' title='bbox 474 2834 501 2860; x_wconf 87' lang='lat'><strong>7.</strong></span> 
     </span>
    </p>
   </div>
   <div class='ocr_carea' id='block_1_108' title="bbox 181 2867 928 2904">
    <p class='ocr_par' dir='ltr' id='par_1_108' title="bbox 181 2867 928 2904">
     <span class='ocr_line' id='line_1_108' title="bbox 181 2867 928 2904; baseline 0 -7"><span class='ocrx_word' id='word_1_746' title='bbox 181 2869 219 2900; x_wconf 70' lang='grc' dir='ltr'><strong>(ι,</strong></span> <span class='ocrx_word' id='word_1_747' title='bbox 244 2867 298 2896; x_wconf 81' lang='lat' dir='ltr'><strong>Vit.</strong></span> <span class='ocrx_word' id='word_1_748' title='bbox 314 2867 388 2896; x_wconf 80' lang='lat' dir='ltr'><strong>Patr.</strong></span> <span class='ocrx_word' id='word_1_749' title='bbox 409 2877 447 2902; x_wconf 85' lang='lat' dir='ltr'><strong>HI,</strong></span> <span class='ocrx_word' id='word_1_750' title='bbox 471 2869 521 2904; x_wconf 71' lang='lat'><strong>14;</strong></span> <span class='ocrx_word' id='word_1_751' title='bbox 543 2869 620 2898; x_wconf 83' lang='lat' dir='ltr'><strong>Joan.</strong></span> <span class='ocrx_word' id='word_1_752' title='bbox 639 2870 732 2899; x_wconf 83' lang='lat' dir='ltr'><strong>Gcom.</strong></span> <span class='ocrx_word' id='word_1_753' title='bbox 756 2869 856 2898; x_wconf 84' lang='lat' dir='ltr'><strong>Parad.</strong></span> <span class='ocrx_word' id='word_1_754' title='bbox 876 2869 928 2904; x_wconf 78' lang='lat' dir='ltr'><strong>5t;</strong></span> 
     </span>
    </p>
   </div>
   <div class='ocr_carea' id='block_1_109' title="bbox 982 2694 1222 2725">
    <p class='ocr_par' dir='ltr' id='par_1_109' title="bbox 982 2694 1222 2725">
     <span class='ocr_line' id='line_1_109' title="bbox 982 2694 1222 2725; baseline 0 -4"><span class='ocrx_word' id='word_1_755' title='bbox 982 2694 1110 2721; x_wconf 84' lang='lat' dir='ltr'><strong>Socrates</strong></span> <span class='ocrx_word' id='word_1_756' title='bbox 1124 2702 1160 2725; x_wconf 81' lang='lat' dir='ltr'><strong>iv,</strong></span> <span class='ocrx_word' id='word_1_757' title='bbox 1177 2694 1222 2721; x_wconf 73' lang='lat'><strong>2&#39;5.</strong></span> 
     </span>
    </p>
   </div>
   <div class='ocr_carea' id='block_1_110' title="bbox 1016 2727 1536 2763">
    <p class='ocr_par' dir='ltr' id='par_1_110' title="bbox 1016 2727 1536 2763">
     <span class='ocr_line' id='line_1_110' title="bbox 1016 2727 1536 2763; baseline -0.002 -7"><span class='ocrx_word' id='word_1_758' title='bbox 1016 2729 1054 2763; x_wconf 81' lang='lat'><strong>(5)</strong></span> <span class='ocrx_word' id='word_1_759' title='bbox 1075 2730 1162 2761; x_wconf 81' lang='lat' dir='ltr'><strong>Supra</strong></span> <span class='ocrx_word' id='word_1_760' title='bbox 1182 2727 1347 2755; x_wconf 78' lang='lat' dir='ltr'><strong>lsaaciCell.</strong></span> <span class='ocrx_word' id='word_1_761' title='bbox 1365 2728 1465 2762; x_wconf 82' lang='lat' dir='ltr'><strong>Apoph.</strong></span> <span class='ocrx_word' id='word_1_762' title='bbox 1485 2727 1536 2763; x_wconf 77' lang='lat' dir='ltr'><strong>ult.</strong></span> 
     </span>
    </p>
   </div>
   <div class='ocr_carea' id='block_1_111' title="bbox 1015 2760 1765 2798">
    <p class='ocr_par' dir='ltr' id='par_1_111' title="bbox 1015 2760 1765 2798">
     <span class='ocr_line' id='line_1_111' title="bbox 1015 2760 1765 2798; baseline 0.001 -9"><span class='ocrx_word' id='word_1_763' title='bbox 1015 2760 1054 2798; x_wconf 68' lang='lat' dir='ltr'><strong>(ti)</strong></span> <span class='ocrx_word' id='word_1_764' title='bbox 1081 2760 1131 2790; x_wconf 75' lang='grc' dir='ltr'><strong>νη.</strong></span> <span class='ocrx_word' id='word_1_765' title='bbox 1151 2763 1227 2790; x_wconf 81' lang='lat' dir='ltr'><strong>Patr.</strong></span> <span class='ocrx_word' id='word_1_766' title='bbox 1246 2771 1313 2792; x_wconf 79' lang='lat' dir='ltr'><strong>xvn.</strong></span> <span class='ocrx_word' id='word_1_767' title='bbox 1333 2763 1359 2790; x_wconf 86' lang='lat' dir='ltr'><strong>ll</strong></span> <span class='ocrx_word' id='word_1_768' title='bbox 1372 2772 1379 2796; x_wconf 93' lang='lat'><strong>;</strong></span> <span class='ocrx_word' id='word_1_769' title='bbox 1394 2760 1475 2790; x_wconf 78' lang='lat' dir='ltr'><strong>Joan;</strong></span> <span class='ocrx_word' id='word_1_770' title='bbox 1489 2762 1584 2791; x_wconf 85' lang='lat' dir='ltr'><strong>Geom.</strong></span> <span class='ocrx_word' id='word_1_771' title='bbox 1599 2761 1700 2790; x_wconf 76' lang='lat' dir='ltr'><strong>Parad.</strong></span> <span class='ocrx_word' id='word_1_772' title='bbox 1718 2760 1765 2790; x_wconf 73' lang='lat'><strong>83.</strong></span> 
     </span>
    </p>
   </div>
   <div class='ocr_carea' id='block_1_112' title="bbox 1015 2797 1457 2832">
    <p class='ocr_par' dir='ltr' id='par_1_112' title="bbox 1015 2797 1457 2832">
     <span class='ocr_line' id='line_1_112' title="bbox 1015 2797 1457 2832; baseline 0.002 -8"><span class='ocrx_word' id='word_1_773' title='bbox 1015 2800 1053 2832; x_wconf 84' lang='lat'><strong>(7)</strong></span> <span class='ocrx_word' id='word_1_774' title='bbox 1079 2798 1130 2826; x_wconf 75' lang='lat' dir='ltr'><strong>Vit.</strong></span> <span class='ocrx_word' id='word_1_775' title='bbox 1146 2798 1223 2825; x_wconf 81' lang='lat' dir='ltr'><strong>Patr.</strong></span> <span class='ocrx_word' id='word_1_776' title='bbox 1239 2807 1258 2829; x_wconf 83' lang='grc' dir='ltr'><strong>ι,</strong></span> <span class='ocrx_word' id='word_1_777' title='bbox 1271 2797 1319 2830; x_wconf 82' lang='lat' dir='ltr'><strong>‘lG;</strong></span> <span class='ocrx_word' id='word_1_778' title='bbox 1338 2806 1397 2831; x_wconf 77' lang='lat' dir='ltr'><strong>vlli,</strong></span> <span class='ocrx_word' id='word_1_779' title='bbox 1415 2799 1457 2825; x_wconf 81' lang='grc'><strong>10.</strong></span> 
     </span>
    </p>
   </div>
   <div class='ocr_carea' id='block_1_113' title="bbox 1014 2832 1361 2870">
    <p class='ocr_par' dir='ltr' id='par_1_113' title="bbox 1014 2832 1361 2870">
     <span class='ocr_line' id='line_1_113' title="bbox 1014 2832 1361 2870; baseline -0.009 -8"><span class='ocrx_word' id='word_1_780' title='bbox 1014 2834 1053 2870; x_wconf 85' lang='lat'><strong>(8)</strong></span> <span class='ocrx_word' id='word_1_781' title='bbox 1079 2833 1130 2861; x_wconf 78' lang='lat' dir='ltr'><strong>Vit.</strong></span> <span class='ocrx_word' id='word_1_782' title='bbox 1149 2833 1227 2861; x_wconf 81' lang='lat' dir='ltr'><strong>Patr.</strong></span> <span class='ocrx_word' id='word_1_783' title='bbox 1244 2841 1303 2866; x_wconf 84' lang='lat' dir='ltr'><strong>vni,</strong></span> <span class='ocrx_word' id='word_1_784' title='bbox 1319 2832 1361 2860; x_wconf 84' lang='grc'><strong>10.</strong></span> 
     </span>
    </p>
   </div>
  </div>
