1970 3074
197 135 249 162 571

765 141 937 179 Appcnotx
956 144 1002 171 AD
1021 144 1228 175 PALLADIUM.

1769 155 1821 183 579

197 195 362 230 spiritalem,
377 204 433 225 non
449 199 629 233 responderet
646 201 731 234 illico,
746 202 793 230 sed
812 203 985 237 proﬁteretur

1042 205 1090 231 ἱλλ*
1106 206 1162 240 ἕλε]
1170 215 1198 233 εν
1214 207 1250 242 μὴ
1267 207 1363 236 εἰδέναι
1377 208 1424 235 τὸν
1438 208 1527 243 λόγον·
1549 211 1596 238 καὶ
1613 211 1819 251 ὲπ[ερωτηοε“ις]

197 249 212 267 a
233 249 262 268 se
280 241 306 268 id
325 243 456 277 ignorari.
477 244 554 277 Quod
576 246 599 273 si
616 247 745 275 ulteriore
771 248 985 283 interrogatione

198 291 351 322 urgeretur,
368 297 423 315 non
438 289 520 321 dabat
533 299 708 327 responsum.

234 333 278 360 t0.
298 333 371 360 Dixit
384 335 469 363 abbas
480 335 598 369 Pambo:
616 337 644 365 Si
662 346 708 366 cor
725 339 824 373 habes,
840 344 917 375 potes
932 340 986 369 sal-

196 386 248 405 vus
264 379 332 406 ﬁeri.

233 423 276 452 Η.
292 424 474 462 Interrogavit
489 429 631 465 presbyter
648 429 756 458 Nitriae:
771 430 915 463 Quomodo
939 431 985 459 de-

196 469 261 497 bent
272 470 372 499 fratres
387 472 501 508 degere?
516 474 556 501 Illi
584 483 648 502 vero
674 475 803 504 dixerunt
819 476 867 505 :ln
886 484 984 512 magna

196 517 402 552 exercitatione,
430 523 457 546 et
482 525 623 549 servantes
651 522 848 550 conscientiam
876 531 953 551 suam
969 531 984 551 a

195 563 333 596 proximo.

229 607 273 635 12.
288 609 418 638 Dicebant
433 611 466 638 de
482 611 578 640 abbate
592 611 708 639 Pantho:
727 612 805 640 Sicut
822 613 928 648 Moyses
939 621 985 641 ac-

195 653 267 688 cepit
279 655 423 690 imaginem
435 656 528 693 gloria:
541 657 567 683 in
581 657 685 684 Adamo
707 658 880 693 refulgentis.
897 667 984 693 quan-

195 697 231 725 do
245 698 328 728 facies
338 701 396 735 ejus
411 703 527 736 gloriosa
544 702 649 730 reddita
673 708 715 731 est
728 704 766 732 "2
782 705 818 731 ita
833 709 859 732 et
875 705 984 732 abbatis

195 743 297 772 Pambo
315 745 400 774 facies
414 749 487 776 velut
512 748 602 783 fulgur
622 749 772 782 relucebat.
792 755 906 785 eratque
922 756 983 778 tan-

195 798 277 824 quam
292 799 337 819 rex
364 792 462 820 sedens
487 802 568 828 super
590 794 717 821 thronum
743 802 834 822 suum.
856 795 983 829 Ejusdem

195 837 362 871 operationis
388 839 493 867 exstitit
512 839 598 867 abbas
619 840 757 872 Silvanus,
779 848 885 868 necnon
899 841 983 869 abbas

197 882 300 910 Sisoes.

231 929 274 955 13.
295 929 411 963 Aiebant
429 930 463 957 de
486 930 585 961 abbate
606 930 719 963 Pambo,
744 931 816 966 quod
845 938 983 966 nunquam

195 975 286 1001 vultus
296 975 356 1009 ejus
373 976 511 1006 subrisum
529 975 693 1004 ostenderet.
708 976 830 1009 Quadam
848 984 914 1011 ergo
928 975 983 1008 die,

195 1028 258 1047 cum
273 1021 373 1048 vellent
390 1020 529 1053 (immanes
542 1022 650 1056 efficere
665 1028 693 1049 ut
708 1022 818 1054 rideret,
832 1023 984 1058 ligaverunt

196 1067 266 1094 alam
283 1067 315 1094 ad
329 1067 441 1102 lignum,
454 1069 664 1103 portabantqne.
681 1069 812 1096 facientes
825 1070 982 1100 tumultum,

196 1120 229 1140 ac
246 1113 382 1148 dicentes:
398 1114 466 1145 Alle,
482 1114 545 1141 alie.
561 1114 635 1147 Quos
647 1123 763 1142 cernens
779 1115 862 1142 abbas
870 1114 982 1146 Pambo,

195 1158 268 1185 risit.
296 1157 437 1188 Daemones
462 1166 527 1185 vero
555 1163 697 1193 cmpernut
729 1158 982 1194 tripudiare:Vah,

157 1221 162 1226 -
196 1203 260 1235 vah,
277 1203 443 1242 inquientes,
456 1203 558 1232 Pambo
577 1206 649 1233 risit.
664 1205 698 1231 At
713 1206 758 1233 ille
774 1206 915 1241 respondit
925 1207 982 1233 eis:

195 1246 256 1274 Non
280 1247 340 1278 risi.
363 1247 411 1275 sed
430 1247 513 1275 derisi
545 1248 757 1279 imbecillitatem
781 1254 912 1284 vestram,
937 1251 984 1285 qui

196 1300 278 1320 unam
294 1293 364 1324 alam
380 1297 418 1320 tot
434 1301 546 1324 numero
562 1295 686 1329 portetis.

233 1338 275 1365 Η.
300 1338 415 1374 Rogavit
431 1340 516 1367 abbas
530 1339 690 1374 Theodorus
705 1339 879 1371 Phermensis
901 1341 984 1370 abba-

197 1389 251 1411 tem
276 1383 396 1412 Pambo:
418 1385 514 1412 Profer
533 1387 598 1412 mihi
625 1387 749 1413 verbum.
771 1387 810 1414 Ac
826 1394 898 1422 πει-θ
916 1387 984 1415 dixit

196 1429 254 1456 illi:
288 1429 440 1461 Theodore,
470 1431 533 1462 abi;
560 1431 776 1466 misericordiam
798 1439 896 1459 exerce
920 1439 983 1466 erga

197 1483 304 1503 omnes.
320 1475 508 1514 Misericordia
526 1477 598 1503 enim
619 1477 722 1510 invenit
747 1477 871 1504 liduciam
891 1485 982 1513 coram

197 1519 263 1549 Deo.

471 1578 508 1606 De
524 1579 617 1606 abbate
632 1578 716 1611 Pisto,

233 1637 271 1671 (9)
292 1636 418 1663 Narratio
445 1636 523 1667 Pisti.
547 1637 574 1663 in
602 1637 658 1664 haec
677 1637 776 1664 verba:
798 1638 922 1673 Adiimus
943 1647 986 1667 se-

197 1687 271 1718 ptem
296 1683 468 1710 anachoretae
491 1683 616 1710 abbatem
640 1683 746 1710 Sisoem
761 1684 926 1712 habitantem
957 1685 985 1712 in

197 1722 346 1765 Clvsmate,
360 1732 387 1754 et
399 1728 555 1763 rogavimus
573 1736 635 1762 eum
658 1733 685 1755 ut
704 1729 784 1757 nobis
802 1730 911 1765 aliquod
928 1738 987 1758 ver—

199 1736 227 1755 tn
249 1736 346 1759 smate,
360 1736 387 1754 et
399 1736 555 1763 rogavimus
573 1736 635 1762 eum
658 1736 685 1755 ut
704 1736 784 1757 nobis
802 1736 911 1765 aliquod
928 1738 987 1758 ver—

199 1736 263 1809 ξηιῇ]
295 1773 438 1808 proferret.
468 1773 611 1809 Dixitque:
636 1774 770 1810 Ignoscite
793 1777 876 1808 mihi;
905 1777 987 1804 homo

198 1827 259 1857 sum
276 1819 377 1850 idiota.
392 1819 439 1846 sed
456 1820 517 1847 veni
539 1820 685 1854 aliquando
711 1821 743 1847 ad
760 1821 886 1849 abbatem
905 1821 942 1850 0r
960 1827 987 1850 et

199 1867 325 1900 abbatem
340 1866 424 1893 Atltre
438 1875 445 1898 ;
465 1867 591 1894 infirmus
618 1871 708 1894 autem
726 1871 784 1894 erat
799 1869 882 1895 abbas
896 1868 933 1896 Οι-
953 1869 987 1896 ab

200 1912 353 1951 netmlecim
378 1914 475 1945 annis;
490 1913 658 1948 supplexque
680 1914 713 1939 ab
735 1913 767 1941 iis
788 1914 852 1948 petii
872 1919 902 1941 ut
921 1915 988 1953 mihi

200 1948 302 1992 aliquid
316 1958 446 1985 dicerent.
465 1957 533 1985 Tum
551 1959 588 1984 ait
601 1959 684 1984 abbas
699 1960 748 1985 Or:
773 1959 842 1991 Quid
862 1960 908 1986 tibi
924 1949 988 1994 pro;

203 2003 276 2038 loqui
297 2003 473 2035 habeolAbi,
490 2003 563 2038 quod
590 2004 680 2030 cernis
704 2003 796 2030 facito.
826 2004 897 2032 Deus
914 2005 988 2033 illius

201 2053 254 2080 est,
272 2049 317 2082 qui
332 2048 442 2075 sibimet
456 2048 584 2082 injuriam
603 2052 649 2074 aut
664 2049 718 2075 vim
732 2049 758 2075 in
773 2050 900 2077 oninibus
912 2050 987 2078 facit.

201 2094 288 2122 Porro
301 2093 388 2129 abbas
404 2093 441 2120 0r
452 2098 480 2121 et
491 2094 575 2120 abbas
583 2093 666 2121 Athrc
681 2103 735 2121 non
750 2099 829 2131 erant
845 2104 878 2122 ex
893 2097 987 2124 eadem

202 2141 332 2175 regione;
349 2140 398 2167 scd
414 2148 510 2174 inagna
534 2140 605 2167 inter
627 2145 772 2176 utrumque
800 2143 906 2169 exstitit
920 2152 988 2170 con-

202 2186 307 2219 cordia,
324 2186 410 2213 donec
421 2194 436 2213 e
451 2194 565 2221 corpore
579 2187 747 2214 recederent.
766 2187 829 2214 Erat
843 2189 915 2215 enim
929 2194 989 2226 tum

203 2239 300 2268 magna
315 2232 470 2269 obedientia
488 2220 595 2260 abbatis
611 2233 705 2265 Athre,
722 2238 779 2261 tum
797 2236 881 2262 multa
894 2223 989 2263 humi;
1003 2220 1026 2248 Ι)

203 2279 265 2306 litas
282 2279 389 2306 abbatis
403 2277 450 2305 0r.
469 2277 576 2306 Paucos
593 2287 658 2306 vero
681 2279 740 2307 dies
755 2281 841 2307 mansi
859 2281 924 2313 illic.
943 2282 987 2309 in-

202 2325 342 2359 vestigatis
356 2331 413 2351 eos.
428 2323 458 2350 Et
475 2325 528 2351 vidi
545 2324 647 2359 grande
663 2325 824 2353 miraculum
840 2328 912 2361 quod
925 2327 989 2355 fecit

204 2371 289 2397 abbas
305 2369 400 2402 Atbre.
415 2370 511 2397 Attulit
523 2371 563 2397 eis
577 2371 724 2398 nonnullus
743 2379 857 2406 parvum
873 2381 986 2408 piscem,

204 2415 344 2449 voluitque
371 2414 446 2441 illum
469 2421 518 2448 pro
542 2422 606 2444 sene
624 2421 755 2449 apparare
772 2415 857 2442 abbas
884 2415 985 2448 Athre;

203 2460 313 2487 tenebat
339 2464 427 2486 autem
449 2461 578 2490 cultrum,
596 2463 623 2486 et
644 2460 780 2487 incidebat
795 2460 908 2494 piscem,
924 2468 986 2488 cum

202 2505 312 2534 vocavit
326 2513 387 2532 eum
400 2505 483 2532 abbas
498 2504 534 2532 0r
545 2513 552 2532 :
562 2505 587 2539 is
599 2504 710 2540 reliquit
721 2505 838 2532 cultrum
857 2505 883 2532 in
899 2507 988 2533 medio

204 2551 300 2585 piscis.
313 2558 363 2578 nec
378 2551 512 2584 reliquum
530 2551 653 2579 abscidit.
675 2550 789 2580 Miratus
801 2559 850 2586 ego
863 2559 989 2586 magnam

205 2595 324 2622 hominis
343 2595 535 2625 obedientiam.
555 2595 628 2629 quod
644 2602 698 2621 non
722 2595 838 2622 dixerit:
856 2595 988 2630 Exspecta

205 2641 292 2668 donec
315 2641 457 2667 intiderim
480 2641 592 2675 piscem.
618 2641 804 2676 interrogavi:
823 2640 874 2681 Ubi
893 2646 990 2668 nactus

241 2710 263 2726 ³⁸
285 2710 368 2738 Exod.
389 2719 482 2741 xxxiv.
504 2710 548 2737 ‘29.
587 2711 662 2738 “Al.
678 2710 800 2745 ἁδελφός.

213 2746 303 2782 Ἀθρὲ,
338 2746 426 2781 ’Λθρέ.

243 2791 281 2826 (9)
305 2791 357 2818 Vit.
376 2791 450 2817 Patr.
465 2799 509 2819 xv.
525 2791 569 2819 45.

244 2826 304 2888 (1οζ
320 2826 422 2857 Ἁλλή·
437 2825 528 2858 ἁλλή.
544 2826 572 2852 Si
589 2827 737 2854 mutaveris
748 2831 900 2857 accentum,
910 2834 940 2854 ac
954 2828 990 2853 lc-

244 2870 256 2888 s
274 2862 289 2888 ᾰ
307 2862 352 2888 λη’
373 2861 448 2888 ἄλλη.
467 2869 513 2888 [ηλο
527 2861 664 2888 incondita
675 2870 750 2888 voce.
763 2862 814 2888 erit
830 2862 907 2888 Alio;
923 2862 987 2888 alio.

209 2870 256 2904 gas
274 2861 352 2898 ἄλλῃ·
373 2861 448 2899 ἄλλῃ,
466 2869 513 2896 pro
527 2861 664 2888 incondita
675 2870 750 2894 voce,
763 2862 814 2889 erit
830 2862 907 2893 Alio;
923 2862 987 2890 alio.

839 2711 860 2726 ³⁷
876 2712 917 2739 Al.
935 2714 967 2747 τῇ
987 2713 1061 2748 νήσῳ
1075 2713 1121 2739 τοῦ
1137 2712 1308 2748 Κλύσματος.

1037 250 1138 282 πλεῖον,
1151 253 1200 278 οὐκ
1214 252 1298 280 ἐδίδου
1313 253 1467 289 ἀπόκρισιν.

1072 343 1098 366 t'.
1119 337 1203 366 Εἶπεν
1220 341 1234 366 6
1252 341 1339 374 ἁϐϐᾱς
1363 342 1478 378 Παμϐώ·
1495 344 1527 370 Εἰ
1544 344 1616 380 ἔχεις
1635 346 1749 381 καρδίαν
1776 347 1821 374 δύ-

1036 393 1114 412 νασαι
1127 386 1255 421 σωθῆναι.

1072 434 1115 457 ια’.
1143 431 1298 467 Ἢρώτησεν
1308 434 1322 460 ὁ
1333 434 1518 470 πρεσϐύτερος
1527 437 1577 470 τῆς
1593 437 1733 472 Νιτρείας,
1749 438 1823 470 ὅπως

1035 477 1186 511 ὀφείλουσιν
1200 479 1225 504 οἱ
1249 479 1358 513 ἀδελφοὶ
1376 481 1489 516 διάγειν.
1507 483 1538 508 Oi
1555 483 1583 509 δὲ
1601 481 1690 510 εἶπαν·
1714 485 1758 510 Ἐν
1774 494 1823 519 με-

1035 522 1105 559 γάλῃ
1119 523 1244 558 ἀσκήσει,
1261 525 1307 550 καὶ
1322 526 1468 561 τηροῦντες
1483 527 1532 562 τὴν
1546 529 1696 564 συνείδησιν
1709 530 1762 556 ἀπὺ
1775 529 1822 556 τοῦ

1035 567 1157 602 πλησίον.

1074 615 1116 641 ιϐ’.
1138 616 1250 650 Ἔλεγον
1266 617 1330 652 περὶ
1343 617 1392 644 τοῦ
1407 618 1479 645 esse
1494 619 1609 654 Παμϐὼ,
1633 621 1673 647 ὅτι
1690 620 1728 652 ὡς
1742 621 1822 648 ἔλαϐε

1034 660 1153 695 Μωῡσῆς
1164 662 1213 697 τὴν
1224 663 1315 689 εἰκόνα
1326 663 1375 698 τῆς
1386 663 1464 698 δόξης
1484 664 1579 696 Ἀδὰμ,
1594 666 1638 691 ὅτε
1649 665 1778 701 ἐδοξάσθη
1792 667 1823 693 τὸ

1034 707 1180 741 πρόσωπον
1202 707 1296 734 αὑτοῦ-
1319 708 1405 741 οὕτως
1426 710 1473 736 καὶ
1494 704 1542 737 τοῧ
1564 711 1636 738 ἀδεᾶ
1657 712 1763 747 Παμϐὼ
1784 714 1821 745 ὡς

1034 752 1161 787 ἀστραπὴ
1177 752 1282 791 ἔλαμπε
1303 754 1333 781 τὺ
1355 755 1511 790 πρόσωπον,
1533 757 1580 782 καὶ
1595 754 1630 792 ἦν
1644 757 1681 789 ὼς
1697 758 1821 792 βασιλεὺς

1034 798 1190 834 καθήμενος
1200 801 1246 826 ἐπὶ
1256 800 1302 826 τοῦ
1316 800 1412 836 Θρόνου
1423 801 1516 829 αὑτοῦ.
1528 803 1584 835 Τῆς
1595 803 1680 838 αὐτῆς
1692 805 1822 840 ἐργασίας

1033 841 1068 879 ἦν
1084 845 1132 871 καὶ
1147 846 1161 871 6
1179 845 1265 877 assa;
1279 845 1431 878 Σιλουανὸς,
1447 848 1493 876 καὶ
1508 849 1522 874 6
1534 848 1620 880 ἁϐϐἄς
1636 849 1742 885 Σισόης.

1068 932 1113 964 ιγ’.
1132 928 1244 962 Ἔλεγον
1258 929 1323 964 περὶ
1335 928 1382 955 τοῦ
1403 927 1476 954 ἀϐϐᾶ
1494 927 1610 962 Παμϐὼ,
1627 927 1668 953 ὃτι
1691 927 1819 953 οὐδέποτε

1034 975 1138 1010 ἐμειδία
1154 974 1184 1000 τὺ
1205 974 1349 1008 πρόσωπον
1364 973 1456 1001 αὑτοῦ.
1482 973 1554 1004 Μιᾶς
1573 970 1619 999 οὖν
1634 972 1688 998 τῶν
1708 972 1820 1007 ἡμερῶν

1036 1021 1157 1052 Θέλοντες
1164 1020 1189 1046 οἱ
1197 1020 1319 1054 δαίμονες
1327 1020 1438 1054 ποιῆται
1450 1019 1529 1045 αὐτὸν
1544 1018 1667 1052 γελάσαι.
1676 1018 1771 1053 ἔδησαν
1780 1019 1822 1048 είς

1035 1067 1112 1100 ξύλον
1126 1066 1233 1101 πτερὸν,
1248 1065 1294 1091 καὶ
1309 1065 1468 1096 ἐϐάσταζον,
1485 1064 1598 1099 θόρυϐον
1614 1063 1761 1094 ποιοῦντες,
1774 1062 1822 1088 καὶ

1034 1113 1158 1147 λέγοντες
1170 1120 1176 1126 ”
1195 1111 1284 1146 Ἀλλὴ,
1294 1111 1360 1146 ἀλλή
1374 1110 1440 1144 (10).
1462 1110 1534 1137 Ἰδὼν
1554 1110 1582 1136 δὲ
1593 1110 1691 1140 αὐτοὺς
1705 1109 1720 1134 6
1734 1108 1821 1141 666i;

1036 1159 1140 1194 Παμόὼ
1153 1158 1292 1192 ἐγέλασεν.
1311 1158 1342 1183 υἱ
1361 1157 1388 1183 δὲ
1408 1157 1535 1191 δαίμονες
1554 1156 1671 1191 ἤρξαντο
1686 1155 1819 1192 χορεύειν,

1035 1207 1172 1241 λέγοντες’
1188 1204 1255 1235 Οὐὰ,
1272 1204 1331 1236 οὐὰ,
1351 1203 1456 1238 Παμῦὼ
1470 1204 1628 1238 γεγέλακεν·
1644 1205 1657 1230 6
1669 1204 1696 1230 δέ
1712 1205 1824 1238 ἀποκρι-

1037 1251 1094 1283 Bst;
1101 1249 1176 1277 εἶπεν
1185 1250 1277 1280 αὺτοῖς
1286 1257 1293 1264 ”
1307 1250 1362 1276 Οὐκ
1371 1249 1497 1284 ἐγέλασα,
1509 1250 1578 1276 ἀλλὰ
1592 1249 1764 1283 κατεγέλασα
1775 1248 1824 1284 τὴν

1037 1296 1192 1331 ἀδυναμίαν
1207 1295 1294 1330 ὑμῶν,
1311 1295 1353 1321 ὅτι
1368 1295 1490 1322 τοσοῦτοι
1502 1295 1533 1322 τὸ
1545 1296 1643 1330 πτερὸν
1661 1294 1822 1330 βαστάζετε.

1071 1340 1111 1367 ιδ’.
1138 1339 1294 1375 Ἦρώτησεν
1310 1340 1324 1366 ὁ
1341 1340 1428 1372 ἁὸὄᾶς
1442 1340 1578 1375 Θεόδωρος
1591 1340 1646 1373 (it)
1663 1340 1677 1366 6
1692 1339 1740 1374 τῆς
1753 1339 1822 1374 Φερ-

1036 1395 1089 1421 μης
1107 1387 1152 1413 τὸν
1169 1386 1257 1413 ἁὸὃᾶν
1277 1386 1391 1422 Παμϐώ·
1413 1386 1482 1413 Εἰπέ
1509 1395 1554 1421 μοι
1576 1386 1661 1422 ῥῆμα.
1680 1386 1735 1412 Καὶ
1752 1385 1822 1419 μετὰ

1035 1433 1133 1459 πολλοῦ
1151 1433 1236 1460 κόπου
1248 1431 1323 1460 εἶπεν
1337 1433 1421 1468 αὐτῷ’
1436 1433 1569 1468 Θεόδωρε,
1585 1432 1683 1466 ὕπαγε,
1701 1431 1731 1457 τὸ
1747 1430 1822 1462 ἔλεός

1036 1487 1082 1505 σου
1098 1479 1143 1514 ἔχε
1157 1480 1203 1505 ἐπὶ
1215 1479 1331 1511 πάντας·
1353 1480 1384 1505 τὸ
1403 1479 1457 1515 γὰρ
1479 1479 1553 1511 ἕλεος
1572 1476 1650 1514 εὗρεν
1667 1477 1824 1513 παρρησίαν

1035 1525 1150 1552 ἐνώπιον
1165 1526 1212 1552 τοῦ
1225 1525 1302 1552 Θεοῦ.

1242 1582 1311 1616 Περὶ
1328 1582 1380 1609 τοῦ
1395 1581 1470 1609 ἀϐϐᾶ
1486 1581 1609 1608 Πιστοῦ.

1068 1637 1222 1672 Διηγήσατο
1236 1638 1250 1663 6
1263 1637 1380 1669 ἀ66ᾶς³⁶
1390 1637 1500 1668 Πιστὸς,
1515 1636 1613 1671 λέγων,
1628 1635 1670 1662 δὴ
1690 1634 1823 1670 Ἀπήλθοο

1037 1691 1085 1718 μεν
1096 1682 1166 1709 ἑπτὰ
1180 1683 1356 1717 ὰναχωρηταὶ
1367 1683 1434 1718 πρὸς
1448 1683 1493 1708 τὸν
1505 1682 1592 1708 ἁῦδᾶν
1606 1681 1703 1716 Σισόην
1716 1679 1823 1707 οἰκοῦν-

1035 1738 1069 1755 τα
1087 1729 1114 1754 ἐν
1131 1728 1169 1766 τῷ
1186 1729 1330 1763 Κλύσματι
1341 1729 1374 1760 ³⁷,
1396 1728 1618 1764 παρακαλοῦντες
1640 1727 1720 1754 αὐτὸν
1735 1727 1824 1753 εἰπεῖν

1036 1776 1101 1810 ἡμῖν
1116 1775 1205 1810 λόγον.
1223 1776 1277 1804 Καὶ
1289 1773 1361 1801 εἶπε·
1375 1774 1575 1810 Συγχωρήσατέ
1588 1782 1643 1810 μοι,
1660 1772 1766 1808 ἰδιώτης
1780 1772 1825 1799 ἄν-

1037 1820 1145 1854 ορωπὸς
1167 1822 1233 1855 εἰμι’
1257 1820 1325 1846 ἀλλὰ
1341 1820 1494 1855 παρέϐαλον
1516 1819 1584 1854 πρὸς
1602 1819 1647 1845 τὸν
1661 1818 1747 1845 ἀϐϐᾶν
1762 1817 1823 1852 Ὢρ,

1037 1867 1084 1893 καὶ
1101 1867 1145 1893 τὸν
1160 1867 1245 1899 ἀὸϐᾶν
1266 1867 1354 1902 ἈΟρέ-
1372 1865 1405 1902 ἦν
1419 1867 1447 1892 δὲ
1465 1867 1493 1892 ὲν
1505 1865 1630 1900 ἀσθενείᾳ
1645 1865 1660 1891 6
1674 1864 1760 1895 ἀὸὃᾶς
1775 1864 1826 1898 Ὢρ

1036 1914 1102 1940 δέκα
1116 1914 1161 1940 καὶ
1177 1913 1249 1940 ὀκτὼ
1267 1913 1324 1948 Ξτη-
1337 1914 1384 1940 καὶ
1401 1913 1498 1940 ἔϐαλον
1514 1913 1606 1944 αὐτοῖς
1619 1911 1773 1947 μετάνοιαν,
1788 1910 1826 1936 εἰ-

1037 1962 1098 1989 πεῖν
1115 1969 1159 1995 μοι
1171 1960 1258 1993 λόγον.
1277 1960 1330 1986 Καὶ
1343 1957 1417 1985 εἶπεν
1428 1961 1442 1985 ὁ
1454 1959 1540 1989 ἀεσᾶς
1553 1959 1613 1994 Ὠρ·
1629 1958 1660 1984 Τί
1673 1958 1727 1992 ἔχω
1738 1957 1826 1983 εἰπεῖν

1039 2014 1094 2037 σοι;
1111 2005 1222 2038 ἄπελθε,
1236 2006 1283 2032 καὶ
1299 2005 1343 2031 ὅ³¹¹
1359 2005 1468 2040 βλέπεις
1482 2004 1605 2039 ποίησον.
1627 2004 1656 2030 '0
1673 2003 1740 2034 Θεὸς
1752 2001 1825 2028 ὲκεί-

1038 2061 1083 2078 νου
1099 2052 1167 2083 ἐστὶ,
1185 2051 1231 2078 τοῦ
1250 2051 1487 2082 πλεονεκτοῦντας,
1503 2051 1562 2086 ἤτοι
1579 2050 1749 2085 βιαζομένου-
1762 2049 1827 2074 ἑαυ-

1038 2098 1083 2124 τὸν
1101 2099 1140 2129 εἰς
1155 2097 1253 2124 πάντα,
1266 2098 1322 2130 Οὐκ
1331 2095 1400 2132 ἦσαν
1411 2097 1439 2123 δὲ
1453 2097 1505 2123 ἀπὸ
1521 2097 1584 2132 μιᾶς
1599 2096 1704 2132 ἐνορίας
1714 2096 1728 2121 6
1739 2095 1825 2125 ἁὸὗᾶε

1042 2136 1101 2177 “Dp,
1120 2143 1166 2168 καὶ
1189 2143 1202 2168 6
1219 2142 1305 2174 ἀὸεᾶς
1328 2142 1416 2176 Ἀθρέ·
1435 2142 1543 2175 ἐγένετο
1556 2142 1584 2167 δὲ
1605 2141 1710 2175 μεγάλη
1730 2141 1826 2174 εἰρήνη

1042 2187 1142 2222 μεταξὺ
1164 2187 1263 2219 αὐτῶν,
1289 2187 1341 2219 ’ἕως
1358 2187 1468 2222 ἐξῆλθον
1485 2187 1538 2213 ἀπὸ
1554 2187 1600 2213 τοῦ
1619 2186 1753 2221 σώματος.
1771 2184 1826 2210 ἿΙν

1040 2234 1094 2268 γὰρ
1112 2233 1215 2268 μεγάλη
1231 2234 1249 2268 ἡ
1266 2233 1373 2268 ὑπακοὴ
1388 2233 1434 2259 τοῦ
1449 2233 1520 2259 ἁϐϐἆ
1541 2232 1630 2267 ’ΛΟρὲ,
1645 2232 1693 2258 καὶ
1708 2230 1792 2264 πολλὴ
1807 2231 1825 2265 ὴ

1040 2278 1272 2314 ταπεινοφροσύνῃ
1292 2278 1339 2304 τοῦ
1356 2278 1427 2304 ἁϐϐᾱί
1449 2279 1510 2313 Ὥρ.
1534 2278 1664 2312 Ἐποίησσι
1678 2277 1706 2302 δὲ
1725 2276 1827 2311 μικρὰς

1041 2325 1147 2360 ἡμέρας
1169 2325 1236 2360 πρὸς
1260 2325 1368 2358 αὐτοὺς,
1386 2324 1532 2359 ἁνιχν;ύων
1550 2324 1657 2354 αὐτούς·
1686 2324 1732 2349 καὶ
1757 2320 1827 2348 εἶδον

1043 2371 1114 2405 μέγα
1134 2369 1226 2406 θαῦμα
1247 2370 1262 2396 ὃ
1284 2370 1409 2405 εποίησεν
1433 2372 1447 2396 6
1470 2370 1556 2401 ἁϐεᾶς
1584 2369 1673 2404 Ἀϐρέ.
1691 2369 1826 2402 Ἤνεγκεν

1040 2416 1131 2447 αὐτοῖς
1145 2425 1186 2447 τις
1206 2416 1302 2451 μικρὸν
1315 2416 1437 2451 ὀψάριον,
1452 2417 1500 2445 καὶ
1514 2415 1652 2450 ἠϐουλήθη
1667 2415 1733 2441 αὐτὸ
1748 2415 1827 2448 ποιῆ-

1043 2469 1087 2487 σαι
1103 2463 1117 2487 6
1130 2461 1216 2493 ἀῦῦᾶς
1237 2461 1316 2496 Ἀορὲ
1333 2461 1372 2496 τῷ
1384 2461 1501 2496 γέροντι·
1518 2460 1573 2497 εἶχε
1586 2461 1673 2496 δὲτὴν
1690 2460 1829 2494 μάχαιραν

1043 2508 1149 2533 κόπτων
1161 2507 1191 2533 τὸ
1204 2507 1325 2542 ὀψάριον
1334 2507 1379 2535 καὶ
1388 2507 1515 2534 ἐκάλεσεν
1523 2507 1603 2533 αὑτὸν
1616 2508 1630 2533 6
1638 2506 1723 2536 mea;
1732 2506 1783 2540 Ὤρ
1793 2505 1826 2520 "'

1042 2552 1089 2579 καὶ
1101 2553 1190 2588 ἀφῆκε
1206 2553 1255 2588 τὴν
1271 2553 1409 2588 μάχαιραν
1426 2553 1507 2588 μέσον
1519 2552 1567 2579 τοῦ
1581 2552 1703 2587 ὀψαρίου,
1717 2551 1764 2577 καὶ
1778 2551 1829 2576 οὐκ

1043 2598 1124 2633 ἔκοψε
1138 2599 1168 2624 τὸ
1181 2599 1331 2630 ἐπίλοιπον.
1347 2600 1402 2625 Καὶ
1423 2599 1565 2634 ἐθαύμασα
1581 2598 1630 2633 τὴν
1645 2597 1764 2633 μεγάλην
1777 2596 1829 2621 ὑπ-

1044 2643 1127 2678 ακοὴν
1137 2643 1230 2676 αὑτοῦ,
1242 2644 1366 2671 διότιοὺκ
1376 2643 1445 2670 εἶπε·
1460 2644 1679 2679 Μακροθύμησον
1690 2643 1741 2674 ἕως
1753 2642 1830 2676 κόψω

1347 2713 1369 2729 ³⁵
1381 2713 1424 2740 ΑΙ.
1437 2713 1463 2739 εἰ
1475 2722 1511 2739 τι.
1550 2712 1572 2729 ³³
1586 2713 1628 2739 Al.
1649 2712 1711 2739 add.
1727 2711 1825 2746 λέγων,

1080 2793 1135 2825 (Η)
1156 2792 1325 2826 ’Πρώτησεν
1337 2796 1352 2819 ὁ
1365 2793 1457 2827 ἀίτόᾶς
1472 2794 1629 2828 Θεόδωρος.
1649 2793 1704 2823 Hoc
1719 2797 1831 2828 quoque

1043 2829 1130 2863 t’apilc
1142 2830 1245 2855 auctior
1261 2835 1299 2856 est
1315 2838 1389 2863 regio
1403 2830 1577 2856 Colbertinus
1592 2829 1685 2856 codex.
