1970 3074
119 140 171 169 575

683 143 988 172 ΑΡΟΡΙΙΤΙΙΕΟΜΑΤΑ
1011 144 1166 173 PATRUM.

1692 147 1747 176 δη

117 199 149 225 τὸ
161 198 284 234 ὀψάριον.
306 197 388 226 Εἶπον
407 201 436 227 δὲ
452 201 490 236 τῷ
507 201 578 236 ὰῦϐᾷ
597 201 687 237 Ἀθρέ·
700 201 756 228 Ποῦ
771 200 849 237 εὗρες
859 203 908 238 τὴν

963 211 989 231 es
1005 207 1108 231 tantam
1131 203 1337 231 obedientiam?
1353 204 1397 231 Ait
1422 204 1583 232 mihi:Non
1612 210 1654 233 est
1678 186 1749 238 mea.

119 244 242 281 ὑπακοὴν
257 247 374 282 ταύτην;
390 248 443 273 Kal
456 245 517 274 εἶπέ
535 255 591 282 μοι·
608 248 665 274 υὺκ
679 248 753 274 ἐστιν
764 249 829 284 ἐμὴ,
844 249 910 276 ἀλλὰ

119 291 165 318 τοῦ
181 292 307 328 γέροντός
321 294 388 320 ἐστι.
403 294 457 320 Kal
468 294 549 320 ἔλαϐέ
563 303 596 329 με
612 294 708 328 λέγων·
721 295 817 330 Δεῦρο.
828 296 909 330 βλέπε

118 335 168 372 τὴν
181 337 305 372 ὑπακοὴν
316 338 407 365 αὑτοῦ.
417 339 472 365 Kal
481 339 570 374 ἥψησε
577 339 608 366 τὸ
615 339 638 356 ’⁵ο
645 340 768 376 ὀψάριον,
781 341 827 367 καὶ
837 341 910 376 ἠφά-

119 391 192 409 νισεν
209 383 275 409 αὐτὸ
296 383 390 416 θέλων,
415 385 463 411 καὶ
487 384 628 422 παρέθηκε
650 385 690 420 τῷ
712 386 830 422 γέροντι.
856 387 910 413 Kal

118 427 205 462 ἔφαγε
219 429 303 464 μηδὲν
315 429 445 465 λαλήσας.
465 430 521 456 Καὶ
536 427 612 456 εἶπεν
629 431 714 467 αὐτῷ’
734 432 824 458 Καλόν
840 432 908 464 ἐστι,

119 473 215 509 γέρον;
235 475 288 501 Kal
301 475 447 511 ἀπεκρίθη
466 475 555 502 Καλόν
568 476 625 503 ἐστι
637 477 719 504 πάνυ.
732 477 809 504 Μετὰ
825 477 909 504 ταῦτα

119 521 234 556 ἤνεγκεν
244 522 318 557 αὐτῷ
331 523 428 558 μικρὸν
443 523 524 550 καλὸν
536 523 708 559 σφόδρα,,καὶ
720 522 807 552 εἶπεν·
827 525 909 560 Ἥφά-

119 575 180 594 visa
194 568 269 600 αὐτὸ,
285 569 375 604 γέρον.
390 570 444 596 Καὶ
458 569 606 605 ἀπεκρίθη,
621 569 718 604 λέγων·
733 571 797 603 Nal,
811 571 909 606 ἠφάνι-

121 622 170 644 σας
185 614 376 650 αὐτὸλμικρόν.
393 616 447 642 Kal
464 613 525 642 εῑπέ
538 618 607 652 μοιό
621 617 709 649 sese;
730 618 817 654 Ἀθρέ·
833 617 908 650 Εἶδες

118 660 159 686 ὅτι
175 661 190 695 ἡ
205 661 312 696 ὑπακοὴ
322 661 369 688 τοῦ
382 661 508 697 γέροντός
518 663 591 697 ἐστι;
606 664 662 690 Kal
677 663 788 699 ἐξῆλθον
803 664 850 690 ἀπ’
860 665 908 691 αὺ-

118 705 183 735 τῶν.
199 706 245 731 xal
257 705 316 732 εἴτι
332 704 410 738 εἶδον,
419 708 564 742 ἐποίησαδι
577 707 625 744 τὴν
638 709 751 744 δύναμιν
766 717 815 744 μου
828 708 910 743 φυλά-

118 749 162 781 ξαι
185 749 276 777 Ταῦτα
291 748 351 777 εἷπε
365 753 420 783 τοῖς
433 752 558 786 ἀδελφοῖς
569 754 583 780 ὀ
596 754 684 785 ἀϐὖᾶς
699 754 806 789 Σισόης.
822 752 868 786 Εἷς
880 755 908 781 δὲ

117 796 148 827 ἐξ
158 796 234 830 ἡμῶν
245 797 432 832 παρεκάλεσεν
443 799 534 829 αὑτὸν,
547 799 644 834 λέγων’
657 800 772 835 Ποίησον
785 801 906 836 ἀγάπην,

117 841 177 867 εἰπὲ
190 843 256 877 ἡμῖν
272 843 319 869 καὶ
337 843 416 875 αὐτὸς
438 844 485 870 ἕνα
501 844 589 878 λόγον.
614 846 668 872 Kal
684 843 771 872 εἷπεψ
797 846 826 872 ⁷0
842 855 908 872 κατ-

115 886 187 920 έχων
202 887 232 912 τὸ
253 887 405 922 ἀψήφιστον
429 889 458 914 ὲν
481 889 592 923 γνώσει,
614 890 733 916 ἐπιτελεῖ
754 891 844 917 πᾶσαν
859 890 908 926 τὴν

115 931 238 967 Γραφήν.
260 932 343 958 Πάλιν
365 932 458 969 ἔτερος
475 934 504 967 ἐξ
524 934 601 969 ὴμῶν
616 933 692 962 εἷπεν
707 935 791 970 αὐτῷ·
805 936 837 962 Τί
851 937 908 962 ἐστι

116 977 231 1010 ξενιτεία
242 977 309 1012 (ΙΞ),
322 979 429 1013 Πάτερς
442 979 497 1006 Καὶ
509 977 579 1006 sine:
594 980 698 1012 Σιώπα,
711 981 758 1007 καὶ
770 981 840 1007 εἰπέ·
851 981 909 1008 Οὐκ

116 1023 170 1058 ἔχω
194 1025 319 1060 πρᾶγμα,
343 1026 371 1051 ὲν
395 1026 476 1052 παντὶ
492 1026 568 1062 τόπῳ
583 1027 650 1053 ὅπου
665 1026 712 1054 ἐὰν
725 1027 843 1063 ἀπέρχῃ·
862 1029 909 1054 καὶ

115 1069 188 1105 αὕτη
201 1071 275 1097 ἐστὶν
289 1072 305 1106 ὴ
323 1071 450 1103 ξενιτεία.

345 1125 413 1160 Περὶ
428 1125 482 1152 τοῦ
500 1125 576 1154 ἀϐϐᾶ
589 1127 678 1161 Πίωρ.

152 1183 187 1207 α’.
214 1181 242 1208 '0
260 1182 395 1218 μακάριος
418 1183 494 1218 Πίωρ
510 1184 699 1220 ἐργασάμενος
720 1185 760 1216 είς
784 1185 814 1211 τὸ
831 1185 909 1221 Θέρος

115 1226 193 1261 παρά
212 1235 276 1259 τινι,
291 1228 484 1263 ὑπεμίμνησκε
505 1229 598 1256 λαῦεἰν
622 1230 668 1256 τδν
697 1230 806 1264 μιθοόψ
820 1231 866 1258 τοῦ
881 1231 910 1258 δὲ

115 1272 316 1308 ὑπερθεμένου,
331 1275 370 1306 εἰς
383 1275 432 1310 τὴν
444 1275 527 1311 μονὴν
540 1276 686 1312 ἐπανῆλθε.
696 1277 780 1305 Πάλιν
793 1277 839 1304 τοῦ
849 1286 909 1304 και-

117 1317 165 1353 ροῦ
179 1318 351 1351 καλέσαντος,
365 1320 475 1357 θερίσας
492 1321 557 1356 παρ’
568 1322 652 1357 αὐτῷ,
667 1323 714 1349 καὶ
728 1323 797 1358 μετὰ
811 1323 910 1359 προθυ-

117 1364 182 1399 μίας
205 1365 405 1400 ὲργασάμενος,
419 1368 495 1394 οὐδὲν
516 1367 621 1394 ἐκείνου
647 1369 843 1404 παρασχόντος,
858 1370 908 1396 ἐπ-

115 1410 232 1446 ανῆλθεν
245 1413 295 1443 ἐἰς
318 1413 369 1448 τὴν
393 1414 477 1450 μονὴν
499 1414 593 1441 αὐτοῦ.
609 1414 663 1442 Τοῦ
683 1415 710 1442 δὲ
730 1415 821 1450 τρίτου
841 1424 910 1452 συμ-

116 1455 306 1492 πληρωθέντος
322 1458 408 1490 Ιἔτους,
426 1460 475 1494 τὴν
488 1460 590 1496 συνήθη
612 1460 743 1496 ἐργασίαν
757 1461 873 1493 τελέσας
895 1463 910 1488 ὸ

115 1503 217 1537 γέρων,
232 1504 389 1540 ἀνεχώρησε
416 1506 499 1541 μηδὲν
521 1506 648 1542 εἰληφώς.
668 1508 722 1534 Καὶ
741 1507 789 1535 τοῦ
806 1509 908 1544 Κυρίου

961 249 1036 276 senis
1054 252 1107 276 est.
1129 249 1341 284 Assumpsitque
1363 257 1418 282 me,
1438 249 1518 282 Veni,
1533 250 1671 286 inquiens,
1688 251 1752 279 vide

960 293 1142 321 obedientiam
1159 294 1244 321 illius.
1257 293 1338 321 Coxit
1353 294 1446 330 itaque
1463 295 1578 329 piscem,
1603 303 1636 322 ac
1658 295 1751 323 dedita

960 345 1042 372 opera
1057 338 1173 370 vitiavit,
1187 339 1371 374 apposuitque
1385 339 1453 366 seni.
1466 338 1518 372 Qui
1532 340 1660 372 comedit,
1675 340 1751 367 locu-

960 388 1005 412 tus
1022 384 1100 411 nihil.
1114 384 1188 411 Dixit
1207 386 1250 412 ei:
1267 385 1360 413 Bonus
1376 390 1429 418 est,
1450 385 1553 413 senex?
1577 385 1748 420 Respondit:

959 429 1095 465 Optimus.
1112 430 1210 458 Postea
1225 432 1249 459 ei
1266 432 1358 459 attulit
1373 431 1512 458 modicum
1527 431 1581 458 cibi
1598 432 1667 459 scite
1680 439 1748 466 pra:-

960 476 1065 510 parati,
1085 476 1353 512 dixitque:Corrupi
1371 477 1435 510 hoc,
1458 484 1556 505 senex.
1582 476 1749 511 Respondit:

959 521 1057 554 Etiam,
1084 529 1230 558 parumper
1256 523 1414 558 corrupisti.
1439 522 1516 550 Tune
1545 523 1579 550 ad
1602 530 1645 550 me
1664 523 1750 550 abbas

960 567 1057 595 Athre:
1074 566 1182 600 Vidisti,
1196 568 1378 596 obedientiam
1391 568 1466 596 senis
1478 576 1540 596 esse
1549 568 1562 595 ’ί
1579 569 1613 596 Et
1627 568 1698 596 exivi
1716 569 1750 595 ab

959 613 1010 646 iis,
1028 621 1142 649 quaeque
1156 615 1288 646 videram,
1303 622 1352 649 pro
1364 614 1434 642 virili
1449 621 1510 642 mea
1526 614 1672 642 custodivi.
1687 613 1750 642 Haec

959 660 1120 695 prolocutus
1138 664 1180 688 est
1196 660 1327 688 fratribus
1342 660 1427 688 abbas
1444 659 1549 688 Sisoes.
1568 659 1644 687 Unus
1659 665 1749 687 autem

958 715 973 733 e
992 706 1072 734 nobis
1095 706 1198 741 rogavit
1226 714 1299 737 eum,
1317 711 1347 732 ut
1376 706 1477 733 laceret
1504 714 1573 741 opus
1595 706 1749 735 charitatis.

959 753 1017 787 ipse
1033 752 1114 779 etiam
1135 751 1245 787 aliquod
1269 751 1381 777 verbum
1405 753 1485 778 nobis
1508 752 1653 787 proferret.
1675 751 1751 779 Unde

959 799 999 826 sic
1026 798 1133 825 locutus
1159 801 1220 825 est:
1237 797 1289 830 Qui
1317 798 1463 830 plurimum
1488 798 1609 825 scientia:
1636 797 1749 828 obtinet,

958 852 1067 871 onmem
1088 843 1197 879 perlicit
1217 843 1400 878 Scripturam.
1416 843 1524 871 Rursus
1538 847 1663 873 nostrum
1679 843 1750 870 alius

925 881 945 909 Β
962 893 1138 924 percontatus
1162 892 1224 917 est:
1251 887 1322 922 Quid
1354 893 1395 915 est
1427 889 1620 924 peregrinatio,
1652 888 1750 916 Pater?

961 935 1132 970 Responsqu
1148 935 1240 963 dedit:
1258 935 1339 968 Tace,
1356 939 1384 962 et
1403 935 1429 961 iu
1448 935 1522 962 omni
1538 935 1609 967 loco,
1624 935 1651 962 in
1668 943 1748 970 quem

960 982 1115 1011 adveneris.
1136 982 1236 1009 dicito:
1255 981 1329 1008 Nihil
1352 981 1439 1009 habeo
1462 981 1579 1016 negotii;
1594 987 1675 1019 atque
1692 981 1750 1008 hinc

959 1034 1002 1058 cst
1014 1030 1209 1066 peregrinatio.
1324 1026 1326 1029 ’

1238 1129 1274 1156 De
1287 1128 1380 1155 abbate
1399 1127 1477 1155 Pior.

996 1186 1022 1213 Ι.
1044 1185 1141 1213 Beatus
1159 1184 1223 1213 Pior
1241 1185 1286 1213 ubi
1308 1184 1380 1219 apud
1393 1184 1511 1220 aliquem
1526 1184 1554 1211 in
1578 1191 1668 1211 messe
1683 1191 1749 1218 ope

960 1240 1017 1260 ram
1036 1235 1183 1263 navasset,
1197 1230 1408 1259 commonefecit
1431 1230 1466 1258 de
1492 1230 1651 1265 accipienda
1675 1237 1750 1256 mer-

959 1279 1027 1306 cede
1041 1287 1047 1306 :
1063 1282 1146 1314 atque
1158 1278 1206 1305 illo
1222 1277 1374 1309 dill'erente,
1392 1277 1472 1305 rediit
1489 1277 1516 1303 in
1541 1275 1748 1304 monasterium.

960 1326 1069 1354 Rursus
1082 1329 1206 1360 tempore
1222 1324 1384 1356 advocante,
1397 1323 1513 1352 messuit
1525 1322 1596 1358 apud
1611 1322 1748 1352 eumdem,

960 1377 987 1400 et
1003 1372 1131 1400 alactiter
1148 1371 1174 1398 in
1186 1378 1256 1405 opus
1269 1370 1410 1401 incubuit,
1427 1376 1545 1403 cumque
1558 1369 1582 1395 is
1601 1368 1668 1395 nihil
1681 1375 1750 1402 pne-

960 1420 1046 1450 beret,
1060 1425 1188 1446 reversus
1208 1422 1250 1445 est
1273 1417 1301 1443 in
1325 1415 1522 1443 monasterium
1546 1422 1639 1441 suum.
1657 1413 1749 1440 Tertio

961 1465 1063 1500 pariter
1089 1463 1225 1498 completo
1252 1469 1336 1493 anno,
1360 1460 1472 1488 solitum
1504 1467 1575 1495 opus
1604 1463 1749 1494 postquam

959 1510 1084 1546 perlecit,
1105 1509 1239 1541 recessit,
1256 1515 1319 1535 cum
1336 1506 1402 1535 nihil
1422 1505 1585 1540 accepisset.
1605 1504 1640 1531 At
1658 1503 1751 1530 Domi-

115 1548 264 1581 ιτάσαντος
291 1550 336 1576 τὸν
354 1551 459 1578 ἐκείνου
477 1549 560 1584 οἶκον,
579 1553 777 1588 ἐπιφερόμενος
797 1554 843 1580 τὸν
866 1562 910 1589 μι-

963 1564 1014 1583 nus
1033 1555 1203 1591 prosperavit
1228 1555 1339 1581 domum
1375 1552 1504 1580 hominis.
1530 1550 1608 1578 Unde
1633 1549 1750 1577 aﬂ'erens

116 1594 191 1627 σθὸν,
213 1596 252 1627 είς
276 1595 311 1622 τὰ
335 1598 503 1633 μοναστήρια
520 1598 636 1634 περιῆγε
652 1598 742 1634 ζητῶν
762 1599 808 1626 τὸν
819 1599 906 1634 ἃγιον.

116 1641 173 1667 Kal
190 1641 266 1676 μόλις
279 1642 365 1677 εὑρὼν
382 1644 473 1675 αὐτὸν,
491 1643 645 1679 προσέπεσε
669 1646 727 1676 τοῖς
753 1647 831 1672 ποσὶν
858 1646 908 1673 αὐ-

115 1687 179 1713 τοῦ·
197 1688 244 1714 καὶ
258 1688 399 1721 ἀποδιδοὺς
413 1689 542 1724 ἔφασκεν,
560 1690 601 1716 ὄτι
619 1690 696 1725 Ἐμοὶ
713 1692 727 1718 ὁ
744 1691 846 1727 Κύριος
855 1692 910 1718 ὰπ-

116 1732 228 1761 έδωκεν.
236 1733 266 1759 'O
277 1733 304 1760 δὲ
316 1734 464 1770 ἐπέτρεψεν
477 1736 550 1772 αὐτῷ
566 1739 716 1773 παρασχεῖν
727 1738 796 1765 αὐτὰ
810 1739 849 1770 είς
859 1739 909 1774 τὴν

116 1779 150 1805 ὲκ
162 1778 267 1814 ιλησίαν
281 1779 321 1814 τῷ
337 1781 525 1817 πρεσϐυτέρῳ.

154 1825 187 1859 β’.
214 1825 243 1852 ’0
267 1825 353 1857 esse;
373 1827 448 1863 Πίιυρ
474 1829 633 1864 περιπατῶν
650 1829 737 1865 ἤσθιε.
752 1829 909 1865 Πυθομένου

116 1871 146 1897 δέ
163 1879 244 1903 τινος,
261 1873 337 1899 Διατί
351 1873 437 1904 οὕτως
451 1874 568 1906 ὲσθίεις;
585 1876 622 1901 Οὐ
640 1875 781 1911 βούλομαι,
795 1876 860 1912 ἔφη,
872 1877 910 1909 ὡς

117 1917 192 1953 ἔργῳ
205 1917 243 1953 τῷ
257 1917 381 1954 βρώματι
396 1920 559 1956 χρήσασθαι,
570 1921 627 1947 ἀλλ’
637 1921 674 1953 ὼς
688 1922 829 1958 παρέργῳ.
841 1923 911 1958 Πρὸς

116 1963 213 1998 ἓτερον
229 1964 257 1990 δὲ
271 1965 334 2000 περὶ
352 1966 448 1993 τούτου
462 1967 641 2001 ἐρωτήσαντα
654 1968 836 2003 ἁπεκρίνατο·
851 1969 910 1995 ’Ὶνα

119 2009 188 2044 μηδὲ
206 2009 234 2036 ἐν
249 2009 288 2045 τῷ
300 2010 412 2042 ἐσθίειν,
422 2013 515 2047 φησιν,
529 2012 625 2048 ἡδονῆς
640 2014 799 2049 σωματικῆς
812 2014 910 2041 αἰσθά-

118 2063 200 2089 νηται
244 2055 316 2093 ψυχή
333 2065 393 2092 μου.

153 2105 189 2134 γ’.
217 2101 340 2135 Ἐγένετό
362 2111 427 2128 ποτε
452 2103 591 2140 συνέδριον
607 2104 636 2130 ὲν
651 2104 750 2139 Σκήτει
766 2105 828 2140 περὶ
843 2112 911 2138 σφας

118 2145 212 2178 λὲντος
226 2146 340 2181 ἀδελφοῦ
350 2155 357 2162 ο
371 2147 420 2174 καὶ
436 2147 547 2175 ἐλάλουν
563 2150 587 2175 οἱ
600 2149 722 2185 Πατέρες
735 2158 741 2164 ·
759 2150 773 2176 ὁ
786 2150 814 2176 δὲ
825 2150 912 2182 ἀὸὁᾶς

119 2192 197 2228 Πίωρ
214 2193 334 2221 ἐσιώπα·
353 2194 467 2231 ὓστερον
483 2196 511 2222 δὲ
525 2196 644 2228 ἀναστὰς
670 2197 775 2232 ἐξῆλθε,
793 2198 839 2224 καὶ
863 2197 912 2225 λα-

119 2238 177 2264 σὼν
203 2239 313 2273 σάκκον,
328 2241 471 2276 ἐπλήρωσε
490 2241 616 2277 ψάμμου,
634 2242 681 2269 καὶ
704 2243 853 2269 ὲὸάστασεν
873 2243 913 2274 είς
929 2237 950 2264 Ῑ)

117 2285 166 2311 τὸν
173 2281 248 2320 ὦμον
260 2286 355 2312 αὑτοῦ*
364 2287 410 2314 καὶ
421 2287 512 2314 λαῦὼν
518 2287 540 2303 δ’
548 2289 588 2319 εἰς
598 2288 714 2322 μαλάκιν
723 2289 744 2304 ⁵³
753 2288 850 2324 μικρὸν
861 2288 912 2323 τῆς

118 2331 247 2367 ψάμμου,
263 2333 413 2363 ἐϐάστασεν
432 2333 597 2369 ἔμπροσθεν.
607 2335 805 2370 Ἐπερωτηθεὶς
817 2334 846 2361 δὲ
860 2333 912 2361 ὑπὸ

118 2380 174 2405 τῶν
191 2379 330 2415 Πατὲρων,
347 2381 372 2407 τί
386 2381 419 2408 ἄν
432 2381 474 2415 εἴη
491 2382 570 2408 τοῦτο
582 2402 590 2414 ,
608 2382 698 2417 λέγει·
714 2379 797 2413 Οὗτος
813 2383 827 2408 ό
847 2381 914 2408 σάκ-

119 2433 169 2457 κος
181 2426 195 2452 ό
206 2426 275 2461 ἔχων
289 2426 338 2462 τὴν
353 2426 451 2462 πολλὴν
468 2427 580 2463 ψάμμον
593 2428 627 2455 τὰ
642 2428 698 2463 ἐμά
709 2429 768 2454 ἐστι
786 2428 839 2464 πλη
844 2436 914 2463 μμε-

119 2471 241 2506 λήματα,
255 2473 296 2499 ὅτι
307 2472 393 2499 πολλά
406 2474 464 2500 ἐστι
474 2482 481 2489 ·
496 2475 543 2500 καὶ
559 2474 653 2509 ἀφῆκα
668 2474 738 2500 αὐτά
750 2474 837 2500 ὀπίσω
850 2482 913 2509 μου,

119 2517 169 2543 τοῦ
194 2518 231 2553 μὴ
254 2519 370 2553 πονῆσαι
396 2519 460 2554 περὶ
483 2520 574 2545 αὐτῶν
586 2520 633 2546 καὶ
645 2520 779 2546 κλαῦσαι-
795 2520 842 2547 καὶ
858 2520 912 2546 ίδοὺ

119 2563 207 2590 ταῦτα
222 2564 257 2590 τὰ
277 2565 361 2600 μικρὰ
374 2565 421 2592 τοῦ
436 2566 551 2600 ἀδελφοῦ
567 2575 618 2601 μου
634 2565 790 2602 ἔμπροσθέν
806 2566 857 2601 μού
876 2567 914 2592 εί-

123 2618 162 2640 σι,
178 2610 225 2637 καὶ
236 2611 277 2642 είς
289 2610 359 2637 αὐτὰ
374 2611 511 2648 ἀδολεσχῶ
534 2613 635 2649 κρίνων
656 2613 748 2640 αὐτόν,
765 2613 803 2639 Οὐ
820 2612 873 2648 χρὴ
886 2611 914 2638 δὲ

959 1603 1124 1634 mercedem,
1153 1609 1202 1636 per
1226 1599 1393 1627 monasteria
1421 1597 1567 1628 circuibat,
1602 1595 1750 1631 quaerendo

960 1653 1096 1676 sanctum.
1112 1647 1172 1681 Quo
1186 1648 1230 1674 vix
1249 1648 1360 1674 invento
1373 1664 1380 1676 ,
1397 1644 1513 1679 procidit
1531 1643 1564 1671 ad
1580 1643 1662 1678 pedes
1678 1641 1748 1677 ejus,

959 1694 1113 1722 mercedem
1136 1694 1234 1727 solvit,
1259 1693 1404 1727 dixitque:
1427 1690 1493 1717 Mihi
1510 1689 1643 1717 Dominus
1666 1688 1750 1722 largi-

959 1743 1005 1768 tus
1015 1744 1067 1768 est.
1088 1739 1136 1767 Ille
1149 1746 1213 1766 vero
1239 1738 1379 1765 mandavit
1403 1740 1434 1764 ut
1457 1736 1576 1764 traderet
1590 1733 1750 1770 presbytero

960 1787 988 1813 in
1006 1785 1133 1813 ecclesia.

993 1831 1021 1859 2.
1044 1831 1101 1867 (l5)
1122 1831 1213 1857 Abbas
1239 1829 1302 1857 Pior
1327 1829 1492 1856 ambulando
1517 1826 1686 1854 comedebat.
1717 1825 1751 1851 Et

961 1879 1145 1913 inter-ragaute
1160 1876 1278 1911 quodam
1293 1883 1378 1910 quare
1397 1875 1437 1902 sic
1458 1873 1654 1901 manducaret:
1671 1871 1749 1902 Nolo,

961 1923 1059 1958 inquit,
1080 1927 1211 1957 tanquam
1224 1929 1306 1956 opere
1325 1921 1386 1947 cibo
1406 1921 1456 1952 uti,
1475 1919 1523 1948 sed
1538 1924 1668 1954 tauquam
1686 1924 1752 1952 ope-

962 1970 1000 1996 ris
1015 1969 1171 1996 corollario.
1190 1967 1232 1994 Ad
1245 1967 1329 1993 alium
1341 1973 1406 1993 vero
1419 1965 1514 1993 eadem
1531 1965 1565 1992 de
1583 1972 1614 1991 re
1634 1970 1750 1999 percon-

961 2019 1075 2046 tantem,
1095 2013 1258 2048 respondit:
1276 2010 1312 2038 Ut
1335 2019 1369 2038 ne
1393 2009 1505 2045 quidem
1527 2009 1555 2036 in
1583 2008 1752 2036 comedenda

961 2067 1120 2095 corpoream
1135 2059 1300 2094 voluptatem
1318 2057 1420 2085 sentiat
1434 2057 1524 2083 anima
1541 2064 1610 2083 mea.

969 2118 980 2133 ι
996 2106 1023 2134 5.
1044 2105 1099 2142 (td)
1126 2104 1226 2132 Factus
1241 2109 1283 2132 est
1307 2103 1457 2138 aliquando
1470 2106 1622 2129 conventus
1634 2101 1661 2128 in
1679 2100 1752 2129 Sceti

961 2153 997 2180 ob
1014 2152 1126 2179 fratrem
1144 2150 1191 2186 qui
1205 2153 1365 2185 peccaverat
1380 2159 1385 2175 :
1404 2152 1432 2176 et
1443 2148 1625 2183 loquebantur
1640 2146 1751 2174 Patres:

964 2199 1047 2226 abbas
1078 2202 1169 2225 autem
1190 2196 1254 2224 Pior
1278 2197 1401 2228 tacebat;
1429 2199 1522 2230 postea
1549 2202 1612 2222 vero
1637 2201 1753 2229 surgens

965 2251 1094 2279 egressus
1122 2246 1174 2275 est,
1209 2241 1327 2277 sumpsit
1358 2248 1482 2273 saccum,
1509 2248 1591 2267 arena
1620 2240 1752 2275 implevit,

965 2290 1146 2325 portabatque
1161 2295 1243 2323 super
1260 2288 1404 2314 humerum
1429 2294 1508 2314 suum
1525 2297 1532 2312 :
1550 2286 1660 2313 mittens
1684 2294 1754 2320 quo-

965 2342 1019 2368 que
1031 2334 1058 2361 in
1078 2334 1236 2369 sportellam
1255 2341 1350 2368 parum
1373 2340 1473 2365 arenae,
1498 2333 1609 2368 gerebat
1629 2336 1693 2359 ante
1712 2340 1751 2360 se.

967 2380 1153 2414 Interrogatus
1177 2383 1268 2406 autem
1294 2386 1309 2405 a
1338 2378 1484 2408 Patribus.
1500 2377 1565 2412 quid
1595 2377 1647 2404 hoc
1668 2381 1752 2408 esset,

966 2426 1037 2453 dixit
1053 2435 1060 2453 :
1077 2424 1181 2452 Saccus
1204 2424 1256 2451 iste
1273 2425 1319 2458 qui
1345 2424 1467 2451 continet
1492 2430 1602 2450 arenam
1629 2423 1752 2452 multam,

968 2480 1026 2499 mea
1046 2475 1111 2499 sunt
1128 2475 1250 2505 peccata,
1267 2470 1397 2505 quoniam
1417 2470 1502 2496 multa
1514 2473 1589 2500 sunt,
1614 2473 1641 2496 et
1660 2468 1754 2496 dimisi

967 2526 999 2544 ea
1015 2525 1030 2544 a
1045 2522 1121 2552 tergo
1137 2523 1209 2548 meo,
1235 2524 1269 2544 ne
1285 2517 1391 2544 doleam
1409 2516 1444 2543 de
1463 2515 1517 2542 illis
1534 2522 1567 2541 ac
1583 2515 1702 2550 plorem;
1719 2522 1752 2542 eu

968 2558 1033 2590 vero
1046 2569 1130 2598 parva
1149 2561 1206 2590 bene
1219 2561 1312 2589 fratris
1324 2562 1388 2593 mei,
1400 2565 1464 2588 ante
1476 2568 1520 2587 me
1537 2564 1613 2593 sunt,
1631 2565 1713 2596 atque
1726 2561 1754 2587 in

967 2609 1002 2637 iis
1016 2616 1060 2636 me
1074 2615 1207 2639 exerceo,
1229 2608 1356 2642 judicans
1379 2614 1452 2635 eum.
1468 2606 1528 2633 Non
1546 2610 1652 2641 oportet
1672 2613 1754 2642 porro

160 2691 185 2708 “
197 2691 242 2719 Al.
268 2691 352 2719 inser.
372 2692 479 2728 μικρόν.
517 2692 539 2708 δι
552 2692 594 2719 Al.
610 2693 693 2720 inser.
703 2693 782 2720 κατά.
822 2693 845 2708 δ’
859 2692 902 2719 Al.

963 2691 1015 2719 .ών.
1053 2690 1077 2706 ⁵³
1093 2690 1135 2717 Al.
1152 2689 1294 2725 μαλάκιον.

158 2759 215 2794 (12)
237 2760 270 2796 Τί
285 2759 350 2787 ἐστι
362 2760 499 2792 ξενιτείω.
525 2760 572 2787 Sic
588 2760 701 2788 cﬂertur
717 2761 913 2796 Apoplitliegma

123 2797 151 2823 in
167 2804 219 2823 IIIS.
236 2794 322 2831 Regio
337 2796 389 2823 95‘2
407 2804 413 2822 :
428 2796 582 2831 νῊρωτήθη
601 2796 706 2831 γέρων·
721 2797 753 2823 Τί
769 2794 826 2823 ἑστι
844 2795 913 2828 ξενι-

121 2831 200 2861 τεία;
217 2830 266 2866 καὶ
275 2829 352 2857 εἶπεν
364 2839 370 2845 ·
386 2829 479 2857 Σιώπα
489 2831 548 2857 ’καὶ
560 2829 706 2857 εἰπε-Ὀὐκ
720 2832 774 2866 ἔχω
785 2832 911 2866 πρᾶγμα·

124 2866 174 2894 καὶ
187 2865 267 2893 τοῦτο
283 2866 354 2892 ποίει
369 2866 398 2892 ὲν
424 2867 504 2893 παντὶ
522 2866 610 2902 καιρῷ
624 2867 671 2893 καὶ
689 2865 762 2902 τόπῳ
780 2865 826 2893 καὶ
843 2867 912 2902 π(ιά-

964 2769 1066 2796 γματι·
1080 2760 1128 2796 καὶ
1139 2758 1208 2796 alim
1225 2759 1326 2796 ἐστὶνῌη
1341 2758 1442 2796 ἀληθὴς
1457 2758 1583 2796 ξενιτῖείατ

1000 2795 1056 2830 (15)
1082 2794 1134 2821 Vit.
1150 2791 1226 2820 Patr.
1244 2802 1280 2825 Iv,
1296 2791 1438 2826 53;.loan.
1457 2793 1552 2821 Gcom.
1574 2791 1675 2820 Parad.
1700 2791 1756 2824 50;,

967 2831 1097 2858 Socrates
1113 2838 1150 2859 iv.
1162 2830 1207 2856 ‘23.

1003 2866 1057 2901 (14)
1082 2864 1135 2892 Vit.
1154 2864 1229 2891 Pulr.
1247 2872 1282 2897 l.\',
1298 2866 1313 2892 9
1327 2873 1333 2895 ;
1348 2863 1414 2892 Joau
1445 2864 1538 2892 Gcom.
1554 2862 1653 2890 Parad.
1672 2860 1716 2888 66.
