1970 3074
199 141 252 171 379

765 142 937 170 APPENDIX
957 143 1002 169 AD
1024 142 1232 170 PALLADIUM.

1777 142 1830 169 380

198 201 270 228 diam
290 203 317 227 et
333 199 359 226 in
376 199 428 226 boc
442 199 507 226 etin
523 199 614 227 futuro
634 200 744 227 saeculo.
762 199 832 228 Dicit
847 201 984 228 latronum

1050 202 1117 236 λέγει
1132 203 1146 228 ὁ
1160 201 1325 238 ἀρχιλῃστὴς
1335 208 1341 213 ”
1357 199 1480 226 Πιστεύω
1507 198 1545 234 τῷ
1559 197 1628 234 Θεῷ,
1642 199 1683 225 ὅτι
1708 198 1761 225 ἀπὸ
1781 199 1829 225 τοῦ

200 248 304 282 primus
317 255 324 273 :
337 245 450 272 Conﬁdo
466 245 493 272 in
513 245 578 276 Deo,
592 246 664 280 quod
681 246 715 273 ab
737 247 790 273 isto
807 251 930 280 tempore
942 255 990 274 nc-

202 292 267 319 mini
290 292 390 318 malum
414 293 538 319 facturus
568 292 630 319 sim.
656 291 688 319 Et
710 293 830 319 lucratus
845 298 888 320 est
907 301 990 320 senex

203 342 290 364 totum
314 338 450 364 latronum
466 338 621 373 collegium,
642 338 804 365 dimittendo
823 343 934 373 propter
943 338 991 366 Do-

201 384 305 411 minum
322 384 488 410 voluntatem
509 392 597 411 suam.

237 431 262 458 5.
286 431 387 457 [tetulit
413 431 498 457 abbas
521 429 643 462 Pwmen,
666 429 769 457 dixisse
793 429 917 457 abbatem
943 429 991 456 Pa-

200 477 345 511 phnutium
360 485 366 502 :
384 475 500 502 Cunctis
514 474 610 502 diebus
627 475 689 501 vit-.e
703 482 810 506 senum,
834 475 876 502 bis
896 475 990 510 singu-

200 523 235 549 lis
264 521 403 548 mensibus
429 520 485 548 adii
511 528 570 552 eos,
599 520 714 547 dissitas
737 520 826 555 spatio
845 520 989 547 duodecim

201 569 372 600 milliarium,
390 572 417 595 et
427 567 560 602 quidquid
577 567 760 601 cogitaveram
775 566 928 600 aperiebam
939 567 989 599 eis,

201 623 252 644 nec
283 614 431 650 quidquam
449 612 524 640 aliud
547 612 759 647 respondebant,
785 616 885 647 praeter
911 612 988 640 hoc:

202 661 243 688 Ad
258 667 449 696 quemcunque
466 659 554 686 locum
569 659 735 694 porrexeris,
755 666 789 686 ne
803 658 925 687 metiaris
945 663 988 692 te;

201 716 233 734 ac
251 708 277 734 in
295 707 386 741 quiete
405 705 496 740 deges.

236 755 262 782 4.
283 754 312 780 lu
329 752 402 779 Secti
420 751 536 785 degebat
552 758 613 777 cum
638 751 736 777 abbate
758 750 913 785 Paplmntio
929 751 990 785 qui-

200 800 265 825 dam
284 798 379 829 frater,
397 797 443 831 qui
458 797 670 831 impugnabatur
684 795 717 822 ad
729 796 948 828 fornicationem,
963 802 989 822 et

201 844 312 872 dicebat
326 852 332 870 :
349 842 480 875 Quamvis
493 842 587 869 decem
604 850 703 869 uxores
717 849 858 876 accepero,
875 849 930 868 non
943 850 990 868 cx-

200 891 281 926 plebo
309 889 488 924 cupiditatem
515 896 614 914 meam.
631 888 717 915 Senex
740 896 805 915 vero
829 872 1026 915 hortabatur.B

200 936 243 964 his
259 936 372 963 verbis:
392 934 588 969 Nequaquam,
607 934 664 967 fili;
690 934 859 969 impugnatio
879 937 921 961 est
935 933 990 960 da:-

200 990 324 1011 monum.
344 982 378 1009 At
393 981 438 1009 ille
456 981 544 1008 noluit
561 981 767 1015 obtemperare,
784 980 830 1008 sed
851 979 991 1015 profectus

199 1031 244 1056 est
260 1027 287 1054 in
302 1026 449 1061 [Egyptum
463 1047 470 1058 ,
493 1026 540 1052 ubi
561 1025 638 1052 duxit
654 1033 776 1052 uxorem.
797 1024 862 1052 Post
881 1024 991 1059 aliquod

201 1077 310 1108 tempus
327 1071 443 1107 contigit
455 1075 483 1099 ut
496 1079 578 1098 senex
597 1071 624 1098 in
640 1070 788 1106 Egyptum
806 1071 967 1098 ascenderet
982 1080 990 1098 :

201 1120 257 1147 illic
277 1118 389 1146 olfendit
408 1126 471 1146 enm
499 1123 653 1153 portantem
681 1117 819 1152 sportulas
838 1121 971 1144 testarum
983 1137 990 1148 ,

202 1172 252 1192 nec
267 1164 387 1199 agnovit.
407 1163 455 1190 sed
484 1164 542 1198 ipse
559 1163 597 1189 ait
617 1163 696 1190 seni:
728 1162 783 1197 Ego
812 1170 872 1189 sum
892 1162 937 1189 ille
952 1162 991 1189 di-

203 1210 326 1244 scipulus
347 1213 419 1236 tuus.
447 1208 534 1236 Senex
561 1213 651 1235 autem
675 1209 792 1235 intuitus
815 1216 876 1235 eum
894 1208 921 1235 in
948 1209 992 1235 illa

203 1255 371 1289 dejectione.
396 1255 468 1282 ﬂevit
496 1254 619 1289 dixitque
644 1263 653 1281 τ
685 1254 829 1287 Quomodo
863 1254 992 1281 dimisisti

202 1301 335 1328 honorem
366 1301 453 1332 illum,
486 1306 512 1327 et
535 1301 632 1327 venisti
658 1300 691 1327 ad
719 1300 992 1327 dehonestamentum

203 1347 272 1375 hoc?
286 1347 385 1380 Verum
403 1347 572 1381 acccpistine
585 1346 679 1373 decem
693 1346 810 1373 uxores?
822 1345 869 1373 Ille
880 1346 994 1381 ingemi-

205 1401 297 1426 scens,
323 1392 486 1428 respondit:
513 1391 584 1419 Sane
605 1392 713 1418 unicam
728 1391 804 1422 duxi.
823 1397 850 1418 et
865 1391 994 1418 aerumnis

204 1437 347 1469 conﬁcior,
375 1445 431 1472 quo
456 1444 526 1472 pane
544 1437 618 1463 illam
644 1443 765 1471 pascam.
785 1435 862 1463 Tunc
878 1436 912 1464 ad
931 1443 994 1463 eum

205 1490 307 1511 senex:
325 1483 471 1510 Revertere
483 1481 636 1509 nobiscum.
659 1481 768 1515 Excepit
783 1490 791 1507 :
808 1481 890 1508 Estne
906 1480 994 1515 punni-

205 1531 300 1561 tentia:
315 1530 403 1564 locus,
417 1530 508 1557 abba?
521 1529 579 1560 Est,
596 1529 693 1564 inquit.
712 1528 823 1556 Relictis
834 1536 898 1564 ergo
909 1528 998 1555 omni-

206 1578 258 1604 bus
277 1580 389 1603 secutus
418 1579 461 1602 cst
479 1578 598 1606 eum;et
615 1573 716 1600 Sectim
734 1574 884 1608 ingressus,
901 1573 936 1600 ab
951 1580 998 1600 ex-

207 1623 359 1658 perimento
380 1621 469 1649 evasit
484 1621 588 1656 probus
607 1620 768 1647 monachus.

243 1669 270 1696 5.
298 1667 421 1694 Fratrem
446 1667 474 1694 in
500 1666 647 1694 solitudine
661 1665 809 1693 Thebaidis
827 1673 1000 1692 commoran-

208 1717 263 1743 tem
279 1713 362 1740 subiit
376 1713 429 1739 ista
444 1712 591 1747 cogitatio:
611 1711 680 1744 Quid
699 1711 777 1739 sedes
793 1711 1000 1738 infructuosus?

210 1759 309 1794 Surge,
341 1759 385 1786 abi
418 1758 452 1785 ad
479 1759 694 1790 monasterium,
712 1759 748 1785 ibi
775 1758 892 1785 fructum
918 1758 998 1785 feres.

209 1804 305 1839 Itaque
321 1811 448 1840 surgens,
464 1804 539 1831 venit
566 1805 599 1831 ad
619 1805 744 1831 abbatem
761 1803 956 1839 Paphnutium,
973 1808 1000 1831 et

209 1849 360 1877 declaravit
382 1850 407 1877 ei
432 1850 636 1884 cogitationem.
658 1849 762 1877 Monuit
779 1857 861 1878 senex
880 1859 886 1876 :
911 1849 977 1876 Redi
991 1869 999 1882 ,

210 1896 273 1923 sede
288 1895 314 1922 in
331 1895 398 1922 cella
413 1899 479 1929 tua;
497 1895 538 1922 fac
550 1903 631 1922 unam
644 1895 796 1922 Orationem
812 1902 901 1927 mane,
917 1903 999 1922 unam

211 1939 329 1975 vesperi,
357 1947 440 1966 unam
463 1945 564 1972 noctu;
585 1947 647 1966 cum
671 1940 816 1971 esurieris,
846 1940 1000 1974 manduca;

211 1993 273 2012 cum
300 1985 420 2015 sitieris,
443 1984 521 2017 bibe;
550 1992 612 2011 cum
635 1993 732 2011 somno
757 1989 878 2013 tentatus
905 1985 999 2018 fueris,

211 2031 316 2063 dormi;
342 2038 374 2057 ac
389 2038 502 2057 remane
526 2031 552 2056 in
577 2038 686 2063 eremo;
709 2039 759 2057 nec
782 2031 940 2066 cogitationi
962 2031 1001 2058 illi

212 2075 385 2110 obsequaris.
406 2075 531 2102 Accessit
552 2075 634 2102 etiam
662 2075 694 2102 ad
716 2076 842 2103 abbatem
859 2076 1000 2108 Joannem,

214 2121 436 2155 renuntiavitque
464 2121 488 2148 ei
512 2121 594 2148 verba
623 2121 729 2148 abbatis
751 2121 906 2157 I’aplmutii.
932 2121 1002 2149 Dicit

214 2167 300 2195 abbas
327 2165 468 2194 Joannes:
498 2166 537 2194 Ne
567 2168 679 2194 omnino
705 2169 857 2195 orationem
884 2169 1001 2202 feceris;

1041 247 1088 275 νῦν
1098 249 1128 274 οὺ
1145 248 1181 283 μὴ
1197 247 1372 281 κακοποιήσω
1392 245 1463 272 τινά.
1480 246 1535 272 Καὶ
1553 245 1699 279 ἐκέρδησεν
1713 246 1727 271 ὁ
1740 245 1829 280 γέρων

1040 294 1099 320 ὅλον
1111 294 1158 320 τὸν
1170 293 1295 328 κολήγιον
1304 293 1337 324 ⁵³,
1354 292 1433 326 ἀφεὶς
1458 291 1488 317 τὸ
1511 290 1615 326 θέλημα
1628 290 1710 316 αὑτοῦ
1724 291 1767 316 δια
1783 289 1828 316 τδν

1041 340 1142 376 Κύριον
1151 339 1184 366 ⁸⁵.

1075 431 1110 461 γ’.
1130 425 1213 454 Εἶπεν
1227 427 1241 452 ὁ
1256 425 1342 456 ἀὸϐἆς
1357 423 1474 459 Ποιμὴν,
1489 423 1530 449 ὅτι
1544 422 1636 456 ἔλεγεν
1649 423 1663 448 ὁ
1676 421 1762 452 ἀὸὄᾶς
1775 422 1830 447 [Ια-

1040 474 1177 509 φνοὺτιος·
1194 473 1240 504 Εἰς
1257 472 1347 503 πάσας
1369 471 1420 502 τὰς
1442 469 1547 505 ἡμέρας
1561 469 1611 504 τῆς
1632 467 1704 503 ζωῆς
1715 468 1769 494 τῶν
1784 475 1830 500 γε-

1041 520 1152 555 ρόντων,
1169 518 1210 549 δ⁶ις
1234 517 1280 544 τὸν
1297 517 1369 552 μῆνα
1395 515 1548 550 παρέϐαλον
1572 514 1673 544 αὺτοῖς,
1691 513 1760 547 ἔχων
1782 513 1829 538 ἀπ’

1039 564 1128 592 αὐτῶν
1139 565 1170 591 τὸ
1178 564 1315 599 διάστημα
1330 563 1406 598 μίλια
1417 562 1532 594 δώδεκα,
1541 562 1587 587 καὶ
1601 560 1689 586 πάντα
1700 558 1831 593 λογισμὸν

1040 611 1132 645 ἔλεγον
1146 611 1247 642 αὐτοῖς,
1261 610 1308 636 καλ¹
1321 609 1397 635 οὐδέν
1418 617 1462 643 μοι
1475 608 1567 643 ἕτερον
1585 606 1687 640 ἔλεγον,
1708 605 1724 640 ἢ
1739 604 1829 634 τοῦτο,

1040 658 1080 684 ὅτι
1098 657 1144 688 Εἰς
1159 657 1188 683 ὂν
1207 657 1238 683 ἂν
1250 657 1331 682 τόπον
1343 655 1474 691 ἀπέλθῃς,
1492 654 1529 689 μὴ
1549 653 1657 688 μετρεῖς
1669 650 1831 681 ὲαυτὸν,γ.αὶ

1040 704 1089 739 ἔσῃ
1101 702 1319 736 ἀναπαυόμενος.

1075 749 1106 775 δ’.
1127 747 1181 774 Ἦν
1196 756 1238 778 τις
1253 746 1367 780 ἁδελφὸς
1381 746 1419 776 εἰς
1435 745 1533 779 Σκῆτιν
1552 742 1620 777 μετὰ
1631 741 1676 768 τοῦ
1689 741 1761 767 ἀδεᾶ
1773 741 1830 766 Πα-

1041 794 1176 830 φνουτίου,
1192 793 1240 820 καὶ
1258 791 1418 826 ἐπολεμεῖτο
1438 791 1477 821 εἰς
1498 789 1636 824 πορνείαν,
1653 788 1700 813 καὶ
1721 786 1830 820 ἔλεγεν·

1047 839 1110 866 Ἐὰν
1127 838 1201 865 λάϐω
1220 838 1286 864 δέκα
1301 837 1442 871 γυναῖκας,
1459 835 1490 861 οὺ
1511 833 1606 869 πληρῶ
1619 833 1668 868 τὴν
1683 831 1832 866 ἐπιθυμίαν

1043 895 1103 921 μου.
1113 885 1141 912 Ὀ
1156 885 1184 911 δὲ
1200 884 1290 919 γέρων
1306 882 1454 917 παρεκάλει
1469 881 1556 914 λέγων
1566 887 1573 894 ’
1588 879 1642 913 Μὴ,
1656 878 1766 904 τέκνον·
1782 877 1831 902 πό-

1041 932 1123 967 λεμός
1144 932 1204 958 ἐστι
1220 929 1273 956 τῶν
1295 929 1441 963 δαιμόνων.
1465 927 1520 954 Καὶ
1544 926 1594 951 οὐκ
1615 924 1727 958 ἐπεισοη
1740 931 1746 938 ·
1765 922 1832 949 ἀλλὰ

1042 976 1163 1011 ἀπῆλθεν
1178 976 1218 1006 εἰς
1234 974 1382 1008 Αἴγυπτον,
1398 972 1445 999 καὶ
1464 971 1544 998 ἔλαϐε
1560 970 1684 1004 γυναῖκα.
1710 968 1787 995 Μετὰ
1803 967 1833 993 δὲ

1041 1020 1137 1056 χρόνον
1159 1019 1267 1053 ἐγένετο
1289 1017 1422 1053 ἀναϐῆναι
1438 1016 1483 1042 τὸν
1496 1015 1612 1051 γέροντα
1630 1015 1669 1045 εἱς
1684 1013 1833 1047 Αἴγυπτον,

1042 1068 1090 1094 καὶ
1105 1065 1261 1100 ἀπαντῆσαι
1275 1064 1356 1091 αὐτὸν
1377 1063 1546 1098 βαστάζοντα
1561 1061 1689 1096 σπυρίδια
1697 1061 1720 1076 ⁸⁵
1735 1059 1834 1094 ὀστρά-

1042 1120 1116 1140 κων·
1138 1113 1153 1139 ὁ
1175 1111 1203 1137 δὲ
1225 1110 1315 1145 γέρων
1330 1109 1379 1135 οὒκ
1393 1108 1540 1143 ἐγνώρισεν
1564 1107 1661 1133 αὐτόν·
1676 1105 1734 1133 ἀλλ’
1751 1105 1834 1136 αὐτὸς

1042 1159 1116 1192 λέγει
1129 1156 1217 1192 αὐτῷ’
1238 1155 1309 1190 Ἐγώ
1324 1156 1382 1190 ειμι
1407 1155 1421 1180 ὀ
1446 1154 1520 1180 δεῖνα.
1534 1154 1548 1180 ὁ
1563 1151 1686 1187 μαθητής
1701 1159 1758 1177 σου.
1778 1150 1836 1177 Καὶ

1045 1205 1106 1232 ἰδὼν
1127 1203 1208 1230 αὑτὸν
1232 1203 1246 1229 ὁ
1269 1202 1359 1237 γέρων
1378 1202 1407 1227 ὲν
1429 1202 1462 1236 τῇ
1479 1199 1575 1234 ἀτιμίᾳ.
1591 1198 1692 1233 ἐκείνῃ,
1707 1197 1834 1228 ἔκλαυσε,

1044 1251 1092 1278 καὶ
1108 1247 1184 1276 εἷπε·
1200 1247 1261 1280 Πῶς
1280 1247 1389 1282 ἀφῆκας
1403 1246 1452 1281 τὴν
1468 1245 1550 1280 τιμὴν
1561 1244 1679 1279 ἐκείνην,
1693 1243 1739 1269 καὶ
1754 1240 1835 1278 ἦλθες

1044 1298 1084 1328 εἰς
1100 1296 1149 1332 τὴν
1159 1295 1271 1330 ἀτιμίαν
1283 1294 1385 1328 ταύτην
1396 1301 1404 1325 ;
1418 1292 1487 1327 πλὴν
1499 1291 1594 1322 ἐλαὸες
1605 1290 1654 1322 τὰς
1666 1290 1730 1316 δέκα
1743 1290 1837 1323 γυναῖ-

1045 1351 1109 1375 κας;
1127 1342 1182 1369 Καὶ
1199 1340 1331 1372 στενάξας
1347 1338 1422 1366 εἷπε-
1435 1339 1517 1365 Φύσει
1534 1337 1597 1372 μίαν
1613 1336 1717 1367 ἔλαϐον,
1730 1336 1775 1361 καὶ
1786 1343 1835 1360 τα-

1044 1388 1175 1424 λαιπωρῶ
1189 1388 1246 1419 πῶς
1262 1387 1346 1421 αὐτὴν
1356 1386 1482 1422 χορτάσω
1497 1385 1588 1419 ἄρτον,
1604 1382 1659 1409 Καὶ
1671 1381 1746 1415 λέγει
1762 1380 1836 1414 αὐτῷ

1045 1436 1059 1462 ὁ
1076 1436 1180 1471 γέρων·
1205 1433 1290 1469 Δεῦρο
1313 1433 1394 1459 πάλιν
1411 1431 1468 1466 μεθ’
1483 1430 1570 1465 ἡμῶν.
1583 1428 1638 1455 Καὶ
1662 1425 1752 1454 εἶπεν⁸
1776 1426 1839 1453 Ἐνι

1048 1483 1186 1519 μετάνοια.
1204 1480 1293 1513 ἀ66ἇ;
1316 1480 1345 1506 '0
1359 1479 1388 1505 δὲ
1405 1476 1497 1504 εἶπεν·
1514 1477 1583 1502 Ἐνι.
1605 1475 1660 1501 Kal.
1674 1473 1839 1507 καταλείψας

1048 1530 1148 1559 πάντα,
1162 1526 1345 1562 Ιιικολούθηιςεν
1361 1524 1442 1551 αὐτόν
1452 1531 1460 1539 ⁶
1473 1522 1520 1550 καὶ
1535 1521 1663 1548 εἰσελθὼν
1676 1521 1716 1551 εις
1727 1519 1838 1554 Σκῆτιν,

1049 1574 1102 1601 ἀπὸ
1115 1575 1165 1609 τῆς
1181 1573 1279 1608 πείρας
1295 1571 1391 1606 γέγονε
1403 1570 1514 1605 δόκιμος
1533 1567 1659 1604 μοναχός.

1085 1662 1116 1691 ε’.
1142 1660 1262 1696 Ἀδελφῷ
1277 1661 1306 1686 ὲν
1317 1661 1349 1695 τῇ
1366 1659 1463 1694 ἐρήμῳ
1479 1656 1625 1692 καθημένῳ
1637 1655 1687 1690 τῆς
1696 1652 1839 1688 Θηϐαΐδος,

1048 1708 1130 1745 ἦλθεν
1159 1707 1233 1742 αὐτῷ
1256 1705 1395 1741 λογισμὸς,
1420 1705 1523 1738 λέγων·
1550 1703 1582 1729 Τί
1603 1701 1675 1738 κάθῃ
1697 1701 1840 1735 ἄκαρποςς

1050 1756 1164 1786 ἀνάστα,
1181 1754 1269 1787 ὕπαγε
1294 1755 1333 1784 εἰς
1352 1751 1495 1782 κοινόϐιον,
1521 1750 1568 1776 καὶ
1588 1750 1645 1775 ἐκεῖ
1662 1749 1748 1778 ποιεῖς
1771 1754 1842 1779 κιρ-

1050 1803 1112 1828 ττὸν.
1129 1802 1183 1828 Καὶ
1204 1801 1323 1831 ἀναστὰς
1337 1798 1401 1834 ἦλθε
1419 1798 1487 1833 πρὸς
1505 1797 1550 1823 τὸν
1564 1795 1650 1822 ἀῧὸᾶν
1662 1793 1841 1828 Παφνούτιον,

1051 1848 1098 1874 καὶ
1114 1847 1274 1883 ἀνήγγειλεν
1289 1845 1362 1880 αὑτῴ
1385 1845 1430 1871 τὸν
1450 1842 1590 1877 λογισμόν.
1607 1841 1661 1867 Καὶ
1679 1840 1752 1873 λέγει
1768 1838 1842 1871 αὑτῷ

1050 1894 1182 1930 ὁγέρων·
1201 1893 1323 1926 ’⁷Υπαγε,
1348 1891 1431 1918 κάθου
1459 1891 1498 1920 εἰς
1523 1889 1552 1914 τὸ
1579 1886 1683 1914 κελλίον
1712 1892 1775 1911 σου·
1796 1884 1842 1910 καὶ

1051 1941 1123 1966 ποίει
1141 1939 1205 1971 μίαν
1219 1938 1302 1974 εὐχὴν
1317 1937 1399 1972 πρωϊ,
1415 1936 1461 1962 καὶ
1475 1934 1539 1970 μίαν
1552 1933 1682 1967 ἑσπέρας,
1706 1931 1753 1957 καὶ
1778 1929 1849 1964 μίαν.

1051 1986 1100 2019 τὴν
1113 1985 1212 2011 νύκτα·
1236 1984 1284 2010 καὶ
1297 1983 1360 2009 ὅταν
1376 1981 1481 2016 πεινᾷς,
1498 1978 1580 2013 φάγε,
1598 1976 1646 2003 καὶ
1666 1976 1729 2001 ὅταν
1752 1973 1842 2008 διψᾷς,

1052 2032 1108 2063 πίε,
1122 2031 1168 2057 καὶ
1191 2030 1255 2056 ὅταν
1277 2027 1422 2062 νυστὰζῃς,
1440 2024 1545 2061 κοιμῶ·
1563 2024 1609 2050 καὶ
1631 2022 1693 2057 μένε
1708 2022 1748 2051 εἰς
1762 2020 1850 2055 γῆνη»

1052 2078 1170 2112 ἔρημον
1187 2075 1234 2101 καὶ
1255 2074 1292 2109 μὴ
1307 2073 1420 2107 πεισθῇς
1435 2068 1606 2105 αὑτῴ.ἾΙλθε
1622 2068 1648 2094 δὲ
1661 2067 1707 2093 καὶ
1719 2065 1787 2100 προς
1799 2065 1844 2090 τὸν

1052 2108 1139 2149 ἁὶλῦἇν
1163 2120 1299 2154 Ἰωάννην,
1314 2118 1361 2144 καὶ
1375 2116 1519 2151 ἀνήγγειλε
1535 2114 1568 2141 τὰ
1584 2114 1695 2148 ῥήματα
1713 2108 1760 2136 τοῦ
1773 2110 1846 2136 ἀϐϐἆ

1053 2165 1233 2202 Παφνουτὶου.
1251 2165 1305 2191 Καὶ
1319 2163 1393 2197 λέγει
1406 2163 1419 2189 ὁ
1433 2162 1518 2192 ὰϐϐἄς
1543 2160 1669 2193 Ἰωάννης
1679 2166 1686 2173 ⁸
1703 2157 1748 2192 Μὴ
1768 2157 1846 2190 ποιή-

213 2213 348 2240 duntaxat
369 2213 434 2240 sede
452 2213 479 2239 in
497 2212 566 2239 cella
582 2216 639 2238 tua.
655 2212 723 2239 Tum
744 2221 860 2248 surgens
875 2214 941 2242 adiit
954 2215 995 2241 ab-

1055 2223 1103 2249 σῃς
1117 2213 1185 2244 ὅλως
1202 2211 1294 2246 εὐχὴν,
1310 2210 1388 2245 μόνον
1401 2208 1485 2235 κάθου
1500 2208 1539 2238 εἰς
1551 2207 1580 2232 τὸ
1595 2204 1699 2231 κελλὶον
1717 2211 1774 2229 σου.
1791 2201 1846 2227 Καὶ

215 2260 305 2286 Ιιειοιη
326 2258 491 2291 Arsenium;
509 2259 552 2284 cui
580 2263 680 2285 cuncta
703 2258 882 2286 denuntiavit.
899 2260 944 2286 Ait
964 2261 1003 2287 illi

217 2313 298 2332 senex
315 2314 322 2332 ;
340 2304 423 2335 Tene,
443 2303 620 2332 sicutPatres
629 2304 782 2331 docuerunt
794 2309 831 2331 te.
849 2304 919 2332 Nihil
931 2307 1002 2332 enim

217 2351 335 2385 amplius
361 2351 409 2377 tibi
430 2358 542 2385 possunt
566 2351 668 2378 dicere.
684 2350 731 2377 Ille
753 2351 831 2386 plene
856 2360 1004 2387 persuasus

216 2397 358 2423 abscessit.

470 2451 508 2478 De
525 2452 618 2478 abbate
638 2452 734 2479 Paulo.

253 2509 325 2543 (2i)
343 2507 468 2536 Narravit
484 2509 582 2543 aliquis
596 2518 611 2536 ο
633 2508 760 2536 Patribus
777 2509 809 2535 de
826 2510 944 2543 quodam
959 2509 1006 2536 ab-

218 2554 280 2582 bate
308 2555 408 2586 Paulo,
444 2555 516 2589 qttod
541 2560 614 2582 esset
638 2564 670 2582 ex
698 2555 873 2582 inferioribus
897 2554 1006 2590 Egypti

220 2601 363 2636 partibus,
391 2601 528 2628 habitaret
551 2609 618 2628 vero
640 2601 666 2628 in
691 2601 847 2634 Thebaide;
878 2601 1007 2636 quodque

219 2648 348 2675 manibus
364 2647 580 2682 apprebemlerct
596 2651 730 2678 cerastas.
749 2647 882 2682 scorpios,
895 2655 1007 2682 serpen-

219 2697 271 2724 tes,
297 2692 455 2727 mediosque
482 2692 644 2720 diiliuderet.
676 2691 760 2726 Igitur
788 2691 887 2719 fratres
911 2692 1006 2719 humili

1053 2247 1171 2289 ἀναστὰς
1185 2256 1251 2292 ἦλθε
1267 2256 1335 2291 πρὸς
1355 2255 1399 2281 τὸν
1421 2254 1507 2280 ἀϐϐἇν
1530 2251 1676 2286 Ἀρσένιον,
1697 2249 1745 2275 καί
1760 2247 1846 2281 ἀνήγ-

1053 2305 1143 2339 γειλεν
1159 2303 1234 2338 αὐτῷ
1251 2302 1350 2328 πάντα.
1367 2301 1422 2327 Kal.
1438 2300 1512 2333 λέγει
1533 2297 1608 2332 αὑτῷ
1622 2297 1636 2323 ὁ
1650 2296 1753 2330 γέρων·
1774 2292 1847 2327 Κρά-

1053 2359 1095 2377 τει
1109 2350 1146 2381 ὠς
1158 2350 1183 2375 οἱ
1198 2349 1318 2383 Πατὲρες
1335 2355 1376 2374 σοι
1389 2344 1483 2372 εἶπαν·
1503 2343 1593 2370 πλεῖον
1607 2341 1661 2376 γὰρ
1677 2339 1789 2368 τούτων,
1799 2337 1848 2363 οὐκ

1056 2398 1111 2433 ἔχω
1127 2396 1169 2423 σοι
1188 2405 1214 2422 τι
1231 2396 1328 2422 εἰπεῖν.
1348 2394 1403 2421 Καὶ
1416 2390 1635 2428 πληροφορηθεὶς
1652 2386 1784 2422 ἀπῆλθεν.

1261 2451 1331 2485 Περὶ
1345 2450 1399 2478 τοῦ
1416 2448 1490 2477 ἀδεᾶ
1507 2448 1638 2475 Παύλου.

1095 2509 1246 2544 Διηγήςατό
1259 2517 1300 2539 τις
1318 2509 1371 2533 τῶν
1386 2506 1515 2542 Πατέρων
1530 2504 1593 2540 περί
1609 2511 1679 2533 τινος
1693 2500 1766 2527 ἀεῧᾶ
1777 2498 1849 2525 Παύ-

1059 2557 1117 2586 λου,
1139 2557 1179 2582 ὃτι
1200 2553 1234 2591 ἦν
1253 2557 1285 2581 ὲκ
1306 2554 1360 2580 τῶν
1382 2554 1456 2581 κάτω
1480 2551 1571 2587 μερῶν
1586 2551 1607 2566 ⁵⁷
1624 2549 1674 2583 τῆς
1699 2546 1848 2579 Αἰγύπτου,

1060 2601 1142 2627 οἰκῶν
1153 2600 1181 2626 δὲ
1199 2601 1228 2626 ἐν
1245 2599 1371 2633 Θηϐαΐδισ
1395 2599 1435 2625 ὁτι
1456 2595 1531 2627 οὗτος
1549 2594 1659 2629 ἐκράτει
1681 2593 1741 2622 ταῖς
1757 2589 1850 2624 χερσὶν

1060 2646 1142 2672 αὑτοῦ
1151 2646 1212 2677 τοὺς
1221 2646 1356 2680 κεράστας
1365 2644 1388 2660 ³⁸
1399 2643 1516 2673 καὶτοὺς
1527 2642 1612 2674 ὄφεις,
1625 2638 1671 2665 καὶ
1683 2635 1788 2671 ἔσχιζεν
1800 2633 1849 2660 αὐ-

1059 2692 1122 2723 τοὺς
1139 2692 1248 2727 μέσους.
1262 2691 1318 2718 Καὶ
1333 2690 1428 2716 ἔϐαλον
1440 2687 1514 2724 αὐτῷ
1529 2688 1553 2713 οἱ
1566 2685 1677 2719 ἀδελφοὶ
1695 2681 1849 2718 μετάνοιαν,

259 2771 282 2786 ⁵⁸
296 2770 338 2796 Al.
355 2770 508 2808 κολλήγιον.
535 2770 558 2786 ³⁵
571 2769 613 2796 Al.
630 2769 706 2796 Θεόν.
745 2769 768 2785 ⁸⁵
788 2769 832 2798 Al.
847 2769 973 2805 σπυρῖδα.

1050 2769 1160 2804 Α1.τήν.
1200 2769 1222 2784 ⁸⁷
1239 2768 1281 2795 Al.
1301 2768 1330 2794 ὲν
1351 2768 1408 2798 τιῖς
1433 2771 1458 2794 et
1477 2765 1584 2800 μέρεσι.
1623 2762 1645 2778 ⁸⁵
1662 2760 1704 2788 .‘ll.
1725 2759 1778 2786 ins.
1801 2755 1851 2782 καὶ

222 2806 284 2838 «οὺς
308 2806 464 2840 σκορπίους.

261 2861 315 2895 Cll)
345 2859 395 2887 Vit.
415 2861 489 2887 I'ulr.
509 2868 536 2892 ιι¹
554 2859 594 2886 Η.
