1970 3074
111 153 157 182 ssi
677 157 981 186 Aroru'rneouna
1001 153 1158 187 parum.

1684 159 1739 186 582

109 214 250 248 λέγοντες·
274 214 344 243 Εἰπὲ
371 213 437 250 ἡμῒν
459 216 538 243 ποίαν
557 217 689 252 ἐργασίαν
703 218 844 252 ἐποίησας,
859 219 902 245 ἵνα

955 221 1024 247 facta
1039 221 1214 252 salutatione,
1231 223 1389 251 orarerunt,
1402 219 1506 247 diceret
1524 219 1558 247 iis
1579 227 1660 254 quam
1671 227 1740 254 ope-

109 260 194 297 λάϋῃς
215 261 266 296 τὴν
293 261 372 296 χάριν
385 261 494 297 ταύτην.
520 263 549 289 '0
564 263 591 289 δὲ
606 263 673 298 ἔφη·
699 264 898 300 Συγχωρήσατὲ

110 315 165 341 μοι,
184 307 306 342 Πατέρες
318 314 325 322 ·
343 307 391 333 ὲάν
406 316 447 338 τις
459 308 594 343 κτήσηται
609 308 795 345 καθαρότητα,
811 310 900 337 πάντα

108 354 292 380 ὑποτάσσεται
306 353 390 389 αὐτῷ.
400 353 482 389 ὡςτῷ
497 354 581 391 Ἀδὰμ
591 355 636 382 ὅτε
651 353 685 390 ἦν
692 357 721 382 ὲν
733 356 899 392 παραδείσῳ,

107 397 199 433 πρὶνῆ
213 397 370 433 παραϐῆναι
384 399 433 433 τὴν
443 398 563 426 ὲντολύν.

197 494 269 528 Περὶ
287 494 340 521 τοῦ
357 494 433 521 ἁϐὅᾶ
452 496 575 523 Παύλου
589 496 641 523 τοῦ
654 498 810 532 κοσμίτου.

143 553 179 577 α’.
204 551 233 577 ’0
247 551 335 582 ἀϐϐᾱς
350 551 456 583 Παῦλος
480 552 494 577 6
514 553 647 587 κοσμίτης
668 554 715 580 καὶ
738 555 870 590 Τιμόθεος
884 556 898 582 6

107 596 222 630 ἁδελφὸς
238 597 320 623 αὑτοῦ
340 596 502 628 ἐκαθέζοντο
521 599 550 623 ἐν
562 600 594 633 τῇ
609 599 708 633 Σκήτει
722 608 728 613 ·
744 601 791 626 καὶ
806 600 901 627 πολλα-

108 643 164 678 χῶς
177 643 201 658 ⁵⁹
213 643 317 677 ἐγίνετο
335 643 436 678 μεταξὺ
452 644 542 670 αὐτῶν
560 644 708 678 ἀντιλογία.
725 646 806 680 Λέγει
821 648 835 673 6
848 647 898 672 ἀϐ-

107 688 158 719 651;
170 687 276 719 Παῦλος
286 696 293 703 ⁸
308 688 381 719 Ἕως
392 688 458 714 πότε
474 688 592 724 μένομεν
606 688 709 721 οὕτως
730 690 810 724 Λέγει
826 691 900 726 αὐτῷ

106 734 121 760 6
134 727 222 766 ἀὸϐἄς
238 733 368 769 Τιμόθεος
379 743 385 755 τ
407 734 523 770 Ποίησον
545 735 671 769 ἀγάπην·
691 736 754 762 ὅταν
778 736 900 771 ἕρχωμαι

106 780 200 806 ὲπάνω
229 789 288 812 σου,
320 780 454 815 βάσταξόν
482 789 533 816 με·
567 782 614 808 καὶ
632 782 696 808 ὅταν
719 782 784 818 ἔρχῃ
805 783 899 810 καὶσὺ

106 826 199 852 ἐπάνω
212 834 272 860 μου,
281 826 408 860 βαστάζω
422 835 451 852 σε
465 826 552 861 κάγώ.
569 827 624 854 Καὶ
640 828 802 863 ποιήσαντες
814 828 900 860 οὕτως

105 872 268 907 ἀνεπάησαν
283 872 333 903 τὰς
350 872 507 904 ἐπιλοίπους
521 872 611 899 αὐτῶν
628 873 744 909 ἡμέρας.

143 918 174 953 β’.
195 919 224 945 ’0
234 918 314 950 αὐτὸς
323 918 409 950 ἁϐὁᾶς
419 919 524 951 Παῦλος
535 919 581 946 καὶ
591 919 721 954 Τιμόθεος
733 921 861 955 κοσμῖται
876 921 899 936 ⁸⁸

105 962 176 999 ἦσαν
187 965 215 990 ἐν
230 965 263 1000 τῇ
278 965 389 999 Σκήτει,
405 965 452 991 καὶ
469 964 603 1000 ὼχλοῦντο
625 965 677 991 ὑπὸ
693 965 748 991 τῶν
767 965 897 1000 ἀδελφῶν,

107 1010 164 1037 Καὶ
177 1010 251 1044 λέγει
270 1010 284 1036 6
307 1010 439 1045 Τιμόθεος
458 1010 497 1046 τῷ
510 1010 615 1046 ἀδελφῷ
626 1010 707 1043 αὑτοῦ
719 1019 725 1026 ·
740 1011 772 1037 Τί
788 1011 899 1047 θέλομεν

106 1056 156 1092 τὴν
168 1057 266 1091 τέχνην
279 1056 396 1091 ταύτην;
412 1056 461 1082 οὐκ
475 1056 612 1091 ἀφιόμεθα
623 1057 758 1092 ήσυχὰσαι
774 1057 838 1093 ὃλην
850 1057 899 1093 τὴν

107 1102 223 1137 ἡμέραν.
237 1102 291 1129 Καὶ
302 1102 461 1137 ἀποκριθεὶς
475 1103 489 1128 ὁ
504 1101 590 1134 ἀὸϐἇς
602 1102 708 1134 Παῦλος
720 1101 797 1131 εἶπεν
813 1103 897 1139 αὐτῷ·

113 1149 206 1184 ’Δρκεῖ
219 1150 283 1184 ἡμῖν
296 1149 312 1184 ή
323 1149 423 1184 ἡσυχία
440 1148 490 1184 τῆς
503 1149 600 1181 νυκτὸς
610 1168 617 1181 ,
635 1148 683 1176 ἐὰν
700 1150 772 1185 νήφῃ
785 1149 864 1185 ἡμῶν
882 1150 898 1185 ἠ

108 1195 222 1222 διάνοια.
762 1188 764 1191 ’

195 1251 265 1285 Περὶ
288 1251 340 1278 τοῦ
360 1250 434 1278 ἀϐϐᾶ
450 1251 573 1278 Παύλου
594 1251 648 1278 τοῦ
664 1251 808 1286 μεγάλου.

140 1312 175 1336 α’.
188 1307 271 1335 Εἶπεν
295 1309 309 1334 6
326 1308 414 1340 ὰὸϐἄς
429 1307 534 1339 Παῦλος
549 1310 563 1335 ὁ
578 1308 665 1344 μέγας
680 1309 694 1334 6
711 1308 843 1342 Γαλάτης,
857 1308 898 1334 ὃτι

105 1355 232 1390 Μοναχὺς
247 1354 315 1389 ἔχων
330 1353 432 1389 μικρὰς
451 1354 544 1390 χρείας
558 1355 587 1380 ἐν
597 1355 631 1390 τῇ
649 1354 731 1389 κὲλλῃ
745 1353 839 1385 αὐτοῦ,
851 1354 898 1380 καὶ

106 1402 284 1437 ἐξερχόμενος
305 1401 462 1436 φροντίσαι,
487 1400 542 1426 ἀπὸ
560 1400 694 1435 δαιμόνων
715 1399 875 1435 χλευάζεται
888 1408 896 1416 ⁸

107 1449 154 1476 καὶ
168 1449 221 1483 γὰρ
241 1446 318 1482 κάγὼ
332 1447 397 1473 αὐτὸ
414 1446 523 1473 ἔπαθον.

141 1540 174 1572 μ’.
189 1534 272 1563 Εἶπεν
283 1537 297 1562 6
310 1535 398 1567 ἁὸϐᾶς
417 1536 523 1568 Παῦλος
535 1544 541 1551 ·
563 1537 609 1568 Εἰς
629 1536 759 1572 βόρϐορον
771 1538 829 1571 εἰμι
841 1537 897 1572 (22)

107 1582 370 1617 καταποντιζόμενος
386 1582 439 1614 ἓως
452 1582 588 1618 τραχήλου
598 1603 605 1614 ,
623 1583 671 1609 καὶ
686 1583 771 1609 κλαίω
795 1582 898 1618 ἔμπρο-

107 1629 170 1655 σθεν
183 1629 229 1654 τοῦ
244 1628 323 1661 Θεοῦ,
335 1628 423 1662 λέγων
433 1636 440 1643 '
463 1628 587 1662 Ἐλέησόν
603 1637 646 1663 με.

142 1679 179 1709 γ’.
197 1675 310 1710 Ἔλεγον
322 1674 440 1710 περὶτοῦ
452 1675 524 1701 ἀδεᾶ
539 1675 657 1703 Παύλου.
672 1675 712 1701 ὅτι
727 1675 839 1708 ἐποίησε
849 1675 899 1709 τὴν

107 1721 334 1757 Τεσσαρακοστὴν
344 1722 384 1752 εἰς
397 1721 478 1757 ματὶν
494 1721 581 1755 φακοῦ
595 1722 640 1747 καὶ
653 1720 779 1755 λαγύνιον
793 1721 897 1752 ὕδατος·

107 1768 154 1793 καὶ
170 1768 210 1798 εἰς
224 1766 253 1792 ἓν
271 1766 412 1802 μαλάκιον,
424 1767 489 1793 αὐτὸ
504 1767 612 1793 πλέκων
630 1767 676 1793 καὶ
690 1766 829 1799 ἀναλύων,
847 1767 899 1798 ἕως

105 1813 157 1850 τῆς
173 1813 270 1850 ἑορτῆς
282 1813 514 1848 ἑγιεκλεισμένος.

220 1871 290 1904 Περὶ
310 1870 362 1896 τοῦ
374 1868 449 1896 ἀΰεᾶ
467 1870 590 1899 Παύλου
605 1869 659 1896 τοῦ
674 1870 783 1896 ἁπλοῦ.

148 1927 178 1955 Ὀ
193 1929 326 1962 μακάριος
350 1925 436 1960 ἀϐὂᾶς
462 1925 566 1958 Παῦλος
584 1927 598 1952 ὁ
614 1926 715 1958 ἁπλοῦς
729 1928 743 1953 ὁ
756 1926 802 1954 τοῦ
821 1927 898 1961 ἁγίου

113 1973 257 2000 ’Λντωνίου
271 1972 406 2008 μαθητὴς,
418 1972 568 2008 διηγήσατο
576 1974 633 2004 τοῖς
645 1973 765 2008 Ιῖατράσι
783 1974 898 2008 πρᾶγμα

105 2019 244 2046 τοιοῦτον·
272 2019 313 2045 ὅτι
340 2019 405 2053 ποτε
434 2018 654 2054 παραγενόμενος
671 2020 699 2045 ὲν
725 2020 898 2054 μοναστηρίῳ

106 2064 281 2098 ἐπισκέψεως
301 2064 395 2089 ἕνεκεν
429 2064 476 2089 καὶ
503 2063 637 2097 ὠφελείας
661 2064 739 2098 χάριν
764 2064 896 2097 ἁδελερών,

107 2111 178 2145 μετὰ
205 2110 254 2146 τὴν
268 2111 335 2145 πρὸς
357 2110 487 2145 ἀλλήλους
513 2110 602 2136 αὐτῶν
622 2111 725 2145 συνήθη
738 2109 895 2142 διάλεκτον,

104 2159 221 2184 εἴσεισιν
246 2159 275 2184 ὲν
298 2159 331 2193 τῇ
351 2157 417 2192 ἁγίᾳ
430 2156 478 2182 τοῦ
497 2156 564 2182 Θεοῦ
585 2156 719 2191 ἐκκλησίᾳ
730 2157 779 2192 τὴν
795 2157 896 2192 συνήθη

105 2204 218 2237 σύναξιν
240 2204 405 2239 ἐπιτελέσαι.
428 2204 456 2230 Ὀ
482 2203 509 2230 δὲ
532 2204 666 2239 μακάριος
690 2203 805 2234 Παῦλος,
819 2203 895 2237 φησὶ,

104 2252 258 2287 προσέσχεν
274 2251 382 2286 ἑκάστῳ
396 2251 449 2276 τῶν
460 2250 598 2278 εἰσιόντων
612 2251 650 2281 εἰς
667 2252 716 2284 τὴν
730 2250 877 2284 ἐκκλησίαν
887 2270 894 2281 ,
913 2241 935 2268 Ῑ)

103 2298 187 2334 ὁποίᾳ
199 2298 253 2333 ἄρα
268 2298 340 2332 ψυχῇ
368 2297 485 2323 εἰσίασιν
506 2298 546 2328 εἰς
561 2297 610 2332 τὴν
623 2296 731 2328 τύναξιν
746 2305 752 2311 ⁸
767 2294 823 2330 εἶχε
840 2297 896 2331 γὰρ

103 2344 153 2372 καὶ
163 2343 264 2379 ταύτην
271 2343 320 2379 τὴν
330 2343 409 2379 χάριν
427 2344 502 2378 παρὰ
517 2342 619 2378 Κυρίου
637 2343 657 2358 ⁶¹
674 2343 796 2369 δοθεῖσαν
811 2342 894 2375 αὐτῷ,

103 2390 175 2417 ὥστε
186 2389 252 2426 ὁρᾷν
269 2389 383 2418 ἕκαστον
396 2390 485 2421 ὁποῖός
501 2390 558 2415 ἐστι
570 2391 602 2424 τῇ
613 2389 696 2425 ψυχῇ,
707 2389 801 2424 ὥσπερ
815 2390 895 2424 ἡμεῖς

104 2436 243 2471 βλέπομεν
255 2435 377 2471 ἀλλήλων
387 2435 422 2462 τὰ
430 2436 572 2471 πρόσωπα.
590 2436 702 2462 Πάντων
716 2435 744 2461 δὲ
757 2436 895 2462 εἰσιόντων

103 2482 221 2517 λαμπρᾷ
243 2483 276 2517 τῇ
300 2481 360 2516 ὕψει
386 2481 433 2507 καὶ
454 2480 558 2516 φαιδρῷ
579 2480 619 2515 τῷ
639 2480 788 2515 προσώπῳ,
803 2481 848 2506 τόν
866 2488 895 2506 τε

103 2527 221 2554 ἑκάστου
234 2526 349 2561 ἄγγελον
379 2526 506 2561 χαίροντα
520 2527 563 2552 ἐπ’
579 2525 654 2560 αὐτῷ
668 2527 690 2541 ε’
702 2534 709 2541 ·
727 2526 785 2557 ἕνα,
803 2526 895 2560 φησὶν,

103 2574 155 2608 ὁρᾷ
171 2573 275 2608 μέλανα
291 2574 338 2599 καὶ
360 2572 465 2607 ζοφώδη
482 2572 541 2599 ὅλον
564 2573 594 2599 τὸ
616 2573 705 2607 σῶμα.
728 2573 858 2608 δαίμονας
867 2572 895 2598 δὲ

103 2620 170 2654 παρ’
185 2619 333 2654 ἑκατέρᾳ⁰⁸
346 2618 440 2645 τοῦτον
449 2618 610 2654 συνέχοντας
620 2619 667 2645 καὶ
675 2618 804 2650 ἕλκοντας
815 2618 896 2645 αὑτὸν

139 2698 162 2715 ⁵³
179 2699 221 2725 Al.
238 2698 384 2733 διαφόρως.

139 2777 195 2811 (22)
216 2778 269 2808 Εὶς
292 2777 443 2810 βόρϐορόν
463 2778 539 2810 εἰμι,
556 2781 608 2804 etc.
630 2776 686 2803 lloc
697 2775 892 2811 Apoplultegma

105 2812 281 2848 Colbertinus
294 2813 363 2838 liber
375 2812 496 2846 assignat
510 2812 594 2839 Paulo
617 2811 755 2848 Algyptio,
783 2811 828 2846 qui
847 2811 890 2838 hic

106 2847 250 2874 ﬂuuiorum
264 2848 368 2880 primus
383 2847 501 2880 ponitur.

140 2884 198 2919 (23)
227 2882 280 2909 t‘it.
299 2883 376 2909 μίαν.
398 2882 498 2913 111,72.

423 2698 445 2713 “
457 2698 499 2725 Al.
515 2698 661 2733 κοσμῆται.
699 2697 720 2713 ⁶¹
736 2697 779 2724 ΑΙ.
793 2696 840 2723 τοῦ
859 2696 936 2723 Θεοῦ.
975 2697 998 2713 ⁵⁸
1012 2697 1054 2723 Al.
1069 2697 1099 2723 ἐν
1111 2697 1212 2729 αὐτοῖς.

953 266 1086 294 rationem
1101 266 1221 299 fecisset,
1235 269 1266 293 ut
1278 265 1410 300 ejusmodi
1427 266 1541 300 gratiam
1555 273 1740 300 consequere--

952 317 1006 339 tur.
1022 312 1069 339 llle
1083 312 1243 346 respondit:
1259 311 1396 347 ignoscite
1414 313 1491 344 mihi,
1509 311 1618 345 Patrcs;
1639 312 1661 340 si
1677 313 1739 346 quis

951 359 1099 386 obtinuerit
1113 359 1269 394 puritatem,
1285 363 1384 386 cuncta
1396 360 1420 386 ei
1433 359 1630 393 subjiciuntur;
1646 366 1740 393 quem-

951 403 1098 430 admodum
1110 403 1215 430 Adamo
1226 411 1287 430 cum
1301 408 1374 431 esset
1383 404 1408 430 in
1420 404 1558 438 paradiso,
1577 404 1739 439 priusquam

951 449 1190 483 transgrederetur
1205 450 1373 476 tnattdatum.

1143 504 1178 532 De
1195 505 1290 533 abbate
1306 506 1392 533 Paulo
1410 511 1536 533 cosmeta.

986 560 1011 586 l.
1029 560 1121 588 Abbas
1145 560 1245 588 Paulus
1264 565 1395 592 cosmeta,
1419 565 1445 587 et
1465 561 1625 589 Timotheus
1651 561 1737 590 frater

950 606 1021 640 ejus,
1041 606 1198 636 residebant
1213 607 1241 635 in
1255 606 1340 634 Sceti.
1361 607 1400 634 Ac
1418 616 1489 643 saepe
1511 608 1582 635 inter
1602 615 1650 635 eos
1664 609 1738 636 orie-

949 653 1030 678 batur
1043 653 1197 679 contentio-
1215 652 1285 680 Dicit
1307 654 1392 681 abbas
1409 653 1527 681 Paulus:
1539 654 1688 689 Quousque
1701 655 1739 681 ita

949 698 1204 732 perseverabimus?
1230 699 1276 725 Ait
1302 699 1339 726 illi
1367 700 1450 727 abbas
1475 701 1634 730 Timotheus
1655 711 1661 729 :
1684 701 1739 729 Fac

950 751 1018 777 opus
1035 744 1190 776 charitatis;
1221 751 1282 770 cum
1309 745 1356 771 tibi
1383 746 1515 773 molestus
1539 746 1626 778 fuero,
1647 746 1738 780 perfer

950 795 1011 820 me;
1029 788 1206 822 vicissimque
1227 789 1336 822 quando
1356 793 1383 816 tu
1399 789 1464 816 mihi
1484 791 1568 818 fueris
1590 792 1736 821 molestus.

950 835 1031 861 etiam
1047 839 1072 861 te
1087 835 1238 862 sustinebo.
1257 835 1345 869 Atque
1365 835 1404 862 sic
1424 842 1545 871 agentes,
1561 838 1653 872 quiete
1673 845 1738 872 per-

950 884 1065 914 egerunt
1083 881 1204 915 reliquos
1216 881 1275 908 dics
1292 889 1366 908 suos.

984 927 1012 953 2.
1034 926 1104 954 ldem
1129 927 1214 954 abbas
1231 927 1343 958 Paulus,
1366 931 1393 954 et
1416 927 1576 956 Timotheus
1609 933 1738 957 cosmetae

949 976 1029 1000 erant
1041 972 1067 998 in
1088 971 1172 1004 Sceti,
1191 977 1216 999 et
1230 980 1245 998 a
1262 973 1394 999 fratribus
1415 973 1607 1000 turbabantur.
1623 974 1667 1000 Ait
1687 973 1736 1002 Ti--

949 1018 1075 1045 motheus
1100 1017 1176 1045 fratri
1196 1026 1247 1045 suo
1266 1028 1271 1044 :
1295 1019 1351 1045 Cur
1373 1018 1443 1045 hanc
1459 1024 1544 1046 artem
1569 1019 1738 1047 retinemus?

949 1065 1000 1092 l’er
1016 1070 1102 1092 totum
1121 1065 1192 1092 diem
1214 1072 1266 1091 non
1289 1065 1406 1092 sinimur
1421 1065 1447 1091 in
1464 1065 1557 1099 quiete
1574 1073 1664 1100 agere.
1683 1065 1738 1092 Re-

949 1111 1058 1146 spondit
1074 1111 1098 1138 ei
1121 1111 1206 1138 abbas
1221 1109 1323 1137 Paulus
1340 1119 1346 1137 :
1363 1109 1469 1137 Suliicit
1488 1110 1565 1138 nobis
1587 1111 1677 1139 noctis
1694 1119 1738 1139 re-

949 1155 1037 1188 quies,
1055 1154 1135 1181 modo
1149 1162 1225 1181 mens
1239 1159 1334 1181 nostra
1349 1154 1452 1190 vigilet.

1160 1250 1198 1277 De
1213 1251 1307 1278 abbate
1319 1251 1405 1279 Paulo
1419 1260 1525 1287 magno.

985 1308 1011 1334 1.
1028 1308 1099 1343 (‘23)
1115 1307 1189 1335 Dixit
1210 1308 1296 1336 abbas
1310 1308 1421 1342 Paulus,
1439 1317 1554 1345 magnus
1571 1310 1617 1337 ille
1636 1314 1663 1337 et
1683 1309 1738 1338 Ga-

948 1353 1180 1382 lata:Monacbus
1200 1354 1246 1389 qui
1263 1354 1291 1382 in
1307 1355 1373 1382 cella
1393 1363 1442 1383 sua
1463 1355 1545 1384 habet
1566 1364 1648 1391 parva
1664 1364 1738 1392 quae

948 1401 1012 1428 dam
1030 1400 1185 1432 commoda,
1208 1405 1291 1436 atque
1305 1401 1462 1436 egreditur,
1480 1405 1509 1428 ut
1524 1410 1619 1429 eorum
1643 1410 1738 1430 curam

948 1453 1033 1482 gerat,
1055 1447 1178 1474 illuditur
1193 1454 1208 1474 a
1225 1447 1406 1474 daemonibus.
1430 1448 1455 1474 Id
1473 1448 1544 1475 enim
1569 1447 1634 1474 mihi
1653 1449 1736 1475 etiam

948 1493 1074 1527 contigit.

983 1538 1010 1564 2.
1029 1537 1102 1564 Dixit
1115 1538 1199 1565 abbas
1214 1537 1313 1565 Paulus
1326 1547 1333 1564 :
1347 1538 1376 1564 ln
1394 1538 1449 1564 luto
1463 1538 1610 1565 immersus
1625 1546 1685 1566 sum
1701 1539 1737 1565 ad

949 1585 1049 1610 collum
1066 1591 1162 1618 usque,
1179 1588 1205 1611 et
1229 1585 1305 1619 ploro
1326 1592 1418 1611 coram
1439 1584 1502 1617 Deo,
1523 1585 1617 1612 (licens
1632 1594 1639 1611 :
1655 1584 1738 1612 Mise-

949 1638 1010 1658 rere
1022 1630 1085 1657 mei.

984 1677 1011 1703 5.
1028 1676 1095 1711 (94)
1115 1676 1232 1706 Aiebam
1249 1676 1283 1704 de
1298 1676 1396 1704 abbate
1415 1675 1509 1709 Paulo,
1525 1675 1598 1712 quod
1615 1676 1737 1712 peregis-

949 1725 991 1749 set
1008 1721 1244 1756 quadragesimam
1257 1729 1319 1748 cum
1339 1722 1459 1749 sextario
1477 1722 1558 1748 lentis
1570 1725 1597 1749 et
1610 1721 1737 1756 lagenula

949 1775 1040 1802 aqum,
1060 1775 1167 1794 necnon
1192 1775 1254 1794 cum
1271 1775 1322 1794 una
1340 1768 1474 1802 sportula,
1495 1775 1577 1802 quam
1602 1767 1737 1802 plectebat

949 1819 974 1840 et
989 1813 1167 1846 dissolvebat,
1183 1821 1270 1848 usque
1286 1813 1320 1840 ad
1337 1814 1436 1841 festum
1451 1813 1585 1842 inclusus.

1145 1871 1184 1897 De
1197 1871 1291 1899 abbate
1306 1870 1394 1897 Paulo
1409 1870 1537 1904 sintplice.

984 1929 1054 1965 (25)
1066 1928 1165 1956 Beatus
1183 1928 1267 1955 abbas
1282 1927 1383 1954 Paulus
1400 1927 1526 1962 simplex,
1546 1928 1634 1955 sancti
1649 1928 1736 1955 Anto-

948 1977 986 2003 nii
1009 1975 1169 2009 discipulus,
1191 1973 1318 2001 Pati-ibus
1336 1973 1457 2000 narravit
1473 1973 1631 2008 hujusmodi
1655 1981 1712 2001 rem
1728 1983 1734 2001 :

947 2021 989 2047 Ad
1012 2020 1209 2046 monasterium
1235 2026 1297 2046 cum
1327 2019 1491 2054 perrexisset
1515 2019 1677 2053 aliquando,
1702 2019 1736 2046 ad

947 2066 1100 2094 visitandos
1116 2070 1142 2093 et
1157 2065 1343 2092 emolumento
1365 2064 1521 2093 alliciendos
1544 2064 1643 2092 fratres
1657 2075 1662 2091 :
1675 2068 1736 2100 post

947 2117 1108 2140 consuetum
1132 2111 1310 2146 colloquium,
1332 2110 1450 2145 ingressi
1477 2114 1542 2137 sunt
1565 2110 1592 2137 in
1609 2116 1733 2138 sanetam

950 2159 994 2187 Dei
1026 2158 1188 2188 ecclesiam.
1213 2162 1243 2184 ut
1264 2158 1373 2185 solitam
1404 2157 1528 2192 synaxim
1554 2157 1734 2183 celebrarent.

948 2206 1047 2233 Beatus
1061 2213 1125 2233 vero
1140 2205 1241 2232 Paulus
1270 2205 1419 2239 unicuique
1434 2204 1594 2231 intrantium
1610 2204 1636 2230 in
1650 2204 1736 2230 eccle-

949 2252 1017 2279 siam
1033 2250 1200 2283 attendebat,
1215 2250 1289 2285 quali
1303 2251 1408 2278 scilicet
1421 2251 1510 2276 anima
1528 2250 1736 2285 ingrederentur

950 2298 982 2324 ad
1000 2298 1140 2324 collectam
1155 2306 1161 2322 :
1174 2297 1268 2323 habuit
1281 2297 1353 2324 enim
1369 2297 1440 2323 hanc
1453 2297 1568 2331 gratiam
1587 2305 1602 2323 ιι
1616 2296 1670 2323 Deo
1683 2297 1735 2323 sibi

950 2351 1122 2373 Concessum,
1139 2347 1168 2370 ut
1182 2348 1305 2369 cerneret
1317 2344 1406 2377 qualis
1419 2343 1535 2377 quisque
1548 2347 1621 2369 esset
1634 2343 1734 2373 anima,

949 2389 1021 2416 sicut
1041 2396 1090 2416 nos
1109 2389 1294 2422 conspicimus
1312 2389 1380 2415 alter
1399 2389 1513 2416 alterius
1531 2388 1639 2415 faciem.
1666 2388 1735 2414 Cum

948 2443 1012 2470 ergo
1037 2435 1129 2462 cuncti
1154 2435 1297 2462 introirent
1321 2435 1470 2470 splendidis
1494 2434 1598 2466 oculis,
1629 2442 1735 2461 necnon

948 2481 1023 2508 clara
1042 2480 1120 2511 facie,
1143 2481 1292 2508 comitante
1316 2489 1537 2515 unumquemque
1554 2480 1650 2515 angelo
1666 2488 1715 2506 suo
1727 2500 1736 2513 ,

949 2535 1035 2562 coque
1058 2534 1140 2560 super
1162 2527 1237 2553 illum
1263 2527 1324 2554 laeto
1343 2535 1348 2553 :
1372 2534 1465 2558 unum,
1484 2526 1582 2561 inquit.
1601 2526 1667 2553 vidit
1692 2526 1734 2552 ui-

948 2580 1038 2606 grum,
1056 2577 1112 2598 toto
1131 2580 1245 2607 corpore
1265 2573 1448 2604 tenebrosum,
1465 2572 1602 2598 thetnones
1618 2579 1681 2598 νοιο
1701 2571 1738 2598 ad

948 2624 1094 2653 utrumque
1118 2619 1204 2650 latus,
1231 2623 1354 2646 tenentes
1374 2627 1454 2650 eum,
1473 2618 1613 2645 trahentes
1633 2618 1666 2644 ad
1685 2626 1734 2649 se,

1252 2697 1274 2712 “
1285 2698 1327 2725 Al.
1341 2698 1471 2733 ἐκατέρου
1480 2702 1506 2724 et
1516 2697 1635 2732 ἑκάτερα
1650 2698 1732 2732 μέρη.

981 2776 1036 2810 (ιιι)
1061 2775 1114 2802 Vit.
1131 2776 1208 2802 Palr.
1224 2784 1265 2804 Ill.
1283 2776 1333 2808 7‘2;
1347 2776 1473 2804 Moschus
1489 2785 1513 2804 c.
1530 2776 1590 2804 161.

981 2811 1038 2873 (ἒξ)
1063 2811 1114 2838 Vit.
1136 2811 1210 2839 Patr.
1238 2820 1321 2844 mu,
1341 2812 1392 2845 ‘20;
1419 2812 1542 2840 Andreas
1565 2813 1592 2838 in
1620 2811 1733 2846 Αροεαι,

945 2853 968 2873 C.
991 2853 1030 2873 ιδ.
