1978 3075
233 175 284 203 587

790 167 958 196 APPENDIX
980 168 1025 195 AD
1042 165 1252 194 PALLADIUM.

1809 160 1861 189 5.9%

234 229 379 265 Egyptius
403 228 478 255 illum
496 226 621 255 delicatis
635 226 758 254 vestibus
778 225 914 256 induturu,
940 231 1021 260 atque

1083 225 1120 251 ια).
1135 222 1354 260 προσκεφάλαιον
1367 221 1478 256 μικρόν·
1496 221 1592 256 ἔχοντα
1605 221 1632 247 δὲ
1648 221 1694 247 καὶ
1709 221 1862 252 τοῦςπΰδας

233 281 345 303 Iuattam
362 282 393 302 ac
409 275 503 309 pellem
524 275 577 300 sub
598 281 640 305 eo,
664 273 727 299 item
747 279 860 307 parvum
879 272 1020 306 pulvinar;

236 322 270 348 ad
294 322 350 347 haec
373 321 474 346 nitidos
495 319 597 346 habere
614 318 697 353 pedes
720 326 782 345 cum
810 317 952 344 sandaliis.
974 316 1023 343 His

233 366 315 397 visis,
331 365 490 392 scandalum
509 371 608 398 paSsus
623 367 675 393 est.
692 362 765 397 quod
780 370 812 389 eo
830 362 883 389 loci
896 369 949 388 non
962 362 1024 388 talis

236 416 313 439 esset
332 411 429 446 agendi
447 411 526 443 ratio,
544 409 591 437 sed
605 409 698 444 potius
714 410 775 435 vilae
789 409 917 436 durities.
935 408 1022 435 Senex

235 461 337 487 autem,
355 460 449 491 utpote
465 456 633 490 perspicacia
645 454 774 485 donatus.
789 454 923 481 intellexit
936 454 1022 489 ipsum

235 503 368 530 oil‘ensum
383 523 390 534 ,
410 503 501 536 aitque
526 501 654 528 ministro
678 509 747 527 suo:
771 500 824 527 Fac
849 501 928 527 nobis
953 500 1025 526 hune

235 550 306 576 diem
328 548 436 578 festum.
457 551 568 582 propter
589 547 727 574 abbatem.
745 545 807 572 Erat
825 554 907 581 porro
922 546 959 573 illi
979 554 1026 581 pa—

235 603 296 622 rum
320 594 418 625 oleris;
444 597 471 620 et
491 593 586 624 coxit,
614 600 732 626 cumque
756 597 862 626 tempus
886 592 1025 623 venisset.

235 643 388 673 surgentes,
406 638 593 664 comederunt.
613 636 713 662 Habuit
727 636 808 662 etiam
826 643 910 662 senex
927 642 1025 669 parum

235 685 290 711 vini
312 689 422 718 propter
440 682 625 709 inﬁrmitatem
654 689 753 714 suam;
783 681 856 716 quod
887 681 1024 708 biberunt.

237 730 325 765 thue
341 737 454 764 vespera
477 728 598 759 advenit.
620 729 772 755 recitarunt
787 727 932 754 duodecim
953 727 1026 761 psal-

235 784 305 807 mos,
318 781 412 810 postea
424 775 660 802 ieruntcubitum.
676 774 738 801 Pari
751 775 831 801 modo
844 779 935 800 noctu.
949 773 1026 800 Mane

236 829 301 849 vero
317 829 433 855 surgens
448 820 605 855 {Egyptius
627 820 693 847 dicit
705 820 729 847 ei
745 829 751 846 :
765 818 819 847 Ora
835 827 885 854 pro
902 827 955 846 me.
975 820 1026 845 At-

235 876 288 902 que
304 868 381 896 exiil.
403 867 476 895 nulla
494 872 619 902 percepta
637 867 764 893 utilitate.
783 866 918 893 Caeterum
940 873 1027 900 pauco

1074 269 1210 303 καθαροὺς
1232 269 1302 304 μετὰ
1319 268 1466 294 σανδαλῐων
1479 277 1484 283 ·
1500 268 1547 294 καὶ
1556 267 1643 294 ταῦτα
1659 267 1720 294 ἰδὼν
1735 267 1864 293 ἐσκανδα-

1074 315 1162 351 λίσοη,
1178 316 1218 341 ὅτι
1236 316 1266 341 ἐν
1276 315 1314 349 τῷ
1324 315 1399 349 τόπῳ
1415 315 1464 349 οὐχ
1480 314 1586 350 ὑπῆρχε
1606 313 1718 349 τοιαύτη
1730 313 1864 348 διαγωγὴ.

1074 360 1141 388 ἀλλὰ
1155 360 1255 396 μᾶλλον
1275 360 1480 394 σκληραγωγία.
1497 359 1548 386 Kal.
1566 359 1719 394 διορατικδς
1733 359 1770 385 ὢν
1789 360 1803 385 6
1819 359 1865 392 γέν

1075 415 1130 442 ρων
1149 407 1258 440 ἐνόησεν
1273 406 1313 432 ὅτι
1334 405 1542 440 ὲσκανδαλίσῦη,
1563 405 1610 432 καὶ
1623 405 1696 439 λέγει
1712 405 1750 440 τῷ
1765 405 1866 440 ὑπηρε-

1074 451 1165 478 τοῦντι
1177 451 1333 478 αὑτόνθθ·⁹¹·
1346 451 1461 486 Ποίησον
1474 452 1539 486 ἡμῖν
1554 451 1649 486 ἑορτὴν
1665 450 1708 477 διὰ
1721 451 1765 477 τὸν
1781 450 1867 477 ἁϐϐᾶν

1077 498 1205 532 σήμερον.
1223 497 1376 532 Εὑκαίρησε
1388 497 1415 523 δὲ
1436 497 1533 532 μικρὸν
1552 496 1678 532 λάχανον,
1697 497 1743 524 καὶ
1756 496 1846 531 ἥψησε
1858 506 1865 511 ο

1076 543 1123 570 καὶ
1137 545 1169 578 τῇ
1185 543 1245 579 ὥρᾳ
1269 544 1434 575 ἀναστάντες
1455 543 1566 578 ἔφαγον.
1583 541 1646 579 Εἶχε
1665 543 1693 570 δὲ
1710 543 1756 570 καὶ
1771 542 1867 578 μικρὸν

1076 587 1146 615 οἶνον
1159 589 1203 615 διὰ
1219 590 1269 624 τὴν
1287 588 1430 615 ἀσθένειαν
1446 589 1528 616 αὑτοῦ
1551 590 1565 615 6
1587 589 1676 624 γέρων
1687 598 1694 604 ·
1712 589 1759 616 καὶ
1779 589 1866 615 ἔπιον.

1077 634 1130 661 Kal.
1158 635 1195 666 ὼς
1222 634 1331 668 ἐγένετο
1352 634 1412 669 ὀψὲ,
1429 635 1524 661 ἔϐαλον
1538 635 1601 667 τοὺς
1613 635 1716 661 δώδεκα
1731 634 1867 669 ψαλμοὺς,

1076 681 1124 707 καὶ
1138 681 1339 717 ἐκοιμήθησαν·
1355 681 1455 716 ὁμοίως
1467 681 1495 707 δὲ
1510 682 1558 708 καὶ
1570 681 1619 716 τὴν
1634 681 1729 708 νύκτα.
1739 682 1870 713 Ἀναστὰς

1076 726 1105 752 δὲ
1125 726 1154 752 τὸ
1171 727 1193 742 ⁹²
1209 726 1281 762 πρωῒ
1294 727 1307 752 6
1320 726 1478 760 Αἰγύπτιος,
1500 726 1575 760 λέγει
1592 726 1683 761 αὐτῷ·
1701 724 1784 759 Εὖξαι
1801 727 1870 761 ὑπὲρ

1077 772 1157 808 ἐμοῦ.
1186 773 1241 799 Καὶ
1274 771 1371 808 ἐξῆλθε
1398 773 1435 808 μὴ
1452 772 1612 807 ὼφεληΟείς.
1631 773 1687 799 Καὶ
1705 772 1744 805 ὡς
1765 773 1870 808 ἀπῆλθε

1080 819 1188 855 μικρὸν,
1202 819 1287 845 θέλων
1296 820 1309 846 6
1319 819 1409 856 γέρων
1421 819 1560 853 ὠφελῆσαι
1571 818 1661 849 αὑτὸν,
1682 818 1792 854 πέμψας
1806 827 1871 854 μετ-

1078 865 1226 891 εκαλέσατο
1250 865 1348 892 αὐτόν·
1377 865 1425 891 καὶ
1450 865 1487 896 ὡς
1510 862 1586 900 ἦλθε,
1605 864 1674 900 μετὰ
1689 866 1775 900 χαρᾶς
1790 864 1871 891 πάλιν

236 917 298 948 post
314 913 388 940 illius
403 912 556 940 discessum
574 917 707 946 tempore,
729 919 814 938 senex
837 911 885 946 qui
908 911 987 938 vellet
1002 911 1026 937 ei

1083 911 1187 944 ὶδέξατο
1214 910 1314 943 αὑτὸν,
1350 910 1398 937 καὶ
1429 909 1607 946 ἐπηρώτησεν
1637 910 1738 939 αὑτὸν.
1764 910 1870 944 λέγων’

237 967 299 986 esse
319 959 405 989 utilis.
426 959 538 985 mittens
564 958 703 984 revocavit
724 965 797 984 eum.
827 957 859 984 Et
884 962 1027 992 postquam

236 1006 375 1035 rediisset,
391 1006 488 1031 iterum
507 1005 627 1038 suscepit
640 1004 715 1030 illum
732 1003 825 1034 lwtus;
843 1007 899 1029 tum
916 1003 1030 1029 interro-

237 1051 326 1084 gavit,
347 1051 398 1076 hoc
421 1054 499 1084 pacto
515 1059 521 1076 ε
536 1049 621 1083 Cujus
643 1050 762 1084 regionis
783 1049 835 1076 es?
855 1048 1027 1083 Respondit:

238 1097 383 1132 Aigyptius
399 1104 471 1124 sum.
492 1096 576 1129 Cujus
591 1103 655 1122 vero
676 1095 771 1122 urbis?
791 1095 856 1122 Ille:
873 1094 930 1130 Ego
951 1094 1030 1129 plane

238 1152 269 1170 ex
289 1144 357 1170 urbe
379 1150 433 1169 non
457 1150 528 1169 sum.
552 1141 667 1175 Rogavit
687 1151 693 1168 ε
710 1141 854 1172 Ouodnam
878 1145 937 1168 erat
961 1148 1030 1174 opus

238 1192 315 1214 tuum
342 1188 368 1214 in
394 1192 440 1214 tuo
465 1187 547 1215 vico?
565 1187 697 1221 Excepit:
720 1187 800 1214 Eram
826 1190 932 1214 custos.
962 1187 1028 1213 Ait:

238 1233 354 1260 Ubinam
371 1232 544 1260 dormiebas?
559 1231 623 1258 Ille:
638 1231 665 1258 In
682 1240 758 1267 agro.
776 1231 914 1263 Habuisti,
930 1231 1029 1266 inquit.

240 1283 356 1306 stratum
377 1279 429 1306 sub
451 1278 494 1306 te?
519 1278 690 1313 Responsum
713 1277 810 1304 dedit:
831 1276 951 1307 Scilicet,
974 1279 1029 1304 ruri

240 1323 391 1358 stragulum
426 1323 577 1358 posuissem
615 1323 666 1349 sub
703 1323 764 1349 me?
792 1321 845 1349 Sed
878 1322 1032 1356 quomodo?

241 1369 331 1397 Humi.
359 1370 457 1396 Iterum
474 1369 613 1395 Romanus
635 1367 830 1403 interrogavit:
847 1366 879 1394 Et
893 1374 948 1401 quo
972 1372 1031 1393 ule-

240 1415 316 1442 liaris
332 1415 394 1441 cibo
407 1414 434 1441 in
452 1422 527 1449 agro,
545 1417 592 1440 aut
607 1413 679 1448 quod
696 1415 788 1440 vinum
804 1413 936 1440 bibebas?
950 1413 1032 1447 Αἰθι-

240 1460 314 1495 ptius
339 1467 436 1486 rursus
460 1458 618 1492 respondit:
636 1458 719 1485 Estne
739 1458 818 1484 cibus
840 1457 882 1484 vel
908 1461 987 1492 potus
1005 1457 1032 1485 in

242 1503 324 1538 agro?
336 1503 492 1530 Romanus:
506 1502 557 1529 Sed
571 1503 708 1537 quomodo
733 1502 863 1529 vivebas?
877 1501 1031 1536 Egyptius:

243 1549 439 1577 Manducabam
456 1557 552 1584 panem
568 1549 682 1582 siccum,
702 1556 821 1583 cumque
841 1552 964 1583 poteram
978 1548 1033 1576 sal—

243 1595 360 1623 samenti
391 1602 507 1630 parum,
540 1595 663 1622 bibebam
691 1599 781 1622 autem
809 1602 919 1629 aquam.
944 1596 1030 1622 Senex
1047 1588 1068 1616 C

243 1640 384 1667 Romanus
398 1649 405 1666 :
418 1640 532 1675 Magnus
548 1640 633 1667 labor.
651 1639 735 1667 Estne
755 1648 818 1667 vero
837 1641 863 1667 in
883 1648 951 1675 pago
974 1640 1034 1667 bal-

243 1695 335 1717 neum,
350 1690 380 1714 ut
397 1687 541 1713 laventiui?
557 1686 700 1722 [Egyptius
713 1696 720 1713 :
734 1686 924 1722 Nequaquam,
945 1686 994 1714 Sed
1007 1687 1033 1713 in

244 1734 338 1765 ﬂuvio,
354 1734 465 1768 quando
483 1734 560 1761 libet.
578 1733 724 1768 Postquam
740 1741 805 1769 ergo
824 1734 931 1768 excepit
953 1742 985 1761 ex
1003 1741 1036 1761 eo

245 1789 327 1808 senex
352 1781 409 1808 haec
432 1781 535 1812 omnia,
563 1779 713 1815 didicitque
738 1781 839 1815 prioris
860 1781 923 1807 vita:
948 1781 1036 1815 ipsius

244 1834 392 1857 mrumnas,
407 1826 521 1860 eripiens
531 1826 556 1852 ei
569 1826 709 1860 prodesse.
725 1826 847 1852 narravit
861 1826 959 1858 prioris
972 1827 1035 1853 vita:

246 1880 302 1899 sme
319 1872 345 1898 in
362 1872 462 1898 smculo
485 1876 600 1901 statum;
624 1871 746 1898 referens
762 1880 768 1897 :
786 1871 827 1898 Mc
853 1871 940 1902 vides.
959 1872 1036 1899 nihili

247 1918 402 1950 hominem;
421 1925 545 1952 magnam
565 1917 659 1944 urbem
675 1917 788 1944 Romam
804 1917 920 1951 patriam
937 1917 1036 1950 habeo,

246 1968 304 1991 tum
321 1971 436 1998 magnus
454 1963 546 1990 exstiti
566 1963 593 1989 in
615 1963 714 1997 palatio
738 1963 920 1997 imperatoris.
939 1962 973 1990 Ut
989 1971 1038 1990 au-

247 2015 301 2036 tem
319 2009 424 2035 audivtt
443 2007 587 2043 (Egyptius
611 2008 747 2035 sermonis
771 2008 889 2040 initium,
909 2016 1039 2043 compun-

247 2055 338 2081 rtione
348 2058 434 2081 uictus
443 2058 495 2084 est.
505 2053 733 2087 auscultabatque
745 2053 840 2080 sedulo
851 2062 912 2088 quae
922 2054 1035 2082 diceret.

247 2099 349 2126 lterum
363 2100 400 2125 ait
416 2099 439 2126 ei
455 2109 460 2126 :
474 2099 578 2126 Relicta
595 2107 659 2133 ergo
684 2099 764 2130 Urbe.
782 2099 844 2126 veni
868 2100 894 2126 in
913 2100 1037 2127 solitudi-

248 2154 310 2173 nem
327 2146 408 2172 hanc.
426 2145 466 2172 Me
488 2153 586 2172 rursus
602 2153 682 2180 quem
700 2145 792 2176 vides.
809 2153 923 2181 magnas
941 2147 1038 2174 domos

249 2192 370 2227 possedi,
395 2199 460 2226 opes
485 2191 604 2218 multas:
628 2192 846 2226 contemptisque
871 2192 936 2224 illis,
965 2192 1038 2219 subii

250 2246 361 2273 parvam
381 2237 476 2264 cellam
505 2237 584 2264 hanc.
612 2237 667 2272 Ego
694 2237 798 2270 adhuc,
822 2245 903 2272 quem
929 2239 1036 2270 cernis,

251 2285 336 2311 lectos
355 2283 436 2310 habui
452 2290 485 2310 ex
501 2290 568 2309 auro
591 2283 688 2313 solido,
704 2283 834 2316 pretiosis
849 2284 980 2319 stragulis
994 2291 1039 2311 or-

251 2333 348 2362 natos;
367 2335 416 2363 pro
434 2328 535 2362 quibus
554 2327 624 2354 Deus
641 2328 715 2355 dedit
738 2329 817 2356 istam
839 2332 949 2356 mattam
975 2337 1038 2356 cum

252 2374 303 2400 ista
321 2374 398 2408 pelle.
421 2373 461 2400 Ad
480 2374 552 2404 lure,
575 2374 737 2401 vestimenta
762 2382 821 2401 mea
844 2375 934 2409 magni
960 2374 1039 2409 pretii

252 2423 348 2451 erant;
367 2423 395 2446 et
410 2427 459 2454 pro
477 2419 541 2450 il!is,
558 2423 633 2454 gesto
648 2419 706 2447 lra‘c
723 2420 795 2446 vilia.
814 2420 889 2452 Item,
907 2421 939 2446 ad
958 2429 1040 2455 pran-

253 2466 328 2492 dium
354 2473 461 2496 Ineunt,
487 2466 545 2491 auri
571 2465 684 2492 multum
716 2465 1038 2500 impemlehatur.cujus

253 2512 312 2538 vicc
329 2510 424 2536 tribuit
440 2511 506 2536 mihi
524 2510 593 2537 Deus
617 2511 667 2537 hoc
689 2511 841 2537 olusculum
868 2515 948 2545 atque
966 2512 1038 2538 hunc

255 2563 368 2590 parvum
386 2556 440 2582 vini
461 2556 581 2582 calicem.
601 2555 684 2582 Erant
700 2560 829 2590 prmterea
851 2557 1038 2584 ministrantes

255 2603 331 2636 pueri
352 2602 445 2634 multi;
464 2606 491 2629 et
509 2609 572 2628 ecce
588 2602 695 2628 illorum
711 2602 781 2633 loco,
802 2603 945 2637 inspiravit
966 2603 1038 2630 Deus

256 2647 320 2673 huic
343 2647 401 2674 seni
418 2652 447 2673 ut
463 2647 598 2674 ministret
621 2647 695 2674 Inibi.
712 2646 826 2682 Insuper
848 2648 907 2675 vice
930 2648 1038 2681 balnei.

257 2699 352 2727 parum
373 2699 449 2726 aqua:
465 2693 544 2719 mitto
563 2693 589 2718 in
608 2693 690 2727 pedes
706 2701 796 2725 meos;
817 2693 939 2721 sandalia
956 2695 1038 2721 etiam

257 2747 322 2774 gero
340 2739 376 2766 ob
394 2739 569 2766 debilitatem.
596 2738 701 2770 Itidem,
725 2739 750 2766 in
773 2740 861 2766 locum
878 2740 996 2767 musices
1012 2744 1040 2767 et

257 2792 432 2820 organorum,
450 2784 558 2819 profero
583 2784 726 2811 duodecim
749 2785 878 2820 psalmos.
906 2784 1039 2812 Similiter

1079 959 1162 989 Ποίας
1188 959 1280 994 χώρας
1305 955 1348 990 ei;
1378 957 1433 984 Kal.
1470 957 1559 991 λέγει·
1602 955 1759 991 Αἰγύπτιος.
1788 956 1872 988 Ποίας

1078 1003 1107 1030 δὲ
1123 1003 1226 1036 πόλεως
1240 1012 1247 1036 ;
1267 1004 1296 1030 '0
1311 1003 1338 1029 δὲ
1355 1003 1406 1038 ἔφη
1418 1011 1425 1017 ·
1441 1002 1511 1036 Ἐγὼ
1521 1003 1590 1035 ὅλως
1607 1003 1657 1029 οὐκ
1673 1002 1732 1038 εἱμὶ
1747 1002 1869 1037 πολίτης.

1080 1048 1137 1074 Kal.
1152 1048 1242 1082 λέγει’
1261 1047 1293 1074 Τί
1310 1045 1344 1083 ἦν
1361 1047 1392 1073 τὸ
1405 1046 1485 1082 ἔργον
1500 1055 1547 1073 σου
1561 1047 1602 1078 εἰς
1623 1047 1672 1082 τὴν
1687 1046 1785 1081 κώμην
1803 1054 1870 1077 σου;

1080 1095 1136 1121 Kal.
1152 1094 1226 1128 λέγει
1238 1102 1245 1108 ·
1260 1094 1399 1129 Τηρητής,
1410 1094 1465 1119 Καὶ
1482 1092 1557 1126 λέγει
1567 1101 1573 1107 -
1594 1092 1649 1119 Ποῦ
1662 1092 1782 1128 ἐκοιμῶ;
1803 1092 1832 1119 '0
1845 1092 1873 1118 δὲ

1080 1139 1155 1166 εἶπεν
1168 1149 1174 1154 ·
1188 1141 1235 1171 Εἰς
1256 1140 1302 1166 τὸν
1316 1139 1409 1174 ἀγρόν.
1430 1137 1518 1174 Εἷχες,
1543 1141 1621 1174 φησὶ,
1647 1139 1792 1175 στρωμνὴν
1805 1139 1872 1165 ὐπο-

1081 1187 1156 1213 κάιω
1176 1195 1221 1212 σου
1236 1196 1243 1217 ς
1259 1186 1315 1212 Καὶ
1343 1185 1435 1220 λέγει’
1461 1186 1525 1218 Ναὶ,
1543 1187 1583 1217 εἰς
1597 1186 1681 1222 ἀγρὸν
1693 1183 1765 1221 εἶχον
1788 1185 1874 1212 θεῖναι

1082 1231 1196 1267 στρῶμα
1213 1232 1341 1258 ὑποκάτω
1354 1240 1423 1267 μου;
1439 1231 1519 1259 Ἀλλὰ
1532 1232 1608 1264 πῶςῖ
1625 1230 1693 1258 Eine
1704 1232 1750 1258 δέ·
1766 1232 1871 1268 Χαμαί.

1082 1279 1162 1312 Λέγει
1176 1278 1249 1313 αὐτῷ
1261 1278 1419 1304 πάλιν-Καὶ
1429 1278 1454 1304 τι
1465 1276 1536 1313 εἶχες
1551 1278 1647 1314 βρῶμα
1659 1279 1700 1310 εἰς
1711 1278 1757 1305 τὸν
1771 1278 1872 1314 ἀγρόν;

1081 1323 1098 1358 ἢ
1111 1324 1186 1349 ποῖον
1198 1321 1268 1349 οἶνον
1280 1323 1371 1354 ἔπινες
1384 1331 1391 1356 ;
1413 1323 1562 1359 Ἀπεκρίθη
1585 1323 1679 1351 πάλιν·
1699 1325 1757 1350 Ἐνι
1776 1324 1874 1359 βρῶμα

1081 1369 1099 1403 ἢ
1120 1368 1196 1403 πόμα
1210 1369 1252 1400 εἰς
1275 1369 1376 1404 ἀγρὸνς
1400 1369 1480 1396 Ἀλλὰ
1501 1371 1559 1401 πῶς
1579 1369 1658 1405 ἕζης;
1674 1370 1750 1406 φησί.
1769 1371 1852 1404 Λέγει
1865 1378 1872 1386 ·

1084 1415 1197 1442 Ἦσθιον
1214 1414 1295 1450 ξηρὸν
1319 1415 1411 1449 ἄρτον,
1437 1415 1484 1442 καὶ
1499 1417 1523 1442 εὶ
1538 1415 1665 1451 εὕρισκον
1681 1417 1778 1452 μικρὸν
1794 1417 1868 1453 ταρί-

1082 1470 1135 1496 χιν,
1151 1462 1197 1488 καὶ
1223 1461 1306 1496 ὕδωρ.
1329 1462 1502 1496 Ἀποκριθεὶς
1515 1462 1544 1488 δὲ
1555 1462 1569 1487 6
1583 1462 1672 1497 γέρων
1687 1461 1746 1489 εἷπε
1760 1471 1766 1478 ·
1778 1463 1874 1498 Μέγας

1083 1508 1176 1539 κόποςι
1192 1507 1250 1534 Ἕνι
1279 1509 1308 1534 δὲ
1330 1509 1378 1534 καὶ
1401 1509 1541 1543 βαλανεῖον
1568 1510 1609 1540 εἰς
1634 1509 1684 1544 τὴν
1701 1509 1812 1544 κώμην,
1831 1510 1875 1536 ἵνα

1083 1553 1213 1588 λούησοες
1237 1555 1265 1580 '0
1281 1554 1309 1580 δὲ
1332 1552 1408 1581 εἶπεν
1421 1562 1428 1569 ⁵
1443 1554 1526 1590 Οὐχί·
1545 1555 1612 1581 ἀλλὰ
1625 1555 1665 1586 εἰς
1681 1555 1727 1581 τὸν
1750 1555 1875 1590 ποταμὸν

1085 1599 1129 1625 ὅτε
1147 1599 1270 1634 θέλομεν.
1289 1599 1331 1629 Ὠς
1353 1597 1400 1626 οὖν
1414 1599 1540 1632 ἐξέλαϐεν
1562 1599 1585 1615 ⁵³
1598 1599 1679 1626 αὑτὸν
1699 1601 1713 1626 6
1728 1599 1817 1635 γέρων
1836 1601 1876 1631 εἰς

1086 1643 1172 1670 ταῦτα
1195 1644 1296 1676 πάντα,
1324 1645 1371 1670 καὶ
1389 1644 1474 1679 ἔμαθε
1499 1643 1545 1670 τοῦ
1570 1644 1702 1680 προτέρου
1719 1645 1776 1679 βίου
1792 1644 1875 1671 αὐτοῦ

1086 1689 1135 1724 τὴν
1150 1689 1250 1724 anew.
1270 1690 1356 1716 θέλων
1371 1690 1451 1716 αὑτὸν
1465 1690 1622 1725 ὠφελῆσαι,
1635 1690 1785 1725 διηγήσατο
1801 1690 1876 1725 αὐτῷ

1086 1735 1135 1770 τὴν
1159 1735 1294 1771 προτέραν
1320 1735 1403 1762 αὐτοῦ
1430 1735 1570 1771 διαγωγὴν
1591 1736 1641 1770 τὴν
1666 1736 1695 1761 ἐν
1710 1735 1749 1770 τῷ
1767 1736 1874 1770 κόσμῳ.

1086 1781 1173 1815 λέγων
1184 1790 1191 1796 ·
1219 1781 1284 1816 Ἐμὲ
1295 1781 1341 1807 τὸν
1358 1781 1485 1807 ταπεινὸν
1501 1781 1530 1807 6v
1544 1781 1663 1816 βλέπεις,
1681 1782 1713 1807 ὲκ
1724 1782 1772 1816 τῆς
1792 1782 1878 1816 μεγά-

1087 1826 1136 1860 λης
1151 1827 1255 1858 πόλεως
1276 1826 1386 1861 Ῥώμης
1403 1827 1471 1861 εἰμὶ,
1500 1826 1548 1853 καὶ
1574 1826 1659 1861 μέγας
1677 1827 1776 1861 γέγονα
1793 1828 1832 1858 εἰς
1847 1828 1877 1853 τὸ

1087 1873 1219 1900 παλάτιον
1234 1873 1282 1899 τοῦ
1300 1872 1443 1907 βασιλέως.
1463 1873 1518 1898 Καὶ
1533 1873 1571 1904 ὡς
1581 1873 1682 1908 ἤκουσε
1698 1875 1712 1899 6
1726 1873 1877 1903 Αἰγύπτιος

1088 1920 1136 1954 τὴν
1151 1919 1238 1955 ἀρχὴν
1253 1919 1300 1945 τοῦ
1314 1919 1404 1953 λόγου,
1417 1918 1566 1953 κατενύγη.
1583 1919 1630 1945 καὶ
1646 1919 1743 1953 ἤκουεν
1754 1918 1877 1953 ἀκριϐῶς

1087 1964 1122 1990 τὰ
1153 1964 1285 1998 λεγόμενα
1317 1963 1382 1998 παρ’
1414 1963 1508 1989 αὑτοῦ.
1534 1963 1618 1990 Πάλιν
1640 1963 1668 1989 δὲ
1689 1963 1764 1997 λέγει
1781 1963 1877 1997 αὑτῷδ

1088 2010 1240 2036 Κατέλιπον
1258 2007 1304 2036 οὖν
1319 2009 1368 2044 τὴν
1388 2009 1476 2041 πόλιν,
1495 2009 1543 2035 καὶ
1555 2006 1637 2044 ἦλθον
1655 2009 1695 2040 εἰς
1710 2009 1758 2043 τὴν
1772 2009 1877 2044 ἔρημον

1088 2056 1203 2091 ταύτην·
1220 2056 1268 2081 καὶ
1283 2055 1362 2081 πάλιν
1382 2055 1432 2089 ἐμὲ
1450 2055 1479 2080 ὃν
1495 2054 1613 2089 βλέπεις,
1635 2054 1726 2085 οἴκους
1743 2054 1878 2089 μεγάλους

1089 2100 1160 2136 εἶχον
1171 2102 1218 2127 καὶ
1235 2102 1285 2136 χρὴ
1292 2110 1363 2136 ματα
1377 2101 1399 2116 ⁸⁸
1410 2101 1495 2128 πολλὰ
1505 2110 1511 2116 ·
1535 2102 1582 2128 καὶ
1598 2102 1810 2137 καταφρονήσας
1826 2102 1877 2128 αὺ-

1089 2147 1153 2179 τῶν,
1168 2145 1249 2181 ἦλθον
1260 2149 1300 2178 εἰς
1315 2147 1345 2172 τὸ
1357 2147 1455 2182 μικρὸν
1468 2146 1572 2174 κελλίον
1581 2147 1668 2173 τοῦτο·
1680 2147 1726 2173 καὶ
1735 2147 1814 2174 πάλιν
1826 2147 1878 2181 ἐμὲ

1089 2193 1118 2219 ὃν
1136 2193 1252 2228 βλέπεις,
1270 2192 1442 2228 κραϐΰάτους
1473 2191 1546 2228 εἶχον
1569 2193 1741 2228 ὁλοχρύσους.
1765 2193 1878 2228 ἔχοντας

1090 2237 1253 2272 πολυτίμους
1269 2238 1422 2273 στρωμνάς·
1439 2239 1486 2264 καὶ
1504 2238 1559 2264 ἀντ’
1573 2239 1672 2269 αὐτῶν,
1688 2239 1787 2264 δέδωκέ
1806 2247 1851 2272 μοι
1864 2239 1878 2264 6

1090 2284 1155 2315 Θεὸς
1173 2283 1205 2310 τὺ
1216 2284 1361 2319 χαράδριον
1376 2283 1454 2310 τοῦτο
1465 2285 1551 2310 καὶτὸ
1563 2283 1650 2318 δέρμα
1662 2291 1668 2298 ’
1685 2283 1765 2310 πάλιν
1782 2285 1816 2310 τὰ
1833 2284 1879 2309 ὲν-

1089 2330 1196 2365 δύματά
1209 2338 1259 2365 μου
1278 2330 1377 2364 πολλῆς
1388 2330 1470 2364 τιμῆς
1482 2329 1544 2362 ἄξια
1555 2327 1589 2364 ἦν
1597 2338 1603 2344 ·
1619 2329 1665 2356 καὶ
1682 2329 1742 2356 ἀντὶ
1754 2329 1878 2360 ἐκείνων,

1090 2376 1165 2411 φορῶ
1181 2376 1216 2402 τὰ
1229 2375 1324 2410 εὐτελῆ
1339 2375 1425 2402 ταῦτα
1444 2376 1537 2410 ἱμάτια
1548 2384 1554 2390 ’
1568 2375 1648 2402 πάλιν
1663 2376 1704 2406 εἰς
1718 2375 1749 2401 τὸ
1766 2374 1880 2410 ἄριστόν

1091 2430 1143 2457 μου
1173 2421 1240 2448 πολὺ
1261 2421 1372 2456 χρυσίον
1400 2421 1577 2456 ἀνηλίσκετο·
1605 2420 1651 2446 καὶ
1676 2420 1736 2446 ἀντὶ
1759 2419 1878 2451 ἐκείνου,

1089 2468 1173 2494 ἔδωκέ
1183 2476 1227 2502 μοι
1243 2468 1256 2493 6
1273 2467 1338 2498 Θεὸς
1364 2467 1395 2493 τὸ
1411 2467 1508 2503 μικρὸν
1530 2467 1644 2501 λάχανον
1665 2466 1754 2497 τοῦτο,
1781 2466 1830 2492 καὶ
1848 2465 1880 2491 τὸ

1093 2513 1191 2548 μικρὸν
1208 2514 1336 2548 ποτήριον
1350 2513 1396 2539 τοῦ
1405 2514 1486 2540 οἴνου.
1495 2511 1584 2539 Ἦσαν
1598 2513 1627 2539 δὲ
1639 2513 1663 2538 oi
1679 2512 1879 2548 ὑπηρετοῦντές

1093 2568 1138 2594 μοι
1154 2559 1247 2590 παῖδες
1260 2558 1351 2585 πολλοί
1362 2567 1368 2573 “
1384 2559 1430 2585 καὶ
1449 2559 1503 2585 ἰδοὺ
1518 2558 1575 2585 ἀντ’
1588 2558 1711 2589 ἐκείνων,
1731 2557 1879 2589 κατένυξεν

1091 2606 1105 2630 6
1121 2604 1186 2636 Θεὸς
1201 2605 1246 2631 τὸν
1254 2604 1370 2640 γέροντα
1382 2604 1476 2631 τοῦτον
1495 2604 1665 2639 ὑπηρετῆσαι
1686 2612 1730 2638 μοι
1744 2612 1750 2617 ·
1767 2603 1829 2629 ἀντὶ
1848 2603 1879 2629 δὲ

1094 2650 1246 2685 βαλανείου,
1274 2650 1362 2685 βάλλω
1383 2651 1413 2676 τὸ
1442 2649 1539 2686 μικρὸν
1562 2649 1634 2684 ὕδωρ
1650 2650 1689 2680 εἰς
1705 2649 1767 2680 τοὺς
1792 2648 1880 2679 πόδας

1094 2703 1155 2729 μου,
1176 2695 1222 2721 καὶ
1237 2695 1270 2721 τὰ
1285 2695 1412 2721 σανδάλια
1425 2694 1469 2721 διὰ
1483 2695 1533 2730 τὴν
1549 2694 1689 2721 ἀσθένειάν
1708 2702 1758 2727 μου
1769 2702 1776 2708 '
1795 2693 1880 2719 πάλιν

1092 2740 1152 2766 ἀντὶ
1171 2741 1307 2774 μουσικῶν
1320 2741 1366 2767 καὶ
1379 2740 1508 2776 κιθαρῶν,
1527 2740 1598 2774 λέγω
1609 2740 1671 2771 τοὺς
1687 2738 1791 2765 δώδεκα
1806 2738 1880 2772 ψαλ-

1094 2785 1175 2819 μούς·
1207 2786 1306 2820 ὁμοίως
1326 2787 1372 2812 καὶ
1401 2786 1451 2821 τὴν
1467 2786 1560 2817 νύκτα,
1582 2785 1642 2812 ἀντὶ
1659 2785 1714 2812 τῶν
1733 2784 1880 2820 ἁμαρτιῶν

293 2861 351 2877 ¹³·⁹¹
371 2861 413 2888 AI.
441 2860 524 2895 αὐτῷ.
563 2861 586 2876 ¹¹
602 2861 643 2887 Al.
667 2861 715 2896 τῷ.
754 2861 777 2878 9³
792 2861 834 2888 Al.
853 2861 988 2894 ἐξέϐαλεν.
1028 2863 1032 2877 ⁸

1083 2862 1106 2888 ,1.
1120 2862 1279 2897 πράγματα.
