  <div class='ocr_page' id='page_1' title='image "/cluster/home/n/w/nwhite01/storage/ocr_20150623/65/njp.32101077772687/200.png"; bbox 0 0 1978 3075; ppageno 0'>
   <div class='ocr_carea' id='block_1_1' title="bbox 117 137 173 165">
    <p class='ocr_par' dir='ltr' id='par_1_1' title="bbox 117 137 173 165">
     <span class='ocr_line' id='line_1_1' title="bbox 117 137 173 165; baseline 0 -1"><span class='ocrx_word' id='word_1_1' title='bbox 117 137 173 165; x_wconf 73' lang='lat'><strong>389</strong></span> 
     </span>
    </p>
   </div>
   <div class='ocr_carea' id='block_1_2' title="bbox 672 135 1148 167">
    <p class='ocr_par' dir='ltr' id='par_1_2' title="bbox 672 135 1148 167">
     <span class='ocr_line' id='line_1_2' title="bbox 672 135 1148 167; baseline 0.006 -3"><span class='ocrx_word' id='word_1_2' title='bbox 672 135 975 164; x_wconf 67' lang='lat' dir='ltr'><strong>At’UPllTllEGMATA</strong></span> <span class='ocrx_word' id='word_1_3' title='bbox 995 137 1148 167; x_wconf 74' lang='lat' dir='ltr'><strong>PATR&#39;UM.</strong></span> 
     </span>
    </p>
   </div>
   <div class='ocr_carea' id='block_1_3' title="bbox 1695 139 1748 168">
    <p class='ocr_par' dir='ltr' id='par_1_3' title="bbox 1695 139 1748 168">
     <span class='ocr_line' id='line_1_3' title="bbox 1695 139 1748 168; baseline -0.038 0"><span class='ocrx_word' id='word_1_4' title='bbox 1695 139 1748 168; x_wconf 77' lang='lat'><strong>590</strong></span> 
     </span>
    </p>
   </div>
   <div class='ocr_carea' id='block_1_4' title="bbox 117 192 906 230">
    <p class='ocr_par' dir='ltr' id='par_1_4' title="bbox 117 192 904 229">
     <span class='ocr_line' id='line_1_4' title="bbox 117 192 904 229; baseline -0.004 -7"><span class='ocrx_word' id='word_1_5' title='bbox 117 192 155 222; x_wconf 80' lang='grc' dir='ltr'><strong>ὧν</strong></span> <span class='ocrx_word' id='word_1_6' title='bbox 174 194 294 226; x_wconf 82' lang='grc' dir='ltr'>ὲποίουν,</span> <span class='ocrx_word' id='word_1_7' title='bbox 307 194 368 229; x_wconf 80' lang='grc' dir='ltr'>ἄρτι</span> <span class='ocrx_word' id='word_1_8' title='bbox 384 193 453 229; x_wconf 83' lang='grc' dir='ltr'>μετὰ</span> <span class='ocrx_word' id='word_1_9' title='bbox 465 194 644 225; x_wconf 78' lang='grc' dir='ltr'>ἀναπαύσεως</span> <span class='ocrx_word' id='word_1_10' title='bbox 655 193 723 220; x_wconf 84' lang='grc' dir='ltr'>ποιῶ</span> <span class='ocrx_word' id='word_1_11' title='bbox 738 194 840 229; x_wconf 75' lang='grc' dir='ltr'>μικράν</span> <span class='ocrx_word' id='word_1_12' title='bbox 855 201 904 229; x_wconf 89' lang='grc' dir='ltr'><strong>μου</strong></span> 
     </span>
    </p>
   </div>
   <div class='ocr_carea' id='block_1_5' title="bbox 960 192 1746 230">
    <p class='ocr_par' dir='ltr' id='par_1_5' title="bbox 960 196 1746 230">
     <span class='ocr_line' id='line_1_5' title="bbox 960 196 1746 230; baseline 0.006 -11"><span class='ocrx_word' id='word_1_13' title='bbox 960 198 1050 226; x_wconf 91' lang='lat' dir='ltr'><strong>noctu,</strong></span> <span class='ocrx_word' id='word_1_14' title='bbox 1070 203 1118 230; x_wconf 86' lang='lat' dir='ltr'><strong>pro</strong></span> <span class='ocrx_word' id='word_1_15' title='bbox 1135 196 1254 230; x_wconf 74' lang='lat' dir='ltr'><strong>peccatis</strong></span> <span class='ocrx_word' id='word_1_16' title='bbox 1271 204 1332 230; x_wconf 75' lang='lat' dir='ltr'><strong>qua:</strong></span> <span class='ocrx_word' id='word_1_17' title='bbox 1353 196 1570 230; x_wconf 83' lang='lat' dir='ltr'><strong>committebam,</strong></span> <span class='ocrx_word' id='word_1_18' title='bbox 1587 197 1667 225; x_wconf 90' lang='lat' dir='ltr'><strong>modo</strong></span> <span class='ocrx_word' id='word_1_19' title='bbox 1683 205 1746 225; x_wconf 88' lang='lat' dir='ltr'><strong>cum</strong></span> 
     </span>
    </p>
   </div>
   <div class='ocr_carea' id='block_1_6' title="bbox 116 238 907 276">
    <p class='ocr_par' dir='ltr' id='par_1_6' title="bbox 116 238 907 276">
     <span class='ocr_line' id='line_1_6' title="bbox 116 238 907 276; baseline -0.001 -10"><span class='ocrx_word' id='word_1_20' title='bbox 116 239 301 276; x_wconf 83' lang='grc' dir='ltr'>λειτουργίαν.</span> <span class='ocrx_word' id='word_1_21' title='bbox 316 239 471 274; x_wconf 84' lang='grc' dir='ltr'>Παρακαλῶ</span> <span class='ocrx_word' id='word_1_22' title='bbox 483 238 530 266; x_wconf 79' lang='grc' dir='ltr'>οὖν</span> <span class='ocrx_word' id='word_1_23' title='bbox 548 248 588 272; x_wconf 81' lang='grc' dir='ltr'><strong>σε,</strong></span> <span class='ocrx_word' id='word_1_24' title='bbox 605 240 689 271; x_wconf 69' lang='grc' dir='ltr'><strong>ὰῦϐᾶ,</strong></span> <span class='ocrx_word' id='word_1_25' title='bbox 708 240 745 275; x_wconf 84' lang='grc' dir='ltr'>μὴ</span> <span class='ocrx_word' id='word_1_26' title='bbox 763 238 907 266; x_wconf 85' lang='grc' dir='ltr'>σκανδαλι-</span> 
     </span>
    </p>
   </div>
   <div class='ocr_carea' id='block_1_7' title="bbox 118 285 907 320">
    <p class='ocr_par' dir='ltr' id='par_1_7' title="bbox 118 285 907 320">
     <span class='ocr_line' id='line_1_7' title="bbox 118 285 907 320; baseline 0 -9"><span class='ocrx_word' id='word_1_27' title='bbox 118 285 185 320; x_wconf 83' lang='grc' dir='ltr'>σθῇς</span> <span class='ocrx_word' id='word_1_28' title='bbox 202 287 242 316; x_wconf 81' lang='grc' dir='ltr'>εἰς</span> <span class='ocrx_word' id='word_1_29' title='bbox 256 285 306 320; x_wconf 84' lang='grc' dir='ltr'>τὴν</span> <span class='ocrx_word' id='word_1_30' title='bbox 335 285 477 312; x_wconf 71' lang='grc' dir='ltr'>ἀσθένειάν</span> <span class='ocrx_word' id='word_1_31' title='bbox 498 294 557 320; x_wconf 88' lang='grc' dir='ltr'>μου.</span> <span class='ocrx_word' id='word_1_32' title='bbox 587 286 679 312; x_wconf 81' lang='grc' dir='ltr'>Ταῦτα</span> <span class='ocrx_word' id='word_1_33' title='bbox 698 285 819 317; x_wconf 80' lang='grc' dir='ltr'>ἀκούσας</span> <span class='ocrx_word' id='word_1_34' title='bbox 832 286 845 312; x_wconf 89' lang='lat'><strong>6</strong></span> <span class='ocrx_word' id='word_1_35' title='bbox 859 286 907 311; x_wconf 79' lang='lat' dir='ltr'><strong>Al-</strong></span> 
     </span>
    </p>
   </div>
   <div class='ocr_carea' id='block_1_8' title="bbox 119 330 907 367">
    <p class='ocr_par' dir='ltr' id='par_1_8' title="bbox 119 330 907 367">
     <span class='ocr_line' id='line_1_8' title="bbox 119 330 907 367; baseline 0.001 -11"><span class='ocrx_word' id='word_1_36' title='bbox 119 331 242 365; x_wconf 75' lang='grc' dir='ltr'>γύπ-τιος,</span> <span class='ocrx_word' id='word_1_37' title='bbox 258 333 297 361; x_wconf 77' lang='grc' dir='ltr'>εἰς</span> <span class='ocrx_word' id='word_1_38' title='bbox 313 331 409 357; x_wconf 77' lang='grc' dir='ltr'>ἑαυτὸν</span> <span class='ocrx_word' id='word_1_39' title='bbox 425 331 520 363; x_wconf 75' lang='grc' dir='ltr'>ἐλθὼν,</span> <span class='ocrx_word' id='word_1_40' title='bbox 539 330 630 358; x_wconf 78' lang='grc' dir='ltr'>εἶπεν·</span> <span class='ocrx_word' id='word_1_41' title='bbox 647 332 716 358; x_wconf 80' lang='grc' dir='ltr'>Οὐαί</span> <span class='ocrx_word' id='word_1_42' title='bbox 730 340 785 367; x_wconf 81' lang='grc' dir='ltr'>μοι,</span> <span class='ocrx_word' id='word_1_43' title='bbox 802 331 842 358; x_wconf 77' lang='grc' dir='ltr'><strong>ὅτι</strong></span> <span class='ocrx_word' id='word_1_44' title='bbox 854 330 907 357; x_wconf 78' lang='grc' dir='ltr'><strong>ἀπὸ</strong></span> 
     </span>
    </p>
   </div>
   <div class='ocr_carea' id='block_1_9' title="bbox 119 375 906 412">
    <p class='ocr_par' dir='ltr' id='par_1_9' title="bbox 119 375 906 412">
     <span class='ocr_line' id='line_1_9' title="bbox 119 375 906 412; baseline 0.001 -11"><span class='ocrx_word' id='word_1_45' title='bbox 119 375 221 411; x_wconf 81' lang='grc' dir='ltr'>πολλῆς</span> <span class='ocrx_word' id='word_1_46' title='bbox 247 376 363 411; x_wconf 75' lang='grc' dir='ltr'><strong>θλίψεως</strong></span> <span class='ocrx_word' id='word_1_47' title='bbox 389 376 437 402; x_wconf 83' lang='grc' dir='ltr'>τοῦ</span> <span class='ocrx_word' id='word_1_48' title='bbox 463 377 565 411; x_wconf 87' lang='grc' dir='ltr'>κόσμου</span> <span class='ocrx_word' id='word_1_49' title='bbox 590 377 629 408; x_wconf 83' lang='grc' dir='ltr'>εἰς</span> <span class='ocrx_word' id='word_1_50' title='bbox 646 377 800 404; x_wconf 84' lang='grc' dir='ltr'><strong>ἀνάπαυσιν</strong></span> <span class='ocrx_word' id='word_1_51' title='bbox 815 375 906 412; x_wconf 77' lang='grc' dir='ltr'>ἦλθον.</span> 
     </span>
    </p>
   </div>
   <div class='ocr_carea' id='block_1_10' title="bbox 119 420 908 457">
    <p class='ocr_par' dir='ltr' id='par_1_10' title="bbox 119 420 908 457">
     <span class='ocr_line' id='line_1_10' title="bbox 119 420 908 457; baseline 0.001 -10"><span class='ocrx_word' id='word_1_52' title='bbox 119 421 168 447; x_wconf 75' lang='grc' dir='ltr'>καὶ</span> <span class='ocrx_word' id='word_1_53' title='bbox 193 422 211 448; x_wconf 85' lang='grc' dir='ltr'>ἃ</span> <span class='ocrx_word' id='word_1_54' title='bbox 231 422 281 448; x_wconf 70' lang='grc' dir='ltr'>οὐκ</span> <span class='ocrx_word' id='word_1_55' title='bbox 303 420 376 457; x_wconf 87' lang='grc' dir='ltr'>εἶχον</span> <span class='ocrx_word' id='word_1_56' title='bbox 388 423 459 454; x_wconf 83' lang='grc' dir='ltr'>τότε,</span> <span class='ocrx_word' id='word_1_57' title='bbox 486 422 533 450; x_wconf 81' lang='grc' dir='ltr'>νῦν</span> <span class='ocrx_word' id='word_1_58' title='bbox 553 423 607 457; x_wconf 75' lang='grc' dir='ltr'>ἔχω</span> <span class='ocrx_word' id='word_1_59' title='bbox 619 431 625 437; x_wconf 93' lang='grc'><strong>·</strong></span> <span class='ocrx_word' id='word_1_60' title='bbox 644 423 675 449; x_wconf 80' lang='grc' dir='ltr'>σὺ</span> <span class='ocrx_word' id='word_1_61' title='bbox 691 423 719 449; x_wconf 82' lang='grc' dir='ltr'>δὲ</span> <span class='ocrx_word' id='word_1_62' title='bbox 737 423 791 449; x_wconf 78' lang='grc' dir='ltr'><strong>ἀπὸ</strong></span> <span class='ocrx_word' id='word_1_63' title='bbox 807 423 908 457; x_wconf 81' lang='grc' dir='ltr'>πολλῆς</span> 
     </span>
    </p>
   </div>
   <div class='ocr_carea' id='block_1_11' title="bbox 118 467 908 504">
    <p class='ocr_par' dir='ltr' id='par_1_11' title="bbox 118 467 908 504">
     <span class='ocr_line' id='line_1_11' title="bbox 118 467 908 504; baseline 0 -10"><span class='ocrx_word' id='word_1_64' title='bbox 118 468 300 500; x_wconf 72' lang='grc' dir='ltr'>ἀναπαύσεως</span> <span class='ocrx_word' id='word_1_65' title='bbox 314 471 352 500; x_wconf 80' lang='grc' dir='ltr'><strong>εἰς</strong></span> <span class='ocrx_word' id='word_1_66' title='bbox 366 468 455 503; x_wconf 66' lang='grc' dir='ltr'>θλῖψιν</span> <span class='ocrx_word' id='word_1_67' title='bbox 467 467 560 504; x_wconf 84' lang='grc' dir='ltr'>ἦλθες,</span> <span class='ocrx_word' id='word_1_68' title='bbox 582 470 629 495; x_wconf 81' lang='grc' dir='ltr'>καὶ</span> <span class='ocrx_word' id='word_1_69' title='bbox 640 469 693 496; x_wconf 79' lang='grc' dir='ltr'><strong>ἀπὸ</strong></span> <span class='ocrx_word' id='word_1_70' title='bbox 707 469 808 503; x_wconf 74' lang='grc' dir='ltr'>πολλῆς</span> <span class='ocrx_word' id='word_1_71' title='bbox 829 469 908 504; x_wconf 79' lang='grc' dir='ltr'>δόξης</span> 
     </span>
    </p>
   </div>
   <div class='ocr_carea' id='block_1_12' title="bbox 119 512 906 550">
    <p class='ocr_par' dir='ltr' id='par_1_12' title="bbox 119 512 906 550">
     <span class='ocr_line' id='line_1_12' title="bbox 119 512 906 550; baseline 0 -10"><span class='ocrx_word' id='word_1_72' title='bbox 119 514 167 540; x_wconf 75' lang='grc' dir='ltr'><strong>καὶ</strong></span> <span class='ocrx_word' id='word_1_73' title='bbox 198 514 313 540; x_wconf 76' lang='grc' dir='ltr'>πλούτου</span> <span class='ocrx_word' id='word_1_74' title='bbox 339 512 421 550; x_wconf 85' lang='grc' dir='ltr'>ἦλθες</span> <span class='ocrx_word' id='word_1_75' title='bbox 447 515 487 545; x_wconf 79' lang='grc' dir='ltr'><strong>είς</strong></span> <span class='ocrx_word' id='word_1_76' title='bbox 510 515 674 541; x_wconf 73' lang='grc' dir='ltr'>ταπείνωσιν</span> <span class='ocrx_word' id='word_1_77' title='bbox 700 514 746 541; x_wconf 76' lang='grc' dir='ltr'><strong>καὶ</strong></span> <span class='ocrx_word' id='word_1_78' title='bbox 761 515 906 548; x_wconf 86' lang='grc' dir='ltr'>πτωχείαν.</span> 
     </span>
    </p>
   </div>
   <div class='ocr_carea' id='block_1_13' title="bbox 119 559 907 594">
    <p class='ocr_par' dir='ltr' id='par_1_13' title="bbox 119 559 907 594">
     <span class='ocr_line' id='line_1_13' title="bbox 119 559 907 594; baseline 0 -9"><span class='ocrx_word' id='word_1_79' title='bbox 119 560 210 585; x_wconf 75' lang='grc' dir='ltr'>Πολλὰ</span> <span class='ocrx_word' id='word_1_80' title='bbox 238 560 265 586; x_wconf 81' lang='grc' dir='ltr'>δὲ</span> <span class='ocrx_word' id='word_1_81' title='bbox 290 560 442 594; x_wconf 66' lang='grc' dir='ltr'>ὠφεληθεὶς</span> <span class='ocrx_word' id='word_1_82' title='bbox 469 560 586 594; x_wconf 82' lang='grc' dir='ltr'>ἀπῆλθε,</span> <span class='ocrx_word' id='word_1_83' title='bbox 613 560 661 586; x_wconf 81' lang='grc' dir='ltr'>καὶ</span> <span class='ocrx_word' id='word_1_84' title='bbox 692 559 799 593; x_wconf 75' lang='grc' dir='ltr'>ἐγένετο</span> <span class='ocrx_word' id='word_1_85' title='bbox 825 559 907 585; x_wconf 82' lang='grc' dir='ltr'>αὑτοῦ</span> 
     </span>
    </p>
   </div>
   <div class='ocr_carea' id='block_1_14' title="bbox 118 605 905 640">
    <p class='ocr_par' dir='ltr' id='par_1_14' title="bbox 118 605 905 640">
     <span class='ocr_line' id='line_1_14' title="bbox 118 605 905 640; baseline 0.001 -10"><span class='ocrx_word' id='word_1_86' title='bbox 118 605 205 638; x_wconf 81' lang='grc' dir='ltr'>φίλος,</span> <span class='ocrx_word' id='word_1_87' title='bbox 220 605 266 630; x_wconf 88' lang='grc' dir='ltr'>καὶ</span> <span class='ocrx_word' id='word_1_88' title='bbox 288 605 458 640; x_wconf 73' lang='grc' dir='ltr'>παρέὃαλλεν</span> <span class='ocrx_word' id='word_1_89' title='bbox 477 605 553 639; x_wconf 79' lang='grc' dir='ltr'>αὺτῴ</span> <span class='ocrx_word' id='word_1_90' title='bbox 576 605 682 640; x_wconf 79' lang='grc' dir='ltr'>συχνῶς</span> <span class='ocrx_word' id='word_1_91' title='bbox 700 606 733 631; x_wconf 74' lang='grc' dir='ltr'>δι’</span> <span class='ocrx_word' id='word_1_92' title='bbox 755 605 905 639; x_wconf 73' lang='grc' dir='ltr'>ὠφέλειαν·</span> 
     </span>
    </p>
   </div>
   <div class='ocr_carea' id='block_1_15' title="bbox 118 648 906 686">
    <p class='ocr_par' dir='ltr' id='par_1_15' title="bbox 118 648 906 686">
     <span class='ocr_line' id='line_1_15' title="bbox 118 648 906 686; baseline 0.001 -10"><span class='ocrx_word' id='word_1_93' title='bbox 118 648 152 684; x_wconf 81' lang='grc' dir='ltr'>ἦν</span> <span class='ocrx_word' id='word_1_94' title='bbox 167 650 222 685; x_wconf 82' lang='grc' dir='ltr'><strong>γὰρ</strong></span> <span class='ocrx_word' id='word_1_95' title='bbox 251 650 321 685; x_wconf 83' lang='grc' dir='ltr'>ἀνὴρ</span> <span class='ocrx_word' id='word_1_96' title='bbox 350 650 527 686; x_wconf 81' lang='grc' dir='ltr'>διακριτικὸς,</span> <span class='ocrx_word' id='word_1_97' title='bbox 540 651 587 677; x_wconf 75' lang='grc' dir='ltr'>καὶ</span> <span class='ocrx_word' id='word_1_98' title='bbox 611 651 716 686; x_wconf 73' lang='grc' dir='ltr'>πλήρης</span> <span class='ocrx_word' id='word_1_99' title='bbox 734 651 846 682; x_wconf 79' lang='grc' dir='ltr'><strong>εὐωδίας</strong></span> <span class='ocrx_word' id='word_1_100' title='bbox 860 651 906 677; x_wconf 83' lang='grc' dir='ltr'>τοῦ</span> 
     </span>
    </p>
   </div>
   <div class='ocr_carea' id='block_1_16' title="bbox 119 696 377 732">
    <p class='ocr_par' dir='ltr' id='par_1_16' title="bbox 119 696 377 732">
     <span class='ocr_line' id='line_1_16' title="bbox 119 696 377 732; baseline -0.004 -9"><span class='ocrx_word' id='word_1_101' title='bbox 119 696 197 730; x_wconf 80' lang='grc' dir='ltr'>ἁγίου</span> <span class='ocrx_word' id='word_1_102' title='bbox 212 697 377 732; x_wconf 84' lang='grc' dir='ltr'>Πνεύματος.</span> 
     </span>
    </p>
   </div>
   <div class='ocr_carea' id='block_1_17' title="bbox 153 784 907 822">
    <p class='ocr_par' dir='ltr' id='par_1_17' title="bbox 153 784 907 822">
     <span class='ocr_line' id='line_1_17' title="bbox 153 784 907 822; baseline -0.003 -9"><span class='ocrx_word' id='word_1_103' title='bbox 153 787 186 822; x_wconf 82' lang='grc' dir='ltr'><strong>β’.</strong></span> <span class='ocrx_word' id='word_1_104' title='bbox 209 787 238 813; x_wconf 78' lang='grc' dir='ltr'><strong>Ὀ</strong></span> <span class='ocrx_word' id='word_1_105' title='bbox 248 787 328 816; x_wconf 76' lang='grc' dir='ltr'>αὐτὸς</span> <span class='ocrx_word' id='word_1_106' title='bbox 345 784 431 817; x_wconf 83' lang='grc' dir='ltr'>εἶπεν,</span> <span class='ocrx_word' id='word_1_107' title='bbox 461 786 502 812; x_wconf 83' lang='grc' dir='ltr'>ὅτι</span> <span class='ocrx_word' id='word_1_108' title='bbox 525 784 559 821; x_wconf 84' lang='grc' dir='ltr'>ἦν</span> <span class='ocrx_word' id='word_1_109' title='bbox 577 794 618 817; x_wconf 81' lang='grc' dir='ltr'>τις</span> <span class='ocrx_word' id='word_1_110' title='bbox 632 785 722 820; x_wconf 77' lang='grc' dir='ltr'>γέρων</span> <span class='ocrx_word' id='word_1_111' title='bbox 742 785 810 820; x_wconf 73' lang='grc' dir='ltr'>ἔχων</span> <span class='ocrx_word' id='word_1_112' title='bbox 825 785 907 811; x_wconf 83' lang='grc' dir='ltr'>καλὸν</span> 
     </span>
    </p>
   </div>
   <div class='ocr_carea' id='block_1_18' title="bbox 119 831 905 869">
    <p class='ocr_par' dir='ltr' id='par_1_18' title="bbox 119 831 905 869">
     <span class='ocr_line' id='line_1_18' title="bbox 119 831 905 869; baseline -0.004 -9"><span class='ocrx_word' id='word_1_113' title='bbox 119 833 256 869; x_wconf 83' lang='grc' dir='ltr'>μαθητήν·</span> <span class='ocrx_word' id='word_1_114' title='bbox 288 833 335 859; x_wconf 65' lang='grc' dir='ltr'>καὶ</span> <span class='ocrx_word' id='word_1_115' title='bbox 365 833 419 859; x_wconf 80' lang='grc' dir='ltr'><strong>ἀπὸ</strong></span> <span class='ocrx_word' id='word_1_116' title='bbox 446 832 594 867; x_wconf 73' lang='grc' dir='ltr'><strong>ὀλιγωρίας</strong></span> <span class='ocrx_word' id='word_1_117' title='bbox 616 831 711 858; x_wconf 75' lang='grc' dir='ltr'>ἔϐαλεν</span> <span class='ocrx_word' id='word_1_118' title='bbox 726 832 806 858; x_wconf 69' lang='grc' dir='ltr'>αὑτὸν</span> <span class='ocrx_word' id='word_1_119' title='bbox 817 831 869 864; x_wconf 76' lang='grc' dir='ltr'><strong>ἔξω</strong></span> <span class='ocrx_word' id='word_1_120' title='bbox 883 831 905 846; x_wconf 78' lang='grc'><strong><em>³⁵</em></strong></span> 
     </span>
    </p>
   </div>
   <div class='ocr_carea' id='block_1_19' title="bbox 119 877 904 914">
    <p class='ocr_par' dir='ltr' id='par_1_19' title="bbox 119 877 904 914">
     <span class='ocr_line' id='line_1_19' title="bbox 119 877 904 914; baseline -0.004 -9"><span class='ocrx_word' id='word_1_121' title='bbox 119 879 189 914; x_wconf 78' lang='grc' dir='ltr'>μετὰ</span> <span class='ocrx_word' id='word_1_122' title='bbox 201 880 250 914; x_wconf 82' lang='grc' dir='ltr'><strong>τῆς</strong></span> <span class='ocrx_word' id='word_1_123' title='bbox 279 879 405 914; x_wconf 79' lang='grc' dir='ltr'>μηλωτῆς</span> <span class='ocrx_word' id='word_1_124' title='bbox 420 878 512 905; x_wconf 75' lang='grc' dir='ltr'>αὐτοῦ.</span> <span class='ocrx_word' id='word_1_125' title='bbox 538 879 566 904; x_wconf 88' lang='grc' dir='ltr'>Ὀ</span> <span class='ocrx_word' id='word_1_126' title='bbox 584 878 612 904; x_wconf 83' lang='grc' dir='ltr'>δὲ</span> <span class='ocrx_word' id='word_1_127' title='bbox 627 877 740 912; x_wconf 75' lang='grc' dir='ltr'>ἁδελφὸς</span> <span class='ocrx_word' id='word_1_128' title='bbox 760 878 904 912; x_wconf 77' lang='grc' dir='ltr'><strong>ὑπέμεινεν</strong></span> 
     </span>
    </p>
   </div>
   <div class='ocr_carea' id='block_1_20' title="bbox 117 919 906 959">
    <p class='ocr_par' dir='ltr' id='par_1_20' title="bbox 117 919 906 959">
     <span class='ocr_line' id='line_1_20' title="bbox 117 919 906 959; baseline -0.003 -9"><span class='ocrx_word' id='word_1_129' title='bbox 117 924 170 956; x_wconf 76' lang='grc' dir='ltr'><strong>ἔξω</strong></span> <span class='ocrx_word' id='word_1_130' title='bbox 193 924 359 959; x_wconf 74' lang='grc' dir='ltr'>καθήμενος.</span> <span class='ocrx_word' id='word_1_131' title='bbox 377 923 432 950; x_wconf 77' lang='grc' dir='ltr'><strong>Καὶ</strong></span> <span class='ocrx_word' id='word_1_132' title='bbox 458 923 567 955; x_wconf 80' lang='grc' dir='ltr'><strong>ἀνοίξας</strong></span> <span class='ocrx_word' id='word_1_133' title='bbox 581 924 595 949; x_wconf 98' lang='lat'><strong>6</strong></span> <span class='ocrx_word' id='word_1_134' title='bbox 608 923 707 957; x_wconf 80' lang='grc' dir='ltr'>γέρων,</span> <span class='ocrx_word' id='word_1_135' title='bbox 729 919 808 957; x_wconf 74' lang='grc' dir='ltr'>εὗρεν</span> <span class='ocrx_word' id='word_1_136' title='bbox 825 922 906 948; x_wconf 81' lang='grc' dir='ltr'>αὑτὸν</span> 
     </span>
    </p>
   </div>
   <div class='ocr_carea' id='block_1_21' title="bbox 117 966 907 1005">
    <p class='ocr_par' dir='ltr' id='par_1_21' title="bbox 117 966 907 1005">
     <span class='ocr_line' id='line_1_21' title="bbox 117 966 907 1005; baseline -0.003 -9"><span class='ocrx_word' id='word_1_137' title='bbox 117 969 282 1005; x_wconf 80' lang='grc' dir='ltr'>καθήμενον,</span> <span class='ocrx_word' id='word_1_138' title='bbox 305 969 352 996; x_wconf 71' lang='grc' dir='ltr'>καὶ</span> <span class='ocrx_word' id='word_1_139' title='bbox 374 969 468 995; x_wconf 78' lang='grc' dir='ltr'>ἔϐαλεν</span> <span class='ocrx_word' id='word_1_140' title='bbox 491 968 566 1004; x_wconf 76' lang='grc' dir='ltr'>αὐτῷ</span> <span class='ocrx_word' id='word_1_141' title='bbox 587 969 741 1004; x_wconf 86' lang='grc' dir='ltr'>μετάνοιαν,</span> <span class='ocrx_word' id='word_1_142' title='bbox 755 968 856 1002; x_wconf 82' lang='grc' dir='ltr'>λέγων·</span> <span class='ocrx_word' id='word_1_143' title='bbox 872 966 907 994; x_wconf 83' lang='grc' dir='ltr'><strong><em>Ὦ</em></strong></span> 
     </span>
    </p>
   </div>
   <div class='ocr_carea' id='block_1_22' title="bbox 116 1014 906 1051">
    <p class='ocr_par' dir='ltr' id='par_1_22' title="bbox 116 1014 906 1051">
     <span class='ocr_line' id='line_1_22' title="bbox 116 1014 906 1051; baseline -0.003 -10"><span class='ocrx_word' id='word_1_144' title='bbox 116 1016 219 1051; x_wconf 72' lang='grc' dir='ltr'>Πάτερ,</span> <span class='ocrx_word' id='word_1_145' title='bbox 246 1016 263 1050; x_wconf 82' lang='grc' dir='ltr'><strong>ἡ</strong></span> <span class='ocrx_word' id='word_1_146' title='bbox 277 1015 441 1047; x_wconf 74' lang='grc' dir='ltr'><strong>ταπείνωσις</strong></span> <span class='ocrx_word' id='word_1_147' title='bbox 454 1015 504 1049; x_wconf 85' lang='grc' dir='ltr'>τῆς</span> <span class='ocrx_word' id='word_1_148' title='bbox 524 1014 715 1050; x_wconf 76' lang='grc' dir='ltr'><strong>μακροθυμίας</strong></span> <span class='ocrx_word' id='word_1_149' title='bbox 736 1022 781 1040; x_wconf 88' lang='grc' dir='ltr'><strong>σου</strong></span> <span class='ocrx_word' id='word_1_150' title='bbox 796 1014 906 1048; x_wconf 81' lang='grc' dir='ltr'>ἐνίκησε</span> 
     </span>
    </p>
   </div>
   <div class='ocr_carea' id='block_1_23' title="bbox 117 1058 907 1097">
    <p class='ocr_par' dir='ltr' id='par_1_23' title="bbox 117 1058 907 1097">
     <span class='ocr_line' id='line_1_23' title="bbox 117 1058 907 1097; baseline -0.001 -10"><span class='ocrx_word' id='word_1_151' title='bbox 117 1061 166 1096; x_wconf 74' lang='grc' dir='ltr'>τὴν</span> <span class='ocrx_word' id='word_1_152' title='bbox 190 1062 259 1096; x_wconf 73' lang='grc' dir='ltr'>ἐμὴν</span> <span class='ocrx_word' id='word_1_153' title='bbox 285 1062 440 1097; x_wconf 84' lang='grc' dir='ltr'>ὀλιγωρίαν.</span> <span class='ocrx_word' id='word_1_154' title='bbox 465 1060 549 1096; x_wconf 73' lang='grc' dir='ltr'>Δεῦρο</span> <span class='ocrx_word' id='word_1_155' title='bbox 574 1060 641 1087; x_wconf 66' lang='grc' dir='ltr'>ἕσιιγ</span> <span class='ocrx_word' id='word_1_156' title='bbox 666 1060 720 1087; x_wconf 76' lang='grc' dir='ltr'>ἀπὸ</span> <span class='ocrx_word' id='word_1_157' title='bbox 743 1060 789 1086; x_wconf 72' lang='grc' dir='ltr'>τοῦ</span> <span class='ocrx_word' id='word_1_158' title='bbox 807 1058 854 1086; x_wconf 77' lang='grc' dir='ltr'>νῦν</span> <span class='ocrx_word' id='word_1_159' title='bbox 873 1061 907 1086; x_wconf 83' lang='grc' dir='ltr'>σὺ</span> 
     </span>
    </p>
   </div>
   <div class='ocr_carea' id='block_1_24' title="bbox 116 1106 907 1143">
    <p class='ocr_par' dir='ltr' id='par_1_24' title="bbox 116 1106 907 1143">
     <span class='ocr_line' id='line_1_24' title="bbox 116 1106 907 1143; baseline -0.001 -10"><span class='ocrx_word' id='word_1_160' title='bbox 116 1108 206 1143; x_wconf 73' lang='grc' dir='ltr'>γέρων</span> <span class='ocrx_word' id='word_1_161' title='bbox 241 1106 266 1133; x_wconf 83' lang='grc' dir='ltr'>εἶ</span> <span class='ocrx_word' id='word_1_162' title='bbox 291 1108 338 1134; x_wconf 74' lang='grc' dir='ltr'>καὶ</span> <span class='ocrx_word' id='word_1_163' title='bbox 367 1108 472 1142; x_wconf 71' lang='grc' dir='ltr'>Πατὴρ,</span> <span class='ocrx_word' id='word_1_164' title='bbox 505 1106 559 1141; x_wconf 75' lang='grc' dir='ltr'><strong>ἐγὼ</strong></span> <span class='ocrx_word' id='word_1_165' title='bbox 583 1106 610 1133; x_wconf 80' lang='grc' dir='ltr'>δὲ</span> <span class='ocrx_word' id='word_1_166' title='bbox 633 1106 764 1142; x_wconf 83' lang='grc' dir='ltr'>νεώτερος</span> <span class='ocrx_word' id='word_1_167' title='bbox 787 1107 834 1132; x_wconf 69' lang='grc' dir='ltr'>καὶ</span> <span class='ocrx_word' id='word_1_168' title='bbox 855 1115 907 1141; x_wconf 86' lang='grc' dir='ltr'>μα-</span> 
     </span>
    </p>
   </div>
   <div class='ocr_carea' id='block_1_25' title="bbox 117 1152 214 1188">
    <p class='ocr_par' dir='ltr' id='par_1_25' title="bbox 117 1152 214 1188">
     <span class='ocr_line' id='line_1_25' title="bbox 117 1152 214 1188; baseline 0 -10"><span class='ocrx_word' id='word_1_169' title='bbox 117 1152 214 1188; x_wconf 82' lang='grc' dir='ltr'><strong>θητής.</strong></span> 
     </span>
    </p>
   </div>
   <div class='ocr_carea' id='block_1_26' title="bbox 312 1207 713 1243">
    <p class='ocr_par' dir='ltr' id='par_1_26' title="bbox 312 1207 713 1243">
     <span class='ocr_line' id='line_1_26' title="bbox 312 1207 713 1243; baseline 0 -9"><span class='ocrx_word' id='word_1_170' title='bbox 312 1209 382 1242; x_wconf 77' lang='grc' dir='ltr'>Περὶ</span> <span class='ocrx_word' id='word_1_171' title='bbox 402 1208 455 1234; x_wconf 80' lang='grc' dir='ltr'>τοῦ</span> <span class='ocrx_word' id='word_1_172' title='bbox 477 1207 551 1235; x_wconf 78' lang='grc' dir='ltr'><strong>ἀῖϐᾱ</strong></span> <span class='ocrx_word' id='word_1_173' title='bbox 577 1208 713 1243; x_wconf 67' lang='grc' dir='ltr'><strong>Ῥούφου.</strong></span> 
     </span>
    </p>
   </div>
   <div class='ocr_carea' id='block_1_27' title="bbox 154 1264 909 1300">
    <p class='ocr_par' dir='ltr' id='par_1_27' title="bbox 154 1264 909 1300">
     <span class='ocr_line' id='line_1_27' title="bbox 154 1264 909 1300; baseline 0.003 -10"><span class='ocrx_word' id='word_1_174' title='bbox 154 1267 190 1290; x_wconf 91' lang='grc' dir='ltr'><strong>α’.</strong></span> <span class='ocrx_word' id='word_1_175' title='bbox 212 1264 338 1299; x_wconf 81' lang='grc' dir='ltr'>Ἀδελφὺς</span> <span class='ocrx_word' id='word_1_176' title='bbox 348 1265 475 1300; x_wconf 79' lang='grc' dir='ltr'>ἠρώτησε</span> <span class='ocrx_word' id='word_1_177' title='bbox 487 1265 532 1291; x_wconf 70' lang='grc' dir='ltr'><strong>τὸν</strong></span> <span class='ocrx_word' id='word_1_178' title='bbox 545 1265 632 1292; x_wconf 83' lang='grc' dir='ltr'><strong>ἁ66ᾶν</strong></span> <span class='ocrx_word' id='word_1_179' title='bbox 645 1264 773 1299; x_wconf 80' lang='grc' dir='ltr'>Ῥοῦφον·</span> <span class='ocrx_word' id='word_1_180' title='bbox 788 1265 820 1291; x_wconf 80' lang='grc' dir='ltr'>Τί</span> <span class='ocrx_word' id='word_1_181' title='bbox 833 1266 909 1292; x_wconf 74' lang='grc' dir='ltr'>ἐστιν</span> 
     </span>
    </p>
   </div>
   <div class='ocr_carea' id='block_1_28' title="bbox 117 1310 906 1347">
    <p class='ocr_par' dir='ltr' id='par_1_28' title="bbox 117 1310 906 1347">
     <span class='ocr_line' id='line_1_28' title="bbox 117 1310 906 1347; baseline 0.003 -11"><span class='ocrx_word' id='word_1_182' title='bbox 117 1310 230 1344; x_wconf 81' lang='grc' dir='ltr'>ἡσυχία,</span> <span class='ocrx_word' id='word_1_183' title='bbox 245 1311 292 1337; x_wconf 79' lang='grc' dir='ltr'>καὶ</span> <span class='ocrx_word' id='word_1_184' title='bbox 305 1311 348 1342; x_wconf 78' lang='grc' dir='ltr'><strong>τίς</strong></span> <span class='ocrx_word' id='word_1_185' title='bbox 364 1311 509 1346; x_wconf 70' lang='grc' dir='ltr'>ἡώφέλεια</span> <span class='ocrx_word' id='word_1_186' title='bbox 526 1312 628 1347; x_wconf 55' lang='grc' dir='ltr'>αὐτῆς</span> <span class='ocrx_word' id='word_1_187' title='bbox 652 1311 680 1337; x_wconf 89' lang='lat'><strong>&#39;0</strong></span> <span class='ocrx_word' id='word_1_188' title='bbox 692 1312 720 1338; x_wconf 78' lang='grc' dir='ltr'>δὲ</span> <span class='ocrx_word' id='word_1_189' title='bbox 732 1312 820 1346; x_wconf 79' lang='grc' dir='ltr'>γέρων</span> <span class='ocrx_word' id='word_1_190' title='bbox 833 1312 906 1346; x_wconf 77' lang='grc' dir='ltr'>λέγει</span> 
     </span>
    </p>
   </div>
   <div class='ocr_carea' id='block_1_29' title="bbox 117 1356 907 1393">
    <p class='ocr_par' dir='ltr' id='par_1_29' title="bbox 117 1356 907 1393">
     <span class='ocr_line' id='line_1_29' title="bbox 117 1356 907 1393; baseline 0 -11"><span class='ocrx_word' id='word_1_191' title='bbox 117 1356 211 1390; x_wconf 74' lang='grc' dir='ltr'>αὐτῷ·</span> <span class='ocrx_word' id='word_1_192' title='bbox 234 1356 348 1391; x_wconf 81' lang='grc' dir='ltr'>Ἡσυχία</span> <span class='ocrx_word' id='word_1_193' title='bbox 375 1357 449 1389; x_wconf 79' lang='grc' dir='ltr'>ἐστὶ,</span> <span class='ocrx_word' id='word_1_194' title='bbox 472 1357 501 1383; x_wconf 82' lang='grc' dir='ltr'>τὸ</span> <span class='ocrx_word' id='word_1_195' title='bbox 525 1356 690 1391; x_wconf 77' lang='grc' dir='ltr'>καθεσθῆναι</span> <span class='ocrx_word' id='word_1_196' title='bbox 709 1357 736 1383; x_wconf 86' lang='grc' dir='ltr'>ὲν</span> <span class='ocrx_word' id='word_1_197' title='bbox 751 1357 789 1392; x_wconf 82' lang='grc' dir='ltr'>τῷ</span> <span class='ocrx_word' id='word_1_198' title='bbox 810 1357 907 1393; x_wconf 79' lang='grc' dir='ltr'>κελλίῳ</span> 
     </span>
    </p>
   </div>
   <div class='ocr_carea' id='block_1_30' title="bbox 119 1401 907 1438">
    <p class='ocr_par' dir='ltr' id='par_1_30' title="bbox 119 1401 907 1438">
     <span class='ocr_line' id='line_1_30' title="bbox 119 1401 907 1438; baseline 0.003 -11"><span class='ocrx_word' id='word_1_199' title='bbox 119 1403 191 1436; x_wconf 73' lang='grc' dir='ltr'>μετὰ</span> <span class='ocrx_word' id='word_1_200' title='bbox 205 1401 287 1435; x_wconf 72' lang='grc' dir='ltr'>φόῦου</span> <span class='ocrx_word' id='word_1_201' title='bbox 301 1402 349 1429; x_wconf 79' lang='grc' dir='ltr'><strong>καὶ</strong></span> <span class='ocrx_word' id='word_1_202' title='bbox 359 1403 485 1435; x_wconf 82' lang='grc' dir='ltr'>γνώσεως</span> <span class='ocrx_word' id='word_1_203' title='bbox 497 1402 574 1432; x_wconf 82' lang='grc' dir='ltr'>Θεοῦ,</span> <span class='ocrx_word' id='word_1_204' title='bbox 590 1403 757 1437; x_wconf 76' lang='grc' dir='ltr'><strong>ἀπεχόμενος</strong></span> <span class='ocrx_word' id='word_1_205' title='bbox 772 1411 907 1438; x_wconf 61' lang='grc' dir='ltr'>μνησικαμ</span> 
     </span>
    </p>
   </div>
   <div class='ocr_carea' id='block_1_31' title="bbox 117 1447 908 1484">
    <p class='ocr_par' dir='ltr' id='par_1_31' title="bbox 117 1447 908 1484">
     <span class='ocr_line' id='line_1_31' title="bbox 117 1447 908 1484; baseline 0.003 -11"><span class='ocrx_word' id='word_1_206' title='bbox 117 1447 182 1478; x_wconf 82' lang='grc' dir='ltr'>κίας</span> <span class='ocrx_word' id='word_1_207' title='bbox 197 1448 243 1474; x_wconf 78' lang='grc' dir='ltr'>καὶ</span> <span class='ocrx_word' id='word_1_208' title='bbox 267 1447 499 1483; x_wconf 71' lang='grc' dir='ltr'>ὑψηλοφροπύνης.</span> <span class='ocrx_word' id='word_1_209' title='bbox 522 1449 554 1475; x_wconf 89' lang='lat' dir='ltr'><strong>&#39;H</strong></span> <span class='ocrx_word' id='word_1_210' title='bbox 570 1448 681 1483; x_wconf 80' lang='grc' dir='ltr'>τοιαύτη</span> <span class='ocrx_word' id='word_1_211' title='bbox 694 1449 793 1484; x_wconf 75' lang='grc' dir='ltr'>ἡσυχία</span> <span class='ocrx_word' id='word_1_212' title='bbox 813 1449 908 1484; x_wconf 83' lang='grc' dir='ltr'>γεννή-</span> 
     </span>
    </p>
   </div>
   <div class='ocr_carea' id='block_1_32' title="bbox 116 1492 907 1531">
    <p class='ocr_par' dir='ltr' id='par_1_32' title="bbox 116 1492 907 1531">
     <span class='ocr_line' id='line_1_32' title="bbox 116 1492 907 1531; baseline 0.003 -11"><span class='ocrx_word' id='word_1_213' title='bbox 116 1502 184 1528; x_wconf 85' lang='grc' dir='ltr'>τρια</span> <span class='ocrx_word' id='word_1_214' title='bbox 193 1492 260 1521; x_wconf 74' lang='grc' dir='ltr'>οὖσα</span> <span class='ocrx_word' id='word_1_215' title='bbox 273 1495 369 1521; x_wconf 80' lang='grc' dir='ltr'>πασῶν</span> <span class='ocrx_word' id='word_1_216' title='bbox 381 1495 434 1521; x_wconf 84' lang='grc' dir='ltr'>τῶν</span> <span class='ocrx_word' id='word_1_217' title='bbox 447 1495 552 1530; x_wconf 78' lang='grc' dir='ltr'><strong>ἀρετῶν</strong></span> <span class='ocrx_word' id='word_1_218' title='bbox 562 1515 569 1526; x_wconf 85' lang='grc'><strong>,</strong></span> <span class='ocrx_word' id='word_1_219' title='bbox 586 1496 716 1528; x_wconf 80' lang='grc' dir='ltr'>φυλάσσει</span> <span class='ocrx_word' id='word_1_220' title='bbox 731 1496 776 1522; x_wconf 83' lang='grc' dir='ltr'>τὸν</span> <span class='ocrx_word' id='word_1_221' title='bbox 791 1496 907 1531; x_wconf 82' lang='grc' dir='ltr'>μοναχὸν</span> 
     </span>
    </p>
   </div>
   <div class='ocr_carea' id='block_1_33' title="bbox 117 1531 941 1578">
    <p class='ocr_par' dir='ltr' id='par_1_33' title="bbox 117 1531 941 1578">
     <span class='ocr_line' id='line_1_33' title="bbox 117 1531 941 1578; baseline 0.002 -12"><span class='ocrx_word' id='word_1_222' title='bbox 117 1540 174 1566; x_wconf 80' lang='grc' dir='ltr'>ἀπὺ</span> <span class='ocrx_word' id='word_1_223' title='bbox 188 1540 242 1566; x_wconf 85' lang='grc' dir='ltr'>τῶν</span> <span class='ocrx_word' id='word_1_224' title='bbox 256 1541 462 1576; x_wconf 79' lang='grc' dir='ltr'>πεπυρωμένων</span> <span class='ocrx_word' id='word_1_225' title='bbox 481 1541 566 1575; x_wconf 84' lang='grc' dir='ltr'>βελῶν</span> <span class='ocrx_word' id='word_1_226' title='bbox 581 1541 628 1568; x_wconf 85' lang='grc' dir='ltr'>τοῦ</span> <span class='ocrx_word' id='word_1_227' title='bbox 649 1542 758 1577; x_wconf 77' lang='grc' dir='ltr'>ἐχθροῦ,</span> <span class='ocrx_word' id='word_1_228' title='bbox 777 1542 814 1578; x_wconf 81' lang='grc' dir='ltr'>μὴ</span> <span class='ocrx_word' id='word_1_229' title='bbox 835 1542 906 1569; x_wconf 78' lang='grc' dir='ltr'>ἐῶσα</span> <span class='ocrx_word' id='word_1_230' title='bbox 920 1531 941 1561; x_wconf 67' lang='grc' dir='ltr'><strong><em>ε</em></strong></span> 
     </span>
    </p>
   </div>
   <div class='ocr_carea' id='block_1_34' title="bbox 98 1585 907 1623">
    <p class='ocr_par' dir='ltr' id='par_1_34' title="bbox 98 1585 907 1623">
     <span class='ocr_line' id='line_1_34' title="bbox 98 1585 907 1623; baseline 0.002 -11"><span class='ocrx_word' id='word_1_231' title='bbox 98 1618 101 1620; x_wconf 23' lang='grc' dir='ltr'><em>Π</em></span> <span class='ocrx_word' id='word_1_232' title='bbox 116 1585 413 1621; x_wconf 74' lang='grc' dir='ltr'>αὺτὸψτιτρὼσκεσθαι</span> <span class='ocrx_word' id='word_1_233' title='bbox 427 1587 474 1613; x_wconf 80' lang='grc' dir='ltr'><strong>ὑπ’</strong></span> <span class='ocrx_word' id='word_1_234' title='bbox 490 1587 588 1614; x_wconf 77' lang='grc' dir='ltr'>αὐτῶν.</span> <span class='ocrx_word' id='word_1_235' title='bbox 602 1587 667 1620; x_wconf 76' lang='grc' dir='ltr'>Ναὶ,</span> <span class='ocrx_word' id='word_1_236' title='bbox 684 1588 793 1622; x_wconf 84' lang='grc' dir='ltr'>ἁδελφὲ,</span> <span class='ocrx_word' id='word_1_237' title='bbox 806 1588 907 1623; x_wconf 79' lang='grc' dir='ltr'>ταύτην</span> 
     </span>
    </p>
   </div>
   <div class='ocr_carea' id='block_1_35' title="bbox 120 1631 905 1668">
    <p class='ocr_par' dir='ltr' id='par_1_35' title="bbox 120 1631 905 1668">
     <span class='ocr_line' id='line_1_35' title="bbox 120 1631 905 1668; baseline 0.004 -11"><span class='ocrx_word' id='word_1_238' title='bbox 120 1631 236 1666; x_wconf 71' lang='grc' dir='ltr'>κτῆσαι,</span> <span class='ocrx_word' id='word_1_239' title='bbox 264 1632 440 1666; x_wconf 76' lang='grc' dir='ltr'>μνημονεύων</span> <span class='ocrx_word' id='word_1_240' title='bbox 467 1633 516 1668; x_wconf 85' lang='grc' dir='ltr'><strong>τῆς</strong></span> <span class='ocrx_word' id='word_1_241' title='bbox 537 1633 628 1664; x_wconf 70' lang='grc' dir='ltr'>ἐξόδου</span> <span class='ocrx_word' id='word_1_242' title='bbox 649 1633 696 1659; x_wconf 81' lang='grc' dir='ltr'>τοῦ</span> <span class='ocrx_word' id='word_1_243' title='bbox 715 1633 830 1660; x_wconf 79' lang='grc' dir='ltr'>θανάτου</span> <span class='ocrx_word' id='word_1_244' title='bbox 848 1642 905 1665; x_wconf 87' lang='grc' dir='ltr'>σου,</span> 
     </span>
    </p>
   </div>
   <div class='ocr_carea' id='block_1_36' title="bbox 116 1674 907 1714">
    <p class='ocr_par' dir='ltr' id='par_1_36' title="bbox 116 1674 907 1714">
     <span class='ocr_line' id='line_1_36' title="bbox 116 1674 907 1714; baseline 0.004 -12"><span class='ocrx_word' id='word_1_245' title='bbox 116 1676 160 1703; x_wconf 78' lang='grc' dir='ltr'>ὅτι</span> <span class='ocrx_word' id='word_1_246' title='bbox 185 1677 235 1702; x_wconf 80' lang='grc' dir='ltr'>οὐκ</span> <span class='ocrx_word' id='word_1_247' title='bbox 260 1674 333 1708; x_wconf 77' lang='grc' dir='ltr'>οἶδας</span> <span class='ocrx_word' id='word_1_248' title='bbox 354 1678 418 1713; x_wconf 82' lang='grc' dir='ltr'>ποίᾳ</span> <span class='ocrx_word' id='word_1_249' title='bbox 436 1677 495 1713; x_wconf 81' lang='grc' dir='ltr'>ὥρᾳ</span> <span class='ocrx_word' id='word_1_250' title='bbox 507 1679 521 1704; x_wconf 89' lang='lat'><strong>6</strong></span> <span class='ocrx_word' id='word_1_251' title='bbox 537 1678 657 1714; x_wconf 77' lang='grc' dir='ltr'>κλέπτης</span> <span class='ocrx_word' id='word_1_252' title='bbox 674 1678 792 1714; x_wconf 77' lang='grc' dir='ltr'>ἔρχεται.</span> <span class='ocrx_word' id='word_1_253' title='bbox 810 1679 907 1706; x_wconf 76' lang='grc' dir='ltr'>Λοιπὸν</span> 
     </span>
    </p>
   </div>
   <div class='ocr_carea' id='block_1_37' title="bbox 116 1720 585 1758">
    <p class='ocr_par' dir='ltr' id='par_1_37' title="bbox 116 1720 585 1758">
     <span class='ocr_line' id='line_1_37' title="bbox 116 1720 585 1758; baseline 0.009 -11"><span class='ocrx_word' id='word_1_254' title='bbox 116 1720 175 1753; x_wconf 81' lang='grc' dir='ltr'>οὖν,</span> <span class='ocrx_word' id='word_1_255' title='bbox 189 1721 256 1756; x_wconf 74' lang='grc' dir='ltr'>νῆφε</span> <span class='ocrx_word' id='word_1_256' title='bbox 267 1723 331 1757; x_wconf 82' lang='grc' dir='ltr'>περὶ</span> <span class='ocrx_word' id='word_1_257' title='bbox 340 1723 389 1758; x_wconf 82' lang='grc' dir='ltr'>τῆς</span> <span class='ocrx_word' id='word_1_258' title='bbox 405 1723 473 1754; x_wconf 83' lang='grc' dir='ltr'>ἰδίας</span> <span class='ocrx_word' id='word_1_259' title='bbox 485 1723 585 1758; x_wconf 71' lang='grc' dir='ltr'>ψυχῆς.</span> 
     </span>
    </p>
   </div>
   <div class='ocr_carea' id='block_1_38' title="bbox 155 1766 908 1805">
    <p class='ocr_par' dir='ltr' id='par_1_38' title="bbox 155 1766 908 1805">
     <span class='ocr_line' id='line_1_38' title="bbox 155 1766 908 1805; baseline 0.005 -12"><span class='ocrx_word' id='word_1_260' title='bbox 155 1768 187 1802; x_wconf 83' lang='grc' dir='ltr'><strong>β’.</strong></span> <span class='ocrx_word' id='word_1_261' title='bbox 207 1766 289 1794; x_wconf 81' lang='grc' dir='ltr'>Εἶπεν</span> <span class='ocrx_word' id='word_1_262' title='bbox 315 1770 328 1795; x_wconf 86' lang='lat'><strong>6</strong></span> <span class='ocrx_word' id='word_1_263' title='bbox 353 1768 439 1800; x_wconf 76' lang='grc' dir='ltr'><strong>ἀϐϐἄς</strong></span> <span class='ocrx_word' id='word_1_264' title='bbox 459 1769 582 1804; x_wconf 75' lang='grc' dir='ltr'>Ῥοῦφος,</span> <span class='ocrx_word' id='word_1_265' title='bbox 613 1770 653 1796; x_wconf 78' lang='grc' dir='ltr'>ὅτι</span> <span class='ocrx_word' id='word_1_266' title='bbox 676 1770 690 1796; x_wconf 90' lang='lat'><strong>6</strong></span> <span class='ocrx_word' id='word_1_267' title='bbox 713 1770 866 1805; x_wconf 84' lang='grc' dir='ltr'>καθήμενος</span> <span class='ocrx_word' id='word_1_268' title='bbox 878 1771 908 1797; x_wconf 88' lang='grc' dir='ltr'>ἐν</span> 
     </span>
    </p>
   </div>
   <div class='ocr_carea' id='block_1_39' title="bbox 116 1813 907 1851">
    <p class='ocr_par' dir='ltr' id='par_1_39' title="bbox 116 1813 907 1851">
     <span class='ocr_line' id='line_1_39' title="bbox 116 1813 907 1851; baseline 0.004 -12"><span class='ocrx_word' id='word_1_269' title='bbox 116 1813 241 1848; x_wconf 75' lang='grc' dir='ltr'>ὑποταγῇ</span> <span class='ocrx_word' id='word_1_270' title='bbox 265 1814 367 1848; x_wconf 75' lang='grc' dir='ltr'>πατρὸς</span> <span class='ocrx_word' id='word_1_271' title='bbox 389 1815 586 1850; x_wconf 80' lang='grc' dir='ltr'>πνευματικοῦ,</span> <span class='ocrx_word' id='word_1_272' title='bbox 611 1815 721 1842; x_wconf 82' lang='grc' dir='ltr'>πλείονα</span> <span class='ocrx_word' id='word_1_273' title='bbox 744 1815 839 1850; x_wconf 65' lang='grc' dir='ltr'>μισθὸν</span> <span class='ocrx_word' id='word_1_274' title='bbox 850 1816 907 1851; x_wconf 75' lang='grc' dir='ltr'>ἔχει</span> 
     </span>
    </p>
   </div>
   <div class='ocr_carea' id='block_1_40' title="bbox 115 1859 907 1896">
    <p class='ocr_par' dir='ltr' id='par_1_40' title="bbox 115 1859 907 1896">
     <span class='ocr_line' id='line_1_40' title="bbox 115 1859 907 1896; baseline 0.005 -12"><span class='ocrx_word' id='word_1_275' title='bbox 115 1859 166 1885; x_wconf 79' lang='grc' dir='ltr'>τοῦ</span> <span class='ocrx_word' id='word_1_276' title='bbox 187 1860 216 1885; x_wconf 83' lang='grc' dir='ltr'>ὲν</span> <span class='ocrx_word' id='word_1_277' title='bbox 232 1861 264 1895; x_wconf 86' lang='grc' dir='ltr'>τῇ</span> <span class='ocrx_word' id='word_1_278' title='bbox 282 1861 376 1895; x_wconf 73' lang='grc' dir='ltr'>ἐρήμῳ</span> <span class='ocrx_word' id='word_1_279' title='bbox 398 1861 458 1887; x_wconf 80' lang='grc' dir='ltr'>καθ’</span> <span class='ocrx_word' id='word_1_280' title='bbox 470 1861 565 1887; x_wconf 76' lang='grc' dir='ltr'>ἑαυτὸν</span> <span class='ocrx_word' id='word_1_281' title='bbox 578 1861 789 1896; x_wconf 81' lang='grc' dir='ltr'>ἀναχωροῦντος.</span> <span class='ocrx_word' id='word_1_282' title='bbox 810 1862 907 1896; x_wconf 83' lang='grc' dir='ltr'>Ἔλεγε</span> 
     </span>
    </p>
   </div>
   <div class='ocr_carea' id='block_1_41' title="bbox 115 1903 907 1943">
    <p class='ocr_par' dir='ltr' id='par_1_41' title="bbox 115 1903 907 1943">
     <span class='ocr_line' id='line_1_41' title="bbox 115 1903 907 1943; baseline 0.004 -12"><span class='ocrx_word' id='word_1_283' title='bbox 115 1905 146 1931; x_wconf 72' lang='grc' dir='ltr'>δὲ</span> <span class='ocrx_word' id='word_1_284' title='bbox 156 1903 243 1937; x_wconf 77' lang='grc' dir='ltr'>οὗτος,</span> <span class='ocrx_word' id='word_1_285' title='bbox 255 1906 295 1932; x_wconf 84' lang='grc' dir='ltr'>ὅτι</span> <span class='ocrx_word' id='word_1_286' title='bbox 309 1906 456 1942; x_wconf 75' lang='grc' dir='ltr'>διηγήσατό</span> <span class='ocrx_word' id='word_1_287' title='bbox 469 1916 511 1938; x_wconf 84' lang='grc' dir='ltr'><strong>τις</strong></span> <span class='ocrx_word' id='word_1_288' title='bbox 530 1907 582 1932; x_wconf 83' lang='grc' dir='ltr'>τῶν</span> <span class='ocrx_word' id='word_1_289' title='bbox 601 1908 741 1943; x_wconf 83' lang='grc' dir='ltr'>Πατέρων,</span> <span class='ocrx_word' id='word_1_290' title='bbox 756 1907 853 1941; x_wconf 82' lang='grc' dir='ltr'>λέγων,</span> <span class='ocrx_word' id='word_1_291' title='bbox 866 1910 907 1935; x_wconf 83' lang='grc' dir='ltr'><strong>ὁτι</strong></span> 
     </span>
    </p>
   </div>
   <div class='ocr_carea' id='block_1_42' title="bbox 116 1948 907 1988">
    <p class='ocr_par' dir='ltr' id='par_1_42' title="bbox 116 1948 907 1988">
     <span class='ocr_line' id='line_1_42' title="bbox 116 1948 907 1988; baseline 0.005 -13"><span class='ocrx_word' id='word_1_292' title='bbox 116 1948 196 1976; x_wconf 81' lang='grc' dir='ltr'>Εἶδον</span> <span class='ocrx_word' id='word_1_293' title='bbox 218 1951 340 1986; x_wconf 78' lang='grc' dir='ltr'>τέσσαρα</span> <span class='ocrx_word' id='word_1_294' title='bbox 364 1952 491 1986; x_wconf 81' lang='grc' dir='ltr'>τάγματα</span> <span class='ocrx_word' id='word_1_295' title='bbox 512 1952 541 1977; x_wconf 83' lang='grc' dir='ltr'>ὲν</span> <span class='ocrx_word' id='word_1_296' title='bbox 562 1951 601 1986; x_wconf 86' lang='grc' dir='ltr'>τῷ</span> <span class='ocrx_word' id='word_1_297' title='bbox 618 1951 743 1987; x_wconf 82' lang='grc' dir='ltr'>οὺρανῷ’</span> <span class='ocrx_word' id='word_1_298' title='bbox 761 1952 907 1988; x_wconf 78' lang='grc' dir='ltr'>τὸπρῶτον</span> 
     </span>
    </p>
   </div>
   <div class='ocr_carea' id='block_1_43' title="bbox 110 1996 905 2035">
    <p class='ocr_par' dir='ltr' id='par_1_43' title="bbox 110 1996 905 2035">
     <span class='ocr_line' id='line_1_43' title="bbox 110 1996 905 2035; baseline 0 -13"><span class='ocrx_word' id='word_1_299' title='bbox 110 1996 223 2035; x_wconf 64' lang='grc' dir='ltr'>τάγμα,</span> <span class='ocrx_word' id='word_1_300' title='bbox 239 1996 380 2032; x_wconf 78' lang='grc' dir='ltr'>ἄνθρωπος</span> <span class='ocrx_word' id='word_1_301' title='bbox 399 1997 519 2024; x_wconf 81' lang='grc' dir='ltr'>ἀσθενῶν</span> <span class='ocrx_word' id='word_1_302' title='bbox 534 1997 580 2023; x_wconf 82' lang='grc' dir='ltr'>καὶ</span> <span class='ocrx_word' id='word_1_303' title='bbox 595 1997 763 2033; x_wconf 85' lang='grc' dir='ltr'>εὐχαριστῶν</span> <span class='ocrx_word' id='word_1_304' title='bbox 774 1997 812 2033; x_wconf 81' lang='grc' dir='ltr'>τῷ</span> <span class='ocrx_word' id='word_1_305' title='bbox 827 1997 886 2032; x_wconf 87' lang='grc' dir='ltr'><strong>Θεῴ</strong></span> <span class='ocrx_word' id='word_1_306' title='bbox 898 2006 905 2012; x_wconf 75' lang='grc' dir='ltr'><strong>ο</strong></span> 
     </span>
    </p>
   </div>
   <div class='ocr_carea' id='block_1_44' title="bbox 116 2042 907 2078">
    <p class='ocr_par' dir='ltr' id='par_1_44' title="bbox 116 2042 907 2078">
     <span class='ocr_line' id='line_1_44' title="bbox 116 2042 907 2078; baseline 0 -9"><span class='ocrx_word' id='word_1_307' title='bbox 116 2043 150 2070; x_wconf 79' lang='grc' dir='ltr'>τὸ</span> <span class='ocrx_word' id='word_1_308' title='bbox 166 2043 291 2078; x_wconf 77' lang='grc' dir='ltr'>δεύτερον</span> <span class='ocrx_word' id='word_1_309' title='bbox 304 2044 407 2078; x_wconf 82' lang='grc' dir='ltr'>τάγμα,</span> <span class='ocrx_word' id='word_1_310' title='bbox 426 2045 439 2070; x_wconf 87' lang='grc' dir='ltr'>ὁ</span> <span class='ocrx_word' id='word_1_311' title='bbox 454 2044 504 2077; x_wconf 74' lang='grc' dir='ltr'>τὴν</span> <span class='ocrx_word' id='word_1_312' title='bbox 518 2043 670 2077; x_wconf 80' lang='grc' dir='ltr'>φιλοξενίαν</span> <span class='ocrx_word' id='word_1_313' title='bbox 684 2042 788 2069; x_wconf 81' lang='grc' dir='ltr'>διώκων</span> <span class='ocrx_word' id='word_1_314' title='bbox 804 2044 850 2070; x_wconf 72' lang='grc' dir='ltr'>καὶ</span> <span class='ocrx_word' id='word_1_315' title='bbox 868 2045 907 2075; x_wconf 81' lang='grc' dir='ltr'><strong>εἰς</strong></span> 
     </span>
    </p>
   </div>
   <div class='ocr_carea' id='block_1_45' title="bbox 116 2089 907 2125">
    <p class='ocr_par' dir='ltr' id='par_1_45' title="bbox 116 2089 907 2125">
     <span class='ocr_line' id='line_1_45' title="bbox 116 2089 907 2125; baseline 0.001 -10"><span class='ocrx_word' id='word_1_316' title='bbox 116 2089 201 2115; x_wconf 80' lang='grc' dir='ltr'>τοῦτο</span> <span class='ocrx_word' id='word_1_317' title='bbox 223 2089 366 2124; x_wconf 77' lang='grc' dir='ltr'>ἱστάμενος</span> <span class='ocrx_word' id='word_1_318' title='bbox 387 2091 433 2116; x_wconf 69' lang='grc' dir='ltr'>καὶ</span> <span class='ocrx_word' id='word_1_319' title='bbox 455 2090 604 2116; x_wconf 81' lang='grc' dir='ltr'>διακονῶν·</span> <span class='ocrx_word' id='word_1_320' title='bbox 628 2089 658 2115; x_wconf 82' lang='grc' dir='ltr'><strong>τὸ</strong></span> <span class='ocrx_word' id='word_1_321' title='bbox 671 2089 761 2125; x_wconf 82' lang='grc' dir='ltr'>τρίτον</span> <span class='ocrx_word' id='word_1_322' title='bbox 778 2090 907 2124; x_wconf 75' lang='grc' dir='ltr'>τάγμα,ὀ</span> 
     </span>
    </p>
   </div>
   <div class='ocr_carea' id='block_1_46' title="bbox 115 2134 908 2170">
    <p class='ocr_par' dir='ltr' id='par_1_46' title="bbox 115 2134 908 2170">
     <span class='ocr_line' id='line_1_46' title="bbox 115 2134 908 2170; baseline 0 -9"><span class='ocrx_word' id='word_1_323' title='bbox 115 2134 169 2169; x_wconf 84' lang='grc' dir='ltr'>τὴν</span> <span class='ocrx_word' id='word_1_324' title='bbox 198 2134 300 2170; x_wconf 83' lang='grc' dir='ltr'>ἔρημον</span> <span class='ocrx_word' id='word_1_325' title='bbox 330 2134 435 2161; x_wconf 76' lang='grc' dir='ltr'>διώκων</span> <span class='ocrx_word' id='word_1_326' title='bbox 451 2136 497 2162; x_wconf 74' lang='grc' dir='ltr'>καὶ</span> <span class='ocrx_word' id='word_1_327' title='bbox 521 2135 558 2169; x_wconf 85' lang='grc' dir='ltr'>μὴ</span> <span class='ocrx_word' id='word_1_328' title='bbox 576 2134 682 2169; x_wconf 82' lang='grc' dir='ltr'>βλέπων</span> <span class='ocrx_word' id='word_1_329' title='bbox 703 2134 862 2170; x_wconf 81' lang='grc' dir='ltr'>ἄνθρωπον·</span> <span class='ocrx_word' id='word_1_330' title='bbox 877 2135 908 2161; x_wconf 78' lang='grc' dir='ltr'>τὸ</span> 
     </span>
    </p>
   </div>
   <div class='ocr_carea' id='block_1_47' title="bbox 116 2180 947 2228">
    <p class='ocr_par' dir='ltr' id='par_1_47' title="bbox 116 2180 947 2228">
     <span class='ocr_line' id='line_1_47' title="bbox 116 2180 947 2228; baseline 0 -22"><span class='ocrx_word' id='word_1_331' title='bbox 116 2180 248 2215; x_wconf 81' lang='grc' dir='ltr'>τέταρτον</span> <span class='ocrx_word' id='word_1_332' title='bbox 277 2181 381 2215; x_wconf 82' lang='grc' dir='ltr'>τάγμα,</span> <span class='ocrx_word' id='word_1_333' title='bbox 408 2181 421 2206; x_wconf 98' lang='lat'><strong>6</strong></span> <span class='ocrx_word' id='word_1_334' title='bbox 441 2182 469 2206; x_wconf 83' lang='grc' dir='ltr'>ὲν</span> <span class='ocrx_word' id='word_1_335' title='bbox 489 2181 611 2216; x_wconf 78' lang='grc' dir='ltr'>ὑποταγῇ</span> <span class='ocrx_word' id='word_1_336' title='bbox 630 2181 784 2216; x_wconf 85' lang='grc' dir='ltr'>καθήμενος</span> <span class='ocrx_word' id='word_1_337' title='bbox 802 2181 906 2216; x_wconf 83' lang='grc' dir='ltr'>πατρὸς</span> <span class='ocrx_word' id='word_1_338' title='bbox 923 2200 947 2228; x_wconf 71' lang='lat' dir='ltr'><strong>D</strong></span> 
     </span>
    </p>
   </div>
   <div class='ocr_carea' id='block_1_48' title="bbox 118 2225 907 2261">
    <p class='ocr_par' dir='ltr' id='par_1_48' title="bbox 118 2225 907 2261">
     <span class='ocr_line' id='line_1_48' title="bbox 118 2225 907 2261; baseline 0 -10"><span class='ocrx_word' id='word_1_339' title='bbox 118 2226 168 2252; x_wconf 72' lang='grc' dir='ltr'><strong>καὶ</strong></span> <span class='ocrx_word' id='word_1_340' title='bbox 194 2225 414 2261; x_wconf 71' lang='grc' dir='ltr'>ὑποτασσόμενος</span> <span class='ocrx_word' id='word_1_341' title='bbox 441 2225 516 2260; x_wconf 82' lang='grc' dir='ltr'>αὑτῴ</span> <span class='ocrx_word' id='word_1_342' title='bbox 535 2225 578 2252; x_wconf 80' lang='grc' dir='ltr'><strong>διὰ</strong></span> <span class='ocrx_word' id='word_1_343' title='bbox 598 2226 645 2252; x_wconf 74' lang='grc' dir='ltr'>τὸν</span> <span class='ocrx_word' id='word_1_344' title='bbox 662 2226 773 2261; x_wconf 82' lang='grc' dir='ltr'>Κύριον.</span> <span class='ocrx_word' id='word_1_345' title='bbox 798 2225 907 2260; x_wconf 67' lang='grc' dir='ltr'>Ἐερὸρει</span> 
     </span>
    </p>
   </div>
   <div class='ocr_carea' id='block_1_49' title="bbox 117 2271 906 2308">
    <p class='ocr_par' dir='ltr' id='par_1_49' title="bbox 117 2271 906 2308">
     <span class='ocr_line' id='line_1_49' title="bbox 117 2271 906 2308; baseline 0 -10"><span class='ocrx_word' id='word_1_346' title='bbox 117 2272 147 2298; x_wconf 82' lang='grc' dir='ltr'>δὲ</span> <span class='ocrx_word' id='word_1_347' title='bbox 163 2273 178 2298; x_wconf 91' lang='lat'><strong>6</strong></span> <span class='ocrx_word' id='word_1_348' title='bbox 186 2271 229 2298; x_wconf 74' lang='grc' dir='ltr'>διὰ</span> <span class='ocrx_word' id='word_1_349' title='bbox 250 2272 298 2308; x_wconf 74' lang='grc' dir='ltr'>τὴν</span> <span class='ocrx_word' id='word_1_350' title='bbox 307 2273 430 2308; x_wconf 75' lang='grc' dir='ltr'>ὑπακοὴν</span> <span class='ocrx_word' id='word_1_351' title='bbox 445 2272 580 2307; x_wconf 79' lang='grc' dir='ltr'>μανιάκην</span> <span class='ocrx_word' id='word_1_352' title='bbox 589 2273 706 2308; x_wconf 77' lang='grc' dir='ltr'>χρυσοῦν</span> <span class='ocrx_word' id='word_1_353' title='bbox 722 2274 769 2300; x_wconf 77' lang='grc' dir='ltr'>καὶ</span> <span class='ocrx_word' id='word_1_354' title='bbox 779 2273 906 2308; x_wconf 71' lang='grc' dir='ltr'>γοργόνα,</span> 
     </span>
    </p>
   </div>
   <div class='ocr_carea' id='block_1_50' title="bbox 117 2316 906 2354">
    <p class='ocr_par' dir='ltr' id='par_1_50' title="bbox 117 2316 906 2354">
     <span class='ocr_line' id='line_1_50' title="bbox 117 2316 906 2354; baseline 0.003 -12"><span class='ocrx_word' id='word_1_355' title='bbox 117 2317 164 2343; x_wconf 77' lang='grc' dir='ltr'>καὶ</span> <span class='ocrx_word' id='word_1_356' title='bbox 195 2318 306 2344; x_wconf 88' lang='grc' dir='ltr'>πλείονα</span> <span class='ocrx_word' id='word_1_357' title='bbox 329 2319 383 2344; x_wconf 79' lang='grc' dir='ltr'>τῶν</span> <span class='ocrx_word' id='word_1_358' title='bbox 405 2317 491 2345; x_wconf 82' lang='grc' dir='ltr'>ἄλλων</span> <span class='ocrx_word' id='word_1_359' title='bbox 510 2317 589 2349; x_wconf 79' lang='grc' dir='ltr'>δόξαν</span> <span class='ocrx_word' id='word_1_360' title='bbox 609 2316 680 2353; x_wconf 84' lang='grc' dir='ltr'>εἶχεν</span> <span class='ocrx_word' id='word_1_361' title='bbox 693 2319 760 2354; x_wconf 72' lang='grc'><strong>(29).</strong></span> <span class='ocrx_word' id='word_1_362' title='bbox 782 2318 851 2352; x_wconf 85' lang='grc' dir='ltr'><strong>Ἐγὼ</strong></span> <span class='ocrx_word' id='word_1_363' title='bbox 867 2319 906 2351; x_wconf 83' lang='grc' dir='ltr'>δὲ,</span> 
     </span>
    </p>
   </div>
   <div class='ocr_carea' id='block_1_51' title="bbox 118 2361 908 2400">
    <p class='ocr_par' dir='ltr' id='par_1_51' title="bbox 118 2361 908 2400">
     <span class='ocr_line' id='line_1_51' title="bbox 118 2361 908 2400; baseline 0.003 -11"><span class='ocrx_word' id='word_1_364' title='bbox 118 2363 197 2398; x_wconf 81' lang='grc' dir='ltr'>φησὶ,</span> <span class='ocrx_word' id='word_1_365' title='bbox 212 2361 289 2390; x_wconf 72' lang='grc' dir='ltr'>εἷπον</span> <span class='ocrx_word' id='word_1_366' title='bbox 301 2364 339 2398; x_wconf 81' lang='grc' dir='ltr'>τῷ</span> <span class='ocrx_word' id='word_1_367' title='bbox 351 2363 492 2399; x_wconf 80' lang='grc' dir='ltr'>ὁδηγοῦντί</span> <span class='ocrx_word' id='word_1_368' title='bbox 510 2372 554 2398; x_wconf 86' lang='grc' dir='ltr'><strong>με,</strong></span> <span class='ocrx_word' id='word_1_369' title='bbox 570 2363 610 2391; x_wconf 79' lang='grc' dir='ltr'>ὅτι</span> <span class='ocrx_word' id='word_1_370' title='bbox 624 2365 686 2395; x_wconf 83' lang='grc' dir='ltr'><strong>Πῶς</strong></span> <span class='ocrx_word' id='word_1_371' title='bbox 698 2361 775 2396; x_wconf 76' lang='grc' dir='ltr'>οὗτος</span> <span class='ocrx_word' id='word_1_372' title='bbox 784 2366 798 2391; x_wconf 89' lang='lat'><strong>6</strong></span> <span class='ocrx_word' id='word_1_373' title='bbox 813 2365 908 2400; x_wconf 87' lang='grc' dir='ltr'>μικρὸ-</span> 
     </span>
    </p>
   </div>
   <div class='ocr_carea' id='block_1_52' title="bbox 117 2409 906 2445">
    <p class='ocr_par' dir='ltr' id='par_1_52' title="bbox 117 2409 906 2445">
     <span class='ocr_line' id='line_1_52' title="bbox 117 2409 906 2445; baseline 0.004 -11"><span class='ocrx_word' id='word_1_374' title='bbox 117 2416 198 2443; x_wconf 83' lang='grc' dir='ltr'>τερος</span> <span class='ocrx_word' id='word_1_375' title='bbox 225 2409 298 2443; x_wconf 89' lang='grc' dir='ltr'>παρὰ</span> <span class='ocrx_word' id='word_1_376' title='bbox 319 2410 382 2441; x_wconf 81' lang='grc' dir='ltr'>τοὺς</span> <span class='ocrx_word' id='word_1_377' title='bbox 401 2410 497 2441; x_wconf 79' lang='grc' dir='ltr'>ἄλλους</span> <span class='ocrx_word' id='word_1_378' title='bbox 523 2410 633 2436; x_wconf 86' lang='grc' dir='ltr'>πλείονα</span> <span class='ocrx_word' id='word_1_379' title='bbox 646 2410 726 2443; x_wconf 78' lang='grc' dir='ltr'>δόξαν</span> <span class='ocrx_word' id='word_1_380' title='bbox 743 2410 821 2445; x_wconf 56' lang='grc' dir='ltr'>ἐχειζ</span> <span class='ocrx_word' id='word_1_381' title='bbox 838 2411 866 2437; x_wconf 84' lang='grc' dir='ltr'><strong>Ὀ</strong></span> <span class='ocrx_word' id='word_1_382' title='bbox 878 2410 906 2437; x_wconf 85' lang='grc' dir='ltr'>δὲ</span> 
     </span>
    </p>
   </div>
   <div class='ocr_carea' id='block_1_53' title="bbox 116 2454 905 2492">
    <p class='ocr_par' dir='ltr' id='par_1_53' title="bbox 116 2454 905 2492">
     <span class='ocr_line' id='line_1_53' title="bbox 116 2454 905 2492; baseline 0.001 -11"><span class='ocrx_word' id='word_1_383' title='bbox 116 2455 280 2490; x_wconf 76' lang='grc' dir='ltr'>ἀποκριθεὶς</span> <span class='ocrx_word' id='word_1_384' title='bbox 292 2454 352 2482; x_wconf 77' lang='grc' dir='ltr'>εἶπέ</span> <span class='ocrx_word' id='word_1_385' title='bbox 361 2465 406 2491; x_wconf 91' lang='grc' dir='ltr'><strong>μοι</strong></span> <span class='ocrx_word' id='word_1_386' title='bbox 418 2466 423 2471; x_wconf 93' lang='grc'><strong>·</strong></span> <span class='ocrx_word' id='word_1_387' title='bbox 442 2456 551 2492; x_wconf 72' lang='grc' dir='ltr'>Ἐπειδὴ</span> <span class='ocrx_word' id='word_1_388' title='bbox 562 2458 575 2482; x_wconf 85' lang='lat'><strong>6</strong></span> <span class='ocrx_word' id='word_1_389' title='bbox 583 2457 630 2491; x_wconf 84' lang='grc' dir='ltr'>τὴν</span> <span class='ocrx_word' id='word_1_390' title='bbox 637 2456 789 2491; x_wconf 81' lang='grc' dir='ltr'>φιλοξενίαν</span> <span class='ocrx_word' id='word_1_391' title='bbox 801 2456 905 2482; x_wconf 73' lang='grc' dir='ltr'>διώκων</span> 
     </span>
    </p>
   </div>
   <div class='ocr_carea' id='block_1_54' title="bbox 117 2500 905 2537">
    <p class='ocr_par' dir='ltr' id='par_1_54' title="bbox 117 2500 905 2537">
     <span class='ocr_line' id='line_1_54' title="bbox 117 2500 905 2537; baseline 0 -10"><span class='ocrx_word' id='word_1_392' title='bbox 117 2500 177 2536; x_wconf 83' lang='grc' dir='ltr'>ἰδίῳ</span> <span class='ocrx_word' id='word_1_393' title='bbox 201 2501 334 2536; x_wconf 74' lang='grc' dir='ltr'>θελήματι</span> <span class='ocrx_word' id='word_1_394' title='bbox 349 2503 436 2528; x_wconf 85' lang='grc' dir='ltr'>ποιεῖ·</span> <span class='ocrx_word' id='word_1_395' title='bbox 453 2502 499 2528; x_wconf 76' lang='grc' dir='ltr'>καὶ</span> <span class='ocrx_word' id='word_1_396' title='bbox 517 2503 531 2528; x_wconf 89' lang='lat'><strong>6</strong></span> <span class='ocrx_word' id='word_1_397' title='bbox 554 2503 592 2533; x_wconf 84' lang='grc' dir='ltr'><strong>εἰς</strong></span> <span class='ocrx_word' id='word_1_398' title='bbox 611 2502 660 2536; x_wconf 84' lang='grc' dir='ltr'>τὴν</span> <span class='ocrx_word' id='word_1_399' title='bbox 677 2502 779 2537; x_wconf 75' lang='grc' dir='ltr'>ἔρημον</span> <span class='ocrx_word' id='word_1_400' title='bbox 795 2502 832 2528; x_wconf 83' lang='grc' dir='ltr'>ὢν</span> <span class='ocrx_word' id='word_1_401' title='bbox 849 2502 905 2537; x_wconf 83' lang='grc' dir='ltr'>ἰδίῳ</span> 
     </span>
    </p>
   </div>
   <div class='ocr_carea' id='block_1_55' title="bbox 115 2544 905 2584">
    <p class='ocr_par' dir='ltr' id='par_1_55' title="bbox 115 2544 905 2584">
     <span class='ocr_line' id='line_1_55' title="bbox 115 2544 905 2584; baseline 0.004 -11"><span class='ocrx_word' id='word_1_402' title='bbox 115 2546 249 2582; x_wconf 81' lang='grc' dir='ltr'>θελήματι</span> <span class='ocrx_word' id='word_1_403' title='bbox 263 2547 435 2583; x_wconf 83' lang='grc' dir='ltr'>ἀνεχώρησεν</span> <span class='ocrx_word' id='word_1_404' title='bbox 446 2556 453 2562; x_wconf 90' lang='grc'><strong>·</strong></span> <span class='ocrx_word' id='word_1_405' title='bbox 465 2544 541 2579; x_wconf 77' lang='grc' dir='ltr'>οὗτος</span> <span class='ocrx_word' id='word_1_406' title='bbox 554 2548 582 2574; x_wconf 83' lang='grc' dir='ltr'>δὲ</span> <span class='ocrx_word' id='word_1_407' title='bbox 592 2549 606 2574; x_wconf 89' lang='lat'><strong>6</strong></span> <span class='ocrx_word' id='word_1_408' title='bbox 619 2548 668 2584; x_wconf 80' lang='grc' dir='ltr'>τὴν</span> <span class='ocrx_word' id='word_1_409' title='bbox 684 2548 808 2583; x_wconf 79' lang='grc' dir='ltr'>ὑπακοὴν</span> <span class='ocrx_word' id='word_1_410' title='bbox 824 2548 905 2583; x_wconf 77' lang='grc' dir='ltr'>ἔχων.</span> 
     </span>
    </p>
   </div>
   <div class='ocr_carea' id='block_1_56' title="bbox 152 2625 773 2662">
    <p class='ocr_par' dir='ltr' id='par_1_56' title="bbox 152 2625 773 2662">
     <span class='ocr_line' id='line_1_56' title="bbox 152 2625 773 2662; baseline 0.002 -10"><span class='ocrx_word' id='word_1_411' title='bbox 152 2626 177 2642; x_wconf 86' lang='grc'><strong>⁹⁸</strong></span> <span class='ocrx_word' id='word_1_412' title='bbox 192 2625 238 2652; x_wconf 80' lang='lat' dir='ltr'><strong>Al.</strong></span> <span class='ocrx_word' id='word_1_413' title='bbox 252 2625 306 2653; x_wconf 79' lang='lat' dir='ltr'><strong>ins.</strong></span> <span class='ocrx_word' id='word_1_414' title='bbox 319 2626 368 2662; x_wconf 84' lang='grc' dir='ltr'><strong>τῆς</strong></span> <span class='ocrx_word' id='word_1_415' title='bbox 384 2626 480 2661; x_wconf 86' lang='grc' dir='ltr'>θύρας.</span> <span class='ocrx_word' id='word_1_416' title='bbox 518 2627 541 2643; x_wconf 69' lang='grc' dir='ltr'>’θ</span> <span class='ocrx_word' id='word_1_417' title='bbox 556 2626 653 2662; x_wconf 86' lang='lat' dir='ltr'><strong>Ephes.</strong></span> <span class='ocrx_word' id='word_1_418' title='bbox 671 2634 708 2659; x_wconf 82' lang='lat' dir='ltr'><strong>vt,</strong></span> <span class='ocrx_word' id='word_1_419' title='bbox 729 2625 773 2653; x_wconf 69' lang='grc'><strong>16.</strong></span> 
     </span>
    </p>
   </div>
   <div class='ocr_carea' id='block_1_57' title="bbox 149 2702 904 2738">
    <p class='ocr_par' dir='ltr' id='par_1_57' title="bbox 149 2702 904 2738">
     <span class='ocr_line' id='line_1_57' title="bbox 149 2702 904 2738; baseline 0.001 -8"><span class='ocrx_word' id='word_1_420' title='bbox 149 2702 207 2738; x_wconf 70' lang='lat'><strong>(‘29)</strong></span> <span class='ocrx_word' id='word_1_421' title='bbox 229 2704 347 2738; x_wconf 65' lang='lat' dir='ltr'><strong>‘Esoépst</strong></span> <span class='ocrx_word' id='word_1_422' title='bbox 369 2703 403 2730; x_wconf 78' lang='grc' dir='ltr'>δὲ</span> <span class='ocrx_word' id='word_1_423' title='bbox 417 2705 433 2730; x_wconf 82' lang='grc' dir='ltr'><em>ὁ</em></span> <span class='ocrx_word' id='word_1_424' title='bbox 454 2703 503 2730; x_wconf 76' lang='grc' dir='ltr'>διὰ</span> <span class='ocrx_word' id='word_1_425' title='bbox 527 2703 584 2737; x_wconf 75' lang='grc' dir='ltr'>τὴν</span> <span class='ocrx_word' id='word_1_426' title='bbox 598 2704 739 2737; x_wconf 77' lang='grc' dir='ltr'>ὑπακοὴν·</span> <span class='ocrx_word' id='word_1_427' title='bbox 755 2705 904 2738; x_wconf 77' lang='grc' dir='ltr'>μανιάκην</span> 
     </span>
    </p>
   </div>
   <div class='ocr_carea' id='block_1_58' title="bbox 153 2738 905 2773">
    <p class='ocr_par' dir='ltr' id='par_1_58' title="bbox 153 2738 905 2773">
     <span class='ocr_line' id='line_1_58' title="bbox 153 2738 905 2773; baseline 0.003 -9"><span class='ocrx_word' id='word_1_428' title='bbox 153 2738 253 2773; x_wconf 64' lang='grc' dir='ltr'>υσοῦν</span> <span class='ocrx_word' id='word_1_429' title='bbox 272 2738 321 2764; x_wconf 76' lang='grc' dir='ltr'>καὶ</span> <span class='ocrx_word' id='word_1_430' title='bbox 343 2739 481 2773; x_wconf 74' lang='grc' dir='ltr'>γοργόνα.</span> <span class='ocrx_word' id='word_1_431' title='bbox 501 2740 549 2765; x_wconf 79' lang='grc' dir='ltr'>καί</span> <span class='ocrx_word' id='word_1_432' title='bbox 574 2740 699 2765; x_wconf 73' lang='grc' dir='ltr'>πλείονα</span> <span class='ocrx_word' id='word_1_433' title='bbox 718 2739 777 2765; x_wconf 77' lang='grc' dir='ltr'><strong>τῶν</strong></span> <span class='ocrx_word' id='word_1_434' title='bbox 801 2739 905 2767; x_wconf 74' lang='grc' dir='ltr'><strong>ἄλλων·</strong></span> 
     </span>
    </p>
   </div>
   <div class='ocr_carea' id='block_1_59' title="bbox 132 2771 905 2809">
    <p class='ocr_par' dir='ltr' id='par_1_59' title="bbox 132 2771 905 2809">
     <span class='ocr_line' id='line_1_59' title="bbox 132 2771 905 2809; baseline 0.003 -10"><span class='ocrx_word' id='word_1_435' title='bbox 132 2772 209 2804; x_wconf 80' lang='grc' dir='ltr'><strong>όξαν</strong></span> <span class='ocrx_word' id='word_1_436' title='bbox 221 2771 314 2809; x_wconf 58' lang='grc' dir='ltr'>εἶχεν.</span> <span class='ocrx_word' id='word_1_437' title='bbox 334 2771 453 2800; x_wconf 81' lang='lat' dir='ltr'><strong>Joannes</strong></span> <span class='ocrx_word' id='word_1_438' title='bbox 471 2773 603 2809; x_wconf 76' lang='lat' dir='ltr'><strong>Meursius</strong></span> <span class='ocrx_word' id='word_1_439' title='bbox 621 2781 689 2801; x_wconf 86' lang='lat' dir='ltr'><strong>voce</strong></span> <span class='ocrx_word' id='word_1_440' title='bbox 709 2774 822 2809; x_wconf 79' lang='grc' dir='ltr'>Γοργώρ</span> <span class='ocrx_word' id='word_1_441' title='bbox 837 2775 905 2801; x_wconf 87' lang='lat' dir='ltr'><strong>citat</strong></span> 
     </span>
    </p>
   </div>
   <div class='ocr_carea' id='block_1_60' title="bbox 114 2807 903 2843">
    <p class='ocr_par' dir='ltr' id='par_1_60' title="bbox 114 2807 903 2843">
     <span class='ocr_line' id='line_1_60' title="bbox 114 2807 903 2843; baseline 0.001 -9"><span class='ocrx_word' id='word_1_442' title='bbox 114 2816 145 2834; x_wconf 80' lang='lat' dir='ltr'><strong>ex</strong></span> <span class='ocrx_word' id='word_1_443' title='bbox 162 2809 233 2835; x_wconf 76' lang='lat' dir='ltr'><strong>libro</strong></span> <span class='ocrx_word' id='word_1_444' title='bbox 250 2807 502 2836; x_wconf 26' lang='lat' dir='ltr'><strong>i’Collectaneorum</strong></span> <span class='ocrx_word' id='word_1_445' title='bbox 518 2808 592 2835; x_wconf 84' lang='lat' dir='ltr'><strong>Pauli</strong></span> <span class='ocrx_word' id='word_1_446' title='bbox 607 2807 903 2843; x_wconf 59' lang='grc' dir='ltr'>ιηοηαοὶιὶξγοργὦρα,</span> 
     </span>
    </p>
   </div>
   <div class='ocr_carea' id='block_1_61' title="bbox 115 2818 905 2879">
    <p class='ocr_par' dir='ltr' id='par_1_61' title="bbox 115 2818 905 2879">
     <span class='ocr_line' id='line_1_61' title="bbox 115 2818 903 2844; baseline 0.001 -10"><span class='ocrx_word' id='word_1_447' title='bbox 115 2818 145 2834; x_wconf 69' lang='lat' dir='ltr'><strong>8X</strong></span> <span class='ocrx_word' id='word_1_448' title='bbox 162 2818 233 2835; x_wconf 82' lang='lat' dir='ltr'><strong>Imm</strong></span> <span class='ocrx_word' id='word_1_449' title='bbox 252 2818 258 2835; x_wconf 80' lang='grc' dir='ltr'><strong>ι</strong></span> <span class='ocrx_word' id='word_1_450' title='bbox 276 2818 502 2836; x_wconf 73' lang='grc' dir='ltr'>υοιιρσιαηεοηιηι</span> <span class='ocrx_word' id='word_1_451' title='bbox 518 2818 592 2835; x_wconf 76' lang='lat' dir='ltr'><strong>raun</strong></span> <span class='ocrx_word' id='word_1_452' title='bbox 607 2818 745 2838; x_wconf 72' lang='lat' dir='ltr'><strong>lnollaclll.</strong></span> <span class='ocrx_word' id='word_1_453' title='bbox 760 2818 854 2844; x_wconf 76' lang='grc' dir='ltr'>γοργω</span> <span class='ocrx_word' id='word_1_454' title='bbox 875 2819 903 2839; x_wconf 83' lang='grc' dir='ltr'><strong>α,</strong></span> 
     </span>
     <span class='ocr_line' id='line_1_62' title="bbox 115 2818 905 2879; baseline 0.003 -10"><span class='ocrx_word' id='word_1_455' title='bbox 115 2847 274 2878; x_wconf 80' lang='lat' dir='ltr'><strong>tateturque</strong></span> <span class='ocrx_word' id='word_1_456' title='bbox 295 2844 329 2871; x_wconf 87' lang='lat' dir='ltr'><strong>de</strong></span> <span class='ocrx_word' id='word_1_457' title='bbox 349 2844 551 2879; x_wconf 61' lang='lat' dir='ltr'><strong>siguiiicatione</strong></span> <span class='ocrx_word' id='word_1_458' title='bbox 570 2844 622 2870; x_wconf 89' lang='lat' dir='ltr'><strong>sibi</strong></span> <span class='ocrx_word' id='word_1_459' title='bbox 647 2852 702 2871; x_wconf 82' lang='lat' dir='ltr'><strong>non</strong></span> <span class='ocrx_word' id='word_1_460' title='bbox 718 2845 832 2879; x_wconf 84' lang='lat' dir='ltr'><strong>liquere.</strong></span> <span class='ocrx_word' id='word_1_461' title='bbox 849 2818 905 2879; x_wconf 58' lang='grc' dir='ltr'><strong>ἔξω</strong></span> 
     </span>
    </p>
   </div>
   <div class='ocr_carea' id='block_1_62' title="bbox 957 241 1746 276">
    <p class='ocr_par' dir='ltr' id='par_1_62' title="bbox 957 241 1746 276">
     <span class='ocr_line' id='line_1_63' title="bbox 957 241 1746 276; baseline 0.006 -11"><span class='ocrx_word' id='word_1_462' title='bbox 957 241 1047 275; x_wconf 87' lang='lat' dir='ltr'><strong>quiete</strong></span> <span class='ocrx_word' id='word_1_463' title='bbox 1067 249 1179 275; x_wconf 88' lang='lat' dir='ltr'><strong>parvum</strong></span> <span class='ocrx_word' id='word_1_464' title='bbox 1196 249 1285 269; x_wconf 86' lang='lat' dir='ltr'><strong>meum</strong></span> <span class='ocrx_word' id='word_1_465' title='bbox 1300 242 1417 269; x_wconf 80' lang='lat' dir='ltr'><strong>oﬂicium</strong></span> <span class='ocrx_word' id='word_1_466' title='bbox 1441 243 1534 270; x_wconf 86' lang='lat' dir='ltr'><strong>recito.</strong></span> <span class='ocrx_word' id='word_1_467' title='bbox 1553 243 1645 276; x_wconf 88' lang='lat' dir='ltr'><strong>Itaque</strong></span> <span class='ocrx_word' id='word_1_468' title='bbox 1665 243 1746 270; x_wconf 85' lang='lat' dir='ltr'><strong>obse-</strong></span> 
     </span>
    </p>
   </div>
   <div class='ocr_carea' id='block_1_63' title="bbox 957 280 1746 318">
    <p class='ocr_par' dir='ltr' id='par_1_63' title="bbox 957 280 1746 318">
     <span class='ocr_line' id='line_1_64' title="bbox 957 280 1746 318; baseline 0.005 -7"><span class='ocrx_word' id='word_1_469' title='bbox 957 293 1005 311; x_wconf 87' lang='lat' dir='ltr'><strong>cro</strong></span> <span class='ocrx_word' id='word_1_470' title='bbox 1029 290 1064 317; x_wconf 90' lang='lat' dir='ltr'><strong>te,</strong></span> <span class='ocrx_word' id='word_1_471' title='bbox 1082 287 1160 318; x_wconf 81' lang='lat' dir='ltr'><strong>abba.</strong></span> <span class='ocrx_word' id='word_1_472' title='bbox 1183 295 1216 313; x_wconf 88' lang='lat' dir='ltr'><strong>ne</strong></span> <span class='ocrx_word' id='word_1_473' title='bbox 1236 287 1382 315; x_wconf 77' lang='lat' dir='ltr'><strong>oﬂendaris</strong></span> <span class='ocrx_word' id='word_1_474' title='bbox 1404 295 1463 314; x_wconf 90' lang='lat' dir='ltr'><strong>mea</strong></span> <span class='ocrx_word' id='word_1_475' title='bbox 1483 280 1679 315; x_wconf 76' lang='lat' dir='ltr'><strong>imbecillitate.</strong></span> <span class='ocrx_word' id='word_1_476' title='bbox 1697 287 1746 315; x_wconf 88' lang='lat' dir='ltr'><strong>llis</strong></span> 
     </span>
    </p>
   </div>
   <div class='ocr_carea' id='block_1_64' title="bbox 956 332 1745 369">
    <p class='ocr_par' dir='ltr' id='par_1_64' title="bbox 956 332 1745 369">
     <span class='ocr_line' id='line_1_65' title="bbox 956 332 1745 369; baseline 0.003 -11"><span class='ocrx_word' id='word_1_477' title='bbox 956 332 1068 364; x_wconf 78' lang='lat' dir='ltr'><strong>auditis,</strong></span> <span class='ocrx_word' id='word_1_478' title='bbox 1093 333 1255 369; x_wconf 66' lang='lat' dir='ltr'><strong>Egyptius,</strong></span> <span class='ocrx_word' id='word_1_479' title='bbox 1275 334 1307 360; x_wconf 86' lang='lat' dir='ltr'><strong>ad</strong></span> <span class='ocrx_word' id='word_1_480' title='bbox 1325 342 1354 361; x_wconf 85' lang='lat' dir='ltr'><strong>se</strong></span> <span class='ocrx_word' id='word_1_481' title='bbox 1376 333 1496 366; x_wconf 91' lang='lat' dir='ltr'><strong>rediens,</strong></span> <span class='ocrx_word' id='word_1_482' title='bbox 1516 333 1602 361; x_wconf 83' lang='lat' dir='ltr'><strong>dixit:</strong></span> <span class='ocrx_word' id='word_1_483' title='bbox 1616 333 1661 361; x_wconf 66' lang='lat' dir='ltr'><strong>Va:</strong></span> <span class='ocrx_word' id='word_1_484' title='bbox 1678 335 1745 369; x_wconf 86' lang='lat' dir='ltr'><strong>mihi</strong></span> 
     </span>
    </p>
   </div>
   <div class='ocr_carea' id='block_1_65' title="bbox 957 380 1745 414">
    <p class='ocr_par' dir='ltr' id='par_1_65' title="bbox 957 380 1745 414">
     <span class='ocr_line' id='line_1_66' title="bbox 957 380 1745 414; baseline 0.001 -8"><span class='ocrx_word' id='word_1_485' title='bbox 957 380 1028 414; x_wconf 88' lang='lat' dir='ltr'><strong>quod</strong></span> <span class='ocrx_word' id='word_1_486' title='bbox 1045 387 1060 406; x_wconf 88' lang='lat' dir='ltr'><strong>a</strong></span> <span class='ocrx_word' id='word_1_487' title='bbox 1076 380 1159 406; x_wconf 82' lang='lat' dir='ltr'><strong>multa</strong></span> <span class='ocrx_word' id='word_1_488' title='bbox 1175 381 1266 407; x_wconf 69' lang='lat' dir='ltr'><strong>sznculi</strong></span> <span class='ocrx_word' id='word_1_489' title='bbox 1279 380 1445 411; x_wconf 75' lang='lat' dir='ltr'><strong>calamitate,</strong></span> <span class='ocrx_word' id='word_1_490' title='bbox 1457 381 1484 407; x_wconf 92' lang='lat' dir='ltr'><strong>in</strong></span> <span class='ocrx_word' id='word_1_491' title='bbox 1500 384 1601 408; x_wconf 87' lang='lat' dir='ltr'><strong>statum</strong></span> <span class='ocrx_word' id='word_1_492' title='bbox 1622 387 1745 407; x_wconf 87' lang='lat' dir='ltr'><strong>commo-</strong></span> 
     </span>
    </p>
   </div>
   <div class='ocr_carea' id='block_1_66' title="bbox 957 426 1744 461">
    <p class='ocr_par' dir='ltr' id='par_1_66' title="bbox 957 426 1744 461">
     <span class='ocr_line' id='line_1_67' title="bbox 957 426 1744 461; baseline 0.001 -10"><span class='ocrx_word' id='word_1_493' title='bbox 957 426 1021 452; x_wconf 88' lang='lat' dir='ltr'><strong>dum</strong></span> <span class='ocrx_word' id='word_1_494' title='bbox 1037 426 1097 452; x_wconf 81' lang='lat' dir='ltr'><strong>veni</strong></span> <span class='ocrx_word' id='word_1_495' title='bbox 1109 435 1116 458; x_wconf 89' lang='lat'><strong>;</strong></span> <span class='ocrx_word' id='word_1_496' title='bbox 1135 434 1248 461; x_wconf 59' lang='lat' dir='ltr'><strong>quaeque</strong></span> <span class='ocrx_word' id='word_1_497' title='bbox 1263 431 1328 454; x_wconf 84' lang='lat' dir='ltr'><strong>tunc</strong></span> <span class='ocrx_word' id='word_1_498' title='bbox 1341 435 1393 453; x_wconf 93' lang='lat' dir='ltr'><strong>non</strong></span> <span class='ocrx_word' id='word_1_499' title='bbox 1407 426 1549 459; x_wconf 76' lang='lat' dir='ltr'><strong>habebant,</strong></span> <span class='ocrx_word' id='word_1_500' title='bbox 1562 434 1633 453; x_wconf 90' lang='lat' dir='ltr'><strong>nunc</strong></span> <span class='ocrx_word' id='word_1_501' title='bbox 1647 426 1744 452; x_wconf 74' lang='lat' dir='ltr'><strong>habeo:</strong></span> 
     </span>
    </p>
   </div>
   <div class='ocr_carea' id='block_1_67' title="bbox 957 473 1745 504">
    <p class='ocr_par' dir='ltr' id='par_1_67' title="bbox 957 473 1745 504">
     <span class='ocr_line' id='line_1_68' title="bbox 957 473 1745 504; baseline 0.001 -7"><span class='ocrx_word' id='word_1_502' title='bbox 957 476 986 497; x_wconf 86' lang='lat' dir='ltr'><strong>tu</strong></span> <span class='ocrx_word' id='word_1_503' title='bbox 1008 479 1070 498; x_wconf 82' lang='lat' dir='ltr'><strong>vero</strong></span> <span class='ocrx_word' id='word_1_504' title='bbox 1088 480 1103 498; x_wconf 84' lang='lat' dir='ltr'><strong>a</strong></span> <span class='ocrx_word' id='word_1_505' title='bbox 1121 473 1205 499; x_wconf 89' lang='lat' dir='ltr'><strong>multa</strong></span> <span class='ocrx_word' id='word_1_506' title='bbox 1222 473 1429 504; x_wconf 84' lang='lat' dir='ltr'><strong>commoditate,</strong></span> <span class='ocrx_word' id='word_1_507' title='bbox 1452 473 1550 500; x_wconf 85' lang='lat' dir='ltr'><strong>venisti</strong></span> <span class='ocrx_word' id='word_1_508' title='bbox 1567 473 1600 499; x_wconf 87' lang='lat' dir='ltr'><strong>ad</strong></span> <span class='ocrx_word' id='word_1_509' title='bbox 1623 473 1745 499; x_wconf 78' lang='lat' dir='ltr'><strong>vexatio-</strong></span> 
     </span>
    </p>
   </div>
   <div class='ocr_carea' id='block_1_68' title="bbox 957 518 1744 553">
    <p class='ocr_par' dir='ltr' id='par_1_68' title="bbox 957 518 1744 553">
     <span class='ocr_line' id='line_1_69' title="bbox 957 518 1744 553; baseline 0.001 -10"><span class='ocrx_word' id='word_1_510' title='bbox 957 525 1037 550; x_wconf 89' lang='lat' dir='ltr'><strong>nem;</strong></span> <span class='ocrx_word' id='word_1_511' title='bbox 1058 524 1073 543; x_wconf 91' lang='lat' dir='ltr'><strong>a</strong></span> <span class='ocrx_word' id='word_1_512' title='bbox 1095 518 1179 544; x_wconf 86' lang='lat' dir='ltr'><strong>multa</strong></span> <span class='ocrx_word' id='word_1_513' title='bbox 1201 518 1286 553; x_wconf 79' lang='lat' dir='ltr'><strong>gloria</strong></span> <span class='ocrx_word' id='word_1_514' title='bbox 1303 522 1330 545; x_wconf 86' lang='lat' dir='ltr'><strong>et</strong></span> <span class='ocrx_word' id='word_1_515' title='bbox 1345 518 1449 545; x_wconf 82' lang='lat' dir='ltr'><strong>divitiis</strong></span> <span class='ocrx_word' id='word_1_516' title='bbox 1470 518 1504 545; x_wconf 91' lang='lat' dir='ltr'><strong>ad</strong></span> <span class='ocrx_word' id='word_1_517' title='bbox 1521 518 1699 552; x_wconf 82' lang='lat' dir='ltr'><strong>dejectionem</strong></span> <span class='ocrx_word' id='word_1_518' title='bbox 1717 522 1744 544; x_wconf 78' lang='lat' dir='ltr'><strong>et</strong></span> 
     </span>
    </p>
   </div>
   <div class='ocr_carea' id='block_1_69' title="bbox 958 564 1744 599">
    <p class='ocr_par' dir='ltr' id='par_1_69' title="bbox 958 564 1744 599">
     <span class='ocr_line' id='line_1_70' title="bbox 958 564 1744 599; baseline 0.001 -10"><span class='ocrx_word' id='word_1_519' title='bbox 958 568 1156 598; x_wconf 83' lang='lat' dir='ltr'><strong>paupertatem.</strong></span> <span class='ocrx_word' id='word_1_520' title='bbox 1188 564 1282 599; x_wconf 86' lang='lat' dir='ltr'><strong>Itaque</strong></span> <span class='ocrx_word' id='word_1_521' title='bbox 1304 565 1405 599; x_wconf 80' lang='lat' dir='ltr'><strong>ingenti</strong></span> <span class='ocrx_word' id='word_1_522' title='bbox 1429 572 1492 591; x_wconf 91' lang='lat' dir='ltr'><strong>cum</strong></span> <span class='ocrx_word' id='word_1_523' title='bbox 1517 565 1617 591; x_wconf 63' lang='lat' dir='ltr'><strong>animm</strong></span> <span class='ocrx_word' id='word_1_524' title='bbox 1639 564 1744 591; x_wconf 89' lang='lat' dir='ltr'><strong>emolu-</strong></span> 
     </span>
    </p>
   </div>
   <div class='ocr_carea' id='block_1_70' title="bbox 958 609 1746 644">
    <p class='ocr_par' dir='ltr' id='par_1_70' title="bbox 958 609 1746 644">
     <span class='ocr_line' id='line_1_71' title="bbox 958 609 1746 644; baseline 0 -8"><span class='ocrx_word' id='word_1_525' title='bbox 958 614 1050 636; x_wconf 87' lang='lat' dir='ltr'><strong>mento</strong></span> <span class='ocrx_word' id='word_1_526' title='bbox 1066 609 1203 642; x_wconf 80' lang='lat' dir='ltr'><strong>discessit,</strong></span> <span class='ocrx_word' id='word_1_527' title='bbox 1221 610 1363 644; x_wconf 83' lang='lat' dir='ltr'><strong>factusque</strong></span> <span class='ocrx_word' id='word_1_528' title='bbox 1377 615 1419 637; x_wconf 87' lang='lat' dir='ltr'><strong>est</strong></span> <span class='ocrx_word' id='word_1_529' title='bbox 1432 610 1506 637; x_wconf 88' lang='lat' dir='ltr'><strong>illius</strong></span> <span class='ocrx_word' id='word_1_530' title='bbox 1525 610 1641 641; x_wconf 84' lang='lat' dir='ltr'><strong>amicus,</strong></span> <span class='ocrx_word' id='word_1_531' title='bbox 1653 613 1680 637; x_wconf 89' lang='lat' dir='ltr'><strong>et</strong></span> <span class='ocrx_word' id='word_1_532' title='bbox 1690 609 1746 637; x_wconf 81' lang='lat' dir='ltr'><strong>t&#39;re-</strong></span> 
     </span>
    </p>
   </div>
   <div class='ocr_carea' id='block_1_71' title="bbox 958 655 1742 690">
    <p class='ocr_par' dir='ltr' id='par_1_71' title="bbox 958 655 1742 690">
     <span class='ocr_line' id='line_1_72' title="bbox 958 655 1742 690; baseline 0.003 -10"><span class='ocrx_word' id='word_1_533' title='bbox 958 659 1073 689; x_wconf 82' lang='lat' dir='ltr'><strong>quenter</strong></span> <span class='ocrx_word' id='word_1_534' title='bbox 1089 656 1121 682; x_wconf 87' lang='lat' dir='ltr'><strong>ad</strong></span> <span class='ocrx_word' id='word_1_535' title='bbox 1143 663 1204 683; x_wconf 89' lang='lat' dir='ltr'><strong>eum</strong></span> <span class='ocrx_word' id='word_1_536' title='bbox 1230 656 1471 690; x_wconf 81' lang='lat' dir='ltr'><strong>proﬁciscebatur,</strong></span> <span class='ocrx_word' id='word_1_537' title='bbox 1499 655 1624 682; x_wconf 78' lang='lat' dir='ltr'><strong>utilitatis</strong></span> <span class='ocrx_word' id='word_1_538' title='bbox 1648 663 1742 682; x_wconf 87' lang='lat' dir='ltr'><strong>causa.</strong></span> 
     </span>
    </p>
   </div>
   <div class='ocr_carea' id='block_1_72' title="bbox 959 701 1744 737">
    <p class='ocr_par' dir='ltr' id='par_1_72' title="bbox 959 701 1744 737">
     <span class='ocr_line' id='line_1_73' title="bbox 959 701 1744 737; baseline 0.003 -10"><span class='ocrx_word' id='word_1_539' title='bbox 959 701 1024 727; x_wconf 83' lang='lat' dir='ltr'><strong>Erat</strong></span> <span class='ocrx_word' id='word_1_540' title='bbox 1038 702 1109 729; x_wconf 86' lang='lat' dir='ltr'><strong>enim</strong></span> <span class='ocrx_word' id='word_1_541' title='bbox 1125 702 1166 728; x_wconf 91' lang='lat' dir='ltr'><strong>vir</strong></span> <span class='ocrx_word' id='word_1_542' title='bbox 1180 703 1207 729; x_wconf 89' lang='lat' dir='ltr'><strong>in</strong></span> <span class='ocrx_word' id='word_1_543' title='bbox 1221 703 1403 730; x_wconf 66' lang='lat' dir='ltr'><strong>discernente</strong></span> <span class='ocrx_word' id='word_1_544' title='bbox 1422 703 1550 733; x_wconf 80' lang='lat' dir='ltr'><strong>eximius,</strong></span> <span class='ocrx_word' id='word_1_545' title='bbox 1569 703 1665 737; x_wconf 86' lang='lat' dir='ltr'><strong>plenus</strong></span> <span class='ocrx_word' id='word_1_546' title='bbox 1689 703 1744 729; x_wconf 78' lang='lat' dir='ltr'><strong>h-a-</strong></span> 
     </span>
    </p>
   </div>
   <div class='ocr_carea' id='block_1_73' title="bbox 958 747 1311 782">
    <p class='ocr_par' dir='ltr' id='par_1_73' title="bbox 958 747 1311 782">
     <span class='ocr_line' id='line_1_74' title="bbox 958 747 1311 782; baseline 0.003 -9"><span class='ocrx_word' id='word_1_547' title='bbox 958 748 1064 782; x_wconf 77' lang='lat' dir='ltr'><strong>grantia</strong></span> <span class='ocrx_word' id='word_1_548' title='bbox 1079 747 1197 782; x_wconf 76' lang='lat' dir='ltr'><strong>Spiritus</strong></span> <span class='ocrx_word' id='word_1_549' title='bbox 1213 749 1311 775; x_wconf 85' lang='lat' dir='ltr'><strong>sancti.</strong></span> 
     </span>
    </p>
   </div>
   <div class='ocr_carea' id='block_1_74' title="bbox 992 793 1744 828">
    <p class='ocr_par' dir='ltr' id='par_1_74' title="bbox 992 793 1744 828">
     <span class='ocr_line' id='line_1_75' title="bbox 992 793 1744 828; baseline -0.001 -9"><span class='ocrx_word' id='word_1_550' title='bbox 992 794 1018 819; x_wconf 74' lang='lat'><strong>&#39;2.</strong></span> <span class='ocrx_word' id='word_1_551' title='bbox 1036 794 1059 820; x_wconf 89' lang='lat' dir='ltr'><strong>Is</strong></span> <span class='ocrx_word' id='word_1_552' title='bbox 1080 794 1138 827; x_wconf 82' lang='lat' dir='ltr'><strong>ipse</strong></span> <span class='ocrx_word' id='word_1_553' title='bbox 1159 794 1252 821; x_wconf 84' lang='lat' dir='ltr'><strong>retulit</strong></span> <span class='ocrx_word' id='word_1_554' title='bbox 1265 803 1271 820; x_wconf 93' lang='lat'><strong><em>:</em></strong></span> <span class='ocrx_word' id='word_1_555' title='bbox 1286 793 1350 819; x_wconf 83' lang='lat' dir='ltr'><strong>Erat</strong></span> <span class='ocrx_word' id='word_1_556' title='bbox 1371 793 1481 827; x_wconf 81' lang='lat' dir='ltr'><strong>quidam</strong></span> <span class='ocrx_word' id='word_1_557' title='bbox 1498 801 1591 824; x_wconf 82' lang='lat' dir='ltr'><strong>senex,</strong></span> <span class='ocrx_word' id='word_1_558' title='bbox 1613 793 1658 827; x_wconf 87' lang='lat' dir='ltr'><strong>qui</strong></span> <span class='ocrx_word' id='word_1_559' title='bbox 1676 801 1744 828; x_wconf 75' lang='lat' dir='ltr'><strong>pra:-</strong></span> 
     </span>
    </p>
   </div>
   <div class='ocr_carea' id='block_1_75' title="bbox 959 839 1743 874">
    <p class='ocr_par' dir='ltr' id='par_1_75' title="bbox 959 839 1743 874">
     <span class='ocr_line' id='line_1_76' title="bbox 959 839 1743 874; baseline 0.003 -10"><span class='ocrx_word' id='word_1_560' title='bbox 959 839 1062 866; x_wconf 87' lang='lat' dir='ltr'><strong>clarum</strong></span> <span class='ocrx_word' id='word_1_561' title='bbox 1079 839 1243 874; x_wconf 84' lang='lat' dir='ltr'><strong>discipulum</strong></span> <span class='ocrx_word' id='word_1_562' title='bbox 1259 839 1390 872; x_wconf 84' lang='lat' dir='ltr'><strong>habebat;</strong></span> <span class='ocrx_word' id='word_1_563' title='bbox 1407 847 1486 873; x_wconf 85' lang='lat' dir='ltr'><strong>quem</strong></span> <span class='ocrx_word' id='word_1_564' title='bbox 1503 846 1535 866; x_wconf 85' lang='lat' dir='ltr'><strong>ex</strong></span> <span class='ocrx_word' id='word_1_565' title='bbox 1553 839 1644 874; x_wconf 85' lang='lat' dir='ltr'><strong>pusilli</strong></span> <span class='ocrx_word' id='word_1_566' title='bbox 1659 839 1743 866; x_wconf 86' lang='lat' dir='ltr'><strong>animi</strong></span> 
     </span>
    </p>
   </div>
   <div class='ocr_carea' id='block_1_76' title="bbox 959 884 1744 919">
    <p class='ocr_par' dir='ltr' id='par_1_76' title="bbox 959 884 1744 919">
     <span class='ocr_line' id='line_1_77' title="bbox 959 884 1744 919; baseline 0 -9"><span class='ocrx_word' id='word_1_567' title='bbox 959 885 1023 911; x_wconf 67' lang='lat' dir='ltr'><strong>vitio</strong></span> <span class='ocrx_word' id='word_1_568' title='bbox 1045 885 1125 918; x_wconf 83' lang='lat' dir='ltr'><strong>ejecit</strong></span> <span class='ocrx_word' id='word_1_569' title='bbox 1141 892 1204 912; x_wconf 92' lang='lat' dir='ltr'><strong>cum</strong></span> <span class='ocrx_word' id='word_1_570' title='bbox 1222 885 1320 912; x_wconf 89' lang='lat' dir='ltr'><strong>melote</strong></span> <span class='ocrx_word' id='word_1_571' title='bbox 1340 892 1400 911; x_wconf 87' lang='lat' dir='ltr'><strong>sua.</strong></span> <span class='ocrx_word' id='word_1_572' title='bbox 1425 885 1459 911; x_wconf 83' lang='lat' dir='ltr'><strong>At</strong></span> <span class='ocrx_word' id='word_1_573' title='bbox 1483 884 1569 912; x_wconf 80' lang='lat' dir='ltr'><strong>frater</strong></span> <span class='ocrx_word' id='word_1_574' title='bbox 1595 885 1744 919; x_wconf 84' lang='lat' dir='ltr'><strong>permansit</strong></span> 
     </span>
    </p>
   </div>
   <div class='ocr_carea' id='block_1_77' title="bbox 957 929 1742 965">
    <p class='ocr_par' dir='ltr' id='par_1_77' title="bbox 957 929 1742 965">
     <span class='ocr_line' id='line_1_78' title="bbox 957 929 1742 965; baseline 0 -9"><span class='ocrx_word' id='word_1_575' title='bbox 957 929 1030 957; x_wconf 82' lang='lat' dir='ltr'><strong>foras</strong></span> <span class='ocrx_word' id='word_1_576' title='bbox 1044 931 1152 958; x_wconf 88' lang='lat' dir='ltr'><strong>sedens.</strong></span> <span class='ocrx_word' id='word_1_577' title='bbox 1168 931 1262 959; x_wconf 79' lang='lat' dir='ltr'><strong>Postea</strong></span> <span class='ocrx_word' id='word_1_578' title='bbox 1283 938 1367 958; x_wconf 80' lang='lat' dir='ltr'><strong>senex</strong></span> <span class='ocrx_word' id='word_1_579' title='bbox 1382 931 1520 965; x_wconf 85' lang='lat' dir='ltr'><strong>aperiens,</strong></span> <span class='ocrx_word' id='word_1_580' title='bbox 1542 930 1646 957; x_wconf 87' lang='lat' dir='ltr'><strong>invenit</strong></span> <span class='ocrx_word' id='word_1_581' title='bbox 1666 930 1742 956; x_wconf 76' lang='lat' dir='ltr'><strong>illum</strong></span> 
     </span>
    </p>
   </div>
   <div class='ocr_carea' id='block_1_78' title="bbox 957 976 1742 1012">
    <p class='ocr_par' dir='ltr' id='par_1_78' title="bbox 957 976 1742 1012">
     <span class='ocr_line' id='line_1_79' title="bbox 957 976 1742 1012; baseline -0.005 -7"><span class='ocrx_word' id='word_1_582' title='bbox 957 977 1106 1005; x_wconf 83' lang='lat' dir='ltr'><strong>sedentem.</strong></span> <span class='ocrx_word' id='word_1_583' title='bbox 1134 976 1226 1012; x_wconf 80' lang='lat' dir='ltr'><strong>Itaque</strong></span> <span class='ocrx_word' id='word_1_584' title='bbox 1249 977 1379 1004; x_wconf 87' lang='lat' dir='ltr'><strong>inclinato</strong></span> <span class='ocrx_word' id='word_1_585' title='bbox 1400 977 1426 1003; x_wconf 94' lang='lat' dir='ltr'><strong>in</strong></span> <span class='ocrx_word' id='word_1_586' title='bbox 1450 976 1611 1011; x_wconf 67' lang='lat' dir='ltr'><strong>pmnitentis</strong></span> <span class='ocrx_word' id='word_1_587' title='bbox 1631 976 1742 1002; x_wconf 89' lang='lat' dir='ltr'><strong>modum</strong></span> 
     </span>
    </p>
   </div>
   <div class='ocr_carea' id='block_1_79' title="bbox 957 1022 1744 1057">
    <p class='ocr_par' dir='ltr' id='par_1_79' title="bbox 957 1022 1744 1057">
     <span class='ocr_line' id='line_1_80' title="bbox 957 1022 1744 1057; baseline -0.001 -9"><span class='ocrx_word' id='word_1_588' title='bbox 957 1030 1087 1057; x_wconf 80' lang='lat' dir='ltr'><strong>corpore,</strong></span> <span class='ocrx_word' id='word_1_589' title='bbox 1109 1022 1177 1049; x_wconf 80' lang='lat' dir='ltr'><strong>dixit</strong></span> <span class='ocrx_word' id='word_1_590' title='bbox 1194 1023 1237 1049; x_wconf 91' lang='lat' dir='ltr'><strong>ei:</strong></span> <span class='ocrx_word' id='word_1_591' title='bbox 1252 1022 1347 1052; x_wconf 87' lang='lat' dir='ltr'><strong>Pater.</strong></span> <span class='ocrx_word' id='word_1_592' title='bbox 1368 1022 1510 1049; x_wconf 88' lang='lat' dir='ltr'><strong>humilitas</strong></span> <span class='ocrx_word' id='word_1_593' title='bbox 1530 1022 1665 1056; x_wconf 67' lang='lat' dir='ltr'><strong>patientia:</strong></span> <span class='ocrx_word' id='word_1_594' title='bbox 1690 1026 1744 1048; x_wconf 66' lang='lat' dir='ltr'><strong>tum</strong></span> 
     </span>
    </p>
   </div>
   <div class='ocr_carea' id='block_1_80' title="bbox 956 1068 1742 1103">
    <p class='ocr_par' dir='ltr' id='par_1_80' title="bbox 956 1068 1742 1103">
     <span class='ocr_line' id='line_1_81' title="bbox 956 1068 1742 1103; baseline -0.001 -9"><span class='ocrx_word' id='word_1_595' title='bbox 956 1069 1017 1095; x_wconf 78' lang='lat' dir='ltr'><strong>vicit</strong></span> <span class='ocrx_word' id='word_1_596' title='bbox 1035 1069 1287 1103; x_wconf 85' lang='lat' dir='ltr'><strong>pusillanimitatem</strong></span> <span class='ocrx_word' id='word_1_597' title='bbox 1309 1076 1396 1095; x_wconf 85' lang='lat' dir='ltr'><strong>meam</strong></span> <span class='ocrx_word' id='word_1_598' title='bbox 1415 1072 1498 1102; x_wconf 86' lang='lat' dir='ltr'><strong>atque</strong></span> <span class='ocrx_word' id='word_1_599' title='bbox 1513 1068 1742 1102; x_wconf 81' lang='lat' dir='ltr'><strong>despicationem.</strong></span> 
     </span>
    </p>
   </div>
   <div class='ocr_carea' id='block_1_81' title="bbox 957 1112 1743 1148">
    <p class='ocr_par' dir='ltr' id='par_1_81' title="bbox 957 1112 1743 1148">
     <span class='ocr_line' id='line_1_82' title="bbox 957 1112 1743 1148; baseline -0.005 -6"><span class='ocrx_word' id='word_1_600' title='bbox 957 1114 1025 1142; x_wconf 86' lang='lat' dir='ltr'><strong>Veni</strong></span> <span class='ocrx_word' id='word_1_601' title='bbox 1038 1115 1129 1142; x_wconf 87' lang='lat' dir='ltr'><strong>intro:</strong></span> <span class='ocrx_word' id='word_1_602' title='bbox 1145 1122 1178 1141; x_wconf 80' lang='lat' dir='ltr'><strong>ex</strong></span> <span class='ocrx_word' id='word_1_603' title='bbox 1191 1115 1242 1141; x_wconf 91' lang='lat' dir='ltr'><strong>hoc</strong></span> <span class='ocrx_word' id='word_1_604' title='bbox 1259 1118 1391 1148; x_wconf 79' lang='lat' dir='ltr'><strong>tempore,</strong></span> <span class='ocrx_word' id='word_1_605' title='bbox 1409 1118 1435 1139; x_wconf 88' lang='lat' dir='ltr'><strong>tu</strong></span> <span class='ocrx_word' id='word_1_606' title='bbox 1454 1121 1535 1140; x_wconf 83' lang='lat' dir='ltr'><strong>senex</strong></span> <span class='ocrx_word' id='word_1_607' title='bbox 1548 1113 1603 1140; x_wconf 88' lang='lat' dir='ltr'><strong>eris</strong></span> <span class='ocrx_word' id='word_1_608' title='bbox 1614 1116 1642 1140; x_wconf 85' lang='lat' dir='ltr'><strong>et</strong></span> <span class='ocrx_word' id='word_1_609' title='bbox 1654 1112 1743 1143; x_wconf 83' lang='lat' dir='ltr'><strong>Pater.</strong></span> 
     </span>
    </p>
   </div>
   <div class='ocr_carea' id='block_1_82' title="bbox 956 1159 1422 1196">
    <p class='ocr_par' dir='ltr' id='par_1_82' title="bbox 956 1159 1422 1196">
     <span class='ocr_line' id='line_1_83' title="bbox 956 1159 1422 1196; baseline -0.004 -8"><span class='ocrx_word' id='word_1_610' title='bbox 956 1168 1006 1196; x_wconf 71' lang='lat' dir='ltr'><strong>ego</strong></span> <span class='ocrx_word' id='word_1_611' title='bbox 1023 1168 1089 1188; x_wconf 79' lang='lat' dir='ltr'><strong>vero</strong></span> <span class='ocrx_word' id='word_1_612' title='bbox 1104 1160 1198 1195; x_wconf 86' lang='lat' dir='ltr'><strong>junior</strong></span> <span class='ocrx_word' id='word_1_613' title='bbox 1213 1167 1244 1187; x_wconf 89' lang='lat' dir='ltr'><strong>ac</strong></span> <span class='ocrx_word' id='word_1_614' title='bbox 1259 1159 1422 1194; x_wconf 74' lang='lat' dir='ltr'><strong>discipulus.</strong></span> 
     </span>
    </p>
   </div>
   <div class='ocr_carea' id='block_1_83' title="bbox 1240 1214 1477 1248">
    <p class='ocr_par' dir='ltr' id='par_1_83' title="bbox 1240 1214 1477 1248">
     <span class='ocr_line' id='line_1_84' title="bbox 1240 1214 1477 1248; baseline -0.004 -6"><span class='ocrx_word' id='word_1_615' title='bbox 1240 1215 1275 1242; x_wconf 81' lang='lat' dir='ltr'><strong>De</strong></span> <span class='ocrx_word' id='word_1_616' title='bbox 1288 1215 1382 1241; x_wconf 82' lang='lat' dir='ltr'><strong>abbate</strong></span> <span class='ocrx_word' id='word_1_617' title='bbox 1397 1214 1477 1248; x_wconf 78' lang='lat' dir='ltr'><strong>Rufo.</strong></span> 
     </span>
    </p>
   </div>
   <div class='ocr_carea' id='block_1_84' title="bbox 994 1268 1745 1305">
    <p class='ocr_par' dir='ltr' id='par_1_84' title="bbox 994 1268 1745 1305">
     <span class='ocr_line' id='line_1_85' title="bbox 994 1268 1745 1305; baseline -0.003 -9"><span class='ocrx_word' id='word_1_618' title='bbox 994 1271 1018 1297; x_wconf 80' lang='grc' dir='ltr'>Ι.</span> <span class='ocrx_word' id='word_1_619' title='bbox 1037 1270 1133 1297; x_wconf 80' lang='lat' dir='ltr'><strong>Frater</strong></span> <span class='ocrx_word' id='word_1_620' title='bbox 1151 1270 1332 1305; x_wconf 75' lang='lat' dir='ltr'><strong>interrogavit</strong></span> <span class='ocrx_word' id='word_1_621' title='bbox 1351 1270 1476 1297; x_wconf 84' lang='lat' dir='ltr'><strong>abbatem</strong></span> <span class='ocrx_word' id='word_1_622' title='bbox 1493 1268 1604 1302; x_wconf 80' lang='lat' dir='ltr'><strong>Rufum,</strong></span> <span class='ocrx_word' id='word_1_623' title='bbox 1618 1269 1683 1304; x_wconf 89' lang='lat' dir='ltr'><strong>quid</strong></span> <span class='ocrx_word' id='word_1_624' title='bbox 1704 1277 1745 1295; x_wconf 78' lang='lat' dir='ltr'><strong>es—</strong></span> 
     </span>
    </p>
   </div>
   <div class='ocr_carea' id='block_1_85' title="bbox 957 1314 1742 1351">
    <p class='ocr_par' dir='ltr' id='par_1_85' title="bbox 957 1314 1742 1351">
     <span class='ocr_line' id='line_1_86' title="bbox 957 1314 1742 1351; baseline -0.004 -8"><span class='ocrx_word' id='word_1_625' title='bbox 957 1320 999 1343; x_wconf 88' lang='lat' dir='ltr'><strong>sct</strong></span> <span class='ocrx_word' id='word_1_626' title='bbox 1020 1316 1108 1350; x_wconf 82' lang='lat' dir='ltr'><strong>quies,</strong></span> <span class='ocrx_word' id='word_1_627' title='bbox 1123 1320 1149 1343; x_wconf 88' lang='lat' dir='ltr'><strong>et</strong></span> <span class='ocrx_word' id='word_1_628' title='bbox 1162 1323 1285 1351; x_wconf 68' lang='lat' dir='ltr'><strong>quaenam</strong></span> <span class='ocrx_word' id='word_1_629' title='bbox 1306 1315 1380 1343; x_wconf 89' lang='lat' dir='ltr'><strong>illius</strong></span> <span class='ocrx_word' id='word_1_630' title='bbox 1401 1315 1518 1342; x_wconf 86' lang='lat' dir='ltr'><strong>utilitas.</strong></span> <span class='ocrx_word' id='word_1_631' title='bbox 1541 1314 1631 1342; x_wconf 85' lang='lat' dir='ltr'><strong>Senex</strong></span> <span class='ocrx_word' id='word_1_632' title='bbox 1651 1319 1742 1341; x_wconf 80' lang='lat' dir='ltr'><strong>autem</strong></span> 
     </span>
    </p>
   </div>
   <div class='ocr_carea' id='block_1_86' title="bbox 957 1361 1744 1395">
    <p class='ocr_par' dir='ltr' id='par_1_86' title="bbox 957 1361 1744 1395">
     <span class='ocr_line' id='line_1_87' title="bbox 957 1361 1744 1395; baseline -0.005 -6"><span class='ocrx_word' id='word_1_633' title='bbox 957 1362 1025 1390; x_wconf 80' lang='lat' dir='ltr'><strong>dixit</strong></span> <span class='ocrx_word' id='word_1_634' title='bbox 1040 1363 1064 1389; x_wconf 84' lang='lat' dir='ltr'><strong>ei</strong></span> <span class='ocrx_word' id='word_1_635' title='bbox 1077 1372 1083 1389; x_wconf 74' lang='grc' dir='ltr'><strong>ε</strong></span> <span class='ocrx_word' id='word_1_636' title='bbox 1098 1362 1181 1395; x_wconf 86' lang='lat' dir='ltr'><strong>Quies</strong></span> <span class='ocrx_word' id='word_1_637' title='bbox 1197 1367 1255 1394; x_wconf 83' lang='lat' dir='ltr'><strong>est,</strong></span> <span class='ocrx_word' id='word_1_638' title='bbox 1272 1362 1367 1389; x_wconf 82' lang='lat' dir='ltr'><strong>sedere</strong></span> <span class='ocrx_word' id='word_1_639' title='bbox 1382 1361 1408 1388; x_wconf 94' lang='lat' dir='ltr'><strong>in</strong></span> <span class='ocrx_word' id='word_1_640' title='bbox 1427 1361 1495 1388; x_wconf 85' lang='lat' dir='ltr'><strong>cella</strong></span> <span class='ocrx_word' id='word_1_641' title='bbox 1510 1368 1570 1387; x_wconf 86' lang='lat' dir='ltr'><strong>eum</strong></span> <span class='ocrx_word' id='word_1_642' title='bbox 1596 1361 1692 1387; x_wconf 83' lang='lat' dir='ltr'><strong>timore</strong></span> <span class='ocrx_word' id='word_1_643' title='bbox 1712 1368 1744 1386; x_wconf 67' lang='lat' dir='ltr'><strong>at:</strong></span> 
     </span>
    </p>
   </div>
   <div class='ocr_carea' id='block_1_87' title="bbox 958 1406 1746 1440">
    <p class='ocr_par' dir='ltr' id='par_1_87' title="bbox 958 1406 1746 1440">
     <span class='ocr_line' id='line_1_88' title="bbox 958 1406 1746 1440; baseline -0.005 -6"><span class='ocrx_word' id='word_1_644' title='bbox 958 1407 1055 1434; x_wconf 88' lang='lat' dir='ltr'><strong>notitia</strong></span> <span class='ocrx_word' id='word_1_645' title='bbox 1076 1407 1133 1438; x_wconf 86' lang='lat' dir='ltr'><strong>Dei.</strong></span> <span class='ocrx_word' id='word_1_646' title='bbox 1149 1407 1311 1434; x_wconf 87' lang='lat' dir='ltr'><strong>abstinendo</strong></span> <span class='ocrx_word' id='word_1_647' title='bbox 1334 1407 1368 1433; x_wconf 86' lang='lat' dir='ltr'><strong>ab</strong></span> <span class='ocrx_word' id='word_1_648' title='bbox 1391 1406 1554 1440; x_wconf 77' lang='lat' dir='ltr'><strong>iniuriarum</strong></span> <span class='ocrx_word' id='word_1_649' title='bbox 1571 1406 1701 1431; x_wconf 84' lang='lat' dir='ltr'><strong>memoria</strong></span> <span class='ocrx_word' id='word_1_650' title='bbox 1717 1410 1746 1431; x_wconf 70' lang='lat' dir='ltr'><strong>et</strong></span> 
     </span>
    </p>
   </div>
   <div class='ocr_carea' id='block_1_88' title="bbox 957 1450 1742 1487">
    <p class='ocr_par' dir='ltr' id='par_1_88' title="bbox 957 1450 1742 1487">
     <span class='ocr_line' id='line_1_89' title="bbox 957 1450 1742 1487; baseline -0.006 -6"><span class='ocrx_word' id='word_1_651' title='bbox 957 1455 1075 1481; x_wconf 83' lang='lat' dir='ltr'><strong>elatione</strong></span> <span class='ocrx_word' id='word_1_652' title='bbox 1094 1454 1188 1481; x_wconf 82' lang='lat' dir='ltr'><strong>animi.</strong></span> <span class='ocrx_word' id='word_1_653' title='bbox 1208 1452 1270 1480; x_wconf 75' lang='lat' dir='ltr'><strong>Haec</strong></span> <span class='ocrx_word' id='word_1_654' title='bbox 1285 1453 1375 1487; x_wconf 83' lang='lat' dir='ltr'><strong>quies,</strong></span> <span class='ocrx_word' id='word_1_655' title='bbox 1393 1459 1455 1479; x_wconf 90' lang='lat' dir='ltr'><strong>cum</strong></span> <span class='ocrx_word' id='word_1_656' title='bbox 1469 1451 1592 1478; x_wconf 88' lang='lat' dir='ltr'><strong>omnium</strong></span> <span class='ocrx_word' id='word_1_657' title='bbox 1610 1450 1742 1477; x_wconf 87' lang='lat' dir='ltr'><strong>virtutum</strong></span> 
     </span>
    </p>
   </div>
   <div class='ocr_carea' id='block_1_89' title="bbox 958 1496 1743 1535">
    <p class='ocr_par' dir='ltr' id='par_1_89' title="bbox 958 1496 1743 1535">
     <span class='ocr_line' id='line_1_90' title="bbox 958 1496 1743 1535; baseline -0.008 -8"><span class='ocrx_word' id='word_1_658' title='bbox 958 1502 993 1528; x_wconf 87' lang='lat' dir='ltr'><strong>sit</strong></span> <span class='ocrx_word' id='word_1_659' title='bbox 1014 1500 1144 1535; x_wconf 76' lang='lat' dir='ltr'><strong>genitrix,</strong></span> <span class='ocrx_word' id='word_1_660' title='bbox 1163 1502 1307 1526; x_wconf 82' lang='lat' dir='ltr'><strong>conservat</strong></span> <span class='ocrx_word' id='word_1_661' title='bbox 1326 1497 1489 1525; x_wconf 89' lang='lat' dir='ltr'><strong>monachum</strong></span> <span class='ocrx_word' id='word_1_662' title='bbox 1514 1497 1548 1523; x_wconf 88' lang='lat' dir='ltr'><strong>ab</strong></span> <span class='ocrx_word' id='word_1_663' title='bbox 1573 1496 1659 1531; x_wconf 79' lang='lat' dir='ltr'><strong>igneis</strong></span> <span class='ocrx_word' id='word_1_664' title='bbox 1682 1496 1743 1521; x_wconf 80' lang='lat' dir='ltr'><strong>h-l-s</strong></span> 
     </span>
    </p>
   </div>
   <div class='ocr_carea' id='block_1_90' title="bbox 959 1540 1744 1579">
    <p class='ocr_par' dir='ltr' id='par_1_90' title="bbox 959 1540 1744 1579">
     <span class='ocr_line' id='line_1_91' title="bbox 959 1540 1744 1579; baseline -0.008 -7"><span class='ocrx_word' id='word_1_665' title='bbox 959 1545 1062 1573; x_wconf 91' lang='lat' dir='ltr'><strong>inimici</strong></span> <span class='ocrx_word' id='word_1_666' title='bbox 1079 1545 1112 1578; x_wconf 80' lang='lat'><strong>“,</strong></span> <span class='ocrx_word' id='word_1_667' title='bbox 1128 1552 1179 1572; x_wconf 87' lang='lat' dir='ltr'><strong>nec</strong></span> <span class='ocrx_word' id='word_1_668' title='bbox 1195 1544 1260 1572; x_wconf 90' lang='lat' dir='ltr'><strong>sinit</strong></span> <span class='ocrx_word' id='word_1_669' title='bbox 1277 1551 1325 1579; x_wconf 83' lang='lat' dir='ltr'><strong>per</strong></span> <span class='ocrx_word' id='word_1_670' title='bbox 1342 1551 1373 1570; x_wconf 84' lang='lat' dir='ltr'><strong>ea</strong></span> <span class='ocrx_word' id='word_1_671' title='bbox 1388 1542 1538 1570; x_wconf 85' lang='lat' dir='ltr'><strong>vulnerari.</strong></span> <span class='ocrx_word' id='word_1_672' title='bbox 1556 1540 1666 1576; x_wconf 85' lang='lat' dir='ltr'><strong>Utique,</strong></span> <span class='ocrx_word' id='word_1_673' title='bbox 1688 1540 1744 1567; x_wconf 83' lang='lat' dir='ltr'><strong>fra-</strong></span> 
     </span>
    </p>
   </div>
   <div class='ocr_carea' id='block_1_91' title="bbox 958 1589 1745 1626">
    <p class='ocr_par' dir='ltr' id='par_1_91' title="bbox 958 1589 1745 1626">
     <span class='ocr_line' id='line_1_92' title="bbox 958 1589 1745 1626; baseline -0.006 -6"><span class='ocrx_word' id='word_1_674' title='bbox 958 1599 1009 1626; x_wconf 86' lang='lat' dir='ltr'><strong>ter,</strong></span> <span class='ocrx_word' id='word_1_675' title='bbox 1028 1592 1102 1619; x_wconf 87' lang='lat' dir='ltr'><strong>illam</strong></span> <span class='ocrx_word' id='word_1_676' title='bbox 1117 1592 1236 1626; x_wconf 86' lang='lat' dir='ltr'><strong>posside.</strong></span> <span class='ocrx_word' id='word_1_677' title='bbox 1253 1598 1359 1618; x_wconf 89' lang='lat' dir='ltr'><strong>memor</strong></span> <span class='ocrx_word' id='word_1_678' title='bbox 1372 1590 1461 1618; x_wconf 78' lang='lat' dir='ltr'><strong>exitus</strong></span> <span class='ocrx_word' id='word_1_679' title='bbox 1479 1589 1576 1616; x_wconf 90' lang='lat' dir='ltr'><strong>mortis</strong></span> <span class='ocrx_word' id='word_1_680' title='bbox 1594 1594 1661 1622; x_wconf 64' lang='lat' dir='ltr'><strong>tum;</strong></span> <span class='ocrx_word' id='word_1_681' title='bbox 1678 1589 1745 1623; x_wconf 78' lang='lat' dir='ltr'><strong>quia</strong></span> 
     </span>
    </p>
   </div>
   <div class='ocr_carea' id='block_1_92' title="bbox 959 1635 1744 1673">
    <p class='ocr_par' dir='ltr' id='par_1_92' title="bbox 959 1635 1744 1673">
     <span class='ocr_line' id='line_1_93' title="bbox 959 1635 1744 1673; baseline -0.006 -7"><span class='ocrx_word' id='word_1_682' title='bbox 959 1638 1046 1666; x_wconf 82' lang='lat' dir='ltr'><strong>nescis</strong></span> <span class='ocrx_word' id='word_1_683' title='bbox 1059 1646 1112 1673; x_wconf 87' lang='lat' dir='ltr'><strong>qua</strong></span> <span class='ocrx_word' id='word_1_684' title='bbox 1126 1638 1191 1665; x_wconf 85' lang='lat' dir='ltr'><strong>hora</strong></span> <span class='ocrx_word' id='word_1_685' title='bbox 1203 1637 1247 1664; x_wconf 82' lang='lat' dir='ltr'><strong>fur</strong></span> <span class='ocrx_word' id='word_1_686' title='bbox 1259 1637 1349 1664; x_wconf 85' lang='lat' dir='ltr'><strong>veniet</strong></span> <span class='ocrx_word' id='word_1_687' title='bbox 1359 1636 1394 1664; x_wconf 83' lang='lat'><strong>&quot;’.</strong></span> <span class='ocrx_word' id='word_1_688' title='bbox 1412 1636 1544 1670; x_wconf 88' lang='lat' dir='ltr'><strong>Deinceps</strong></span> <span class='ocrx_word' id='word_1_689' title='bbox 1559 1635 1651 1670; x_wconf 83' lang='lat' dir='ltr'><strong>igitur,</strong></span> <span class='ocrx_word' id='word_1_690' title='bbox 1662 1635 1744 1669; x_wconf 70' lang='lat' dir='ltr'><strong>vigila</strong></span> 
     </span>
    </p>
   </div>
   <div class='ocr_carea' id='block_1_93' title="bbox 957 1685 1188 1720">
    <p class='ocr_par' dir='ltr' id='par_1_93' title="bbox 957 1685 1188 1720">
     <span class='ocr_line' id='line_1_94' title="bbox 957 1685 1188 1720; baseline -0.004 -9"><span class='ocrx_word' id='word_1_691' title='bbox 957 1693 1007 1720; x_wconf 91' lang='lat' dir='ltr'><strong>pro</strong></span> <span class='ocrx_word' id='word_1_692' title='bbox 1024 1685 1114 1711; x_wconf 88' lang='lat' dir='ltr'><strong>anima</strong></span> <span class='ocrx_word' id='word_1_693' title='bbox 1132 1688 1188 1711; x_wconf 87' lang='lat' dir='ltr'><strong>tua.</strong></span> 
     </span>
    </p>
   </div>
   <div class='ocr_carea' id='block_1_94' title="bbox 993 1766 1741 1800">
    <p class='ocr_par' dir='ltr' id='par_1_94' title="bbox 993 1766 1741 1800">
     <span class='ocr_line' id='line_1_95' title="bbox 993 1766 1741 1800; baseline -0.003 -5"><span class='ocrx_word' id='word_1_694' title='bbox 993 1770 1019 1796; x_wconf 71' lang='grc'><strong>2.</strong></span> <span class='ocrx_word' id='word_1_695' title='bbox 1042 1768 1113 1796; x_wconf 81' lang='lat' dir='ltr'><strong>Dixit</strong></span> <span class='ocrx_word' id='word_1_696' title='bbox 1134 1769 1218 1795; x_wconf 85' lang='lat' dir='ltr'><strong>abbas</strong></span> <span class='ocrx_word' id='word_1_697' title='bbox 1233 1767 1320 1794; x_wconf 79' lang='lat' dir='ltr'><strong>Rufus</strong></span> <span class='ocrx_word' id='word_1_698' title='bbox 1337 1775 1343 1792; x_wconf 91' lang='lat'>:</span> <span class='ocrx_word' id='word_1_699' title='bbox 1358 1767 1412 1800; x_wconf 82' lang='lat' dir='ltr'><strong>Qui</strong></span> <span class='ocrx_word' id='word_1_700' title='bbox 1435 1770 1525 1794; x_wconf 89' lang='lat' dir='ltr'><strong>manet</strong></span> <span class='ocrx_word' id='word_1_701' title='bbox 1546 1766 1573 1794; x_wconf 92' lang='lat' dir='ltr'><strong>in</strong></span> <span class='ocrx_word' id='word_1_702' title='bbox 1585 1766 1741 1794; x_wconf 75' lang='lat' dir='ltr'><strong>obedientia</strong></span> 
     </span>
    </p>
   </div>
   <div class='ocr_carea' id='block_1_95' title="bbox 959 1812 1743 1849">
    <p class='ocr_par' dir='ltr' id='par_1_95' title="bbox 959 1812 1743 1849">
     <span class='ocr_line' id='line_1_96' title="bbox 959 1812 1743 1849; baseline -0.003 -9"><span class='ocrx_word' id='word_1_703' title='bbox 959 1814 1044 1849; x_wconf 86' lang='lat' dir='ltr'><strong>patris</strong></span> <span class='ocrx_word' id='word_1_704' title='bbox 1072 1813 1234 1848; x_wconf 85' lang='lat' dir='ltr'><strong>spiritualis,</strong></span> <span class='ocrx_word' id='word_1_705' title='bbox 1261 1812 1391 1847; x_wconf 84' lang='lat' dir='ltr'><strong>majorem</strong></span> <span class='ocrx_word' id='word_1_706' title='bbox 1420 1812 1572 1839; x_wconf 81' lang='lat' dir='ltr'><strong>mercedem</strong></span> <span class='ocrx_word' id='word_1_707' title='bbox 1595 1812 1743 1846; x_wconf 82' lang='lat' dir='ltr'><strong>repositam</strong></span> 
     </span>
    </p>
   </div>
   <div class='ocr_carea' id='block_1_96' title="bbox 959 1859 1741 1894">
    <p class='ocr_par' dir='ltr' id='par_1_96' title="bbox 959 1859 1741 1894">
     <span class='ocr_line' id='line_1_97' title="bbox 959 1859 1741 1894; baseline -0.003 -8"><span class='ocrx_word' id='word_1_708' title='bbox 959 1860 1037 1887; x_wconf 84' lang='lat' dir='ltr'><strong>habet</strong></span> <span class='ocrx_word' id='word_1_709' title='bbox 1053 1867 1133 1894; x_wconf 88' lang='lat' dir='ltr'><strong>quam</strong></span> <span class='ocrx_word' id='word_1_710' title='bbox 1151 1860 1197 1894; x_wconf 92' lang='lat' dir='ltr'><strong>qui</strong></span> <span class='ocrx_word' id='word_1_711' title='bbox 1210 1860 1237 1886; x_wconf 88' lang='lat' dir='ltr'><strong>in</strong></span> <span class='ocrx_word' id='word_1_712' title='bbox 1255 1867 1375 1886; x_wconf 88' lang='lat' dir='ltr'><strong>ereumm</strong></span> <span class='ocrx_word' id='word_1_713' title='bbox 1397 1859 1511 1885; x_wconf 86' lang='lat' dir='ltr'><strong>secessit</strong></span> <span class='ocrx_word' id='word_1_714' title='bbox 1532 1859 1642 1893; x_wconf 91' lang='lat' dir='ltr'><strong>proprio</strong></span> <span class='ocrx_word' id='word_1_715' title='bbox 1663 1862 1741 1885; x_wconf 92' lang='lat' dir='ltr'><strong>nutu.</strong></span> 
     </span>
    </p>
   </div>
   <div class='ocr_carea' id='block_1_97' title="bbox 957 1903 1743 1939">
    <p class='ocr_par' dir='ltr' id='par_1_97' title="bbox 957 1903 1743 1939">
     <span class='ocr_line' id='line_1_98' title="bbox 957 1903 1743 1939; baseline -0.005 -5"><span class='ocrx_word' id='word_1_716' title='bbox 957 1907 1070 1934; x_wconf 77' lang='lat' dir='ltr'><strong>Addidit</strong></span> <span class='ocrx_word' id='word_1_717' title='bbox 1096 1907 1169 1933; x_wconf 88' lang='lat' dir='ltr'><strong>idem</strong></span> <span class='ocrx_word' id='word_1_718' title='bbox 1195 1905 1379 1932; x_wconf 85' lang='lat' dir='ltr'><strong>narrationem</strong></span> <span class='ocrx_word' id='word_1_719' title='bbox 1407 1904 1549 1939; x_wconf 85' lang='lat' dir='ltr'><strong>cujusdam</strong></span> <span class='ocrx_word' id='word_1_720' title='bbox 1569 1913 1584 1931; x_wconf 87' lang='lat' dir='ltr'><strong>e</strong></span> <span class='ocrx_word' id='word_1_721' title='bbox 1605 1903 1743 1936; x_wconf 74' lang='lat' dir='ltr'><strong>Patribus,</strong></span> 
     </span>
    </p>
   </div>
   <div class='ocr_carea' id='block_1_98' title="bbox 958 1950 1746 1988">
    <p class='ocr_par' dir='ltr' id='par_1_98' title="bbox 958 1950 1746 1988">
     <span class='ocr_line' id='line_1_99' title="bbox 958 1950 1746 1988; baseline -0.004 -7"><span class='ocrx_word' id='word_1_722' title='bbox 958 1954 1061 1981; x_wconf 81' lang='lat' dir='ltr'><strong>ham-ce</strong></span> <span class='ocrx_word' id='word_1_723' title='bbox 1082 1963 1089 1981; x_wconf 94' lang='lat'>:</span> <span class='ocrx_word' id='word_1_724' title='bbox 1110 1953 1173 1980; x_wconf 73' lang='lat' dir='ltr'><strong>Vidi</strong></span> <span class='ocrx_word' id='word_1_725' title='bbox 1196 1957 1314 1988; x_wconf 89' lang='lat' dir='ltr'><strong>quatuor</strong></span> <span class='ocrx_word' id='word_1_726' title='bbox 1336 1952 1446 1980; x_wconf 81' lang='lat' dir='ltr'><strong>ordines</strong></span> <span class='ocrx_word' id='word_1_727' title='bbox 1471 1951 1498 1978; x_wconf 89' lang='lat' dir='ltr'><strong>in</strong></span> <span class='ocrx_word' id='word_1_728' title='bbox 1524 1951 1604 1979; x_wconf 71' lang='lat' dir='ltr'><strong>cmlo.</strong></span> <span class='ocrx_word' id='word_1_729' title='bbox 1635 1950 1746 1978; x_wconf 76' lang='lat' dir='ltr'><strong>Primus</strong></span> 
     </span>
    </p>
   </div>
   <div class='ocr_carea' id='block_1_99' title="bbox 958 1997 1744 2034">
    <p class='ocr_par' dir='ltr' id='par_1_99' title="bbox 958 1997 1744 2034">
     <span class='ocr_line' id='line_1_100' title="bbox 958 1997 1744 2034; baseline -0.003 -7"><span class='ocrx_word' id='word_1_730' title='bbox 958 2001 1037 2029; x_wconf 82' lang='lat' dir='ltr'><strong>ordo,</strong></span> <span class='ocrx_word' id='word_1_731' title='bbox 1055 2000 1135 2026; x_wconf 88' lang='lat' dir='ltr'><strong>homo</strong></span> <span class='ocrx_word' id='word_1_732' title='bbox 1150 2000 1197 2034; x_wconf 85' lang='lat' dir='ltr'><strong>qui</strong></span> <span class='ocrx_word' id='word_1_733' title='bbox 1219 2003 1334 2034; x_wconf 54' lang='lat' dir='ltr'><strong>aegrotat</strong></span> <span class='ocrx_word' id='word_1_734' title='bbox 1349 1998 1506 2033; x_wconf 82' lang='lat' dir='ltr'><strong>gratiasque</strong></span> <span class='ocrx_word' id='word_1_735' title='bbox 1530 1998 1585 2032; x_wconf 81' lang='lat' dir='ltr'><strong>agit</strong></span> <span class='ocrx_word' id='word_1_736' title='bbox 1603 1997 1674 2030; x_wconf 86' lang='lat' dir='ltr'><strong>Deo;</strong></span> <span class='ocrx_word' id='word_1_737' title='bbox 1701 2005 1744 2025; x_wconf 79' lang='lat' dir='ltr'><strong>se-</strong></span> 
     </span>
    </p>
   </div>
   <div class='ocr_carea' id='block_1_100' title="bbox 958 2044 1747 2080">
    <p class='ocr_par' dir='ltr' id='par_1_100' title="bbox 958 2044 1747 2080">
     <span class='ocr_line' id='line_1_101' title="bbox 958 2044 1747 2080; baseline -0.005 -7"><span class='ocrx_word' id='word_1_738' title='bbox 958 2046 1065 2073; x_wconf 85' lang='lat' dir='ltr'><strong>cundus</strong></span> <span class='ocrx_word' id='word_1_739' title='bbox 1078 2045 1157 2077; x_wconf 81' lang='lat' dir='ltr'><strong>ordo,</strong></span> <span class='ocrx_word' id='word_1_740' title='bbox 1173 2046 1220 2080; x_wconf 89' lang='lat' dir='ltr'><strong>qui</strong></span> <span class='ocrx_word' id='word_1_741' title='bbox 1239 2044 1450 2079; x_wconf 88' lang='lat' dir='ltr'><strong>hospitalitatem</strong></span> <span class='ocrx_word' id='word_1_742' title='bbox 1469 2047 1601 2073; x_wconf 88' lang='lat' dir='ltr'><strong>sectatur,</strong></span> <span class='ocrx_word' id='word_1_743' title='bbox 1616 2047 1697 2077; x_wconf 84' lang='lat' dir='ltr'><strong>atque</strong></span> <span class='ocrx_word' id='word_1_744' title='bbox 1710 2051 1747 2069; x_wconf 78' lang='lat' dir='ltr'><strong>eo</strong></span> 
     </span>
    </p>
   </div>
   <div class='ocr_carea' id='block_1_101' title="bbox 960 2089 1745 2126">
    <p class='ocr_par' dir='ltr' id='par_1_101' title="bbox 960 2089 1745 2126">
     <span class='ocr_line' id='line_1_102' title="bbox 960 2089 1745 2126; baseline -0.004 -8"><span class='ocrx_word' id='word_1_745' title='bbox 960 2092 986 2118; x_wconf 89' lang='lat' dir='ltr'><strong>in</strong></span> <span class='ocrx_word' id='word_1_746' title='bbox 1004 2091 1113 2126; x_wconf 79' lang='lat' dir='ltr'><strong>negotio</strong></span> <span class='ocrx_word' id='word_1_747' title='bbox 1130 2094 1184 2117; x_wconf 86' lang='lat' dir='ltr'><strong>stat</strong></span> <span class='ocrx_word' id='word_1_748' title='bbox 1199 2094 1226 2117; x_wconf 82' lang='lat' dir='ltr'><strong>et</strong></span> <span class='ocrx_word' id='word_1_749' title='bbox 1238 2090 1393 2121; x_wconf 86' lang='lat' dir='ltr'><strong>ministrat;</strong></span> <span class='ocrx_word' id='word_1_750' title='bbox 1410 2089 1505 2116; x_wconf 88' lang='lat' dir='ltr'><strong>tertius</strong></span> <span class='ocrx_word' id='word_1_751' title='bbox 1521 2089 1599 2121; x_wconf 82' lang='lat' dir='ltr'><strong>ordo,</strong></span> <span class='ocrx_word' id='word_1_752' title='bbox 1613 2090 1658 2123; x_wconf 84' lang='lat' dir='ltr'><strong>qui</strong></span> <span class='ocrx_word' id='word_1_753' title='bbox 1680 2089 1745 2116; x_wconf 88' lang='lat' dir='ltr'><strong>soli-</strong></span> 
     </span>
    </p>
   </div>
   <div class='ocr_carea' id='block_1_102' title="bbox 958 2135 1748 2171">
    <p class='ocr_par' dir='ltr' id='par_1_102' title="bbox 958 2135 1748 2171">
     <span class='ocr_line' id='line_1_103' title="bbox 958 2135 1748 2171; baseline -0.003 -8"><span class='ocrx_word' id='word_1_754' title='bbox 958 2137 1079 2164; x_wconf 85' lang='lat' dir='ltr'><strong>tudinem</strong></span> <span class='ocrx_word' id='word_1_755' title='bbox 1097 2137 1230 2171; x_wconf 83' lang='lat' dir='ltr'><strong>scquitur,</strong></span> <span class='ocrx_word' id='word_1_756' title='bbox 1254 2143 1305 2163; x_wconf 91' lang='lat' dir='ltr'><strong>nec</strong></span> <span class='ocrx_word' id='word_1_757' title='bbox 1327 2142 1489 2170; x_wconf 87' lang='lat' dir='ltr'><strong>quemquam</strong></span> <span class='ocrx_word' id='word_1_758' title='bbox 1518 2135 1604 2167; x_wconf 86' lang='lat' dir='ltr'><strong>videt;</strong></span> <span class='ocrx_word' id='word_1_759' title='bbox 1629 2138 1748 2169; x_wconf 80' lang='lat' dir='ltr'><strong>quartus</strong></span> 
     </span>
    </p>
   </div>
   <div class='ocr_carea' id='block_1_103' title="bbox 958 2179 1744 2217">
    <p class='ocr_par' dir='ltr' id='par_1_103' title="bbox 958 2179 1744 2217">
     <span class='ocr_line' id='line_1_104' title="bbox 958 2179 1744 2217; baseline -0.004 -8"><span class='ocrx_word' id='word_1_760' title='bbox 958 2183 1086 2217; x_wconf 76' lang='lat' dir='ltr'><strong>denique.</strong></span> <span class='ocrx_word' id='word_1_761' title='bbox 1104 2182 1184 2208; x_wconf 86' lang='lat' dir='ltr'><strong>homo</strong></span> <span class='ocrx_word' id='word_1_762' title='bbox 1202 2182 1228 2207; x_wconf 90' lang='lat' dir='ltr'><strong>in</strong></span> <span class='ocrx_word' id='word_1_763' title='bbox 1249 2180 1340 2208; x_wconf 86' lang='lat' dir='ltr'><strong>Patris</strong></span> <span class='ocrx_word' id='word_1_764' title='bbox 1361 2180 1516 2207; x_wconf 86' lang='lat' dir='ltr'><strong>obcdientia</strong></span> <span class='ocrx_word' id='word_1_765' title='bbox 1538 2179 1648 2211; x_wconf 79' lang='lat' dir='ltr'><strong>sedens,</strong></span> <span class='ocrx_word' id='word_1_766' title='bbox 1664 2180 1744 2214; x_wconf 73' lang='lat' dir='ltr'><strong>eique</strong></span> 
     </span>
    </p>
   </div>
   <div class='ocr_carea' id='block_1_104' title="bbox 960 2225 1745 2263">
    <p class='ocr_par' dir='ltr' id='par_1_104' title="bbox 960 2225 1745 2263">
     <span class='ocr_line' id='line_1_105' title="bbox 960 2225 1745 2263; baseline -0.006 -7"><span class='ocrx_word' id='word_1_767' title='bbox 960 2229 1102 2263; x_wconf 67' lang='lat' dir='ltr'><strong>subjectus</strong></span> <span class='ocrx_word' id='word_1_768' title='bbox 1117 2233 1227 2262; x_wconf 82' lang='lat' dir='ltr'><strong>propter</strong></span> <span class='ocrx_word' id='word_1_769' title='bbox 1239 2227 1392 2253; x_wconf 89' lang='lat' dir='ltr'><strong>Dominum.</strong></span> <span class='ocrx_word' id='word_1_770' title='bbox 1406 2226 1490 2253; x_wconf 82' lang='lat' dir='ltr'><strong>Porro</strong></span> <span class='ocrx_word' id='word_1_771' title='bbox 1504 2225 1657 2253; x_wconf 84' lang='lat' dir='ltr'><strong>ohedientia</strong></span> <span class='ocrx_word' id='word_1_772' title='bbox 1671 2227 1745 2260; x_wconf 79' lang='lat' dir='ltr'><strong>ejus-</strong></span> 
     </span>
    </p>
   </div>
   <div class='ocr_carea' id='block_1_105' title="bbox 959 2271 1742 2308">
    <p class='ocr_par' dir='ltr' id='par_1_105' title="bbox 959 2271 1742 2308">
     <span class='ocr_line' id='line_1_106' title="bbox 959 2271 1742 2308; baseline -0.006 -7"><span class='ocrx_word' id='word_1_773' title='bbox 959 2274 1031 2301; x_wconf 93' lang='lat' dir='ltr'><strong>modi</strong></span> <span class='ocrx_word' id='word_1_774' title='bbox 1061 2273 1202 2308; x_wconf 67' lang='lat' dir='ltr'><strong>prarditus,</strong></span> <span class='ocrx_word' id='word_1_775' title='bbox 1224 2271 1348 2307; x_wconf 78' lang='lat' dir='ltr'><strong>gestabat</strong></span> <span class='ocrx_word' id='word_1_776' title='bbox 1374 2275 1497 2306; x_wconf 88' lang='lat' dir='ltr'><strong>torquem</strong></span> <span class='ocrx_word' id='word_1_777' title='bbox 1527 2278 1650 2300; x_wconf 84' lang='lat' dir='ltr'><strong>aureum.</strong></span> <span class='ocrx_word' id='word_1_778' title='bbox 1678 2278 1742 2296; x_wconf 87' lang='lat' dir='ltr'><strong>eum</strong></span> 
     </span>
    </p>
   </div>
   <div class='ocr_carea' id='block_1_106' title="bbox 959 2315 1744 2355">
    <p class='ocr_par' dir='ltr' id='par_1_106' title="bbox 959 2315 1744 2355">
     <span class='ocr_line' id='line_1_107' title="bbox 959 2315 1744 2355; baseline -0.009 -8"><span class='ocrx_word' id='word_1_779' title='bbox 959 2320 1065 2355; x_wconf 77' lang='lat' dir='ltr'><strong>clypeo,</strong></span> <span class='ocrx_word' id='word_1_780' title='bbox 1086 2319 1236 2352; x_wconf 78' lang='lat' dir='ltr'><strong>majorique</strong></span> <span class='ocrx_word' id='word_1_781' title='bbox 1254 2325 1308 2351; x_wconf 67' lang='lat' dir='ltr'><strong>prae</strong></span> <span class='ocrx_word' id='word_1_782' title='bbox 1321 2318 1427 2343; x_wconf 64' lang='lat' dir='ltr'><strong>cal-teris</strong></span> <span class='ocrx_word' id='word_1_783' title='bbox 1441 2316 1525 2350; x_wconf 82' lang='lat' dir='ltr'><strong>gloria</strong></span> <span class='ocrx_word' id='word_1_784' title='bbox 1547 2316 1674 2351; x_wconf 76' lang='lat' dir='ltr'><strong>fulgebat.</strong></span> <span class='ocrx_word' id='word_1_785' title='bbox 1688 2315 1744 2350; x_wconf 78' lang='lat' dir='ltr'><strong>Ego</strong></span> 
     </span>
    </p>
   </div>
   <div class='ocr_carea' id='block_1_107' title="bbox 959 2361 1747 2399">
    <p class='ocr_par' dir='ltr' id='par_1_107' title="bbox 959 2361 1747 2399">
     <span class='ocr_line' id='line_1_108' title="bbox 959 2361 1747 2399; baseline -0.006 -7"><span class='ocrx_word' id='word_1_786' title='bbox 959 2374 1035 2398; x_wconf 85' lang='lat' dir='ltr'><strong>vero,</strong></span> <span class='ocrx_word' id='word_1_787' title='bbox 1062 2365 1161 2399; x_wconf 86' lang='lat' dir='ltr'><strong>inquit,</strong></span> <span class='ocrx_word' id='word_1_788' title='bbox 1179 2363 1234 2390; x_wconf 87' lang='lat' dir='ltr'><strong>dixi</strong></span> <span class='ocrx_word' id='word_1_789' title='bbox 1252 2363 1276 2390; x_wconf 77' lang='lat' dir='ltr'><strong>ei</strong></span> <span class='ocrx_word' id='word_1_790' title='bbox 1295 2362 1342 2397; x_wconf 86' lang='lat' dir='ltr'><strong>qui</strong></span> <span class='ocrx_word' id='word_1_791' title='bbox 1367 2370 1410 2389; x_wconf 90' lang='lat' dir='ltr'><strong>me</strong></span> <span class='ocrx_word' id='word_1_792' title='bbox 1432 2361 1568 2388; x_wconf 85' lang='lat' dir='ltr'><strong>ducebat:</strong></span> <span class='ocrx_word' id='word_1_793' title='bbox 1586 2361 1675 2393; x_wconf 81' lang='lat' dir='ltr'><strong>Quare</strong></span> <span class='ocrx_word' id='word_1_794' title='bbox 1693 2362 1747 2388; x_wconf 73' lang='lat' dir='ltr'><strong>iste&#39;</strong></span> 
     </span>
    </p>
   </div>
   <div class='ocr_carea' id='block_1_108' title="bbox 961 2406 1743 2444">
    <p class='ocr_par' dir='ltr' id='par_1_108' title="bbox 961 2406 1743 2444">
     <span class='ocr_line' id='line_1_109' title="bbox 961 2406 1743 2444; baseline -0.008 -6"><span class='ocrx_word' id='word_1_795' title='bbox 961 2411 1050 2438; x_wconf 89' lang='lat' dir='ltr'><strong>minor</strong></span> <span class='ocrx_word' id='word_1_796' title='bbox 1062 2417 1143 2444; x_wconf 82' lang='lat' dir='ltr'><strong>super</strong></span> <span class='ocrx_word' id='word_1_797' title='bbox 1170 2409 1238 2435; x_wconf 87' lang='lat' dir='ltr'><strong>alios</strong></span> <span class='ocrx_word' id='word_1_798' title='bbox 1253 2407 1365 2442; x_wconf 78' lang='lat' dir='ltr'><strong>gloriam</strong></span> <span class='ocrx_word' id='word_1_799' title='bbox 1383 2413 1549 2434; x_wconf 88' lang='lat' dir='ltr'><strong>consecutus</strong></span> <span class='ocrx_word' id='word_1_800' title='bbox 1566 2406 1624 2433; x_wconf 73' lang='lat' dir='ltr'><strong>est?</strong></span> <span class='ocrx_word' id='word_1_801' title='bbox 1637 2406 1683 2433; x_wconf 89' lang='lat' dir='ltr'><strong>Ille</strong></span> <span class='ocrx_word' id='word_1_802' title='bbox 1701 2414 1743 2432; x_wconf 83' lang='lat' dir='ltr'><strong>rc-</strong></span> 
     </span>
    </p>
   </div>
   <div class='ocr_carea' id='block_1_109' title="bbox 960 2453 1741 2493">
    <p class='ocr_par' dir='ltr' id='par_1_109' title="bbox 960 2453 1741 2493">
     <span class='ocr_line' id='line_1_110' title="bbox 960 2453 1741 2493; baseline -0.008 -9"><span class='ocrx_word' id='word_1_803' title='bbox 960 2457 1097 2493; x_wconf 83' lang='lat' dir='ltr'><strong>spondit:</strong></span> <span class='ocrx_word' id='word_1_804' title='bbox 1119 2455 1253 2487; x_wconf 84' lang='lat' dir='ltr'><strong>Quoniam</strong></span> <span class='ocrx_word' id='word_1_805' title='bbox 1284 2453 1331 2488; x_wconf 90' lang='lat' dir='ltr'><strong>qui</strong></span> <span class='ocrx_word' id='word_1_806' title='bbox 1362 2453 1573 2488; x_wconf 86' lang='lat' dir='ltr'><strong>hospitalitatem</strong></span> <span class='ocrx_word' id='word_1_807' title='bbox 1604 2456 1741 2481; x_wconf 85' lang='lat' dir='ltr'><strong>sectatur.</strong></span> 
     </span>
    </p>
   </div>
   <div class='ocr_carea' id='block_1_110' title="bbox 960 2499 1746 2538">
    <p class='ocr_par' dir='ltr' id='par_1_110' title="bbox 960 2499 1746 2538">
     <span class='ocr_line' id='line_1_111' title="bbox 960 2499 1746 2538; baseline -0.008 -7"><span class='ocrx_word' id='word_1_808' title='bbox 960 2509 1056 2538; x_wconf 89' lang='lat' dir='ltr'><strong>sponte</strong></span> <span class='ocrx_word' id='word_1_809' title='bbox 1081 2509 1130 2529; x_wconf 89' lang='lat' dir='ltr'><strong>sua</strong></span> <span class='ocrx_word' id='word_1_810' title='bbox 1160 2500 1184 2527; x_wconf 88' lang='lat' dir='ltr'><strong>id</strong></span> <span class='ocrx_word' id='word_1_811' title='bbox 1212 2501 1286 2534; x_wconf 79' lang='lat' dir='ltr'><strong>agit;</strong></span> <span class='ocrx_word' id='word_1_812' title='bbox 1313 2500 1359 2534; x_wconf 89' lang='lat' dir='ltr'><strong>qui</strong></span> <span class='ocrx_word' id='word_1_813' title='bbox 1381 2500 1483 2534; x_wconf 86' lang='lat' dir='ltr'><strong>pariter</strong></span> <span class='ocrx_word' id='word_1_814' title='bbox 1507 2502 1692 2525; x_wconf 84' lang='lat' dir='ltr'><strong>commoratur</strong></span> <span class='ocrx_word' id='word_1_815' title='bbox 1715 2499 1746 2525; x_wconf 73' lang='lat' dir='ltr'><strong>in</strong></span> 
     </span>
    </p>
   </div>
   <div class='ocr_carea' id='block_1_111' title="bbox 959 2543 1746 2579">
    <p class='ocr_par' dir='ltr' id='par_1_111' title="bbox 959 2543 1746 2579">
     <span class='ocr_line' id='line_1_112' title="bbox 959 2543 1746 2579; baseline -0.009 -3"><span class='ocrx_word' id='word_1_816' title='bbox 959 2556 1061 2579; x_wconf 84' lang='lat' dir='ltr'><strong>eremo,</strong></span> <span class='ocrx_word' id='word_1_817' title='bbox 1086 2546 1200 2574; x_wconf 86' lang='lat' dir='ltr'><strong>recessit</strong></span> <span class='ocrx_word' id='word_1_818' title='bbox 1217 2553 1249 2573; x_wconf 79' lang='lat' dir='ltr'><strong>ex</strong></span> <span class='ocrx_word' id='word_1_819' title='bbox 1272 2545 1413 2572; x_wconf 83' lang='lat' dir='ltr'><strong>voluntate</strong></span> <span class='ocrx_word' id='word_1_820' title='bbox 1439 2551 1504 2576; x_wconf 88' lang='lat' dir='ltr'><strong>sua;</strong></span> <span class='ocrx_word' id='word_1_821' title='bbox 1524 2543 1569 2570; x_wconf 88' lang='lat' dir='ltr'><strong>hic</strong></span> <span class='ocrx_word' id='word_1_822' title='bbox 1589 2547 1679 2571; x_wconf 84' lang='lat' dir='ltr'><strong>autem</strong></span> <span class='ocrx_word' id='word_1_823' title='bbox 1696 2543 1746 2578; x_wconf 77' lang='lat' dir='ltr'><strong>qui</strong></span> 
     </span>
    </p>
   </div>
   <div class='ocr_carea' id='block_1_112' title="bbox 812 2626 1038 2660">
    <p class='ocr_par' dir='ltr' id='par_1_112' title="bbox 812 2626 1038 2660">
     <span class='ocr_line' id='line_1_113' title="bbox 812 2626 1038 2660; baseline 0 -6"><span class='ocrx_word' id='word_1_824' title='bbox 812 2627 834 2644; x_wconf 85' lang='lat'><strong>&quot;’</strong></span> <span class='ocrx_word' id='word_1_825' title='bbox 848 2626 914 2654; x_wconf 90' lang='lat' dir='ltr'><strong>Luc.</strong></span> <span class='ocrx_word' id='word_1_826' title='bbox 932 2635 981 2660; x_wconf 85' lang='lat' dir='ltr'><strong>xu,</strong></span> <span class='ocrx_word' id='word_1_827' title='bbox 994 2626 1038 2654; x_wconf 78' lang='grc'><strong>59.</strong></span> 
     </span>
    </p>
   </div>
   <div class='ocr_carea' id='block_1_113' title="bbox 957 2701 1745 2739">
    <p class='ocr_par' dir='ltr' id='par_1_113' title="bbox 957 2701 1745 2739">
     <span class='ocr_line' id='line_1_114' title="bbox 957 2701 1745 2739; baseline -0.004 -9"><span class='ocrx_word' id='word_1_828' title='bbox 957 2712 1023 2732; x_wconf 85' lang='lat' dir='ltr'><strong>vero</strong></span> <span class='ocrx_word' id='word_1_829' title='bbox 1047 2704 1165 2739; x_wconf 79' lang='grc' dir='ltr'>γοργόνα</span> <span class='ocrx_word' id='word_1_830' title='bbox 1196 2703 1268 2737; x_wconf 88' lang='lat' dir='ltr'><strong>quod</strong></span> <span class='ocrx_word' id='word_1_831' title='bbox 1284 2702 1374 2739; x_wconf 80' lang='lat' dir='ltr'><strong>inveni</strong></span> <span class='ocrx_word' id='word_1_832' title='bbox 1396 2702 1511 2739; x_wconf 63' lang='lat' dir='ltr'><strong>retineo,</strong></span> <span class='ocrx_word' id='word_1_833' title='bbox 1527 2708 1559 2739; x_wconf 78' lang='lat' dir='ltr'><strong>ac</strong></span> <span class='ocrx_word' id='word_1_834' title='bbox 1576 2701 1691 2739; x_wconf 75' lang='lat' dir='ltr'><strong>interpn</strong></span> <span class='ocrx_word' id='word_1_835' title='bbox 1703 2704 1745 2727; x_wconf 87' lang='lat' dir='ltr'><strong>tor</strong></span> 
     </span>
    </p>
   </div>
   <div class='ocr_carea' id='block_1_114' title="bbox 958 2735 1746 2773">
    <p class='ocr_par' dir='ltr' id='par_1_114' title="bbox 958 2735 1746 2773">
     <span class='ocr_line' id='line_1_115' title="bbox 958 2735 1746 2773; baseline -0.004 -7"><span class='ocrx_word' id='word_1_836' title='bbox 958 2735 1094 2773; x_wconf 73' lang='lat' dir='ltr'><strong>clypeum,</strong></span> <span class='ocrx_word' id='word_1_837' title='bbox 1106 2735 1144 2765; x_wconf 25' lang='lat' dir='ltr'><strong>70b</strong></span> <span class='ocrx_word' id='word_1_838' title='bbox 1155 2735 1408 2765; x_wconf 81' lang='lat' dir='ltr'><strong>decantatissimam</strong></span> <span class='ocrx_word' id='word_1_839' title='bbox 1421 2735 1704 2773; x_wconf 17' lang='lat' dir='ltr'><strong>rGorgonistabulam,</strong></span> <span class='ocrx_word' id='word_1_840' title='bbox 1717 2740 1746 2763; x_wconf 74' lang='lat' dir='ltr'><strong>et</strong></span> 
     </span>
    </p>
   </div>
   <div class='ocr_carea' id='block_1_115' title="bbox 959 2770 1749 2809">
    <p class='ocr_par' dir='ltr' id='par_1_115' title="bbox 959 2770 1749 2809">
     <span class='ocr_line' id='line_1_116' title="bbox 959 2770 1749 2809; baseline -0.004 -8"><span class='ocrx_word' id='word_1_841' title='bbox 959 2770 1069 2809; x_wconf 67' lang='lat' dir='ltr'><strong>propter</strong></span> <span class='ocrx_word' id='word_1_842' title='bbox 1083 2774 1165 2800; x_wconf 85' lang='lat' dir='ltr'><strong>verba</strong></span> <span class='ocrx_word' id='word_1_843' title='bbox 1178 2773 1304 2809; x_wconf 68' lang='lat' dir='ltr'><strong>Hrsyehii</strong></span> <span class='ocrx_word' id='word_1_844' title='bbox 1323 2782 1329 2799; x_wconf 89' lang='lat'>:</span> <span class='ocrx_word' id='word_1_845' title='bbox 1342 2770 1612 2808; x_wconf 67' lang='grc' dir='ltr'>Γοργόνες-ἀἰγίδεςυ</span> <span class='ocrx_word' id='word_1_846' title='bbox 1628 2772 1651 2797; x_wconf 89' lang='grc' dir='ltr'>οἱ</span> <span class='ocrx_word' id='word_1_847' title='bbox 1666 2771 1694 2797; x_wconf 81' lang='grc' dir='ltr'>δὲ</span> <span class='ocrx_word' id='word_1_848' title='bbox 1712 2772 1749 2798; x_wconf 66' lang='grc' dir='ltr'>τὰ</span> 
     </span>
    </p>
   </div>
   <div class='ocr_carea' id='block_1_116' title="bbox 959 2808 1356 2844">
    <p class='ocr_par' dir='ltr' id='par_1_116' title="bbox 959 2808 1356 2844">
     <span class='ocr_line' id='line_1_117' title="bbox 959 2808 1356 2844; baseline -0.003 -8"><span class='ocrx_word' id='word_1_849' title='bbox 959 2808 1004 2836; x_wconf 71' lang='grc' dir='ltr'><strong>ἐπὶ</strong></span> <span class='ocrx_word' id='word_1_850' title='bbox 1018 2809 1070 2836; x_wconf 83' lang='grc' dir='ltr'>τῶν</span> <span class='ocrx_word' id='word_1_851' title='bbox 1085 2808 1195 2843; x_wconf 85' lang='grc' dir='ltr'>αἰγίδων</span> <span class='ocrx_word' id='word_1_852' title='bbox 1212 2808 1356 2844; x_wconf 83' lang='grc' dir='ltr'>πρόσωπα.</span> 
     </span>
    </p>
   </div>
  </div>
