1978 3075
125 142 179 170 393

677 141 986 169 APOPHTHEGMATA
1007 140 1160 168 PATRUM.

1699 143 1751 171 395

161 203 192 226 ε’.
211 198 279 226 Εἷπέ
301 207 366 226 ποτε
393 199 407 225 ὀ
433 199 519 231 ἀίὸᾱς
534 199 633 235 Σισὸης
650 201 721 235 μετὰ
743 201 913 236 παρρησίας·

1004 200 1031 227 5.
1051 199 1107 234 (55)
1123 199 1313 226 Pronuntiavit
1337 199 1483 234 aliquando
1503 207 1564 226 cum
1586 199 1684 228 ilducia
1703 201 1750 228 ab-

124 244 244 280 Θάρσει’
264 244 319 271 ἰδοὺ
348 244 497 280 τριάκοντα
521 245 567 279 ἐτη
596 245 659 280 ἔχω,
678 246 777 281 μηκέτι
790 246 916 280 δεόμενος

124 289 173 316 ’τθῦ
185 290 252 316 Θεοῦ
265 290 330 325 περὶ
340 290 476 325 ἁμαρτίας
487 298 494 305 ·
510 290 579 317 ἀλλὰ
588 291 668 318 τοῦτο
682 291 808 326 εὔχομαι,
817 292 914 324 λέγων·

125 334 210 370 Κύριε
230 334 329 370 Ἰησοῦ,
347 335 483 362 σκέπασόν
512 344 546 371 με
567 336 621 362 ἀπὸ
634 336 683 371 τῆς
700 336 826 372 γλώσσης
843 345 893 372 μου
906 345 913 352 '

125 381 172 406 κει).
184 380 254 412 ἓωςδ
269 380 315 406 νῦν
327 380 388 407 καθ’
401 381 507 416 ἡμέραν
519 381 610 407 πίπτω
619 382 652 408 δι’
667 382 752 417 αὐτῆς
764 382 812 409 καὶ
826 383 916 418 ἁμαρ-

124 428 209 454 τάνω.

163 476 201 506 ς’.
228 473 353 508 Ἀδελφὸς
373 471 432 500 εἶπε
449 474 487 509 τῷ
507 474 577 510 ἀϐΰᾷ
595 475 691 511 Σισόῃ·
714 475 776 506 Πῶς
790 476 840 502 οὐκ
850 476 916 502 ἀνα-

124 520 245 556 χωροῦσι
259 521 293 547 τὰ
306 520 379 556 πάθη
392 521 439 546 ἀπ’
448 520 515 555 ἐμοῦ
527 529 534 553 ;
549 521 632 555 Λέγει
647 520 722 556 αὐτῷ
735 522 749 547 ὁ
760 521 849 556 γέρων
861 530 868 536 ·
877 521 917 548 Τὰ

127 566 213 602 σκεύη
227 567 317 594 αὐτῶν
332 567 437 593 ἔνδοθέν
451 567 497 593 σού
509 569 576 594 εἰσιν
586 575 593 582 ·
608 567 652 599 δὺς
663 568 754 600 αὐτοῖς
769 568 814 594 τὸν
829 568 917 604 appet-

125 613 201 640 ὃῶνα
217 613 316 644 αὐτῶν,
335 613 381 639 κα).
393 613 554 648 ὑπάγουσιν.

161 659 194 691 ξ’.
217 658 349 693 Ἐκάθητό
363 667 427 684 ποτε
443 660 457 685 ὁ
473 658 560 689 ὰϐὅᾶς
576 659 673 694 Σισόης
688 659 729 690 εἰς
747 659 777 686 τὺ
792 659 856 694 ὄρος
868 658 916 686 τοῦ

124 704 200 730 ἀ66ἄ
220 705 362 731 Ἀντωνίου
377 705 404 720 ⁵·
423 704 467 731 καὶ
495 704 667 740 χρονίσαντος
693 704 740 731 τοῦ
756 705 917 741 διακονητοῦ

127 749 209 776 αὐτοῦ
223 749 309 776 ἐλθεῖν
325 749 392 784 πρὸς
407 749 504 781 αὑτὸν,
524 749 576 781 ἕως
595 750 689 785 μηνῶν
704 750 770 776 δέκα
783 751 833 777 οὐκ
847 749 918 778 εἶδεν

127 794 278 830 ἄνθρωπον.
298 795 459 829 Περιπατῶν
469 795 498 821 δὲ
515 795 544 821 ἐν
555 795 595 830 τῷ
607 795 675 830 ὄρει,
687 795 810 831 εὑρίσκει
825 798 917 833 Φαρα-

127 840 204 875 νίτην
229 839 404 875 ἀγρεύοντα⁶
429 840 513 875 ἄγρια,
542 839 619 872 ζῶα·
643 842 690 867 καὶ
717 841 791 875 λέγει
808 842 882 877 αὐτῷ
905 844 919 870 ὁ

965 246 1016 273 bas
1043 245 1137 273 Sisoes
1154 244 1301 278 :Contide;
1324 252 1388 272 ecce
1412 252 1427 271 a
1456 245 1566 278 triginta
1592 245 1672 273 annis
1696 254 1750 274 non

967 292 1084 328 amplius
1106 291 1238 326 deprecor
1260 291 1343 318 Deum
1363 294 1475 326 propter
1486 290 1634 324 delictum,
1652 291 1699 319 sed
1717 292 1750 319 ad

967 337 1042 364 hunc
1063 337 1174 364 modum
1189 343 1304 371 precor:
1325 336 1437 363 Domine
1451 335 1526 367 Jesu,
1549 340 1660 370 protege
1679 344 1722 364 me
1737 343 1752 362 a

968 383 1060 419 lingua
1075 390 1136 410 mea
1151 392 1157 410 :
1174 387 1257 417 atque
1270 382 1411 417 hucuSque
1423 382 1552 416 prolabor
1569 381 1689 417 quotidie
1704 389 1752 417 per

967 436 1039 461 eam,
1058 433 1083 456 et
1099 436 1191 463 pecco.

1004 475 1031 502 6.
1053 475 1109 510 (56)
1125 475 1222 502 Frater
1237 475 1306 502 dixit
1318 475 1410 502 abbati
1425 474 1497 502 Sisoi
1514 484 1520 501 :
1536 474 1627 508 Quare
1639 483 1694 502 non
1709 482 1748 503 re-

967 521 1069 548 cedunt
1088 529 1103 547 a
1122 529 1164 548 me
1187 521 1378 548 aﬂ‘ectus?Ait
1392 522 1430 548 illi
1446 529 1529 549 senex
1546 531 1552 549 :
1569 521 1641 549 Vasa
1656 529 1752 549 eorum

968 566 1040 594 intra
1054 573 1080 594 te
1097 571 1171 595 sunt.
1190 567 1228 594 Da
1246 568 1288 596 eis
1304 567 1403 603 pignus
1420 575 1511 599 suum,
1528 571 1556 595 et
1567 567 1717 595 discedent.

1005 655 1031 682 7.
1059 655 1115 691 ('57)
1143 655 1288 684 Residebat
1313 656 1460 691 aliquando
1487 657 1573 684 abbas
1601 655 1695 685 Sisoes
1724 658 1752 683 in

968 705 1062 728 monte
1073 701 1182 729 abbatis
1197 702 1325 735 Antonii;
1338 707 1364 730 et
1381 710 1485 730 moram
1500 702 1618 730 faciente
1629 703 1754 730 ministro

968 746 1039 780 ejus,
1055 755 1105 774 nec
1120 747 1247 774 veniente
1265 747 1299 774 ad
1315 755 1388 780 eum,
1406 756 1460 775 non
1481 748 1551 775 vidit
1565 744 1754 776 hominem‘ad

970 801 1078 820 menses
1093 793 1196 820 decem.
1215 794 1368 821 Ambulans
1382 798 1473 821 autem
1488 795 1515 821 in
1534 799 1635 826 monte.
1652 795 1755 830 reperit

970 838 1144 866 Pharanitem
1159 844 1301 867 venantem
1321 839 1401 867 feras.
1418 839 1468 866 Cui
1484 848 1566 868 senex
1582 849 1589 868 :
1607 840 1694 874 Unde,
1710 841 1753 868 in-

126 884 234 921 γέρων·
257 885 341 911 Πόθεν
369 885 453 920 ἑρχῃ;
475 886 521 911 καὶ
549 886 629 912 πόσον
646 886 741 922 χρόνον
761 887 831 922 ἔχεις
846 885 916 921 ὦδε;

974 885 1038 920 quit,
1059 885 1157 912 venis?
1171 889 1198 912 et
1213 893 1228 912 a
1242 890 1344 919 quanto
1363 889 1486 921 tempore
1501 887 1619 914 versaris
1634 887 1695 914 hic?
1709 886 1755 914 Ille

131 930 164 958 '0
188 931 216 958 δὲ
243 931 294 967 ἔφη
307 940 313 946 '
338 931 429 963 Φύσει,
446 931 528 963 ἀϐὃᾶ,
542 932 596 967 ἔχω
610 932 705 959 ἕνδεκα
731 933 819 968 μῆνας
835 935 864 960 ὲν
877 933 917 969 τῷ

126 977 186 1013 ὄρει
206 977 300 1012 τούτῳ,
309 978 356 1004 καὶ
372 977 422 1004 οὐκ
432 975 501 1004 εἶδον
515 978 659 1013 ἄνθρωπον
670 980 694 1005 εἰ
712 979 749 1014 μὴ
765 979 805 1005 σέ.
822 979 918 1006 Ἀκού-

129 1032 178 1055 τας
193 1023 222 1050 δὲ
233 1025 247 1050 ὁ
257 1023 345 1059 γέρων
365 1023 462 1054 ταῦτα,
481 1024 608 1050 εἰσελθὼν
628 1025 668 1056 εἰς
684 1024 715 1051 τὸ
728 1025 845 1056 κελλίον,
857 1025 918 1052 ἐτυ-

129 1078 195 1096 πτεν
220 1070 326 1102 ἑαυτὸν,
342 1069 429 1103 λέγων
439 1078 446 1084 ⁸
468 1070 545 1103 Ἰδοὺ,
561 1071 654 1106 Σισόη,
680 1070 809 1106 ἐνόμισας
823 1071 918 1097 tincta

128 1115 322 1150 πεποιηκέναι·
343 1116 390 1142 καὶ
412 1116 472 1142 οὐδὲ
500 1116 538 1148 ὡς
554 1117 568 1142 ὁ
583 1117 714 1152 κοσμικὸς
727 1114 803 1148 οὗτος
825 1117 918 1153 ἀκμὴν

128 1161 295 1196 πεποίηκας.

163 1211 198 1242 η’.
217 1207 338 1242 Ἐγένετο
360 1207 503 1243 προσφορὰ
527 1207 567 1238 εἱς
581 1207 611 1233 τὸ
624 1207 688 1243 ὅρος
703 1207 750 1234 τοῦ
768 1208 839 1235 assa
857 1209 918 1235 ’Λθ-

127 1253 243 1285 τωνίου,
270 1253 315 1279 καὶ
337 1253 435 1288 εὑρέθη
460 1253 519 1279 ἐκεῖ
551 1252 650 1279 κνίδιον
672 1252 744 1279 οἴνου
766 1253 821 1288 (54)
837 1261 843 1268 ·
872 1254 918 1280 καὶ

128 1297 219 1325 λαϐὼν
235 1296 275 1330 εἷς
293 1298 345 1324 τῶν
369 1299 504 1334 γερόντιον
525 1298 622 1334 μικρὸν
642 1299 751 1332 ἀγγεῖον
769 1298 816 1324 καὶ
835 1299 918 1334 ποτή-

129 1352 198 1380 ριον,
213 1345 350 1379 ἀπήνεγκε
381 1345 448 1380 πρὸς
460 1344 509 1371 τὸν
532 1344 618 1370 ἀϐϐᾶν
632 1345 740 1380 Σισόην,
756 1344 803 1371 καὶ
820 1345 919 1372 ἔδωκεν

128 1391 213 1425 αὐτῷ,
232 1392 278 1417 καὶ
293 1391 378 1417 ἔπιεν.
400 1391 515 1426 Ὁμοίως
524 1391 571 1417 καὶ
582 1390 719 1426 δεύτερον,
735 1391 782 1416 καὶ
797 1391 916 1422 ἐδέξχτο.

129 1437 271 1473 Παρέσχεν
292 1437 364 1472 αὐτῴ
379 1437 426 1464 καὶ
447 1437 547 1472 τρίτον,
563 1437 609 1463 καὶ
625 1437 674 1463 οὐκ
694 1436 799 1464 ἐλαϐεν,
814 1436 897 1462 εἰπών
909 1445 916 1451 ·

128 1483 246 1512 Παῦσαι.
265 1484 372 1517 ἁδελφὲ,
392 1484 408 1519 ἢ
421 1484 470 1510 οὐκ
481 1481 553 1515 οἶδας
568 1484 608 1510 ὃτι
623 1483 680 1509 ἔστι
695 1483 833 1515 Σατανᾶς;

164 1529 196 1556 θ’.
221 1529 362 1564 Παρέῆαὶέ
384 1538 426 1561 τις
449 1529 502 1555 τῶν
524 1529 645 1563 ἁδελῳῶν
669 1529 737 1564 πρὸς
758 1529 804 1555 τὸν
831 1528 918 1556 ἀϐϐἄν

968 931 1112 966 respondit
1126 941 1134 959 :
1149 931 1227 963 Vere,
1245 932 1326 963 abba,
1343 939 1358 958 a
1372 932 1511 960 mensibus
1526 933 1650 960 undecim
1663 934 1690 960 in
1703 934 1755 961 hoc

969 981 1062 1005 monte
1084 977 1165 1012 dego,
1186 985 1236 1004 nec
1251 978 1307 1004 vidi
1322 978 1461 1005 hominem
1482 982 1580 1013 przeter
1597 983 1634 1006 te.
1650 979 1756 1013 Quibus

969 1024 1080 1055 auditis,
1097 1032 1181 1051 senex
1197 1024 1341 1059 ingressus
1357 1025 1384 1051 in
1401 1026 1512 1059 cellam,
1526 1027 1698 1061 percutiehat
1714 1035 1754 1060 se,

969 1069 1009 1096 En
1026 1069 1131 1102 Sisoes,
1148 1070 1288 1105 inquiens,
1303 1071 1467 1099 existimasti
1480 1077 1506 1099 te
1520 1073 1621 1107 aliquid
1638 1073 1754 1107 fecisse;

970 1116 1046 1151 atqui
1063 1123 1114 1144 nec
1130 1116 1201 1144 sicut
1219 1116 1272 1144 iste
1284 1117 1425 1145 saecularis
1439 1117 1528 1145 adhuc
1542 1118 1642 1147 fecisti.

1005 1205 1032 1232 8.
1053 1204 1109 1238 ('58)
1125 1205 1269 1233 Celebrata
1291 1209 1334 1233 est
1355 1206 1458 1233 oblatio
1482 1207 1511 1234 in
1536 1212 1629 1235 monte
1650 1208 1758 1236 abbatis

969 1250 1092 1283 Antonii,
1108 1251 1219 1286 illicque
1234 1252 1376 1279 inventum
1393 1256 1435 1280 est
1448 1253 1579 1281 doliolum
1592 1254 1666 1287 vini;
1687 1262 1758 1282 unus

969 1305 1034 1324 vero
1053 1305 1069 1325 e
1087 1297 1199 1324 senibus
1225 1297 1364 1332 accipiens
1385 1307 1498 1334 parvum
1516 1307 1564 1327 vas
1579 1307 1641 1327 eum
1661 1300 1758 1332 calice,

970 1343 1067 1371 detulit
1081 1343 1115 1370 ad
1131 1344 1258 1371 abbatem
1280 1344 1397 1378 Sisoem,
1415 1345 1543 1380 deditque
1561 1346 1605 1377 ei,
1619 1346 1664 1381 qui
1680 1347 1757 1374 bibit.

972 1389 1104 1417 Similiter
1116 1389 1179 1417 fecit
1192 1390 1315 1417 secundo
1326 1410 1332 1421 ,
1346 1395 1372 1417 et
1389 1392 1520 1426 suscepit.
1537 1391 1655 1419 Praebuit
1671 1392 1758 1420 eidem

970 1437 1052 1464 tertia
1072 1436 1150 1468 vice,
1170 1445 1221 1464 nec
1248 1437 1373 1472 accipere
1393 1438 1490 1468 voluit.
1516 1439 1610 1466 dicens
1626 1448 1633 1466 :
1649 1439 1757 1472 Desine,

970 1482 1071 1514 frater;
1087 1489 1121 1509 an
1139 1483 1230 1510 nescis
1242 1483 1313 1517 quod
1330 1482 1446 1510 Satanas
1461 1484 1515 1510 sit?

1005 1527 1033 1555 9.
1062 1527 1120 1563 (39)
1137 1528 1271 1556 Convenit
1292 1529 1393 1564 aliquis
1419 1529 1532 1556 fratrum
1559 1529 1684 1557 abbatem
1715 1529 1759 1557 Si-

127 1574 237 1610 Σισόην,
251 1576 291 1606 εἰς
303 1575 333 1601 τὸ
345 1575 406 1610 ὅρος
422 1575 468 1602 τοῦ
484 1575 556 1601 ἁϐϐἄ
572 1575 713 1601 Ἀντωνίου
724 1583 731 1590 υ
748 1575 795 1601 καὶ
813 1574 917 1601 λαλούν-

974 1582 1046 1601 soem
1061 1575 1088 1601 in
1104 1579 1222 1601 montem
1240 1575 1347 1602 abbatis
1363 1574 1474 1602 Antonii
1489 1595 1496 1605 .
1511 1580 1539 1602 et
1553 1575 1626 1602 inter
1642 1576 1758 1610 loquen-

127 1627 182 1645 των
199 1619 298 1650 αὐτῶν,
318 1619 394 1654 ἔλεγε
411 1620 449 1654 τῷ
474 1620 545 1656 ἁϐὂᾷ
564 1620 660 1656 Σιςόῃ·
679 1621 757 1655 Ἄρτι
773 1621 822 1646 οὐκ
836 1620 919 1654 ἔφθα-

128 1673 178 1696 σας
193 1665 233 1696 εἰς
247 1664 280 1690 τὰ
297 1665 382 1700 μέτρα
397 1665 444 1691 τοῦ
459 1665 531 1692 ἀϐῢᾶ
554 1665 705 1696 Ἀντωνίου,
724 1666 834 1700 Πάτερ;
866 1665 920 1691 Καὶ

127 1709 202 1743 λέγει
217 1710 290 1745 αὐτῷ
301 1711 314 1736 ὀ
330 1710 418 1745 γέρων
430 1718 436 1724 ·
459 1711 489 1736 Εἰ
504 1708 575 1745 εἶχον
593 1710 642 1737 ἕνα
654 1710 709 1736 τῶν
724 1710 861 1744 λογισμῶν
873 1710 919 1736 τοῦ

127 1756 201 1782 ἀϐελί
228 1756 383 1786 Ἀντωνίου,
401 1757 530 1792 ἐγινόμην
552 1757 612 1788 ὅλος
627 1757 665 1788 ὼς
687 1757 756 1792 ἠὗρ’
779 1756 847 1791 πλὴν
862 1754 920 1782 οἶδα

127 1801 281 1837 ἄνθρωπον,
294 1803 335 1828 ὅτι
361 1803 429 1837 μετὰ.
451 1803 574 1838 καμάτου
596 1802 707 1829 δύναται
726 1802 858 1837 βαστάσαι
874 1802 919 1828 τὸν

127 1845 258 1881 λογισμὸν
271 1846 363 1873 αὑτοῦ.

166 1893 190 1919 ι’.
203 1891 288 1919 Ἦ).θέ
303 1894 368 1920 ποτέ
381 1903 422 1926 τις
432 1894 486 1920 τῶν
497 1894 623 1929 Θηῦαὶων
638 1895 704 1930 πρὸς
719 1894 765 1920 τὸν
778 1894 864 1920 ἁϐϐἄν
875 1894 919 1920 Σι-

127 1937 195 1972 6511‘;
206 1937 227 1968 ⁷,
244 1937 327 1965 Θέλων
351 1938 475 1972 γενέσθαι
494 1939 615 1974 μοναχός.
645 1940 699 1966 Καὶ
714 1939 855 1975 ἠρώτησεν
869 1940 920 1966 αὑ-

126 1983 174 2009 τὸν
191 1983 206 2009 ὁ
223 1984 321 2019 γέρων,
339 1986 363 2011 εἰ
378 1984 434 2019 ἔχει
450 1985 530 2011 τινὰ¹
545 1986 573 2012 ἐν
591 1985 629 2021 τῷ
645 1987 750 2020 κόσμῳ.
767 1986 796 2012 Ὀ
809 1986 837 2012 δὲ
850 1985 918 2020 ἔφη·

129 2030 206 2064 Ἐχω
219 2030 267 2056 ἕνα
281 2030 348 2057 υἱον.
377 2031 431 2057 Καὶ
453 2030 527 2064 λέγει
547 2031 621 2066 αὐτῴ
646 2033 660 2058 ὁ
673 2032 761 2067 γέρων
773 2040 780 2046 δ
799 2032 919 2064 "Tauri,

126 2076 206 2111 ῥῖψον
222 2076 301 2102 αὑτὸν
320 2077 359 2107 εἰς
371 2076 416 2102 τὸν
432 2077 562 2112 ποταμὸν,
578 2078 625 2103 καὶ
639 2077 698 2103 τότε
714 2078 777 2113 γίνῃ
793 2077 919 2112 μοναχός.

132 2121 178 2153 Ὠς
195 2119 241 2148 οὖν
251 2122 356 2158 ἀπῆλθε
370 2122 380 2137 ‘
399 2121 473 2157 ῥίψαι
486 2123 577 2154 αὑτὸν,
589 2123 710 2157 ἔπεμψεν
720 2124 733 2149 ὁ
743 2124 831 2157 γέρων
846 2123 921 2149 ἁδελ-

126 2167 178 2202 ῳὸν
190 2167 236 2193 τοῦ
250 2167 368 2193 κωλῦσαι
381 2168 461 2194 αὐτόν
471 2168 502 2194 ’⁸.
514 2168 595 2202 Λέγει
606 2170 619 2195 ὁ
631 2168 756 2202 ἀδελφός·
769 2169 885 2199 Παῦσαι,
895 2168 920 2194 τί

125 2214 229 2245 ποιεῖς;
250 2213 278 2239 Ὀ
292 2213 320 2239 δὲ
335 2211 410 2239 εἶπεν
421 2222 427 2228 ·
448 2214 476 2239 Ὀ
494 2213 580 2245 ἁϐΰᾶς
600 2222 644 2249 μοι
658 2212 717 2240 εἷπε
734 2214 811 2250 ῥίψαι
827 2214 918 2240 αὐτόν.

163 2303 174 2315 ⁸
185 2302 228 2327 Al.
243 2302 296 2327 ins.
327 2301 385 2328 τοῦ.

424 2302 434 2317 ³
450 2302 490 2328 Μ.
510 2301 573 2328 add.
597 2301 685 2336 μόνος.

124 2337 138 2353 ⁸
152 2337 195 2363 ΑΙ.
214 2336 240 2362 τί
262 2345 338 2363 ποτε.

378 2337 388 2352 ⁸
405 2337 447 2363 Al.
466 2337 550 2364 inser.
566 2337 624 2364 τοῦ.

164 2427 220 2463 (Si)
242 2426 370 2463 KW'fSIO‘V‘V
380 2426 476 2453 οἴνου.

125 2461 178 2489 rim
201 2470 294 2488 vocem
317 2462 428 2490 κνίδιον.
453 2469 503 2487 nec
522 2462 630 2488 ditlieile
650 2463 686 2488 sit
703 2462 848 2489 emendare
864 2461 919 2487 ὀνί-

123 2499 200 2527 διον,
226 2497 299 2531 quod
317 2502 359 2523 est
376 2496 571 2523 diminutivum
590 2505 622 2523 ex
640 2497 715 2529 ὅνος,
734 2497 760 2523 id
782 2501 823 2524 est
848 2496 919 2523 asel-

125 2533 180 2564 lus,
194 2541 240 2559 vas
256 2532 398 2562 vinarium,
410 2535 440 2557 ut
453 2532 626 2557 observatum
637 2531 688 2558 fuit
701 2539 715 2558 a
731 2532 798 2559 viris
810 2531 916 2564 doctis;

125 2575 183 2594 non
200 2575 284 2594 ausus
301 2572 391 2594 tamen
408 2574 468 2595 sum
485 2566 633 2600 quidquam
653 2567 712 2594 sine
724 2567 816 2600 scripti
832 2567 917 2592 alien-

121 2604 171 2636 jus
187 2603 352 2629 auctoritate
365 2605 480 2631 mutare,
493 2602 556 2634 quia
575 2603 718 2628 inmunera
729 2602 857 2628 exstitere
867 2609 917 2628 no-

126 2635 202 2664 iuina
221 2644 348 2664 vasorum
364 2640 392 2663 et
405 2644 607 2668 mensurarum,
618 2641 698 2670 atque
713 2637 740 2663 in
754 2636 789 2663 iis
800 2635 916 2670 plurima

125 2673 227 2707 partim
244 2672 406 2698 auctoribus
421 2675 652 2707 nonrmentorata,
671 2672 767 2705 partim
783 2679 797 2697 a
814 2679 856 2698 tne
871 2675 917 2696 aut

125 2705 182 2734 non
202 2708 283 2739 lecta,
310 2710 357 2733 aut
374 2714 428 2732 non
455 2706 593 2732 adnotata.
623 2705 750 2740 Pelagius
776 2713 810 2732 ex
832 2714 915 2733 sensu

125 2743 279 2771 transtulit;
299 2741 430 2767 modicum
447 2741 511 2767 uini.
530 2740 582 2767 Sed
600 2741 774 2768 scribendum
789 2741 917 2767 .cnidium

125 2778 197 2808 vini,
210 2785 244 2804 ex
257 2784 311 2803 ms.
326 2775 496 2806 Fossatensi,
513 2775 541 2802 in
553 2783 607 2810 quo
618 2776 716 2810 legitur
728 2796 735 2806 ,
751 2776 867 2802 cnidium
880 2776 918 2801 vi-

125 2820 200 2839 num.
218 2812 297 2838 Addo
312 2818 386 2837 nunc
404 2811 456 2837 ista
475 2810 609 2843 relegens,
626 2811 810 2844 suspicionem
830 2818 916 2836 nteant

125 2849 159 2874 ad
177 2848 268 2874 locum
279 2846 327 2881 qui
343 2846 370 2872 in
388 2845 544 2879 Appendice
559 2846 591 2871 ad
609 2845 681 2872 Vitas
695 2845 806 2872 Patrum
821 2845 918 2880 legitur

277 2893 423 2922 .PATROL.
444 2891 501 2920 Gn.
521 2891 614 2922 LXV.

971 1619 1035 1646 dum
1055 1620 1124 1646 dixit
1141 1630 1147 1647 ε
1164 1619 1326 1647 Nondumne
1343 1620 1502 1654 pervenisti.
1519 1619 1609 1652 Pater,
1629 1621 1662 1647 ad
1677 1629 1755 1648 men-

972 1673 1064 1692 suram
1080 1666 1186 1693 abbatis
1198 1666 1330 1693 Antonii?
1343 1666 1387 1693 Ait
1402 1667 1440 1693 illi
1457 1675 1538 1694 senex
1556 1677 1562 1694 :
1579 1667 1607 1694 Si
1619 1668 1660 1694 vel
1677 1675 1757 1695 unam

971 1711 1163 1745 cogitationem
1187 1711 1295 1739 abbatis
1312 1712 1423 1739 Antonii
1444 1712 1583 1744 haberem,
1601 1717 1675 1740 totus
1692 1721 1757 1740 eva-

971 1757 1064 1784 derent
1089 1757 1176 1784 instar
1201 1758 1291 1792 ignis:
1309 1762 1495 1785 verumtamen
1520 1759 1583 1785 novi
1609 1758 1756 1791 hominem,

972 1804 1018 1838 qui
1028 1803 1091 1831 licet
1101 1811 1162 1831 cum
1172 1803 1275 1836 labore,
1284 1808 1373 1839 potest
1382 1804 1452 1831 ferre
1460 1804 1652 1839 cogitationem
1665 1813 1756 1832 suam.

1006 1891 1050 1918 10.
1072 1891 1127 1927 (40)
1142 1891 1223 1919 Venit
1243 1892 1389 1927 aliquando
1407 1892 1584 1920 Thehaaorum
1594 1892 1707 1927 quidam
1724 1893 1758 1920 ad

971 1937 1097 1965 abbatem
1120 1937 1237 1970 Sisoem,
1260 1938 1421 1965 desiderans
1441 1938 1606 1966 monachum
1622 1938 1756 1973 proﬁteri.

971 1983 1153 2019 interrogavit
1167 1992 1228 2011 eum
1245 1991 1339 2016 senex,
1357 1988 1447 2010 utrum
1463 1984 1578 2018 aliquem
1597 1983 1630 2010 ad
1652 1992 1681 2011 se
1697 1991 1759 2018 per-

972 2030 1103 2056 tinentem
1117 2029 1229 2056 haberet
1247 2031 1272 2056 in
1288 2029 1397 2056 saeculo.
1414 2028 1565 2064 Respondit
1580 2029 1625 2056 ille
1641 2039 1648 2056 :
1667 2029 1759 2056 Habeo

972 2075 1067 2103 (ilium.
1087 2075 1156 2102 Tum
1177 2083 1261 2102 senex
1278 2084 1284 2101 2
1299 2074 1384 2106 Vade,
1399 2075 1501 2109 projice
1524 2083 1586 2101 eum
1602 2075 1629 2101 in
1646 2074 1757 2104 ﬂumen.

971 2125 1092 2155 tuncque
1109 2120 1157 2148 ﬁes
1171 2121 1332 2148 monachus.
1345 2120 1414 2147 Cum
1431 2120 1513 2155 igitur
1527 2121 1710 2152 discessisset,
1729 2124 1759 2146 ut

971 2167 1127 2201 projiceret,
1146 2167 1220 2194 misit
1239 2174 1321 2194 senex
1337 2166 1460 2197 fratrem,
1480 2166 1526 2201 qui
1549 2167 1707 2201 prohiberet
1723 2167 1757 2193 il~

971 2214 1038 2240 lum.
1067 2213 1136 2240 Dicit
1153 2212 1237 2240 frater
1258 2223 1265 2240 :
1282 2212 1399 2244 Desine;
1428 2211 1494 2247 quid
1515 2210 1591 2247 agis?
1614 2211 1662 2239 Ille
1681 2219 1759 2239 exce-

743 2302 753 2317 ‘
767 2302 809 2328 Al.
837 2301 997 2337 [inps-Jovem.
1033 2301 1042 2316 ⁷
1055 2300 1104 2337 Al.
1118 2309 1160 2331 τις
1175 2299 1248 2337 πρὸς
1263 2300 1309 2326 τὸν
1325 2299 1413 2326 ἁϐΰᾶν
1433 2299 1539 2334 Σισὼην
1560 2299 1606 2325 τὸν
1628 2299 1756 2333 Θηϐαῖον.

666 2337 687 2352 ¹⁰
699 2336 741 2364 Al.
755 2345 839 2372 praep.
857 2335 895 2368 ὥς
907 2337 934 2363 δὲ
949 2336 1053 2371 ἐπῆρεν
1065 2335 1141 2371 ῥίψαι
1151 2335 1244 2361 αὐτόν.

501 2426 632 2466 Quamvis
654 2434 705 2466 nec
725 2427 917 2466 alibi_repe_re_-
935 2427 956 2454 ι)
972 2434 998 2466 p:
1013 2425 1136 2466 1000..1ι.
1151 2425 1168 2451 5
1184 2433 1191 2465 ξ
1208 2423 1402 2466 Αεεὶρᾳμιεειιιη
1413 2424 1641 2466 uttum_vatcn_lum
1657 2425 1759 2453 c/zimlii

971 2459 1035 2491 uini,
1055 2466 1079 2488 et
1092 2459 1127 2486 da
1141 2460 1235 2489 vicino.
1258 2459 1363 2486 scilicet
1375 2459 1401 2485 itt
1419 2459 1540 2494 margine
1555 2459 1588 2486 ad
1606 2468 1699 2487 vocem
1714 2469 1759 2488 va-

971 2496 1072 2522 sculum
1087 2495 1206 2530 positum
1225 2494 1309 2521 fuisse
1324 2493 1515 2530 aliquandorcx
1533 2494 1636 2530 Graecis
1658 2503 1758 2524 nomen

971 2529 1092 2563 κνίδιον(
1107 2531 1174 2556 illud
1202 2533 1297 2562 postea
1315 2533 1449 2555 mutatutn
1469 2529 1495 2555 in
1511 2529 1623 2561 κνιδίου,
1639 2530 1759 2561 hincque

969 2565 1138 2601 processisse
1153 2565 1245 2595 cnidii,
1259 2571 1290 2601 ac
1303 2563 1401 2601 deinde
1409 2563 1515 2601 Cimidji
1531 2568 1558 2601 et
1570 2565 1687 2601 Claudii.
1702 2565 1760 2593 Hoc

969 2598 1081 2627 cuinon
1110 2600 1253 2634 placuerit.
1271 2599 1352 2626 habet
1365 2598 1510 2634 Rosweydi
1539 2599 1659 2627 hominis
1684 2600 1758 2627 docti

969 2635 1198 2666 emendationem,
1214 2634 1332 2668 Chgdmi.

1004 2671 1060 2705 (55)
1084 2669 1140 2696 Vit.
1158 2669 1234 2696 Patr.
1252 2677 1288 2699 Iv,
1301 2669 1345 2695 39.

1005 2703 1060 2738 (56)
1083 2705 1138 2731 Vit.
1155 2704 1231 2730 Patr.
1248 2712 1274 2732 χ,
1291 2704 1344 2736 ίίὶις
1367 2703 1480 2730 Dorollt.
1497 2703 1588 2730 Doclr.
1606 2705 1649 2730 15.

1005 2740 1061 2774 (57)
1087 2740 1139 2766 Vit.
1157 2739 1235 2765 Patr.
1252 2747 1291 2767 In.
1305 2739 1332 2764 5.

1005 2775 1062 2808 (58)
1088 2774 1141 2801 Vit.
1161 2775 1236 2800 l‘atr.
1253 2782 1290 2804 tv,
1303 2773 1348 2801 56.

1017 2810 1051 2836 59
1090 2809 1142 2835 Vit.
1157 2809 1234 2836 Patr.
1250 2817 1294 2839 xv,
1306 2809 1350 2835 44.

1017 2811 1062 2880 40)
1087 2844 1139 2871 Vit.
1151 2844 1228 2872 Patr.
1245 2852 1300 2877 xiv,
1313 2846 1344 2877 8;

1006 2843 1062 2881 (40)
1087 2844 1139 2871 Vit.
1151 2844 1228 2872 Patr.
1245 2852 1300 2877 xiv,
1313 2846 1344 2877 8;
1364 2844 1443 2873 Cass.
1460 2844 1529 2872 Call.
1550 2844 1577 2875 4,
1595 2852 1619 2870 c.
1637 2843 1682 2871 ‘27.

1575 2889 1613 2919 13
