1978 3075
250 139 301 167 395

249 197 288 230 pit
304 204 310 222 :
326 195 419 223 Abbas
440 195 525 230 jussit
540 199 571 223 ut
590 196 764 232 projicerem.
783 195 877 232 Itaque
895 198 920 225 ei
936 197 1020 225 frater
1036 207 1042 223 :
1059 203 1083 230 Α

249 241 304 269 Sed
322 242 404 269 modo
420 244 506 271 vetuit
524 244 685 279 projiceres.
701 243 734 270 Et
749 243 846 272 relicto
863 252 907 276 eo,
923 238 1044 272 accessit

248 288 282 315 ad
300 296 395 317 senem
410 311 417 323 ,
437 290 583 327 factusque
597 295 639 319 est
651 292 755 327 probus
768 292 921 320 monachus
934 296 1046 328 propter

247 335 436 363 obedientiam
455 344 545 365 suam.

285 383 330 410 M.
350 383 406 418 (41)
421 382 516 411 Frater
532 383 710 419 interrogavit
723 384 850 412 abbatem
869 383 988 414 Sisoem,
1007 391 1042 410 an

250 430 310 466 pari
329 429 411 457 modo
435 434 542 458 veteres
568 433 731 465 persecutus
757 429 839 457 fuerit
863 430 992 456 Satanas.
1013 429 1045 455 Et

250 477 289 503 ait
308 477 346 504 illi
363 484 467 504 senex:
482 476 559 503 Nunc
588 476 686 511 magis.
710 476 775 512 quia
794 480 901 511 tempus
916 475 976 510 ejus
995 483 1044 510 ap-

246 523 431 558 propinquat,
451 527 533 558 atque
546 522 737 550 conturbatur.

288 568 333 595 12.
354 567 409 603 (62)
427 567 563 595 Tentatus
578 572 621 595 est
636 567 785 602 aliquando
798 575 813 594 a
825 567 947 595 dzemonc
962 567 1045 593 Abra-

250 613 314 640 liam
330 612 483 648 discipulus
500 612 606 640 abbatis
626 612 732 644 Sisois;
751 617 779 638 et
793 612 861 639 vidit
876 620 960 640 senex
970 612 1043 647 quod

249 659 406 687 cecidisset.
429 658 524 693 Itaque
544 666 661 694 surgens
675 658 805 693 expandit
822 666 920 685 manus
941 658 967 685 in
984 665 1043 685 cm-

253 705 321 738 lum,
337 705 461 740 dixitque
480 714 485 731 :
505 704 588 735 Deus.
611 705 681 732 velis
704 705 787 738 nolis,
810 712 864 732 non
879 704 989 731 dimitto
1004 708 1041 736 te,

251 752 304 779 nisi
319 751 460 779 curaveris
483 758 556 779 eum.
576 750 732 787 Statimque
754 751 887 779 medelam
910 758 1044 778 consecu-

250 803 295 825 ιιιε
310 802 362 826 est.

286 845 328 872 13.
349 845 405 879 (45)
418 843 598 871 Percontatus
613 847 655 871 est
676 843 761 870 frater
783 843 817 870 de
835 843 935 870 abbate
950 843 1039 876 Sisoe,

249 892 323 919 hunc
343 893 370 919 in
393 892 523 919 modum:
537 891 665 925 Agnosco
685 890 844 917 memoriam
868 889 915 917 Dei
933 898 1041 925 perma-
1057 877 1078 904 Β

250 946 315 966 nere
331 938 402 974 apud
419 945 473 965 me.
491 938 536 964 Ait
557 936 596 963 illi
614 943 698 963 senex
713 944 719 962 :
737 934 797 962 Non
813 942 911 970 magna
927 943 971 962 res
987 939 1040 966 est,

248 985 441 1020 cogitationem
455 989 528 1011 tuam
541 990 603 1010 cum
619 981 674 1009 Deo
686 989 762 1015 esse;
779 981 825 1008 sed
841 989 970 1016 magnum
987 985 1041 1012 est,

249 1031 408 1065 conspicere
429 1038 459 1057 se
477 1034 606 1063 tanquam
629 1028 703 1055 omni
727 1031 854 1054 creatura
871 1027 1040 1054 inferiorem.

249 1076 275 1103 Id
292 1077 364 1103 enim
380 1083 515 1110 corporeo
531 1074 616 1101 labori
630 1073 767 1108 junctum,
785 1072 897 1100 deducit
913 1073 946 1100 ad
964 1072 1043 1100 habi-

249 1129 305 1150 tum
318 1122 493 1150 humilitatis.

284 1168 327 1195 l—i.
350 1169 407 1203 (Η)
417 1167 582 1195 Refereoant
593 1167 626 1194 de
638 1166 734 1194 abbate
747 1165 835 1198 Sisoe,
847 1165 919 1200 quod
931 1164 1042 1200 quando

248 1215 328 1242 morti
343 1215 484 1249 proximus
501 1213 562 1245 fuit,
587 1213 746 1241 sedentibus
767 1212 842 1240 circa
866 1219 929 1239 eum
955 1211 1042 1238 Patri-

248 1263 312 1294 lms,
334 1262 426 1289 vultus
443 1261 503 1296 ejus
522 1260 693 1295 resplenduit
720 1264 851 1294 tanquam
879 1258 938 1290 sol;
957 1258 1041 1284 dixit-

247 1317 302 1344 que
321 1309 375 1336 illis
391 1317 397 1334 :
412 1307 483 1335 Ecce
504 1308 589 1335 abbas
605 1307 740 1334 Antonius
757 1306 842 1333 venit.
856 1305 942 1332 Paulo
956 1309 1017 1340 post
1033 1313 1039 1331 ι

248 1355 300 1389 En,
319 1355 419 1390 inquit,
443 1354 518 1381 venit
535 1354 731 1389 prophetarum
754 1353 866 1379 chorus.
885 1352 1042 1386 lterumque

248 1403 332 1430 facies
344 1402 404 1436 ejus
420 1401 552 1435 majorem
566 1401 592 1427 in
610 1399 720 1427 modum
737 1399 854 1426 refulsit.
873 1398 907 1425 Et
921 1398 959 1425 ait
973 1407 978 1424 :
990 1397 1040 1429 En,

247 1450 350 1476 chorus
378 1448 566 1482 apostolorum
594 1446 723 1474 accessit.
746 1445 897 1480 Adliucque
922 1453 954 1472 os
981 1445 1042 1479 ejus

247 1495 332 1531 duplo
355 1493 504 1529 fulgentius
521 1493 618 1521 evasit.
639 1492 711 1520 Ecce
733 1496 824 1520 autem
844 1493 945 1527 ipsum,
960 1491 1040 1526 quasi

243 1549 311 1569 erum
326 1540 490 1576 quibusdam
505 1540 674 1574 loquentem.
689 1539 784 1574 Itaque
798 1542 964 1574 rogaverunt
977 1545 1039 1565 eum
1055 1550 1076 1579 ο

247 1595 342 1620 senes,
365 1587 487 1614 dicentes
502 1595 508 1613 :
523 1586 591 1613 Cum
624 1593 679 1620 quo
703 1585 836 1618 disseris,
862 1583 964 1611 Pater?
989 1583 1042 1610 Re-

247 1633 358 1668 spondit
374 1643 380 1660 :
399 1632 494 1667 Angeli
511 1635 657 1663 venerunt.
676 1635 705 1658 ut
721 1639 763 1658 me
780 1635 937 1662 assumant;
950 1634 976 1657 et
992 1629 1042 1657 ob-

247 1687 334 1710 secro,
357 1684 386 1706 ut
410 1679 551 1715 permittar
575 1678 716 1713 paululum
739 1685 819 1712 agere
839 1677 1038 1712 pmnitentiam.

246 1725 394 1760 Excipiunt
409 1731 510 1753 senes:
523 1723 583 1751 Non
598 1731 661 1760 eges
673 1723 846 1758 paenitentia,
864 1723 954 1750 Pater.
969 1721 1039 1748 Tum

238 1780 332 1800 ‘scnex
346 1772 379 1799 ad
400 1772 496 1807 ipsos:
511 1770 629 1802 Revera,
649 1778 703 1797 non
730 1769 796 1796 mihi
817 1770 946 1796 conscius
968 1777 1038 1800 sum,

248 1819 322 1853 quod
344 1819 515 1854 poenitentiae
538 1818 646 1845 initium
672 1817 823 1852 posuerim.
845 1817 1038 1843 lntellexerunt

246 1872 312 1892 vero
333 1872 440 1896 omnes,
462 1872 523 1891 eum
552 1871 614 1892 esse
641 1863 803 1898 perfectura.
831 1862 931 1889 lterum
956 1861 1040 1888 facies

244 1911 320 1939 illius
339 1911 431 1938 subito
446 1910 516 1937 facta
535 1914 578 1937 est
589 1910 665 1937 velut
678 1910 719 1938 sol
732 1919 739 1937 :
756 1918 788 1937 ex
805 1917 860 1945 quo
873 1909 961 1936 territi
976 1913 1040 1935 sunt

245 1957 349 1984 cuncti.
374 1956 418 1983 Ait
444 1956 497 1983 illis
513 1965 519 1983 :
538 1955 643 1988 Videte,
663 1955 795 1982 Dominus
817 1955 902 1986 venit,
921 1954 1037 1982 dicens:

247 2003 348 2030 Aﬂ‘erte
364 2003 428 2030 mihi
446 2003 589 2030 electionis
610 2010 659 2030 vas
673 2003 770 2030 eremi.
785 2001 938 2035 Statimque
955 2001 1039 2027 tradi-

244 2049 285 2076 dit
297 2048 434 2082 spiritum.
445 2048 484 2075 Ac
499 2048 586 2076 evasit
601 2052 731 2082 tanquam
748 2048 858 2082 fulgur,
873 2055 924 2074 nec
934 2054 987 2074 non
1000 2055 1040 2075 rc-

244 2095 336 2129 pletns
353 2098 394 2121 est
409 2098 483 2121 totus
500 2094 576 2121 locus
591 2094 663 2121 bono
677 2094 771 2120 odore.

282 2142 325 2168 l5.
346 2141 402 2176 (45)
420 2140 563 2168 Profectus
586 2145 628 2168 est
652 2141 738 2168 abbas
761 2139 911 2174 Adelphius
932 2139 1039 2174 cpisco-

246 2195 298 2222 pus
308 2186 466 2222 Nilopoleos
486 2187 519 2214 ad
535 2187 662 2214 abbatem
677 2186 783 2213 Sisoem
804 2187 830 2213 in
850 2191 969 2212 montem
991 2186 1038 2212 ab-

243 2232 316 2260 batis
328 2233 448 2261 Antonii.
462 2232 587 2268 Cumque
598 2233 748 2260 discessuri
765 2236 871 2264 essent,
891 2238 1036 2266 antequam
1055 2222 1077 2249 D

245 2280 298 2306 iter
311 2278 536 2314 aggrederentur,
552 2279 661 2306 curavit
677 2282 705 2305 ut
720 2286 734 2304 a
749 2286 828 2306 mane
841 2278 1016 2305 comederent
1029 2287 1035 2304 :

244 2329 305 2353 erat
320 2329 411 2352 autem
429 2324 527 2359 jejunii
543 2324 610 2352 dies.
628 2323 776 2359 Postquam
803 2332 868 2358 ergo
886 2329 1038 2359 posuerunt

247 2379 380 2404 mensam,
398 2378 462 2398 ecce
474 2370 574 2398 fratres
591 2370 711 2405 pulsant.
726 2369 798 2396 Dixit
812 2371 950 2405 discipulo
963 2378 1013 2398 suo
1028 2381 1034 2397 :

245 2416 335 2444 'l‘rade
357 2416 411 2444 illis
427 2424 540 2451 parvam
559 2417 671 2451 pultem,
697 2417 762 2451 quia
790 2416 931 2452 defatigati
956 2421 1035 2444 sunt.

244 2462 290 2488 Ait
311 2461 337 2489 ei
359 2462 446 2490 abbas
467 2462 617 2497 Adelphius
633 2472 639 2489 :
658 2462 722 2490 Sine
748 2462 854 2498 utique,
874 2470 910 2490 ne
931 2462 1036 2494 dicant,

798 140 970 168 APPENDIX
989 141 1035 168 AD
1054 141 1270 171 PALLADIUM.

1834 147 1886 174 556

1097 200 1179 235 Λέγει
1195 198 1242 228 οὖν
1265 201 1280 227 6
1295 200 1424 234 ἀδελφός·
1453 200 1534 228 Ἀλλὰ
1552 201 1633 228 πάλιν
1652 198 1724 235 εἶπε,
1752 203 1789 238 μὴ
1809 203 1889 239 ῥίψῃς

1096 246 1192 273 αὐτόν.
1215 247 1271 275 Kal
1297 247 1455 274 καταλιπὼν
1479 248 1568 280 αὑτὸν,
1596 246 1662 283 ἦλθε
1691 248 1760 284 πρὸς
1776 249 1821 276 τὸν
1841 250 1888 285 γέ-

1097 300 1179 328 ροντα.
1189 301 1196 307 ’
1212 293 1259 319 καὶ
1271 292 1365 328 γέγονε
1377 293 1514 329 δόκιμος¹¹
1526 295 1642 330 μοναχδς
1651 294 1695 321 διὰ
1704 295 1753 330 τὴν
1767 295 1889 330 ὑπακοὴν

1095 346 1190 364 αυτου.

1133 388 1178 411 ια’.
1205 385 1330 420 ’Δδελφὸς
1350 386 1476 422 ἠρώτησε
1493 386 1538 413 τὸν
1556 387 1644 414 ἀόὁᾶν
1660 387 1769 423 Σισόην,
1786 387 1889 422 λέγων’

1095 427 1168 464 τΛρα
1181 429 1267 462 οὕτως
1282 431 1392 457 ἐδίωκεν
1405 432 1419 458 6
1429 432 1551 464 Σατανᾶς
1565 433 1628 464 τοὺς
1643 433 1791 468 ἀρχαίους;
1809 434 1890 468 Λέγει

1096 476 1169 511 αὐτῷ
1185 478 1200 503 6
1211 477 1300 512 γέρων
1313 485 1320 492 ·
1343 478 1424 513 Ἄρτι
1441 478 1532 510 πλέον,
1548 479 1589 505 ὅτι
1608 480 1622 506 ὁ
1637 479 1734 515 καιρὸς
1747 479 1830 506 αὐτοῦ
1842 480 1891 515 ήγ-

1095 530 1166 556 γισε,
1185 523 1232 549 καὶ
1244 523 1420 559 ταράσσεται.

1133 567 1178 602 ιβ’.
1194 568 1361 606 Ἐπειρὰσθη
1375 570 1439 596 ποτε
1457 569 1582 606 Ἀϐραὰμ
1596 571 1610 598 6
1623 570 1748 606 μαθητὴς
1759 571 1807 597 τοῦ
1818 571 1890 598 ἁὸδᾶ

1095 614 1175 650 Σισόη
1189 614 1242 641 ἀπὸ
1257 615 1381 650 δαίμονος
1390 625 1396 631 -
1410 617 1457 643 καὶ
1471 614 1542 643 εἶδεν
1552 617 1605 651 ὁγέ
1610 626 1664 652 ρων
1678 617 1719 643 ὅτι
1734 617 1888 650 πέπτωκεν,

1094 661 1141 686 καὶ
1157 661 1276 693 ἀναστὰς
1288 661 1404 693 ἐξέτεινε
1419 662 1468 694 τὰς
1480 664 1574 698 χεῖρας
1588 664 1628 694 εἰς
1641 663 1688 689 τὸν
1704 663 1830 699 οὐρανὸν,
1845 663 1889 690 λέ-

1094 716 1150 742 γων
1163 716 1169 723 ·
1193 708 1272 741 Θεὸς,
1288 709 1392 742 θέλεις,
1411 710 1440 736 οὐ
1457 709 1555 741 θέλεις,
1576 710 1626 736 οὐκ
1650 710 1713 744 ἀφῶ
1729 719 1768 743 σε,
1785 710 1833 738 ἐὰν
1851 711 1888 746 μὴ

1094 754 1176 781 αὐτὸν
1191 753 1371 791 θεραπεύσῃς.
1393 756 1448 782 Ka‘t
1464 755 1565 787 εὐθέως
1580 755 1764 792 ἐθεραπεύθη.
1790 776 1795 781 .

1131 845 1174 876 ιγ’.
1199 842 1325 876 Ἀδελφὸς
1342 843 1467 879 ἠρώτησε
1487 844 1533 870 τὸν
1549 844 1637 871 ἀϐὗᾶν
1654 845 1762 882 Σισόην,
1778 846 1882 880 λέγων·
1932 873 1936 876 ι

1098 887 1169 923 ’0ρῶ
1194 888 1323 922 ἐμαυτὸν,
1345 889 1385 915 ὅτι
1410 889 1425 924 ὴ
1452 891 1545 925 μνήμη
1572 890 1619 916 τοῦ
1643 891 1712 917 Θεοῦ
1730 892 1888 927 παραμένει

1094 943 1140 968 μοι
1150 935 1180 961 ’³.
1191 935 1273 968 Λέγει
1289 935 1364 970 αὑτῷ
1374 937 1388 962 6
1403 935 1492 971 γέρων
1503 945 1509 951 ·
1530 937 1588 963 Οὐκ
1604 937 1662 964 ἐστι
1679 938 1762 973 μέγα,
1775 938 1806 964 τὸ
1817 936 1887 965 εἶναι

1093 980 1137 1006 τὸν
1155 980 1283 1016 λογισμόν
1309 990 1355 1008 σου
1379 982 1447 1017 μετὰ
1463 982 1510 1009 τοῦ
1525 983 1592 1010 Θεοῦ
1606 992 1612 998 ’
1640 983 1712 1019 μέγα
1729 984 1758 1011 δέ
1772 985 1841 1016 ἐστι,
1856 986 1888 1012 τὸ

1093 1027 1189 1053 ἑαυτὸν
1204 1028 1270 1063 ὸρᾷν
1283 1028 1410 1055 ὑποκάτω
1422 1029 1513 1064 πάσης
1525 1029 1575 1064 τῆς
1594 1030 1720 1062 κτίσεως.
1733 1030 1818 1057 Τοῦτο
1832 1031 1887 1067 γὰρ

1092 1074 1139 1100 καὶ
1155 1074 1169 1099 6
1187 1074 1342 1109 σωματικὸς
1359 1075 1442 1107 κόπος
1461 1076 1553 1111 ὁδηγεῖ
1569 1077 1608 1107 εἰς
1625 1077 1671 1103 τὸν
1692 1077 1741 1112 τῆς
1756 1086 1886 1105 ταπεινο-

1092 1120 1230 1156 φροσύνης
1240 1121 1340 1156 τρόπον
1354 1121 1421 1156 (66).

1129 1168 1168 1194 ιδ’.
1188 1168 1300 1202 Ἔλεγον
1318 1168 1440 1204 περὶτοῦ
1456 1168 1528 1195 ἀ665ι
1543 1169 1634 1204 Σισόη,
1655 1169 1696 1195 ὅτι
1715 1169 1760 1196 ὅτε
1785 1169 1882 1205 ἔμελλε

1092 1214 1230 1250 τελευτᾷν,
1245 1214 1407 1250 καθημένων
1419 1215 1473 1241 τῶν
1484 1216 1614 1251 Πατέρων
1630 1216 1699 1252 πρὸς
1711 1216 1794 1243 αὑτὸν
1804 1217 1888 1252 ἐλαμ-

1092 1260 1126 1295 ψε
1144 1260 1174 1286 τὸ
1187 1261 1332 1296 πρόσωπον
1345 1259 1428 1288 αὑτοῦ
1444 1261 1482 1292 ὡς
1495 1263 1509 1288 6
1522 1262 1611 1297 ἤλιος’
1624 1263 1672 1289 καὶ
1687 1262 1761 1297 λέγει
1777 1263 1886 1295 αὐτοῖς·

1100 1307 1164 1334 Ἰδοὺ
1184 1308 1198 1333 ὁ
1215 1307 1302 1339 ἀὸϐᾶς
1324 1307 1465 1339 Ἀντώνιος
1484 1305 1560 1343 ἦλθε.
1577 1307 1629 1334 Καὶ
1644 1309 1712 1343 μετὰ
1730 1309 1827 1344 μικρὸν
1841 1309 1887 1336 λέ-

1093 1361 1150 1386 γει·
1180 1353 1245 1379 Ἰδοὺ
1258 1354 1272 1379 ὁ
1286 1353 1363 1388 χορὸς
1375 1353 1429 1380 τῶν
1445 1354 1593 1389 προφητῶν
1609 1352 1685 1389 ἦλθε.
1697 1354 1752 1381 Kal
1765 1355 1845 1382 πάλιν
1857 1355 1888 1381 τὸ

1093 1399 1238 1435 πρόσωπον
1247 1399 1329 1425 αὑτοῦ
1341 1399 1478 1434 περισσῶς
1487 1400 1508 1415 ³³
1516 1400 1620 1435 ἔλαμψε
1628 1409 1635 1415 ·
1650 1401 1697 1426 καὶ
1712 1399 1788 1428 εἶπεν
1797 1409 1803 1416 ·
1819 1401 1887 1427 Ἰδοὺ

1093 1447 1107 1473 6
1130 1447 1209 1481 χορὸς
1232 1446 1286 1472 τῶν
1307 1446 1464 1472 ἀποστόλων
1481 1444 1557 1482 ἦλθε.
1582 1447 1638 1473 Kal
1658 1447 1832 1474 ὲδιπλασίασε
1856 1448 1887 1474 τὶ

1094 1493 1239 1528 πρόσωπον
1257 1492 1338 1519 αὑτοῦ
1357 1492 1453 1519 πάλιν·
1481 1493 1528 1519 καὶ
1543 1493 1597 1519 ἰδοὺ
1612 1493 1694 1525 αὐτὸς
1711 1493 1749 1525 ὡς
1763 1495 1834 1529 μετὰ
1846 1502 1888 1520 τι-

1092 1548 1146 1566 νων
1161 1538 1260 1565 λαλῶν.
1273 1539 1329 1565 Καὶ
1343 1539 1492 1574 ἐδεήθησαν
1507 1538 1589 1565 αὐτοῦ
1606 1539 1631 1565 οἱ
1641 1539 1778 1575 γέροντες,
1793 1540 1887 1574 λέγον-

1093 1594 1153 1618 τες²
1168 1585 1246 1613 Μετὰ
1270 1585 1343 1616 τίνος
1368 1585 1482 1621 ὁμιλεῖς,
1500 1585 1606 1621 “acip;
1638 1586 1666 1612 ὐ
1686 1586 1713 1612 δὲ
1731 1586 1799 1621 ἔφη·
1820 1587 1887 1613 Ὶδοῖ)

1092 1633 1202 1668 ἄγγελοι
1218 1631 1298 1668 ἦλθον
1323 1633 1416 1660 λαϐεῖν
1432 1641 1476 1668 με,
1493 1632 1541 1659 καὶ
1562 1632 1714 1668 παρακαλῶ
1736 1633 1779 1659 ἵνα
1793 1631 1889 1666 ἀφεθῶ

1094 1681 1260 1716 μετανοῆσαι
1279 1680 1385 1715 μικρόν.
1404 1680 1458 1706 Kal
1472 1679 1598 1713 λέγουσιν
1616 1679 1691 1714 αὑτῷ
1705 1680 1729 1705 οι
1742 1678 1886 1714 γέροντες·

1092 1727 1130 1752 Οὐ
1143 1727 1236 1761 χρείαν
1252 1726 1324 1761 ἔχεις
1347 1726 1525 1761 μετανοῆσαι,
1539 1726 1640 1761 Πάτερ.
1670 1723 1737 1752 Birt:
1751 1724 1779 1751 δὲ
1794 1725 1888 1756 αὐτοῖς

1091 1773 1106 1798 ὁ
1123 1773 1213 1808 γέρων
1224 1781 1231 1788 ο
1247 1772 1328 1799 Φύσει
1341 1772 1392 1798 οὐκ
1406 1770 1465 1798 οἶδα
1485 1771 1603 1807 ὲμαυτδν
1614 1772 1656 1798 ὅτι
1675 1771 1770 1797 ἒὸαλον
1786 1771 1884 1806 ἀρχήν.

1092 1820 1146 1846 Καὶ
1159 1819 1259 1854 ἔμαθον
1273 1819 1373 1850 πάντες
1387 1819 1428 1845 ὅτι
1442 1818 1544 1850 τέλειός
1559 1819 1629 1845 ἐστι.
1646 1818 1701 1844 Kal
1717 1817 1798 1844 πάλιν
1809 1817 1888 1851 ἄφνω

1091 1865 1199 1899 ἐγένετο
1219 1866 1250 1892 τὸ
1267 1865 1412 1900 πρόσωπον
1431 1864 1513 1891 αὐτοῦ
1529 1864 1567 1896 ὡς
1583 1866 1597 1891 6
1612 1863 1704 1900 ἣλιος·
1723 1864 1769 1890 καὶ
1785 1863 1887 1898 ἐφοϐή-

1091 1911 1177 1946 θησαν
1194 1912 1303 1943 πάντες.
1320 1911 1376 1938 Kal
1390 1911 1464 1945 λέγει
1482 1911 1591 1943 αὐτοῖς·
1614 1910 1743 1941 Βλέπετε,
1759 1909 1887 1945 ὁΚύριος

1090 1956 1166 1994 ἦλθε,
1182 1958 1229 1985 καὶ
1242 1958 1331 1993 λέγει·
1347 1958 1447 1994 Φέρετὲ
1464 1967 1508 1994 μοι
1520 1958 1550 1984 τὸ
1561 1957 1688 1988 σκεῦος¹⁸
1702 1957 1752 1991 τῆς
1768 1957 1885 1992 ἐρήμου.

1091 2005 1147 2030 Kal
1159 2004 1260 2035 εὐθέως
1276 2004 1417 2039 παρέδωκε
1429 2003 1462 2020 ¹⁸¹
1478 2003 1507 2030 τὸ
1525 2003 1644 2038 πνεῦμα.
1657 2003 1712 2029 Καὶ
1726 2002 1833 2035 ἐγένετο
1848 2002 1887 2033 ὡς

1091 2050 1235 2085 ἀστραπή·
1254 2050 1299 2076 καὶ
1314 2049 1435 2085 ἐπλήσθη
1447 2049 1506 2081 ὅλος
1522 2050 1537 2075 6
1551 2047 1655 2081 oixog“
1670 2048 1793 2080 εὐωδίας.

1127 2141 1166 2164 ιε’.
1183 2137 1338 2173 Παρέὸαλεν
1354 2137 1369 2162 6
1391 2137 1479 2168 ἀόὸἄς
1505 2136 1640 2170 Ἀδέλφιος
1659 2134 1807 2165 ἐπίσκοπος
1819 2133 1885 2159 Νει-

1089 2186 1241 2216 λουπόλεως
1262 2185 1330 2221 πρὸς
1353 2185 1398 2211 τὸν
1415 2184 1502 2211 ἁὸϐἄν
1518 2184 1626 2218 Σισὸην,
1651 2183 1691 2214 εἰς
1714 2182 1744 2208 τὸ
1758 2182 1821 2216 ὅρος
1838 2181 1886 2207 τοῦ

1093 2232 1165 2260 ἁϐσῗᾶ
1187 2232 1339 2259 ’Λντωνίου.
1356 2232 1411 2257 Καὶ
1425 2231 1462 2262 ὡς
1478 2230 1594 2266 ἤμελλον
1613 2229 1740 2261 ἐξελθεῖν,
1757 2227 1822 2263 πρὶν
1837 2228 1887 2254 αὐτ

1092 2279 1155 2310 τοὺς
1166 2277 1284 2308 ὁδεῦσαι,
1303 2276 1430 2310 ἐποίησεν
1450 2276 1548 2307 αὐτοὺς
1569 2274 1718 2309 γεύσασθαι
1732 2273 1786 2300 ἀπὸ
1796 2274 1885 2308 πρωΐ·

1092 2322 1126 2360 ἦν
1140 2324 1169 2350 δὲ
1177 2323 1298 2358 νηστεία.
1308 2323 1362 2349 Καὶ
1374 2322 1412 2354 ὡς
1426 2322 1527 2357 ἔθηκαν
1542 2320 1691 2357 τράπεζαν,
1705 2319 1759 2346 ἰδοὺ
1774 2318 1887 2353 ἀδελφοὶ

1091 2370 1244 2405 κρούουσιν.
1270 2368 1336 2395 Εἶπε
1359 2369 1387 2395 δὲ
1405 2368 1443 2403 τῷ
1462 2368 1569 2403 μαθητῇ
1596 2366 1694 2393 αὐτοῦ’
1725 2366 1775 2397 Δὸς
1792 2366 1886 2393 αὐτοῖς

1093 2416 1193 2452 μικρὰν
1208 2416 1323 2450 ἀθήραν,
1350 2416 1390 2441 ὅτι
1408 2416 1462 2442 ἀπὸ
1476 2415 1560 2441 κόπου
1582 2413 1645 2440 εἰσί.
1675 2413 1757 2446 Λέγει
1779 2411 1854 2446 αὐτῷ
1871 2413 1886 2437 6

1092 2462 1178 2494 ἀδδᾱς
1197 2462 1349 2497 Ἀδέλφιος’
1377 2462 1462 2496 "Atys;
1480 2461 1559 2493 τέως,
1578 2460 1622 2487 ἵνα
1638 2459 1676 2495 μὴ
1688 2459 1802 2486 εἴπωσιν
1813 2459 1854 2485 ὅτι
1871 2459 1886 2484 6

280 2540 355 2577 “AI.
371 2540 567 2575 δοκιμώτατος.
606 2541 627 2556 ¹¹
644 2540 686 2568 Al.
705 2549 756 2576 μου
771 2540 810 2575 τῷ
823 2540 882 2576 Θεῷ
895 2541 1035 2576 παραμένε

1096 2540 1102 2556 ¹
1117 2541 1158 2568 Al.
1176 2541 1379 2577 περισσότερον.
1419 2540 1441 2556 ³⁸
1454 2540 1494 2566 Al.
1511 2540 1563 2567 ins.
1575 2540 1624 2574 τῆς
1643 2538 1771 2574 ἐκλογῆς.
1794 2538 1827 2554 ¹⁴⁶
1839 2539 1883 2565 Al.

245 2575 379 2603 ἀπέδωκε.
417 2577 438 2592 ιθ
455 2576 497 2604 Al.
514 2576 605 2607 τόπος.

281 2669 338 2705 (Μ)
361 2668 417 2705 Yit.
434 2667 512 2705 Patr.
528 2666 657 2705 “.654;
673 2665 753 2693 Joan.
765 2665 860 2693 Geom.
875 2665 975 2692 Parad.
988 2666 1033 2693 55.

293 2702 336 2733 428
360 2704 415 2731 Vit.
431 2703 509 2730 Patr.
528 2711 558 2733 It,
576 2702 618 2729 Μ.

292 2736 336 2770 63)
364 2739 415 2766 Vit.
431 2738 509 2765 Patr.
531 2746 575 2769 xv,
592 2738 640 2770 £7;
659 2737 770 2764 Dorotli.
795 2736 885 2764 Doctr.
899 2737 926 2763 2.

292 2776 336 2808 Μ)
362 2774 414 2801 Vit.
432 2773 510 2801 Patr.
528 2781 570 2804 tn,
587 2773 612 2799 6.

294 2810 337 2844 l5)
361 2809 415 2836 Vit.
432 2808 508 2835 Patr.
525 2816 585 2839 vnt,
604 2808 644 2844 l5.

281 2842 337 2878 (Mi)
362 2843 531 2879 Ὀδηγεῐεις
544 2844 598 2879 τὸν
608 2843 662 2876 τῆς
672 2842 955 2879 ταπεινοφροσύνης
962 2843 1032 2879 ντρό-

246 2887 313 2910 πον.
329 2877 430 2908 Eadem
439 2877 550 2907 Vversio:
566 2877 679 2913 Corrigil
694 2884 718 2905 et
735 2878 807 2905 ducit
823 2877 856 2904 ad
874 2878 1030 2904 humilitatis

1089 2666 1169 2695 viam.
1188 2665 1240 2692 nisi
1254 2666 1277 2692 si
1303 2665 1401 2692 melius
1425 2672 1532 2691 mecum
1553 2668 1653 2698 putas,
1684 2663 1787 2698 dirigit.
1804 2663 1885 2696 Quod

1088 2701 1237 2735 spertatad
1250 2700 1459 2735 Apophtltegma.
1472 2701 1508 2726 ita
1522 2699 1613 2734 reperi
1626 2700 1652 2725 in
1665 2700 1727 2726 end.
1743 2699 1884 2735 Coll)9t'l.:

1094 2733 1220 2769 ’Ᾱδελφὸς
1237 2733 1312 2761 εἶπεν
1324 2735 1362 2770 τῷ
1378 2733 1450 2770 difiqu
1465 2733 1577 2770 Ποιμένι
1588 2743 1594 2749 ·
1611 2735 1682 2770 ’0ρῶ
1695 2734 1816 2770 ἐμαυτὸν
1826 2734 1886 2760 δια-

1087 2772 1188 2802 παντὸς
1212 2771 1280 2805 μετὰ
1294 2769 1353 2797 τοῦ
1365 2769 1444 2802 Θεοῦζ
1463 2769 1568 2806 καὶμὴ
1585 2771 1771 2805 ἀφιστάμενον
1786 2769 1884 2806 ﬁlios:

1088 2806 1160 2840 μέγα
1180 2803 1248 2836 ἐστὶ,
1269 2806 1378 2841 Πάτερ;
1391 2806 1472 2840 Λέγει
1484 2807 1518 2832 αὑ
1525 2803 1589 2841 έῷὁ
1601 2803 1709 2840 γέρων·
1725 2804 1791 2841 Οὐχί
1803 2811 1809 2818 ⁵
1824 2803 1885 2841 alii)?

1085 2842 1149 2902 ἓταὸν
1165 2841 1222 2876 ἴδῃς
1240 2842 1335 2869 ἑαυτὸν
1347 2840 1477 2869 ἐλάττονα
1493 2841 1611 2874 πάντων,
1627 2841 1688 2867 τότε
1709 2842 1748 2872 εἰς
1765 2840 1795 2866 τὸ
1811 2840 1885 2874 μέγα

1101 2885 1118 2902 ω
1138 2885 1216 2902 asa;

1101 2885 1216 2910 φυασας.
