1978 3075
196 167 248 196 40⁸1

747 171 919 200 APPENDIX
937 172 983 199 AD
1003 173 1214 203 PALLADIUM.

1781 176 1835 206 408

195 228 259 255 bum
279 227 408 255 inciderit
423 236 430 260 ;
451 228 611 256 sedentibus
634 231 725 257 autem
742 229 818 257 circa
831 238 894 258 eum
911 229 987 258 seni-

1047 233 1086 260 (αἱ
1097 233 1261 268 καθημένων
1274 234 1410 270 γερόντων
1425 236 1447 252 ²⁰
1461 235 1528 270 πρὸς
1541 233 1622 261 αὐτὸν
1635 233 1749 270 ἐλάλησέ
1766 235 1833 261 τισῖ.

196 275 258 307 bus,
278 274 444 309 loquebatur
464 283 526 302 cum
547 275 724 310 quibusdam.
745 276 830 304 Aiunt
850 276 897 304 ei:
916 276 988 309 Quid

195 320 284 352 vides,
302 320 391 347 abba?
409 321 481 348 Dicit
499 321 553 349 illis
571 331 577 348 :
594 321 685 349 Cerno
702 322 834 357 quosdam
848 322 989 350 venientes

195 373 280 400 super
293 375 346 399 me,
366 375 436 402 quos
452 374 527 402 rogo,
542 371 571 394 ut
586 368 678 394 sinant
691 375 735 395 me
749 367 890 403 paululum
900 369 989 404 paeni-

195 413 311 439 tentiam
329 420 419 448 agere.
438 412 516 440 Tunc
536 413 570 440 ad
591 421 653 440 eum
678 414 790 447 quidam
810 422 825 441 e
849 414 962 442 senibus
979 423 986 441 :

197 459 226 486 Si
244 460 431 495 permiserint,
454 460 533 487 modo
549 465 663 494 potesne
680 461 786 487 utiliter
808 468 908 488 vacare
928 468 987 496 pa:-

196 507 342 534 nitentiae?
366 506 517 541 Respondit
548 515 630 535 senex
655 515 662 534 :
686 506 819 540 Quamvis
842 515 987 541 nequeam,

146 563 148 566 ⁴
197 556 289 580 tamen
311 560 460 587 parumper
483 552 635 588 ingemisco
651 560 734 588 super
746 553 836 579 anima
858 560 929 585 mea.
945 553 987 580 id-

197 608 250 635 que
264 600 364 628 sullicit
378 600 454 627 milii.

233 645 277 673 50.
306 644 345 672 De
373 645 472 672 abbate
505 646 584 673 Sisoe
613 636 883 679 cottimemorabant,
913 646 986 681 quod

198 692 308 726 quando
327 692 401 719 venit
417 692 443 718 in
460 691 584 727 Clysma,
609 692 766 727 mgrotavit;
781 697 808 719 et
826 691 937 719 sedente
955 699 988 718 eo

198 739 226 765 in
249 738 318 765 cella
339 745 402 764 cum
421 738 557 773 discipulo
576 746 637 770 suo,
659 746 723 766 ecce
737 739 828 765 audita
845 738 989 772 est‘januze

197 783 340 818 pulsatio:
358 790 440 817 quam
457 783 612 818 percipiens
623 791 718 816 senex,
733 783 770 810 ait
785 783 921 817 discipulo
936 789 987 809 suo

197 830 371 857 Abrahamo:
387 829 435 856 Dic
447 830 471 856 ei
484 829 529 864 qui
547 830 636 865 pulsat
650 839 656 856 :
671 829 727 865 Ego
737 830 830 856 Sisoes
842 829 869 856 in
883 833 986 860 monte,

197 884 248 912 ego
264 875 357 904 Sisoes
371 878 398 903 in
414 880 511 903 malta.
525 875 572 904 Ille
582 884 647 904 vero
662 877 789 908 audiens,
801 875 923 903 evanuit.

234 968 278 996 5l.
300 967 373 996 Dixit
388 968 476 995 abbas
493 967 587 995 Sisoes
604 967 738 994 Thebzeus
753 966 890 1001 discipulo
907 973 959 992 suo
977 973 984 990 :

199 1014 334 1050 Eloquere
352 1015 418 1042 mihi
437 1014 504 1050 quid
522 1015 549 1041 in
571 1023 613 1041 me
631 1021 776 1049 agnoscas.
792 1018 818 1039 et
832 1021 884 1048 ego
906 1012 988 1039 vicis-

199 1061 251 1088 sim
270 1061 319 1087 tibi
334 1059 471 1095 proferam
489 1059 560 1094 quod
574 1060 600 1086 in
617 1064 643 1086 te
656 1067 785 1094 agnosco.
798 1059 842 1084 Ait
857 1057 988 1084 illidisci-

199 1105 281 1140 pulus
299 1115 306 1133 :
327 1105 366 1132 Tu
382 1106 471 1132 bonus
484 1106 587 1137 animo,
609 1105 655 1132 sed
678 1105 761 1140 paulo
773 1104 879 1131 durior.
894 1103 927 1130 Et
946 1111 989 1132 se-

199 1159 252 1178 nex
265 1160 272 1178 ;
284 1151 324 1178 Τιι
334 1158 408 1182 vero,
419 1151 519 1186 inquit,
530 1151 620 1178 bonus
637 1159 677 1181 es,
692 1151 740 1178 sed
756 1151 847 1177 animo
858 1149 987 1176 molliori.

236 1197 282 1226 5‘2.
302 1197 427 1224 Relatum
443 1202 486 1225 est
505 1197 539 1224 de
556 1197 654 1225 abbate
674 1197 753 1224 Sisoe
767 1196 896 1227 Thebaeo.
914 1195 988 1230 quod

201 1252 298 1281 panem
317 1252 371 1271 non
388 1244 552 1271 comeilerel.
575 1243 608 1270 Et
623 1244 650 1270 in
666 1243 737 1270 festo
753 1243 876 1274 Pascitur.
891 1242 989 1269 fratres

201 1295 365 1326 rogaverunt
386 1298 448 1318 eum
471 1291 618 1325 supplices.
644 1293 674 1317 ut
691 1297 753 1316 cum
778 1289 844 1323 ipsis
869 1292 990 1316 sumeret

201 1337 302 1364 cibum.
314 1336 465 1372 Respondit
476 1336 658 1363 :Alterutrum
669 1335 793 1362 facturus
807 1343 878 1365 sum.
890 1335 931 1361 vel
941 1342 990 1369 pa-

202 1389 262 1408 nem
283 1389 402 1415 sumam,
415 1381 455 1408 vel
477 1389 538 1416 quia
553 1381 714 1408 confecistis
732 1380 833 1407 edulia.
853 1379 893 1405 Illi
915 1379 991 1406 dixe-

200 1432 286 1455 runt:
303 1427 398 1455 Solum
414 1435 510 1462 panelu
524 1427 670 1454 manduca.
686 1427 776 1461 Atque
793 1427 828 1453 ita
843 1425 916 1453 fecit.

456 1495 494 1522 De
507 1495 601 1522 abbate
619 1494 739 1522 Silvano.

237 1552 264 1579 l.
286 1551 341 1587 (58)
359 1553 541 1580 Accesserunt
552 1550 702 1585 aliquando
717 1550 803 1577 abbas
817 1549 945 1576 Silvanus
965 1553 992 1576 et

1039 277 1171 312 Λέγουσιν
1185 278 1274 313 αὐτῷ·
1288 279 1320 305 Τί
1332 279 1450 314 βλέπεις,
1468 280 1556 311 ἀ66ἇ;
1572 280 1628 306 Καὶ
1642 279 1716 313 λέγει
1730 279 1834 311 αὐτοῖς’

1045 324 1116 360 ὐρῶ
1129 333 1205 357 τινας
1217 325 1342 357 ἐλθόντας
1362 326 1405 352 ἐπ’
1424 327 1483 361 ἐμὲ,
1502 327 1548 352 καὶ
1570 325 1722 361 παρακαλῶ
1736 326 1835 356 αὐτοὺς

1040 371 1084 397 ἵνα
1101 371 1203 398 ἐάσωσι
1224 380 1257 406 με
1275 371 1372 407 μικρὸν
1395 373 1569 408 μετανοῆσαι.
1592 372 1673 406 Λέγει
1698 371 1771 407 αὐτῷ
1793 368 1835 402 εἷς

1039 417 1095 444 τῶν
1116 418 1267 453 γερόντων·
1286 418 1342 444 Καὶ
1359 418 1405 444 ἐὰν
1423 418 1524 445 ὲάσωσί
1546 426 1585 450 σε,
1599 418 1701 452 ἀπάρτι
1722 417 1835 444 δύνασαι

1039 464 1222 500 χρησιμεῦσαι
1241 465 1280 496 εἰς
1301 465 1466 500 μετάνοιανς
1490 465 1571 499 Λέγει
1595 465 1668 500 αὐτῷ
1688 465 1702 490 6
1725 463 1832 499 γέρων·

1039 510 1070 536 Ei
1086 510 1114 536 δὲ
1126 511 1156 537 οὐ
1174 510 1291 546 δύναμαι
1306 511 1427 546 ποιῆσαι,
1440 511 1508 537 ἀλλὰ
1533 510 1653 542 στενάζω
1675 510 1767 537 ἐπάνω
1784 510 1835 544 τῆς

1038 556 1128 592 ψυχῆς
1145 566 1195 592 μου
1208 557 1316 593 μικρὸν,
1333 558 1380 584 καὶ
1393 558 1473 593 ἀρκεῖ
1488 565 1544 593 μοι.

1074 649 1105 672 ν’.
1120 645 1235 680 Ἔλεγον
1251 645 1374 681 περὶτοῦ
1390 646 1462 672 ὰ66ἇ
1476 645 1568 681 Σισόη,
1583 646 1622 672 ὅτι
1637 645 1682 672 ὅτε
1701 643 1782 680 ἦλθεν
1795 645 1836 676 είς

1038 692 1068 718 τὸ
1089 692 1217 727 Κλύσμα,
1242 692 1390 728 ἠσθένησε·
1411 692 1458 719 καὶ
1479 692 1634 727 καθημένου
1659 691 1742 718 αὐτοῦ
1767 691 1838 726 μετὰ

1038 737 1084 764 τοῦ
1108 737 1229 774 μαθητοῦ
1254 738 1335 765 αὑτοῦ
1362 739 1401 770 εἰς
1428 738 1478 774 τὴν
1503 738 1610 769 κέλλαν,
1633 738 1688 764 ἰδοὺ
1710 737 1838 774 κροῦσμα

1038 783 1150 817 γέγονεν
1172 785 1212 815 εἰς
1230 784 1280 819 τὴν
1299 783 1394 820 θύραν.
1418 784 1473 811 Καὶ
1487 785 1585 819 νοήσας
1607 785 1621 810 6
1639 783 1740 818 γέρων,
1762 782 1837 817 λέγει

1037 829 1077 864 τῷ
1104 829 1211 865 μαθητῇ
1237 830 1318 856 αὑτοῦ
1347 830 1482 866 ’Λὸραάμο
1510 829 1577 856 Εἰπὲ
1604 829 1643 864 τῷ
1670 830 1836 864 κρούσαντιν

1045 875 1116 910 Ἐγὼ
1129 876 1226 911 Σισὸης
1244 877 1284 907 εἰς
1309 876 1339 902 τὸ
1363 876 1434 911 ὔρος,
1449 875 1504 910 ἐγὼ
1522 875 1618 910 Σισόης
1639 876 1678 907 είς
1698 874 1729 901 τὸ
1751 875 1838 910 χαρά-

1039 922 1122 958 δριον.
1142 923 1171 949 '0
1188 922 1216 948 δὲ
1235 922 1357 954 ἀκούσας
1372 922 1477 958 ἀφανὴς
1491 922 1609 956 ἐγένετο.

1075 971 1123 994 να¹.
1145 966 1227 994 Εἶπεν
1242 970 1256 995 6
1271 969 1357 1000 ἁϐϐᾶς
1377 969 1474 1004 Σισὸης
1498 969 1512 994 ὁ
1533 968 1650 1004 Θηϐαῖος
1670 967 1709 1002 τῷ
1729 967 1837 1002 μαθητῇ

1040 1014 1139 1041 αὐτοῦ·
1157 1014 1225 1041 Εἰπέ
1241 1023 1285 1050 μοι
1302 1015 1328 1041 τί
1345 1015 1453 1050 βλέπεις
1469 1015 1507 1046 εἰς
1527 1015 1586 1049 ἐμὲ,
1607 1013 1684 1048 κάγὼ
1702 1022 1741 1040 σοι
1766 1013 1841 1047 λέγω

1039 1060 1065 1086 τί
1080 1060 1172 1095 βλέπω
1187 1062 1226 1092 είς
1240 1061 1279 1088 σέ.
1297 1061 1380 1095 Λέγει
1399 1061 1475 1096 αὑτῷ
1496 1061 1510 1087 ὁ
1537 1060 1660 1096 μαθητὴς
1680 1058 1780 1085 αὐτοῦ*
1800 1059 1839 1085 Σὺ

1039 1106 1122 1138 καλὸς
1137 1106 1177 1142 τῷ
1190 1106 1238 1142 νῷ,
1256 1107 1303 1133 καὶ
1317 1107 1433 1141 σκληρὸς
1449 1106 1555 1142 μικρόν.
1569 1106 1650 1140 Λέγει
1671 1105 1746 1140 αὐτῷ
1760 1105 1775 1131 6
1789 1104 1838 1139 γέ·-

1041 1161 1110 1190 ρων⁹
1124 1153 1160 1180 Σὺ
1178 1152 1260 1184 καλὸς
1272 1151 1307 1184 εἷ,
1322 1153 1389 1179 ἀλλὰ
1401 1152 1499 1188 χαῦνος
1515 1151 1553 1188 τῷ
1570 1152 1618 1188 νῷ.

1076 1199 1125 1234 νβ’.
1141 1199 1254 1233 Ἔλεγον
1266 1199 1329 1234 περὶ
1343 1199 1390 1225 τοῦ
1405 1198 1477 1225 ἁὸΰᾶ
1493 1198 1573 1234 Σισάη
1587 1198 1634 1224 τοῦ
1651 1197 1778 1233 Θηὸαἰου,
1797 1197 1839 1224 ὅτι

1042 1247 1091 1273 οὐκ
1101 1246 1193 1282 ἤσθιεν
1204 1246 1294 1281 ἄρτον.
1308 1247 1362 1272 Καὶ
1371 1248 1410 1277 είς
1420 1246 1468 1281 τὴν
1479 1246 1575 1281 ἑορτὴν
1585 1245 1630 1272 τοῦ
1640 1245 1735 1280 Πάσχα
1743 1245 1840 1271 ἔϐαλον

1041 1293 1116 1328 αὑτῷ
1143 1293 1286 1328 μετάνοιαν
1308 1293 1332 1319 οί
1356 1292 1477 1327 ἀδελφοὶ,
1498 1292 1541 1318 ἵνα
1559 1292 1632 1326 φάγῃ
1658 1293 1716 1326 μετ’
1737 1291 1838 1318 αὐτῶν.

1041 1340 1096 1366 Καὶ
1117 1338 1277 1374 ἀποκριθεὶς
1298 1336 1374 1365 εἶπεν
1397 1339 1505 1370 αὐτοῖς·
1524 1338 1573 1365 Ἐν
1591 1339 1645 1374 ἔχω
1668 1337 1796 1373 ποιῆσαι·
1820 1337 1838 1372 ἦ

1042 1385 1123 1420 ἄρτον
1136 1385 1189 1419 ἔχω
1203 1384 1362 1420 μεταλαϐεῖν
1371 1385 1404 1419 ,ἢ
1422 1386 1471 1411 ὅσα
1487 1385 1633 1420 ἐποιήσατε
1652 1384 1748 1418 φαγία.
1765 1385 1796 1410 Οἱ
1810 1384 1840 1410 δὲ

1042 1428 1118 1457 εἷπον
1129 1430 1213 1466 αὐτῷ·
1225 1431 1324 1466 νΛρτον
1337 1431 1416 1466 μόνον
1429 1431 1510 1466 φάγε.
1526 1431 1554 1457 ’0
1565 1431 1594 1457 δε
1606 1431 1732 1466 ἐποίησεν
1742 1430 1838 1461 οὕτως.

1230 1498 1300 1532 Περὶ
1317 1498 1371 1525 τοῦ
1387 1497 1462 1525 ἀϐὄᾶ
1476 1498 1644 1525 Σιλουιινσῦ
1656 1514 1664 1522 .

1078 1559 1112 1583 α’.
1125 1554 1266 1590 Παρέϐαλέ
1283 1563 1348 1581 ποτε
1362 1555 1376 1581 ὁ
1394 1554 1482 1585 άϐϐἄς
1494 1553 1636 1585 Σιλουανδς
1653 1553 1699 1580 καὶ
1722 1553 1737 1580 6
1753 1552 1843 1587 p.an-

201 1597 351 1626 Zacbarias
368 1598 521 1632 discipulus
548 1597 609 1632 ejus
633 1597 667 1624 ad
688 1596 825 1631 quoddam
853 1599 990 1622 monaste-

1047 1602 1092 1636 τὴς
1106 1589 1188 1628 αὐτου
1202 1599 1340 1636 Ζαχαρίας
1359 1601 1399 1630 εἰς
1425 1599 1622 1635 μοναστήριον·
1645 1598 1692 1625 καὶ
1709 1599 1842 1632 ὲποίησαν

201 1646 292 1677 rium,
314 1645 360 1671 ubi
386 1644 474 1672 adacti
497 1647 561 1672 sunt
583 1643 617 1670 ad
641 1650 737 1678 parum
753 1643 807 1670 cibi
828 1642 991 1669 sumendum

202 1697 348 1727 antequam
379 1691 634 1726 proficiscerentur.
667 1689 735 1716 Cum
766 1693 857 1716 autem
886 1688 990 1723 egressi

201 1738 331 1770 filiasent,
344 1738 498 1772 discipulus
513 1737 572 1771 ejus
588 1737 615 1763 in
631 1736 672 1762 via
682 1743 780 1770 aquam
797 1734 908 1770 reperit,
923 1734 992 1761 vole-

201 1785 302 1820 liatque
323 1785 426 1812 bibere.
443 1785 488 1810 Ait
511 1784 550 1810 illi
571 1791 654 1810 senex
670 1790 676 1797 ·
694 1782 836 1812 Zacltaria,
855 1781 936 1808 hodie
951 1781 993 1815 je—

200 1830 307 1863 junium
328 1834 381 1856 est.
402 1829 448 1856 lllc
470 1828 577 1863 excepit
595 1837 601 1854 :
618 1827 713 1854 Nonne
730 1826 912 1856 comedimus.
941 1826 992 1852 Pa—

203 1876 266 1903 ter?
298 1874 449 1910 Respondit
479 1882 562 1901 senex
590 1882 596 1899 :
620 1874 666 1901 Illa
686 1874 821 1901 comestio
847 1873 992 1900 ebarilatis

203 1923 268 1954 fuit;
291 1930 341 1949 nos
356 1912 446 1949 autem
465 1921 601 1956 jejunium
623 1924 748 1947 nostrum
772 1923 925 1950 teneamus,
943 1919 991 1946 fili.

238 1969 265 1996 Ξ.
286 1968 343 2002 ιόεὶ)
365 1967 448 2000 Idem,
472 1967 572 1995 sedens
596 1967 747 2001 aliquando
765 1974 829 1993 cum
848 1966 992 1997 fratribus,

203 2015 232 2042 in
253 2015 384 2042 exstasim
402 2015 542 2049 abreptus,
561 2013 662 2041 cecidit
685 2014 712 2040 in
735 2013 832 2040 faciem
844 2022 851 2046 ;
865 2017 893 2040 et
908 2013 994 2040 multo

203 2065 266 2096 post
291 2068 407 2096 surgens
428 2061 563 2095 plorabat.
589 2060 764 2094 Rogaveruut
791 2067 855 2086 eum
881 2058 991 2090 fratres,

203 2108 328 2135 dicentes
344 2117 350 2134 :
371 2107 442 2140 Quid
460 2107 556 2139 babes,
574 2107 674 2134 Pater?
694 2106 741 2133 llle
759 2114 823 2133 vero
845 2106 952 2132 tacebat
966 2110 994 2132 et

203 2154 338 2190 plorabat.
352 2153 476 2188 Cumque
486 2157 616 2188 cogerent
626 2161 688 2180 eum
701 2153 774 2187 loqui
787 2161 794 2179 :
808 2151 875 2187 Ego,
892 2152 992 2186 inquit.

203 2201 238 2227 ad
261 2200 395 2234 judicium
421 2204 516 2234 raptus
537 2207 617 2229 sum:
637 2199 825 2233 conspexique
847 2198 948 2225 multos
961 2198 994 2225 de

202 2254 304 2282 genere
315 2250 412 2273 nostro
429 2250 525 2273 euntes
543 2245 576 2272 ad
589 2245 764 2279 supplicium,
785 2244 886 2270 multos
902 2248 992 2270 autem

203 2301 218 2321 e
230 2293 412 2321 saecularibus
424 2296 522 2320 euntes
534 2291 569 2318 ad
584 2299 709 2326 regnum.
726 2290 758 2317 Et
772 2291 882 2325 lugebat
896 2297 991 2321 senex,

203 2347 236 2367 ac
251 2339 360 2367 nolebat
372 2339 448 2366 exire
461 2347 477 2366 e
495 2338 563 2365 cella
578 2345 638 2366 sua.
652 2337 731 2370 Quod
749 2337 771 2365 si
788 2337 864 2364 exire
881 2343 994 2370 cogere-

203 2391 260 2418 tur,
280 2387 422 2422 operiebat
443 2386 550 2413 cuculla
573 2385 669 2412 faciem
693 2393 782 2416 suam,
806 2383 991 2418 dicebatque:

204 2434 274 2466 Quid
300 2433 409 2468 cupiam
435 2433 527 2460 videre
544 2432 634 2459 lutuen
664 2431 715 2458 hoc
743 2430 902 2465 temporale,
920 2429 993 2463 quod

204 2479 238 2506 ad
250 2479 317 2506 nihil
334 2479 400 2506 utile
415 2478 481 2505 est?

1044 1648 1141 1680 αὐτοὺς
1156 1647 1305 1681 γεύσασθαι
1323 1647 1420 1682 μικρὸν
1432 1646 1484 1681 πρὸ
1499 1645 1546 1672 τοῦ
1564 1644 1681 1672 ὁδεῦσαι.
1698 1645 1752 1671 Καὶ
1767 1644 1841 1678 εξελ-

1045 1694 1144 1721 θόντων
1159 1693 1258 1726 αὐτῶν,
1280 1689 1359 1729 εὗρεν
1377 1694 1391 1720 ὁ
1416 1692 1540 1728 μαθητὴς
1565 1691 1646 1718 αὐτοῦ
1670 1690 1743 1726 ὕδωρ
1759 1691 1787 1717 ὲν
1806 1691 1840 1726 τῇ

1043 1741 1105 1776 ὀδῷ,
1120 1741 1166 1766 καὶ
1181 1739 1259 1775 ἤθελε
1273 1741 1354 1766 πιεῖν.
1377 1739 1432 1766 Καὶ
1454 1739 1528 1772 λέγει
1549 1737 1622 1772 αὐτῷ
1637 1738 1651 1763 6
1667 1736 1755 1772 γέρων
1765 1744 1772 1751 ·
1786 1737 1841 1762 Ζα-

1044 1788 1136 1823 χαρία,
1149 1785 1260 1822 νηστεία
1278 1787 1397 1821 σήμερον
1413 1785 1480 1819 (60).
1505 1785 1533 1810 '0
1550 1784 1577 1810 δὲ
1593 1783 1683 1817 λέγει’
1701 1782 1757 1809 οὑκ
1773 1782 1843 1816 ἐφά-

1044 1842 1140 1868 γομεν,
1157 1833 1268 1867 Πάτερ;
1290 1832 1371 1865 Λέγει
1398 1832 1411 1857 6
1436 1830 1542 1865 γέρων·
1567 1829 1670 1856 Ἐκεῖνο
1683 1828 1724 1860 τὸ,
1740 1828 1841 1862 ἐφάγο-

1047 1888 1096 1914 μεν
1103 1879 1136 1911 ³⁸,
1152 1878 1201 1913 τῆς
1212 1879 1324 1913 ἀγάπης
1338 1875 1372 1913 ἦν
1382 1886 1388 1892 ·
1401 1878 1483 1912 ἡμεῖς
1497 1876 1524 1902 δὲ
1537 1875 1587 1911 τὴν
1598 1874 1701 1902 ἑαυτῶν
1715 1874 1843 1910 νηστείαν

1045 1926 1236 1961 κρατήσωμεν,
1251 1923 1356 1950 τέκνον.

1081 1970 1113 2005 β’.
1135 1971 1164 1995 ὐ
1177 1968 1259 2000 αὐτὸς
1274 1967 1455 2003 καθεζόμενός
1470 1975 1535 1993 ποτε
1551 1966 1620 2002 μετὰ
1634 1965 1767 2000 ἀδελφῶν,
1783 1964 1843 1999 ἐγέ-

1044 2024 1105 2051 νετο
1115 2016 1144 2041 ἐν
1158 2015 1295 2045 ἐκστάσει,
1307 2013 1354 2040 καὶ
1370 2013 1463 2039 πίπτει
1479 2013 1524 2038 ἐπὶ
1538 2012 1696 2046 πρόσωπον·
1712 2011 1759 2037 καὶ
1772 2010 1843 2045 μετὰ

1046 2060 1113 2086 πολὺ
1139 2059 1258 2090 ἀναστὰς
1285 2058 1385 2084 ἔκλαιε.
1414 2057 1469 2083 Καὶ
1496 2056 1685 2092 παρεκάλεσαν
1710 2055 1790 2082 αὐτὸν
1817 2055 1843 2081 οἱ

1045 2106 1164 2140 ἀδελφοὶ,
1187 2105 1327 2139 λέγοντες·
1349 2099 1381 2130 Ti
1401 2103 1482 2138 ἔχεις,
1507 2102 1615 2137 Πάτερ;
1641 2102 1670 2128 ὐ
1685 2100 1713 2128 δὲ
1735 2100 1844 2127 ἐσιώπα

1045 2150 1092 2176 καὶ
1107 2150 1225 2176 ἔκλαιεν.
1247 2148 1465 2183 ’Δναγκαζὸντων
1485 2147 1512 2174 δὲ
1532 2147 1621 2174 αὐτῶν
1638 2148 1735 2178 εἰπεῖν,
1747 2144 1841 2172 εἶπεν·

1051 2195 1122 2230 Ἐγὼ
1136 2197 1175 2227 είς
1189 2196 1238 2231 τὴν
1254 2195 1342 2231 κρίσιν
1357 2195 1485 2230 ἡρπάγην
1495 2203 1501 2209 ”
1517 2195 1564 2220 καὶ
1582 2191 1650 2220 εἶδον
1666 2193 1778 2224 πολλοὺς
1793 2192 1843 2219 τοῦ

1010 2261 1031 2288 D
1045 2243 1140 2276 γένους
1154 2242 1232 2278 ἡμῶν
1249 2242 1452 2277 ἀπερχομένους
1471 2242 1510 2271 εἰς
1527 2240 1647 2271 κόλασιν,
1664 2240 1711 2266 καὶ
1728 2239 1844 2271 πολλοὺς

1046 2289 1100 2316 τῶν
1114 2289 1253 2318 κοσμικῶν
1265 2288 1468 2323 ἀπερχομένους
1483 2288 1522 2318 εἰς
1533 2286 1681 2321 βασιλείανζ
1696 2287 1750 2312 Καὶ
1763 2286 1844 2312 ἐπέν-

1049 2335 1090 2360 θει
1106 2335 1120 2360 6
1135 2334 1235 2369 γέρων,
1255 2334 1302 2360 καὶ
1316 2334 1366 2360 οὐκ
1380 2333 1474 2368 ἤθελεν
1488 2331 1604 2363 ἐξελθεῖν
1621 2332 1653 2358 ὲκ
1668 2331 1716 2358 τοῦ
1735 2331 1844 2360 κελλιου

1048 2380 1141 2407 αὑτοῦ.
1163 2381 1194 2407 Εἰ
1215 2380 1243 2406 δὲ
1259 2380 1306 2406 καὶ
1320 2378 1490 2414 ἠναγκάζετο
1504 2378 1620 2412 ἐξελθεῖν
1631 2378 1664 2409 ³⁸,
1680 2378 1779 2404 ἕσκεπε
1803 2378 1843 2412 τῷ

1048 2427 1197 2462 κουκουλίῳ
1212 2427 1267 2461 (6i)
1283 2426 1315 2452 τὺ
1329 2425 1473 2461 πρόσωπον
1492 2425 1574 2452 αὐτοῦ
1584 2444 1591 2456 ,
1607 2424 1708 2458 λέγων·
1727 2424 1759 2450 Τί
1773 2424 1842 2451 Θέλω

1050 2473 1113 2498 ἰδεῖν
1137 2473 1166 2499 τὸ
1187 2472 1244 2506 φῶς
1267 2472 1345 2498 τοῦτο
1369 2472 1399 2498 τὸ
1422 2471 1598 2506 πρόσκαιρον,
1622 2471 1669 2497 καὶ
1684 2470 1759 2497 οὐδὲν
1780 2471 1843 2506 ἔχον

1048 2519 1144 2553 ὄφελος
1153 2527 1160 2551 ;

239 2582 262 2597 ¹⁹
283 2581 326 2607 AI.
338 2579 478 2616 Πατέρων.
518 2579 540 2594 ³⁸
552 2578 595 2604 Al.
609 2579 715 2612 φαγεῖν.
754 2577 774 2592 ³⁸
789 2577 832 2603 Al.
850 2576 913 2603 add.
929 2576 961 2602 ἐκ
976 2585 990 2601 τ

1047 2575 1146 2602 ιελλίου
1162 2574 1254 2601 αὐτοῦ.

240 2650 297 2686 (58)
323 2649 375 2686 χιι.
390 2649 466 2686 ζαιν.
486 2655 529 2679 ιιι,

239 2682 296 2720 (59)
323 2684 374 2712 Vit.
388 2684 464 2711 Patr.
481 2693 523 2720 ιιι,
539 2682 582 2709 l5.

239 2716 295 2756 (60)
318 2721 426 2747 Ἤθελε
440 2718 552 2756 πιεῖν...
573 2718 706 2756 νηστεία
723 2716 868 2756 σήμερον.
938 2721 996 2756 past

201 2752 324 2784 somnum
339 2760 417 2782 noctu
429 2753 600 2788 evigilaverit,
620 2758 693 2783 oret;
708 2752 732 2779 si
744 2753 816 2788 sitire
830 2753 944 2788 caipert‘t,
956 2752 998 2785 je-

203 2793 270 2824 iunii
284 2797 372 2818 autem
386 2787 544 2821 instut'dies,
562 2788 646 2814 bibere
664 2796 715 2814 non
727 2787 843 2814 audebit.
858 2787 997 2814 Pachumii

205 2827 303 2862 lle-gula
321 2825 442 2860 capitulo
459 2825 504 2862 87:

238 2857 294 2897 (61)
317 2857 450 2897 Ἐὰκεπε
473 2859 513 2892 τῷ
537 2859 716 2897 κουκιψλίῳ.
736 2857 874 2897 Enimvero
888 2857 996 2891 quidam

205 2893 354 2925 mactarunt
379 2896 504 2928 Patrum,
523 2894 568 2922 ubi
592 2894 658 2921 cella
675 2893 802 2928 prodiret,
821 2897 996 2927 tegumentum

1047 2644 1126 2678 capiti
1142 2643 1300 2677 imponebat,
1313 2651 1343 2669 ne
1355 2643 1438 2669 aciem
1455 2643 1482 2668 iu
1497 2642 1560 2678 solis
1572 2642 1656 2677 jubar
1667 2642 1812 2670 intendere!
1829 2650 1841 2670 .'

1045 2677 1204 2714 causamque
1216 2683 1323 2713 fugatus
1341 2678 1473 2711 respondit
1487 2686 1495 2703 .'
1514 2677 1614 2712 Ecquid
1627 2683 1666 2704 est
1678 2686 1724 2704 cur
1741 2683 1839 2714 ιεηιρο-

1049 2715 1151 2742 ιιιτὶιιιιι
1172 2714 1258 2740 lumen
1277 2714 1362 2740 videre
1378 2714 1474 2741 uelim?
1488 2713 1581 2739 (lrzeee
1598 2721 1631 2740 ex
1648 2721 1713 2741 mss.
1727 2721 1734 2739 :
1751 2713 1838 2748 Καιγε

1048 2759 1094 2790 τις⁵
1105 2750 1159 2776 τῶν
1174 2749 1258 2790 ἁγίῳν
1275 2749 1425 2790 ﬂata-Epona:
1441 2749 1523 2790 ἡνίκα
1550 2747 1601 2782 τῆς
1611 2747 1837 2790 μέλλῃ-προῄει,

1050 2784 1244 2826 κάλυμμα-ἐπὶ
1255 2784 1304 2826 την
1322 2784 1442 2825 κεφαλὴν
1460 2784 1553 2826 stipat,
1570 2783 1678 2826 3965,16
1695 2784 1732 2818 μὴ
1750 2783 1839 2826 ᾁτενὶ-

1048 2829 1093 2848 σαι
1107 2818 1161 2855 (Al.
1182 2818 1345 2855 ἐνατενίσαι)
1358 2818 1425 2855 τὴν
1439 2819 1527 2855 αὐγὴν
1543 2818 1590 2844 τοῦ
1607 2818 1765 2855 ἡλίουκΚαι
1789 2820 1834 2855 ξπ-

1047 2853 1222 2890 ερωτώμενος
1235 2854 1284 2889 τὴν
1307 2853 1401 2890 αἰτίαν
1424 2853 1743 2890 ἁπεκρίνατοχΤί-θέλω
1757 2854 1842 2880 τοῦτο

1046 2881 1076 2917 =6
1086 2881 1150 2925 φῶξ
1157 2891 1186 2917 τὸ
1202 2881 1367 2925 ιξρόᾶκαιρον
1384 2889 1464 2922 ἱδεῖν;
1479 2881 1579 2917 Tlteod-
1602 2888 1710 2916 Studita
1722 2894 1776 2917 eat.
1797 2890 1843 2917 ts.
