1978 3075
123 172 179 201 6419

683 173 990 201 APOPHTHEGMATA
1011 174 1168 204 PATRUM.

1708 177 1762 206 £10

161 234 195 263 γ’.
214 230 326 257 Ἀλλοτε
343 229 466 266 εἰσ-ἦλθεν
486 230 500 256 6
523 230 645 266 μαθητὴς
667 230 748 257 αὐτοῦ
771 232 917 268 Ζαχαρίας,

1009 233 1037 260 3.
1059 232 1130 268 (62)
1147 232 1208 260 Alio
1233 236 1356 267 tempore
1378 232 1520 267 ingressus
1544 236 1587 260 est
1611 232 1764 268 discipulus

124 277 173 302 καὶ
189 272 269 313 εὗρεν
285 276 366 303 αὐτὴν
377 277 405 302 ὲν
422 277 559 308 ἐκστάσει,
576 277 623 303 καὶ
637 277 665 303 αἱ
681 277 771 312 χεῖρες
784 278 866 305 αὐτοῦ
881 279 920 310 εὶς

122 322 170 348 τὸν
188 322 300 356 οὐρανὸν
315 322 486 357 ἡπλωμέναι.
509 323 564 349 Καὶ
586 322 696 354 κλείσας
716 323 765 359 τὴν
781 323 865 359 θύραν
875 323 920 356 ἐξ-

123 367 202 402 ῆλθε,
213 368 269 394 Καὶ
283 367 367 394 ἐλθὼν
383 369 446 403 περὶ
457 367 531 404 ὤραν
547 368 628 404 ἕκτην
644 368 691 395 καὶ
706 368 829 404 ἐννὰτην,
841 366 919 404 εὗρεν

126 413 208 440 αὐτὸν
222 413 317 445 οὕτως.
343 414 398 440 Καὶ
415 414 478 449 περὶ
501 413 574 449 ὤραν
589 414 705 449 δεκάτην
724 413 853 449 ἔκρουσε·
872 414 919 440 καὶ

125 458 263 490 εἰσελθὼν,
277 456 356 494 εὗρεν
373 459 452 485 αὐτὸν
470 458 651 494 ἡσυχάζοντα,
668 459 715 485 καὶ
735 459 809 494 λέγει
829 459 919 494 αὐτῷ·

125 502 157 528 Τί
179 503 251 538 ἔχεις
274 504 404 539 σήμερον,
423 504 532 539 Πάτερ;
556 504 586 531 '0
608 504 636 530 δὲ
658 502 751 531 εἶπεν·
767 504 919 539 Ἠσθένησα

125 548 254 583 σήμερον,
266 548 370 575 τέκνον.
389 549 417 575 '0
434 549 462 574 δὲ
482 551 620 585 κρατήσας
642 551 705 581 τοὺς
723 549 807 581 πόδας
823 549 917 582 αὑτοῦ,

124 593 233 627 ἔλεγενο
248 594 284 620 Οὺ
302 595 339 629 μή
353 602 383 620 σε
399 594 481 626 ἐάσω,
501 594 548 620 ἐὰν
567 594 604 630 μὴ
625 596 704 631 εἴπῃς
718 604 762 631 μοι
788 596 814 622 τί
837 593 916 628 εἶδες.

124 639 206 673 Λέγει
223 640 296 674 αὑτῴ
309 640 322 666 6
334 640 422 675 γέρων
432 649 439 656 ·
459 639 529 674 Ἐγὼ
540 642 580 672 εἰς
594 641 639 667 τὸν
651 641 764 677 οὐρανὸν
779 642 917 677 ήρπάγην,

123 685 172 711 καὶ
186 683 256 712 εἶδον
270 686 318 721 τὴν
329 686 408 718 δόξαν
423 686 470 713 τοῦ
492 686 571 719 Θεοῦ,
591 687 639 714 καὶ
658 688 717 714 ἐκεῖ
739 688 854 723 ἱστάμην
867 688 919 720 ἕως

123 732 199 767 ἄρτι,
211 733 258 760 καὶ
272 733 319 759 νῦν
335 733 482 769 ἁπελύθην.

157 831 189 858 δ’.
213 831 402 868 Καθεζομένου
423 833 487 860 ποτὲ
511 834 558 860 τοῦ
577 834 650 861 eaea
669 833 812 861 Σιλουανοῦ
834 835 874 866 εἰς
888 833 919 861 τδ

121 875 185 912 ὅρος
201 877 230 902 τὸ
253 877 327 910 Σινὰ,
351 878 472 913 ἀπῆλθεν
494 880 508 905 6
532 879 656 915 μαθητὴς
677 880 759 906 αὐτοῦ
781 881 918 916 Ζαχαρίας

121 923 163 953 είς
186 922 332 954 διακονίαν,
357 925 404 951 καὶ
429 925 504 959 λέγει
523 925 562 960 τῷ
583 925 708 961 γέροντι·
726 926 871 952 ’Λπόλυσον
887 926 918 952 τὸ
934 919 954 946 Β

121 967 204 1002 ὓδωρ,
219 969 266 994 καὶ
280 969 389 996 πότισον
408 970 454 997 τὸν
470 971 568 1006 κῆπον.
585 971 614 997 ‘0
637 971 665 997 δὲ
686 969 800 1003 ἐξελθὼν
817 971 918 997 ἑσκεπε

119 1013 171 1049 τὴν
191 1014 252 1048 ὕψιν
278 1015 361 1042 αὐτοῦ
386 1016 425 1051 τῷ
449 1017 610 1052 κουκουλίῳ,
635 1017 682 1043 καὶ
701 1017 779 1053 μόνον
799 1017 834 1044 τὰ
857 1017 917 1053 ἴχνη

120 1060 205 1086 αὐτοῦ
223 1060 329 1088 ἕϐλεπε.
343 1062 486 1097 Παρέὸαλε
503 1063 531 1089 δὲ
544 1063 655 1097 ἀδελφὸς
672 1063 695 1079 ³¹
711 1063 779 1098 αὐτῇ
793 1065 826 1098 τῇ
843 1063 917 1099 ὥρᾳ⁸

120 1107 170 1133 καὶ
189 1106 250 1133 ἰδὼν
263 1107 343 1134 αὑτὸν
358 1108 412 1134 ἀπὸ
428 1110 575 1144 μακρόθεν,
595 1110 718 1136 κατενόει
734 1110 761 1136 τί
778 1110 916 1145 ἐποίησεν.

120 1153 257 1180 Εἰσελθὼν
271 1155 299 1181 δὲ
312 1155 325 1181 6
340 1155 453 1190 ἀδελφὸς
470 1156 538 1191 πρὸς
553 1155 644 1188 αὐτὸν,
665 1152 759 1182 εἶπεν·
774 1154 842 1181 Εἰπέ
861 1164 917 1190 μοι,

122 1199 204 1232 ἀδεᾶ,
217 1199 244 1226 τί
262 1200 291 1226 τὸ
305 1201 449 1236 πρόσωπόν
464 1210 510 1227 σου
521 1201 730 1232 κατεσκέπασας
747 1200 787 1236 τῷ
802 1209 918 1227 κουκου-

121 1244 183 1281 λὶῳ,
207 1247 253 1272 καὶ
271 1246 356 1278 οὕτως
375 1247 420 1273 τὸν
445 1247 532 1281 κῆπον
552 1246 688 1279 ὲπότιζες;
713 1245 794 1280 Λέγει
813 1246 886 1282 αὐτῷ
903 1247 918 1274 ὁ

120 1290 224 1326 γέρωνο
243 1291 352 1324 Τέκνον,
371 1292 415 1318 ἵνα
439 1292 475 1327 μὴ
499 1292 589 1318 ἴδωσιν
611 1293 636 1318 oi
655 1291 788 1326 ὀφθαλμοί
812 1299 862 1327 μου
882 1291 918 1318 τὰ

121 1335 227 1372 δένδρα,
240 1337 287 1363 καὶ
302 1337 476 1373 άπασχοληοῇ
489 1338 503 1364 6
517 1338 579 1370 νοῦς
593 1347 643 1374 μου
659 1338 713 1365 ἀπὸ
724 1338 774 1373 τῆς
786 1338 917 1374 ἐργασίας

121 1382 206 1409 αὐτοῦ
221 1383 260 1414 εἰς
275 1383 353 1411 αὐτά.

156 1444 187 1468 ε’.
211 1441 353 1477 Παρέὸαλέ
372 1450 414 1473 τις
433 1441 546 1476 ἁδελφὸς
566 1441 604 1477 τῷ
624 1442 697 1478 ἀὸὁᾷ
717 1442 854 1478 Σιλουανῷ
875 1443 915 1474 εἰς

121 1489 152 1515 τὸ
170 1489 232 1524 ὄρος
251 1490 281 1515 τὺ
295 1489 372 1517 Σινά·
394 1490 440 1516 καὶ
459 1489 519 1516 ἰδὼν
532 1490 596 1521 τοὺς
614 1489 743 1524 ἀδελφοὺς
758 1489 917 1525 ἐργαζομέ-

972 278 1031 312 ejus
1047 278 1196 306 Zacharias
1207 299 1214 311 ,
1229 283 1257 306 et
1275 278 1378 306 invenit
1397 286 1459 306 eum
1475 278 1502 305 in
1517 279 1636 311 exstasi,
1650 287 1763 307 manus-

970 332 1024 358 que
1041 324 1101 358 ejus
1123 324 1149 351 in
1170 325 1270 351 ccelum
1290 329 1410 351 extensa:
1428 328 1516 351 erant.
1539 324 1677 351 Claudens
1697 332 1763 360 ergo

969 369 1096 404 januam,
1113 370 1190 397 exiit.
1204 368 1303 396 Postea
1318 369 1435 396 veniens
1452 369 1526 396 circa
1546 368 1639 394 horam
1657 372 1761 395 sextam

972 419 998 442 et
1012 423 1125 448 nonam,
1139 416 1240 450 reperit
1251 415 1328 441 illum
1342 414 1367 441 in
1380 414 1474 441 eodem
1491 417 1575 440 statu.
1593 413 1673 440 Circa
1685 413 1760 440 deci—

970 468 1042 488 mam
1061 467 1125 487 vero
1153 460 1247 487 horam
1272 458 1391 494 pulsavit
1405 479 1411 490 ,
1437 465 1469 485 ac
1487 459 1593 484 intrans
1608 461 1705 484 nactus
1719 462 1763 484 est

970 507 1156 541 quiescentem
1175 526 1182 538 ,
1204 506 1296 540 aitque
1315 506 1353 532 illi
1371 514 1378 530 :
1394 504 1463 538 Quid
1480 504 1559 531 hodie
1583 503 1630 531 tibi
1644 508 1696 535 est,
1711 503 1762 530 Pa.

970 553 1028 580 ter?
1046 552 1217 587 Respondit:
1233 552 1319 580 liodie
1337 551 1463 578 inﬁrmus
1477 550 1525 583 fni,
1540 550 1586 576 illi.
1604 549 1694 576 Atille
1711 557 1762 584 ap—

970 599 1115 634 prehensis
1138 598 1253 633 pcdibus
1282 598 1354 632 ejus,
1375 597 1466 623 dixit:
1483 595 1542 622 Non
1563 602 1588 622 te
1610 596 1759 627 dimittam,

970 644 1024 672 nisi
1053 645 1118 671 mihi
1145 644 1311 671 indicaveris
1332 643 1462 678 quidnam
1483 642 1659 676 conspexisti.
1683 640 1761 668 Tunc

969 699 1054 718 senex
1070 692 1103 718 ad
1115 698 1177 718 eum
1201 698 1207 716 :
1225 690 1280 726 Ego
1295 691 1323 717 in
1340 690 1439 717 celum
1458 692 1564 723 raptus,
1576 688 1630 714 vidi
1647 687 1760 722 gloriam

969 736 1028 768 Dei,
1049 737 1159 771 illicque
1177 736 1240 763 steti
1257 736 1401 767 hactenus.
1426 739 1509 769 atque
1532 733 1614 760 modo
1630 733 1761 759 dimissus

969 791 1042 810 sum.

1003 839 1031 866 4.
1053 838 1110 873 (65)
1129 837 1277 865 Residente
1300 836 1448 872 aliquando
1475 836 1573 863 abbate
1596 835 1708 862 Silvano
1732 835 1761 861 in

971 890 1061 911 monte
1078 884 1154 916 Sina,
1167 883 1234 910 abiit
1248 882 1402 917 discipulus
1418 882 1477 916 ejus
1494 881 1642 909 Zacharias
1656 880 1689 908 ad
1708 880 1761 906 mi-

968 931 1122 962 nisterium,
1137 935 1165 956 et
1177 930 1215 956 ait
1231 929 1290 956 seni
1307 937 1313 954 :
1330 928 1440 955 Dimitte
1467 935 1578 962 aquam,
1595 932 1678 961 atque
1702 927 1760 961 riga

970 977 1090 1003 hortum.
1114 976 1163 1002 llle
1182 981 1271 1002 autem
1296 975 1402 1006 exiens,
1429 975 1537 1008 tegebat
1560 974 1654 1000 faciem
1682 980 1759 1000 suam

969 1023 1090 1054 cnculla,
1105 1026 1268 1056 tantumque
1281 1020 1390 1047 videbat
1404 1020 1437 1047 ad
1452 1019 1536 1054 pedes
1550 1027 1624 1046 suos.
1640 1019 1762 1045 Accessit

968 1068 1063 1095 eadem
1087 1067 1155 1094 hora
1179 1067 1292 1100 quidam
1310 1065 1414 1098 frater;
1435 1065 1482 1100 qui
1499 1064 1616 1092 intuitus
1635 1071 1650 1090 a
1670 1064 1760 1097 longe.

969 1113 1126 1140 attendebat
1139 1113 1204 1147 quid
1218 1112 1329 1139 faceret.
1339 1111 1364 1139 ls
1375 1112 1460 1138 frater
1475 1110 1508 1137 ad
1522 1110 1596 1137 illum
1608 1110 1759 1144 ingressus,

969 1161 1038 1188 dixit
1057 1169 1064 1186 :
1082 1160 1171 1192 Abba,
1185 1159 1267 1186 ellat'e
1282 1159 1359 1190 mihi,
1377 1167 1428 1185 cur
1450 1158 1547 1184 faciem
1562 1161 1637 1183 tuam
1654 1155 1761 1182 cut-ulla

968 1207 1110 1238 obtexisti,
1135 1210 1217 1240 atque
1239 1205 1275 1232 ita
1300 1205 1435 1240 irrigabas
1460 1202 1593 1230 hortum?
1611 1201 1763 1236 Respondit

969 1261 1053 1281 senex
1068 1263 1073 1280 :
1089 1252 1152 1284 FiliI
1168 1260 1203 1279 ne
1217 1252 1289 1279 oculi
1307 1251 1361 1279 mei
1381 1251 1507 1278 viderent
1527 1250 1651 1280 arbores.
1669 1255 1746 1276 mens

967 1308 1021 1334 que
1045 1304 1211 1327 avocaretur
1234 1298 1268 1325 ab
1289 1297 1450 1333 operatione
1474 1303 1540 1328 sua,
1570 1299 1703 1330 occupata
1731 1293 1760 1321 in

969 1346 1036 1373 illis.

1006 1445 1032 1472 5.
1055 1444 1111 1480 (64)
1132 1444 1250 1477 Quidam
1281 1443 1366 1470 frater
1396 1442 1430 1470 ad
1463 1442 1590 1469 abbatem
1620 1441 1759 1468 Silvanum

968 1490 1042 1516 venit
1056 1489 1083 1516 in
1099 1493 1218 1516 montem
1230 1487 1313 1520 Sina;
1331 1491 1358 1514 et
1376 1487 1472 1513 videns
1487 1486 1587 1512 fratres
1603 1488 1759 1520 operantes.

120 1543 195 1567 νους.
215 1533 276 1562 εἶπε
295 1535 334 1570 τῷ
355 1536 473 1571 γέροντι·
503 1536 546 1572 Μὴ
570 1536 719 1571 ἐργάζεσθε
741 1537 790 1572 τὴν
815 1537 916 1572 βρῶσιν

971 1535 1036 1563 dixit
1048 1535 1106 1562 seni
1127 1545 1132 1562 :
1151 1534 1190 1561 Ne
1210 1534 1360 1570 operemini
1383 1533 1475 1560 cibum
1491 1532 1537 1567 qni
1554 1532 1623 1566 perit
1641 1531 1673 1558 ³⁸.
1699 1531 1760 1557 Ma-

120 1580 171 1615 τὴν
194 1580 392 1616 ἀπολλυμένην.
421 1581 514 1617 Μαρια
540 1582 595 1617 γὰρ
619 1581 668 1617 τὴν
692 1582 796 1618 ἀγαθὴν
820 1582 917 1618 μερίδα

121 1626 270 1659 ἐξελέξατο.
297 1627 377 1661 Λέγει
395 1628 410 1654 6
425 1627 514 1663 γέρων
533 1627 572 1662 τῷ
593 1628 699 1664 μαθητῇ
716 1628 814 1655 αὐτοῦ·
831 1629 918 1664 Ζαχα-

122 1672 179 1708 ρία,
191 1672 236 1704 δὸς
246 1671 285 1708 τῷ
295 1672 402 1708 ἀδελφῷ
414 1673 525 1708 βιϐλίον,
534 1673 581 1700 καὶ
594 1672 656 1708 βάλε
668 1673 749 1700 αὖτδν
761 1675 801 1706 εἰς
811 1674 918 1701 κελλίον

123 1718 208 1754 μηδὲν
227 1719 300 1754 ἔχον.
318 1719 383 1745 Ὅτε
406 1717 452 1745 οὖν
473 1719 581 1754 ἐγένετο
601 1720 617 1755 ἡ
641 1719 700 1755 ὥρα
722 1720 774 1756 τῆς
792 1721 916 1756 ὲννάτης,

123 1765 251 1800 προσεῖχε
264 1766 296 1800 τῇ
311 1764 388 1800 θύρᾳ,
403 1765 427 1791 εἰ
441 1764 494 1799 ἄρα
510 1764 647 1800 πέμπουσι
660 1765 772 1792 καλέσαι
785 1766 865 1792 αὑτὸν
877 1767 918 1798 εἰς

123 1809 155 1836 τὺ
177 1811 284 1845 φαγεῖν.
304 1810 348 1841 Ὠς
371 1809 399 1835 δὲ
425 1809 511 1841 οὐδεὶς
533 1809 662 1837 ἐκάλεσεν
684 1810 776 1842 αὑτὸν,
800 1811 918 1843 ἀναστὰς

121 1852 188 1891 ἦλθε
202 1855 269 1891 πρὸς
287 1854 332 1881 τὸν
345 1854 469 1890 γέροντα,
485 1855 531 1881 καὶ
551 1855 624 1889 λέγει
642 1855 731 1890 αὐτῷ·
745 1855 801 1882 Οὐκ
817 1856 918 1891 ἔφαγον

124 1901 148 1926 oi
164 1900 274 1934 ἀδελφοὶ
288 1901 417 1936 σήμερον,
432 1900 518 1933 ἀ66ᾶ;
531 1901 612 1936 Λέγει
623 1902 697 1938 αὐτῷ
710 1903 725 1929 6
735 1903 824 1939 γέρων
833 1912 840 1919 ·
852 1904 916 1933 Ναί,

126 1944 194 1973 Εῐπε
218 1945 266 1972 δέ·
281 1946 358 1972 Διατί
386 1947 435 1972 οὐκ
462 1946 609 1973 ὲκαλέσατέ
637 1956 685 1983 με;
713 1949 795 1983 Λέγει
816 1949 890 1984 αὐτῷ
905 1951 919 1975 6

122 1993 230 2028 γέρων·
253 1991 361 2027 Ἐπειδὴ
384 1992 525 2028 ἄνθρωπος
550 1994 733 2029 πνευματικὸς
756 1991 791 2027 εἴ,
815 1995 861 2021 καὶ
887 1996 917 2022 οὺ

122 2038 219 2074 χρείαν
232 2037 304 2073 ἔχεις
322 2038 372 2073 τῆς
387 2037 514 2073 βρώσεως
531 2039 647 2075 ταύτης·
666 2041 745 2075 ἡμεῖς
770 2040 799 2066 δὲ
825 2049 919 2076 σαρκι-

124 2085 168 2112 κοὶ
182 2084 259 2116 ὅντες
274 2085 388 2120 θέλομεν
402 2087 509 2119 φαγεῖν,
524 2087 571 2112 καὶ
581 2086 626 2113 διὰ
638 2086 717 2113 τοῦτο
729 2085 901 2122 ἐργαζόμεθα
910 2097 916 2104 -

124 2130 156 2156 σὺ
175 2130 203 2157 δὲ
217 2131 265 2167 τὴν
280 2132 366 2167 καλὴν
387 2132 483 2167 μερίδα
505 2132 628 2165 ἐξελέξω,
642 2133 835 2167 ἀναγινώσκων
855 2133 918 2169 ὅλην

123 2177 173 2212 τὴν
187 2178 303 2213 ἡμέραν,
316 2178 362 2205 καὶ
380 2178 410 2204 οὺ
431 2178 518 2210 θέλεις
541 2181 638 2213 φαγεῖν
655 2179 787 2215 σαρκικὴν
805 2179 917 2214 βρῶσιν.

124 2223 181 2250 Καὶ
193 2223 230 2256 ὼς
243 2224 343 2258 ἤκουσε
354 2223 451 2255 ταῦτα,
464 2224 542 2251 ἔϐαλε
564 2226 718 2260 μετάνοιαν,
732 2226 818 2259 λέγων
830 2235 836 2241 ·
851 2226 920 2260 Συγ-

123 2269 249 2305 χώρησόν
272 2279 326 2305 μοι,
348 2270 428 2297 assa.
445 2270 527 2304 Λέγει
548 2271 624 2306 αὐτῷ
645 2272 660 2297 6
679 2272 779 2305 γέρων·
808 2272 920 2303 Πάντως

123 2316 220 2350 χρείαν
236 2316 292 2351 ἔχει
309 2316 356 2343 καὶ
378 2317 394 2352 ἡ
412 2315 503 2351 Μαρία
527 2317 575 2352 τῆς
600 2317 729 2353 Μάρθας⁴
745 2317 787 2344 διὰ
799 2317 852 2353 γὰρ
871 2317 919 2353 τῆς

122 2361 239 2397 Μάρθας
255 2363 302 2388 καὶ
315 2363 331 2397 ἠ
347 2363 439 2399 Μαρία
457 2363 670 2398 ὲγκωμιάζεται.

160 2422 198 2451 ς’.
219 2418 378 2455 Ἦρώτησάν
395 2428 460 2447 ποτε
476 2419 521 2446 τὸν
545 2419 632 2447 ἀϐϐᾶν
653 2419 807 2460 Σιλουανὺν,
825 2419 917 2454 λέγον-

122 2471 180 2495 τες·
193 2464 278 2490 Ποίαν
290 2464 429 2492 πολιτείαν
437 2465 568 2502 εέργάσω,
577 2466 708 2501 Πάτερ³¹,
721 2465 765 2492 ἵνα
777 2465 863 2502 λάὸῃς
871 2465 922 2500 τὴν

125 2510 259 2546 φρόνησιν
272 2511 390 2546 ταύτην;
406 2512 461 2538 Καὶ
473 2511 619 2547 ἀπεκρίθη·
632 2512 766 2538 Οὐδέποτε
777 2512 872 2547 ἀφῆκα
880 2513 921 2544 εἰς

123 2556 175 2590 τὴν
187 2556 300 2591 καρδίαν
316 2566 366 2592 μου
381 2557 510 2592 λογισμὸν
528 2557 731 2593 παροργίζοντα
743 2558 788 2586 τὸν
805 2558 881 2585 Θεόν.

969 1582 1010 1608 ria
1025 1581 1098 1608 enim
1113 1581 1243 1616 optimam
1259 1585 1362 1614 partem
1383 1579 1464 1614 elegit
1480 1579 1513 1606 ".
1547 1578 1592 1604 Ait
1617 1584 1699 1604 senex
1719 1576 1761 1603 di-

969 1627 1074 1662 scipulo
1097 1635 1163 1654 suo:
1184 1626 1327 1658 Zacharia,
1342 1626 1374 1653 da
1390 1625 1489 1652 librum
1513 1624 1601 1656 fratri,
1621 1628 1648 1651 et
1668 1623 1763 1650 ducito

968 1681 1032 1701 eum
1049 1674 1076 1700 in
1090 1673 1187 1700 cellam
1207 1674 1234 1700 in
1256 1679 1308 1707 qua
1329 1671 1397 1698 nihil
1417 1671 1467 1699 sit.
1484 1671 1552 1698 Cum
1569 1678 1633 1706 ergo
1653 1670 1761 1696 advenit

969 1720 1037 1747 hora
1060 1726 1144 1750 nona,
1168 1718 1335 1753 respiciebat
1358 1725 1406 1752 per
1428 1717 1542 1748 ostium,
1565 1724 1598 1742 an
1621 1715 1762 1742 mitterent

968 1767 1015 1801 qui
1040 1769 1152 1793 vocaret
1170 1773 1232 1792 eum
1256 1765 1289 1791 ad
1315 1763 1546 1791 manducandum.
1571 1762 1661 1797 thue
1681 1768 1762 1788 nemo

969 1812 1087 1844 vocavit,
1119 1819 1237 1846 surgens
1264 1811 1404 1845 profectus
1424 1814 1466 1837 est
1492 1809 1524 1836 ad
1549 1817 1650 1836 senem.
1673 1807 1759 1841 Quem

970 1859 1118 1892 interrogat
1139 1857 1179 1884 sic
1202 1857 1307 1888 :Abba,
1331 1864 1384 1883 non
1412 1856 1590 1883 comederunt
1608 1853 1690 1881 hodie
1707 1852 1761 1880 fra—

971 1902 1047 1929 tres?
1069 1900 1223 1936 Respondit
1249 1908 1333 1928 senex
1357 1909 1364 1927 :
1393 1900 1492 1931 Etiam,
1512 1898 1700 1926 comederunt.
1727 1897 1762 1924 Et

969 1956 1064 1982 quare.
1082 1948 1183 1982 inquit,
1202 1955 1257 1973 non
1274 1946 1459 1974 arcessivistis
1475 1945 1540 1972 me?
1563 1944 1632 1971 Tum
1655 1951 1737 1971 senex
1752 1952 1758 1970 :

969 1994 1039 2027 Quia
1057 1994 1140 2020 homo
1161 1993 1295 2026 spiritalis
1317 2001 1359 2025 cs,
1376 2000 1425 2019 nec
1441 2000 1507 2027 eges
1533 1992 1594 2019 cibo
1618 1992 1686 2023 hoc;
1709 1997 1761 2016 nos

971 2045 1061 2066 autem
1080 2044 1176 2075 utpote
1191 2039 1328 2070 carnales,
1343 2039 1510 2066 ulanducare
1523 2039 1660 2068 volumus,
1680 2040 1762 2070 atque

971 2085 1034 2112 ideo
1054 2092 1219 2120 operantur;
1238 2089 1268 2112 tu
1282 2092 1348 2112 vero
1370 2085 1500 2120 optimam
1522 2088 1626 2119 partem
1642 2081 1760 2117 elegisti,

971 2133 1016 2167 qui
1034 2133 1102 2165 legis
1131 2139 1181 2167 per
1202 2136 1288 2158 totum
1309 2131 1391 2163 diem,
1415 2138 1465 2157 nec
1482 2130 1523 2156 vis
1544 2136 1653 2156 sumere
1669 2128 1760 2154 cibum

972 2178 1121 2204 carnalem.
1142 2177 1191 2204 His
1206 2177 1319 2208 auditis.
1344 2176 1440 2209 frater,
1459 2175 1627 2210 ptenitentiaa
1645 2173 1760 2200 inclina-

935 2216 1047 2250 Dtione
1074 2224 1157 2255 facta,
1183 2223 1252 2250 dixit
1275 2232 1281 2249 :
1307 2222 1420 2257 Ignosce
1441 2222 1518 2253 mihi,
1544 2221 1624 2247 abba.
1648 2218 1760 2253 Excepit

969 2277 1072 2296 senex:
1090 2269 1174 2296 Plane
1188 2274 1215 2296 et
1232 2269 1327 2296 Marire
1351 2268 1509 2296 necessaria
1529 2272 1571 2295 est
1589 2266 1707 2294 Martha.
1720 2264 1760 2292 Ex

969 2314 1076 2341 Martha
1092 2314 1165 2342 enim
1177 2315 1259 2341 etianl
1278 2313 1362 2340 Maria
1375 2312 1548 2348 praedicatur.

1006 2415 1035 2443 6.
1057 2415 1114 2449 (6:3)
1135 2415 1378 2450 lntcrrogaverunt
1397 2412 1545 2447 aliquando
1560 2411 1685 2438 abbatem
1705 2409 1761 2438 Sil-

969 2470 1070 2488 vanum
1094 2462 1134 2488 sic
1153 2471 1159 2488 :
1180 2461 1208 2488 In
1223 2461 1376 2495 cujusmodi
1395 2459 1465 2486 bona
1482 2459 1591 2485 actione
1612 2458 1759 2485 exerruisti

969 2511 1007 2538 te,
1024 2507 1114 2538 Pater,
1129 2512 1158 2533 ut
1180 2507 1252 2534 hanc
1268 2514 1321 2541 qua
1339 2505 1473 2540 przeditns
1491 2513 1532 2536 es,
1549 2505 1761 2538 consequereris

968 2553 1163 2588 prudentiam?
1179 2553 1211 2580 Et
1228 2553 1370 2588 respondit
1388 2562 1394 2580 :
1417 2551 1562 2586 Nunquam
1574 2550 1685 2585 permisi
1702 2557 1761 2576 mn-

968 2607 1034 2626 nere
1050 2600 1077 2626 in
1093 2599 1175 2627 corde
1189 2607 1250 2627 meo
1264 2599 1458 2635 cogitationem
1473 2606 1534 2633 qua:
1548 2597 1632 2625 Deum
1642 2596 1675 2624 ad
1690 2596 1760 2623 iram

967 2639 1142 2680 provocaret.

166 2753 188 2769 ²²
207 2753 249 2780 Al.
264 2753 348 2781 inscr.
364 2752 448 2788 αὐτῷ.
489 2754 511 2770 ³³
524 2754 607 2783 Abest
619 2755 710 2791 Πάτερ
724 2755 759 2783 ab
775 2754 810 2782 al.
851 2756 875 2776 ³ι
889 2754 917 2783 Jc

989 2762 1026 2787 νι,
1045 2754 1090 2781 27.
1131 2754 1154 2769 ³⁸
1166 2753 1231 2780 Luc.
1249 2761 1275 2785 κ,
1291 2753 1335 2780 42.

163 2859 218 2893 (62)
246 2858 296 2885 Vit.
310 2858 388 2885 Patr.
407 2867 425 2891 ι,
444 2860 468 2885 1.

163 2894 220 2924 465)
245 2893 297 2921 Vit.
317 2894 392 2920 l'alr.
407 2902 446 2926 xl,
465 2894 509 2920 ‘28.

1006 2859 1061 2893 (δέ)
1087 2859 1138 2885 Vit.
1156 2859 1229 2886 I‘nlr.
1253 2867 1279 2890 x,
1294 2858 1338 2885 ὕει.

1006 2895 1060 2930 (65)
1088 2893 1138 2920 Vit.
1155 2893 1231 2921 Patr.
1251 2901 1291 2925 ιιι,
1310 2893 1380 2927 175;
1396 2901 1436 2926 xl,
1453 2892 1499 2922 59.
