1978 3075
202 158 251 186 Ul

769 157 941 185 APPENDIX
962 157 1008 184 AD
1028 157 1238 186 PALLADH'M.

1776 161 1832 188 ΗΞ

243 217 265 242 7.
285 215 544 243 Commemorabant
556 215 590 242 dc
604 216 701 254 abbate
717 216 839 247 Silvano.
856 216 929 250 quod
944 223 989 243 se-

1077 215 1109 246 ζ’.
1128 215 1241 249 Ἔλεγον
1256 215 1320 250 περὶ
1336 215 1383 242 τοῦ
1396 215 1468 242 acea
1482 216 1638 248 Σιλουανοῦ,
1650 218 1690 244 ὅτι
1704 219 1830 246 ἐκάθισεν

200 261 271 289 derit
288 261 316 288 in
326 261 396 288 cella
410 260 491 292 clam,
507 260 611 288 habens
624 261 760 288 cicercula
772 268 868 295 pauca,
882 265 911 287 et
924 261 989 287 dum

199 307 236 334 iis
261 305 294 333 ad
321 305 413 333 cibum
446 307 543 338 utitur,
573 305 723 333 confecerit
750 310 860 333 centum
888 306 989 333 cribra.

202 353 270 379 Ecce
284 352 360 380 venit
381 353 462 379 homo
483 360 516 379 ex
532 351 664 387 Egypto,
683 352 788 379 ducens
803 352 911 380 asinum
925 359 991 378 onu-

200 402 274 425 stum
301 398 416 433 panibus
431 408 436 425 :
451 406 522 433 quos
549 399 641 433 posuit
656 399 689 426 ad
713 399 809 426 cellam
833 398 904 433 ejus,
928 406 990 425 cum

201 445 349 478 puisasset.
365 444 482 471 Sumens
497 452 564 479 ergo
580 452 664 472 senex
680 445 782 477 cribra,
800 444 925 472 oneravit
937 444 991 472 asi-

200 499 278 523 num,
299 495 381 525 atque
397 491 535 519 hominem
551 492 666 519 dimisit.

235 537 262 564 8.
286 537 341 572 (66)
362 537 479 564 Aiehant
496 537 530 564 de
543 537 642 564 abbate
661 537 783 570 Silvano,
805 537 878 572 quod
893 537 990 564 exierit

200 582 304 616 absque
320 582 379 616 ipso
393 582 547 617 discipulus
565 582 625 616 ejus
639 582 787 610 Zacharias
797 602 804 613 .
826 582 989 616 assumptis-

199 636 253 662 que
271 627 414 660 fratribus,
433 635 524 662 sepem
543 628 614 655 horti
631 628 783 660 inverterit,
803 627 990 662 majoremque

199 681 262 700 eum
281 673 441 701 reddiderit.
462 674 539 706 Quod
554 678 699 710 postquam
709 683 792 702 senex
810 675 929 710 agnovit.
944 683 990 702 ac-

199 719 272 754 cepit
289 719 407 746 meloten
423 727 512 751 suam,
525 724 553 747 et
564 728 692 755 egressus
711 725 771 753 est;
791 722 882 757 aitque
898 721 990 748 fratri-

199 766 270 792 bus:
286 765 368 793 Orate
385 773 434 800 pro
449 773 501 792 me.
515 765 555 792 llli
568 771 714 794 cernentes
724 767 789 801 quid
805 771 906 802 ageret,
927 775 990 802 pro-

199 811 326 838 ciderunt
339 811 371 837 ad
385 811 466 845 pedes
481 812 552 846 ejus,
565 819 597 839 ac
617 812 746 839 dixerunt
761 823 768 840 ;
783 812 866 840 Nobis
877 813 989 848 eloque-

199 863 240 888 re,
261 855 350 889 Pater,
368 857 434 892 quid
453 857 566 885 habeas.
581 857 731 893 Respondit
748 867 754 885 :
772 858 829 886 Non
849 860 989 893 regredior

1042 261 1081 293 εἰς
1099 261 1203 288 κελλιον
1218 262 1321 296 κρυφῆ,
1332 261 1402 296 ἔχων
1421 262 1506 297 μικρὰ
1521 261 1725 296 ἐρεϐίνθια,καὶ
1740 264 1831 299 ἐποίη-

1043 316 1088 333 σεν
1109 308 1150 339 εἰς
1169 308 1239 334 αὐτὰ
1260 307 1339 343 ἔργον
1357 309 1454 334 ἑκατὸν
1478 308 1601 335 κόσκινα.
1627 307 1683 335 Καὶ
1708 309 1761 336 ἰδοὺ
1781 310 1828 336 ἄν·

1042 353 1151 389 θρωπος
1171 352 1252 389 ἦλθεν
1267 354 1320 380 ἀπὸ
1336 354 1484 388 Αἰγύπτου,
1500 355 1569 390 ἔχων
1586 355 1646 381 ὄνον
1660 355 1757 390 μεστὸν
1778 356 1828 391 ἄρ-

1041 408 1109 426 των·
1126 400 1173 426 καὶ
1195 400 1313 434 κρούσας
1331 400 1371 430 εἰς
1387 400 1418 426 τὸ
1437 400 1542 427 κελλίον
1563 400 1644 426 αὐτοῦ
1664 400 1756 435 ἔθηκε.
1772 401 1828 427 Λα-

1041 444 1096 471 σὼν
1112 443 1158 472 οὖν
1173 446 1187 472 ὁ
1206 446 1295 480 γέρων
1309 445 1343 472 τὰ
1358 446 1480 478 κόσκινα,
1505 447 1615 482 ἐγέμισε
1632 446 1677 473 τὸν
1692 447 1762 479 ὄνον,
1780 447 1830 474 καὶ

1041 492 1174 518 ἀπέλυσεν
1187 491 1278 518 αὐτόν.

1079 539 1110 570 q'.
1134 535 1245 570 Ἔλεγον
1265 536 1329 572 περὶ
1344 536 1391 562 τοῦ
1405 536 1477 562 ἀϐεἲᾶ.
1493 537 1646 569 Σιλουανοῦ,
1659 537 1699 563 ὅτι
1716 537 1831 572 ἐξῆλθεν

1039 583 1054 608 ὁ
1071 582 1194 618 μαθητὴς
1207 583 1290 609 αὑτοῦ
1305 583 1442 618 Ζαχαρίας
1463 583 1547 619 χωρὶς
1564 583 1645 610 αὑτοῦ
1655 592 1661 599 ’
1678 585 1725 610 καὶ
1739 583 1828 610 λαϐὼν

1040 628 1102 660 τοὺς
1114 628 1257 663 ἀδελφοὺς,
1269 628 1383 665 ἔστρεψε
1400 629 1445 656 τὸν
1461 629 1588 664 φραγμὸν
1602 629 1648 656 τοῦ
1664 630 1763 665 κήπου,
1780 629 1829 655 καὶ

1042 674 1152 708 μείζονα
1174 674 1254 701 αὐτὸν
1270 675 1393 708 ἐποίησε.
1410 675 1512 701 Μαθὼν
1531 672 1576 701 οὖν
1590 677 1604 701 ὀ
1627 675 1726 710 γέρων,
1748 675 1829 701 ἔλαϐε

1039 719 1069 745 τὸ
1090 720 1262 756 μηλωτάριον
1285 721 1379 753 αὑτοῦ,
1401 722 1448 748 καὶ
1473 721 1578 757 ἐξῆλθε,
1605 721 1652 747 καὶ
1675 721 1749 754 λέγει
1772 722 1829 752 τοῖς

1040 765 1179 800 ἁδελφοῐς-
1197 766 1318 798 Εῠξασθε
1336 767 1399 803 περὶ
1412 767 1434 782 ³⁸
1452 767 1529 802 ἐμοῦ.
1548 768 1578 794 0t
1602 767 1629 793 δέ
1654 767 1753 798 ἰδόντες
1778 767 1830 793 αὑ-

1039 812 1095 842 τὸν,
1115 811 1212 838 ἔπεσον
1229 813 1269 844 εἰς
1295 813 1358 843 τοὺς
1382 813 1466 844 πόδας
1492 813 1584 844 αὑτοῦ,
1603 812 1742 846 λέγοντες·
1762 813 1829 838 Εἰπὲ

1040 858 1105 892 ἡμῖν
1123 857 1149 883 τί
1169 859 1242 884 ἐστιν
1268 857 1283 884 ὃ
1305 857 1387 892 ἔχεις,
1415 858 1517 893 Πάτερ.
1537 858 1565 883 '0
1586 857 1614 884 δὲ
1642 857 1708 893 πρὸς
1730 858 1830 888 αὐτοὺς

199 900 226 926 in
244 901 351 933 cellam,
370 909 424 928 non
443 910 514 930 exuo
528 903 656 935 melolen,
669 903 756 931 donec
772 912 863 939 sepem
877 905 990 932 reduxe-

1047 902 1091 938 ἔφη
1102 911 1108 917 “
1127 903 1183 929 Οὐκ
1208 903 1367 938 εἰσέρχομαι
1391 903 1455 934 ἔσω,
1469 903 1500 929 οὐ
1516 902 1674 929 καταϐαίνει
1689 902 1719 928 τὸ
1735 902 1827 938 μηλω-

197 946 259 974 ritis
274 947 306 973 ad
323 947 442 982 priorem
460 948 562 977 locum.
580 949 618 975 Illi
640 958 736 977 rursus
754 958 844 984 sepem
866 956 989 978 mutave-

198 997 271 1024 runt,
290 997 318 1020 et
331 994 535 1022 constituerunt
552 995 590 1022 uti
611 1000 680 1024 erat.
695 995 755 1029 Quo
767 1003 889 1032 peracto,
904 1005 989 1025 senex

198 1047 326 1067 reversus
335 1045 377 1067 est
389 1041 416 1068 in
432 1042 529 1068 cellam
547 1049 636 1069 suam.

231 1129 259 1157 9.
282 1129 390 1158 Dictum
414 1135 456 1158 est
485 1132 518 1158 ab
544 1132 642 1160 abbate
666 1131 778 1159 Silvano
798 1142 804 1161 :
822 1132 879 1166 Ego
893 1141 990 1161 servus

197 1184 274 1208 sum,
292 1181 319 1204 et
331 1177 460 1204 dominus
475 1186 552 1204 Ineus
564 1178 632 1204 dixit
643 1179 709 1204 mihi
723 1178 794 1205 :Fac
805 1186 875 1213 opus
887 1187 988 1210 luerim,

197 1225 336 1257 atqueego
353 1227 379 1250 te
396 1223 534 1256 nutriant;
559 1224 630 1250 unde.
651 1228 756 1257 autem,
775 1224 830 1251 noli
852 1233 989 1259 quancre;

197 1267 256 1295 sive
270 1267 397 1301 habeam,
411 1270 469 1296 sive
487 1269 574 1301 furer,
595 1271 653 1297 sive
673 1270 802 1302 fmnerer,
817 1275 844 1297 tu
864 1279 898 1298 ne
915 1279 990 1306 qua:-

196 1313 280 1341 sieris
297 1322 303 1339 :
322 1322 436 1348 operare
452 1315 596 1348 duntaxat,
613 1320 640 1343 et
657 1317 748 1344 nutrio
764 1321 801 1344 te.
817 1317 877 1353 ipse
894 1318 988 1353 igitur,

196 1359 221 1387 si
242 1364 371 1394 operatus
385 1359 473 1392 fuero,
493 1369 525 1388 ex
543 1361 668 1389 mercede
683 1370 742 1389 mea
758 1363 923 1397 comedo;si
941 1371 991 1390 au-

196 1409 251 1433 tem
267 1414 321 1433 non
337 1407 413 1434 fuero
429 1411 569 1442 operatus,
583 1415 686 1443 agapen
700 1408 847 1436 manduco.

233 1452 276 1480 10.
298 1452 371 1479 Dixit
397 1453 496 1480 iterum
523 1461 530 1479 :
549 1453 594 1480 Vae
618 1454 724 1482 homini
742 1454 794 1488 illi,
817 1454 865 1490 qui
890 1463 991 1484 nomen

195 1499 356 1534 operatione
372 1500 462 1535 majus
477 1506 646 1529 consecutus
664 1506 716 1529 est.

233 1546 277 1573 M.
299 1546 356 1595 (67-)
376 1547 556 1595 Interrogavit
572 1548 658 1576 abbas
673 1548 780 1584 Moyses
792 1549 917 1577 abbatem
935 1550 989 1577 Sil-
1004 1565 1026 1595 ε

196 1598 309 1623 vanum,
329 1591 424 1620 dicens
444 1602 450 1620 :
470 1592 600 1621 Potestne
625 1594 708 1622 homo
733 1595 856 1630 quotidie
882 1596 989 1623 initium

198 1638 339 1665 statuere?
354 1638 510 1673 Respondit
528 1647 614 1667 senex
636 1649 643 1667 :
663 1641 692 1668 Si
716 1645 758 1668 est
773 1642 928 1676 operarius,
944 1649 993 1677 po-

198 1687 252 1711 test
266 1687 293 1710 et
309 1684 427 1719 singulis
445 1685 532 1713 horis.

233 1730 277 1757 12.
300 1730 462 1759 Memoravit
477 1739 492 1759 e
507 1731 636 1760 Patribus
654 1732 767 1767 aliquis,
785 1733 858 1767 quod
879 1733 991 1769 quidam

197 1783 365 1811 congressus
390 1777 540 1812 aliquando
559 1785 621 1804 cum
639 1778 738 1805 abbate
763 1778 887 1810 Silvano,
906 1787 938 1806 ac
951 1780 993 1806 in-

198 1822 285 1849 tuitus
305 1823 410 1849 vultum
431 1823 659 1858 ejusrorpusque
675 1825 749 1851 velut
770 1826 859 1860 angeli
878 1825 991 1861 fulgere,

198 1867 329 1895 ceciderit
346 1868 372 1895 in
389 1868 500 1897 faciem.
521 1869 646 1897 Addebat
658 1870 727 1898 alios
743 1879 856 1906 quoque
871 1875 991 1900 nonnul-

199 1913 239 1940 los
253 1913 407 1942 obtinuisse
423 1915 475 1942 hoc
488 1915 601 1943 donum.

454 1971 493 1999 De
511 1972 606 1999 abbate
621 1972 739 2001 Simone.

234 2026 261 2053 l.
284 2026 342 2062 (68)
367 2027 446 2055 Venit
460 2027 609 2063 aliquando
626 2036 728 2064 praeses
743 2033 773 2056 ut
790 2029 894 2057 videret
911 2030 994 2057 abba-

199 2077 253 2100 tem
270 2071 419 2101 Simonem.
437 2073 498 2106 Quo
520 2075 566 2102 ille
583 2079 737 2110 comperto,
759 2076 878 2111 sumpsit
897 2076 995 2111 cingu—

200 2118 266 2150 lum,
283 2118 476 2154 profectusque
491 2120 618 2147 ascendit
635 2120 662 2146 in
679 2120 807 2154 palmam,
824 2123 853 2147 ut
867 2116 996 2155 purgaret

198 2172 270 2192 eam.
290 2164 329 2191 Illi
356 2173 419 2192 vero
443 2166 617 2198 accedentes,
644 2167 836 2193 clamaverth
857 2175 863 2193 :
892 2166 993 2199 Senex,

200 2211 311 2238 ubinam
333 2211 408 2246 degit
433 2212 624 2240 anachoreta?
642 2212 795 2247 Respondit
814 2221 820 2238 :
838 2211 935 2240 Nullus
950 2213 994 2240 hic

199 2257 376 2284 anachoreta.
396 2257 428 2284 Et
443 2257 603 2289 audientes,
616 2258 814 2285 discesserunt.

233 2303 261 2330 2.
284 2303 340 2339 (69)
368 2304 428 2330 Alia
451 2305 550 2331 iterum
569 2305 639 2336 vice,
663 2312 765 2340 praeses
785 2305 855 2332 alius
871 2304 944 2331 venit
958 2303 992 2331 ad

198 2348 345 2375 videndum
370 2356 443 2376 eum.
468 2348 501 2375 Et
524 2349 710 2384 prtecedentes
732 2350 824 2377 clerici
849 2349 988 2384 signiﬁca-

197 2398 298 2421 verunt
311 2403 318 2422 :
333 2394 420 2427 Abba,
432 2399 544 2429 paratus
553 2400 624 2428 esto,
633 2396 697 2430 quia
709 2403 810 2430 praeses
819 2399 931 2430 accepta
947 2394 988 2422 tui

197 2438 283 2471 fama,
299 2440 406 2467 accedit
424 2444 453 2466 ut
468 2440 646 2468 benedicatur
662 2449 676 2467 a
687 2445 723 2468 te.
740 2441 784 2467 Ait
799 2449 806 2467 :
824 2440 925 2471 Etiam.
942 2448 991 2475 pa-

195 2484 267 2512 rabo
287 2493 339 2512 me.
358 2486 441 2521 Igitur
465 2491 576 2521 gestans
591 2491 734 2514 centonem
755 2494 847 2519 suum,
875 2491 901 2514 et
918 2485 992 2513 acci-

197 2529 278 2565 piens
299 2530 328 2558 in
348 2538 446 2559 manus
467 2539 564 2567 panem
583 2539 644 2559 cum
667 2539 759 2566 caseo,
780 2539 905 2566 surgens,
920 2531 990 2559 sedit

235 2588 257 2604 ³⁸
272 2588 317 2615 Al.
332 2587 413 2623 ὑπέρ.
451 2588 473 2604 ³τ
489 2588 533 2616 ΑΙ.
545 2596 604 2616 σον,
643 2588 666 2604 ³⁵
685 2587 728 2615 AI.
747 2587 812 2615 add.
832 2587 986 2622 ἄνθρωπος.

236 2665 292 2699 (66)
317 2664 370 2692 Vit.
388 2665 464 2692 Patr.
481 2674 508 2698 ν,
529 2666 555 2692 1.

237 2702 293 2733 (67)
318 2700 371 2728 Vit.
388 2700 464 2728 Patr.
483 2702 576 2732 xt,‘29.

238 2736 294 2770 (6%)
320 2735 373 2763 Vit.
392 2737 468 2763 Patr.
482 2744 541 2768 vul,
561 2737 603 2763 l7.

237 2771 291 2806 (I59)
316 2771 371 2798 Vit.
392 2772 467 2799 Patr.
485 2780 545 2804 νιιι,
562 2772 606 2798 18.

238 2807 295 2839 (ΤΟ)
314 2807 369 2834 Καὶ
382 2806 528 2840 ἀπῆλθεν.
545 2806 573 2833 ln
589 2806 657 2834 Vitis
668 2807 800 2834 Patrum:
814 2811 840 2834 et
862 2805 991 2838 ascendit,

201 2841 327 2877 ἀνῆλθεν,
340 2843 410 2869 l‘orte
422 2843 534 2869 rectius.
557 2841 606 2869 Ms.
620 2843 702 2869 Corb.
721 2843 802 2870 subiit
818 2843 846 2868 in
860 2842 990 2868 arborem.

238 2876 293 2912 (Ἡ)
313 2877 418 2905 Λαϐὼν
442 2877 532 2912 ἄρτον
552 2877 601 2904 καὶ
623 2877 716 2911 τυρὸν
741 2879 775 2905 ἑν
791 2877 856 2910 ταῖς
887 2876 992 2911 χερσὶν

1039 949 1133 984 τάριον
1148 950 1194 975 ἀπ’
1210 949 1288 984 ἐμοῦ,
1308 949 1361 980 ἕως
1380 945 1410 975 οὗ
1426 949 1556 983 ἐνέγκητε
1575 948 1621 975 τὸν
1643 948 1769 983 φραγμὸν
1788 949 1828 978 εἱς

1039 993 1086 1019 τὸν
1115 994 1219 1028 πρῶτον
1240 994 1323 1020 αὐτοῦ
1338 994 1430 1020 τόπον.
1448 995 1478 1020 υἱ
1494 993 1521 1020 δὲ
1536 994 1617 1020 πάλιν
1637 993 1769 1029 ἔστρεψαν
1784 994 1828 1020 τὸν

1041 1039 1177 1074 φραγμὸν,
1193 1040 1239 1066 καὶ
1258 1040 1388 1075 ἐποίησαν
1413 1039 1494 1066 αὑτὸν
1514 1039 1552 1070 ὡς
1569 1037 1613 1075 ἦν.
1637 1040 1691 1066 Καὶ
1713 1039 1798 1072 οὕτως
1815 1041 1829 1066 ὁ

1040 1085 1130 1120 γέρων
1146 1085 1301 1121 ὑπέστρεψε
1316 1086 1356 1116 εἰς
1374 1085 1405 1111 τὸ
1420 1085 1525 1112 κελλίον
1540 1085 1633 1112 αὑτοῦ.

1076 1131 1107 1158 0’.
1131 1129 1216 1158 Εἶπεν
1237 1132 1251 1157 ὀ
1268 1131 1353 1162 ἀὸῦᾶς
1374 1131 1527 1163 Σιλουανὸς·
1548 1130 1617 1165 Ἐγὼ
1639 1130 1730 1162 (So-SM;
1753 1132 1830 1166 εἰμι,

1041 1176 1087 1202 καὶ
1102 1177 1115 1202 ὁ
1131 1175 1225 1211 κύριός
1241 1185 1291 1211 μου
1305 1174 1364 1202 εἶπέ
1381 1185 1439 1211 μοι·
1456 1175 1587 1211 Ἑργάζου
1600 1175 1630 1201 τὺ
1642 1175 1721 1210 ἔργον
1734 1184 1784 1210 μου
1796 1176 1830 1206 ³⁷,

1041 1221 1118 1255 κάγὼ
1135 1229 1164 1248 σε
1179 1221 1287 1257 τρέφω’
1302 1221 1385 1247 πόθεν
1404 1221 1442 1253 δὲ,
1455 1221 1491 1256 μὴ
1514 1221 1604 1256 ζήτει·
1623 1221 1677 1246 εἴτε
1693 1221 1757 1255 ἔχω,
1776 1222 1830 1247 εἴτε

1040 1267 1159 1299 κλέπτω,
1173 1266 1229 1293 εἴτε
1244 1266 1410 1301 δανείζομαι,
1428 1266 1459 1292 σὺ
1479 1265 1516 1301 μὴ
1532 1266 1608 1301 ζήτει
1619 1274 1625 1281 ·
1646 1266 1761 1300 ἐργάζου
1783 1266 1832 1300 μὸ-

1040 1321 1095 1344 νον,
1111 1313 1158 1339 καὶ
1172 1313 1265 1349 τρέφω
1281 1321 1320 1340 σε.
1340 1313 1410 1346 Ἐγὼ
1428 1310 1474 1339 οὖν
1492 1311 1539 1338 ἐὰν
1553 1312 1723 1347 ἐργάζωμαι,
1739 1314 1769 1338 ἐκ
1783 1312 1831 1338 τοῦ

1042 1358 1138 1394 μισθοῦ
1161 1367 1211 1394 μου
1235 1359 1334 1386 ἐσθίω·
1353 1359 1401 1386 ἐὰν
1424 1359 1505 1395 δὲμὴ
1531 1359 1699 1394 ἐργάζωμαι,
1720 1358 1831 1392 ἀγάπην

1041 1404 1132 1432 ἐσθίω.

1077 1454 1103 1478 ι’.
1125 1449 1192 1477 Εἶπε
1210 1451 1307 1477 πάλιν·
1322 1450 1391 1477 Οὐαὶ
1409 1449 1447 1486 τῷ
1463 1449 1599 1486 ἀνθρώπῳ
1616 1450 1723 1485 ἐκείνῳ,
1733 1450 1762 1482 ὃς
1774 1449 1833 1486 ἔχει

1040 1496 1072 1523 τὸ
1083 1497 1167 1531 ὄνομα
1180 1497 1262 1523 αὐτοῦ
1281 1497 1374 1532 μεῖζον
1388 1497 1437 1530 τῆς
1452 1497 1583 1532 ἐργασίας
1599 1496 1691 1523 αὑτοῦ.

1078 1546 1122 1570 ια’.
1149 1541 1305 1578 ’Πρώτησεν
1319 1544 1333 1569 ὁ
1356 1542 1444 1574 ὰεὸἇς
1463 1543 1582 1578 Μωῡσῆς
1606 1543 1651 1569 τὸν
1679 1542 1764 1569 ἀὸεᾶν
1785 1542 1833 1568 Σι-

1041 1589 1163 1622 λουανὺν⁷
1194 1588 1296 1622 λέγων·
1325 1588 1443 1615 Δύναται
1469 1588 1612 1623 ἄνθρωπος
1643 1588 1703 1615 καθ’
1725 1588 1834 1624 ἡμέραν

1043 1635 1151 1670 βάλλειν
1172 1635 1273 1670 ἁρχήν;
1295 1635 1350 1662 Καὶ
1364 1632 1439 1661 εἶπεν
1455 1634 1469 1660 ὀ
1488 1634 1594 1670 γέρων·
1616 1635 1677 1661 Ἐάν
1693 1635 1766 1661 ἐστιν
1788 1635 1834 1670 ὲρ‹

1042 1682 1128 1716 γάτης
1144 1681 1177 1713 ³⁸,
1190 1681 1301 1707 δύναται
1315 1681 1336 1696 ³³
1354 1681 1401 1707 καὶ
1416 1680 1475 1707 καθ’
1487 1680 1562 1715 ὦραν
1578 1680 1684 1715 βάλλειν
1700 1680 1796 1715 ἀρχήν.

1080 1730 1122 1764 ιβ’.
1145 1728 1212 1756 Εἶπέ
1232 1737 1273 1760 τις
1291 1728 1345 1754 τῶν
1360 1729 1500 1763 Πατέρων,
1515 1729 1556 1754 ὅτι
1572 1727 1699 1762 συνέτυχέ
1714 1727 1776 1753 ποτέ
1790 1736 1835 1758 τις

1041 1775 1082 1810 τῷ
1109 1775 1181 1810 ἁϐϐᾷ
1197 1773 1348 1809 Σιλουανῷ,
1366 1773 1414 1800 καὶ
1439 1772 1570 1807 ἑωρακὼς
1594 1771 1677 1798 αὐτοῦ
1697 1773 1727 1798 τὸ
1751 1772 1836 1806 πρόσ-

1043 1829 1118 1847 ωπον
1133 1821 1180 1847 καὶ
1200 1821 1230 1846 τὸ
1247 1820 1325 1855 σῶμα
1344 1819 1381 1850 ὡς
1398 1819 1515 1853 ἀγγέλου
1537 1818 1658 1853 λάμψαν,
1675 1817 1771 1844 ἔπεσεν
1786 1818 1834 1844 ἐπὶ

1044 1867 1199 1902 πρόσωπον.
1216 1865 1312 1899 Ἔλεγε
1337 1864 1365 1891 δὲ
1390 1864 1437 1890 καὶ
1460 1863 1556 1894 ἄλλους
1586 1863 1661 1895 τινὰς
1688 1862 1836 1898 ἐσχηκέναι

1044 1913 1123 1939 τοῦτο
1137 1913 1167 1938 τὸ
1185 1911 1318 1947 χάρισμα.

1242 1966 1313 2000 Περὶ
1328 1966 1381 1992 τοῦ
1397 1965 1471 1992 ἀϐϐᾶ
1491 1965 1634 1999 Σίμωνος.

1080 2027 1114 2051 α’.
1134 2021 1220 2050 Ἤλθέ
1240 2031 1306 2049 ποτε
1322 2023 1414 2058 ἄρχων
1427 2021 1489 2048 ἰδεῖν
1504 2021 1549 2047 τὸν
1565 2020 1651 2047 ἀϐὂᾶν
1667 2020 1785 2055 Σίμωνα.
1803 2020 1835 2046 '0

1044 2071 1071 2098 δὲ
1081 2070 1201 2100 ἀκούσας
1221 2069 1301 2096 ἔλαϐε
1319 2069 1367 2104 τὴν
1394 2067 1492 2103 ζώνην,
1518 2068 1565 2093 καὶ
1579 2066 1700 2101 ἀπῆλθεν
1715 2066 1770 2099 (70)
1794 2067 1834 2096 εἰς

1045 2117 1155 2151 φοίνικα
1176 2115 1323 2151 καθαρίσαι
1345 2115 1436 2141 αὐτόν.
1453 2115 1484 2141 Οἱ
1503 2114 1531 2140 δὲ
1549 2113 1681 2143 ἐλθόντες,
1697 2112 1831 2148 ἔκραξαν·

1045 2164 1139 2200 Γέρον,
1155 2163 1207 2189 ποῦ
1231 2162 1303 2189 ἔστιν
1318 2163 1332 2189 ὁ
1348 2162 1544 2196 ἀναχωρητής;
1569 2161 1597 2186 Ὀ
1613 2160 1641 2186 δὲ
1662 2158 1752 2186 εἶπεν·
1776 2159 1836 2185 0'37.

1046 2209 1119 2235 ἐστιν
1136 2205 1186 2235 ὦδε
1211 2208 1400 2243 ἁναχωρητής.
1421 2207 1476 2233 Καὶ
1504 2205 1668 2236 ἀκούσαντες
1692 2203 1834 2239 ἀνεχώρη-

1046 2263 1106 2281 σαν.

1082 2299 1114 2333 β’.
1137 2297 1247 2324 Ἀλλοτε
1264 2296 1345 2323 πάλιν
1364 2293 1444 2330 ἦλθεν
1458 2294 1535 2325 ἄλλος
1552 2294 1643 2330 ἄρχων
1660 2293 1723 2319 ἰδεῖν
1743 2291 1833 2318 αὐτόν.

1046 2345 1100 2371 Καὶ
1128 2343 1309 2379 προλαϐόντες
1327 2342 1352 2368 οἱ
1378 2341 1504 2377 κληρικοὶ
1527 2338 1602 2367 εἷπον
1620 2338 1708 2374 αὐτῷ·
1731 2337 1833 2368 Ἀϐὃᾶ.

1043 2392 1200 2426 ἑτοίμασον,
1214 2390 1255 2416 ὅτι
1277 2389 1291 2414 ὁ
1310 2388 1402 2423 ἄρχων
1427 2387 1534 2414 ἁκούων
1557 2387 1621 2421 περὶ
1646 2385 1703 2417 σοῦ,
1727 2384 1836 2419 ἔρχεται

1044 2437 1224 2472 εὐλογηθῆναι
1246 2435 1323 2470 παρὰ
1340 2434 1398 2462 σοῦ.
1419 2435 1447 2461 '0
1463 2434 1491 2460 δὲ
1513 2431 1586 2460 εἶπε·
1604 2432 1669 2464 Na‘t,
1686 2430 1741 2465 ἐγὼ
1766 2431 1834 2456 ἐτοι-

1046 2484 1126 2519 μάςω
1151 2483 1257 2509 ἑαυτόν.
1276 2482 1395 2517 Φορέσας
1416 2479 1462 2507 οὖν
1481 2480 1512 2506 τὸ
1526 2480 1661 2506 κεντόνιον
1678 2477 1770 2509 αὐτοῦ,
1789 2476 1835 2503 καὶ

1042 2529 1132 2557 λαϐὼν
1147 2529 1228 2564 ἄρτον
1253 2529 1300 2554 καὶ
1316 2527 1397 2562 τυρὸν
1418 2528 1445 2553 ἐν
1469 2528 1529 2558 ταῖς
1551 2526 1644 2562 χερσὶν
1666 2524 1749 2551 αὐτοῦ
1766 2523 1834 2559 (τί),

1024 2586 1046 2602 ³⁵
1063 2586 1106 2612 ΑΙ.
1133 2585 1217 2612 inser.
1237 2584 1284 2611 κα).
1302 2583 1364 2610 καθ’
1378 2583 1493 2618 ἡμέραν.

1045 2663 1149 2690 αὑτοῦ.
1167 2662 1217 2689 Per
1232 2661 1395 2699 Climacum.
1409 2659 1721 2699 ‘suppresso‘nomine‘:
1747 2659 1777 2699 ξυ
1789 2658 1835 2699 εον

1045 2700 1127 2734 ἄρτον
1141 2698 1188 2734 κα).
1200 2698 1245 2723 τὸν
1258 2696 1339 2734 τυρρν
1353 2695 1425 2734 μετα
1436 2693 1532 2734 χεῖρας
1543 2693 1774 2734 εξληφιὶξςεϐναάιι
1789 2693 1833 2720 25.

1046 2728 1079 2760 Εἰ
1091 2742 1151 2760 mox
1168 2733 1201 2759 de
1217 2728 1337 2759 alio:"0
1352 2728 1400 2766 τὴν
1416 2728 1513 2766 ἑαυτοῦ
1525 2728 1626 2766 ἐσθῆτα
1641 2728 1834 2766 ἐκδυσάμενος.

1046 2775 1099 2796 etc.
1116 2768 1166 2795 Ubi
1183 2768 1237 2794 duo
1257 2764 1421 2798 scholia,'%
1438 2769 1465 2792 et
1483 2765 1528 2795 24,
1547 2764 1637 2798 priora
1654 2765 1735 2790 verba
1749 2771 1833 2797 expo-

1045 2809 1115 2831 nunt
1131 2804 1163 2831 de
1177 2803 1337 2837 Serapione,
1352 2801 1505 2837 posteriora
1518 2799 1553 2837 de
1564 2799 1770 2837 Simonefﬂcuin
1784 2800 1835 2824 hoc

1045 2844 1170 2866 nostrum
1182 2832 1275 2872 caput.
1289 2832 1370 2864 etiam
1388 2837 1414 2862 in
1431 2834 1642 2872 νίιίδ-ιξιιινιιηιι
1652 2833 1685 2860 ad
1694 2832 1836 2872 Simonem

1047 2876 1191 2909 pertineat.
1210 2867 1344 2905 Quocirca
1368 2869 1613 2904 transpositiouent
1631 2867 1729 2895 factam
1747 2868 1838 2896 tuis“:
