1978 3075
103 159 157 187 αὖ

672 161 979 191 APOPHTHEGMATA
1000 163 1154 193 PATRUM.

1686 168 1742 197 ιιι

101 215 223 247 ἀναστὰς
239 217 277 247 εἰς
292 215 337 243 τδν
353 215 463 244 πυλῶνα
481 217 608 244 ἐκάθισεν
622 217 730 245 ἐσθίων.
746 219 801 245 Καὶ
813 219 895 246 ἐλθὼν

950 222 983 249 ad
997 223 1171 255 vestibulum.
1195 227 1278 259 atque
1295 224 1492 253 manducabat.
1510 226 1627 253 Advenit
1639 235 1743 262 praeses

101 260 117 285 6
134 260 227 296 ἄρχων
245 261 313 296 μετὰ
329 262 379 296 τῆς
392 261 496 294 τάξεως
513 262 606 295 αὑτοῦ,
623 263 670 289 καὶ
687 263 787 294 ἰδόντες
805 264 896 296 αὐτὸν,

103 303 284 341 ἐξουθένησαν
300 306 391 339 αὑτὸν,
409 306 551 341 λέγοντες·
568 305 653 340 Οὗτός
666 309 739 335 ἐστιν
759 309 773 334 ὀ
790 309 898 344 ἀναχω-

104 351 192 387 ρητὴς
219 353 284 387 περὶ
308 350 339 380 οὗ
362 353 540 389 ὴκούσαμεν;
568 354 624 380 Καὶ
649 354 749 386 εὐθέως
775 355 898 391 ἀνέκαμ-

102 397 168 431 dav.

289 455 360 489 Περὶ
379 456 432 482 τοῦ
450 455 525 483 ἀϐϐᾶ
544 455 715 490 Σωπάτρου.

146 510 287 546 Ἠρώτησέ
305 520 346 542 τις
361 511 406 538 τὶν
422 511 508 538 ὰϐϐᾶν
523 511 668 548 Σώπατρον
680 512 714 546 ”⁰,
730 513 834 548 λέγων·
848 513 900 545 Δός

105 563 151 590 μοι
166 556 287 592 ἐντολὴν,
304 557 386 589 ἀϐὁᾶ,
409 557 456 584 καὶ
477 557 587 592 φυλάξω
614 559 707 593 αὑτήν.
728 558 757 585 '0
776 559 804 585 δὲ
821 557 898 586 εἶπεν

101 602 194 638 αὐτῷ·
210 603 256 638 Μὴ
276 603 385 639 εἰσέλθῃ
401 604 470 639 γυνὴ
485 605 524 635 είς
544 604 575 630 τὸ
591 604 697 631 κελλίον
718 613 775 636 σου,
792 605 840 632 καὶ
860 606 897 641 μὴ

101 648 264 685 ἁναγνώσῃς
287 649 450 685 ἁπόκρυιρα·
470 650 568 686 καὶμὴ
592 652 746 687 ἐκζητήσῃς
762 652 826 687 περὶ
848 653 898 687 τῆς

101 696 206 727 εἰκόνος
217 705 223 710 ·
241 697 321 724 τοῦτο
347 688 401 733 γᾶρ
418 699 468 724 οὐκ
485 698 558 724 ἔστιν
574 698 691 734 αἵρεσις,
705 698 763 725 ἀλλ’
780 699 899 726 ἱδιωτεία

101 741 150 767 καὶ
179 742 331 775 φιλονεικία
357 743 522 780 ἀμφοτέρων
548 744 602 770 τῶν
635 745 743 780 μερῶν·
768 744 899 772 ἀδύνατον

100 787 156 823 γὰρ
175 788 384 824 καταληττςθῆναι
401 790 431 816 τὸ
446 791 564 826 πρᾶγμα
579 789 658 817 τοῦτο
673 791 726 817 ὑπὸ
742 790 832 826 πάσης
849 791 898 826 τῆς

100 842 226 866 κτισεως.

294 894 364 928 Περὶ
381 895 434 922 τοῦ
453 894 529 922 άϐϐᾶ
547 895 698 930 Σαρματᾶ.

136 952 170 975 α’.
190 949 273 976 Εἶπεν
291 952 305 976 ὁ
325 951 411 983 ἀὸὁᾱς
433 952 580 988 Σαρματᾶς
596 952 634 968 ⁸³·
650 952 726 979 Θέλω
750 952 893 988 ἄνθρωπον

100 995 308 1031 ἁμαρτήσαντα,
334 998 358 1024 εἰ
383 996 452 1024 οἶδεν
476 999 518 1025 ὅτι
536 999 654 1034 ἥμαρτε,
673 999 720 1025 καλ¹
750 1000 891 1034 μετανοεῖ,

100 1042 171 1078 ὑπὲρ
186 1043 328 1079 ἄνθρωπον
345 1044 383 1080 μὴ
398 1045 603 1081 ἁμαρτήσοντα,
620 1046 667 1073 καὶ
680 1046 776 1081 ἔχοντα
797 1045 893 1072 ἑαυτὸν

99 1086 139 1118 ὡς
157 1088 331 1124 δικαιοσύνην
345 1089 484 1117 ποιοῦντα.

138 1133 171 1168 β’.
191 1135 304 1169 Ἔλεγον
321 1137 385 1171 περὶ
398 1136 446 1163 τοῦ
459 1137 532 1164 ἁδὸἄ
550 1138 695 1173 Σαρματᾶ,
706 1138 747 1164 ὅτι
763 1137 893 1169 πολλάκις

100 1180 237 1215 ἐλάμϐανε
253 1182 458 1218 τεσσαράκοντα
479 1184 586 1219 ἡμέρας
601 1185 633 1219 τῇ
650 1184 731 1219 βουλῇ
752 1184 799 1211 τοῦ
821 1185 894 1211 ἀδεᾶ

99 1225 247 1263 Ποιμένος·
272 1227 318 1253 καὶ
333 1227 460 1262 (aggessi;
480 1228 648 1264 ἐπληροῦντο
672 1230 699 1255 αἱ
721 1228 824 1264 ἡμέραι
849 1230 894 1255 ὲν-

100 1271 186 1297 ώπιον
200 1272 292 1299 αὑτοῦ.
307 1271 410 1300 Ἦλθεν
424 1272 472 1300 οὖν
489 1275 502 1300 ὁ
524 1274 611 1306 ἁῦὗᾶς
633 1274 739 1310 Ποιμὴν
761 1275 829 1310 πρὸς
845 1275 894 1301 αὑ-

98 1317 156 1349 τὸν,
177 1319 223 1345 καὶ
247 1319 321 1353 λέγει
339 1319 427 1354 αὐτῷ·
447 1320 514 1347 Εἰπέ
540 1329 596 1356 μοι,
614 1321 640 1348 τί
668 1320 792 1357 ἑώρακας
809 1321 894 1348 ποιῶν

100 1362 147 1389 τὸν
162 1363 289 1391 τοσοῦτον
309 1365 409 1398 κόπον;
428 1365 457 1392 '0
476 1366 504 1393 δὲ
525 1367 593 1402 πρὸς
610 1367 692 1394 αὐτὸν
715 1367 823 1401 ἔλεγεν·
842 1368 894 1394 Οὐ-

99 1408 146 1435 δὲν
169 1410 260 1438 πλέον.
283 1411 367 1445 Λέγει
389 1411 463 1447 αὐτῷ
477 1413 491 1438 ὁ
509 1412 596 1445 ἀὸϐἄς
613 1414 736 1449 Ποιμήν·
758 1414 814 1440 Οὐκ
833 1414 894 1448 ἀφῶ

101 1463 143 1486 σε,
159 1455 206 1482 ἐὰν
225 1457 261 1492 μή
282 1466 326 1492 μοι
339 1458 428 1493 εἴπῃς.
448 1459 476 1485 '0
493 1459 520 1485 δὲ
534 1456 625 1486 εἶπεν·
645 1460 693 1485 Ἕν
710 1459 788 1494 μόνον
804 1457 892 1495 εὗρον,

99 1500 142 1526 ὅτι
163 1501 211 1527 ἐὰν
228 1502 298 1528 εἴπω
320 1502 359 1538 τῷ
383 1503 470 1539 ὕπνῳ,
486 1505 608 1539 Ὕπαγε,
635 1505 748 1540 ὑπάγει,
775 1506 822 1532 καὶ
846 1507 894 1532 ἐὰν

99 1547 180 1578 εἴπω,
201 1548 286 1581 Ἐλθὲ,
301 1549 421 1585 ἔρχεται.

135 1596 171 1627 γ’.
198 1571 475 1632 Ἀδελξνδξλὴρώτησε
495 1597 542 1624 τὸν
557 1597 644 1624 ὰὸὁᾱν
673 1598 831 1633 Σαρματᾶν,
848 1599 894 1625 λὲ-
908 1571 929 1599 C

100 1647 173 1673 γων·
190 1640 221 1666 Οἱ
246 1640 372 1677 λογισμοὶ¹
397 1642 506 1676 λέγουσί
526 1652 588 1678 μοι·
613 1643 659 1679 Μὴ
687 1645 810 1680 ἐργάσῃ,
827 1645 894 1671 ἀλλὰ

101 1687 188 1720 φάγε,
212 1688 267 1719 πίε,
285 1688 384 1723 κοιμῶ.
401 1689 484 1723 Λέγει
505 1689 580 1725 αὑτῴ
593 1691 607 1716 ὁ
627 1690 732 1726 γέρων·
748 1691 812 1717 Ὅτε
833 1699 894 1717 πει-

100 1733 166 1767 νᾷς,
189 1734 276 1767 φάγε’
292 1734 336 1760 ὅτε
359 1735 449 1770 διψᾷς,
473 1736 534 1762 πίε·
552 1736 596 1762 ὅτε
623 1736 776 1768 νυστάζεις,
793 1737 891 1771 κοιμῶ.

101 1778 200 1810 ’Ἄλλος
213 1780 242 1806 δὲ
258 1780 346 1815 γέρων
362 1782 423 1807 κατ’
435 1781 576 1816 εὐκαιρίαν
591 1780 657 1818 ἦλθε
675 1782 743 1817 πρὸς
758 1783 804 1809 τὸν
818 1783 895 1810 ἁδελ-

100 1827 166 1860 φύν·
185 1827 231 1853 καὶ
257 1825 334 1854 εἴπεν
358 1828 434 1864 αὑτῴ
459 1830 473 1855 ὁ
492 1829 606 1864 ἁδελφὸς
631 1829 650 1856 ἃ
673 1827 750 1856 εἶπεν
767 1830 782 1856 ὁ
806 1829 894 1861 ἀὸὁᾶς

99 1873 256 1908 Σαρματᾶς.
277 1874 357 1908 Λέγει
378 1873 424 1901 οὖν
443 1875 518 1910 αὐτῷ
535 1877 549 1903 ὁ
565 1876 669 1910 γέρων·
688 1876 774 1903 Τοῦτό
789 1877 864 1903 ἐστιν
879 1877 893 1903 ὃ

99 1917 162 1946 εἶπέ
177 1928 218 1946 σοι
234 1921 248 1946 ὁ
261 1920 348 1952 ἀϐὅᾶς
363 1921 510 1957 Σαρματᾶς
520 1930 527 1937 ·
542 1922 626 1949 Ὅταν
642 1923 737 1958 πεινᾷς
751 1923 830 1958 τόνῳ,
845 1925 894 1950 καὶ

98 1966 218 2001 διψήσῃς
241 1966 293 1998 ἕως
318 1967 416 2001 μηκέτι
439 1968 571 2004 δυνηθῇς,
592 1968 663 2002 φάγε
681 1969 742 1995 τότε
767 1968 814 1995 καὶ
830 1968 893 1994 πίε·

99 2012 150 2038 καὶ
183 2012 248 2038 ὅταν
273 2012 453 2048 ἁγρυπνήσῃς
479 2013 550 2039 πάνυ
575 2013 642 2040 πολὺ
669 2013 716 2040 καὶ
741 2014 892 2050 νυστάξῃς,

99 2057 202 2093 κοιμῶ,
217 2058 304 2085 Τοῦτό
318 2059 391 2085 ἐστιν
404 2059 418 2085 ὃ
433 2058 511 2094 ἔλεγέ
525 2068 567 2086 σοι
580 2059 680 2095 γέρων.

133 2189 165 2216 δ’.
192 2189 333 2225 Ἦρώτησε
354 2189 435 2216 πάλιν
456 2191 471 2216 ὁ
491 2190 573 2222 αὐτὸς
597 2191 710 2227 ἀδελφὸς
735 2193 780 2220 τὸν
807 2193 894 2221 ἀῦϐἄν

950 277 1011 296 cum
1029 270 1118 297 oilicio
1137 278 1198 298 suo.
1223 270 1276 297 Sed
1300 272 1344 299 ubi
1363 277 1565 307 conspexerunt
1591 273 1740 302 hominem.

949 316 1089 350 aspernati
1111 321 1185 348 sunt,
1210 317 1414 352 dixeruntque:
1431 319 1517 346 Istene
1542 323 1584 346 est
1601 319 1742 347 solitarius

948 363 982 390 de
994 370 1049 398 quo
1066 364 1243 398 accepimus?
1263 363 1295 390 Et
1311 365 1413 391 reversi
1429 369 1494 392 sunt
1510 365 1614 392 statim.

1196 453 1235 481 De
1257 454 1352 481 abbate
1367 454 1491 490 Sopatro.

985 512 1166 540 Percontatus
1186 517 1229 540 est
1240 513 1340 547 aliquis
1358 512 1391 540 de
1411 513 1509 539 abbate
1528 512 1654 547 Sopatro.
1673 513 1712 540 sic
1729 521 1738 539 :

952 558 988 585 Da
1004 559 1070 585 mihi
1094 558 1264 590 mandatum,
1292 558 1371 589 abba,
1397 561 1424 585 et
1454 558 1569 584 servabo
1595 557 1671 584 illud.
1694 557 1742 583 Ille

949 613 1014 633 vero
1029 605 1098 631 dixit
1118 606 1142 632 ei
1165 614 1171 631 :
1200 604 1259 631 Non
1281 605 1363 632 intret
1378 604 1475 631 mulier
1493 605 1520 630 in
1533 604 1628 631 cellam
1647 609 1739 635 tuatn;

949 660 1000 679 nec
1023 652 1122 686 legeris
1139 651 1307 686 apocrypha.
1333 650 1373 677 Ad
1390 650 1447 677 haec
1465 658 1499 677 ne
1519 650 1691 684 disquisieris
1706 650 1741 676 de

949 699 1068 733 imagine
1086 698 1133 724 Dei
1146 698 1172 724 in
1189 697 1303 724 frontiue.
1324 696 1380 724 Hoc
1398 697 1470 723 enim
1488 704 1541 723 non
1560 701 1600 723 est
1615 696 1738 724 Imresis.

950 745 999 773 sed
1028 745 1174 779 imperitia,
1202 744 1400 778 ambarumque
1430 744 1547 778 partium
1581 743 1738 774 contentio;

949 799 1013 819 nam
1032 791 1090 819 ﬁeri
1106 790 1201 826 nequit
1216 793 1246 817 ut
1263 798 1307 817 res
1321 790 1378 817 luce
1392 788 1406 816 εὶ
1422 792 1547 817 creatura
1562 789 1740 824 comprehen-

949 839 1042 866 datur.

1193 893 1231 921 De
1248 893 1343 920 abbate
1357 892 1496 920 Sarmata.

980 953 1006 980 ‘l.
1028 952 1102 980 Dixit
1129 951 1214 979 abbas
1235 951 1377 978 Sarmatas
1403 959 1410 975 :
1437 949 1508 976 Malo
1528 949 1666 976 hominem
1691 950 1739 984 qui

944 998 1108 1034 peccaverit,
1122 998 1203 1024 modo
1215 1000 1345 1032 agnoscat
1363 1000 1505 1031 peceatum
1526 1003 1606 1022 suttm
1625 999 1653 1022 et
1678 1002 1737 1029 pm-

943 1044 1058 1072 nitentia
1075 1044 1203 1075 ducatur,
1218 1051 1299 1078 quam
1318 1043 1456 1070 hominem
1472 1042 1518 1077 qui
1534 1050 1588 1068 non
1602 1049 1736 1076 peccave-

943 1093 988 1120 rit.
1003 1099 1035 1117 ac
1051 1099 1080 1117 se
1098 1094 1174 1125 putat
1190 1089 1308 1124 justum.

978 1137 1005 1164 Ξ.
1027 1136 1144 1163 Aiebant
1166 1137 1199 1163 de
1222 1136 1320 1163 abbate
1345 1135 1482 1165 Sarmata.
1504 1134 1576 1169 quod
1603 1142 1673 1168 saepe
1703 1134 1739 1159 de

944 1182 1061 1209 consilio
1075 1182 1183 1208 abbatis
1196 1181 1334 1208 Pmntenis
1349 1181 1401 1207 sibi
1421 1184 1542 1208 sumeret
1555 1177 1737 1213 quadraginta

944 1229 1020 1261 dies;
1044 1228 1091 1263 qui
1116 1228 1195 1263 quasi
1216 1227 1285 1254 nihil
1305 1227 1437 1262 temporis
1457 1226 1490 1253 ab
1516 1234 1549 1254 eo
1563 1224 1740 1259 compleban-

945 1279 1000 1302 tur.
1013 1273 1096 1301 Venit
1123 1281 1189 1308 ergo
1212 1272 1246 1300 ad
1266 1272 1356 1308 ipsum
1373 1273 1457 1300 abbas
1479 1271 1602 1301 Poeuren,
1621 1270 1712 1303 aitque
1727 1276 1737 1294 :

946 1320 994 1348 Dic
1024 1320 1089 1347 mihi
1110 1320 1175 1354 quid
1202 1319 1390 1354 conspexeris,
1419 1319 1483 1346 dum
1507 1323 1610 1344 tanuun
1635 1316 1741 1343 laboris

945 1367 1089 1396 sustines?
1105 1366 1257 1400 Respondit
1270 1366 1315 1392 ille
1332 1375 1340 1391 :
1353 1365 1425 1392 Nihil
1446 1365 1542 1400 magis.
1564 1363 1674 1398 Excepit
1689 1363 1739 1389 ab-

945 1414 994 1441 bas
1013 1413 1125 1440 Poemen
1149 1421 1157 1440 :
1183 1411 1241 1439 Non
1265 1412 1401 1439 dimittant
1420 1415 1466 1442 te,
1487 1411 1553 1445 quin
1578 1408 1734 1444 protuleris.

946 1459 1022 1486 Tunc
1039 1459 1084 1486 ille
1102 1468 1109 1485 :
1128 1457 1217 1485 Unum
1234 1457 1367 1485 duntaxat
1389 1457 1494 1491 reperi;
1511 1456 1584 1490 quod
1599 1455 1623 1482 si
1640 1455 1737 1482 dixero

945 1513 1042 1533 somno
1058 1514 1064 1532 :
1081 1505 1197 1536 Recede,
1213 1504 1331 1536 recedit;
1349 1504 1371 1531 si
1386 1502 1483 1536 :Veni,
1501 1502 1584 1530 venit.

980 1595 1007 1623 5.
1027 1594 1123 1622 Frater
1144 1595 1185 1622 sic
1204 1594 1384 1628 interrogavit
1410 1593 1535 1620 abbatem
1559 1592 1733 1619 Sarmatam:

944 1640 1131 1676 Cogitationes
1160 1640 1226 1667 mihi
1252 1643 1402 1675 suggerunt
1431 1647 1438 1665 :
1467 1638 1505 1666 Ne
1530 1637 1663 1672 opereris,
1687 1637 1736 1664 sed

945 1687 1091 1719 manduca,
1108 1686 1181 1718 bibe,
1204 1686 1302 1714 dormi.
1319 1686 1470 1721 Respondit
1494 1693 1577 1712 senex
1593 1693 1600 1711 :
1620 1683 1736 1717 Quando

944 1734 1087 1766 esurieris,
1107 1733 1230 1764 comede,
1255 1741 1317 1760 cum
1338 1733 1452 1765 sitieris,
1475 1732 1545 1763 bibe,
1564 1731 1670 1766 quoties
1686 1738 1735 1756 ca-

945 1780 1018 1815 peris
1038 1787 1146 1815 sopore,
1172 1779 1272 1806 dormi.
1294 1779 1372 1806 Alius
1391 1786 1456 1806 vero
1482 1785 1566 1805 senex
1582 1781 1738 1812 opportune

944 1836 976 1855 ex
992 1827 1139 1854 occasione
1155 1826 1273 1854 accessit
1291 1826 1324 1852 ad
1340 1825 1464 1852 fratrem.
1476 1824 1527 1852 Cui
1543 1823 1636 1851 retulit
1650 1823 1736 1850 frater

945 1875 1106 1901 serinonem'
1117 1873 1226 1900 abbatis
1241 1872 1389 1899 Sarmatae.
1404 1871 1493 1899 Senex
1503 1872 1585 1906 igitur
1601 1871 1634 1897 ad
1650 1877 1711 1897 cum
1726 1877 1735 1895 :

945 1919 1023 1953 Quod
1044 1920 1093 1947 tibi
1118 1920 1202 1947 abbas
1223 1919 1365 1946 Sarmatas
1382 1917 1584 1953 pronuntiavit.
1603 1917 1654 1944 hoc
1668 1920 1710 1943 est
1726 1924 1734 1942 :

944 1966 1062 1999 Quando
1079 1960 1256 1994 vehementer
1276 1965 1420 1995 esurieris.
1437 1969 1517 1999 atque
1531 1965 1558 1990 in
1578 1967 1684 1990 tantum
1698 1963 1734 1990 si-

945 2013 1024 2040 tieris
1047 2016 1077 2039 ut
1102 2020 1157 2039 non
1184 2011 1303 2047 amplius
1331 2005 1469 2038 sustinere
1496 2011 1598 2041 valeas,
1624 2009 1739 2036 comede

944 2063 1011 2086 tunc
1026 2064 1053 2086 et
1067 2059 1130 2086 bibe
1148 2068 1154 2085 :
1171 2065 1290 2092 cumque
1312 2056 1544 2092 quamplurimum
1569 2055 1735 2090 vigilaveris.

945 2113 976 2133 ac
991 2104 1105 2132 tentaris
1118 2112 1225 2135 somno,
1249 2103 1347 2130 dormi.
1373 2102 1430 2129 Hoc
1446 2106 1489 2129 est
1512 2102 1585 2137 quod
1597 2101 1644 2128 tibi
1661 2101 1736 2128 locu-

945 2157 989 2179 tus
1000 2155 1043 2179 est
1057 2159 1151 2178 senex.

980 2198 1006 2225 4.
1028 2197 1128 2224 lterum
1155 2196 1311 2224 sciscitatus
1337 2199 1377 2223 est
1401 2195 1473 2222 idem
1495 2194 1580 2221 frater
1610 2193 1734 2220 abbatem

97 2235 257 2270 Σαρματᾶν,
273 2236 377 2270 λέγων·
394 2237 425 2263 Οἱ
444 2236 570 2272 λογισμοὶ
585 2237 693 2272 λέγουσί
710 2247 754 2273 μοι
765 2247 771 2253 ·
786 2240 895 2275 ’Ύπαγε

950 2243 1103 2270 Sarmatam
1121 2251 1127 2268 :
1153 2242 1278 2270 Subeunt
1301 2249 1345 2269 me
1366 2241 1547 2277 cogitationes
1568 2241 1642 2267 istae:
1660 2238 1738 2266 Vade

97 2282 162 2315 ἔξω,
187 2283 233 2309 καὶ
251 2283 394 2318 παράϐαλε
417 2284 474 2315 τοῖς
489 2283 624 2318 ἀδελφοῖς.
647 2285 702 2311 Καὶ
719 2285 793 2320 λέγει
816 2287 830 2313 ὁ
850 2287 897 2321 γέ-

100 2336 173 2364 ρων·
197 2328 282 2355 Τοῦτο
310 2328 347 2364 μὴ
375 2328 496 2365 ἀκούσῃς
521 2330 621 2361 αὐτῶν,
648 2330 706 2357 ἀλλ’
725 2332 805 2358 εἰπέ·
829 2333 895 2359 Ἰδοὺ

98 2374 206 2410 ἥκουσά
228 2383 274 2401 σου
300 2375 330 2401 τὸ
351 2375 469 2411 πρῶτον,
493 2376 573 2403 τοῦτο
595 2377 624 2403 δὲ
649 2377 681 2404 οὐ
704 2377 821 2414 δύναμαί
848 2387 895 2406 σου

98 2421 228 2448 ἀκοῦσαι.

267 2479 339 2513 Περὶ
358 2478 412 2506 τοῦ
429 2479 504 2507 ἀδεᾶ
523 2481 725 2514 Σεραπίων-ος.

133 2538 170 2562 α’.
190 2533 275 2562 Ἦλθέ
301 2545 366 2563 ποτε
391 2537 506 2568 ὐάὂϐᾱς
521 2537 662 2573 Σεραπίων
688 2538 893 2574 παρερχόμενος

95 2581 141 2609 διὰ
164 2581 261 2618 κώμης
281 2583 354 2614 τινὸς
372 2583 423 2618 τῆς
440 2583 591 2616 Αἰγύπτου·
609 2584 655 2610 καὶ
672 2582 726 2611 εἶδέ
742 2594 803 2611 τινα
826 2586 892 2621 πόρ-

95 2636 146 2663 νην
173 2629 295 2655 ἑστῶσαν
317 2629 356 2660 είς
380 2629 410 2655 τὸ
426 2629 530 2656 κελλίον
550 2631 647 2665 αὐτῆς·
665 2631 711 2657 καὶ
728 2629 803 2657 εἶπεν
823 2633 892 2667 αὑτῇ

94 2675 110 2701 ὁ
133 2675 240 2711 γέρων·
266 2676 457 2710 Προσδόκησόν
487 2685 521 2711 με
540 2676 607 2711 ὀψέ·
631 2676 699 2703 θέλω
726 2677 779 2713 γὰρ
805 2677 892 2704 ἐλθεῖν

135 2752 159 2768 ⁸⁸
173 2753 216 2780 Al.
234 2752 421 2789 Σωσίπατρον.
458 2755 480 2770 ⁵¹
497 2754 540 2780 ΑΙ.
556 2755 715 2790 Σαμαρτᾶς.

97 2831 252 2862 crederem,
272 2831 323 2859 nisi
343 2832 369 2859 in
384 2831 613 2860 Elucidationibus
630 2833 740 2860 Gallicis
763 2834 796 2861 ad
816 2833 889 2861 hunc

99 2865 427 2896 Gradum.addueeretur
444 2868 631 2895 testimonium
653 2869 718 2896 Elia:
738 2869 889 2900 Cretensis,

98 2910 153 2939 quo
173 2906 303 2936 receptus
320 2902 387 2930 ordo
402 2903 591 2930 continuatur.
614 2903 670 2932 Dici
693 2905 785 2938 itaque
799 2904 888 2936 debet,

948 2291 1033 2323 foras,
1049 2294 1075 2317 et
1094 2290 1194 2318 fratres
1211 2290 1309 2316 invise.
1336 2288 1489 2323 Respondit
1509 2295 1612 2314 senex:
1638 2287 1666 2313 ln
1683 2286 1735 2313 hoc

944 2345 980 2364 ne
998 2337 1051 2364 illis
1068 2336 1256 2370 obtemperes,
1282 2335 1329 2363 sed
1347 2335 1432 2362 dicito
1458 2342 1466 2360 :
1483 2333 1554 2361 Ecce
1573 2341 1661 2364 mens,
1686 2340 1736 2359 au-

945 2382 1060 2410 scultavi
1075 2381 1123 2408 tibi
1139 2382 1234 2417 prius;
1257 2381 1291 2408 ad
1307 2381 1378 2408 hanc
1392 2388 1456 2408 vero
1476 2387 1533 2407 rem
1551 2387 1604 2407 non
1622 2386 1736 2414 possum

946 2428 1042 2456 audire
1057 2431 1095 2455 te.

1177 2484 1216 2511 De
1233 2484 1332 2519 abbate:
1345 2483 1490 2519 Serapione

975 2542 1002 2570 ί.
1017 2541 1135 2570 Veniens
1150 2542 1296 2578 aliquando
1317 2542 1403 2570 abbas
1422 2541 1535 2577 Serapio
1547 2545 1574 2569 et
1591 2546 1735 2577 pertrans—

942 2588 1001 2616 iens
1017 2596 1066 2624 per
1098 2588 1243 2623 quemdam
1272 2588 1381 2624 [Egypti
1400 2589 1506 2620 vicum,
1525 2588 1592 2615 vidit
1608 2588 1735 2615 meretri—

941 2641 999 2661 cem
1021 2639 1139 2662 stantem
1162 2635 1189 2662 in
1209 2635 1278 2662 cella
1296 2643 1366 2667 sua;
1384 2639 1410 2662 ct
1431 2635 1500 2662 dixit
1518 2635 1542 2663 ei
1557 2644 1639 2663 senex
1656 2645 1662 2662 :
1681 2635 1734 2662 Ex-

941 2683 1036 2713 specta
1058 2688 1101 2707 mc
1117 2681 1224 2716 vesperi
1248 2690 1254 2708 :
1272 2680 1333 2708 volo
1351 2681 1423 2708 enim
1444 2681 1534 2708 venire
1551 2681 1584 2708 ad
1603 2685 1638 2713 te,
1653 2685 1735 2716 atque

942 2835 1013 2898 idem
1026 2844 1040 2862 a
1057 2836 1164 2878 duobus
1178 2837 1352 2866 anachoretis
1371 2837 1475 2866 editum
1492 2837 1578 2866 fuisse
1591 2837 1735 2865 humilita-

955 2880 976 2898 IS
991 2879 1142 2898 snecunen.

955 2880 976 2899 IS
991 2879 1142 2907 εροειιιιεη.
