1978 3075
182 156 236 186 £25

185 217 257 245 hanc
268 220 376 245 noctem
390 217 468 253 juxta
489 222 515 245 te
532 217 697 253 transigere.
711 217 761 244 Illa
777 225 842 245 vero
862 225 978 252 respon-
992 224 1014 251 Α

186 272 247 291 sum
263 264 383 292 reddidit
403 274 409 292 :
434 264 507 293 Bene
529 270 590 297 est.
606 266 687 293 abba.
711 265 823 293 Paravit
847 273 914 301 ergo
929 273 977 298 se.

186 310 338 344 stravitque
363 310 475 338 lectum.
502 309 620 345 Vespere
640 315 731 338 autem
750 310 839 342 facto.
860 311 979 342 accessit

187 363 281 389 senex,
291 361 373 391 atque
385 357 526 390 ingressus
545 357 572 384 in
584 358 693 388 cellam,
703 358 741 384 ait
756 367 763 384 :
777 357 980 392 Praeparasline

190 401 308 428 lectum?
324 402 388 432 illa,
404 401 507 434 Etiam,
533 403 640 436 inquit,
659 403 738 429 abba.
762 402 855 437 Itaque
879 403 980 429 clausit

187 447 310 480 januam,
331 451 358 474 et
375 448 432 474 infit
449 447 606 482 :Exspccta
625 455 791 483 parumper;
810 447 982 483 quandoqui-

190 492 251 519 dem
278 493 505 520 consuetudinem
535 494 683 526 habemus,
713 495 800 520 donec
830 493 980 520 secundum

191 545 251 564 eam
271 537 392 565 fecerim.
406 538 474 565 Tum
489 539 628 566 inchoavit
643 547 725 567 senex
739 539 864 566 Ollicium
881 547 981 572 suum;

192 591 224 610 ac
238 583 374 618 incipiens
396 584 495 611 librum
511 585 637 612 Psalterii
649 606 656 617 ,
674 585 706 612 ad
721 585 846 620 singulos
861 586 982 620 psalmos

191 630 343 657 orationem
361 631 487 663 dicebat,
504 631 586 658 Deum
608 639 656 666 pro
672 631 716 658 illa
732 639 859 666 precans,
875 635 904 658 ut
924 638 982 666 pae-

192 675 334 702 nitentiam
352 681 443 710 ageret
461 680 488 704 et
508 681 725 712 consequeretur
745 677 872 705 salutem.
897 676 984 704 Porro

191 721 331 748 exaudivit
347 730 409 748 eum
435 721 514 749 Deus.
538 721 605 749 Nam
634 722 734 750 mulier
756 723 833 750 stetit
860 727 983 750 tremens

192 775 330 802 oransque
354 775 437 802 prope
465 775 568 795 senem.
595 768 686 803 thue
707 772 793 796 totum
820 768 984 796 Psalterium

193 821 275 840 senex
290 813 452 848 complevit,
472 814 573 841 cecidit
589 815 687 841 mulier
705 815 732 841 in
759 819 870 842 terram.
895 813 984 842 Senex

193 867 258 886 vero
272 860 403 887 inchoans
419 859 582 895 Apostolum
593 880 600 892 ,
620 861 735 887 multum
753 869 786 888 ex
804 861 865 896 ipso
883 861 984 888 recita-

194 906 250 939 vit;
267 911 350 940 atque
365 907 405 933 sic
422 908 502 934 finem
523 907 655 941 imposuit
673 907 802 942 precibus
820 907 888 935 suis.
904 906 987 934 Com-
1003 903 1023 929 Β

196 956 296 984 puncta
312 952 395 986 igitur
409 953 516 983 mulier,
531 958 612 987 atque
629 952 785 986 intelligens
805 960 857 979 non
877 958 988 987 propzer

196 1004 334 1031 peccatum
359 999 468 1026 venisse
486 998 519 1024 ad
538 1007 598 1025 eam
611 1020 617 1030 ,
636 998 683 1025 sed
705 1002 734 1024 ut
760 998 846 1033 ipsius
870 998 988 1025 animam

195 1044 324 1076 salvaret,
343 1045 461 1080 procidit
474 1045 510 1075 ei,
524 1045 620 1079 sicque
635 1044 725 1070 locuta
738 1048 780 1071 est
797 1053 804 1070 :
819 1044 988 1070 Charitatem

197 1089 252 1120 l‘ac,
273 1089 340 1117 abba
354 1099 360 1121 ;
374 1091 401 1116 in
415 1091 505 1117 locum
522 1099 564 1117 me
579 1089 684 1120 ducito.
702 1090 728 1116 in
745 1097 800 1124 quo
814 1091 917 1123 possim
934 1089 991 1116 Deo

197 1136 332 1171 placentia
351 1136 450 1163 facere.
472 1136 550 1163 Tunc
568 1143 650 1163 senex
665 1135 779 1162 deduxit
794 1135 867 1162 illam
887 1135 914 1161 in
932 1143 990 1161 rno-

197 1182 347 1209 nnsterium
371 1182 519 1216 virginum.
536 1186 563 1208 et
583 1181 697 1207 tradidit
722 1180 818 1213 Matri;
837 1181 881 1207 cui
897 1180 988 1207 dixit:

196 1224 298 1259 Aecipe
313 1233 435 1252 sororem
454 1225 540 1257 hanc;
559 1233 648 1260 neque
673 1225 840 1259 imposueris
853 1225 877 1251 ei
893 1225 989 1260 jugum

198 1274 245 1296 aut
270 1271 429 1298 mandatum
457 1275 484 1298 ut
514 1271 575 1298 aliis
598 1271 758 1302 sororibus,
785 1271 832 1298 sed
857 1271 989 1306 quidquid

198 1316 332 1346 voluerit.
359 1317 392 1343 da
419 1316 476 1346 illi.
503 1320 530 1343 et
557 1321 637 1351 prout
665 1316 790 1347 voluerit,
816 1316 876 1343 sine
902 1317 990 1351 ipsam

197 1370 287 1397 agere.
304 1361 369 1389 Post
381 1371 484 1398 paucos
498 1370 563 1397 ergo
578 1363 648 1393 dies.
666 1363 710 1389 illa
722 1370 815 1389 secum
834 1372 840 1390 :
858 1362 913 1398 Ego
929 1370 992 1397 pec-

198 1409 286 1434 catrix
302 1416 376 1439 sum,
397 1410 458 1435 volo
479 1417 527 1443 per
544 1409 626 1436 bidua
643 1409 726 1436 semel
749 1409 902 1436 comedere.
921 1409 992 1436 Pal-

200 1454 294 1488 eisque
309 1459 370 1488 post
381 1455 477 1482 diebus
493 1465 499 1482 :
517 1455 573 1490 Ego
587 1455 670 1482 multa
689 1455 776 1482 habeo
789 1459 913 1490 peccata,
929 1457 992 1482 volo

200 1507 249 1534 per
262 1500 409 1534 quatridua
425 1501 602 1528 manducare.
615 1500 680 1528 Item
694 1501 845 1534 interjectis
856 1501 918 1528 aliis
930 1509 993 1536 pau-

199 1546 240 1572 cis
254 1545 366 1578 diehus,
384 1547 473 1573 oravit
489 1546 600 1574 Matrem
619 1547 670 1573 hoc
693 1555 820 1574 sermone
835 1555 841 1572 :
862 1546 992 1580 Quando-

202 1591 311 1626 quidem
339 1592 486 1626 plurimum
510 1592 672 1619 contrislavi
693 1591 778 1619 Deum
800 1592 991 1627 iniquitatibus

201 1637 286 1666 meis.
304 1635 346 1663 fac
363 1637 537 1669 charitalem,
553 1637 659 1672 conjice
675 1645 717 1664 me
731 1637 758 1664 in
773 1638 888 1670 cellam.
909 1644 993 1673 atque

201 1690 260 1710 eam
277 1684 408 1715 obstrue,
427 1691 459 1711 ac
476 1691 523 1718 per
542 1683 664 1710 foramen
682 1683 715 1710 da
734 1685 873 1718 paululum
892 1685 972 1719 panis
984 1704 991 1715 .

201 1737 308 1756 necnon
320 1730 392 1757 unde
406 1730 532 1758 manibus
544 1738 650 1764 operer.
664 1730 741 1762 Quod
753 1731 855 1757 factum
868 1739 882 1758 a
896 1730 991 1758 Matre.

200 1775 235 1802 Ει
247 1780 359 1810 accepta
373 1775 424 1802 fuit
441 1775 495 1802 Deo
509 1776 542 1802 ad
557 1776 693 1810 reliquum
709 1776 771 1802 vitm
787 1781 898 1810 tempus

235 1823 262 1849 2.
282 1822 336 1855 (72)
354 1821 449 1849 Frater
475 1823 582 1857 rogavit
600 1823 726 1850 abbatem
760 1822 948 1857 Serapionem,
965 1826 994 1849 ut

201 1868 227 1896 ei
245 1868 350 1895 diceret
369 1869 492 1895 verbum.
509 1868 554 1894 Ait
572 1869 611 1896 illi
627 1876 709 1895 senex
727 1878 733 1895 :
749 1868 820 1901 Quid
843 1869 891 1895 tibi
907 1869 994 1895 habeo

202 1915 311 1942 dicere?
334 1915 406 1950 quod
432 1915 574 1949 sumpsisti
598 1923 659 1950 qua:
683 1920 762 1941 erant
791 1915 936 1941 viduarum
963 1923 994 1941 ac

203 1961 385 1996 pupillorum,
404 1965 431 1988 et
450 1961 566 1995 posuisti
586 1961 614 1988 in
631 1961 683 1988 hac
699 1962 777 1994 aula;
799 1960 907 1988 viderat
921 1961 994 1988 enim

202 2014 262 2034 eam
279 2006 358 2032 libris
372 2006 491 2041 plenam.

238 2052 264 2079 5.
294 2052 351 2087 (75)
376 2051 449 2078 Dixit
474 2051 558 2078 abbas
595 2051 735 2086 Serapio:
761 2050 995 2084 Quemadmodum

204 2097 304 2124 milites
318 2097 494 2131 imperatoris
511 2104 566 2124 non
582 2100 710 2132 possunt,
721 2096 786 2123 dum
805 2101 907 2126 astant.
927 2096 995 2122 dex—

203 2147 324 2171 trorsum
341 2144 381 2170 vel
394 2144 585 2170 sinistrorsum
600 2143 740 2178 aspicere:
757 2143 792 2169 ita
807 2143 888 2169 etiam
903 2142 996 2173 homo.

204 2190 226 2217 si
245 2190 351 2217 steterit
368 2198 460 2217 coram
474 2189 540 2221 Deo,
555 2194 583 2217 et
597 2190 624 2216 in
638 2193 787 2224 conspectu
801 2189 861 2223 ejus
875 2189 996 2215 intentus

205 2236 289 2263 fuerit
305 2243 368 2263 cum
385 2237 484 2262 timore
508 2236 573 2262 hora
588 2235 677 2268 omni,
702 2235 769 2262 nihil
786 2234 890 2262 inimici
907 2238 996 2269 potest

203 2290 266 2309 eum
284 2286 396 2309 terrere.

240 2329 258 2355 4
285 2328 342 2364 (74)
362 2328 437 2355 Adiit
452 2328 537 2355 frater
554 2328 678 2355 abbatem
695 2327 889 2363 Serapionem;
905 2329 998 2356 horta-

204 2377 286 2403 batur
305 2381 396 2402 antem
411 2383 472 2402 eum
487 2383 581 2406 senex.
600 2380 628 2402 ut
644 2383 677 2402 ex
695 2383 771 2402 more
786 2375 886 2402 faceret
900 2375 999 2402 oratio-

205 2430 276 2448 nem.
297 2422 343 2448 llle
359 2429 423 2448 vero
439 2429 468 2449 se
484 2425 654 2456 peccatorem
672 2429 784 2455 vocans,
805 2422 920 2457 ipsoque
939 2430 997 2449 mo.

204 2467 286 2493 narhi
309 2467 404 2493 habitu
429 2466 589 2501 indignum,
607 2475 662 2493 non
680 2467 881 2501 acquiescebal.
907 2465 997 2493 Voluit

204 2514 286 2539 etiam
305 2512 386 2548 pedes
409 2513 469 2547 ejus
488 2514 597 2544 lavare.
615 2513 662 2540 sed
680 2513 776 2540 iisdem
795 2514 892 2539 iterum
906 2512 997 2540 verbis

206 2567 284 2590 usus.
302 2567 356 2586 non
373 2560 446 2586 tulit.
471 2559 606 2594 Apposuit
619 2568 728 2595 quoque
745 2559 769 2586 ei
789 2567 925 2592 mensam;
940 2566 997 2586 cm-

207 2605 300 2640 pitque
330 2613 413 2633 senex
444 2613 496 2633 una
522 2606 697 2633 manducare.
726 2606 812 2633 Porro
836 2605 1001 2633 admonebat

207 2653 282 2679 illum
299 2652 341 2680 his
354 2653 445 2680 verbis
463 2663 469 2680 :
486 2652 547 2685 Fili,
573 2653 595 2680 si
610 2653 689 2688 cupis
706 2654 851 2688 prolicere,
871 2660 1000 2687 permane

1005 1585 1026 1612 C

1015 2262 1035 2289 D

242 2745 265 2761 δ’
283 2745 337 2785 A|_._
345 2745 409 2785 add.
425 2745 472 2785 καὶ
490 2745 738 2785 προσεδόκησε-τὸν
752 2745 869 2785 γέροντα
889 2743 958 2780 μετὰ
980 2744 1091 2785 χρειῶν.

206 2780 276 2812 λαις.
314 2782 337 2797 ⁵⁸
351 2781 394 2808 Al.
408 2782 472 2816 μιᾶς
484 2781 600 2816 ἡμέρας.

244 2859 300 2894 (72)
326 2859 379 2886 Vit.
395 2859 468 2885 Patr.
492 2867 527 2889 vt.
547 2859 587 2885 1'2.

245 2895 300 2930 r73)
327 2895 377 2922 l't'l.
395 2895 470 2921 Patr.
495 2902 532 2925 xi,
549 2895 593 2920 51.

748 155 923 184 APPENDIX
940 156 987 184 AD
1008 157 1220 186 PALLADIUM.

637 2779 660 2797 δ’
674 2781 716 2808 Al.
731 2779 851 2808 addlroﬁ
870 2779 1063 2815 μοναστηρίου.
1102 2779 1124 2794 ⁸⁷
1140 2779 1182 2805 AI.
1197 2779 1344 2814 τολμῶσιν.

1771 157 1825 185 ιισ

1031 219 1099 253 πρὸς
1113 219 1155 251 σὲ,
1170 219 1218 246 καὶ
1232 220 1345 255 ποιῆσαι
1358 219 1408 254 τὴν
1423 219 1509 246 νύκτα
1521 217 1623 253 ταύτην
1636 216 1751 252 ἔγγιστά
1765 224 1824 245 σου.

1036 265 1068 292 Ἦ
1091 265 1120 292 δὲ
1136 266 1328 301 ἀποκριθεῖσα,
1351 264 1427 292 εἷπε·
1443 265 1553 297 Καλῶς,
1575 265 1657 292 ὰῦὁᾶ.
1676 264 1731 290 Kal.
1751 265 1826 298 ήτοι-

1033 310 1135 346 μάσθη,
1149 310 1197 336 καὶ
1217 310 1337 346 ἐστρωσε
1357 310 1405 345 τὴν
1425 310 1521 344 κλίνην
1532 310 1564 335 δ’.
1587 309 1682 344 Ὀψίας
1704 308 1733 334 δὲ
1749 317 1826 342 γενο-

1032 356 1126 391 μένης,
1142 354 1223 393 ἧλθεν
1246 358 1260 383 ὁ
1281 356 1372 392 γέρων
1391 357 1458 392 πρὸς
1475 355 1560 391 αὐτὴν
1575 356 1607 387 ⁸³,
1630 356 1678 381 καὶ
1698 354 1826 381 εἰσελθὼν

1031 403 1072 434 εἰς
1086 402 1117 428 τὸ
1133 402 1250 434 κελλίον,
1267 402 1342 436 λέγει
1360 402 1428 437 αὐτῇ
1440 411 1446 417 ·
1467 402 1634 436 Ἰἰτοίμασας
1650 401 1698 436 τὴν
1714 400 1826 434 κλίνην;

1037 449 1071 474 Ἦ
1086 448 1114 474 δὲ
1131 446 1207 474 εἶπε·
1224 448 1289 477 Ναὶ.
1311 447 1393 474 ἀϐὃᾶ.
1411 447 1466 474 Καὶ
1484 447 1589 473 ἔκλεισε
1604 447 1653 482 τὴν
1669 446 1764 482 Θύρςιν,
1781 446 1827 472 καὶ

1031 494 1106 528 λέγει
1128 494 1196 529 αὐτῇ
1210 502 1217 510 “
1245 494 1346 521 Μεῖνον
1373 493 1472 527 ὀλίγον,
1495 493 1587 528 ἐπειδὴ
1607 493 1688 528 νόμον
1717 492 1826 527 ἔχομεν.

1031 540 1084 571 ἕως
1097 537 1127 566 οὗ
1148 540 1254 574 ποιήσω
1270 539 1360 566 αὐτόν.
1376 539 1427 566 Καὶ
1444 538 1545 574 ἤρξατο
1558 539 1573 564 ὁ
1587 537 1676 573 γέρων
1691 537 1740 571 τῆς
1763 544 1828 562 συν-

1033 587 1118 620 άξεως
1129 586 1223 613 αὑτοῦ·
1234 586 1282 612 καὶ
1293 585 1446 621 ἀρξάμενος
1458 584 1489 610 τὸ
1501 584 1659 618 ψαλτήριον,
1672 582 1742 608 κατὰ
1760 581 1829 616 ψαλ-

1035 633 1084 668 μὸν
1095 632 1181 658 ἐποίει
1195 631 1288 666 εὐχὴν.
1300 631 1427 666 δεόμενος
1435 629 1482 656 τοῦ
1490 629 1557 655 Θεοῦ
1569 628 1639 664 ὑπὲρ
1652 627 1829 662 αὑτῆς.ὅπιι›ς

1035 678 1190 714 μετανοήσῃ
1197 677 1244 704 καὶ
1254 677 1337 712 σωθῇ.
1346 676 1400 703 Καὶ
1408 676 1519 710 είσήκου
1524 683 1568 701 σεν
1576 673 1657 701 αὑτοῦ
1668 675 1682 700 ὁ
1690 672 1764 704 Θεός.
1773 672 1830 698 Καὶ

1034 724 1148 759 ἕστηκεν
1162 725 1178 759 ή
1195 723 1263 759 γυνὴ
1276 723 1415 758 τρέμουσα
1427 722 1474 748 καὶ
1490 721 1623 756 εὐχομένη
1639 720 1723 753 ἐγγὺς
1731 717 1777 745 τοῦ
1785 718 1830 751 γέ-

1036 779 1138 806 ροντος.
1153 770 1208 796 Καὶ
1221 769 1258 801 ὠς
1276 769 1400 795 ἐτέλεσεν
1415 769 1429 794 ὁ
1440 768 1529 804 γέρων
1543 767 1603 793 ὅλον
1619 766 1649 792 τὸ
1669 765 1828 800 ψαλτήριον,

1036 816 1133 842 ἔπεσεν
1142 817 1158 850 ἡ
1170 815 1238 850 γυνὴ
1251 815 1348 850 χαμαί.
1357 814 1385 840 ὐ
1396 814 1424 840 δὲ
1430 814 1518 849 γέρων
1530 812 1684 847 ἀρξάμενος
1694 810 1741 836 τοῦ
1753 810 1832 836 ’Δπο-

1038 862 1142 893 στόλου,
1157 859 1218 887 εἷπε
1230 861 1296 887 πολὺ
1311 860 1340 892 ἐξ
1352 859 1432 886 αὑτοῦ
1444 867 1450 873 ι
1463 859 1510 886 καὶ
1520 858 1608 889 οὕτως
1625 857 1768 892 ἐπλήρωσε
1780 855 1832 890 τὴν

1039 908 1158 940 σύναξιν.
1168 908 1357 941 Κατανυγείσα
1374 904 1444 940 οὖνὴ
1457 906 1527 940 γυνὴ
1535 926 1541 937 ,
1556 905 1604 931 καὶ
1614 904 1734 939 νοήσασα
1745 903 1786 928 ὅτι
1799 901 1830 927 οὐ

1039 953 1071 979 δι’
1081 952 1217 987 ἁμαρτίαν
1225 950 1290 987 ἦλθε
1303 951 1371 987 πρὸς
1382 951 1477 986 αὐτὴν,
1488 949 1594 976 ἀλλ’ῑνα
1606 948 1679 984 σώσῃ
1689 948 1773 983 αὐτῆς
1782 947 1832 982 τὴν

1038 998 1137 1032 ψυχὴν,
1152 998 1321 1033 προσέπεσεν
1335 997 1419 1032 αὐτῷ,
1433 997 1563 1030 λέγουσα’
1579 995 1694 1029 Ποίησον
1710 994 1832 1028 ἀγάπην,

1039 1045 1121 1075 ἀϐὁᾶ,
1136 1044 1184 1070 καὶ
1199 1044 1267 1070 ὅπου
1284 1043 1402 1078 δύναμαι
1424 1042 1606 1078 εὐαρεστῆσαι
1627 1040 1666 1076 τῷ
1684 1040 1753 1075 Θεῷ,
1770 1039 1834 1074 66h-

1039 1090 1123 1125 γησὸν
1144 1098 1191 1124 με.
1203 1089 1270 1115 Τότε
1289 1090 1304 1115 ὁ
1320 1089 1410 1124 γέρων
1431 1089 1571 1124 ὡδήγησεν
1591 1087 1676 1123 αὐτὴν
1694 1088 1734 1118 εἰς
1752 1095 1834 1122 μονα-

1041 1134 1151 1168 στήριον
1169 1133 1324 1168 παρθένων,
1343 1133 1391 1159 καὶ
1405 1133 1564 1167 παρέδωκεν
1579 1132 1663 1167 αὐτὴν
1675 1133 1707 1167 τῇ
1727 1131 1833 1166 ’Δμμᾷ.

1040 1179 1087 1206 καὶ
1101 1179 1174 1205 εἰπε·
1192 1179 1265 1206 Λάϐε
1286 1179 1336 1214 τὴν
1355 1179 1472 1215 ἀδελφὴν
1488 1179 1600 1213 ταύτην,
1616 1179 1663 1205 καὶ
1685 1180 1721 1214 μὴ
1740 1177 1834 1212 θήσεις

1039 1227 1108 1261 αὐτῇ
1131 1225 1214 1259 ζυγὸν
1236 1225 1252 1261 ἢ
1273 1226 1383 1261 ὲντολὴν
1401 1226 1438 1257 ὼς
1455 1226 1515 1256 ταῖς
1528 1224 1551 1240 ⁸⁵
1567 1224 1712 1258 ἀδελφαῖς·
1735 1223 1792 1250 ἀλλ’
1808 1222 1836 1249 εἴ

1039 1281 1066 1299 τι
1080 1272 1162 1302 Θέλει,
1181 1272 1225 1303 δὸς
1245 1273 1314 1307 αὐτῇ
1325 1280 1331 1287 ·
1348 1272 1395 1298 καὶ
1413 1271 1452 1302 ὡς
1467 1271 1549 1303 θέλει,
1566 1270 1743 1306 συγχώρησον
1764 1270 1833 1305 αὐτῇ

1042 1317 1216 1354 πορεύεσθαι.
1231 1319 1286 1344 Καὶ
1301 1318 1339 1349 ὼς
1354 1317 1482 1352 ἐποίησεν
1494 1317 1587 1352 ὀλίγας
1602 1317 1721 1352 ἡμέρας,
1738 1314 1815 1343 εἶπεν
1825 1323 1831 1330 '

1049 1363 1118 1397 Ἐγὼ
1137 1363 1297 1399 ἁμαρτωλός
1314 1364 1383 1398 εἰμι.
1398 1363 1468 1389 θέλω
1488 1363 1533 1389 διὰ
1553 1363 1599 1389 δύο
1610 1363 1633 1378 ⁴⁸
1650 1362 1760 1389 ἐσθίειν.
1781 1361 1835 1388 Καὶ

1044 1409 1101 1444 μετ’
1125 1409 1218 1443 ὀλίγας
1240 1409 1348 1444 ἡμέρας
1372 1406 1464 1435 εἶπεν·
1485 1408 1556 1442 Ἐγὼ
1577 1407 1677 1439 πολλὰς
1698 1408 1836 1443 ἁμαρτίας

1043 1454 1108 1489 ἔχω,
1127 1454 1197 1481 θέλω
1218 1455 1261 1481 διὰ
1276 1455 1418 1490 τεσσάρων
1435 1455 1546 1489 ἡμερῶν
1571 1454 1681 1481 ἐσθίειν.
1703 1454 1758 1480 Καὶ
1777 1454 1836 1488 μετ’

1042 1501 1134 1535 ὀλίγας
1150 1501 1255 1537 ἡμέρας
1275 1501 1447 1536 παρεκάλεσε
1460 1501 1509 1536 τὴν
1525 1501 1634 1536 Ἀμμᾶν
1648 1501 1682 1532 ⁵⁸,
1703 1500 1835 1534 λέγο·.›σα’

1049 1547 1156 1582 Ἐπειδὴ
1186 1546 1270 1574 πολλὰ
1291 1547 1415 1583 ἐλύπησα
1429 1547 1475 1574 τὸν
1501 1547 1566 1574 Θεὸν
1582 1548 1610 1574 ὲν
1629 1549 1689 1578 ταῖς
1710 1546 1838 1582 ἀνομίαις

1045 1602 1106 1628 μου,
1126 1593 1238 1628 ποίησον
1256 1594 1378 1629 ἀγάπην,
1397 1594 1444 1619 καὶ
1464 1592 1527 1627 βάλε
1545 1601 1579 1628 με
1602 1593 1642 1624 εἰς
1657 1591 1772 1623 κελλίον,
1790 1591 1838 1618 και

1042 1639 1197 1674 ἁνάφραξον
1211 1639 1288 1669 αὐτὸ,
1301 1640 1348 1666 καὶ
1364 1639 1397 1665 δι’
1412 1640 1482 1674 ὀπῆς
1495 1639 1567 1665 δίδου
1583 1647 1628 1674 μοι
1647 1638 1743 1673 μικρὸν
1756 1638 1841 1673 ἄρτον

1043 1686 1090 1712 καὶ
1115 1685 1147 1711 τὸ
1174 1686 1342 1720 ἐργόχειρον.
1371 1685 1427 1711 Καὶ
1451 1685 1578 1720 εποίησεν
1601 1684 1670 1719 αὐτῇ
1694 1685 1711 1719 ὴ
1731 1684 1840 1718 Ἀμμίς

1043 1729 1138 1761 οὕτως.
1152 1730 1207 1756 Καὶ
1225 1730 1392 1765 εὑηρέστησε
1405 1729 1444 1765 τῷ
1456 1729 1516 1765 Θεῷ
1531 1729 1576 1756 τὸν
1589 1729 1728 1755 ἐπίλοιπον
1744 1729 1843 1764 χρόνον

1043 1774 1093 1809 τῆς
1113 1774 1186 1808 ζωῆς
1202 1775 1298 1810 αὐτῆς.

1081 1820 1115 1855 β’.
1143 1820 1269 1855 Ἀδελφὸς
1292 1819 1419 1857 ἠρώτησε
1435 1821 1480 1847 τὸν
1496 1820 1583 1847 ἀὸδᾶν
1603 1819 1778 1856 Σαραπίωνα.
1796 1818 1842 1846 λέ-

1044 1875 1117 1901 γων·
1135 1867 1202 1893 Εἰπέ
1221 1876 1266 1902 μοι
1290 1867 1379 1901 λόγον.
1399 1867 1478 1901 Λέγει
1498 1867 1574 1903 αὐτῷ
1594 1868 1608 1893 ὁ
1622 1867 1728 1902 γὲερων·
1747 1865 1780 1892 Τί
1798 1873 1844 1892 σοι

1045 1914 1100 1949 ἔχω
1114 1912 1217 1947 εἰπεῖν;
1235 1915 1275 1941 ὅτι
1297 1914 1394 1946 ἔλαῦες
1406 1914 1441 1940 τὰ
1457 1914 1511 1940 τῶν
1534 1914 1626 1949 χηρῶν
1640 1914 1688 1941 καὶ
1700 1912 1841 1949 ὀρφανῶν,

1045 1961 1092 1987 καὶ
1110 1960 1213 1996 ἔθηκας
1227 1962 1268 1991 εἰς
1284 1960 1333 1996 τὴν
1349 1960 1445 1996 θυρίδα
1466 1960 1586 1996 ταύτην·
1603 1958 1657 1986 εἶδε
1677 1959 1732 1995 γὰρ
1753 1958 1846 1995 αὐτὴν

1047 2006 1148 2042 μεστὴν
1169 2006 1290 2041 βιῦλίων.

1082 2056 1116 2085 γ’.
1138 2050 1222 2078 Εἶπεν
1234 2054 1248 2079 ὁ
1265 2053 1352 2085 ἁὸὗᾶς
1364 2053 1522 2089 Σαραπίων,
1535 2053 1576 2080 ὅτι
1593 2053 1699 2088 Ὥσπερ
1713 2052 1737 2078 oi
1757 2059 1843 2087 στρα-

1046 2098 1142 2125 τιῶται
1168 2099 1215 2125 τοῦ
1247 2099 1380 2134 βασιλέως
1404 2100 1434 2126 οὑ
1461 2100 1586 2126 δύνανται
1609 2099 1630 2115 ⁸⁷
1656 2099 1798 2134 ἱστάμενοι
1817 2098 1841 2113 ⁵⁸

1047 2145 1122 2178 δεξιὰ
1135 2145 1150 2180 ἧ
1167 2146 1300 2182 ἀριστερὰ
1314 2146 1458 2181 προσέχειν
1468 2155 1474 2161 ·
1491 2146 1575 2178 οὕτως
1593 2146 1639 2173 καὶ
1653 2147 1668 2172 ὁ
1686 2145 1843 2181 ἄνθρωπος,

1048 2191 1094 2218 ἐὰν
1117 2191 1224 2218 ἵσταται
1240 2192 1355 2218 ἐνώπιον
1371 2192 1418 2218 τοῦ
1432 2192 1511 2222 Θεοῦ,
1524 2193 1571 2219 καὶ
1588 2192 1708 2228 προσέχῃ
1725 2191 1844 2218 ἐνώπιον

1048 2239 1130 2265 αὑτοῦ
1147 2239 1175 2265 ὲν
1191 2238 1266 2273 eam
1279 2239 1353 2274 πάσῃ
1367 2238 1437 2274 ὥρᾳ,
1451 2239 1527 2266 οὐδὲν
1548 2238 1595 2265 τοῦ
1613 2238 1710 2274 ἐχθροῦ
1729 2237 1844 2264 δύναται

1051 2286 1132 2312 αὐτὸν
1146 2285 1306 2320 ὲκφοῦῆσαι.

1086 2332 1116 2358 δ’.
1138 2325 1296 2367 Παρέϐαλεν
1316 2331 1430 2366 ἁδελφὸς
1441 2331 1480 2367 τῷ
1494 2332 1566 2367 esse
1581 2331 1753 2368 Σαραπίωνι·
1776 2339 1845 2366 προ-

1051 2377 1180 2411 ετρέπετο
1193 2377 1222 2403 δὲ
1244 2377 1324 2403 αὐτὸν
1338 2378 1352 2404 ὁ
1365 2377 1454 2412 γέρων
1469 2377 1551 2412 εὐχὴν
1568 2377 1679 2412 ποιῆσαι
1703 2376 1774 2403 κατὰ
1793 2376 1846 2412 τὴν

1052 2422 1209 2458 συνήθειαν,
1230 2423 1257 2449 '(l
1276 2423 1304 2450 δὲ
1319 2423 1481 2458 ἁμαρτωλὸν
1499 2423 1594 2450 ἑαυτὸν
1613 2423 1709 2457 λέγων.
1728 2424 1774 2449 καὶ
1795 2423 1847 2450 αὐ-

1051 2469 1098 2495 τοῦ
1115 2469 1162 2495 τοῦ
1184 2470 1330 2504 μοναχικοῦ
1351 2470 1489 2504 σχήματος
1505 2469 1624 2501 ἀνάξιον,
1644 2470 1693 2496 οὐκ
1708 2469 1844 2496 ἐπείθετο.

1058 2514 1188 2549 Ἦθέλησε
1204 2514 1232 2540 δὲ
1252 2515 1298 2541 καὶ
1323 2514 1386 2545 τοὺς
1408 2515 1489 2546 πόδας
1508 2514 1590 2541 αὑτοῦ
1611 2514 1700 2549 νίψαι·
1721 2514 1768 2540 καὶ
1787 2515 1846 2546 τοῖς

1053 2561 1145 2592 αὐτοῖς
1176 2560 1256 2587 πάλιν
1292 2560 1432 2596 χρώμενος
1471 2560 1577 2594 λόγοις.
1613 2561 1662 2587 οὐκ
1701 2560 1844 2595 ἠνέσχετο.

1059 2606 1186 2642 Ἐποίησε
1201 2606 1230 2633 δὲ
1245 2606 1325 2632 αὑτὸν
1340 2606 1506 2640 γεύσασθαι·
1524 2605 1624 2633 ἐσθίειν
1637 2606 1664 2632 δὲ
1680 2606 1782 2642 ἤρξατο
1797 2607 1848 2632 καὶ

1052 2652 1067 2678 ὁ
1087 2652 1186 2687 γέρων.
1212 2653 1268 2679 Καὶ
1292 2652 1426 2679 ἐνουθέτει
1450 2652 1541 2685 αὑτὸν,
1565 2652 1670 2686 λέγων·
1691 2651 1802 2683 Τέκνον,
1821 2653 1848 2678 εί

1140 2744 1162 2759 ⁸³
1176 2743 1300 2780 Alandri.
1319 2744 1402 2780 μηδὲν
1420 2745 1546 2778 ἐνέγκας.
1594 2743 1616 2759 ⁸⁸
1633 2743 1677 2770 ΑΙ.
1694 2743 1780 2780 inser.
1798 2743 1847 2780 ἂλ-

1384 2780 1406 2795 ⁴⁸
1418 2781 1460 2806 Al.
1475 2780 1560 2806 inser.
1580 2778 1735 2815 ἔμπροσθεν
1749 2778 1848 2806 αὑτοῦ.

1058 2857 1148 2918 Η(Ἡ)
1174 2857 1227 2884 Vit.
1245 2856 1319 2884 Patr.
1337 2865 1396 2890 Vlll,
1418 2857 1448 2891 9;
1465 2857 1627 2890 Cassianus;
1650 2855 1748 2884 Collat.
1768 2864 1849 2891 xvnt,
