  <div class='ocr_page' id='page_1' title='image "/cluster/home/n/w/nwhite01/storage/ocr_20150623/65/njp.32101077772687/212.png"; bbox 0 0 1978 3075; ppageno 0'>
   <div class='ocr_carea' id='block_1_1' title="bbox 147 155 199 184">
    <p class='ocr_par' dir='ltr' id='par_1_1' title="bbox 147 155 199 184">
     <span class='ocr_line' id='line_1_1' title="bbox 147 155 199 184; baseline 0 0"><span class='ocrx_word' id='word_1_1' title='bbox 147 155 199 184; x_wconf 54' lang='lat' dir='ltr'><strong>vivi?</strong></span> 
     </span>
    </p>
   </div>
   <div class='ocr_carea' id='block_1_2' title="bbox 716 158 1203 190">
    <p class='ocr_par' dir='ltr' id='par_1_2' title="bbox 716 158 1203 190">
     <span class='ocr_line' id='line_1_2' title="bbox 716 158 1203 190; baseline 0.006 -4"><span class='ocrx_word' id='word_1_2' title='bbox 716 158 1028 188; x_wconf 76' lang='lat' dir='ltr'><strong>APOPllTHEGMATA</strong></span> <span class='ocrx_word' id='word_1_3' title='bbox 1048 160 1203 190; x_wconf 73' lang='lat' dir='ltr'><strong>PATRUM.</strong></span> 
     </span>
    </p>
   </div>
   <div class='ocr_carea' id='block_1_3' title="bbox 1734 168 1788 196">
    <p class='ocr_par' dir='ltr' id='par_1_3' title="bbox 1734 168 1788 196">
     <span class='ocr_line' id='line_1_3' title="bbox 1734 168 1788 196; baseline 0 -1"><span class='ocrx_word' id='word_1_4' title='bbox 1734 168 1788 196; x_wconf 74' lang='grc'><strong>418</strong></span> 
     </span>
    </p>
   </div>
   <div class='ocr_carea' id='block_1_4' title="bbox 146 215 935 258">
    <p class='ocr_par' dir='ltr' id='par_1_4' title="bbox 146 215 933 254">
     <span class='ocr_line' id='line_1_4' title="bbox 146 215 933 254; baseline 0.005 -13"><span class='ocrx_word' id='word_1_5' title='bbox 146 215 236 248; x_wconf 77' lang='grc' dir='ltr'>θέλεις</span> <span class='ocrx_word' id='word_1_6' title='bbox 253 215 438 252; x_wconf 80' lang='grc' dir='ltr'>ὠφεληθῆναι,</span> <span class='ocrx_word' id='word_1_7' title='bbox 453 216 625 252; x_wconf 79' lang='grc' dir='ltr'>καρτέρησον</span> <span class='ocrx_word' id='word_1_8' title='bbox 649 217 679 243; x_wconf 80' lang='grc' dir='ltr'>ὲν</span> <span class='ocrx_word' id='word_1_9' title='bbox 697 217 737 253; x_wconf 80' lang='grc' dir='ltr'><strong>τῷ</strong></span> <span class='ocrx_word' id='word_1_10' title='bbox 763 218 861 254; x_wconf 85' lang='grc' dir='ltr'>κελλίῳ</span> <span class='ocrx_word' id='word_1_11' title='bbox 887 227 933 246; x_wconf 86' lang='grc' dir='ltr'><strong>σου</strong></span> 
     </span>
    </p>
   </div>
   <div class='ocr_carea' id='block_1_5' title="bbox 990 215 1784 258">
    <p class='ocr_par' dir='ltr' id='par_1_5' title="bbox 998 220 1784 258">
     <span class='ocr_line' id='line_1_5' title="bbox 998 220 1784 258; baseline 0.009 -12"><span class='ocrx_word' id='word_1_12' title='bbox 998 220 1025 247; x_wconf 93' lang='lat' dir='ltr'><strong>in</strong></span> <span class='ocrx_word' id='word_1_13' title='bbox 1042 221 1110 247; x_wconf 81' lang='lat' dir='ltr'><strong>cella</strong></span> <span class='ocrx_word' id='word_1_14' title='bbox 1123 225 1181 253; x_wconf 87' lang='lat' dir='ltr'><strong>tua,</strong></span> <span class='ocrx_word' id='word_1_15' title='bbox 1196 222 1341 250; x_wconf 88' lang='lat' dir='ltr'><strong>attendens</strong></span> <span class='ocrx_word' id='word_1_16' title='bbox 1355 223 1403 250; x_wconf 92' lang='lat' dir='ltr'><strong>tibi</strong></span> <span class='ocrx_word' id='word_1_17' title='bbox 1418 223 1481 258; x_wconf 85' lang='lat' dir='ltr'><strong>ipsi,</strong></span> <span class='ocrx_word' id='word_1_18' title='bbox 1501 227 1528 251; x_wconf 83' lang='lat' dir='ltr'><strong>et</strong></span> <span class='ocrx_word' id='word_1_19' title='bbox 1538 224 1625 252; x_wconf 87' lang='lat' dir='ltr'><strong>labori</strong></span> <span class='ocrx_word' id='word_1_20' title='bbox 1643 232 1784 253; x_wconf 87' lang='lat' dir='ltr'><strong>manuum-</strong></span> 
     </span>
    </p>
   </div>
   <div class='ocr_carea' id='block_1_6' title="bbox 146 261 942 300">
    <p class='ocr_par' dir='ltr' id='par_1_6' title="bbox 146 261 942 300">
     <span class='ocr_line' id='line_1_6' title="bbox 146 261 942 300; baseline 0.004 -12"><span class='ocrx_word' id='word_1_21' title='bbox 146 262 194 288; x_wconf 73' lang='grc' dir='ltr'><strong>καὶ</strong></span> <span class='ocrx_word' id='word_1_22' title='bbox 213 262 332 298; x_wconf 82' lang='grc' dir='ltr'><strong>πρόσεχε</strong></span> <span class='ocrx_word' id='word_1_23' title='bbox 352 261 458 297; x_wconf 80' lang='grc' dir='ltr'>σεαυτῷ</span> <span class='ocrx_word' id='word_1_24' title='bbox 473 262 522 289; x_wconf 64' lang='grc' dir='ltr'>καὶ</span> <span class='ocrx_word' id='word_1_25' title='bbox 536 262 576 297; x_wconf 87' lang='grc' dir='ltr'><strong>τῷ</strong></span> <span class='ocrx_word' id='word_1_26' title='bbox 592 263 743 298; x_wconf 79' lang='grc' dir='ltr'>ἐργοχείρῳ</span> <span class='ocrx_word' id='word_1_27' title='bbox 760 272 808 289; x_wconf 88' lang='grc' dir='ltr'><strong>σου</strong></span> <span class='ocrx_word' id='word_1_28' title='bbox 819 271 826 278; x_wconf 70' lang='grc' dir='ltr'><strong>θ</strong></span> <span class='ocrx_word' id='word_1_29' title='bbox 841 264 872 290; x_wconf 79' lang='grc' dir='ltr'><strong>οὐ</strong></span> <span class='ocrx_word' id='word_1_30' title='bbox 887 264 942 300; x_wconf 83' lang='grc' dir='ltr'><strong>γὰρ</strong></span> 
     </span>
    </p>
   </div>
   <div class='ocr_carea' id='block_1_7' title="bbox 146 308 942 344">
    <p class='ocr_par' dir='ltr' id='par_1_7' title="bbox 146 308 942 344">
     <span class='ocr_line' id='line_1_7' title="bbox 146 308 942 344; baseline 0.004 -10"><span class='ocrx_word' id='word_1_31' title='bbox 146 308 225 343; x_wconf 82' lang='grc' dir='ltr'>φέρει</span> <span class='ocrx_word' id='word_1_32' title='bbox 242 316 282 335; x_wconf 89' lang='grc' dir='ltr'><strong>σοι</strong></span> <span class='ocrx_word' id='word_1_33' title='bbox 298 308 328 334; x_wconf 83' lang='grc' dir='ltr'><strong>τὸ</strong></span> <span class='ocrx_word' id='word_1_34' title='bbox 349 308 532 343; x_wconf 79' lang='grc' dir='ltr'>προέρχεσθαι</span> <span class='ocrx_word' id='word_1_35' title='bbox 560 309 689 344; x_wconf 81' lang='grc' dir='ltr'><strong>τοιαύτην</strong></span> <span class='ocrx_word' id='word_1_36' title='bbox 717 309 861 343; x_wconf 62' lang='grc' dir='ltr'>ὠφέλειαν,</span> <span class='ocrx_word' id='word_1_37' title='bbox 880 311 942 338; x_wconf 83' lang='grc' dir='ltr'>ὅσον</span> 
     </span>
    </p>
   </div>
   <div class='ocr_carea' id='block_1_8' title="bbox 145 353 942 392">
    <p class='ocr_par' dir='ltr' id='par_1_8' title="bbox 145 353 942 392">
     <span class='ocr_line' id='line_1_8' title="bbox 145 353 942 392; baseline 0.005 -13"><span class='ocrx_word' id='word_1_38' title='bbox 145 353 177 379; x_wconf 75' lang='grc' dir='ltr'><strong>τὸ</strong></span> <span class='ocrx_word' id='word_1_39' title='bbox 190 353 366 385; x_wconf 78' lang='grc' dir='ltr'>καθέζεσθαι.</span> <span class='ocrx_word' id='word_1_40' title='bbox 386 354 415 380; x_wconf 90' lang='grc' dir='ltr'>Ὁ</span> <span class='ocrx_word' id='word_1_41' title='bbox 428 354 455 380; x_wconf 75' lang='grc' dir='ltr'><strong>δὲ</strong></span> <span class='ocrx_word' id='word_1_42' title='bbox 471 354 558 381; x_wconf 86' lang='grc' dir='ltr'>ταῦτα</span> <span class='ocrx_word' id='word_1_43' title='bbox 574 355 703 386; x_wconf 81' lang='grc' dir='ltr'>ἀκούσας,</span> <span class='ocrx_word' id='word_1_44' title='bbox 719 356 881 392; x_wconf 79' lang='grc' dir='ltr'>ἐπικράνθη,</span> <span class='ocrx_word' id='word_1_45' title='bbox 896 357 942 383; x_wconf 77' lang='grc' dir='ltr'>καὶ</span> 
     </span>
    </p>
   </div>
   <div class='ocr_carea' id='block_1_9' title="bbox 145 400 942 437">
    <p class='ocr_par' dir='ltr' id='par_1_9' title="bbox 145 400 942 437">
     <span class='ocr_line' id='line_1_9' title="bbox 145 400 942 437; baseline 0.005 -11"><span class='ocrx_word' id='word_1_46' title='bbox 145 400 282 436; x_wconf 78' lang='grc' dir='ltr'><strong>ἠλλοιώθη</strong></span> <span class='ocrx_word' id='word_1_47' title='bbox 303 402 336 436; x_wconf 87' lang='grc' dir='ltr'>τῇ</span> <span class='ocrx_word' id='word_1_48' title='bbox 364 402 467 436; x_wconf 77' lang='grc' dir='ltr'>μορφῇ,</span> <span class='ocrx_word' id='word_1_49' title='bbox 484 401 555 427; x_wconf 84' lang='grc' dir='ltr'>ὥστε</span> <span class='ocrx_word' id='word_1_50' title='bbox 583 401 650 436; x_wconf 81' lang='grc' dir='ltr'>μηδὲ</span> <span class='ocrx_word' id='word_1_51' title='bbox 676 402 823 437; x_wconf 82' lang='grc' dir='ltr'>δυνηθῆναι</span> <span class='ocrx_word' id='word_1_52' title='bbox 851 403 942 430; x_wconf 82' lang='grc' dir='ltr'><strong>λαθεῖν</strong></span> 
     </span>
    </p>
   </div>
   <div class='ocr_carea' id='block_1_10' title="bbox 145 444 939 483">
    <p class='ocr_par' dir='ltr' id='par_1_10' title="bbox 145 444 939 483">
     <span class='ocr_line' id='line_1_10' title="bbox 145 444 939 483; baseline 0.005 -12"><span class='ocrx_word' id='word_1_53' title='bbox 145 445 192 471; x_wconf 79' lang='grc' dir='ltr'><strong>τὸν</strong></span> <span class='ocrx_word' id='word_1_54' title='bbox 210 445 335 481; x_wconf 78' lang='grc' dir='ltr'>γέροντα.</span> <span class='ocrx_word' id='word_1_55' title='bbox 361 444 445 472; x_wconf 78' lang='grc' dir='ltr'>Εἶπεν</span> <span class='ocrx_word' id='word_1_56' title='bbox 467 445 513 473; x_wconf 79' lang='grc' dir='ltr'>οὖν</span> <span class='ocrx_word' id='word_1_57' title='bbox 529 446 603 482; x_wconf 82' lang='grc' dir='ltr'>αὐτῷ</span> <span class='ocrx_word' id='word_1_58' title='bbox 625 447 639 473; x_wconf 91' lang='grc' dir='ltr'><strong>ὁ</strong></span> <span class='ocrx_word' id='word_1_59' title='bbox 663 447 751 479; x_wconf 75' lang='grc' dir='ltr'><strong><em>ἀὸὗᾶς</em></strong></span> <span class='ocrx_word' id='word_1_60' title='bbox 777 449 939 483; x_wconf 79' lang='grc' dir='ltr'>Σαραπίων·</span> 
     </span>
    </p>
   </div>
   <div class='ocr_carea' id='block_1_11' title="bbox 147 490 942 528">
    <p class='ocr_par' dir='ltr' id='par_1_11' title="bbox 147 490 942 528">
     <span class='ocr_line' id='line_1_11' title="bbox 147 490 942 528; baseline 0.006 -12"><span class='ocrx_word' id='word_1_61' title='bbox 147 490 237 525; x_wconf 82' lang='grc' dir='ltr'>Μέχρι</span> <span class='ocrx_word' id='word_1_62' title='bbox 258 491 306 517; x_wconf 76' lang='grc' dir='ltr'>τοῦ</span> <span class='ocrx_word' id='word_1_63' title='bbox 325 491 373 517; x_wconf 80' lang='grc' dir='ltr'>νῦν</span> <span class='ocrx_word' id='word_1_64' title='bbox 405 491 507 526; x_wconf 79' lang='grc' dir='ltr'>ἔλεγες,</span> <span class='ocrx_word' id='word_1_65' title='bbox 529 492 704 527; x_wconf 84' lang='grc' dir='ltr'>Ἀμαρτωλός</span> <span class='ocrx_word' id='word_1_66' title='bbox 719 494 786 528; x_wconf 84' lang='grc' dir='ltr'>εἰμι,</span> <span class='ocrx_word' id='word_1_67' title='bbox 807 495 854 520; x_wconf 78' lang='grc' dir='ltr'>καὶ</span> <span class='ocrx_word' id='word_1_68' title='bbox 877 503 942 521; x_wconf 83' lang='grc' dir='ltr'>κατ-</span> 
     </span>
    </p>
   </div>
   <div class='ocr_carea' id='block_1_12' title="bbox 146 537 940 576">
    <p class='ocr_par' dir='ltr' id='par_1_12' title="bbox 146 537 940 576">
     <span class='ocr_line' id='line_1_12' title="bbox 146 537 940 576; baseline 0.006 -14"><span class='ocrx_word' id='word_1_69' title='bbox 146 537 256 572; x_wconf 75' lang='grc' dir='ltr'>ηγόρεις</span> <span class='ocrx_word' id='word_1_70' title='bbox 272 538 369 565; x_wconf 72' lang='grc' dir='ltr'>ἑαυτοῦ</span> <span class='ocrx_word' id='word_1_71' title='bbox 381 538 486 565; x_wconf 73' lang='grc' dir='ltr'>καὶτοῦ</span> <span class='ocrx_word' id='word_1_72' title='bbox 499 538 548 573; x_wconf 82' lang='grc' dir='ltr'><strong>ζῇν</strong></span> <span class='ocrx_word' id='word_1_73' title='bbox 563 538 672 570; x_wconf 79' lang='grc' dir='ltr'>ἀνάξιον</span> <span class='ocrx_word' id='word_1_74' title='bbox 687 537 756 566; x_wconf 86' lang='grc' dir='ltr'>εἶναι</span> <span class='ocrx_word' id='word_1_75' title='bbox 765 547 772 553; x_wconf 91' lang='grc'><strong>·</strong></span> <span class='ocrx_word' id='word_1_76' title='bbox 786 540 834 566; x_wconf 70' lang='grc' dir='ltr'><strong>καὶ</strong></span> <span class='ocrx_word' id='word_1_77' title='bbox 848 541 940 576; x_wconf 77' lang='grc' dir='ltr'>ἐπειδὴ</span> 
     </span>
    </p>
   </div>
   <div class='ocr_carea' id='block_1_13' title="bbox 146 581 939 621">
    <p class='ocr_par' dir='ltr' id='par_1_13' title="bbox 146 581 939 621">
     <span class='ocr_line' id='line_1_13' title="bbox 146 581 939 621; baseline 0.005 -13"><span class='ocrx_word' id='word_1_78' title='bbox 146 581 217 616; x_wconf 77' lang='grc' dir='ltr'>μετὰ</span> <span class='ocrx_word' id='word_1_79' title='bbox 242 582 353 618; x_wconf 83' lang='grc' dir='ltr'>ἀγάπης</span> <span class='ocrx_word' id='word_1_80' title='bbox 379 583 525 618; x_wconf 83' lang='grc' dir='ltr'>ὑπέμνησά</span> <span class='ocrx_word' id='word_1_81' title='bbox 552 592 592 615; x_wconf 80' lang='grc' dir='ltr'><strong>σε,</strong></span> <span class='ocrx_word' id='word_1_82' title='bbox 618 584 744 611; x_wconf 82' lang='grc' dir='ltr'>τοσοῦτον</span> <span class='ocrx_word' id='word_1_83' title='bbox 769 585 939 621; x_wconf 83' lang='grc' dir='ltr'>ἐθηριώθης;</span> 
     </span>
    </p>
   </div>
   <div class='ocr_carea' id='block_1_14' title="bbox 153 625 937 666">
    <p class='ocr_par' dir='ltr' id='par_1_14' title="bbox 153 625 937 666">
     <span class='ocr_line' id='line_1_14' title="bbox 153 625 937 666; baseline 0.006 -13"><span class='ocrx_word' id='word_1_84' title='bbox 153 627 215 654; x_wconf 81' lang='grc' dir='ltr'><strong>Ἐὰν</strong></span> <span class='ocrx_word' id='word_1_85' title='bbox 230 625 277 654; x_wconf 79' lang='grc' dir='ltr'><strong>οὖν</strong></span> <span class='ocrx_word' id='word_1_86' title='bbox 297 627 379 665; x_wconf 81' lang='grc' dir='ltr'>θέλῃς</span> <span class='ocrx_word' id='word_1_87' title='bbox 395 630 523 661; x_wconf 82' lang='grc' dir='ltr'>ταπεινὸς</span> <span class='ocrx_word' id='word_1_88' title='bbox 548 628 628 662; x_wconf 81' lang='grc' dir='ltr'>εἶναι,</span> <span class='ocrx_word' id='word_1_89' title='bbox 652 630 687 657; x_wconf 81' lang='grc' dir='ltr'>τὰ</span> <span class='ocrx_word' id='word_1_90' title='bbox 705 632 771 666; x_wconf 77' lang='grc' dir='ltr'>παρ’</span> <span class='ocrx_word' id='word_1_91' title='bbox 786 631 874 658; x_wconf 77' lang='grc' dir='ltr'>ἄλλων</span> <span class='ocrx_word' id='word_1_92' title='bbox 890 633 937 658; x_wconf 83' lang='grc' dir='ltr'><strong>ἐπ-</strong></span> 
     </span>
    </p>
   </div>
   <div class='ocr_carea' id='block_1_15' title="bbox 145 673 940 713">
    <p class='ocr_par' dir='ltr' id='par_1_15' title="bbox 145 673 940 713">
     <span class='ocr_line' id='line_1_15' title="bbox 145 673 940 713; baseline 0.006 -14"><span class='ocrx_word' id='word_1_93' title='bbox 145 673 269 708; x_wconf 80' lang='grc' dir='ltr'>αγόμενά</span> <span class='ocrx_word' id='word_1_94' title='bbox 288 682 328 700; x_wconf 89' lang='grc' dir='ltr'><strong>σοι</strong></span> <span class='ocrx_word' id='word_1_95' title='bbox 350 673 419 709; x_wconf 83' lang='grc' dir='ltr'>μάθε</span> <span class='ocrx_word' id='word_1_96' title='bbox 436 675 529 710; x_wconf 76' lang='grc' dir='ltr'>φέρειν</span> <span class='ocrx_word' id='word_1_97' title='bbox 549 676 692 710; x_wconf 79' lang='grc' dir='ltr'><strong>γενναίως,</strong></span> <span class='ocrx_word' id='word_1_98' title='bbox 707 677 754 703; x_wconf 73' lang='grc' dir='ltr'><strong>καὶ</strong></span> <span class='ocrx_word' id='word_1_99' title='bbox 769 677 806 713; x_wconf 82' lang='grc' dir='ltr'><strong>μὴ</strong></span> <span class='ocrx_word' id='word_1_100' title='bbox 830 678 940 713; x_wconf 76' lang='grc' dir='ltr'>ῥήματα</span> 
     </span>
    </p>
   </div>
   <div class='ocr_carea' id='block_1_16' title="bbox 145 718 941 754">
    <p class='ocr_par' dir='ltr' id='par_1_16' title="bbox 145 718 941 754">
     <span class='ocr_line' id='line_1_16' title="bbox 145 718 941 754; baseline 0.005 -10"><span class='ocrx_word' id='word_1_101' title='bbox 145 718 219 753; x_wconf 80' lang='grc' dir='ltr'><strong>ἀργὰ</strong></span> <span class='ocrx_word' id='word_1_102' title='bbox 240 718 357 754; x_wconf 83' lang='grc' dir='ltr'>κάτεσχε</span> <span class='ocrx_word' id='word_1_103' title='bbox 375 719 482 754; x_wconf 81' lang='grc' dir='ltr'>σεαυτῷ</span> <span class='ocrx_word' id='word_1_104' title='bbox 496 720 564 754; x_wconf 79' lang='lat'><strong>(75).</strong></span> <span class='ocrx_word' id='word_1_105' title='bbox 587 720 679 747; x_wconf 81' lang='grc' dir='ltr'>Ταῦτα</span> <span class='ocrx_word' id='word_1_106' title='bbox 693 721 814 753; x_wconf 80' lang='grc' dir='ltr'>ἀκούσας</span> <span class='ocrx_word' id='word_1_107' title='bbox 826 723 840 748; x_wconf 87' lang='grc' dir='ltr'>ὁ</span> <span class='ocrx_word' id='word_1_108' title='bbox 863 723 941 748; x_wconf 82' lang='grc' dir='ltr'>ἀδελ-</span> 
     </span>
    </p>
   </div>
   <div class='ocr_carea' id='block_1_17' title="bbox 146 764 940 805">
    <p class='ocr_par' dir='ltr' id='par_1_17' title="bbox 146 764 940 805">
     <span class='ocr_line' id='line_1_17' title="bbox 146 764 940 805; baseline 0.006 -15"><span class='ocrx_word' id='word_1_109' title='bbox 146 764 196 798; x_wconf 64' lang='grc' dir='ltr'><strong>φὸς</strong></span> <span class='ocrx_word' id='word_1_110' title='bbox 219 765 364 800; x_wconf 78' lang='grc' dir='ltr'>μετενόησε</span> <span class='ocrx_word' id='word_1_111' title='bbox 384 765 423 800; x_wconf 84' lang='grc' dir='ltr'>τῷ</span> <span class='ocrx_word' id='word_1_112' title='bbox 452 766 574 802; x_wconf 80' lang='grc' dir='ltr'><strong>γέροντι,</strong></span> <span class='ocrx_word' id='word_1_113' title='bbox 600 767 648 793; x_wconf 80' lang='grc' dir='ltr'>καὶ</span> <span class='ocrx_word' id='word_1_114' title='bbox 673 767 761 794; x_wconf 80' lang='grc' dir='ltr'>πολλὰ.</span> <span class='ocrx_word' id='word_1_115' title='bbox 785 768 940 805; x_wconf 79' lang='grc' dir='ltr'>ὠφεληθεὶς</span> 
     </span>
    </p>
   </div>
   <div class='ocr_carea' id='block_1_18' title="bbox 145 811 329 847">
    <p class='ocr_par' dir='ltr' id='par_1_18' title="bbox 145 811 329 847">
     <span class='ocr_line' id='line_1_18' title="bbox 145 811 329 847; baseline 0.005 -10"><span class='ocrx_word' id='word_1_116' title='bbox 145 811 329 847; x_wconf 69' lang='grc' dir='ltr'>ἀνεχώρησεν.</span> 
     </span>
    </p>
   </div>
   <div class='ocr_carea' id='block_1_19' title="bbox 330 868 756 904">
    <p class='ocr_par' dir='ltr' id='par_1_19' title="bbox 330 868 756 904">
     <span class='ocr_line' id='line_1_19' title="bbox 330 868 756 904; baseline 0.005 -9"><span class='ocrx_word' id='word_1_117' title='bbox 330 869 400 902; x_wconf 81' lang='grc' dir='ltr'>Περὶ</span> <span class='ocrx_word' id='word_1_118' title='bbox 420 869 472 896; x_wconf 81' lang='grc' dir='ltr'>τοῦ</span> <span class='ocrx_word' id='word_1_119' title='bbox 492 868 568 896; x_wconf 79' lang='grc' dir='ltr'><strong>ἀϐϐᾶ</strong></span> <span class='ocrx_word' id='word_1_120' title='bbox 585 870 711 904; x_wconf 82' lang='grc' dir='ltr'>Σερίνου</span> <span class='ocrx_word' id='word_1_121' title='bbox 722 871 756 897; x_wconf 61' lang='grc' dir='ltr'><strong>δ’.</strong></span> 
     </span>
    </p>
   </div>
   <div class='ocr_carea' id='block_1_20' title="bbox 181 925 940 962">
    <p class='ocr_par' dir='ltr' id='par_1_20' title="bbox 181 925 940 962">
     <span class='ocr_line' id='line_1_20' title="bbox 181 925 940 962; baseline 0.003 -10"><span class='ocrx_word' id='word_1_122' title='bbox 181 927 216 952; x_wconf 86' lang='grc' dir='ltr'><strong>α’.</strong></span> <span class='ocrx_word' id='word_1_123' title='bbox 239 925 352 959; x_wconf 85' lang='grc' dir='ltr'>Ἔλεγον</span> <span class='ocrx_word' id='word_1_124' title='bbox 379 925 443 959; x_wconf 80' lang='grc' dir='ltr'>περὶ</span> <span class='ocrx_word' id='word_1_125' title='bbox 466 925 513 951; x_wconf 75' lang='grc' dir='ltr'>τοῦ</span> <span class='ocrx_word' id='word_1_126' title='bbox 541 926 614 953; x_wconf 63' lang='lat' dir='ltr'><strong>eaea</strong></span> <span class='ocrx_word' id='word_1_127' title='bbox 639 927 762 962; x_wconf 78' lang='grc' dir='ltr'>Σερίνου,</span> <span class='ocrx_word' id='word_1_128' title='bbox 787 927 827 954; x_wconf 81' lang='grc' dir='ltr'><strong>ὄτι</strong></span> <span class='ocrx_word' id='word_1_129' title='bbox 854 927 940 954; x_wconf 85' lang='grc' dir='ltr'>πολλὰ</span> 
     </span>
    </p>
   </div>
   <div class='ocr_carea' id='block_1_21' title="bbox 145 970 937 1007">
    <p class='ocr_par' dir='ltr' id='par_1_21' title="bbox 145 970 937 1007">
     <span class='ocr_line' id='line_1_21' title="bbox 145 970 937 1007; baseline 0.005 -11"><span class='ocrx_word' id='word_1_130' title='bbox 145 970 299 1005; x_wconf 71' lang='grc' dir='ltr'>εἰργάζετο.</span> <span class='ocrx_word' id='word_1_131' title='bbox 323 971 370 998; x_wconf 71' lang='grc' dir='ltr'><strong>καὶ</strong></span> <span class='ocrx_word' id='word_1_132' title='bbox 395 971 442 998; x_wconf 85' lang='grc' dir='ltr'><strong>δύο</strong></span> <span class='ocrx_word' id='word_1_133' title='bbox 465 972 626 1007; x_wconf 77' lang='grc' dir='ltr'>παξαμάτια</span> <span class='ocrx_word' id='word_1_134' title='bbox 637 973 660 988; x_wconf 80' lang='grc' dir='ltr'><strong><em>⁸ο</em></strong></span> <span class='ocrx_word' id='word_1_135' title='bbox 682 973 760 1007; x_wconf 80' lang='grc' dir='ltr'>ἦσθιε</span> <span class='ocrx_word' id='word_1_136' title='bbox 783 973 937 1006; x_wconf 82' lang='grc' dir='ltr'>διαπαντός.</span> 
     </span>
    </p>
   </div>
   <div class='ocr_carea' id='block_1_22' title="bbox 144 1016 939 1054">
    <p class='ocr_par' dir='ltr' id='par_1_22' title="bbox 144 1016 939 1054">
     <span class='ocr_line' id='line_1_22' title="bbox 144 1016 939 1054; baseline 0.004 -11"><span class='ocrx_word' id='word_1_137' title='bbox 144 1017 201 1043; x_wconf 70' lang='grc' dir='ltr'>Καὶ</span> <span class='ocrx_word' id='word_1_138' title='bbox 222 1016 306 1043; x_wconf 76' lang='grc' dir='ltr'>ἐλθὼν</span> <span class='ocrx_word' id='word_1_139' title='bbox 330 1017 399 1053; x_wconf 72' lang='grc' dir='ltr'>πρὸς</span> <span class='ocrx_word' id='word_1_140' title='bbox 422 1017 502 1044; x_wconf 76' lang='grc' dir='ltr'>αὑτὸν</span> <span class='ocrx_word' id='word_1_141' title='bbox 522 1019 536 1044; x_wconf 98' lang='lat'><strong>6</strong></span> <span class='ocrx_word' id='word_1_142' title='bbox 559 1018 646 1050; x_wconf 66' lang='lat' dir='ltr'><strong>assa;</strong></span> <span class='ocrx_word' id='word_1_143' title='bbox 664 1018 723 1045; x_wconf 79' lang='grc' dir='ltr'><strong>’1ὼὸ</strong></span> <span class='ocrx_word' id='word_1_144' title='bbox 735 1020 769 1051; x_wconf 84' lang='grc'>⁸¹,</span> <span class='ocrx_word' id='word_1_145' title='bbox 785 1019 800 1045; x_wconf 84' lang='lat'><strong>6</strong></span> <span class='ocrx_word' id='word_1_146' title='bbox 825 1029 939 1054; x_wconf 79' lang='grc' dir='ltr'>συμφω-</span> 
     </span>
    </p>
   </div>
   <div class='ocr_carea' id='block_1_23' title="bbox 144 1061 938 1100">
    <p class='ocr_par' dir='ltr' id='par_1_23' title="bbox 144 1061 938 1100">
     <span class='ocr_line' id='line_1_23' title="bbox 144 1061 938 1100; baseline 0.006 -13"><span class='ocrx_word' id='word_1_147' title='bbox 144 1061 229 1096; x_wconf 80' lang='grc' dir='ltr'>νητὴς</span> <span class='ocrx_word' id='word_1_148' title='bbox 250 1061 342 1094; x_wconf 80' lang='grc' dir='ltr'>αὑτοῦ,</span> <span class='ocrx_word' id='word_1_149' title='bbox 365 1063 412 1088; x_wconf 66' lang='grc' dir='ltr'>καὶ</span> <span class='ocrx_word' id='word_1_150' title='bbox 439 1063 518 1094; x_wconf 73' lang='grc' dir='ltr'>αὐτὸς</span> <span class='ocrx_word' id='word_1_151' title='bbox 542 1063 570 1089; x_wconf 79' lang='grc' dir='ltr'>δὲ</span> <span class='ocrx_word' id='word_1_152' title='bbox 596 1065 683 1098; x_wconf 76' lang='grc' dir='ltr'>μέγας</span> <span class='ocrx_word' id='word_1_153' title='bbox 707 1064 839 1100; x_wconf 81' lang='grc' dir='ltr'>ἀσκητὴς,</span> <span class='ocrx_word' id='word_1_154' title='bbox 862 1063 938 1092; x_wconf 79' lang='grc' dir='ltr'>εἶπεν</span> 
     </span>
    </p>
   </div>
   <div class='ocr_carea' id='block_1_24' title="bbox 143 1107 938 1148">
    <p class='ocr_par' dir='ltr' id='par_1_24' title="bbox 143 1107 938 1148">
     <span class='ocr_line' id='line_1_24' title="bbox 143 1107 938 1148; baseline 0.006 -15"><span class='ocrx_word' id='word_1_155' title='bbox 143 1107 229 1142; x_wconf 81' lang='grc' dir='ltr'>αὐτῷ,</span> <span class='ocrx_word' id='word_1_156' title='bbox 243 1108 284 1134; x_wconf 78' lang='grc' dir='ltr'>ὅτι</span> <span class='ocrx_word' id='word_1_157' title='bbox 299 1108 347 1140; x_wconf 85' lang='grc' dir='ltr'><strong>Εἰς</strong></span> <span class='ocrx_word' id='word_1_158' title='bbox 365 1108 396 1134; x_wconf 85' lang='grc' dir='ltr'><strong>τὸ</strong></span> <span class='ocrx_word' id='word_1_159' title='bbox 418 1108 522 1135; x_wconf 86' lang='grc' dir='ltr'>κελλίον</span> <span class='ocrx_word' id='word_1_160' title='bbox 541 1118 590 1144; x_wconf 91' lang='grc' dir='ltr'><strong>μου</strong></span> <span class='ocrx_word' id='word_1_161' title='bbox 619 1110 747 1144; x_wconf 76' lang='grc' dir='ltr'><strong>φυλάττω</strong></span> <span class='ocrx_word' id='word_1_162' title='bbox 773 1111 822 1146; x_wconf 86' lang='grc' dir='ltr'>τὴν</span> <span class='ocrx_word' id='word_1_163' title='bbox 838 1112 938 1148; x_wconf 80' lang='grc' dir='ltr'>πρᾶξίν</span> 
     </span>
    </p>
   </div>
   <div class='ocr_carea' id='block_1_25' title="bbox 145 1153 935 1191">
    <p class='ocr_par' dir='ltr' id='par_1_25' title="bbox 145 1153 935 1191">
     <span class='ocr_line' id='line_1_25' title="bbox 145 1153 935 1191; baseline 0.006 -12"><span class='ocrx_word' id='word_1_164' title='bbox 145 1161 214 1188; x_wconf 86' lang='grc' dir='ltr'>μου·</span> <span class='ocrx_word' id='word_1_165' title='bbox 238 1153 285 1180; x_wconf 79' lang='grc' dir='ltr'>ἐὰν</span> <span class='ocrx_word' id='word_1_166' title='bbox 305 1153 335 1180; x_wconf 81' lang='grc' dir='ltr'><strong>δὲ</strong></span> <span class='ocrx_word' id='word_1_167' title='bbox 361 1153 471 1186; x_wconf 70' lang='grc' dir='ltr'>ἐξέλθω,</span> <span class='ocrx_word' id='word_1_168' title='bbox 495 1155 704 1189; x_wconf 75' lang='grc' dir='ltr'>συγκαταϐαῐνω</span> <span class='ocrx_word' id='word_1_169' title='bbox 721 1158 778 1188; x_wconf 82' lang='grc' dir='ltr'>τοῖς</span> <span class='ocrx_word' id='word_1_170' title='bbox 802 1157 935 1191; x_wconf 74' lang='grc' dir='ltr'>ἀδελφοῖς.</span> 
     </span>
    </p>
   </div>
   <div class='ocr_carea' id='block_1_26' title="bbox 143 1193 935 1239">
    <p class='ocr_par' dir='ltr' id='par_1_26' title="bbox 143 1193 935 1239">
     <span class='ocr_line' id='line_1_26' title="bbox 143 1193 935 1239; baseline 0.006 -14"><span class='ocrx_word' id='word_1_171' title='bbox 143 1193 200 1225; x_wconf 78' lang='grc' dir='ltr'><strong>Καὶ</strong></span> <span class='ocrx_word' id='word_1_172' title='bbox 223 1198 297 1233; x_wconf 83' lang='grc' dir='ltr'>λέγει</span> <span class='ocrx_word' id='word_1_173' title='bbox 323 1199 397 1235; x_wconf 79' lang='grc' dir='ltr'>αὐτῷ</span> <span class='ocrx_word' id='word_1_174' title='bbox 416 1201 430 1226; x_wconf 85' lang='grc' dir='ltr'>ὁ</span> <span class='ocrx_word' id='word_1_175' title='bbox 453 1200 539 1233; x_wconf 80' lang='grc' dir='ltr'><strong>ἀϐὀᾶς</strong></span> <span class='ocrx_word' id='word_1_176' title='bbox 556 1201 678 1237; x_wconf 82' lang='grc' dir='ltr'>Σερῐνος·</span> <span class='ocrx_word' id='word_1_177' title='bbox 698 1203 755 1229; x_wconf 83' lang='grc' dir='ltr'><strong>Οὐκ</strong></span> <span class='ocrx_word' id='word_1_178' title='bbox 774 1202 848 1229; x_wconf 77' lang='grc' dir='ltr'>ἐστιν</span> <span class='ocrx_word' id='word_1_179' title='bbox 867 1203 935 1239; x_wconf 76' lang='grc' dir='ltr'>αὕτη</span> 
     </span>
    </p>
   </div>
   <div class='ocr_carea' id='block_1_27' title="bbox 145 1244 936 1284">
    <p class='ocr_par' dir='ltr' id='par_1_27' title="bbox 145 1244 936 1284">
     <span class='ocr_line' id='line_1_27' title="bbox 145 1244 936 1284; baseline 0.008 -14"><span class='ocrx_word' id='word_1_180' title='bbox 145 1244 251 1280; x_wconf 80' lang='grc' dir='ltr'>μεγάλη</span> <span class='ocrx_word' id='word_1_181' title='bbox 266 1245 359 1281; x_wconf 80' lang='grc' dir='ltr'>ἀρετὴ,</span> <span class='ocrx_word' id='word_1_182' title='bbox 374 1246 437 1272; x_wconf 77' lang='grc' dir='ltr'>ὅταν</span> <span class='ocrx_word' id='word_1_183' title='bbox 453 1247 482 1272; x_wconf 82' lang='grc' dir='ltr'>ἐν</span> <span class='ocrx_word' id='word_1_184' title='bbox 499 1246 537 1281; x_wconf 84' lang='grc' dir='ltr'>τῷ</span> <span class='ocrx_word' id='word_1_185' title='bbox 557 1247 655 1282; x_wconf 78' lang='grc' dir='ltr'>κελλίῳ</span> <span class='ocrx_word' id='word_1_186' title='bbox 671 1256 717 1274; x_wconf 87' lang='grc' dir='ltr'><strong>σου</strong></span> <span class='ocrx_word' id='word_1_187' title='bbox 734 1248 872 1284; x_wconf 78' lang='grc' dir='ltr'>φυλάττῃς</span> <span class='ocrx_word' id='word_1_188' title='bbox 887 1248 936 1284; x_wconf 82' lang='grc' dir='ltr'><strong>τὴν</strong></span> 
     </span>
    </p>
   </div>
   <div class='ocr_carea' id='block_1_28' title="bbox 142 1290 937 1330">
    <p class='ocr_par' dir='ltr' id='par_1_28' title="bbox 142 1290 937 1330">
     <span class='ocr_line' id='line_1_28' title="bbox 142 1290 937 1330; baseline 0.006 -14"><span class='ocrx_word' id='word_1_189' title='bbox 142 1290 220 1322; x_wconf 79' lang='grc' dir='ltr'>τάξιν</span> <span class='ocrx_word' id='word_1_190' title='bbox 240 1299 297 1324; x_wconf 83' lang='grc' dir='ltr'>σου,</span> <span class='ocrx_word' id='word_1_191' title='bbox 313 1291 370 1318; x_wconf 78' lang='grc' dir='ltr'>ἀλλ’</span> <span class='ocrx_word' id='word_1_192' title='bbox 384 1292 446 1318; x_wconf 78' lang='grc' dir='ltr'>ὅταν</span> <span class='ocrx_word' id='word_1_193' title='bbox 461 1293 493 1320; x_wconf 80' lang='grc' dir='ltr'><strong>ἐκ</strong></span> <span class='ocrx_word' id='word_1_194' title='bbox 511 1293 558 1319; x_wconf 80' lang='grc' dir='ltr'>τοῦ</span> <span class='ocrx_word' id='word_1_195' title='bbox 575 1293 680 1320; x_wconf 81' lang='grc' dir='ltr'>κελλίου</span> <span class='ocrx_word' id='word_1_196' title='bbox 697 1302 743 1320; x_wconf 85' lang='grc' dir='ltr'><strong>σου</strong></span> <span class='ocrx_word' id='word_1_197' title='bbox 769 1295 869 1330; x_wconf 82' lang='grc' dir='ltr'>μᾶλλον</span> <span class='ocrx_word' id='word_1_198' title='bbox 892 1295 937 1328; x_wconf 71' lang='grc' dir='ltr'><strong>εξ.</strong></span> 
     </span>
    </p>
   </div>
   <div class='ocr_carea' id='block_1_29' title="bbox 143 1335 235 1371">
    <p class='ocr_par' dir='ltr' id='par_1_29' title="bbox 143 1335 235 1371">
     <span class='ocr_line' id='line_1_29' title="bbox 143 1335 235 1371; baseline 0.011 -10"><span class='ocrx_word' id='word_1_199' title='bbox 143 1335 235 1371; x_wconf 76' lang='grc' dir='ltr'>έλθῃς.</span> 
     </span>
    </p>
   </div>
   <div class='ocr_carea' id='block_1_30' title="bbox 181 1381 935 1422">
    <p class='ocr_par' dir='ltr' id='par_1_30' title="bbox 181 1381 935 1422">
     <span class='ocr_line' id='line_1_30' title="bbox 181 1381 935 1422; baseline 0.007 -14"><span class='ocrx_word' id='word_1_200' title='bbox 181 1381 214 1416; x_wconf 83' lang='grc' dir='ltr'><strong>β’.</strong></span> <span class='ocrx_word' id='word_1_201' title='bbox 230 1381 312 1409; x_wconf 76' lang='grc' dir='ltr'>Εἶπεν</span> <span class='ocrx_word' id='word_1_202' title='bbox 324 1383 338 1409; x_wconf 92' lang='lat'><strong>6</strong></span> <span class='ocrx_word' id='word_1_203' title='bbox 350 1383 436 1415; x_wconf 75' lang='grc' dir='ltr'><strong>ἀὸὃᾶς</strong></span> <span class='ocrx_word' id='word_1_204' title='bbox 449 1384 566 1420; x_wconf 81' lang='grc' dir='ltr'>Σερῖνος,</span> <span class='ocrx_word' id='word_1_205' title='bbox 580 1385 620 1411; x_wconf 79' lang='grc' dir='ltr'>ὅτι</span> <span class='ocrx_word' id='word_1_206' title='bbox 637 1386 768 1421; x_wconf 74' lang='grc' dir='ltr'>Ἐποίησα</span> <span class='ocrx_word' id='word_1_207' title='bbox 779 1386 826 1412; x_wconf 78' lang='grc' dir='ltr'><strong>τὸν</strong></span> <span class='ocrx_word' id='word_1_208' title='bbox 838 1386 935 1422; x_wconf 83' lang='grc' dir='ltr'>χρόνον</span> 
     </span>
    </p>
   </div>
   <div class='ocr_carea' id='block_1_31' title="bbox 145 1428 935 1466">
    <p class='ocr_par' dir='ltr' id='par_1_31' title="bbox 145 1428 935 1466">
     <span class='ocr_line' id='line_1_31' title="bbox 145 1428 935 1466; baseline 0.006 -11"><span class='ocrx_word' id='word_1_209' title='bbox 145 1437 207 1464; x_wconf 85' lang='grc' dir='ltr'>μου,</span> <span class='ocrx_word' id='word_1_210' title='bbox 220 1429 344 1465; x_wconf 79' lang='grc' dir='ltr'><strong>θερίζων,</strong></span> <span class='ocrx_word' id='word_1_211' title='bbox 361 1431 575 1466; x_wconf 76' lang='grc' dir='ltr'>καταῤῥάπτων,</span> <span class='ocrx_word' id='word_1_212' title='bbox 588 1431 696 1458; x_wconf 76' lang='grc' dir='ltr'>πλέκων</span> <span class='ocrx_word' id='word_1_213' title='bbox 706 1441 713 1448; x_wconf 73' lang='grc' dir='ltr'><strong><em>ο</em></strong></span> <span class='ocrx_word' id='word_1_214' title='bbox 729 1433 776 1459; x_wconf 78' lang='grc' dir='ltr'>καὶ</span> <span class='ocrx_word' id='word_1_215' title='bbox 791 1435 819 1459; x_wconf 80' lang='grc' dir='ltr'>ἐν</span> <span class='ocrx_word' id='word_1_216' title='bbox 831 1428 935 1465; x_wconf 82' lang='grc' dir='ltr'>τούτοις</span> 
     </span>
    </p>
   </div>
   <div class='ocr_carea' id='block_1_32' title="bbox 143 1475 935 1514">
    <p class='ocr_par' dir='ltr' id='par_1_32' title="bbox 143 1475 935 1514">
     <span class='ocr_line' id='line_1_32' title="bbox 143 1475 935 1514; baseline 0.006 -13"><span class='ocrx_word' id='word_1_217' title='bbox 143 1475 238 1508; x_wconf 81' lang='grc' dir='ltr'>πᾶσιν,</span> <span class='ocrx_word' id='word_1_218' title='bbox 253 1477 277 1501; x_wconf 84' lang='grc' dir='ltr'>εὶ</span> <span class='ocrx_word' id='word_1_219' title='bbox 297 1475 334 1512; x_wconf 81' lang='grc' dir='ltr'><strong>μὴ</strong></span> <span class='ocrx_word' id='word_1_220' title='bbox 353 1477 369 1510; x_wconf 85' lang='grc' dir='ltr'>ἡ</span> <span class='ocrx_word' id='word_1_221' title='bbox 389 1476 449 1511; x_wconf 70' lang='grc' dir='ltr'>χεὶρ</span> <span class='ocrx_word' id='word_1_222' title='bbox 461 1476 508 1503; x_wconf 82' lang='grc' dir='ltr'>τοῦ</span> <span class='ocrx_word' id='word_1_223' title='bbox 520 1477 588 1504; x_wconf 82' lang='grc' dir='ltr'>Θεοῦ</span> <span class='ocrx_word' id='word_1_224' title='bbox 603 1478 733 1514; x_wconf 69' lang='grc' dir='ltr'>ἐχόρτασέ</span> <span class='ocrx_word' id='word_1_225' title='bbox 749 1487 793 1514; x_wconf 80' lang='grc' dir='ltr'><strong>με,</strong></span> <span class='ocrx_word' id='word_1_226' title='bbox 808 1480 858 1506; x_wconf 83' lang='grc' dir='ltr'><strong>οὐκ</strong></span> <span class='ocrx_word' id='word_1_227' title='bbox 870 1479 935 1514; x_wconf 82' lang='grc' dir='ltr'><strong>ἠδυ-</strong></span> 
     </span>
    </p>
   </div>
   <div class='ocr_carea' id='block_1_33' title="bbox 142 1521 437 1558">
    <p class='ocr_par' dir='ltr' id='par_1_33' title="bbox 142 1521 437 1558">
     <span class='ocr_line' id='line_1_33' title="bbox 142 1521 437 1558; baseline 0.007 -11"><span class='ocrx_word' id='word_1_228' title='bbox 142 1521 227 1558; x_wconf 82' lang='grc' dir='ltr'>νήθην</span> <span class='ocrx_word' id='word_1_229' title='bbox 241 1522 437 1557; x_wconf 78' lang='grc' dir='ltr'><strong>χορτασθῆναι.</strong></span> 
     </span>
    </p>
   </div>
   <div class='ocr_carea' id='block_1_34' title="bbox 314 1578 757 1614">
    <p class='ocr_par' dir='ltr' id='par_1_34' title="bbox 314 1578 757 1614">
     <span class='ocr_line' id='line_1_34' title="bbox 314 1578 757 1614; baseline 0.007 -9"><span class='ocrx_word' id='word_1_230' title='bbox 314 1579 385 1613; x_wconf 79' lang='grc' dir='ltr'>Περὶ</span> <span class='ocrx_word' id='word_1_231' title='bbox 398 1579 451 1606; x_wconf 80' lang='grc' dir='ltr'>τοῦ</span> <span class='ocrx_word' id='word_1_232' title='bbox 469 1578 544 1607; x_wconf 77' lang='grc' dir='ltr'><strong>ἀσϐᾶ</strong></span> <span class='ocrx_word' id='word_1_233' title='bbox 555 1580 757 1614; x_wconf 80' lang='grc' dir='ltr'><strong>Σπυρίὸωνος.</strong></span> 
     </span>
    </p>
   </div>
   <div class='ocr_carea' id='block_1_35' title="bbox 177 1633 934 1673">
    <p class='ocr_par' dir='ltr' id='par_1_35' title="bbox 177 1633 934 1673">
     <span class='ocr_line' id='line_1_35' title="bbox 177 1633 934 1673; baseline 0.003 -11"><span class='ocrx_word' id='word_1_234' title='bbox 177 1633 211 1662; x_wconf 82' lang='grc' dir='ltr'><strong>α’.</strong></span> <span class='ocrx_word' id='word_1_235' title='bbox 246 1635 314 1671; x_wconf 64' lang='grc' dir='ltr'>Περὶ</span> <span class='ocrx_word' id='word_1_236' title='bbox 337 1636 365 1662; x_wconf 87' lang='grc' dir='ltr'><strong>δὲ</strong></span> <span class='ocrx_word' id='word_1_237' title='bbox 393 1636 586 1672; x_wconf 85' lang='grc' dir='ltr'>Σπυρίδωνος,</span> <span class='ocrx_word' id='word_1_238' title='bbox 614 1637 731 1673; x_wconf 75' lang='grc' dir='ltr'>τοσαύτη</span> <span class='ocrx_word' id='word_1_239' title='bbox 758 1637 797 1673; x_wconf 85' lang='grc' dir='ltr'>τῷ</span> <span class='ocrx_word' id='word_1_240' title='bbox 827 1639 934 1673; x_wconf 83' lang='grc' dir='ltr'>ποιμένι</span> 
     </span>
    </p>
   </div>
   <div class='ocr_carea' id='block_1_36' title="bbox 141 1682 935 1720">
    <p class='ocr_par' dir='ltr' id='par_1_36' title="bbox 141 1682 935 1720">
     <span class='ocr_line' id='line_1_36' title="bbox 141 1682 935 1720; baseline 0.005 -13"><span class='ocrx_word' id='word_1_241' title='bbox 141 1682 247 1717; x_wconf 81' lang='grc' dir='ltr'>προσῆν</span> <span class='ocrx_word' id='word_1_242' title='bbox 258 1682 376 1718; x_wconf 75' lang='grc' dir='ltr'>ὁσιότης,</span> <span class='ocrx_word' id='word_1_243' title='bbox 392 1682 429 1714; x_wconf 82' lang='grc' dir='ltr'><strong>ὡς</strong></span> <span class='ocrx_word' id='word_1_244' title='bbox 447 1683 596 1718; x_wconf 80' lang='grc' dir='ltr'>ἀξιωθῆναι</span> <span class='ocrx_word' id='word_1_245' title='bbox 619 1684 701 1710; x_wconf 74' lang='grc' dir='ltr'>αὐτὸν</span> <span class='ocrx_word' id='word_1_246' title='bbox 715 1685 762 1711; x_wconf 74' lang='grc' dir='ltr'><strong>καὶ</strong></span> <span class='ocrx_word' id='word_1_247' title='bbox 783 1684 935 1720; x_wconf 71' lang='grc' dir='ltr'>ἀνθρώπιον</span> 
     </span>
    </p>
   </div>
   <div class='ocr_carea' id='block_1_37' title="bbox 140 1728 933 1765">
    <p class='ocr_par' dir='ltr' id='par_1_37' title="bbox 140 1728 933 1765">
     <span class='ocr_line' id='line_1_37' title="bbox 140 1728 933 1765; baseline 0.003 -11"><span class='ocrx_word' id='word_1_248' title='bbox 140 1728 260 1762; x_wconf 79' lang='grc' dir='ltr'>ποιμένα</span> <span class='ocrx_word' id='word_1_249' title='bbox 275 1728 411 1762; x_wconf 84' lang='grc' dir='ltr'>γενέσθαι.</span> <span class='ocrx_word' id='word_1_250' title='bbox 425 1729 499 1760; x_wconf 86' lang='grc' dir='ltr'>Μιᾶς</span> <span class='ocrx_word' id='word_1_251' title='bbox 513 1730 566 1764; x_wconf 80' lang='grc' dir='ltr'>γὰρ</span> <span class='ocrx_word' id='word_1_252' title='bbox 589 1728 642 1755; x_wconf 85' lang='grc' dir='ltr'><strong>τῶν</strong></span> <span class='ocrx_word' id='word_1_253' title='bbox 656 1730 684 1755; x_wconf 82' lang='grc' dir='ltr'><strong>ἐν</strong></span> <span class='ocrx_word' id='word_1_254' title='bbox 699 1730 802 1765; x_wconf 80' lang='grc' dir='ltr'><strong>Κύπρῳ</strong></span> <span class='ocrx_word' id='word_1_255' title='bbox 820 1730 933 1763; x_wconf 83' lang='grc' dir='ltr'>πόλεων,</span> 
     </span>
    </p>
   </div>
   <div class='ocr_carea' id='block_1_38' title="bbox 139 1771 935 1810">
    <p class='ocr_par' dir='ltr' id='par_1_38' title="bbox 139 1771 935 1810">
     <span class='ocr_line' id='line_1_38' title="bbox 139 1771 935 1810; baseline 0.004 -11"><span class='ocrx_word' id='word_1_256' title='bbox 139 1773 253 1808; x_wconf 86' lang='grc' dir='ltr'>ὀνόματι</span> <span class='ocrx_word' id='word_1_257' title='bbox 269 1773 485 1809; x_wconf 81' lang='grc' dir='ltr'>Τριμιθούντων,</span> <span class='ocrx_word' id='word_1_258' title='bbox 499 1771 575 1806; x_wconf 67' lang='grc' dir='ltr'>οὗτος</span> <span class='ocrx_word' id='word_1_259' title='bbox 590 1775 640 1810; x_wconf 83' lang='grc' dir='ltr'><strong>τὴν</strong></span> <span class='ocrx_word' id='word_1_260' title='bbox 654 1775 808 1810; x_wconf 78' lang='grc' dir='ltr'>ἐπισκοπὴν</span> <span class='ocrx_word' id='word_1_261' title='bbox 822 1775 935 1810; x_wconf 76' lang='grc' dir='ltr'>ἐκεκλή-</span> 
     </span>
    </p>
   </div>
   <div class='ocr_carea' id='block_1_39' title="bbox 141 1819 934 1857">
    <p class='ocr_par' dir='ltr' id='par_1_39' title="bbox 141 1819 934 1857">
     <span class='ocr_line' id='line_1_39' title="bbox 141 1819 934 1857; baseline 0.005 -12"><span class='ocrx_word' id='word_1_262' title='bbox 141 1828 229 1856; x_wconf 87' lang='grc' dir='ltr'>ρωτο·</span> <span class='ocrx_word' id='word_1_263' title='bbox 249 1819 294 1846; x_wconf 75' lang='grc' dir='ltr'>διὰ</span> <span class='ocrx_word' id='word_1_264' title='bbox 312 1820 340 1846; x_wconf 78' lang='grc' dir='ltr'>δὲ</span> <span class='ocrx_word' id='word_1_265' title='bbox 364 1820 481 1855; x_wconf 76' lang='grc' dir='ltr'>ἀτυφίαν</span> <span class='ocrx_word' id='word_1_266' title='bbox 507 1820 624 1856; x_wconf 82' lang='grc' dir='ltr'>πολλὴν,</span> <span class='ocrx_word' id='word_1_267' title='bbox 645 1821 774 1856; x_wconf 77' lang='grc' dir='ltr'>ἐχόμενος</span> <span class='ocrx_word' id='word_1_268' title='bbox 797 1822 847 1857; x_wconf 85' lang='grc' dir='ltr'><strong>τῆς</strong></span> <span class='ocrx_word' id='word_1_269' title='bbox 872 1824 934 1849; x_wconf 47' lang='grc' dir='ltr'>ἐπι*</span> 
     </span>
    </p>
   </div>
   <div class='ocr_carea' id='block_1_40' title="bbox 140 1866 934 1904">
    <p class='ocr_par' dir='ltr' id='par_1_40' title="bbox 140 1866 934 1904">
     <span class='ocr_line' id='line_1_40' title="bbox 140 1866 934 1904; baseline 0.003 -12"><span class='ocrx_word' id='word_1_270' title='bbox 140 1866 255 1901; x_wconf 80' lang='grc' dir='ltr'>σκοπῆς,</span> <span class='ocrx_word' id='word_1_271' title='bbox 272 1867 414 1902; x_wconf 72' lang='grc' dir='ltr'>ἐποίμαινε</span> <span class='ocrx_word' id='word_1_272' title='bbox 429 1867 521 1894; x_wconf 77' lang='grc' dir='ltr'>καὶτὰ</span> <span class='ocrx_word' id='word_1_273' title='bbox 535 1868 669 1903; x_wconf 75' lang='grc' dir='ltr'>πρόϐατα.</span> <span class='ocrx_word' id='word_1_274' title='bbox 687 1868 831 1903; x_wconf 63' lang='lat' dir='ltr'><strong>Metto-561;;</strong></span> <span class='ocrx_word' id='word_1_275' title='bbox 843 1869 870 1894; x_wconf 84' lang='grc' dir='ltr'>δὲ</span> <span class='ocrx_word' id='word_1_276' title='bbox 886 1869 934 1904; x_wconf 77' lang='grc' dir='ltr'><strong>τῆς</strong></span> 
     </span>
    </p>
   </div>
   <div class='ocr_carea' id='block_1_41' title="bbox 139 1913 934 1949">
    <p class='ocr_par' dir='ltr' id='par_1_41' title="bbox 139 1913 934 1949">
     <span class='ocr_line' id='line_1_41' title="bbox 139 1913 934 1949; baseline 0.001 -10"><span class='ocrx_word' id='word_1_277' title='bbox 139 1913 248 1945; x_wconf 61' lang='grc' dir='ltr'>νυκτὸς,</span> <span class='ocrx_word' id='word_1_278' title='bbox 263 1913 378 1940; x_wconf 82' lang='grc' dir='ltr'>κλέπται</span> <span class='ocrx_word' id='word_1_279' title='bbox 394 1915 426 1948; x_wconf 81' lang='grc' dir='ltr'>τῇ</span> <span class='ocrx_word' id='word_1_280' title='bbox 445 1913 551 1948; x_wconf 61' lang='grc' dir='ltr'>μάνδρξι</span> <span class='ocrx_word' id='word_1_281' title='bbox 565 1913 619 1939; x_wconf 87' lang='grc' dir='ltr'><strong>τῶν</strong></span> <span class='ocrx_word' id='word_1_282' title='bbox 635 1913 780 1948; x_wconf 77' lang='grc' dir='ltr'>προϐάτων</span> <span class='ocrx_word' id='word_1_283' title='bbox 797 1914 934 1949; x_wconf 72' lang='grc' dir='ltr'>λαθραίως</span> 
     </span>
    </p>
   </div>
   <div class='ocr_carea' id='block_1_42' title="bbox 139 1959 933 1994">
    <p class='ocr_par' dir='ltr' id='par_1_42' title="bbox 139 1959 933 1994">
     <span class='ocr_line' id='line_1_42' title="bbox 139 1959 933 1994; baseline 0.001 -9"><span class='ocrx_word' id='word_1_284' title='bbox 139 1959 310 1991; x_wconf 71' lang='grc' dir='ltr'>ἐπελθόντες,</span> <span class='ocrx_word' id='word_1_285' title='bbox 328 1959 424 1994; x_wconf 74' lang='grc' dir='ltr'>κλέψαι</span> <span class='ocrx_word' id='word_1_286' title='bbox 436 1959 491 1985; x_wconf 85' lang='grc' dir='ltr'><strong>τῶν</strong></span> <span class='ocrx_word' id='word_1_287' title='bbox 506 1959 650 1994; x_wconf 73' lang='grc' dir='ltr'>προϐάτων</span> <span class='ocrx_word' id='word_1_288' title='bbox 663 1960 840 1992; x_wconf 75' lang='grc' dir='ltr'>ἐσπούδαζον.</span> <span class='ocrx_word' id='word_1_289' title='bbox 862 1961 890 1987; x_wconf 89' lang='grc'><strong>’0</strong></span> <span class='ocrx_word' id='word_1_290' title='bbox 905 1960 933 1986; x_wconf 82' lang='grc' dir='ltr'>δὲ</span> 
     </span>
    </p>
   </div>
   <div class='ocr_carea' id='block_1_43' title="bbox 138 2004 932 2041">
    <p class='ocr_par' dir='ltr' id='par_1_43' title="bbox 138 2004 932 2041">
     <span class='ocr_line' id='line_1_43' title="bbox 138 2004 932 2041; baseline 0.001 -10"><span class='ocrx_word' id='word_1_291' title='bbox 138 2005 206 2036; x_wconf 58' lang='grc' dir='ltr'>(θεὸς</span> <span class='ocrx_word' id='word_1_292' title='bbox 222 2005 236 2031; x_wconf 80' lang='grc' dir='ltr'>ὁ</span> <span class='ocrx_word' id='word_1_293' title='bbox 254 2005 298 2031; x_wconf 74' lang='grc' dir='ltr'>τὸν</span> <span class='ocrx_word' id='word_1_294' title='bbox 313 2005 430 2040; x_wconf 85' lang='grc' dir='ltr'>ποιμένα</span> <span class='ocrx_word' id='word_1_295' title='bbox 447 2004 552 2036; x_wconf 79' lang='grc' dir='ltr'>σώζων,</span> <span class='ocrx_word' id='word_1_296' title='bbox 564 2005 612 2031; x_wconf 74' lang='grc' dir='ltr'>καὶ</span> <span class='ocrx_word' id='word_1_297' title='bbox 624 2005 658 2032; x_wconf 82' lang='grc' dir='ltr'>τὰ</span> <span class='ocrx_word' id='word_1_298' title='bbox 674 2006 797 2041; x_wconf 64' lang='grc' dir='ltr'>πρῶατσ.</span> <span class='ocrx_word' id='word_1_299' title='bbox 812 2006 913 2038; x_wconf 76' lang='grc' dir='ltr'>ἔσωζεν</span> <span class='ocrx_word' id='word_1_300' title='bbox 925 2016 932 2022; x_wconf 93' lang='grc'><strong>·</strong></span> 
     </span>
    </p>
   </div>
   <div class='ocr_carea' id='block_1_44' title="bbox 138 2051 934 2088">
    <p class='ocr_par' dir='ltr' id='par_1_44' title="bbox 138 2051 934 2088">
     <span class='ocr_line' id='line_1_44' title="bbox 138 2051 934 2088; baseline 0.003 -11"><span class='ocrx_word' id='word_1_301' title='bbox 138 2052 164 2077; x_wconf 77' lang='grc' dir='ltr'>οἱ</span> <span class='ocrx_word' id='word_1_302' title='bbox 177 2052 231 2085; x_wconf 76' lang='grc' dir='ltr'><strong>γὰρ</strong></span> <span class='ocrx_word' id='word_1_303' title='bbox 243 2051 357 2078; x_wconf 76' lang='grc' dir='ltr'>κλέπται</span> <span class='ocrx_word' id='word_1_304' title='bbox 372 2051 480 2087; x_wconf 82' lang='grc' dir='ltr'>ἀοράτῳ</span> <span class='ocrx_word' id='word_1_305' title='bbox 495 2051 609 2086; x_wconf 84' lang='grc' dir='ltr'>δυνάμει</span> <span class='ocrx_word' id='word_1_306' title='bbox 623 2052 645 2067; x_wconf 82' lang='grc'><strong>⁵¹</strong></span> <span class='ocrx_word' id='word_1_307' title='bbox 660 2052 735 2087; x_wconf 74' lang='grc' dir='ltr'>παρὰ</span> <span class='ocrx_word' id='word_1_308' title='bbox 745 2052 794 2086; x_wconf 78' lang='grc' dir='ltr'>τὴν</span> <span class='ocrx_word' id='word_1_309' title='bbox 812 2053 934 2088; x_wconf 79' lang='grc' dir='ltr'>μάνδραν</span> 
     </span>
    </p>
   </div>
   <div class='ocr_carea' id='block_1_45' title="bbox 139 2094 934 2134">
    <p class='ocr_par' dir='ltr' id='par_1_45' title="bbox 139 2094 934 2134">
     <span class='ocr_line' id='line_1_45' title="bbox 139 2094 934 2134; baseline 0.004 -11"><span class='ocrx_word' id='word_1_310' title='bbox 139 2097 268 2124; x_wconf 78' lang='grc' dir='ltr'>ἐδέδεντο.</span> <span class='ocrx_word' id='word_1_311' title='bbox 284 2098 400 2133; x_wconf 80' lang='grc' dir='ltr'>Ὀρθρος</span> <span class='ocrx_word' id='word_1_312' title='bbox 417 2097 445 2123; x_wconf 86' lang='grc' dir='ltr'><strong>δὲ</strong></span> <span class='ocrx_word' id='word_1_313' title='bbox 458 2095 491 2132; x_wconf 81' lang='grc' dir='ltr'>ἦν</span> <span class='ocrx_word' id='word_1_314' title='bbox 501 2105 507 2111; x_wconf 88' lang='grc'>·</span> <span class='ocrx_word' id='word_1_315' title='bbox 527 2099 574 2123; x_wconf 68' lang='grc' dir='ltr'>καὶ</span> <span class='ocrx_word' id='word_1_316' title='bbox 587 2094 653 2133; x_wconf 73' lang='grc' dir='ltr'>ἧκεν</span> <span class='ocrx_word' id='word_1_317' title='bbox 667 2098 681 2123; x_wconf 91' lang='lat'><strong>6</strong></span> <span class='ocrx_word' id='word_1_318' title='bbox 700 2098 801 2133; x_wconf 83' lang='grc' dir='ltr'>ποιμὴν</span> <span class='ocrx_word' id='word_1_319' title='bbox 819 2099 887 2134; x_wconf 73' lang='grc' dir='ltr'>πρὸς</span> <span class='ocrx_word' id='word_1_320' title='bbox 900 2099 934 2126; x_wconf 84' lang='grc' dir='ltr'>τὰ</span> 
     </span>
    </p>
   </div>
   <div class='ocr_carea' id='block_1_46' title="bbox 139 2138 933 2178">
    <p class='ocr_par' dir='ltr' id='par_1_46' title="bbox 139 2138 933 2178">
     <span class='ocr_line' id='line_1_46' title="bbox 139 2138 933 2178; baseline 0.004 -10"><span class='ocrx_word' id='word_1_321' title='bbox 139 2142 274 2178; x_wconf 76' lang='grc' dir='ltr'>πρόϐατα.</span> <span class='ocrx_word' id='word_1_322' title='bbox 284 2143 326 2174; x_wconf 84' lang='grc' dir='ltr'><strong>Ὠς</strong></span> <span class='ocrx_word' id='word_1_323' title='bbox 337 2143 365 2169; x_wconf 83' lang='grc' dir='ltr'><strong>δὲ</strong></span> <span class='ocrx_word' id='word_1_324' title='bbox 379 2138 458 2177; x_wconf 71' lang='grc' dir='ltr'>εὗρεν</span> <span class='ocrx_word' id='word_1_325' title='bbox 469 2142 557 2168; x_wconf 78' lang='grc' dir='ltr'>ὀπίσω</span> <span class='ocrx_word' id='word_1_326' title='bbox 567 2142 617 2173; x_wconf 79' lang='grc' dir='ltr'><strong>τὰς</strong></span> <span class='ocrx_word' id='word_1_327' title='bbox 629 2144 722 2178; x_wconf 83' lang='grc' dir='ltr'>χεῖρας</span> <span class='ocrx_word' id='word_1_328' title='bbox 733 2143 853 2178; x_wconf 77' lang='grc' dir='ltr'>ἔχοντας,</span> <span class='ocrx_word' id='word_1_329' title='bbox 863 2144 933 2178; x_wconf 80' lang='grc' dir='ltr'><strong>ἔγνω</strong></span> 
     </span>
    </p>
   </div>
   <div class='ocr_carea' id='block_1_47' title="bbox 137 2188 932 2224">
    <p class='ocr_par' dir='ltr' id='par_1_47' title="bbox 137 2188 932 2224">
     <span class='ocr_line' id='line_1_47' title="bbox 137 2188 932 2224; baseline 0.004 -10"><span class='ocrx_word' id='word_1_330' title='bbox 137 2189 170 2214; x_wconf 83' lang='grc' dir='ltr'><strong>τὸ</strong></span> <span class='ocrx_word' id='word_1_331' title='bbox 180 2190 291 2222; x_wconf 74' lang='grc' dir='ltr'>γεγονός</span> <span class='ocrx_word' id='word_1_332' title='bbox 300 2198 306 2204; x_wconf 92' lang='grc'>·</span> <span class='ocrx_word' id='word_1_333' title='bbox 316 2190 362 2215; x_wconf 79' lang='grc' dir='ltr'>καὶ</span> <span class='ocrx_word' id='word_1_334' title='bbox 369 2189 518 2224; x_wconf 79' lang='grc' dir='ltr'>εὐξάμενος</span> <span class='ocrx_word' id='word_1_335' title='bbox 525 2189 583 2215; x_wconf 85' lang='grc' dir='ltr'>λύει</span> <span class='ocrx_word' id='word_1_336' title='bbox 594 2189 657 2220; x_wconf 72' lang='grc' dir='ltr'>τοὺς</span> <span class='ocrx_word' id='word_1_337' title='bbox 667 2188 797 2221; x_wconf 79' lang='grc' dir='ltr'>κλέπτας.</span> <span class='ocrx_word' id='word_1_338' title='bbox 806 2191 893 2217; x_wconf 81' lang='grc' dir='ltr'>Πολλὰ</span> <span class='ocrx_word' id='word_1_339' title='bbox 904 2191 932 2217; x_wconf 78' lang='grc' dir='ltr'><strong>δὲ</strong></span> 
     </span>
    </p>
   </div>
   <div class='ocr_carea' id='block_1_48' title="bbox 137 2234 932 2271">
    <p class='ocr_par' dir='ltr' id='par_1_48' title="bbox 137 2234 932 2271">
     <span class='ocr_line' id='line_1_48' title="bbox 137 2234 932 2271; baseline 0.003 -10"><span class='ocrx_word' id='word_1_340' title='bbox 137 2234 305 2270; x_wconf 81' lang='grc' dir='ltr'>νουθετήσας</span> <span class='ocrx_word' id='word_1_341' title='bbox 316 2236 363 2261; x_wconf 76' lang='grc' dir='ltr'><strong>καὶ</strong></span> <span class='ocrx_word' id='word_1_342' title='bbox 377 2236 545 2271; x_wconf 82' lang='grc' dir='ltr'>παραινέσας</span> <span class='ocrx_word' id='word_1_343' title='bbox 560 2236 664 2268; x_wconf 79' lang='grc' dir='ltr'>αὐτοῖς,</span> <span class='ocrx_word' id='word_1_344' title='bbox 676 2238 708 2263; x_wconf 83' lang='grc' dir='ltr'><strong>ὲκ</strong></span> <span class='ocrx_word' id='word_1_345' title='bbox 720 2236 832 2263; x_wconf 82' lang='grc' dir='ltr'>δικαίων</span> <span class='ocrx_word' id='word_1_346' title='bbox 843 2237 932 2263; x_wconf 81' lang='grc' dir='ltr'>πόνων</span> 
     </span>
    </p>
   </div>
   <div class='ocr_carea' id='block_1_49' title="bbox 993 265 1787 306">
    <p class='ocr_par' dir='ltr' id='par_1_49' title="bbox 993 265 1787 306">
     <span class='ocr_line' id='line_1_49' title="bbox 993 265 1787 306; baseline 0.009 -14"><span class='ocrx_word' id='word_1_347' title='bbox 993 265 1088 302; x_wconf 86' lang='lat' dir='ltr'><strong>Neque</strong></span> <span class='ocrx_word' id='word_1_348' title='bbox 1101 267 1173 294; x_wconf 87' lang='lat' dir='ltr'><strong>ettim</strong></span> <span class='ocrx_word' id='word_1_349' title='bbox 1187 271 1294 296; x_wconf 85' lang='lat' dir='ltr'><strong>tantum</strong></span> <span class='ocrx_word' id='word_1_350' title='bbox 1319 268 1411 296; x_wconf 80' lang='lat' dir='ltr'><strong>aﬂ&#39;eret</strong></span> <span class='ocrx_word' id='word_1_351' title='bbox 1427 270 1555 297; x_wconf 88' lang='lat' dir='ltr'><strong>utilitatis</strong></span> <span class='ocrx_word' id='word_1_352' title='bbox 1567 271 1687 305; x_wconf 86' lang='lat' dir='ltr'><strong>prodire,</strong></span> <span class='ocrx_word' id='word_1_353' title='bbox 1702 280 1787 306; x_wconf 89' lang='lat' dir='ltr'><strong>quan-</strong></span> 
     </span>
    </p>
   </div>
   <div class='ocr_carea' id='block_1_50' title="bbox 993 313 1789 350">
    <p class='ocr_par' dir='ltr' id='par_1_50' title="bbox 993 313 1789 350">
     <span class='ocr_line' id='line_1_50' title="bbox 993 313 1789 350; baseline 0.008 -11"><span class='ocrx_word' id='word_1_354' title='bbox 993 317 1050 339; x_wconf 92' lang='lat' dir='ltr'><strong>tum</strong></span> <span class='ocrx_word' id='word_1_355' title='bbox 1067 313 1172 340; x_wconf 81' lang='lat' dir='ltr'><strong>sedere.</strong></span> <span class='ocrx_word' id='word_1_356' title='bbox 1195 314 1243 342; x_wconf 86' lang='lat' dir='ltr'><strong>His</strong></span> <span class='ocrx_word' id='word_1_357' title='bbox 1264 315 1309 342; x_wconf 90' lang='lat' dir='ltr'><strong>ille</strong></span> <span class='ocrx_word' id='word_1_358' title='bbox 1332 316 1448 347; x_wconf 75' lang='lat' dir='ltr'><strong>auditis,</strong></span> <span class='ocrx_word' id='word_1_359' title='bbox 1481 318 1664 344; x_wconf 74' lang='lat' dir='ltr'><strong>exacerbatus</strong></span> <span class='ocrx_word' id='word_1_360' title='bbox 1681 323 1740 350; x_wconf 87' lang='lat' dir='ltr'><strong>est,</strong></span> <span class='ocrx_word' id='word_1_361' title='bbox 1761 323 1789 346; x_wconf 86' lang='lat' dir='ltr'><strong>et</strong></span> 
     </span>
    </p>
   </div>
   <div class='ocr_carea' id='block_1_51' title="bbox 993 358 1788 398">
    <p class='ocr_par' dir='ltr' id='par_1_51' title="bbox 993 358 1788 398">
     <span class='ocr_line' id='line_1_51' title="bbox 993 358 1788 398; baseline 0.009 -14"><span class='ocrx_word' id='word_1_362' title='bbox 993 358 1078 385; x_wconf 81' lang='lat' dir='ltr'><strong>forma</strong></span> <span class='ocrx_word' id='word_1_363' title='bbox 1100 365 1239 392; x_wconf 88' lang='lat' dir='ltr'><strong>mutatus,</strong></span> <span class='ocrx_word' id='word_1_364' title='bbox 1263 361 1331 388; x_wconf 87' lang='lat' dir='ltr'><strong>adeo</strong></span> <span class='ocrx_word' id='word_1_365' title='bbox 1353 366 1382 388; x_wconf 86' lang='lat' dir='ltr'><strong>ut</strong></span> <span class='ocrx_word' id='word_1_366' title='bbox 1402 369 1452 388; x_wconf 86' lang='lat' dir='ltr'><strong>nec</strong></span> <span class='ocrx_word' id='word_1_367' title='bbox 1466 370 1559 389; x_wconf 87' lang='lat' dir='ltr'><strong>senem</strong></span> <span class='ocrx_word' id='word_1_368' title='bbox 1579 363 1662 390; x_wconf 79' lang='lat' dir='ltr'><strong>latere</strong></span> <span class='ocrx_word' id='word_1_369' title='bbox 1679 369 1788 398; x_wconf 81' lang='lat' dir='ltr'><strong>posset.</strong></span> 
     </span>
    </p>
   </div>
   <div class='ocr_carea' id='block_1_52' title="bbox 992 404 1787 444">
    <p class='ocr_par' dir='ltr' id='par_1_52' title="bbox 992 404 1787 444">
     <span class='ocr_line' id='line_1_52' title="bbox 992 404 1787 444; baseline 0.009 -14"><span class='ocrx_word' id='word_1_370' title='bbox 992 404 1087 439; x_wconf 86' lang='lat' dir='ltr'><strong>Itaque</strong></span> <span class='ocrx_word' id='word_1_371' title='bbox 1106 406 1175 433; x_wconf 78' lang='lat' dir='ltr'><strong>dixit</strong></span> <span class='ocrx_word' id='word_1_372' title='bbox 1190 407 1213 434; x_wconf 87' lang='lat' dir='ltr'><strong>ei</strong></span> <span class='ocrx_word' id='word_1_373' title='bbox 1239 408 1322 435; x_wconf 82' lang='lat' dir='ltr'>abbas</span> <span class='ocrx_word' id='word_1_374' title='bbox 1340 407 1475 443; x_wconf 80' lang='lat' dir='ltr'><strong>Serapio:</strong></span> <span class='ocrx_word' id='word_1_375' title='bbox 1499 408 1646 444; x_wconf 81' lang='lat' dir='ltr'><strong>[lucusque</strong></span> <span class='ocrx_word' id='word_1_376' title='bbox 1662 410 1755 436; x_wconf 79' lang='lat' dir='ltr'><strong>aiebas</strong></span> <span class='ocrx_word' id='word_1_377' title='bbox 1781 420 1787 437; x_wconf 88' lang='lat'><strong>:</strong></span> 
     </span>
    </p>
   </div>
   <div class='ocr_carea' id='block_1_53' title="bbox 991 449 1786 489">
    <p class='ocr_par' dir='ltr' id='par_1_53' title="bbox 991 449 1786 489">
     <span class='ocr_line' id='line_1_53' title="bbox 991 449 1786 489; baseline 0.008 -14"><span class='ocrx_word' id='word_1_378' title='bbox 991 449 1124 477; x_wconf 80' lang='lat' dir='ltr'><strong>Peccator</strong></span> <span class='ocrx_word' id='word_1_379' title='bbox 1137 459 1214 484; x_wconf 85' lang='lat' dir='ltr'><strong>sum;</strong></span> <span class='ocrx_word' id='word_1_380' title='bbox 1231 453 1294 479; x_wconf 89' lang='lat' dir='ltr'><strong>item</strong></span> <span class='ocrx_word' id='word_1_381' title='bbox 1318 454 1469 481; x_wconf 86' lang='lat' dir='ltr'><strong>aceusabas</strong></span> <span class='ocrx_word' id='word_1_382' title='bbox 1489 459 1515 481; x_wconf 85' lang='lat' dir='ltr'><strong>te</strong></span> <span class='ocrx_word' id='word_1_383' title='bbox 1531 455 1611 489; x_wconf 90' lang='lat' dir='ltr'><strong>quasi</strong></span> <span class='ocrx_word' id='word_1_384' title='bbox 1629 455 1711 482; x_wconf 89' lang='lat' dir='ltr'><strong>etiam</strong></span> <span class='ocrx_word' id='word_1_385' title='bbox 1728 456 1786 481; x_wconf 86' lang='lat' dir='ltr'><strong>vita</strong></span> 
     </span>
    </p>
   </div>
   <div class='ocr_carea' id='block_1_54' title="bbox 993 496 1785 532">
    <p class='ocr_par' dir='ltr' id='par_1_54' title="bbox 993 496 1785 532">
     <span class='ocr_line' id='line_1_54' title="bbox 993 496 1785 532; baseline 0.006 -11"><span class='ocrx_word' id='word_1_386' title='bbox 993 496 1133 531; x_wconf 76' lang='lat' dir='ltr'><strong>indignum</strong></span> <span class='ocrx_word' id='word_1_387' title='bbox 1148 505 1155 529; x_wconf 90' lang='lat'><strong>;</strong></span> <span class='ocrx_word' id='word_1_388' title='bbox 1179 498 1242 532; x_wconf 81' lang='lat' dir='ltr'><strong>quia</strong></span> <span class='ocrx_word' id='word_1_389' title='bbox 1260 506 1325 525; x_wconf 90' lang='lat' dir='ltr'><strong>vero</strong></span> <span class='ocrx_word' id='word_1_390' title='bbox 1342 500 1539 527; x_wconf 77' lang='lat' dir='ltr'><strong>commonefeci</strong></span> <span class='ocrx_word' id='word_1_391' title='bbox 1557 505 1582 526; x_wconf 89' lang='lat' dir='ltr'><strong>te</strong></span> <span class='ocrx_word' id='word_1_392' title='bbox 1602 507 1663 526; x_wconf 87' lang='lat' dir='ltr'><strong>cum</strong></span> <span class='ocrx_word' id='word_1_393' title='bbox 1690 500 1785 527; x_wconf 77' lang='lat' dir='ltr'><strong>citari-</strong></span> 
     </span>
    </p>
   </div>
   <div class='ocr_carea' id='block_1_55' title="bbox 992 544 1785 581">
    <p class='ocr_par' dir='ltr' id='par_1_55' title="bbox 992 544 1785 581">
     <span class='ocr_line' id='line_1_55' title="bbox 992 544 1785 581; baseline 0.006 -13"><span class='ocrx_word' id='word_1_394' title='bbox 992 546 1057 574; x_wconf 85' lang='lat' dir='ltr'><strong>tate,</strong></span> <span class='ocrx_word' id='word_1_395' title='bbox 1074 551 1161 578; x_wconf 82' lang='lat' dir='ltr'><strong>usque</strong></span> <span class='ocrx_word' id='word_1_396' title='bbox 1175 544 1243 571; x_wconf 83' lang='lat' dir='ltr'><strong>adeo</strong></span> <span class='ocrx_word' id='word_1_397' title='bbox 1257 544 1385 572; x_wconf 77' lang='lat' dir='ltr'><strong>eﬂeratus</strong></span> <span class='ocrx_word' id='word_1_398' title='bbox 1396 546 1445 573; x_wconf 70' lang='lat' dir='ltr'><strong>es?</strong></span> <span class='ocrx_word' id='word_1_399' title='bbox 1461 545 1488 572; x_wconf 90' lang='lat' dir='ltr'><strong>Si</strong></span> <span class='ocrx_word' id='word_1_400' title='bbox 1501 554 1566 581; x_wconf 85' lang='lat' dir='ltr'><strong>ergo</strong></span> <span class='ocrx_word' id='word_1_401' title='bbox 1579 547 1721 574; x_wconf 83' lang='lat' dir='ltr'><strong>desideras</strong></span> <span class='ocrx_word' id='word_1_402' title='bbox 1738 547 1785 573; x_wconf 85' lang='lat' dir='ltr'><strong>hu-</strong></span> 
     </span>
    </p>
   </div>
   <div class='ocr_carea' id='block_1_56' title="bbox 992 588 1782 623">
    <p class='ocr_par' dir='ltr' id='par_1_56' title="bbox 992 588 1782 623">
     <span class='ocr_line' id='line_1_56' title="bbox 992 588 1782 623; baseline 0.006 -9"><span class='ocrx_word' id='word_1_403' title='bbox 992 588 1065 615; x_wconf 88' lang='lat' dir='ltr'><strong>milis</strong></span> <span class='ocrx_word' id='word_1_404' title='bbox 1080 597 1152 620; x_wconf 79' lang='lat' dir='ltr'><strong>esse.</strong></span> <span class='ocrx_word' id='word_1_405' title='bbox 1168 597 1228 623; x_wconf 65' lang='lat' dir='ltr'><strong>qum</strong></span> <span class='ocrx_word' id='word_1_406' title='bbox 1242 591 1276 617; x_wconf 86' lang='lat' dir='ltr'><strong>ab</strong></span> <span class='ocrx_word' id='word_1_407' title='bbox 1288 592 1349 618; x_wconf 85' lang='lat' dir='ltr'><strong>aliis</strong></span> <span class='ocrx_word' id='word_1_408' title='bbox 1365 592 1414 619; x_wconf 90' lang='lat' dir='ltr'><strong>tibi</strong></span> <span class='ocrx_word' id='word_1_409' title='bbox 1431 592 1598 622; x_wconf 82' lang='lat' dir='ltr'><strong>inferuntur.</strong></span> <span class='ocrx_word' id='word_1_410' title='bbox 1613 593 1688 620; x_wconf 85' lang='lat' dir='ltr'><strong>disce</strong></span> <span class='ocrx_word' id='word_1_411' title='bbox 1701 593 1782 620; x_wconf 80' lang='lat' dir='ltr'><strong>forti-</strong></span> 
     </span>
    </p>
   </div>
   <div class='ocr_carea' id='block_1_57' title="bbox 992 633 1783 672">
    <p class='ocr_par' dir='ltr' id='par_1_57' title="bbox 992 633 1783 672">
     <span class='ocr_line' id='line_1_57' title="bbox 992 633 1783 672; baseline 0.008 -13"><span class='ocrx_word' id='word_1_412' title='bbox 992 638 1033 659; x_wconf 82' lang='lat' dir='ltr'><strong>ter</strong></span> <span class='ocrx_word' id='word_1_413' title='bbox 1045 633 1126 665; x_wconf 83' lang='lat' dir='ltr'><strong>ferre,</strong></span> <span class='ocrx_word' id='word_1_414' title='bbox 1147 643 1197 661; x_wconf 88' lang='lat' dir='ltr'><strong>nec</strong></span> <span class='ocrx_word' id='word_1_415' title='bbox 1212 637 1294 662; x_wconf 85' lang='lat' dir='ltr'><strong>verba</strong></span> <span class='ocrx_word' id='word_1_416' title='bbox 1310 638 1397 664; x_wconf 82' lang='lat' dir='ltr'><strong>otiosa</strong></span> <span class='ocrx_word' id='word_1_417' title='bbox 1412 638 1483 672; x_wconf 86' lang='lat' dir='ltr'><strong>apud</strong></span> <span class='ocrx_word' id='word_1_418' title='bbox 1505 642 1531 665; x_wconf 88' lang='lat' dir='ltr'><strong>te</strong></span> <span class='ocrx_word' id='word_1_419' title='bbox 1543 638 1640 665; x_wconf 87' lang='lat' dir='ltr'><strong>retine.</strong></span> <span class='ocrx_word' id='word_1_420' title='bbox 1659 638 1722 666; x_wconf 59' lang='lat' dir='ltr'><strong>llaec</strong></span> <span class='ocrx_word' id='word_1_421' title='bbox 1736 646 1783 665; x_wconf 89' lang='lat' dir='ltr'><strong>au-</strong></span> 
     </span>
    </p>
   </div>
   <div class='ocr_carea' id='block_1_58' title="bbox 991 680 1783 718">
    <p class='ocr_par' dir='ltr' id='par_1_58' title="bbox 991 680 1783 718">
     <span class='ocr_line' id='line_1_58' title="bbox 991 680 1783 718; baseline 0.005 -12"><span class='ocrx_word' id='word_1_422' title='bbox 991 680 1069 707; x_wconf 88' lang='lat' dir='ltr'><strong>diens</strong></span> <span class='ocrx_word' id='word_1_423' title='bbox 1084 681 1177 713; x_wconf 76' lang='lat' dir='ltr'><strong>frater,</strong></span> <span class='ocrx_word' id='word_1_424' title='bbox 1191 683 1296 708; x_wconf 82' lang='lat' dir='ltr'><strong>veniam</strong></span> <span class='ocrx_word' id='word_1_425' title='bbox 1312 683 1425 717; x_wconf 73' lang='lat' dir='ltr'><strong>supplex</strong></span> <span class='ocrx_word' id='word_1_426' title='bbox 1440 684 1516 718; x_wconf 88' lang='lat' dir='ltr'><strong>petiit</strong></span> <span class='ocrx_word' id='word_1_427' title='bbox 1529 691 1544 710; x_wconf 85' lang='lat' dir='ltr'><strong>a</strong></span> <span class='ocrx_word' id='word_1_428' title='bbox 1560 691 1635 716; x_wconf 89' lang='lat' dir='ltr'><strong>sene,</strong></span> <span class='ocrx_word' id='word_1_429' title='bbox 1651 688 1679 711; x_wconf 91' lang='lat' dir='ltr'><strong>et</strong></span> <span class='ocrx_word' id='word_1_430' title='bbox 1695 684 1783 711; x_wconf 91' lang='lat' dir='ltr'><strong>multo</strong></span> 
     </span>
    </p>
   </div>
   <div class='ocr_carea' id='block_1_59' title="bbox 992 727 1415 756">
    <p class='ocr_par' dir='ltr' id='par_1_59' title="bbox 992 727 1415 756">
     <span class='ocr_line' id='line_1_59' title="bbox 992 727 1415 756; baseline 0.005 -4"><span class='ocrx_word' id='word_1_431' title='bbox 992 733 1054 753; x_wconf 90' lang='lat' dir='ltr'><strong>cum</strong></span> <span class='ocrx_word' id='word_1_432' title='bbox 1075 727 1174 754; x_wconf 69' lang='lat' dir='ltr'><strong>animae</strong></span> <span class='ocrx_word' id='word_1_433' title='bbox 1188 727 1265 754; x_wconf 85' lang='lat' dir='ltr'><strong>lucro</strong></span> <span class='ocrx_word' id='word_1_434' title='bbox 1277 728 1415 756; x_wconf 73' lang='lat' dir='ltr'><strong>discessit.</strong></span> 
     </span>
    </p>
   </div>
   <div class='ocr_carea' id='block_1_60' title="bbox 1249 869 1521 900">
    <p class='ocr_par' dir='ltr' id='par_1_60' title="bbox 1249 869 1521 900">
     <span class='ocr_line' id='line_1_60' title="bbox 1249 869 1521 900; baseline 0.015 -4"><span class='ocrx_word' id='word_1_435' title='bbox 1249 869 1289 897; x_wconf 78' lang='lat' dir='ltr'><strong>De</strong></span> <span class='ocrx_word' id='word_1_436' title='bbox 1306 871 1398 898; x_wconf 82' lang='lat' dir='ltr'><strong>abbate</strong></span> <span class='ocrx_word' id='word_1_437' title='bbox 1414 872 1521 900; x_wconf 82' lang='lat' dir='ltr'><strong>Sereno.</strong></span> 
     </span>
    </p>
   </div>
   <div class='ocr_carea' id='block_1_61' title="bbox 1026 922 1780 968">
    <p class='ocr_par' dir='ltr' id='par_1_61' title="bbox 1026 922 1780 968">
     <span class='ocr_line' id='line_1_61' title="bbox 1026 922 1780 968; baseline 0.017 -20"><span class='ocrx_word' id='word_1_438' title='bbox 1026 922 1051 949; x_wconf 80' lang='lat' dir='ltr'><strong>l.</strong></span> <span class='ocrx_word' id='word_1_439' title='bbox 1070 922 1186 950; x_wconf 73' lang='lat' dir='ltr'><strong>Aiebam</strong></span> <span class='ocrx_word' id='word_1_440' title='bbox 1200 925 1234 951; x_wconf 88' lang='lat' dir='ltr'><strong>de</strong></span> <span class='ocrx_word' id='word_1_441' title='bbox 1246 926 1343 954; x_wconf 87' lang='lat' dir='ltr'><strong>abbate</strong></span> <span class='ocrx_word' id='word_1_442' title='bbox 1357 927 1459 954; x_wconf 75' lang='lat' dir='ltr'><strong>Sereno</strong></span> <span class='ocrx_word' id='word_1_443' title='bbox 1469 950 1476 961; x_wconf 86' lang='lat'><strong>,</strong></span> <span class='ocrx_word' id='word_1_444' title='bbox 1489 930 1561 964; x_wconf 88' lang='lat' dir='ltr'><strong>quod</strong></span> <span class='ocrx_word' id='word_1_445' title='bbox 1578 932 1693 959; x_wconf 92' lang='lat' dir='ltr'><strong>multum</strong></span> <span class='ocrx_word' id='word_1_446' title='bbox 1715 941 1780 968; x_wconf 85' lang='lat' dir='ltr'><strong>ope-</strong></span> 
     </span>
    </p>
   </div>
   <div class='ocr_carea' id='block_1_62' title="bbox 990 970 1777 1009">
    <p class='ocr_par' dir='ltr' id='par_1_62' title="bbox 990 970 1777 1009">
     <span class='ocr_line' id='line_1_62' title="bbox 990 970 1777 1009; baseline 0.013 -15"><span class='ocrx_word' id='word_1_447' title='bbox 990 973 1107 1001; x_wconf 84' lang='lat' dir='ltr'><strong>rarelur.</strong></span> <span class='ocrx_word' id='word_1_448' title='bbox 1123 975 1150 996; x_wconf 77' lang='lat' dir='ltr'><strong>el</strong></span> <span class='ocrx_word' id='word_1_449' title='bbox 1166 970 1236 998; x_wconf 78' lang='lat' dir='ltr'><strong>dllOS</strong></span> <span class='ocrx_word' id='word_1_450' title='bbox 1249 977 1406 1006; x_wconf 76' lang='lat' dir='ltr'><strong>paxamates</strong></span> <span class='ocrx_word' id='word_1_451' title='bbox 1421 982 1529 1009; x_wconf 87' lang='lat' dir='ltr'><strong>semper</strong></span> <span class='ocrx_word' id='word_1_452' title='bbox 1542 978 1709 1006; x_wconf 63' lang='lat' dir='ltr'><strong>comminuet.</strong></span> <span class='ocrx_word' id='word_1_453' title='bbox 1726 979 1777 1008; x_wconf 79' lang='lat' dir='ltr'><strong>ve-</strong></span> 
     </span>
    </p>
   </div>
   <div class='ocr_carea' id='block_1_63' title="bbox 990 1015 1776 1061">
    <p class='ocr_par' dir='ltr' id='par_1_63' title="bbox 990 1015 1776 1061">
     <span class='ocr_line' id='line_1_63' title="bbox 990 1015 1776 1061; baseline 0.018 -21"><span class='ocrx_word' id='word_1_454' title='bbox 990 1015 1068 1042; x_wconf 88' lang='lat' dir='ltr'><strong>niens</strong></span> <span class='ocrx_word' id='word_1_455' title='bbox 1083 1022 1173 1043; x_wconf 86' lang='lat' dir='ltr'><strong>autem</strong></span> <span class='ocrx_word' id='word_1_456' title='bbox 1192 1018 1225 1044; x_wconf 82' lang='lat' dir='ltr'><strong>ad</strong></span> <span class='ocrx_word' id='word_1_457' title='bbox 1240 1026 1301 1045; x_wconf 90' lang='lat' dir='ltr'><strong>cum</strong></span> <span class='ocrx_word' id='word_1_458' title='bbox 1321 1019 1406 1047; x_wconf 88' lang='lat' dir='ltr'><strong>abbas</strong></span> <span class='ocrx_word' id='word_1_459' title='bbox 1422 1020 1485 1052; x_wconf 79' lang='lat' dir='ltr'><strong>Job.</strong></span> <span class='ocrx_word' id='word_1_460' title='bbox 1507 1023 1610 1051; x_wconf 84' lang='lat' dir='ltr'><strong>sodalis</strong></span> <span class='ocrx_word' id='word_1_461' title='bbox 1623 1025 1692 1058; x_wconf 79' lang='lat' dir='ltr'><strong>ejus,</strong></span> <span class='ocrx_word' id='word_1_462' title='bbox 1715 1025 1776 1061; x_wconf 79' lang='lat' dir='ltr'><strong>ipse</strong></span> 
     </span>
    </p>
   </div>
   <div class='ocr_carea' id='block_1_64' title="bbox 988 1061 1777 1099">
    <p class='ocr_par' dir='ltr' id='par_1_64' title="bbox 988 1061 1777 1099">
     <span class='ocr_line' id='line_1_64' title="bbox 988 1061 1777 1099; baseline 0.015 -12"><span class='ocrx_word' id='word_1_463' title='bbox 988 1061 1069 1088; x_wconf 87' lang='lat' dir='ltr'><strong>etiam</strong></span> <span class='ocrx_word' id='word_1_464' title='bbox 1096 1070 1212 1097; x_wconf 80' lang='lat' dir='ltr'><strong>magnus</strong></span> <span class='ocrx_word' id='word_1_465' title='bbox 1235 1070 1344 1096; x_wconf 85' lang='lat' dir='ltr'><strong>asceta,</strong></span> <span class='ocrx_word' id='word_1_466' title='bbox 1370 1065 1458 1093; x_wconf 85' lang='lat' dir='ltr'><strong>dixit:</strong></span> <span class='ocrx_word' id='word_1_467' title='bbox 1478 1067 1507 1094; x_wconf 89' lang='lat' dir='ltr'><strong>In</strong></span> <span class='ocrx_word' id='word_1_468' title='bbox 1530 1069 1598 1095; x_wconf 84' lang='lat' dir='ltr'><strong>cella</strong></span> <span class='ocrx_word' id='word_1_469' title='bbox 1621 1078 1679 1097; x_wconf 87' lang='lat' dir='ltr'><strong>mea</strong></span> <span class='ocrx_word' id='word_1_470' title='bbox 1697 1079 1777 1099; x_wconf 88' lang='lat' dir='ltr'><strong>servo</strong></span> 
     </span>
    </p>
   </div>
   <div class='ocr_carea' id='block_1_65' title="bbox 988 1106 1779 1144">
    <p class='ocr_par' dir='ltr' id='par_1_65' title="bbox 988 1106 1779 1144">
     <span class='ocr_line' id='line_1_65' title="bbox 988 1106 1779 1144; baseline 0.015 -13"><span class='ocrx_word' id='word_1_471' title='bbox 988 1106 1124 1134; x_wconf 86' lang='lat' dir='ltr'><strong>actionem</strong></span> <span class='ocrx_word' id='word_1_472' title='bbox 1145 1116 1255 1142; x_wconf 69' lang='lat' dir='ltr'><strong>nit-am;</strong></span> <span class='ocrx_word' id='word_1_473' title='bbox 1280 1111 1327 1136; x_wconf 88' lang='lat' dir='ltr'><strong>sed</strong></span> <span class='ocrx_word' id='word_1_474' title='bbox 1352 1110 1374 1137; x_wconf 92' lang='lat' dir='ltr'><strong>si</strong></span> <span class='ocrx_word' id='word_1_475' title='bbox 1390 1111 1494 1142; x_wconf 79' lang='lat' dir='ltr'><strong>exicro.</strong></span> <span class='ocrx_word' id='word_1_476' title='bbox 1515 1113 1706 1142; x_wconf 88' lang='lat' dir='ltr'><strong>condescendo</strong></span> <span class='ocrx_word' id='word_1_477' title='bbox 1725 1117 1779 1144; x_wconf 81' lang='lat' dir='ltr'><strong>fra-</strong></span> 
     </span>
    </p>
   </div>
   <div class='ocr_carea' id='block_1_66' title="bbox 988 1151 1775 1197">
    <p class='ocr_par' dir='ltr' id='par_1_66' title="bbox 988 1151 1775 1197">
     <span class='ocr_line' id='line_1_66' title="bbox 988 1151 1775 1197; baseline 0.015 -20"><span class='ocrx_word' id='word_1_478' title='bbox 988 1151 1085 1179; x_wconf 91' lang='lat' dir='ltr'><strong>tribus.</strong></span> <span class='ocrx_word' id='word_1_479' title='bbox 1100 1153 1145 1179; x_wconf 83' lang='lat' dir='ltr'><strong>Ait</strong></span> <span class='ocrx_word' id='word_1_480' title='bbox 1159 1154 1195 1180; x_wconf 92' lang='lat' dir='ltr'><strong>illi</strong></span> <span class='ocrx_word' id='word_1_481' title='bbox 1212 1155 1296 1182; x_wconf 84' lang='lat' dir='ltr'><strong>abbas</strong></span> <span class='ocrx_word' id='word_1_482' title='bbox 1315 1155 1434 1183; x_wconf 80' lang='lat' dir='ltr'><strong>Serenus</strong></span> <span class='ocrx_word' id='word_1_483' title='bbox 1449 1166 1454 1183; x_wconf 94' lang='lat'><strong>:</strong></span> <span class='ocrx_word' id='word_1_484' title='bbox 1471 1157 1531 1185; x_wconf 90' lang='lat' dir='ltr'><strong>Non</strong></span> <span class='ocrx_word' id='word_1_485' title='bbox 1549 1163 1591 1186; x_wconf 86' lang='lat' dir='ltr'><strong>est</strong></span> <span class='ocrx_word' id='word_1_486' title='bbox 1607 1161 1663 1187; x_wconf 65' lang='lat' dir='ltr'><strong>haec</strong></span> <span class='ocrx_word' id='word_1_487' title='bbox 1677 1169 1775 1197; x_wconf 73' lang='lat' dir='ltr'><strong>magna</strong></span> 
     </span>
    </p>
   </div>
   <div class='ocr_carea' id='block_1_67' title="bbox 988 1198 1777 1235">
    <p class='ocr_par' dir='ltr' id='par_1_67' title="bbox 988 1198 1777 1235">
     <span class='ocr_line' id='line_1_67' title="bbox 988 1198 1777 1235; baseline 0.016 -13"><span class='ocrx_word' id='word_1_488' title='bbox 988 1198 1094 1230; x_wconf 79' lang='lat' dir='ltr'><strong>virtus,</strong></span> <span class='ocrx_word' id='word_1_489' title='bbox 1118 1200 1227 1234; x_wconf 83' lang='lat' dir='ltr'><strong>quando</strong></span> <span class='ocrx_word' id='word_1_490' title='bbox 1251 1201 1278 1228; x_wconf 89' lang='lat' dir='ltr'><strong>in</strong></span> <span class='ocrx_word' id='word_1_491' title='bbox 1304 1203 1371 1229; x_wconf 81' lang='lat' dir='ltr'><strong>cella</strong></span> <span class='ocrx_word' id='word_1_492' title='bbox 1395 1207 1440 1229; x_wconf 89' lang='lat' dir='ltr'><strong>tua</strong></span> <span class='ocrx_word' id='word_1_493' title='bbox 1464 1204 1631 1233; x_wconf 87' lang='lat' dir='ltr'><strong>custodieris</strong></span> <span class='ocrx_word' id='word_1_494' title='bbox 1653 1207 1777 1235; x_wconf 81' lang='lat' dir='ltr'><strong>ordinem</strong></span> 
     </span>
    </p>
   </div>
   <div class='ocr_carea' id='block_1_68' title="bbox 988 1247 1637 1286">
    <p class='ocr_par' dir='ltr' id='par_1_68' title="bbox 988 1247 1637 1286">
     <span class='ocr_line' id='line_1_68' title="bbox 988 1247 1637 1286; baseline 0.012 -15"><span class='ocrx_word' id='word_1_495' title='bbox 988 1249 1075 1277; x_wconf 88' lang='lat' dir='ltr'><strong>tuum,</strong></span> <span class='ocrx_word' id='word_1_496' title='bbox 1089 1247 1135 1273; x_wconf 81' lang='lat' dir='ltr'><strong>sed</strong></span> <span class='ocrx_word' id='word_1_497' title='bbox 1150 1247 1241 1281; x_wconf 84' lang='lat' dir='ltr'><strong>potius</strong></span> <span class='ocrx_word' id='word_1_498' title='bbox 1254 1255 1314 1274; x_wconf 90' lang='lat' dir='ltr'><strong>cum</strong></span> <span class='ocrx_word' id='word_1_499' title='bbox 1331 1257 1346 1276; x_wconf 92' lang='lat' dir='ltr'><strong>e</strong></span> <span class='ocrx_word' id='word_1_500' title='bbox 1357 1249 1425 1276; x_wconf 87' lang='lat' dir='ltr'><strong>cella</strong></span> <span class='ocrx_word' id='word_1_501' title='bbox 1440 1253 1486 1277; x_wconf 85' lang='lat' dir='ltr'><strong>tua</strong></span> <span class='ocrx_word' id='word_1_502' title='bbox 1499 1258 1637 1286; x_wconf 80' lang='lat' dir='ltr'><strong>egressus.</strong></span> 
     </span>
    </p>
   </div>
   <div class='ocr_carea' id='block_1_69' title="bbox 1022 1379 1779 1423">
    <p class='ocr_par' dir='ltr' id='par_1_69' title="bbox 1022 1379 1779 1423">
     <span class='ocr_line' id='line_1_69' title="bbox 1022 1379 1779 1423; baseline 0.013 -18"><span class='ocrx_word' id='word_1_503' title='bbox 1022 1379 1048 1406; x_wconf 74' lang='grc'><strong>2.</strong></span> <span class='ocrx_word' id='word_1_504' title='bbox 1069 1379 1140 1407; x_wconf 83' lang='lat' dir='ltr'><strong>Dixit</strong></span> <span class='ocrx_word' id='word_1_505' title='bbox 1165 1380 1250 1406; x_wconf 82' lang='lat' dir='ltr'><strong>abbas</strong></span> <span class='ocrx_word' id='word_1_506' title='bbox 1273 1380 1394 1408; x_wconf 72' lang='lat' dir='ltr'><strong>Serenus</strong></span> <span class='ocrx_word' id='word_1_507' title='bbox 1413 1391 1419 1409; x_wconf 87' lang='lat'><strong><em>:</em></strong></span> <span class='ocrx_word' id='word_1_508' title='bbox 1436 1382 1555 1419; x_wconf 87' lang='lat' dir='ltr'><strong>Tempus</strong></span> <span class='ocrx_word' id='word_1_509' title='bbox 1579 1393 1668 1412; x_wconf 88' lang='lat' dir='ltr'><strong>meum</strong></span> <span class='ocrx_word' id='word_1_510' title='bbox 1687 1387 1779 1423; x_wconf 77' lang='lat' dir='ltr'><strong>peregi</strong></span> 
     </span>
    </p>
   </div>
   <div class='ocr_carea' id='block_1_70' title="bbox 987 1426 1778 1465">
    <p class='ocr_par' dir='ltr' id='par_1_70' title="bbox 987 1426 1778 1465">
     <span class='ocr_line' id='line_1_70' title="bbox 987 1426 1778 1465; baseline 0.01 -13"><span class='ocrx_word' id='word_1_511' title='bbox 987 1426 1125 1458; x_wconf 80' lang='lat' dir='ltr'><strong>metendo,</strong></span> <span class='ocrx_word' id='word_1_512' title='bbox 1144 1429 1313 1455; x_wconf 87' lang='lat' dir='ltr'><strong>consuendo.</strong></span> <span class='ocrx_word' id='word_1_513' title='bbox 1328 1429 1490 1463; x_wconf 79' lang='lat' dir='ltr'><strong>plcctendo;</strong></span> <span class='ocrx_word' id='word_1_514' title='bbox 1510 1434 1592 1465; x_wconf 87' lang='lat' dir='ltr'><strong>atque</strong></span> <span class='ocrx_word' id='word_1_515' title='bbox 1607 1431 1633 1458; x_wconf 93' lang='lat' dir='ltr'><strong>in</strong></span> <span class='ocrx_word' id='word_1_516' title='bbox 1653 1433 1696 1459; x_wconf 82' lang='lat' dir='ltr'><strong>liis</strong></span> <span class='ocrx_word' id='word_1_517' title='bbox 1718 1440 1778 1460; x_wconf 89' lang='lat' dir='ltr'><strong>om—</strong></span> 
     </span>
    </p>
   </div>
   <div class='ocr_carea' id='block_1_71' title="bbox 987 1471 1778 1513">
    <p class='ocr_par' dir='ltr' id='par_1_71' title="bbox 987 1471 1778 1513">
     <span class='ocr_line' id='line_1_71' title="bbox 987 1471 1778 1513; baseline 0.011 -15"><span class='ocrx_word' id='word_1_518' title='bbox 987 1471 1080 1503; x_wconf 82' lang='lat' dir='ltr'><strong>nibus.</strong></span> <span class='ocrx_word' id='word_1_519' title='bbox 1096 1473 1150 1500; x_wconf 90' lang='lat' dir='ltr'><strong>nisi</strong></span> <span class='ocrx_word' id='word_1_520' title='bbox 1163 1482 1261 1501; x_wconf 82' lang='lat' dir='ltr'><strong>manus</strong></span> <span class='ocrx_word' id='word_1_521' title='bbox 1278 1474 1323 1502; x_wconf 86' lang='lat' dir='ltr'><strong>Dei</strong></span> <span class='ocrx_word' id='word_1_522' title='bbox 1337 1476 1460 1503; x_wconf 79' lang='lat' dir='ltr'><strong>cibasset</strong></span> <span class='ocrx_word' id='word_1_523' title='bbox 1476 1484 1529 1508; x_wconf 82' lang='lat' dir='ltr'><strong>me,</strong></span> <span class='ocrx_word' id='word_1_524' title='bbox 1550 1485 1603 1504; x_wconf 88' lang='lat' dir='ltr'><strong>non</strong></span> <span class='ocrx_word' id='word_1_525' title='bbox 1623 1480 1778 1513; x_wconf 84' lang='lat' dir='ltr'><strong>potuissem</strong></span> 
     </span>
    </p>
   </div>
   <div class='ocr_carea' id='block_1_72' title="bbox 987 1519 1098 1546">
    <p class='ocr_par' dir='ltr' id='par_1_72' title="bbox 987 1519 1098 1546">
     <span class='ocr_line' id='line_1_72' title="bbox 987 1519 1098 1546; baseline 0.018 -2"><span class='ocrx_word' id='word_1_526' title='bbox 987 1519 1098 1546; x_wconf 86' lang='lat' dir='ltr'><strong>nutriri.</strong></span> 
     </span>
    </p>
   </div>
   <div class='ocr_carea' id='block_1_73' title="bbox 1226 1577 1545 1613">
    <p class='ocr_par' dir='ltr' id='par_1_73' title="bbox 1226 1577 1545 1613">
     <span class='ocr_line' id='line_1_73' title="bbox 1226 1577 1545 1613; baseline 0.013 -10"><span class='ocrx_word' id='word_1_527' title='bbox 1226 1577 1263 1604; x_wconf 82' lang='lat' dir='ltr'><strong>De</strong></span> <span class='ocrx_word' id='word_1_528' title='bbox 1277 1577 1372 1605; x_wconf 85' lang='lat' dir='ltr'><strong>abbate</strong></span> <span class='ocrx_word' id='word_1_529' title='bbox 1385 1578 1545 1613; x_wconf 79' lang='lat' dir='ltr'><strong>Spyridonc.</strong></span> 
     </span>
    </p>
   </div>
   <div class='ocr_carea' id='block_1_74' title="bbox 1021 1633 1775 1669">
    <p class='ocr_par' dir='ltr' id='par_1_74' title="bbox 1021 1633 1775 1669">
     <span class='ocr_line' id='line_1_74' title="bbox 1021 1633 1775 1669; baseline 0.011 -10"><span class='ocrx_word' id='word_1_530' title='bbox 1021 1634 1047 1660; x_wconf 86' lang='lat' dir='ltr'><strong>l.</strong></span> <span class='ocrx_word' id='word_1_531' title='bbox 1066 1633 1135 1669; x_wconf 78' lang='lat'><strong>(75&#39;)</strong></span> <span class='ocrx_word' id='word_1_532' title='bbox 1157 1633 1192 1661; x_wconf 88' lang='lat' dir='ltr'><strong>De</strong></span> <span class='ocrx_word' id='word_1_533' title='bbox 1219 1633 1373 1669; x_wconf 78' lang='lat' dir='ltr'><strong>Spyridone</strong></span> <span class='ocrx_word' id='word_1_534' title='bbox 1390 1644 1472 1668; x_wconf 88' lang='lat' dir='ltr'><strong>vero,</strong></span> <span class='ocrx_word' id='word_1_535' title='bbox 1490 1642 1566 1664; x_wconf 90' lang='lat' dir='ltr'><strong>tanta</strong></span> <span class='ocrx_word' id='word_1_536' title='bbox 1588 1639 1614 1665; x_wconf 90' lang='lat' dir='ltr'><strong>in</strong></span> <span class='ocrx_word' id='word_1_537' title='bbox 1635 1647 1667 1666; x_wconf 86' lang='lat' dir='ltr'><strong>eo</strong></span> <span class='ocrx_word' id='word_1_538' title='bbox 1682 1640 1775 1667; x_wconf 81' lang='lat' dir='ltr'><strong>Ovium</strong></span> 
     </span>
    </p>
   </div>
   <div class='ocr_carea' id='block_1_75' title="bbox 986 1680 1772 1722">
    <p class='ocr_par' dir='ltr' id='par_1_75' title="bbox 986 1680 1772 1722">
     <span class='ocr_line' id='line_1_75' title="bbox 986 1680 1772 1722; baseline 0.01 -17"><span class='ocrx_word' id='word_1_539' title='bbox 986 1684 1095 1713; x_wconf 72' lang='lat' dir='ltr'><strong>pastore</strong></span> <span class='ocrx_word' id='word_1_540' title='bbox 1112 1680 1200 1707; x_wconf 81' lang='lat' dir='ltr'><strong>inerat</strong></span> <span class='ocrx_word' id='word_1_541' title='bbox 1216 1683 1360 1714; x_wconf 83' lang='lat' dir='ltr'><strong>sanctitas,</strong></span> <span class='ocrx_word' id='word_1_542' title='bbox 1383 1688 1412 1709; x_wconf 86' lang='grc' dir='ltr'><strong>ιιι</strong></span> <span class='ocrx_word' id='word_1_543' title='bbox 1429 1683 1529 1718; x_wconf 77' lang='lat' dir='ltr'><strong>dignus</strong></span> <span class='ocrx_word' id='word_1_544' title='bbox 1550 1684 1660 1712; x_wconf 85' lang='lat' dir='ltr'><strong>habitus</strong></span> <span class='ocrx_word' id='word_1_545' title='bbox 1674 1687 1709 1713; x_wconf 90' lang='lat' dir='ltr'><strong>sit</strong></span> <span class='ocrx_word' id='word_1_546' title='bbox 1725 1688 1772 1722; x_wconf 85' lang='lat' dir='ltr'><strong>qui</strong></span> 
     </span>
    </p>
   </div>
   <div class='ocr_carea' id='block_1_76' title="bbox 986 1726 1771 1768">
    <p class='ocr_par' dir='ltr' id='par_1_76' title="bbox 986 1726 1771 1768">
     <span class='ocr_line' id='line_1_76' title="bbox 986 1726 1771 1768; baseline 0.01 -17"><span class='ocrx_word' id='word_1_547' title='bbox 986 1726 1128 1752; x_wconf 86' lang='lat' dir='ltr'><strong>hominum</strong></span> <span class='ocrx_word' id='word_1_548' title='bbox 1139 1735 1249 1762; x_wconf 76' lang='lat' dir='ltr'><strong>quoque</strong></span> <span class='ocrx_word' id='word_1_549' title='bbox 1262 1732 1357 1762; x_wconf 84' lang='lat' dir='ltr'><strong>pastor</strong></span> <span class='ocrx_word' id='word_1_550' title='bbox 1369 1729 1456 1756; x_wconf 82' lang='lat' dir='ltr'><strong>ﬁeret.</strong></span> <span class='ocrx_word' id='word_1_551' title='bbox 1474 1729 1561 1758; x_wconf 83' lang='lat' dir='ltr'><strong>Unius</strong></span> <span class='ocrx_word' id='word_1_552' title='bbox 1576 1731 1648 1758; x_wconf 87' lang='lat' dir='ltr'><strong>enim</strong></span> <span class='ocrx_word' id='word_1_553' title='bbox 1659 1740 1674 1759; x_wconf 91' lang='lat' dir='ltr'><strong>e</strong></span> <span class='ocrx_word' id='word_1_554' title='bbox 1688 1732 1771 1768; x_wconf 78' lang='lat' dir='ltr'><strong>Cypri</strong></span> 
     </span>
    </p>
   </div>
   <div class='ocr_carea' id='block_1_77' title="bbox 986 1772 1777 1811">
    <p class='ocr_par' dir='ltr' id='par_1_77' title="bbox 986 1772 1777 1811">
     <span class='ocr_line' id='line_1_77' title="bbox 986 1772 1777 1811; baseline 0.009 -13"><span class='ocrx_word' id='word_1_555' title='bbox 986 1772 1112 1803; x_wconf 81' lang='lat' dir='ltr'><strong>urbibus.</strong></span> <span class='ocrx_word' id='word_1_556' title='bbox 1129 1773 1240 1800; x_wconf 80' lang='lat' dir='ltr'><strong>nomine</strong></span> <span class='ocrx_word' id='word_1_557' title='bbox 1262 1772 1469 1805; x_wconf 83' lang='lat' dir='ltr'><strong>Trimitliuntis,</strong></span> <span class='ocrx_word' id='word_1_558' title='bbox 1489 1776 1676 1811; x_wconf 69' lang='lat' dir='ltr'><strong>episcopatum</strong></span> <span class='ocrx_word' id='word_1_559' title='bbox 1693 1779 1777 1805; x_wconf 78' lang='lat' dir='ltr'><strong>sorti-</strong></span> 
     </span>
    </p>
   </div>
   <div class='ocr_carea' id='block_1_78' title="bbox 987 1817 1777 1858">
    <p class='ocr_par' dir='ltr' id='par_1_78' title="bbox 987 1817 1777 1858">
     <span class='ocr_line' id='line_1_78' title="bbox 987 1817 1777 1858; baseline 0.008 -15"><span class='ocrx_word' id='word_1_560' title='bbox 987 1823 1030 1845; x_wconf 89' lang='lat' dir='ltr'><strong>tus</strong></span> <span class='ocrx_word' id='word_1_561' title='bbox 1046 1822 1099 1844; x_wconf 78' lang='lat' dir='ltr'><strong>est.</strong></span> <span class='ocrx_word' id='word_1_562' title='bbox 1116 1817 1215 1844; x_wconf 84' lang='lat' dir='ltr'><strong>Verum</strong></span> <span class='ocrx_word' id='word_1_563' title='bbox 1229 1818 1264 1844; x_wconf 89' lang='lat' dir='ltr'><strong>ob</strong></span> <span class='ocrx_word' id='word_1_564' title='bbox 1281 1819 1427 1853; x_wconf 85' lang='lat' dir='ltr'><strong>plurimam</strong></span> <span class='ocrx_word' id='word_1_565' title='bbox 1444 1820 1616 1851; x_wconf 80' lang='lat' dir='ltr'><strong>modestiam.</strong></span> <span class='ocrx_word' id='word_1_566' title='bbox 1632 1822 1760 1858; x_wconf 84' lang='lat' dir='ltr'><strong>episcopa</strong></span> <span class='ocrx_word' id='word_1_567' title='bbox 1771 1839 1777 1844; x_wconf 90' lang='lat'><strong><em>-</em></strong></span> 
     </span>
    </p>
   </div>
   <div class='ocr_carea' id='block_1_79' title="bbox 985 1864 1773 1901">
    <p class='ocr_par' dir='ltr' id='par_1_79' title="bbox 985 1864 1773 1901">
     <span class='ocr_line' id='line_1_79' title="bbox 985 1864 1773 1901; baseline 0.005 -11"><span class='ocrx_word' id='word_1_568' title='bbox 985 1867 1042 1890; x_wconf 91' lang='lat' dir='ltr'><strong>tum</strong></span> <span class='ocrx_word' id='word_1_569' title='bbox 1058 1864 1197 1896; x_wconf 79' lang='lat' dir='ltr'><strong>obtinens,</strong></span> <span class='ocrx_word' id='word_1_570' title='bbox 1216 1864 1306 1891; x_wconf 80' lang='lat' dir='ltr'><strong>adhuc</strong></span> <span class='ocrx_word' id='word_1_571' title='bbox 1322 1865 1453 1899; x_wconf 85' lang='lat' dir='ltr'><strong>pascebat</strong></span> <span class='ocrx_word' id='word_1_572' title='bbox 1465 1873 1540 1892; x_wconf 85' lang='lat' dir='ltr'><strong>oves.</strong></span> <span class='ocrx_word' id='word_1_573' title='bbox 1552 1866 1773 1901; x_wconf 65' lang='lat' dir='ltr'><strong>Contigitautcm</strong></span> 
     </span>
    </p>
   </div>
   <div class='ocr_carea' id='block_1_80' title="bbox 984 1911 1774 1949">
    <p class='ocr_par' dir='ltr' id='par_1_80' title="bbox 984 1911 1774 1949">
     <span class='ocr_line' id='line_1_80' title="bbox 984 1911 1774 1949; baseline 0.008 -13"><span class='ocrx_word' id='word_1_574' title='bbox 984 1915 1015 1936; x_wconf 90' lang='lat' dir='ltr'><strong>ut</strong></span> <span class='ocrx_word' id='word_1_575' title='bbox 1029 1911 1104 1937; x_wconf 83' lang='lat' dir='ltr'><strong>fures</strong></span> <span class='ocrx_word' id='word_1_576' title='bbox 1119 1911 1207 1938; x_wconf 87' lang='lat' dir='ltr'><strong>media</strong></span> <span class='ocrx_word' id='word_1_577' title='bbox 1224 1914 1305 1938; x_wconf 82' lang='lat' dir='ltr'><strong>nocte</strong></span> <span class='ocrx_word' id='word_1_578' title='bbox 1316 1911 1387 1938; x_wconf 91' lang='lat' dir='ltr'><strong>clam</strong></span> <span class='ocrx_word' id='word_1_579' title='bbox 1402 1911 1430 1938; x_wconf 92' lang='lat' dir='ltr'><strong>in</strong></span> <span class='ocrx_word' id='word_1_580' title='bbox 1446 1912 1553 1938; x_wconf 87' lang='lat' dir='ltr'><strong>caulam</strong></span> <span class='ocrx_word' id='word_1_581' title='bbox 1570 1913 1630 1946; x_wconf 86' lang='lat' dir='ltr'><strong>ejus</strong></span> <span class='ocrx_word' id='word_1_582' title='bbox 1646 1913 1774 1949; x_wconf 73' lang='lat' dir='ltr'><strong>ingressi.</strong></span> 
     </span>
    </p>
   </div>
   <div class='ocr_carea' id='block_1_81' title="bbox 984 1957 1776 1993">
    <p class='ocr_par' dir='ltr' id='par_1_81' title="bbox 984 1957 1776 1993">
     <span class='ocr_line' id='line_1_81' title="bbox 984 1957 1776 1993; baseline 0.005 -10"><span class='ocrx_word' id='word_1_583' title='bbox 984 1964 1049 1984; x_wconf 88' lang='lat' dir='ltr'><strong>oves</strong></span> <span class='ocrx_word' id='word_1_584' title='bbox 1064 1962 1201 1984; x_wconf 82' lang='lat' dir='ltr'><strong>tentarent</strong></span> <span class='ocrx_word' id='word_1_585' title='bbox 1213 1962 1347 1985; x_wconf 87' lang='lat' dir='ltr'><strong>avertere.</strong></span> <span class='ocrx_word' id='word_1_586' title='bbox 1364 1958 1398 1984; x_wconf 88' lang='lat' dir='ltr'><strong>At</strong></span> <span class='ocrx_word' id='word_1_587' title='bbox 1413 1957 1485 1985; x_wconf 89' lang='lat' dir='ltr'><strong>Deus</strong></span> <span class='ocrx_word' id='word_1_588' title='bbox 1499 1959 1544 1993; x_wconf 86' lang='lat' dir='ltr'><strong>qui</strong></span> <span class='ocrx_word' id='word_1_589' title='bbox 1557 1964 1696 1993; x_wconf 85' lang='lat' dir='ltr'><strong>pastorem</strong></span> <span class='ocrx_word' id='word_1_590' title='bbox 1711 1968 1776 1988; x_wconf 52' lang='lat' dir='ltr'><strong>cos.-</strong></span> 
     </span>
    </p>
   </div>
   <div class='ocr_carea' id='block_1_82' title="bbox 984 2004 1776 2041">
    <p class='ocr_par' dir='ltr' id='par_1_82' title="bbox 984 2004 1776 2041">
     <span class='ocr_line' id='line_1_82' title="bbox 984 2004 1776 2041; baseline 0.003 -9"><span class='ocrx_word' id='word_1_591' title='bbox 984 2005 1122 2035; x_wconf 84' lang='lat' dir='ltr'><strong>servabat,</strong></span> <span class='ocrx_word' id='word_1_592' title='bbox 1141 2012 1206 2031; x_wconf 83' lang='lat' dir='ltr'><strong>oves</strong></span> <span class='ocrx_word' id='word_1_593' title='bbox 1226 2005 1309 2032; x_wconf 90' lang='lat' dir='ltr'><strong>etiam</strong></span> <span class='ocrx_word' id='word_1_594' title='bbox 1332 2006 1464 2033; x_wconf 80' lang='lat' dir='ltr'><strong>servavit.</strong></span> <span class='ocrx_word' id='word_1_595' title='bbox 1481 2004 1567 2032; x_wconf 78' lang='lat' dir='ltr'><strong>Fures</strong></span> <span class='ocrx_word' id='word_1_596' title='bbox 1582 2006 1682 2041; x_wconf 87' lang='lat' dir='ltr'><strong>quippe</strong></span> <span class='ocrx_word' id='word_1_597' title='bbox 1705 2007 1776 2034; x_wconf 87' lang='lat' dir='ltr'><strong>invi-</strong></span> 
     </span>
    </p>
   </div>
   <div class='ocr_carea' id='block_1_83' title="bbox 984 2050 1775 2084">
    <p class='ocr_par' dir='ltr' id='par_1_83' title="bbox 984 2050 1775 2084">
     <span class='ocr_line' id='line_1_83' title="bbox 984 2050 1775 2084; baseline 0.001 -7"><span class='ocrx_word' id='word_1_598' title='bbox 984 2050 1056 2077; x_wconf 88' lang='lat' dir='ltr'><strong>sibili</strong></span> <span class='ocrx_word' id='word_1_599' title='bbox 1074 2050 1175 2077; x_wconf 87' lang='lat' dir='ltr'><strong>virtute</strong></span> <span class='ocrx_word' id='word_1_600' title='bbox 1196 2050 1229 2076; x_wconf 88' lang='lat' dir='ltr'><strong>ad</strong></span> <span class='ocrx_word' id='word_1_601' title='bbox 1244 2050 1317 2077; x_wconf 89' lang='lat' dir='ltr'><strong>ovile</strong></span> <span class='ocrx_word' id='word_1_602' title='bbox 1333 2050 1410 2084; x_wconf 76' lang='lat' dir='ltr'><strong>ligati</strong></span> <span class='ocrx_word' id='word_1_603' title='bbox 1436 2051 1612 2077; x_wconf 85' lang='lat' dir='ltr'><strong>tenebantur.</strong></span> <span class='ocrx_word' id='word_1_604' title='bbox 1629 2050 1688 2077; x_wconf 87' lang='lat' dir='ltr'><strong>Jam</strong></span> <span class='ocrx_word' id='word_1_605' title='bbox 1703 2051 1775 2078; x_wconf 88' lang='lat' dir='ltr'><strong>dilu-</strong></span> 
     </span>
    </p>
   </div>
   <div class='ocr_carea' id='block_1_84' title="bbox 984 2096 1775 2130">
    <p class='ocr_par' dir='ltr' id='par_1_84' title="bbox 984 2096 1775 2130">
     <span class='ocr_line' id='line_1_84' title="bbox 984 2096 1775 2130; baseline 0.004 -9"><span class='ocrx_word' id='word_1_606' title='bbox 984 2096 1075 2123; x_wconf 86' lang='lat' dir='ltr'><strong>culum</strong></span> <span class='ocrx_word' id='word_1_607' title='bbox 1097 2100 1171 2129; x_wconf 84' lang='lat' dir='ltr'><strong>erat,</strong></span> <span class='ocrx_word' id='word_1_608' title='bbox 1187 2104 1249 2123; x_wconf 90' lang='lat' dir='ltr'><strong>cum</strong></span> <span class='ocrx_word' id='word_1_609' title='bbox 1272 2096 1347 2123; x_wconf 82' lang='lat' dir='ltr'><strong>venit</strong></span> <span class='ocrx_word' id='word_1_610' title='bbox 1372 2101 1466 2130; x_wconf 85' lang='lat' dir='ltr'><strong>pastor</strong></span> <span class='ocrx_word' id='word_1_611' title='bbox 1492 2096 1527 2123; x_wconf 90' lang='lat' dir='ltr'><strong>ad</strong></span> <span class='ocrx_word' id='word_1_612' title='bbox 1548 2105 1614 2124; x_wconf 83' lang='lat' dir='ltr'><strong>oves</strong></span> <span class='ocrx_word' id='word_1_613' title='bbox 1637 2105 1714 2124; x_wconf 88' lang='lat' dir='ltr'><strong>suas.</strong></span> <span class='ocrx_word' id='word_1_614' title='bbox 1739 2098 1775 2124; x_wconf 84' lang='lat' dir='ltr'><strong>Ut</strong></span> 
     </span>
    </p>
   </div>
   <div class='ocr_carea' id='block_1_85' title="bbox 983 2142 1773 2178">
    <p class='ocr_par' dir='ltr' id='par_1_85' title="bbox 983 2142 1773 2178">
     <span class='ocr_line' id='line_1_85' title="bbox 983 2142 1773 2178; baseline 0.003 -10"><span class='ocrx_word' id='word_1_615' title='bbox 983 2146 1074 2169; x_wconf 88' lang='lat' dir='ltr'><strong>autem</strong></span> <span class='ocrx_word' id='word_1_616' title='bbox 1088 2142 1191 2168; x_wconf 79' lang='lat' dir='ltr'><strong>invenit</strong></span> <span class='ocrx_word' id='word_1_617' title='bbox 1206 2142 1281 2169; x_wconf 75' lang='lat' dir='ltr'><strong>fures</strong></span> <span class='ocrx_word' id='word_1_618' title='bbox 1296 2142 1426 2169; x_wconf 82' lang='lat' dir='ltr'><strong>manibus</strong></span> <span class='ocrx_word' id='word_1_619' title='bbox 1441 2147 1503 2177; x_wconf 89' lang='lat' dir='ltr'><strong>post</strong></span> <span class='ocrx_word' id='word_1_620' title='bbox 1514 2147 1619 2178; x_wconf 82' lang='lat' dir='ltr'><strong>tergum</strong></span> <span class='ocrx_word' id='word_1_621' title='bbox 1630 2143 1773 2173; x_wconf 83' lang='lat' dir='ltr'><strong>revinctis.</strong></span> 
     </span>
    </p>
   </div>
   <div class='ocr_carea' id='block_1_86' title="bbox 984 2188 1773 2224">
    <p class='ocr_par' dir='ltr' id='par_1_86' title="bbox 984 2188 1773 2224">
     <span class='ocr_line' id='line_1_86' title="bbox 984 2188 1773 2224; baseline 0.003 -9"><span class='ocrx_word' id='word_1_622' title='bbox 984 2189 1095 2223; x_wconf 76' lang='lat' dir='ltr'><strong>agnovit</strong></span> <span class='ocrx_word' id='word_1_623' title='bbox 1109 2189 1174 2224; x_wconf 90' lang='lat' dir='ltr'><strong>quid</strong></span> <span class='ocrx_word' id='word_1_624' title='bbox 1193 2188 1353 2222; x_wconf 85' lang='lat' dir='ltr'><strong>accidisset,</strong></span> <span class='ocrx_word' id='word_1_625' title='bbox 1370 2193 1396 2216; x_wconf 90' lang='lat' dir='ltr'><strong>et</strong></span> <span class='ocrx_word' id='word_1_626' title='bbox 1412 2197 1493 2224; x_wconf 87' lang='lat' dir='ltr'><strong>prece</strong></span> <span class='ocrx_word' id='word_1_627' title='bbox 1509 2189 1583 2216; x_wconf 84' lang='lat' dir='ltr'><strong>facta</strong></span> <span class='ocrx_word' id='word_1_628' title='bbox 1601 2191 1683 2217; x_wconf 84' lang='lat' dir='ltr'><strong>solvit</strong></span> <span class='ocrx_word' id='word_1_629' title='bbox 1699 2190 1773 2217; x_wconf 82' lang='lat' dir='ltr'><strong>illos.</strong></span> 
     </span>
    </p>
   </div>
   <div class='ocr_carea' id='block_1_87' title="bbox 982 2234 1775 2270">
    <p class='ocr_par' dir='ltr' id='par_1_87' title="bbox 982 2234 1775 2270">
     <span class='ocr_line' id='line_1_87' title="bbox 982 2234 1775 2270; baseline 0.004 -10"><span class='ocrx_word' id='word_1_630' title='bbox 982 2234 1107 2269; x_wconf 85' lang='lat' dir='ltr'><strong>Cumque</strong></span> <span class='ocrx_word' id='word_1_631' title='bbox 1133 2235 1251 2261; x_wconf 79' lang='lat' dir='ltr'><strong>lllltilltltl</strong></span> <span class='ocrx_word' id='word_1_632' title='bbox 1281 2235 1472 2262; x_wconf 77' lang='lat' dir='ltr'><strong>admonuisset</strong></span> <span class='ocrx_word' id='word_1_633' title='bbox 1503 2239 1586 2270; x_wconf 87' lang='lat' dir='ltr'><strong>atque</strong></span> <span class='ocrx_word' id='word_1_634' title='bbox 1611 2236 1775 2264; x_wconf 85' lang='lat' dir='ltr'><strong>exhortatus</strong></span> 
     </span>
    </p>
   </div>
   <div class='ocr_carea' id='block_1_88' title="bbox 137 2274 935 2318">
    <p class='ocr_par' dir='ltr' id='par_1_88' title="bbox 137 2281 931 2318">
     <span class='ocr_line' id='line_1_88' title="bbox 137 2281 931 2318; baseline 0.001 -10"><span class='ocrx_word' id='word_1_635' title='bbox 137 2281 300 2313; x_wconf 78' lang='grc' dir='ltr'>σπουδάζειν</span> <span class='ocrx_word' id='word_1_636' title='bbox 321 2281 420 2316; x_wconf 75' lang='grc' dir='ltr'>μᾶλλον</span> <span class='ocrx_word' id='word_1_637' title='bbox 441 2282 488 2308; x_wconf 78' lang='grc' dir='ltr'>καὶ</span> <span class='ocrx_word' id='word_1_638' title='bbox 504 2282 540 2317; x_wconf 82' lang='grc' dir='ltr'>μὴ</span> <span class='ocrx_word' id='word_1_639' title='bbox 552 2282 581 2315; x_wconf 81' lang='grc' dir='ltr'>ἐξ</span> <span class='ocrx_word' id='word_1_640' title='bbox 595 2282 703 2314; x_wconf 82' lang='grc' dir='ltr'>ἀδικίας</span> <span class='ocrx_word' id='word_1_641' title='bbox 718 2282 777 2317; x_wconf 79' lang='grc' dir='ltr'>ζῇν,</span> <span class='ocrx_word' id='word_1_642' title='bbox 793 2283 840 2310; x_wconf 77' lang='grc' dir='ltr'><strong>ἕνα</strong></span> <span class='ocrx_word' id='word_1_643' title='bbox 855 2283 931 2318; x_wconf 81' lang='grc' dir='ltr'>κριὸν</span> 
     </span>
    </p>
   </div>
   <div class='ocr_carea' id='block_1_89' title="bbox 990 2274 1775 2318">
    <p class='ocr_par' dir='ltr' id='par_1_89' title="bbox 990 2280 1775 2316">
     <span class='ocr_line' id='line_1_89' title="bbox 990 2280 1775 2316; baseline 0.001 -9"><span class='ocrx_word' id='word_1_644' title='bbox 990 2280 1093 2312; x_wconf 66' lang='lat' dir='ltr'><strong>&quot;uisset,</strong></span> <span class='ocrx_word' id='word_1_645' title='bbox 1114 2284 1144 2307; x_wconf 91' lang='grc' dir='ltr'><strong>ιιι</strong></span> <span class='ocrx_word' id='word_1_646' title='bbox 1170 2280 1253 2314; x_wconf 91' lang='lat' dir='ltr'><strong>justis</strong></span> <span class='ocrx_word' id='word_1_647' title='bbox 1279 2281 1431 2313; x_wconf 82' lang='lat' dir='ltr'><strong>laboribus,</strong></span> <span class='ocrx_word' id='word_1_648' title='bbox 1457 2289 1511 2308; x_wconf 91' lang='lat' dir='ltr'><strong>non</strong></span> <span class='ocrx_word' id='word_1_649' title='bbox 1539 2282 1642 2316; x_wconf 87' lang='lat' dir='ltr'><strong>iniquis</strong></span> <span class='ocrx_word' id='word_1_650' title='bbox 1666 2282 1775 2309; x_wconf 88' lang='lat' dir='ltr'><strong>actibus</strong></span> 
     </span>
    </p>
   </div>
   <div class='ocr_carea' id='block_1_90' title="bbox 136 2327 931 2362">
    <p class='ocr_par' dir='ltr' id='par_1_90' title="bbox 136 2327 931 2362">
     <span class='ocr_line' id='line_1_90' title="bbox 136 2327 931 2362; baseline 0.003 -9"><span class='ocrx_word' id='word_1_651' title='bbox 136 2328 232 2358; x_wconf 72' lang='grc' dir='ltr'>αὐτοῖς</span> <span class='ocrx_word' id='word_1_652' title='bbox 251 2327 432 2362; x_wconf 81' lang='grc' dir='ltr'>χαρισάμενος</span> <span class='ocrx_word' id='word_1_653' title='bbox 456 2327 600 2359; x_wconf 77' lang='grc' dir='ltr'>ἀπέλυσεν,</span> <span class='ocrx_word' id='word_1_654' title='bbox 622 2327 669 2353; x_wconf 84' lang='grc' dir='ltr'>καὶ</span> <span class='ocrx_word' id='word_1_655' title='bbox 697 2328 848 2362; x_wconf 79' lang='grc' dir='ltr'>χαριέντως</span> <span class='ocrx_word' id='word_1_656' title='bbox 871 2330 931 2355; x_wconf 79' lang='grc' dir='ltr'>ἑπι-</span> 
     </span>
    </p>
   </div>
   <div class='ocr_carea' id='block_1_91' title="bbox 137 2371 932 2411">
    <p class='ocr_par' dir='ltr' id='par_1_91' title="bbox 137 2371 932 2411">
     <span class='ocr_line' id='line_1_91' title="bbox 137 2371 932 2411; baseline 0.004 -13"><span class='ocrx_word' id='word_1_657' title='bbox 137 2373 324 2408; x_wconf 69' lang='grc' dir='ltr'>φθεγξάμενος</span> <span class='ocrx_word' id='word_1_658' title='bbox 345 2371 435 2399; x_wconf 80' lang='grc' dir='ltr'>εἶπεν·</span> <span class='ocrx_word' id='word_1_659' title='bbox 462 2373 521 2399; x_wconf 82' lang='grc' dir='ltr'>Ἵνα</span> <span class='ocrx_word' id='word_1_660' title='bbox 546 2373 583 2409; x_wconf 85' lang='grc' dir='ltr'>μὴ</span> <span class='ocrx_word' id='word_1_661' title='bbox 613 2374 702 2409; x_wconf 84' lang='grc' dir='ltr'>μάτην</span> <span class='ocrx_word' id='word_1_662' title='bbox 723 2375 932 2411; x_wconf 77' lang='grc' dir='ltr'>ὴγρυπνηκότες</span> 
     </span>
    </p>
   </div>
   <div class='ocr_carea' id='block_1_92' title="bbox 136 2418 253 2454">
    <p class='ocr_par' dir='ltr' id='par_1_92' title="bbox 136 2418 253 2454">
     <span class='ocr_line' id='line_1_92' title="bbox 136 2418 253 2454; baseline -0.009 -9"><span class='ocrx_word' id='word_1_663' title='bbox 136 2418 253 2454; x_wconf 85' lang='grc' dir='ltr'>φανῆτε.</span> 
     </span>
    </p>
   </div>
   <div class='ocr_carea' id='block_1_93' title="bbox 175 2462 928 2501">
    <p class='ocr_par' dir='ltr' id='par_1_93' title="bbox 175 2462 928 2501">
     <span class='ocr_line' id='line_1_93' title="bbox 175 2462 928 2501; baseline -0.001 -9"><span class='ocrx_word' id='word_1_664' title='bbox 175 2464 208 2500; x_wconf 85' lang='grc' dir='ltr'><strong>β’.</strong></span> <span class='ocrx_word' id='word_1_665' title='bbox 220 2463 331 2498; x_wconf 81' lang='grc' dir='ltr'>Ἔλεγον</span> <span class='ocrx_word' id='word_1_666' title='bbox 342 2463 432 2495; x_wconf 81' lang='grc' dir='ltr'>πάλιν,</span> <span class='ocrx_word' id='word_1_667' title='bbox 444 2463 484 2489; x_wconf 82' lang='grc' dir='ltr'><strong>ὅτι</strong></span> <span class='ocrx_word' id='word_1_668' title='bbox 496 2463 641 2499; x_wconf 80' lang='grc' dir='ltr'>θυγάτριον</span> <span class='ocrx_word' id='word_1_669' title='bbox 652 2462 685 2500; x_wconf 81' lang='grc' dir='ltr'>ἦν</span> <span class='ocrx_word' id='word_1_670' title='bbox 697 2465 771 2500; x_wconf 68' lang='grc' dir='ltr'>αὐτῷ</span> <span class='ocrx_word' id='word_1_671' title='bbox 784 2464 928 2501; x_wconf 76' lang='grc' dir='ltr'>παρθένος,</span> 
     </span>
    </p>
   </div>
   <div class='ocr_carea' id='block_1_94' title="bbox 135 2509 930 2546">
    <p class='ocr_par' dir='ltr' id='par_1_94' title="bbox 135 2509 930 2546">
     <span class='ocr_line' id='line_1_94' title="bbox 135 2509 930 2546; baseline 0.003 -11"><span class='ocrx_word' id='word_1_672' title='bbox 135 2510 187 2545; x_wconf 80' lang='grc' dir='ltr'><strong>τῆς</strong></span> <span class='ocrx_word' id='word_1_673' title='bbox 201 2509 248 2536; x_wconf 77' lang='grc' dir='ltr'>τοῦ</span> <span class='ocrx_word' id='word_1_674' title='bbox 262 2509 365 2545; x_wconf 78' lang='grc' dir='ltr'>πατρὸς</span> <span class='ocrx_word' id='word_1_675' title='bbox 391 2509 533 2541; x_wconf 74' lang='grc' dir='ltr'>εὐλαϐείας</span> <span class='ocrx_word' id='word_1_676' title='bbox 553 2510 705 2546; x_wconf 79' lang='grc' dir='ltr'>μετέχουσα</span> <span class='ocrx_word' id='word_1_677' title='bbox 716 2531 723 2542; x_wconf 84' lang='grc'><strong>,</strong></span> <span class='ocrx_word' id='word_1_678' title='bbox 738 2510 858 2546; x_wconf 72' lang='grc' dir='ltr'>τοῦνομα</span> <span class='ocrx_word' id='word_1_679' title='bbox 883 2511 930 2537; x_wconf 84' lang='grc' dir='ltr'><strong>Εἰ-</strong></span> 
     </span>
    </p>
   </div>
   <div class='ocr_carea' id='block_1_95' title="bbox 135 2556 930 2593">
    <p class='ocr_par' dir='ltr' id='par_1_95' title="bbox 135 2556 930 2593">
     <span class='ocr_line' id='line_1_95' title="bbox 135 2556 930 2593; baseline 0.003 -11"><span class='ocrx_word' id='word_1_680' title='bbox 135 2558 217 2593; x_wconf 85' lang='grc' dir='ltr'>ρήνη.</span> <span class='ocrx_word' id='word_1_681' title='bbox 236 2557 329 2592; x_wconf 79' lang='grc' dir='ltr'>Ταύτῃ</span> <span class='ocrx_word' id='word_1_682' title='bbox 343 2556 481 2591; x_wconf 81' lang='grc' dir='ltr'>γνώριμός</span> <span class='ocrx_word' id='word_1_683' title='bbox 502 2565 544 2587; x_wconf 90' lang='grc' dir='ltr'><strong>τις</strong></span> <span class='ocrx_word' id='word_1_684' title='bbox 561 2556 709 2592; x_wconf 80' lang='grc' dir='ltr'>πολύτιμον</span> <span class='ocrx_word' id='word_1_685' title='bbox 732 2558 867 2593; x_wconf 72' lang='grc' dir='ltr'>παρέθετο</span> <span class='ocrx_word' id='word_1_686' title='bbox 884 2557 930 2584; x_wconf 82' lang='grc' dir='ltr'><strong>κό-</strong></span> 
     </span>
    </p>
   </div>
   <div class='ocr_carea' id='block_1_96' title="bbox 134 2603 931 2639">
    <p class='ocr_par' dir='ltr' id='par_1_96' title="bbox 134 2603 931 2639">
     <span class='ocr_line' id='line_1_96' title="bbox 134 2603 931 2639; baseline 0 -9"><span class='ocrx_word' id='word_1_687' title='bbox 134 2612 227 2639; x_wconf 84' lang='grc' dir='ltr'>σμιον.</span> <span class='ocrx_word' id='word_1_688' title='bbox 246 2604 277 2629; x_wconf 84' lang='grc' dir='ltr'><strong><em>Ἡ</em></strong></span> <span class='ocrx_word' id='word_1_689' title='bbox 301 2603 329 2630; x_wconf 77' lang='grc' dir='ltr'><strong>δὲ</strong></span> <span class='ocrx_word' id='word_1_690' title='bbox 347 2603 550 2639; x_wconf 81' lang='grc' dir='ltr'>ἀσφαλέστερον</span> <span class='ocrx_word' id='word_1_691' title='bbox 570 2603 700 2636; x_wconf 84' lang='grc' dir='ltr'>ποιοῦσα,</span> <span class='ocrx_word' id='word_1_692' title='bbox 720 2605 756 2639; x_wconf 79' lang='grc' dir='ltr'><strong>γῇ</strong></span> <span class='ocrx_word' id='word_1_693' title='bbox 771 2604 821 2639; x_wconf 80' lang='grc' dir='ltr'>τὴν</span> <span class='ocrx_word' id='word_1_694' title='bbox 843 2613 931 2639; x_wconf 77' lang='grc' dir='ltr'>παρα-</span> 
     </span>
    </p>
   </div>
   <div class='ocr_carea' id='block_1_97' title="bbox 133 2649 928 2686">
    <p class='ocr_par' dir='ltr' id='par_1_97' title="bbox 133 2649 928 2686">
     <span class='ocr_line' id='line_1_97' title="bbox 133 2649 928 2686; baseline -0.003 -9"><span class='ocrx_word' id='word_1_695' title='bbox 133 2651 224 2686; x_wconf 81' lang='grc' dir='ltr'>θήκην</span> <span class='ocrx_word' id='word_1_696' title='bbox 247 2649 367 2686; x_wconf 70' lang='grc' dir='ltr'>ἔκρυψε·</span> <span class='ocrx_word' id='word_1_697' title='bbox 396 2649 453 2685; x_wconf 85' lang='grc' dir='ltr'>μετ’</span> <span class='ocrx_word' id='word_1_698' title='bbox 467 2650 556 2684; x_wconf 84' lang='grc' dir='ltr'>ὀλίγον</span> <span class='ocrx_word' id='word_1_699' title='bbox 581 2649 610 2675; x_wconf 78' lang='grc' dir='ltr'><strong>δὲ</strong></span> <span class='ocrx_word' id='word_1_700' title='bbox 636 2649 682 2675; x_wconf 79' lang='grc' dir='ltr'>τὸν</span> <span class='ocrx_word' id='word_1_701' title='bbox 704 2649 762 2685; x_wconf 81' lang='grc' dir='ltr'>βίον</span> <span class='ocrx_word' id='word_1_702' title='bbox 785 2649 928 2676; x_wconf 81' lang='grc' dir='ltr'>ἀπέλιπεν.</span> 
     </span>
    </p>
   </div>
   <div class='ocr_carea' id='block_1_98' title="bbox 984 2325 1828 2363">
    <p class='ocr_par' dir='ltr' id='par_1_98' title="bbox 984 2325 1828 2363">
     <span class='ocr_line' id='line_1_98' title="bbox 984 2325 1828 2363; baseline 0.002 -12"><span class='ocrx_word' id='word_1_703' title='bbox 984 2325 1087 2352; x_wconf 82' lang='lat' dir='ltr'><strong>victum</strong></span> <span class='ocrx_word' id='word_1_704' title='bbox 1112 2325 1162 2352; x_wconf 90' lang='lat' dir='ltr'><strong>sibi</strong></span> <span class='ocrx_word' id='word_1_705' title='bbox 1186 2333 1348 2360; x_wconf 82' lang='lat' dir='ltr'><strong>comparare</strong></span> <span class='ocrx_word' id='word_1_706' title='bbox 1374 2327 1540 2359; x_wconf 71' lang='lat' dir='ltr'><strong>niterentur,</strong></span> <span class='ocrx_word' id='word_1_707' title='bbox 1553 2327 1639 2354; x_wconf 86' lang='lat' dir='ltr'><strong>ariete</strong></span> <span class='ocrx_word' id='word_1_708' title='bbox 1657 2327 1774 2354; x_wconf 86' lang='lat' dir='ltr'><strong>donatos</strong></span> <span class='ocrx_word' id='word_1_709' title='bbox 1820 2354 1828 2363; x_wconf 44' lang='grc' dir='ltr'>θ</span> 
     </span>
    </p>
   </div>
   <div class='ocr_carea' id='block_1_99' title="bbox 985 2370 1774 2405">
    <p class='ocr_par' dir='ltr' id='par_1_99' title="bbox 985 2370 1774 2405">
     <span class='ocr_line' id='line_1_99' title="bbox 985 2370 1774 2405; baseline 0.003 -9"><span class='ocrx_word' id='word_1_710' title='bbox 985 2370 1090 2397; x_wconf 88' lang='lat' dir='ltr'><strong>dimisit</strong></span> <span class='ocrx_word' id='word_1_711' title='bbox 1107 2378 1154 2397; x_wconf 85' lang='lat' dir='ltr'><strong>eos</strong></span> <span class='ocrx_word' id='word_1_712' title='bbox 1167 2390 1174 2399; x_wconf 86' lang='lat'><strong>.</strong></span> <span class='ocrx_word' id='word_1_713' title='bbox 1193 2375 1275 2404; x_wconf 86' lang='lat' dir='ltr'><strong>atque</strong></span> <span class='ocrx_word' id='word_1_714' title='bbox 1298 2370 1350 2397; x_wconf 88' lang='lat' dir='ltr'><strong>boc</strong></span> <span class='ocrx_word' id='word_1_715' title='bbox 1369 2370 1444 2397; x_wconf 82' lang='lat' dir='ltr'><strong>verbi</strong></span> <span class='ocrx_word' id='word_1_716' title='bbox 1466 2371 1570 2398; x_wconf 88' lang='lat' dir='ltr'><strong>urbane</strong></span> <span class='ocrx_word' id='word_1_717' title='bbox 1591 2371 1691 2405; x_wconf 84' lang='lat' dir='ltr'><strong>adjecit</strong></span> <span class='ocrx_word' id='word_1_718' title='bbox 1709 2381 1716 2398; x_wconf 86' lang='lat'><strong>:</strong></span> <span class='ocrx_word' id='word_1_719' title='bbox 1735 2371 1774 2398; x_wconf 86' lang='lat' dir='ltr'><strong>Nc</strong></span> 
     </span>
    </p>
   </div>
   <div class='ocr_carea' id='block_1_100' title="bbox 985 2417 1409 2451">
    <p class='ocr_par' dir='ltr' id='par_1_100' title="bbox 985 2417 1409 2451">
     <span class='ocr_line' id='line_1_100' title="bbox 985 2417 1409 2451; baseline 0.002 -8"><span class='ocrx_word' id='word_1_720' title='bbox 985 2417 1087 2444; x_wconf 77' lang='lat' dir='ltr'><strong>frustra</strong></span> <span class='ocrx_word' id='word_1_721' title='bbox 1107 2417 1234 2451; x_wconf 77' lang='lat' dir='ltr'><strong>vigilasse</strong></span> <span class='ocrx_word' id='word_1_722' title='bbox 1251 2417 1409 2444; x_wconf 84' lang='lat' dir='ltr'><strong>videamini.</strong></span> 
     </span>
    </p>
   </div>
   <div class='ocr_carea' id='block_1_101' title="bbox 1019 2463 1774 2498">
    <p class='ocr_par' dir='ltr' id='par_1_101' title="bbox 1019 2463 1774 2498">
     <span class='ocr_line' id='line_1_101' title="bbox 1019 2463 1774 2498; baseline 0 -8"><span class='ocrx_word' id='word_1_723' title='bbox 1019 2463 1036 2490; x_wconf 81' lang='grc'><strong>2</strong></span> <span class='ocrx_word' id='word_1_724' title='bbox 1054 2463 1108 2498; x_wconf 74' lang='lat'><strong>(‘16)</strong></span> <span class='ocrx_word' id='word_1_725' title='bbox 1133 2463 1249 2489; x_wconf 82' lang='lat' dir='ltr'><strong>Aiebant</strong></span> <span class='ocrx_word' id='word_1_726' title='bbox 1271 2463 1381 2493; x_wconf 80' lang='lat' dir='ltr'><strong>iterum.</strong></span> <span class='ocrx_word' id='word_1_727' title='bbox 1404 2463 1476 2498; x_wconf 88' lang='lat' dir='ltr'><strong>quod</strong></span> <span class='ocrx_word' id='word_1_728' title='bbox 1503 2463 1612 2490; x_wconf 75' lang='lat' dir='ltr'><strong>ﬁliolam</strong></span> <span class='ocrx_word' id='word_1_729' title='bbox 1645 2463 1774 2490; x_wconf 83' lang='lat' dir='ltr'><strong>habuerit</strong></span> 
     </span>
    </p>
   </div>
   <div class='ocr_carea' id='block_1_102' title="bbox 984 2510 1773 2544">
    <p class='ocr_par' dir='ltr' id='par_1_102' title="bbox 984 2510 1773 2544">
     <span class='ocr_line' id='line_1_102' title="bbox 984 2510 1773 2544; baseline 0 -8"><span class='ocrx_word' id='word_1_730' title='bbox 984 2510 1116 2544; x_wconf 75' lang='lat' dir='ltr'><strong>virginem</strong></span> <span class='ocrx_word' id='word_1_731' title='bbox 1132 2513 1254 2543; x_wconf 67' lang='lat' dir='ltr'><strong>paternae</strong></span> <span class='ocrx_word' id='word_1_732' title='bbox 1273 2510 1383 2543; x_wconf 80' lang='lat' dir='ltr'><strong>pietatis</strong></span> <span class='ocrx_word' id='word_1_733' title='bbox 1406 2510 1579 2544; x_wconf 75' lang='lat' dir='ltr'><strong>participem,</strong></span> <span class='ocrx_word' id='word_1_734' title='bbox 1597 2510 1707 2536; x_wconf 89' lang='lat' dir='ltr'><strong>nomine</strong></span> <span class='ocrx_word' id='word_1_735' title='bbox 1719 2510 1773 2536; x_wconf 86' lang='lat' dir='ltr'><strong>ire-</strong></span> 
     </span>
    </p>
   </div>
   <div class='ocr_carea' id='block_1_103' title="bbox 984 2555 1773 2591">
    <p class='ocr_par' dir='ltr' id='par_1_103' title="bbox 984 2555 1773 2591">
     <span class='ocr_line' id='line_1_103' title="bbox 984 2555 1773 2591; baseline 0 -9"><span class='ocrx_word' id='word_1_736' title='bbox 984 2564 1048 2583; x_wconf 85' lang='lat' dir='ltr'><strong>nen.</strong></span> <span class='ocrx_word' id='word_1_737' title='bbox 1068 2555 1136 2582; x_wconf 87' lang='lat' dir='ltr'><strong>lluic</strong></span> <span class='ocrx_word' id='word_1_738' title='bbox 1161 2556 1305 2583; x_wconf 79' lang='lat' dir='ltr'><strong>familiaris</strong></span> <span class='ocrx_word' id='word_1_739' title='bbox 1327 2556 1438 2590; x_wconf 84' lang='lat' dir='ltr'><strong>quidam</strong></span> <span class='ocrx_word' id='word_1_740' title='bbox 1457 2557 1607 2591; x_wconf 81' lang='lat' dir='ltr'><strong>pretiosum</strong></span> <span class='ocrx_word' id='word_1_741' title='bbox 1626 2564 1773 2582; x_wconf 83' lang='lat' dir='ltr'><strong>ornamen-</strong></span> 
     </span>
    </p>
   </div>
   <div class='ocr_carea' id='block_1_104' title="bbox 985 2602 1770 2637">
    <p class='ocr_par' dir='ltr' id='par_1_104' title="bbox 985 2602 1770 2637">
     <span class='ocr_line' id='line_1_104' title="bbox 985 2602 1770 2637; baseline -0.001 -8"><span class='ocrx_word' id='word_1_742' title='bbox 985 2607 1041 2629; x_wconf 92' lang='lat' dir='ltr'><strong>tum</strong></span> <span class='ocrx_word' id='word_1_743' title='bbox 1067 2602 1319 2630; x_wconf 84' lang='lat' dir='ltr'><strong>commendaverat.</strong></span> <span class='ocrx_word' id='word_1_744' title='bbox 1342 2602 1401 2633; x_wconf 89' lang='lat' dir='ltr'><strong>llla.</strong></span> <span class='ocrx_word' id='word_1_745' title='bbox 1417 2606 1447 2629; x_wconf 89' lang='lat' dir='ltr'><strong>ut</strong></span> <span class='ocrx_word' id='word_1_746' title='bbox 1465 2602 1620 2637; x_wconf 83' lang='lat' dir='ltr'><strong>depositum</strong></span> <span class='ocrx_word' id='word_1_747' title='bbox 1638 2602 1724 2637; x_wconf 77' lang='lat' dir='ltr'><strong>magis</strong></span> <span class='ocrx_word' id='word_1_748' title='bbox 1743 2602 1770 2628; x_wconf 88' lang='lat' dir='ltr'><strong>in</strong></span> 
     </span>
    </p>
   </div>
   <div class='ocr_carea' id='block_1_105' title="bbox 984 2648 1771 2683">
    <p class='ocr_par' dir='ltr' id='par_1_105' title="bbox 984 2648 1771 2683">
     <span class='ocr_line' id='line_1_105' title="bbox 984 2648 1771 2683; baseline -0.001 -8"><span class='ocrx_word' id='word_1_749' title='bbox 984 2653 1044 2675; x_wconf 88' lang='lat' dir='ltr'><strong>tuto</strong></span> <span class='ocrx_word' id='word_1_750' title='bbox 1064 2653 1148 2680; x_wconf 88' lang='lat' dir='ltr'><strong>esset,</strong></span> <span class='ocrx_word' id='word_1_751' title='bbox 1170 2649 1197 2675; x_wconf 93' lang='lat' dir='ltr'><strong>in</strong></span> <span class='ocrx_word' id='word_1_752' title='bbox 1214 2652 1319 2676; x_wconf 87' lang='lat' dir='ltr'><strong>terram</strong></span> <span class='ocrx_word' id='word_1_753' title='bbox 1345 2649 1468 2682; x_wconf 85' lang='lat' dir='ltr'><strong>abdidit;</strong></span> <span class='ocrx_word' id='word_1_754' title='bbox 1495 2648 1577 2683; x_wconf 90' lang='lat' dir='ltr'><strong>paulo</strong></span> <span class='ocrx_word' id='word_1_755' title='bbox 1597 2652 1658 2683; x_wconf 85' lang='lat' dir='ltr'><strong>post</strong></span> <span class='ocrx_word' id='word_1_756' title='bbox 1682 2653 1771 2675; x_wconf 87' lang='lat' dir='ltr'><strong>autem</strong></span> 
     </span>
    </p>
   </div>
   <div class='ocr_carea' id='block_1_106' title="bbox 172 2727 935 2767">
    <p class='ocr_par' dir='ltr' id='par_1_106' title="bbox 172 2727 935 2765">
     <span class='ocr_line' id='line_1_106' title="bbox 172 2727 935 2765; baseline -0.004 -9"><span class='ocrx_word' id='word_1_757' title='bbox 172 2730 195 2745; x_wconf 63' lang='lat'><strong>‘9</strong></span> <span class='ocrx_word' id='word_1_758' title='bbox 211 2730 253 2756; x_wconf 71' lang='lat' dir='ltr'><strong>Ai.</strong></span> <span class='ocrx_word' id='word_1_759' title='bbox 266 2730 395 2765; x_wconf 82' lang='grc' dir='ltr'>Σερήνου.</span> <span class='ocrx_word' id='word_1_760' title='bbox 431 2729 454 2745; x_wconf 75' lang='grc' dir='ltr'><strong>³ο</strong></span> <span class='ocrx_word' id='word_1_761' title='bbox 468 2729 509 2757; x_wconf 76' lang='lat' dir='ltr'><strong>Al.</strong></span> <span class='ocrx_word' id='word_1_762' title='bbox 526 2727 694 2764; x_wconf 69' lang='grc' dir='ltr'>παξαμάδια.</span> <span class='ocrx_word' id='word_1_763' title='bbox 734 2728 757 2744; x_wconf 88' lang='grc'><strong>⁸¹</strong></span> <span class='ocrx_word' id='word_1_764' title='bbox 780 2728 823 2755; x_wconf 83' lang='grc' dir='ltr'><strong>ΑΙ.</strong></span> <span class='ocrx_word' id='word_1_765' title='bbox 848 2728 935 2763; x_wconf 72' lang='grc' dir='ltr'>Ίιυσήε</span> 
     </span>
    </p>
   </div>
   <div class='ocr_carea' id='block_1_107' title="bbox 990 2727 1383 2767">
    <p class='ocr_par' dir='ltr' id='par_1_107' title="bbox 998 2727 1383 2767">
     <span class='ocr_line' id='line_1_107' title="bbox 998 2727 1383 2767; baseline 0.003 -13"><span class='ocrx_word' id='word_1_766' title='bbox 998 2728 1020 2743; x_wconf 87' lang='grc'><strong>¹¹</strong></span> <span class='ocrx_word' id='word_1_767' title='bbox 1035 2727 1077 2754; x_wconf 86' lang='lat' dir='ltr'><strong>Al.</strong></span> <span class='ocrx_word' id='word_1_768' title='bbox 1092 2727 1178 2767; x_wconf 45' lang='lat' dir='ltr'><strong>inser.</strong></span> <span class='ocrx_word' id='word_1_769' title='bbox 1193 2727 1383 2762; x_wconf 77' lang='grc' dir='ltr'>κρατούμενοι.</span> 
     </span>
    </p>
   </div>
   <div class='ocr_carea' id='block_1_108' title="bbox 170 2806 930 2870">
    <p class='ocr_par' dir='ltr' id='par_1_108' title="bbox 170 2806 930 2870">
     <span class='ocr_line' id='line_1_108' title="bbox 170 2806 930 2870; baseline -0.004 -34"><span class='ocrx_word' id='word_1_770' title='bbox 170 2809 229 2845; x_wconf 77' lang='lat'><strong>(75)</strong></span> <span class='ocrx_word' id='word_1_771' title='bbox 251 2809 354 2870; x_wconf 62' lang='lat' dir='ltr'><strong>1(th</strong></span> <span class='ocrx_word' id='word_1_772' title='bbox 362 2809 480 2844; x_wconf 79' lang='grc' dir='ltr'>ῥήματα</span> <span class='ocrx_word' id='word_1_773' title='bbox 495 2809 569 2843; x_wconf 77' lang='grc' dir='ltr'><strong>ἀργὰ</strong></span> <span class='ocrx_word' id='word_1_774' title='bbox 577 2808 706 2842; x_wconf 78' lang='grc' dir='ltr'>κάτεσχε</span> <span class='ocrx_word' id='word_1_775' title='bbox 714 2806 851 2848; x_wconf 42' lang='grc' dir='ltr'>σεαυτῷ..</span> <span class='ocrx_word' id='word_1_776' title='bbox 862 2807 930 2834; x_wconf 77' lang='lat' dir='ltr'><strong>Viue</strong></span> 
     </span>
     <span class='ocr_line' id='line_1_109' title="bbox 170 2842 927 2870; baseline -0.001 0"><span class='ocrx_word' id='word_1_777' title='bbox 170 2850 252 2870; x_wconf 78' lang='lat' dir='ltr'><strong>urunt</strong></span> <span class='ocrx_word' id='word_1_778' title='bbox 269 2853 278 2870; x_wconf 84' lang='lat'><strong><em>:</em></strong></span> <span class='ocrx_word' id='word_1_779' title='bbox 303 2850 325 2870; x_wconf 58' lang='grc' dir='ltr'>λι</span> <span class='ocrx_word' id='word_1_780' title='bbox 340 2853 391 2870; x_wconf 87' lang='lat' dir='ltr'><strong>non</strong></span> <span class='ocrx_word' id='word_1_781' title='bbox 403 2845 498 2870; x_wconf 81' lang='lat' dir='ltr'><strong>odiosa</strong></span> <span class='ocrx_word' id='word_1_782' title='bbox 508 2844 583 2870; x_wconf 71' lang='lat' dir='ltr'><strong>rer/Ia</strong></span> <span class='ocrx_word' id='word_1_783' title='bbox 597 2843 731 2870; x_wconf 83' lang='lat' dir='ltr'><strong>elTundere</strong></span> <span class='ocrx_word' id='word_1_784' title='bbox 743 2843 791 2869; x_wconf 80' lang='lat' dir='ltr'><strong>ltbt</strong></span> <span class='ocrx_word' id='word_1_785' title='bbox 802 2850 861 2870; x_wconf 73' lang='lat' dir='ltr'><strong>mar.</strong></span> <span class='ocrx_word' id='word_1_786' title='bbox 874 2842 927 2869; x_wconf 80' lang='lat' dir='ltr'><strong>Seu</strong></span> 
     </span>
    </p>
   </div>
   <div class='ocr_carea' id='block_1_109' title="bbox 137 2842 927 2883">
    <p class='ocr_par' dir='ltr' id='par_1_109' title="bbox 137 2842 927 2883">
     <span class='ocr_line' id='line_1_110' title="bbox 137 2842 927 2883; baseline -0.004 -12"><span class='ocrx_word' id='word_1_787' title='bbox 137 2842 252 2872; x_wconf 63' lang='lat' dir='ltr'><strong>Patrum</strong></span> <span class='ocrx_word' id='word_1_788' title='bbox 269 2842 325 2883; x_wconf 76' lang='lat' dir='ltr'><strong>:__Et</strong></span> <span class='ocrx_word' id='word_1_789' title='bbox 340 2842 391 2871; x_wconf 67' lang='lat' dir='ltr'><strong>non</strong></span> <span class='ocrx_word' id='word_1_790' title='bbox 401 2842 498 2883; x_wconf 64' lang='lat' dir='ltr'><strong>odiosa</strong></span> <span class='ocrx_word' id='word_1_791' title='bbox 508 2842 583 2883; x_wconf 57' lang='lat' dir='ltr'><strong>rer/Ia</strong></span> <span class='ocrx_word' id='word_1_792' title='bbox 597 2843 731 2883; x_wconf 58' lang='lat' dir='ltr'><strong>ejuntlere</strong></span> <span class='ocrx_word' id='word_1_793' title='bbox 743 2843 791 2883; x_wconf 60' lang='lat' dir='ltr'><strong>tibi</strong></span> <span class='ocrx_word' id='word_1_794' title='bbox 802 2843 861 2883; x_wconf 44' lang='lat' dir='ltr'><strong>ips-1&quot;.</strong></span> <span class='ocrx_word' id='word_1_795' title='bbox 874 2842 927 2883; x_wconf 80' lang='lat' dir='ltr'><strong>Seu</strong></span> 
     </span>
    </p>
   </div>
   <div class='ocr_carea' id='block_1_110' title="bbox 134 2877 925 2915">
    <p class='ocr_par' dir='ltr' id='par_1_110' title="bbox 134 2877 925 2915">
     <span class='ocr_line' id='line_1_111' title="bbox 134 2877 925 2915; baseline -0.004 -8"><span class='ocrx_word' id='word_1_796' title='bbox 134 2882 252 2915; x_wconf 75' lang='lat' dir='ltr'><strong>potius:</strong></span> <span class='ocrx_word' id='word_1_797' title='bbox 271 2879 303 2906; x_wconf 81' lang='lat' dir='ltr'><strong>Et</strong></span> <span class='ocrx_word' id='word_1_798' title='bbox 321 2888 371 2907; x_wconf 82' lang='lat' dir='ltr'><strong>non</strong></span> <span class='ocrx_word' id='word_1_799' title='bbox 383 2881 471 2907; x_wconf 70' lang='lat' dir='ltr'><strong>otiosa</strong></span> <span class='ocrx_word' id='word_1_800' title='bbox 490 2879 568 2906; x_wconf 69' lang='lat' dir='ltr'><strong>verba</strong></span> <span class='ocrx_word' id='word_1_801' title='bbox 584 2878 688 2913; x_wconf 68' lang='lat' dir='ltr'><strong>effunde</strong></span> <span class='ocrx_word' id='word_1_802' title='bbox 701 2877 748 2905; x_wconf 73' lang='lat' dir='ltr'><strong>tibi</strong></span> <span class='ocrx_word' id='word_1_803' title='bbox 759 2878 820 2910; x_wconf 64' lang='lat' dir='ltr'><strong>ipsi.</strong></span> <span class='ocrx_word' id='word_1_804' title='bbox 836 2877 871 2905; x_wconf 86' lang='lat' dir='ltr'><strong>Ut</strong></span> <span class='ocrx_word' id='word_1_805' title='bbox 887 2879 925 2905; x_wconf 86' lang='lat' dir='ltr'><strong>le-</strong></span> 
     </span>
    </p>
   </div>
   <div class='ocr_carea' id='block_1_111' title="bbox 978 2805 1501 2842">
    <p class='ocr_par' dir='ltr' id='par_1_111' title="bbox 978 2805 1501 2842">
     <span class='ocr_line' id='line_1_112' title="bbox 978 2805 1501 2842; baseline -0.002 -9"><span class='ocrx_word' id='word_1_806' title='bbox 978 2807 1047 2842; x_wconf 76' lang='lat' dir='ltr'><strong>gerit</strong></span> <span class='ocrx_word' id='word_1_807' title='bbox 1066 2805 1194 2842; x_wconf 63' lang='lat' dir='ltr'><strong>Pelagius</strong></span> <span class='ocrx_word' id='word_1_808' title='bbox 1212 2806 1358 2841; x_wconf 83' lang='lat' dir='ltr'><strong>interpres,</strong></span> <span class='ocrx_word' id='word_1_809' title='bbox 1375 2806 1501 2839; x_wconf 66' lang='grc' dir='ltr'>κατάχεε.</span> 
     </span>
    </p>
   </div>
   <div class='ocr_carea' id='block_1_112' title="bbox 1015 2840 1468 2877">
    <p class='ocr_par' dir='ltr' id='par_1_112' title="bbox 1015 2840 1468 2877">
     <span class='ocr_line' id='line_1_113' title="bbox 1015 2840 1468 2877; baseline 0.002 -10"><span class='ocrx_word' id='word_1_810' title='bbox 1015 2842 1084 2877; x_wconf 84' lang='lat'><strong>(75‘)</strong></span> <span class='ocrx_word' id='word_1_811' title='bbox 1105 2840 1226 2872; x_wconf 77' lang='lat' dir='ltr'><strong>Sdcrat.,</strong></span> <span class='ocrx_word' id='word_1_812' title='bbox 1242 2842 1279 2877; x_wconf 76' lang='lat' dir='ltr'><strong>lib</strong></span> <span class='ocrx_word' id='word_1_813' title='bbox 1307 2849 1325 2874; x_wconf 92' lang='grc' dir='ltr'><strong>ι,</strong></span> <span class='ocrx_word' id='word_1_814' title='bbox 1343 2850 1403 2877; x_wconf 83' lang='lat' dir='ltr'><strong>cap.</strong></span> <span class='ocrx_word' id='word_1_815' title='bbox 1427 2842 1468 2869; x_wconf 74' lang='grc'><strong>12.</strong></span> 
     </span>
    </p>
   </div>
   <div class='ocr_carea' id='block_1_113' title="bbox 1013 2876 1289 2913">
    <p class='ocr_par' dir='ltr' id='par_1_113' title="bbox 1013 2876 1289 2913">
     <span class='ocr_line' id='line_1_114' title="bbox 1013 2876 1289 2913; baseline -0.007 -9"><span class='ocrx_word' id='word_1_816' title='bbox 1013 2877 1069 2913; x_wconf 83' lang='grc'><strong>(76)</strong></span> <span class='ocrx_word' id='word_1_817' title='bbox 1089 2877 1208 2907; x_wconf 69' lang='grc' dir='ltr'><strong>δῦθι-ιιι..</strong></span> <span class='ocrx_word' id='word_1_818' title='bbox 1225 2876 1289 2904; x_wconf 74' lang='lat' dir='ltr'><strong>ibid.</strong></span> 
     </span>
    </p>
   </div>
  </div>
