1978 3075
139 142 190 171 t2!

711 142 1024 170 APOPllTIlECMATA
1044 141 1200 170 PATRUM.

1722 143 1777 170 421’.

178 204 216 234 ς’.
236 200 304 228 Εἷπε
321 200 414 232 πάλιν,
428 200 469 228 ὅτι
491 200 586 227 Βάλλω
602 200 648 227 τὸν
666 200 734 228 πόδα
748 210 799 237 μου
819 201 865 228 ἐπὶ
886 200 936 236 τὴν

1025 201 1052 228 6.
1075 200 1149 228 Dixit
1162 201 1260 227 iterum
1278 208 1285 226 :
1303 199 1381 226 Mitto
1400 199 1495 234 pedem
1512 206 1602 227 meum
1615 207 1699 235 super
1715 209 1777 228 sea-

141 246 267 282 κλίμακα
279 247 424 281 ἀναϐῆναι,
435 247 482 273 καὶ
499 246 565 273 τιθῶ
579 246 626 273 τὸν
638 246 753 274 θάνατον
769 247 823 284 πρὸ
837 246 936 282 ὀφθαλ-

143 293 203 328 μῶν
223 301 273 328 μου
289 292 342 328 πρὸ
358 292 406 319 τοῦ
423 293 557 328 ἀναὸῆναί
575 302 609 327 με
625 293 666 324 εἰς
680 293 765 328 αὐτήν
776 293 810 320 ⁵⁸.

178 338 211 370 ζ’.
233 335 301 364 Εῐπε
319 338 412 370 πάλιν,
426 339 467 365 ὃτι
481 338 563 365 καλόν
582 339 641 365 ἐστι
659 339 706 366 καὶ
721 339 755 366 δι’
777 338 938 376 ἀνθρώπους

142 386 229 411 ποιεῖν
242 384 438 420 ἐλεημοσύνην.
452 385 484 411 Ei.
499 384 554 420 γὰρ
569 385 616 411 καὶ
629 385 663 412 δι’
677 384 936 422 άνθρωπαρεσκίαν,

142 431 200 458 ἀλλ’
211 430 321 467 ἔρχεται
334 431 415 457 πάλιν
429 432 469 463 εἱς
485 430 552 457 Θεοῦ
566 431 713 467 ἀρέσκειαν
725 431 759 458 ⁵⁵.

179 524 216 555 η’.
234 520 393 556 Παρέῦαλόν
416 529 482 548 ποτε
497 520 650 556 Σκητιῶται
673 523 706 557 τῇ
732 522 814 558 ἀμμᾷ
832 523 936 558 Σάρρα.

150 567 183 593 'H
195 567 224 594 δὲ
249 566 405 603 παρέθηκεν
420 568 511 599 αὐτοῖς
531 568 656 595 κανίσκιν
670 568 704 595 ⁸⁸.
723 569 754 595 Οἱ
774 569 803 595 δὲ
824 568 939 603 ἀφέντες

144 611 180 638 τὰ
190 612 271 645 καλὰ,
284 612 386 646 ἔφαγον
397 612 432 639 τὰ
443 612 547 648 σαπρά.
558 613 614 640 Καὶ
625 611 702 640 εἶπεν
714 614 806 645 αὐτοῖς
816 621 822 628 ·
835 615 940 646 Ὀντως

145 658 299 695 Σκητιῶταί
315 660 388 686 ὲστε.

287 716 357 751 Περὶ
377 715 434 750 τῆς
458 715 558 750 ἀμμᾶς
572 716 795 751 Συγνκλητικῆς.

181 775 215 798 a’.
242 769 326 798 Εἶπεν
341 773 357 807 ἡ
374 772 471 807 ἀμμᾶς
486 752 658 807 Συ-ξκλητική
670 780 677 787 ·
706 772 795 806 Ἀγών
816 774 876 799 ἐστι
894 773 942 799 καὶ

148 817 231 848 κόπος
247 816 330 848 πολὺς
343 817 399 848 τοῖς
411 817 641 853 προσερχομένοις
654 817 772 853 τῷηΘεῷ,
784 818 820 845 τὰ
829 818 940 855 πρῶτα·

147 862 244 889 ἔπειτα
257 863 296 893 δὲ,
313 863 385 898 χαρὰ
401 863 704 900 ἀνεκλάλητος.’¹Ωσπερ
718 863 773 899 γὰρ
790 865 814 891 ol
830 865 886 901 πῦρ
899 865 943 898 ὲξ-
959 882 979 909 Β

147 908 215 943 ἅψαι
233 909 401 944 βουλόμενοι,
411 909 520 945 πρῶτον
528 909 705 942 καπνίζονται
721 911 769 937 καὶ
784 910 942 946 δακρύουσι,

147 955 197 982 καὶ
219 954 307 987 οὕτως
323 955 370 981 τοῦ
390 955 558 990 ζητουμένου
576 957 788 991 ἐπιτυγχάνουσι
809 956 870 992 (καὶ
889 957 943 993 γάρ

149 1009 243 1035 φησιν,
259 1000 290 1027 '0
309 1001 382 1034 Θεὸς
400 1001 485 1036 ἡμῶν
501 1002 561 1036 πῦρ
587 1003 814 1030 καταναλίσκον
826 1003 924 1039 ἐστιν)
935 1012 942 1018 ·

147 1045 237 1078 οὕτως
251 1046 291 1073 δεῖ
308 1047 355 1073 καὶ
369 1048 444 1083 ἡμᾶς
458 1049 499 1079 εἰς
512 1048 626 1080 ἑαυτοὺς
642 1048 673 1075 τὸ
687 1048 761 1076 θεῖον
774 1049 872 1084 ἐξάψαι
889 1048 944 1085 πῦρ

150 1092 223 1128 μετὰ
236 1087 361 1129 δακρύων
378 1094 425 1120 καὶ
439 1094 528 1122 πόνων
539 1094 572 1122 δ’.

187 1139 220 1175 β’.
241 1138 308 1166 Εἷπε
327 1141 418 1174 πάλιν,
440 1141 481 1168 ὅτι
497 1142 543 1168 Δεῖ
563 1142 638 1178 ἡμᾶς
652 1142 716 1174 τοὺς
737 1142 768 1169 τὸ
783 1143 945 1178 ἐπάγγελμα

149 1186 230 1213 τοῦτο
255 1187 502 1223 ἐπανῃρημένους,
528 1188 706 1224 σωφροσύνην
729 1188 778 1224 τὴν
795 1189 836 1220 εἰς
860 1189 945 1225 ἄκρον

151 1233 287 1268 κατέχειν.
306 1233 362 1260 Καὶ
376 1233 430 1269 γὰρ
448 1233 524 1270 παρὰ
543 1236 600 1267 τοῖς
622 1236 765 1270 κοσμικοῖς
783 1235 944 1271 σωφροσύνη

149 1277 223 1304 δοκεί
247 1278 458 1312 πολιτεύεσθαι,
481 1279 551 1307 ἀλλὰ
577 1280 768 1316 συμπάρεστιν
798 1282 868 1317 αὐτῇ
899 1282 946 1308 καὶ

151 1324 313 1359 ἀφροσύνη,
336 1325 380 1352 διὰ
408 1326 439 1351 τὸ
459 1326 521 1358 ταῖς
537 1326 632 1358 ἄλλαις
657 1327 758 1358 πάσαις
786 1327 945 1363 αἰσθήσεσιν

152 1370 332 1406 ἁμαρτάνειν,
353 1371 408 1398 Καὶ
421 1371 476 1408 γὰρ
490 1372 590 1408 ὁρῶσιν
604 1373 747 1409 ἀπρεπῶς,
763 1373 811 1400 καὶ
830 1373 946 1408 γελῶσιν

152 1416 289 1448 ἀτάκτως.

187 1466 222 1497 γ’.
245 1461 313 1489 Εῐπε
328 1463 425 1490 πάλιν·
439 1464 545 1501 ’Ὠσπερ
558 1465 592 1492 τὰ
611 1465 699 1492 ἰοϐόλα
713 1465 795 1502 θηρία
805 1466 828 1481 ⁵⁸
841 1465 876 1492 τὰ
890 1466 947 1502 δρι-

154 1509 262 1545 μύτερα
278 1509 333 1536 τῶν
350 1511 506 1546 φαρμάκων
523 1511 671 1538 ἀπελαύνει
683 1521 690 1526 ·
707 1511 793 1544 οὕτως
814 1513 860 1539 καὶ
875 1512 948 1547 λογι-

154 1556 224 1592 σμὸν
239 1557 358 1592 πονηρὸν
367 1557 388 1572 ⁵⁵
400 1557 467 1592 εὐχὴ
481 1557 550 1592 μετὰ
563 1558 691 1592 νηστείας
705 1557 851 1585 ἀπελαύνει
863 1558 896 1586 θθ.

189 1601 220 1628 δ’.
241 1599 309 1628 Εἷπε
331 1601 427 1628 πάλιν·
446 1602 492 1637 Μή
510 1610 539 1628 σε
562 1602 676 1639 δελεάσῃ
693 1603 746 1629 τῶν
763 1603 904 1639 κοσμικῶν
924 1604 946 1619 ⁵⁸

154 1647 290 1674 πλουσίων
313 1647 416 1683 τρυφὴ,
435 1648 473 1679 ὡς
495 1648 630 1683 χρήσιμόν
658 1657 684 1675 τι
714 1649 822 1684 ἔχουσα,
852 1650 947 1685 ἡδονῆς

154 1692 236 1727 κενῆς
255 1692 278 1708 ⁴¹
301 1692 405 1719 ἕνεκεν.
432 1693 546 1719 Ἐκεῖνοι
565 1693 615 1729 τὴν
633 1693 818 1730 ὀψαρτυτικήν
832 1695 888 1730 (82)
908 1704 949 1721 τι-

157 1738 228 1773 μῶσι
251 1738 364 1774 τέχνην·
388 1738 501 1774 νηστείᾳ
517 1739 564 1765 καὶ
584 1740 665 1772 αὐτὸς
686 1740 730 1767 διὰ
751 1741 805 1767 τῶν
832 1741 949 1768 εὐτελῶν

154 1784 328 1820 τὴν-ἐκείνων
339 1784 469 1820 εὐπορίαν
479 1785 534 1811 τῶν
544 1785 652 1822 τροφῶν
663 1786 718 1822 (85)
730 1787 947 1823 ὑπερϐάλλειςυ.

154 1831 225 1866 Φησὶ
243 1831 314 1867 γάρ⁸
338 1831 427 1866 Ψυχὴ
451 1832 486 1858 ἐν
507 1832 607 1866 τρυφῇ
621 1832 643 1848 ⁸⁵
663 1831 743 1860 οὖσα
766 1834 881 1867 κηρίοις
899 1834 949 1868 ἐμ-

155 1875 262 1908 παίζει.
277 1877 322 1913 Μὴ
337 1878 471 1913 κορεσθῇς
496 1878 591 1914 ἄρτου,
619 1879 667 1906 καὶ
688 1879 739 1905 οὐκ
763 1879 948 1915 ἐπιθυμήσεις

155 1924 229 1951 οἴνου
234 1944 240 1950 .

193 1973 224 1998 ε’,
250 1970 394 2006 Ἠρωτήθη
414 1972 430 2007 ἡ
450 1972 574 2008 μακαρία
589 1972 774 2008 Συγκλητικὴ,
799 1974 823 1999 ει
846 1973 948 2000 τέλειον

155 2017 261 2052 ἀγαθὸν
285 2018 302 2053 ἡ
327 2018 516 2053 ἀκτημοσύνη.
540 2018 572 2044 Ἡ
599 2018 627 2045 δὲ
651 2016 728 2045 εἶπε·
754 2019 828 2046 Πάνυ
846 2019 949 2046 τέλειον

155 2065 214 2096 τοῖς
228 2064 389 2099 δυναμένοις
398 2065 431 2092 ⁸⁵.
444 2066 474 2091 Οἱ
489 2064 544 2100 γὰρ
556 2065 738 2100 ὑπομένοντες
753 2065 842 2097 τοῦτο,
860 2065 950 2100 θλίψιν

158 2110 208 2144 μὲν
222 2109 314 2144 ἔχουσι
329 2111 362 2145 τῇ
377 2109 468 2145 σαρκὶ,
488 2111 521 2145 τῇ
536 2109 564 2135 δὲ
576 2109 649 2145 ψυχῇ
667 2110 831 2137 ἀνάπαυσιν.
846 2111 950 2147 ’Ὠσπερ

156 2156 213 2192 γὰρ
231 2156 265 2183 τὰ
281 2156 379 2192 στερεὰ
395 2155 503 2191 ἱμάτια,
519 2156 680 2190 πατούμενα
696 2156 744 2182 καὶ
759 2155 854 2191 βιαίως
870 2165 950 2192 στρε-

158 2203 276 2238 φόμενα,
292 2202 437 2229 πλύνεται·
453 2202 540 2234 οὕτως
556 2203 602 2229 καὶ
617 2203 690 2238 ψυχὴ
707 2202 815 2238 ἰσχυρὰ,
837 2203 882 2229 διὰ
901 2203 952 2238 τῆς

157 2248 284 2275 ἑκουσίου
300 2249 404 2280 πενίας,
419 2249 466 2275 ἐπὶ
475 2250 568 2275 πλεῖον
583 2249 758 2285 κρατύνεται.

196 2297 233 2326 ς’.
259 2292 326 2320 Εἷπε
352 2294 449 2321 ’πά-λινε
473 2295 535 2321 Ἐὰν
560 2295 588 2320 ὲν
607 2294 733 2329 κοινοϐἰῳ
749 2294 894 2330 τυγχάνῃς,
913 2293 950 2330 μὴ

159 2339 331 2375 μεταλλάξῃς
365 2340 410 2366 τὸν
439 2340 521 2366 τόπον
538 2347 545 2354 ·
575 2339 699 2376 βλαϐήσῃ
727 2340 781 2375 γὰρ
814 2339 949 2375 μεγάλως,

194 2430 220 2446 δι
237 2431 278 2457 Al.
299 2431 422 2458 ἀνελθεῖν
442 2440 476 2466 με
493 2432 561 2458 ἐκεῖ.

607 2431 630 2447 ⁵⁵
650 2431 691 2457 ΑΙ.
713 2431 887 2467 θεαρεσκίαν.

159 2466 294 2501 ῥυπαρὸν.
333 2467 355 2481 ⁸⁸
371 2468 412 2494 ΑΙ.
435 2466 574 2493 ἐκδιώκει.

619 2467 640 2482 ⁸¹
656 2467 700 2493 Al.

935 2432 958 2447 ⁸⁸
982 2431 1023 2457 Al.
1043 2430 1192 2457 κανίσκιον.

717 2467 733 2501 ή
752 2467 805 2492 τῶν
822 2466 893 2492 κατὰ
904 2466 1016 2501 κόσμον.

987 247 1053 280 lam,
1079 254 1247 279 ascensura;
1265 251 1292 273 et
1312 249 1427 272 mortem
1449 246 1484 272 ob
1505 246 1601 273 oculos
1623 253 1708 280 pono,
1726 254 1778 274 an-

988 297 1097 328 tequam
1113 292 1338 320 conscensionem
1353 291 1462 318 faciam.

1024 340 1051 366 7.
1074 339 1131 366 Hoc
1145 339 1226 366 etiam
1238 338 1369 373 protulit:
1385 337 1490 364 Bonum
1506 340 1558 369 est,
1573 337 1654 364 etiam
1668 341 1782 372 propter

989 386 1116 413 homines
1142 385 1234 412 facere
1251 385 1466 419 eleelnosynam.
1494 383 1570 410 Licet
1587 384 1660 410 enim
1688 383 1782 410 studio

990 431 1114 465 placendi
1131 431 1290 457 hominibus
1312 430 1369 462 tiat,
1387 434 1482 464 postea
1498 433 1588 457 tamen
1604 429 1730 464 procedit
1749 428 1783 455 ad

987 476 1109 503 studium
1128 475 1252 510 placendi
1269 475 1335 502 Deo.

1025 522 1051 549 8.
1073 522 1230 556 Aliquando
1249 522 1377 548 Seetiotae
1393 525 1584 548 convenerunt
1599 525 1713 548 matrem
1732 520 1783 548 Sa—

992 577 1060 595 ram.
1077 568 1143 601 Quae
1166 569 1295 603 apposuit
1319 569 1361 595 eis
1383 568 1548 595 canistrum.
1574 567 1613 594 llli
1632 575 1696 594 vero
1710 567 1782 594 bona

989 622 1068 648 poma
1088 615 1286 649 relinquentes,
1313 614 1409 641 vitiosa
1434 613 1626 642 coniedebant.
1652 613 1685 640 Et
1713 613 1783 640 dixit

968 662 971 663 ⁷
991 661 1031 688 eis
1051 669 1057 688 :
1073 660 1177 688 Revera
1196 659 1324 687 Seetiome
1339 660 1416 687 estis.

1228 717 1265 743 De
1279 721 1363 743 matre
1376 716 1539 751 Syncletica.

1028 772 1054 798 1.
1074 772 1130 808 (Si)
1148 771 1221 799 Dixit
1231 778 1320 800 mater
1334 771 1489 807 Syncletica
1506 772 1599 807 :Agon
1611 777 1653 800 cst
1663 777 1690 800 et
1703 773 1783 800 labor

993 825 1109 853 magnus
1133 818 1166 845 iis
1183 818 1229 854 qui
1247 818 1383 845 accedunt
1411 819 1443 845 ad
1466 817 1562 849 Deum,
1581 818 1607 844 in
1629 818 1783 853 principio;

994 865 1042 891 sed
1063 865 1185 891 succedit
1211 864 1341 899 gaudium
1371 865 1518 892 inelfabile.
1548 864 1784 897 Quemadmodum

994 910 1066 937 enim
1080 910 1125 944 qui
1143 917 1231 944 Ignem
1247 909 1402 937 accendere
1417 911 1542 945 cupiunt,
1559 911 1635 944 prius
1648 910 1722 937 ftnno
1735 911 1786 937 im-

995 952 1129 988 buuntur,
1145 964 1177 982 ac
1190 957 1327 992 lacrymas
1340 958 1465 988 mittunt,
1481 961 1575 990 postea
1591 960 1681 984 autem
1692 961 1786 992 optato

995 1002 1136 1037 potiuntur
1157 1002 1205 1036 (ait
1224 1003 1295 1029 enim
1316 1002 1458 1037 Scriptura
1479 1011 1485 1029 :
1505 1002 1573 1029 Deus
1603 1008 1691 1029 noster
1719 1004 1786 1037 ignis

995 1057 1150 1076 consumens
1165 1049 1247 1084 est“)
1262 1059 1268 1076 :
1285 1049 1322 1076 ita
1331 1054 1438 1084 oportet
1454 1054 1482 1076 ut
1494 1057 1544 1077 nos
1557 1049 1680 1077 divinum
1697 1050 1786 1084 ignem

995 1096 1023 1122 in
1039 1096 1119 1122 nobis
1132 1104 1194 1122 eum
1213 1095 1344 1131 lacrymis
1360 1100 1386 1123 et.
1400 1096 1542 1123 laboribus
1556 1096 1749 1123 accendamus.

1030 1142 1056 1168 2.
1078 1143 1132 1177 (85)
1149 1141 1221 1169 Dixit
1239 1142 1339 1170 iterum
1361 1153 1368 1169 ι
1388 1142 1503 1178 Oportet
1520 1151 1570 1170 nos
1583 1143 1629 1178 qui
1645 1144 1715 1170 hanc
1726 1151 1788 1178 pro-

997 1187 1143 1215 fessionem
1161 1189 1346 1223 susccpimus,
1365 1197 1500 1216 summam
1515 1190 1726 1225 temperantiam
1740 1191 1789 1217 ob-

997 1235 1094 1261 tinere.
1108 1234 1213 1261 Etenim
1231 1235 1303 1269 apud
1320 1236 1466 1263 saaculares
1482 1236 1590 1263 videtur
1607 1237 1788 1271 temperantia

997 1281 1117 1310 versari.
1143 1281 1190 1308 sed
1216 1281 1240 1308 ei
1262 1281 1382 1308 colueret
1407 1282 1492 1309 animi
1512 1283 1709 1317 intemperies,
1726 1291 1790 1317 pro-

998 1331 1090 1361 pterea
1111 1326 1183 1361 quod
1204 1327 1265 1354 aliis
1285 1328 1415 1355 omnibus
1429 1329 1558 1355 sensibus
1578 1333 1701 1364 peccent.
1722 1329 1789 1356 Nam

997 1372 1090 1400 vident
1106 1372 1273 1404 indecenter.
1291 1381 1323 1401 ac
1339 1375 1428 1401 rident
1442 1375 1610 1402 inordinate.

1030 1465 1058 1491 5.
1086 1464 1141 1500 (86)
1163 1464 1196 1491 Et
1223 1469 1352 1499 praeterea
1373 1474 1379 1492 ε
1404 1464 1481 1492 Sicut
1504 1470 1655 1494 venenatas
1688 1466 1790 1494 bestias

998 1511 1105 1538 acriora
1125 1510 1271 1545 pharmaca
1285 1510 1426 1545 expellunt
1439 1531 1446 1541 ,
1474 1510 1510 1537 ita
1527 1512 1720 1546 cogitationem
1734 1520 1790 1539 ma-

961 1556 982 1585 C
999 1555 1100 1590 iignam
1114 1555 1190 1590 ejicit
1204 1556 1294 1582 oratio
1309 1563 1372 1582 eum
1387 1555 1506 1590 jejunio.

1034 1602 1060 1629 4.
1081 1601 1135 1637 (87)
1150 1601 1187 1628 ita
1205 1602 1296 1629 adhuc
1311 1602 1399 1628 locuta
1414 1606 1472 1629 est:
1490 1601 1549 1628 Non
1564 1606 1590 1629 te
1605 1602 1790 1630 inescentstc-

999 1648 1133 1675 cularium
1151 1648 1265 1675 divitum
1281 1647 1396 1680 deliciae,
1414 1648 1493 1682 quasi
1522 1648 1587 1675 utile
1609 1648 1674 1683 quid
1701 1650 1792 1676 conti-

1001 1698 1094 1727 neant,
1110 1695 1144 1722 ob
1169 1702 1267 1721 vanam
1290 1694 1470 1729 voluptatem.
1487 1695 1527 1721 illi
1551 1700 1636 1722 artem
1657 1696 1791 1730 coquina-

1001 1741 1070 1768 riam
1087 1741 1113 1768 in
1131 1741 1218 1776 pretio
1234 1741 1352 1774 habent;
1369 1745 1397 1767 tu
1414 1749 1478 1768 vero
1494 1749 1542 1776 per
1556 1741 1691 1775 jejunium
1712 1743 1794 1770 viles-

1000 1797 1052 1823 que
1070 1788 1159 1820 cibos,
1178 1788 1300 1822 ipsorum
1319 1788 1346 1814 in
1368 1787 1468 1815 eduliis
1483 1788 1680 1815 abundantiam
1699 1797 1794 1824 snper-

1001 1833 1133 1868 grederis.
1149 1833 1193 1860 Ait
1216 1834 1335 1868 quippe:
1355 1833 1455 1860 Anima
1479 1834 1506 1860 in
1521 1834 1625 1860 deliciis
1648 1835 1778 1862 exsistam.

1002 1878 1069 1912 favis
1086 1878 1177 1905 illudit
1190 1879 1223 1906 ".
1242 1878 1302 1905 Noli
1327 1886 1397 1913 pane
1416 1879 1524 1913 satiari,
1546 1888 1596 1907 nec
1622 1880 1794 1908 desiderabis

1001 1925 1106 1951 vinum.

1036 1970 1063 1996 5.
1081 1969 1137 2004 (88)
1154 1968 1325 2004 Interrogata
1340 1974 1383 1997 est
1398 1970 1478 1997 beata
1502 1969 1670 2005 Syncletica,
1685 1978 1719 1997 an
1737 1978 1795 2005 per-

1003 2015 1101 2042 fectum
1127 2015 1227 2042 bonum
1254 2020 1344 2048 esset,
1367 2016 1435 2043 nihil
1459 2017 1612 2050 possidere.
1636 2016 1670 2043 Et
1692 2016 1761 2043 dixit
1787 2026 1794 2043 :

1002 2061 1086 2089 Plane
1105 2061 1255 2097 perfectum
1272 2061 1306 2089 iis
1321 2061 1368 2096 qui
1394 2061 1466 2089 ferre
1479 2066 1606 2097 possunt.
1621 2062 1689 2089 Nam
1702 2063 1749 2098 qui
1769 2063 1795 2089 id

1004 2108 1131 2140 tolerant,
1161 2107 1338 2135 alllietionem
1365 2107 1476 2143 quidem
1516 2116 1602 2136 carne
1623 2109 1738 2141 habent,
1768 2113 1797 2135 at

1003 2154 1095 2180 anima
1112 2153 1246 2188 requiem.
1265 2153 1342 2181 Sicut
1353 2154 1426 2181 enim
1441 2153 1535 2181 solida:
1549 2158 1651 2184 vestes.
1670 2154 1794 2185 calcatae,

1004 2206 1031 2227 et
1047 2200 1180 2227 violenter
1197 2204 1312 2227 versata:
1331 2200 1481 2227 abluuntur
1499 2209 1506 2227 :
1535 2200 1572 2227 ita
1589 2200 1681 2226 anima
1703 2199 1794 2232 fortis,

1008 2255 1056 2282 per
1075 2247 1255 2273 voluntariam
1275 2251 1461 2281 paupertatem
1477 2246 1601 2273 firmatur
1616 2247 1713 2281 magis.

1041 2293 1067 2320 6.
1090 2292 1146 2328 (89)
1175 2292 1278 2319 Monuit
1295 2301 1392 2319 rursus
1417 2303 1424 2319 :
1446 2293 1473 2319 Si
1499 2293 1655 2320 emnobium
1679 2293 1795 2324 incolas,

1007 2340 1062 2366 noli
1082 2343 1188 2366 imitare
1208 2339 1312 2370 sedem,
1333 2339 1398 2373 quia
1418 2339 1497 2366 valde
1515 2339 1627 2366 nocebit
1645 2338 1705 2365 tibi.
1728 2339 1795 2366 Nam

1246 2430 1268 2446 "
1288 2430 1331 2456 ΔΙ.
1348 2430 1449 2457 κόπων.
1504 2430 1527 2447 ⁸⁸
1543 2429 1584 2456 ΑΙ.
1602 2429 1668 2461 ζῶα.
1719 2430 1741 2445 ⁵⁹
1755 2431 1796 2458 Ai.

1064 2466 1086 2481 θ’
1097 2466 1181 2492 Abest
1195 2466 1276 2501 κενῆς
1290 2466 1324 2492 ab
1339 2466 1374 2491 al.
1413 2465 1436 2481 ⁸³
1452 2465 1494 2492 Al.
1509 2465 1674 2500 ύπερΰαλού.
1714 2467 1736 2481 ⁵³
1753 2466 1795 2492 ΑΙ.

158 2502 304 2538 πλησμονῇ
328 2502 447 2538 τροφῶν.
486 2503 509 2518 ⁵⁵
525 2502 774 2536 ΑΙ.ὑπομ.ἐνουσιν.
814 2502 836 2517 εδ
853 2502 935 2529 Hebr.

1023 2502 1068 2529 29.
1108 2501 1128 2516 ⁶⁷
1145 2501 1225 2528 Prov.
1242 2509 1327 2534 xxvn,
1347 2501 1374 2528 7.

197 2606 253 2642 (82)
276 2605 572 2642 Thr_dd-aprvrmrjr.
596 2606 686 2634 Codex
710 2606 803 2642 regius
829 2606 948 2633 habebat

157 2640 323 2677 ἀψαρτικήν.
333 2640 507 2677 Colbertinus
520 2640 753 2677 νειοόψυρτικήνξ
761 2641 844 2669 Recte
853 2641 880 2668 in
895 2642 949 2668 alio

157 2675 326 2705 Cblbert.'et
351 2677 377 2702 in
397 2677 459 2703 Vita
480 2675 649 2711 Syncleticru;
665 2675 860 2712 ὀψαρτυτικήν.
878 2677 949 2703 Alibi

155 2712 286 2748 ὀψάριον,
313 2712 404 2748 piscis,
432 2712 587 2747 pisciculus.
611 2712 722 2739 Scilicet
741 2712 768 2739 in
788 2712 952 2739 condiendis

157 2747 286 2783 piscibus
304 2747 438 2781 praecipue
456 2748 545 2783 elucet
562 2755 713 2782 coquorum
736 2755 791 2774 ars.
809 2748 868 2779 Quo
884 2748 953 2774 allu-

157 2791 221 2809 sum
238 2790 253 2808 a
262 2782 459 2809 Commodiano
469 2782 656 2810 lnstructione
665 2783 692 2814 7,
705 2790 752 2817 per
767 2783 841 2810 hunc
853 2783 954 2810 obscu-

158 2826 221 2845 rum
241 2818 411 2844 versiculum
422 2818 456 2845 de
473 2817 593 2845 Zodiaco
609 2826 616 2843 :

196 2875 232 2911 Et
243 2875 357 2910 denique
376 2875 472 2903 vadunt
486 2876 511 2903 in
529 2875 666 2910 piscibus;
681 2883 771 2910 coque,
791 2875 925 2910 probabis.

1039 2606 1094 2640 (85)
1115 2605 1268 2640 Εὺπορίαν
1293 2605 1353 2632 τῶν
1371 2604 1497 2640 τροφῶν.
1527 2604 1557 2631 In
1577 2604 1690 2631 Patrum
1712 2605 1773 2631 vitis
1787 2613 1798 2633 :

1003 2641 1197 2669 abundantiam
1212 2641 1380 2673 deliciarum,
1396 2641 1518 2676 τρυφῶν,

1040 2677 1095 2712 (84)
1121 2677 1172 2703 Vit.
1184 2677 1262 2703 Patr.
1282 2685 1323 2708 In,
1340 2677 1386 2709 16;
1408 2675 1475 2710 Sup.
1489 2675 1546 2712 Vit.
1563 2675 1675 2712 Sync-L.
1686 2683 1713 2712 ιι.
1729 2675 1774 2703 60.

1042 2710 1098 2747 (83')
1123 2712 1176 2738 Vit.
1192 2712 1268 2738 Patr.
1284 2720 1320 2743 iV,
1332 2712 1381 2742 4i;
1403 2711 1456 2738 Vit.
1476 2711 1605 2746 Sync/eL.
1625 2710 1707 2737 ".24.

1043 2748 1099 2782 (86)
1122 2747 1177 2775 Vit.
1195 2747 1271 2774 Patr.
1289 2755 1326 2778 Iv,
1344 2747 1397 2780 ης
1417 2747 1470 2774 Vit.
1495 2755 1556 2781 cap.
1578 2748 1622 2774 liti.

1043 2783 1100 2817 (87)
1127 2783 1180 2809 lit.
1195 2782 1272 2809 Patr.
1292 2790 1328 2813 tv,
1348 2783 1398 2814 45;
1424 2782 1474 2809 Vit.
1490 2783 1534 2808 93$.

1044 2819 1099 2852 (88)
1128 2817 1179 2845 Vit.
1199 2817 1276 2844 Patr.
1294 2825 1332 2848 vl,
1350 2818 1392 2844 15.

1044 2850 1099 2888 (89)
1125 2852 1178 2888 Vit.
1201 2853 1275 2880 Patr.
1296 2853 1404 2887 "1,15;
1433 2852 1482 2880 νίι,
1501 2853 1550 2885 94ς
1566 2851 1699 2879 Sabellum
1717 2852 1750 2879 7.3
1763 2850 1799 2878 ad

1009 2887 1095 2916 Grad.’
1108 2889 1124 2916 ι
1140 2887 1217 2916 Joan.
1235 2889 1348 2916 Cliniae.
1423 2894 1425 2896 '
