1978 3075
223 157 273 184 6ἳὸ

784 153 956 181 APPENDIX
977 153 1024 180 AD
1041 152 1257 182 E’ALLADIUM.

1795 152 1844 180 ΗΛ

221 211 451 247 quemadmodum
473 213 532 241 avis
549 213 584 240 ab
603 213 663 240 Ovis
681 212 850 247 deutigrans,
870 219 902 238 ea
926 210 1009 238 edicit

1067 210 1166 245 Ὠσπερ
1186 210 1240 244 γὰρ
1264 209 1348 245 ὅρνις,
1374 208 1569 244 ἐξανισταμένη
1596 208 1650 235 τῶν
1664 208 1744 240 ὼῶν,
1769 207 1847 242 οὔρια

222 259 302 285 urina
318 262 345 286 et
361 258 508 286 infecunda
527 268 534 287 :
550 259 586 286 ita
598 259 682 285 etiam
702 258 854 285 nt0ttaeltus
875 257 918 284 vel
932 258 1009 292 virgo

223 304 321 339 frigth
338 313 370 332 ac
391 306 572 332 mortiﬁcatur
587 305 614 332 itt
637 305 698 336 ﬁde,
722 305 833 340 quando
856 303 891 331 de
905 304 967 331 loco
981 303 1008 330 in

224 352 313 378 lceum
329 357 454 384 vagatur.

262 395 285 422 7.
302 395 359 430 (90)
374 395 475 423 lterum
488 395 557 422 dixit
570 405 576 423 :
593 395 684 422 Multa:
699 400 763 423 suttt
776 396 876 424 diaboli
892 396 1007 423 insidiaa.

228 440 279 467 Per
303 446 488 476 paupertatem
513 449 567 468 non
596 441 710 468 dimovit
736 441 876 468 animant?
898 442 1009 468 divitias

226 493 318 512 escam
336 486 456 513 adlttbet.
474 485 525 513 Per
543 487 723 513 contumelias
739 490 766 513 et
789 486 934 520 opprobria
954 494 1008 512 non

226 532 386 566 praevaluit?
398 532 491 558 laudes
502 536 527 558 et
536 532 649 566 gloriam
660 532 795 566 proponit.
807 532 856 559 Per
863 532 1009 559 sanitatem

225 577 362 608 devictus.
380 585 481 611 corptts
499 576 652 603 morbidum
668 577 766 603 reddit.
781 577 848 603 Cum
864 577 938 603 ettitn
953 584 1009 603 nott

226 623 344 657 potuerit
362 623 548 657 voluptatibus
562 622 699 656 decipere,
714 629 747 648 ex
762 622 954 648 ittt'oluntariis
971 622 1010 647 la-

227 669 339 696 boribus
371 668 581 695 subversionem
606 668 713 694 ellicere
737 672 865 694 conatur.
896 666 1010 694 Scilicet

225 714 336 741 morbos
352 713 531 748 gravissimos
548 713 730 748 permissionc
742 718 853 747 accepta
871 713 1009 745 admovet,

225 763 255 785 ut
273 759 412 785 hominum
428 767 475 793 per
489 766 536 785 eos
548 759 580 784 ad
594 759 722 793 pusillum
742 759 863 784 attitnum
878 761 906 785 et
921 758 1010 793 negli-

224 806 341 840 gentiam
359 805 537 831 adduclorutn
555 804 715 831 charitatent
731 804 759 830 in
769 803 851 831 Deum
869 804 956 830 valeat
970 804 1011 830 itt-

225 852 343 878 l‘uscare.
361 851 400 877 Ad
416 851 472 877 haec
491 850 647 877 cottciditur
661 858 762 884 corpus
778 849 955 877 validissimis
973 849 1010 876 fe-

1058 257 1143 284 ταῦτα
1160 257 1208 284 καὶ
1220 257 1305 291 ἄγονα
1321 256 1543 291 παρασκευάζει·
1562 254 1649 287 οὕτως
1662 255 1710 281 καὶ
1732 254 1847 290 μοναχος

1057 304 1074 339 ἢ
1103 303 1237 338 παρθένος
1259 302 1377 337 ψύγεται
1402 302 1448 328 καὶ
1474 301 1617 337 νεκροῠται
1643 301 1693 336 τῆς
1713 300 1845 333 πίστεως,

1057 350 1140 376 τόπον
1154 350 1186 376 ὲκ
1199 349 1282 375 τόπου
1297 348 1518 384 περιερχόμενος.

1094 394 1126 427 ζ’.
1149 393 1216 421 Εῐπε
1244 393 1341 420 πάλιν·
1363 393 1453 421 Πολλὰ
1473 393 1519 419 τοῦ
1533 393 1658 419 διαϐόλου
1683 393 1717 418 τὰ
1744 392 1846 427 ἐνεδρα,

1059 441 1108 468 Διὰ
1123 441 1218 472 πενίας
1237 441 1267 466 οὺ
1287 439 1447 475 μετεκίνησε
1461 439 1566 474 ψυχήνς
1584 439 1698 465 πλουτου
1718 438 1848 474 προσάγει

1059 488 1164 522 δέλεαρ.
1185 488 1223 513 Δι’
1246 486 1351 521 ὕϐρεων
1380 486 1428 512 καὶ
1452 485 1612 521 ὀνειδισμῶν
1640 486 1690 512 οὐκ
1722 486 1847 520 ῐσχυσενς

1060 533 1190 564 ἐπαίνους
1211 533 1258 558 καὶ
1275 532 1354 564 δόξαν
1376 531 1567 566 προϐάλλεται.
1581 531 1603 546 ⁷³
1625 531 1674 557 Διὰ
1690 532 1740 565 τῆς
1755 531 1849 565 ὑγείας

1059 578 1197 614 ἡττηθεὶς,
1213 578 1348 604 νοσοποιεῖ
1361 577 1391 602 τὸ
1407 576 1487 611 σῶμα
1501 576 1569 611 (95),
1593 577 1659 608 Ταῖς
1675 576 1728 612 γὰρ
1744 577 1850 611 ἡδοναῖς

1062 623 1099 659 μὴ
1115 623 1238 658 δυνηθεὶς
1256 623 1404 658 ἀπατῆσαι,
1417 622 1462 648 διὰ
1477 622 1532 647 τῶν
1545 622 1681 648 ἀκουσίων
1695 622 1784 648 πόνων
1801 623 1850 657 τὴν

1061 669 1241 704 παρατροπὴν
1269 669 1381 703 ποιῆσαι
1409 668 1548 703 πειρᾶται.
1567 667 1671 698 Νόσους
1692 667 1746 702 γάρ
1775 676 1850 698 τινας

1062 715 1217 751 βαρυτάτας
1235 715 1265 747 ἐξ
1280 715 1425 749 αἰτήσεως,
1439 714 1508 751 πρὸς
1524 713 1554 740 τὸ
1568 713 1611 739 διὰ
1634 713 1736 739 τούτων
1753 714 1851 747 ὀλιγω-

1062 762 1197 797 ρήσαντας
1211 760 1376 786 ὲπιθολῶσαι
1390 750 1478 786 αὐτῦν
1499 759 1548 794 τὴν
1564 759 1632 793 πρὸς
1649 758 1714 784 θεὸν
1729 759 1850 794 ἀγάπην,

1061 807 1205 843 προσάγει.
1224 806 1306 832 Ἀλλὰ
1320 806 1366 832 καὶ
1379 805 1579 839 κατατέμνεται
1592 805 1622 830 τὸ
1634 804 1713 839 σῶμα
1726 806 1851 839 πυρετοῖς

1063 854 1270 890 σφοδροτάτοις,
1299 852 1346 879 καὶ
1371 851 1443 886 δίψει
1466 851 1573 886 ἀσχέτῳ
1599 851 1718 878 ἀνιᾶται.
1744 851 1774 877 Εἰ
1802 851 1852 886 μὲν

225 897 329 928 bribus.
346 905 452 924 necnon
470 896 635 923 intolerabili
658 896 702 922 siti
726 896 877 922 cruciatur.
899 894 927 921 Si
945 903 1009 929 pee-

1067 899 1224 935 ἂμαρτωλδς
1241 898 1278 925 ὢν
1297 898 1383 925 ταῦτα
1408 898 1566 932 ὑφίστασαι,
1593 898 1783 932 ύπομνήσῡητι
1805 898 1853 924 καὶ

223 943 278 970 cali
291 944 400 978 quidem
415 951 478 970 retis
495 943 550 970 ltmc
568 943 680 978 pateris.
698 942 844 969 recordare
857 942 1008 968 futurarum

224 995 378 1022 poenarum.
396 988 488 1015 aeterni
507 987 588 1021 ignis,
604 986 777 1021 jttdieialiuttt
800 983 1009 1020 suppliciorum,

225 1043 275 1061 ttec
291 1035 410 1061 animum
430 1034 463 1060 ad
481 1034 625 1065 praesentia
646 1033 752 1059 remitte
766 1039 797 1058 ac
814 1031 937 1058 demitte.
954 1030 1011 1057 L:e—

225 1084 294 1111 tare,
319 1079 392 1114 quod
418 1079 569 1105 visitaverit
587 1082 613 1104 te
634 1077 722 1109 Deus,
740 1077 867 1112 pittmque
885 1075 952 1102 illud
968 1075 1010 1102 di-

224 1137 231 1151 ι
242 1130 299 1152 tttm
316 1126 344 1152 in
360 1133 407 1152 ore
429 1125 498 1151 ltabe
515 1134 522 1151 :
544 1123 685 1159 Castigans
705 1123 845 1158 castigavit
862 1130 902 1148 me
918 1121 1011 1148 Domi--

225 1180 285 1204 tnta,
299 1177 323 1198 et
339 1171 419 1198 morti
435 1179 486 1197 twn
500 1170 612 1196 tradidit
635 1177 674 1196 tne
688 1169 720 1195 ⁵⁸.
739 1168 852 1195 Ferrum
868 1176 945 1199 eras;
963 1168 1010 1195 sed

226 1226 274 1253 per
298 1220 384 1253 iguettt
409 1217 533 1252 altjecisti
550 1216 729 1251 ferruginettt.
748 1214 826 1248 Quod
855 1215 878 1242 si
902 1214 1010 1249 justitia

224 1270 350 1295 orttattts,
370 1264 398 1290 itt
415 1264 538 1291 morbum
554 1263 692 1294 incidisti,
711 1269 726 1288 a
739 1261 845 1296 magnis
863 1261 895 1287 ad
907 1261 1011 1295 majora

226 1310 407 1344 progrederis.
432 1310 534 1335 Aurum
555 1307 604 1334 es?
626 1312 653 1334 at
679 1314 726 1341 per
758 1306 846 1341 ignem
872 1306 1012 1340 probatior

225 1355 328 1381 evadis.
352 1354 435 1381 Datus
457 1359 499 1381 est
519 1354 632 1388 angelus
656 1353 732 1380 carni
752 1356 805 1379 tua:
819 1352 860 1378 "1’
885 1352 1010 1382 exsulta;

225 1402 318 1434 aspice
330 1401 375 1427 cui
396 1400 493 1427 similis
511 1399 600 1426 factus
617 1398 703 1425 fueris
719 1408 727 1425 ι
744 1398 844 1432 dignus
856 1398 967 1424 habitus
982 1406 1011 1423 es

226 1446 301 1474 Pauli
314 1451 399 1481 parte.
410 1445 652 1480 Feltreprobaris?
663 1445 751 1479 rigore
760 1444 900 1471 erudiris?
913 1443 1011 1470 Vertttn

227 1494 369 1527 Scriptura
385 1493 423 1518 ait
439 1501 445 1518 :
462 1492 644 1518 Transivimus
658 1499 704 1524 per
722 1490 807 1524 ignem
820 1496 844 1516 et
862 1497 970 1524 aquam,
987 1493 1012 1515 et

225 1538 343 1564 aluzisti
356 1546 403 1564 nos
418 1538 444 1563 in
462 1536 629 1571 refrigerium
644 1536 679 1561 7°.
699 1535 819 1562 Primum
832 1535 946 1562 sortitus
964 1534 1013 1561 es?

225 1587 354 1618 exspecta
377 1583 539 1610 secundum.
563 1581 602 1608 Ex
625 1582 726 1608 virtute
750 1585 890 1616 operatus.
916 1588 1012 1615 magna

226 1637 293 1656 voce
309 1629 400 1664 prol'er
420 1628 507 1656 sancti
525 1628 617 1654 verba.
635 1627 680 1653 Ait
692 1627 763 1653 enim
777 1635 784 1653 :
805 1626 912 1660 Pauper
928 1631 952 1652 et
966 1625 1015 1652 do-

226 1677 280 1702 lens
300 1683 358 1702 sum
378 1675 466 1709 ego“.
482 1673 626 1701 Perfectus
641 1673 688 1700 lies
703 1680 751 1707 per
765 1673 816 1699 hoc
830 1679 1013 1699 aerumnarum

227 1729 285 1756 par.
296 1719 363 1747 Nam
375 1721 461 1747 dicit:
475 1719 509 1746 In
520 1718 692 1745 tribulatione
706 1718 829 1744 dilatasti
841 1717 919 1743 me".
932 1716 1015 1751 igitur

229 1769 304 1794 hisee
329 1766 420 1801 potius
441 1765 581 1793 exercitiis
599 1765 696 1791 anima:
711 1769 811 1791 nostra;
830 1764 1015 1790 instruantur.

226 1813 452 1846 Quandoquidem
471 1819 526 1846 pra:
547 1811 634 1838 oculis
657 1810 789 1837 habemus
813 1809 1013 1837 adversarium.

263 1901 289 1927 8.
318 1901 374 1934 (91)
400 1899 472 1926 Dixit
498 1906 632 1926 rursum:
656 1897 772 1931 Quando
793 1898 938 1925 inﬁrmitas
957 1907 1017 1925 mo-

227 1948 295 1974 lesta
322 1946 400 1973 nobis
424 1945 517 1975 fuerit,
538 1953 572 1971 ne
595 1945 802 1977 contristentur,
818 1944 891 1980 quod
903 1951 1017 1979 propter

227 1993 353 2020 morbum
369 1997 395 2019 et
421 1991 547 2026 corporis
570 1991 677 2025 plagam
704 1998 757 2017 nott
781 1991 919 2025 possimus
947 1998 1016 2018 voce

229 2040 356 2074 psallere.
378 2037 440 2064 llaec
465 2037 538 2065 enim
555 2036 648 2063 omnia
675 2035 755 2063 nobis
770 2035 961 2070 expediebant,
983 2037 1017 2064 ad

228 2084 410 2118 cupiditatum
423 2083 652 2110 destructionem.
669 2081 779 2108 Scilicet
788 2081 922 2116 jejunium
935 2087 1017 2117 atque

230 2131 304 2157 humi
323 2130 444 2160 cubatio.
468 2129 502 2155 ob
522 2128 678 2163 voluptates
703 2127 783 2155 nobis
808 2129 1015 2163 pratcipiutttur.

229 2175 343 2208 Quoties
360 2183 425 2209 ergo
443 2175 555 2201 morbus
570 2174 619 2200 has
633 2173 777 2204 retuderit.
800 2173 937 2208 supert'ua
955 2175 1017 2201 illo-

1060 947 1111 981 τῆς
1122 946 1270 982 μελλούσης
1285 945 1432 977 κολάσεως,
1447 945 1493 971 καὶ
1508 944 1554 970 τοῦ
1568 944 1677 970 αἰωνίου
1694 944 1790 979 πυρὸς.
1806 945 1852 970 καὶ

1060 992 1114 1018 τῶν
1125 991 1289 1018 δικαστικῶν
1297 991 1446 1026 τιμωριῶν,
1459 991 1505 1017 καὶ
1517 991 1545 1017 οὺ
1559 991 1595 1025 μὴ
1604 991 1773 1026 ὀλιγωρήσῃς
1786 991 1852 1024 πρὸς

1060 1037 1094 1064 τὰ
1110 1037 1243 1073 παρόντα.
1256 1038 1342 1072 Χαῖρε
1359 1038 1400 1063 ὃτι
1413 1037 1587 1071 ὲπεσκότιησέ
1601 1045 1630 1062 σε
1645 1038 1659 1063 ὁ
1669 1037 1734 1067 Θεὸς
1743 1045 1749 1051 ·
1764 1037 1809 1063 καὶ
1823 1036 1853 1062 τὸ

1061 1083 1185 1118 εὔφημον
1199 1083 1229 1109 δὲ
1250 1084 1338 1109 ἐκεῖνο
1362 1082 1444 1117 ῥητὸν
1468 1083 1514 1108 ἐπὶ
1528 1082 1577 1117 τῆς
1601 1081 1723 1117 γλώττης
1744 1082 1799 1116 ἔχε,
1815 1082 1854 1113 ὡς

1061 1129 1216 1156 Πίιιδεὺων
1231 1128 1393 1156 ἐπαίδευσέ
1402 1136 1440 1162 με
1459 1129 1475 1154 ὀ
1485 1128 1604 1162 Κύριος,
1621 1127 1669 1154 καὶ
1683 1126 1722 1159 τῷ
1738 1126 1854 1159 θανάτῳ

1061 1177 1097 1203 οὺ
1115 1173 1268 1209 παρέδωκέ
1285 1183 1334 1209 με.
1350 1174 1463 1209 Σίδηρος
1478 1174 1626 1209 ἐτύγχανες
1636 1182 1643 1188 ·
1657 1173 1726 1200 ἀλλὰ
1748 1173 1791 1199 διὰ
1806 1173 1852 1199 τοῦ

1062 1221 1148 1257 πυρὸς
1173 1220 1217 1247 τὸν
1247 1220 1285 1247 ἰὸν
1314 1220 1488 1252 ἀποϐάλλεις.
1507 1220 1537 1246 Et
1562 1219 1590 1246 δὲ
1618 1219 1664 1246 καὶ
1687 1219 1792 1250 δίκαιος
1815 1218 1852 1245 ὦν

1062 1268 1224 1303 ἀρῤωστεῖς,
1241 1268 1294 1294 ἀπὸ
1315 1267 1368 1294 τῶν
1387 1267 1513 1301 μεγάλων
1536 1266 1584 1293 ἐπὶ
1599 1265 1632 1292 τὰ
1656 1265 1767 1301 μείζονα
1787 1272 1854 1299 προ-

1063 1314 1184 1344 κόπτεις.
1201 1314 1307 1349 Χρυσος
1321 1311 1360 1346 εἷς
1376 1313 1445 1339 ἀλλὰ
1458 1313 1502 1339 διὰ
1516 1311 1563 1338 τοῦ
1574 1311 1660 1347 πυρὸς
1672 1310 1854 1346 δοκιμώτερος

1062 1360 1136 1396 γίνῃ.
1158 1359 1251 1394 Ἐδόθη
1269 1368 1310 1386 σοι
1321 1359 1436 1394 ἄγγελος
1449 1361 1481 1394 τῇ
1501 1358 1582 1394 σαρκί
1596 1366 1602 1390 ;
1620 1357 1757 1391 ἀγαλλιῶ·
1773 1357 1855 1392 βλέπε

1062 1406 1114 1432 τίνι
1130 1406 1222 1440 ὅμοιος
1235 1405 1366 1439 γέγονας·
1385 1406 1434 1440 τῆς
1446 1405 1501 1442 γὰρ
1522 1404 1629 1431 Παύλου
1651 1404 1758 1439 μερίδος
1774 1402 1856 1437 ἠξιώ-

1064 1451 1125 1486 Θης.
1140 1452 1190 1478 Διὰ
1204 1452 1251 1478 τοῦ
1265 1451 1382 1487 πυρετοῦ
1395 1450 1545 1487 δοκιμάζῃ;
1557 1450 1600 1476 διὰ
1617 1450 1709 1485 ῥίγους
1724 1449 1855 1485 παιδεύῃ;

1064 1498 1132 1524 ἀλλά
1151 1506 1232 1532 φησιν
1257 1498 1273 1532 ἠ
1295 1498 1408 1533 Γραφή·
1437 1497 1602 1531 Διήλθομεν
1618 1496 1667 1522 διὰ
1691 1495 1785 1529 πεζοὺς
1807 1496 1856 1521 καὶ

1065 1543 1183 1575 ὕδατος,
1201 1543 1250 1570 καὶ
1271 1542 1417 1577 ἐξήγαγες
1432 1542 1511 1577 ἡμᾶς
1527 1543 1571 1575 είς
1586 1541 1759 1575 ἀναψυχήν.
1776 1540 1858 1566 Ἐτυ-

1065 1598 1111 1624 χες
1130 1589 1180 1616 τοῦ
1208 1589 1337 1625 πρώτους
1360 1589 1497 1624 προσδόκα
1514 1588 1544 1614 τὸ
1567 1588 1702 1623 δεύτερον.
1726 1586 1859 1621 Πράττων

1065 1636 1114 1671 τὴν
1129 1636 1239 1671 ἀρετὴν,
1257 1635 1305 1670 βόα
1325 1635 1361 1661 τὰ
1387 1634 1434 1661 τοῦ
1458 1634 1535 1668 ἁγίου
1552 1635 1678 1670 ῥήματαο
1694 1633 1760 1668 φησὶ
1785 1633 1857 1667 γάρ’

1065 1682 1186 1716 Πτωχὸς
1211 1681 1259 1708 καὶ
1277 1681 1378 1715 ἀλγῶν
1396 1682 1455 1715 altu
1473 1679 1540 1715 ἐγώ.
1563 1679 1670 1711 Τέλειος
1687 1680 1788 1714 γενήσῃ
1814 1678 1860 1704 διὰ

1065 1727 1168 1762 ταύτης
1191 1727 1245 1753 τῶν
1265 1727 1381 1760 θλίψεων
1404 1727 1454 1762 τῆς
1479 1726 1590 1758 δυάδος·
1619 1726 1686 1760 φησὶ
1709 1726 1780 1760 γάρ·
1810 1725 1860 1750 Ἐν

1066 1774 1167 1807 θλίψει
1192 1773 1365 1806 ἑπλάτυνάς
1392 1781 1441 1807 με.
1470 1773 1514 1799 Ἐν
1543 1772 1648 1803 τούτοις
1673 1771 1773 1807 μᾶλλον
1803 1772 1860 1801 τοῖς

1066 1818 1227 1853 γυμνασίοις
1251 1818 1301 1850 τὰς
1324 1818 1413 1853 ψυχὰς
1437 1817 1617 1853 ἀσχηθῶμεν·
1646 1817 1689 1843 ἐπ’
1712 1816 1860 1852 ὀφθαλμῶν

1067 1864 1120 1900 γὰρ
1135 1864 1243 1900 ὁρῶμεν
1258 1865 1303 1891 τὸν
1320 1864 1479 1891 ἀντίπαλον.

1102 1910 1136 1945 η’.
1155 1907 1221 1936 Eine
1236 1910 1332 1936 πάλιν-
1353 1909 1415 1936 Ἐὰν
1434 1910 1561 1937 ἀσθένεια
1576 1909 1640 1944 ὀχλῇ
1661 1910 1737 1944 ἡμῖν,
1761 1907 1797 1943 μὴ
1811 1907 1861 1933 λυ-

1068 1955 1209 1990 πηθῶμεν,
1221 1956 1259 1987 ὡς
1273 1955 1316 1982 διὰ
1334 1955 1383 1991 τὴν
1395 1955 1537 1982 ἀσθένειαν
1556 1956 1603 1982 καὶ
1624 1955 1673 1990 τὴν
1690 1955 1796 1989 πληγὴν
1812 1954 1860 1980 τοῦ

1069 2000 1196 2036 σώματος
1212 2001 1249 2036 μὴ
1262 2001 1406 2036 δυνάμενοι
1424 2001 1536 2035 ψάλλειν
1561 2000 1629 2035 μετὰ
1646 2000 1754 2034 φωνῆς’
1772 1999 1861 2025 ταῦτα

1068 2047 1122 2082 γὰρ
1136 2048 1225 2074 πάντα.
1241 2049 1307 2082 ἡμῖν
1320 2047 1428 2082 ἠνύετο,
1442 2048 1510 2083 πρὸς
1524 2046 1683 2082 καθαίρεσιν
1697 2045 1859 2079 ἐπιθυμιῶν.

1068 2094 1124 2120 Καὶ
1136 2093 1189 2129 γὰρ
1203 2095 1219 2128 ἡ
1235 2094 1347 2129 νηστεία
1365 2094 1412 2120 καὶ
1431 2095 1447 2129 ἠ
1473 2092 1607 2128 χαμευνία
1620 2091 1664 2118 διὰ
1689 2091 1739 2123 τὰς
1763 2091 1861 2126 ἡδονὰς

1069 2141 1135 2174 ἡμῖν
1149 2139 1369 2174 νενομοθέτηται.
1385 2140 1417 2166 Εἰ
1431 2137 1477 2166 οὖν
1494 2140 1509 2174 ὴ
1521 2139 1597 2169 νόσος
1609 2139 1709 2169 ταύτας
1725 2137 1860 2172 ἤμϐλυνε,

1069 2185 1196 2220 περιττὸς
1212 2185 1322 2218 ὁλόγος.
1336 2185 1409 2219 Αὕτη
1423 2186 1476 2220 γὰρ
1494 2186 1567 2211 ἐστιν
1581 2186 1596 2219 ἡ
1614 2183 1718 2219 μεγάλη
1732 2184 1860 2217 ἄσκησις,

230 2229 290 2248 rum
307 2221 386 2248 ratio.
408 2219 471 2247 ΙΙωο
493 2220 596 2254 quippe
615 2226 712 2254 magna
732 2224 773 2246 est
797 2220 969 2252 exercitatio,
989 2221 1012 2247 in

1069 2228 1098 2254 το
1115 2229 1144 2255 ἐν
1170 2230 1224 2260 τοῖς
1242 2229 1330 2260 νόσοις
1353 2229 1545 2264 ἐγκαρτερεῖν,
1562 2229 1610 2255 καὶ
1636 2226 1862 2263 εὐχαριστηρίους

229 2268 336 2295 morbis
351 2268 487 2302 patienter
505 2266 587 2299 ferre,
604 2270 631 2293 et
648 2266 798 2301 gratiarum
813 2266 931 2293 actionis
941 2267 1019 2302 hym-

230 2321 281 2340 nos
298 2313 423 2340 emittere
441 2312 475 2338 ad
490 2311 586 2338 Deum.

264 2361 290 2387 9.
313 2360 369 2394 (92)
398 2359 496 2385 Iterum
520 2358 627 2384 elocuta
643 2361 685 2384 est
707 2365 714 2383 :
736 2355 764 2383 In
790 2356 956 2391 jejunando,
983 2366 1017 2385 tte

231 2411 364 2440 praete.an
380 2406 515 2432 morbum.
533 2403 584 2436 Qui
601 2403 673 2430 enim
689 2410 743 2430 tton
756 2403 892 2437 jejunant.
903 2404 930 2430 itt
951 2412 1015 2431 eas-

231 2453 291 2478 thllI
304 2459 376 2485 saepe
388 2450 514 2478 incidunt
526 2448 727 2484 aegrotationes.
737 2448 842 2476 Bonum
856 2449 1012 2476 inchoasti?

267 2532 289 2547 ⁸⁸
303 2531 375 2559 Psal.
397 2538 481 2562 cxvii,
495 2531 537 2558 18.
590 2531 612 2547 ⁸⁹
627 2531 722 2560 llCor.
740 2540 787 2566 xu,
808 2533 835 2560 7.

232 2567 283 2594 ltoc
296 2574 401 2594 comma
421 2567 602 2602 postponitur.

267 2652 322 2687 (90)
343 2652 395 2680 Vit.
413 2653 490 2680 Patr.
505 2661 554 2685 vtt,
575 2654 618 2681 16.
637 2653 688 2680 Vit.
708 2654 752 2681 98.

267 2688 322 2722 (9|)
341 2687 393 2715 Vit.
411 2688 486 2715 Patr.
502 2697 550 2720 vtt,
565 2689 615 2721 i7;
634 2688 700 2716 Vita:
715 2690 760 2716 99.

268 2723 324 2759 (lii)
343 2723 393 2750 Vit.
413 2723 488 2750 Patr.
511 2725 621 2758 vtt,18;
641 2723 693 2750 Vit.
709 2724 771 2750 Me.

267 2758 322 2792 (95)
342 2760 392 2785 Διὰ
412 2759 467 2793 τῆς
494 2759 595 2793 ὑγείας
621 2759 776 2793 ἡττηθεὶς,
805 2760 959 2786 νοσοποιεῖ
982 2760 1015 2786 τὸ

232 2792 326 2827 σῶμα.
342 2793 425 2821 Valde
440 2792 598 2827 itnporl'ecta
614 2792 656 2821 εει
669 2793 769 2829 Pelagii
783 2797 883 2821 vet-sio.
903 2794 949 2821 Sin
967 2803 1014 2820 au-

234 2833 294 2861 tem,
316 2829 414 2862 inquit.
435 2830 583 2856 satietatem
604 2830 722 2862 corporis
742 2830 870 2857 immittit.
890 2829 1014 2865 Supplcri

233 2868 321 2899 potest
338 2872 345 2891 ι
361 2864 407 2891 Sin
427 2872 511 2890 auiam
522 2871 566 2895 per
580 2865 719 2891 sanitatem
736 2865 816 2892 victus
829 2865 920 2899 fuerit,
931 2864 1008 2891 'mor-

1070 2273 1170 2308 ὕμνους
1186 2273 1360 2309 ἀναπέμπειν
1376 2274 1414 2309 τῷ
1428 2274 1497 2309 Θεῷ.

1106 2360 1139 2388 0'.
1166 2358 1233 2386 Εἶπε
1259 2361 1340 2387 πάλιν
1362 2361 1440 2395 (ΜΓ
1469 2361 1616 2396 Νηστεύων
1637 2360 1674 2396 μὴ
1703 2360 1861 2395 προφασίση

1069 2406 1160 2432 νόσον·
1175 2407 1223 2433 καὶ
1237 2406 1292 2442 γὰρ
1303 2408 1327 2433 οἱ
1349 2408 1387 2442 μὴ
1401 2407 1577 2442 νηστεύοντες
1592 2409 1647 2438 τοῖς
1660 2407 1751 2437 αὐτοῖς
1762 2406 1863 2433 πολλὰ·

1069 2461 1112 2484 κις
1130 2453 1292 2488 περιέπεσον
1317 2454 1480 2488 νοσήμασιν.
1508 2453 1602 2489 Ἥρξω
1627 2453 1674 2479 τοῦ
1701 2452 1803 2484 mimi;
1824 2452 1862 2487 μὴ

885 2533 907 2549 ’⁸
921 2532 994 2559 Psal.

1067 2553 1074 2560 .
1091 2533 1134 2560 12.
1173 2535 1194 2550 ⁷³
1211 2534 1283 2562 Psal.
1299 2543 1393 2567 uvttt,
1412 2536 1456 2563 50.
1495 2536 1518 2551 ⁷³
1539 2535 1610 2562 Psal.
1623 2543 1660 2568 tv,
1676 2535 1703 2562 ἓ.
1741 2535 1765 2550 ⁷³
1778 2533 1806 2561 lit
1824 2535 1861 2561 al.

1069 2653 1114 2681 bat
1128 2653 1245 2688 corporis
1260 2654 1389 2680 immittit.
1402 2653 1452 2680 Ms.
1465 2654 1546 2680 Corlt.
1557 2664 1564 2680 :
1576 2653 1605 2681 Si
1616 2663 1661 2688 per
1676 2655 1791 2681 salutem
1805 2663 1863 2682 cor-

1069 2692 1142 2723 poris
1155 2690 1279 2721 vincitur,
1291 2690 1473 2724 a'gritudinent
1483 2690 1573 2716 mittit.
1588 2689 1746 2717 Snession.:
1755 2691 1802 2717 Sin
1816 2699 1867 2716 au-

1070 2730 1176 2760 tetttrper
1187 2725 1300 2751 salutent
1314 2726 1433 2759 corporis
1447 2725 1571 2755 vincitur.
1593 2726 1779 2760 tegritudinem
1801 2726 1867 2751 mit-

1069 2761 1109 2785 tit.
1126 2759 1243 2786 Fossat.:
1256 2759 1286 2786 Si
1296 2768 1341 2794 per
1356 2760 1470 2787 salutem
1490 2762 1606 2794 corporis
1617 2759 1675 2787 non
1694 2761 1822 2793 vincetur,
1837 2769 1864 2786 tu

1069 2795 1253 2829 wgriludinem
1264 2796 1358 2822 mittit.

1107 2830 1163 2863 (94)
1183 2828 1257 2856 Eine
1286 2830 1388 2858 πάλιν.
1406 2831 1544 2858 Decimum
1569 2831 1641 2858 istud
1665 2831 1866 2866 Apoplttltegma

1071 2866 1162 2899 (ιορωρὶ
1180 2872 1194 2891 a
1209 2865 1304 2894 codice
1320 2874 1370 2893 ms.
1391 2867 1555 2894 Colbcrtina'.
1573 2867 1754 2894 bibliothecae.
