1978 3075
124 162 173 190 ιοι

675 165 979 194 APOPHTHEGMATA
1000 166 1153 196 PATRUM.

1697 169 1751 197 402
1759 175 1765 184 ’ί

122 223 164 252 εἰς
176 221 226 256 τήν
240 221 352 258 ἔρημον,
372 223 462 255 ούτως
477 225 619 260 γηράσαςς
641 226 670 252 '0
682 226 711 252 δὲ
728 226 815 261 γέρων
835 234 914 262 προσ-

969 227 1115 254 solitudine
1135 226 1235 260 facere,
1255 227 1302 262 qui
1321 227 1353 254 ad
1371 230 1474 254 tantam
1497 228 1653 262 peneneris
1673 236 1750 256 sene-

123 265 203 301 έσχεν
216 267 290 302 αὐτῷ
306 268 374 302 μετὰ
395 270 573 305 στυφότητος,
590 271 675 305 λέγων
686 280 692 286 ·
705 272 738 298 Tt
756 280 800 306 μοι
816 272 915 305 λέγεις,

130 312 247 347 Ἀμοῦν;
275 314 324 340 οὐκ
349 315 431 350 ἤρκει
453 316 508 351 γάρ
531 325 576 352 μοι
595 318 612 352 ή
629 317 769 353 ἐλευθερία
785 318 852 354 μόνη
869 318 915 344 τοῦ

122 359 255 395 λογισμοῦ
272 369 323 396 μου
336 362 365 388 ὲν
382 364 417 398 τῇ
433 363 528 399 ἐρήμῳ
540 386 546 396 ,

161 447 213 479 κζ’.
236 448 368 483 Ἐκάθητό
384 458 450 475 ποτε
472 451 486 476 ὁ
499 450 585 481 ὰϐϐᾶς
601 451 697 486 Σισόης
713 452 742 478 ὲν
764 451 803 487 τῷ
819 451 915 487 κελλίῳ

124 493 224 519 αὑτοῦ·
243 494 290 520 καὶ
305 495 472 530 κρούσαντος
495 497 541 522 τοῦ
559 497 679 532 μαθητοῦ
693 497 786 529 αὑτοῦ,
801 498 915 534 ἔκραξεν

125 539 140 563 ὀ
151 539 249 574 γέρων,
263 540 349 575 λέγων
360 550 366 555 ·
379 541 451 576 Φύγε
467 543 499 574 ⁸⁸,
509 542 642 578 Ἀϐραὰμ,
658 543 694 579 μὴ
708 544 841 580 εἰσέλθῃς,
853 545 915 580 ἄρτι

125 585 156 610 οὐ
175 586 300 620 σχολάζει
312 587 347 614 τὰ
360 584 423 615 ὦδε.

165 635 219 667 κη’.
242 632 367 667 Ἀδελφὸς
377 633 503 668 ἠρώτησε
519 634 564 660 τὸν
580 634 666 661 ἀὸϐἆν
685 635 792 670 Σισόην,
813 635 913 670 λέγων’

125 678 188 709 Πῶς
203 678 349 710 κατέλιπες
371 679 419 714 τὴν
435 680 537 714 Σκῆτιν
561 680 630 715 μετὰ
645 680 692 707 τοῦ
717 681 788 708 ἀϐὅᾶ
803 682 852 717 Ὢρ
865 681 914 715 ὣν,

127 724 174 750 καὶ
191 722 273 759 ἦλθες
294 725 340 751 καὶ
352 726 482 757 ὲκάθισας
497 723 548 753 ὦδε
562 735 569 759 ;
592 727 674 761 Λέγει
690 727 763 763 αὐτῷ
780 729 794 755 ὁ
808 729 912 763 γέρωνε

132 771 177 796 Ἐν
191 769 230 805 τῷ
241 770 374 806 ἄρξασθαι
391 771 575 806 πληθύνεσθαι
587 773 635 807 τὴν
647 773 755 808 Σκῆτιν,
773 774 820 800 καὶ
835 773 916 800 ἁκού-

128 824 178 847 σας
191 816 247 850 ἐγὼ
265 817 305 843 ὃτι
328 818 464 852 ἐκοιμήθη
481 819 496 844 ὁ
516 818 602 850 ᾰῦϐἄς
630 819 780 852 Ἀντώνιος,
800 820 916 856 ἀνέστην

126 861 174 887 καὶ
189 859 269 896 ἦλθον
280 859 332 888 ὦδε
345 863 385 894 εἰς
401 863 430 889 τὸ
443 862 505 899 ὄρος
517 871 524 878 '
545 864 590 890 καὶ
604 863 690 899 εὑρὼν
703 864 737 890 τὰ
747 861 798 891 ὧδε
813 865 916 899 ἡσυχά-

125 907 218 938 ζοντα,
229 908 326 943 μικρὺν
338 907 453 935 ἐκάθισα
467 908 571 944 χρόνον.
585 909 665 944 Λέγει
678 909 751 944 αὐτῷ
763 911 777 937 ὁ
790 910 911 945 ἁδελφός·

126 952 213 979 Πόσον
227 953 322 988 χρόνον
340 952 411 988 ἔχεις
426 950 477 981 ὧδε
489 963 496 987 ;
507 955 588 988 Λέγει
603 955 677 990 αὐτῷ
687 955 702 981 ὁ
712 955 815 990 γέρων·
837 955 912 983 Εἰσὶν

131 998 365 1033 ἑϐδομηκονταδύο
376 1000 409 1026 ¹⁵.

162 1043 214 1071 κθ’.
231 1042 314 1071 Εἶπεν
326 1047 340 1071 ὁ
352 1044 439 1077 ἀδεεῖς
452 1046 563 1080 Σισὰης·
576 1047 660 1072 Ὅταν
707 1047 850 1082 ἄνθρωπος
862 1048 912 1084 τὴν

125 1090 254 1125 φροντίδα
267 1099 315 1118 σου
333 1092 503 1127 ποιούμενος,
521 1092 550 1118 οὐ
566 1092 607 1118 δεῖ
620 1101 649 1118 σε
664 1093 798 1125 διατάξαι.

160 1135 192 1163 λ’.
209 1136 334 1172 ’Λδελφὸς
341 1137 467 1174 ἠρώτησε
475 1137 520 1164 τὸν
529 1138 616 1164 ἀόϐᾱν
625 1139 721 1174 Σισόην
729 1139 815 1174 λέγων
824 1148 831 1155 ·
850 1139 913 1167 Ἐὰν

126 1182 322 1218 περιπατῶμεν
344 1184 373 1209 ἐν
393 1183 455 1219 ὁδῷ,
475 1184 522 1210 καὶ
538 1183 662 1220 πλανηθῇ
676 1186 690 1211 ὁ
707 1185 811 1220 ὁδηγῶν
826 1186 912 1221 ἡμᾶς,

124 1229 205 1264 χρεία
220 1230 307 1256 εἰπεῖν
321 1229 408 1265 αὐτῷ;
425 1230 506 1264 Λέγει
519 1230 593 1266 αὐτῷ
603 1232 617 1258 ὸ
630 1231 727 1266 γέρων·
740 1233 815 1267 Οὐχί.
832 1233 912 1267 Λέγει

123 1273 171 1300 οὖν
189 1276 204 1301 ὁ
217 1274 346 1309 ἁδελφός·
367 1275 438 1302 Ἀλλ’
450 1275 565 1310 ἀφῶμεν
578 1277 658 1304 αὐτὸν
675 1277 812 1313 πλανῆσαι
822 1280 911 1314 ήμᾶς;

127 1320 208 1354 Λέγει
216 1320 290 1355 αὐτῷ
304 1321 425 1355 ὁγέρων·
436 1321 468 1347 Τί
483 1319 544 1354 οὖν;
555 1321 646 1349 λαϐεῖν
661 1323 733 1358 ἔχεις
747 1324 844 1359 ῥάϐδον
857 1325 912 1351 δεῖ-

122 1375 172 1402 ραι
185 1367 282 1399 αὺτ6ν;
294 1367 365 1401 Ἐγὼ
380 1366 438 1394 οἴδα
451 1368 581 1402 ἀδελφοὺς
595 1370 635 1396 ὅτι
653 1371 845 1405 περιεπάτουν,
865 1372 913 1399 καὶ

117 1413 132 1436 ὁ
154 1413 260 1448 ὁδηγῶν
282 1414 379 1446 αὐτοὺς
394 1414 532 1449 ἐπλανήθη
545 1416 594 1451 τὴν
610 1416 709 1443 νύκτα·
732 1415 804 1453 ἦσαν
819 1418 846 1444 δὲ
860 1419 912 1445 δὼ-

123 1458 200 1489 δεκα,
214 1459 261 1485 καὶ
278 1460 378 1492 πάντες
390 1460 499 1496 ᾔδεισαν
511 1463 552 1489 ὅτι
564 1463 717 1490 ἐπλανῶντο
727 1472 733 1478 ·
756 1465 801 1490 καὶ
814 1465 912 1499 ἠγωνί-

124 1513 208 1531 σαντο
218 1505 331 1537 ἕκαστος
342 1507 389 1533 τοῦ
403 1507 439 1543 μὴ
452 1510 548 1535 εἰπεῖν.
567 1509 688 1545 Ἡμέρας
708 1509 736 1536 δὲ
751 1512 912 1546 γενομένης,

125 1549 220 1584 μαθὼν
236 1552 250 1577 ὁ
271 1552 376 1587 ὁδηγῶν
391 1554 487 1586 αὐτοὺς
501 1555 542 1581 ὅτι
564 1555 756 1591 ἐπλανήθησαν
777 1557 827 1592 τὴν
841 1558 910 1589 ὁδὸν,
926 1567 945 1594 c

123 1595 200 1629 λέγει
213 1596 318 1628 αὐτοῖς·
331 1597 533 1634 Συγχωρήσατέ
552 1608 607 1634 μοι,
622 1600 663 1626 ὅτι
678 1600 843 1636 ἐπλανήθην.
858 1602 912 1628 Καὶ

123 1639 201 1668 εἷπον
213 1642 327 1674 πάντες⁶
345 1644 400 1670 Καὶ
409 1646 490 1680 ἡμεῖς
504 1645 624 1680 ᾔδειμεν,
638 1646 696 1673 ἀλλ’
707 1647 910 1682 ὲσιωπήσαμεν.

131 1687 160 1712 Ὀ
175 1687 204 1714 δὲ
225 1687 346 1720 ἀκούσας
368 1689 517 1725 ἐθαύμασε,
540 1691 637 1726 λέγων,
656 1693 696 1719 ὃτι
711 1693 784 1724 Ἕως
798 1693 912 1720 θανάτου

125 1733 336 1768 ἐγκρατεύονται
353 1735 377 1760 ol
392 1735 501 1769 ἀδελφοὶ
510 1736 557 1763 τοῦ
571 1737 608 1772 μὴ
623 1737 723 1764 λαλεῖν.
737 1738 792 1764 Καὶ
804 1738 913 1770 ὲδόξασε

123 1779 170 1804 τὸν
193 1779 268 1806 Θεόν.
302 1779 339 1806 Τὸ
360 1780 390 1807 δὲ
409 1781 496 1816 μῆκος
522 1782 570 1818 τῆς
584 1782 644 1810 ὁδοῦ
662 1781 696 1820 ἦς
710 1784 914 1820 ἐπλανήθησαν,

125 1824 202 1859 μίλια
212 1823 326 1853 δώδεκα.

159 1914 210 1941 λα’.
226 1912 327 1942 Ἦλθόν
341 1925 407 1943 ποτε
423 1917 586 1953 Σαρακηνοὶ,
603 1919 650 1946 καὶ
668 1919 796 1953 ἐξέδυσαν
809 1922 854 1948 τὸν
866 1922 914 1956 γέ-

125 1970 208 1997 ροντα
225 1963 272 1988 καὶ
286 1963 332 1989 τὸν
348 1963 460 1998 ἀδελφὸν
477 1964 569 1992 αὑτοῦ.
584 1966 638 1992 Καὶ
652 1966 812 1998 ἐξελθόντων
825 1969 914 1996 αὐτῶν

124 2007 164 2037 εἰς
177 2006 227 2042 τήν
241 2007 343 2043 ἔρημον
361 2009 404 2035 ἵνα
422 2008 522 2045 εὖρωσί
537 2019 563 2036 τι
581 2011 727 2047 βρώσιμον,
746 2009 825 2048 εὗρεν
841 2014 855 2040 ὁ
870 2015 915 2048 γέμ

127 2061 181 2087 ρων
195 2053 304 2089 βόλὸιτα
320 2055 460 2090 καμήλων,
477 2057 524 2083 καὶ
545 2057 646 2089 κλάσας
662 2054 726 2094 εὗρε
740 2059 837 2086 κοκκία
852 2069 914 2097 κρι-

126 2098 181 2125 θῶν
192 2106 200 2113 ·
215 2098 317 2134 ἔτρωγε
334 2100 363 2126 δὲ
379 2100 407 2126 ἓν
424 2102 529 2132 κοκκὶν;
543 2103 589 2129 καὶ
612 2103 643 2129 τὸ
667 2103 696 2129 ἓν
719 2105 758 2136 εἰς
774 2104 824 2139 τὴν
837 2106 915 2139 χεῖρα

125 2145 208 2171 αὑτοῦ
225 2146 318 2173 ἐτίθει.
342 2147 441 2173 Ἐλθὼν
455 2148 483 2174 δὲ
506 2149 520 2174 ὀ
539 2148 650 2183 ἀδελφὸς
666 2149 759 2183 αὐτοῦ,
775 2148 853 2186 εὗρεν
867 2151 916 2178 αὑ-

125 2191 171 2217 τὸν
185 2191 318 2223 ἐσθίοντα,
334 2193 382 2219 καὶ
396 2193 469 2227 λέγει
489 2194 579 2229 αὐτῷ·
594 2194 668 2230 Αὕτη
689 2197 762 2222 ἐστὶν
776 2197 792 2232 ή
809 2196 914 2232 ἀγάπη,

967 273 1089 300 ctutem?
1106 273 1141 299 At
1160 280 1243 300 senex
1257 272 1352 300 oculos
1368 273 1396 300 in
1410 280 1471 300 eum
1495 273 1611 300 intendit
1625 281 1687 300 cum
1702 274 1751 300 tri-

965 318 1055 350 stitia,
1075 318 1199 353 dixitque
1216 327 1223 345 :
1241 318 1311 351 Quid
1327 318 1392 345 milii
1405 317 1522 353 profers,
1537 318 1645 345 Amun?
1657 318 1750 346 Nonne

965 364 1037 391 enim
1053 363 1119 390 mihi
1139 362 1288 391 sufliciebat
1314 364 1370 391 sola
1396 364 1495 392 mentis
1516 372 1582 391 meae
1597 364 1708 391 libertas
1723 364 1751 390 in

965 409 1076 435 eremo?

1001 454 1045 480 27.
1069 453 1187 481 Sedebat
1200 453 1345 488 aliquando
1356 453 1440 481 abbas
1455 454 1547 481 Sisoes
1563 454 1589 480 in
1603 453 1670 481 cella
1682 460 1750 480 sua:

965 507 1082 534 cumque
1097 499 1233 534 pulsasset
1250 499 1401 533 discipulus
1418 499 1488 533 ejus,
1507 499 1634 526 clamavit
1647 506 1750 525 senex:

967 545 1052 580 Fuge,
1068 545 1218 578 Abraham,
1229 552 1263 572 ne
1279 544 1457 579 ingrediaris;
1472 546 1527 580 jam
1546 552 1605 580 quae
1621 543 1665 571 hic
1678 546 1750 575 sunt,

966 591 1022 618 otio
1036 595 1141 618 carent.

999 638 1045 664 28.
1059 637 1155 664 Frater
1169 637 1294 664 abbatem
1312 636 1417 664 Sisoem
1434 636 1611 670 interrogavit
1625 635 1677 662 hac
1689 642 1752 662 ora—

966 683 1060 711 tione:
1078 683 1220 716 Quomodo
1239 683 1339 710 Scetim
1363 682 1508 717 reliquisti,
1526 689 1587 708 cum
1603 681 1703 708 abbate
1715 679 1752 707 Οι-

965 729 1135 762 consistens,
1157 733 1184 756 et
1204 729 1304 756 venisti
1320 732 1350 755 ut
1361 727 1470 755 sederes
1484 727 1547 754 hic?
1565 725 1714 761 Respondit
1727 726 1750 752 ei

967 781 1051 800 senex
1069 782 1074 799 :
1092 772 1160 800 Cum
1178 772 1312 807 inciperet
1327 773 1415 799 Scetis
1435 771 1618 806 frequentari.
1636 777 1752 804 cumque

968 818 1121 846 audiissem
1142 822 1279 845 mortuum
1293 825 1354 845 esse
1371 818 1493 844 abbatem
1515 816 1672 847 Antonium,
1691 822 1753 841 sur-

971 864 1042 896 rexi,
1059 867 1085 891 et
1099 863 1239 898 profectus
1259 871 1318 890 sum
1338 863 1391 889 huc
1414 863 1440 889 in
1455 866 1590 894 montem;
1607 865 1688 895 atque
1711 859 1752 885 in-

965 910 1076 937 veniens
1090 909 1142 936 ista
1159 910 1218 936 loca
1230 909 1330 944 quieta,
1345 908 1378 935 ad
1394 916 1508 943 paucum
1523 912 1630 942 tempus
1650 906 1750 933 resedi.

968 955 1013 981 Ait
1029 955 1069 981 illi
1085 954 1170 981 frater
1183 963 1189 981 :
1201 954 1272 987 Quot
1293 961 1378 981 annos
1393 953 1435 980 hie
1454 951 1628 987 transegisti?
1643 949 1729 978 Senex
1744 958 1749 976 :

965 1000 1144 1035 Septuaginta
1161 1000 1241 1028 duos.

1003 1046 1051 1073 29.
1070 1046 1144 1073 Dixit
1163 1046 1248 1073 abbas
1264 1045 1357 1072 Sisoes
1372 1054 1378 1071 :
1393 1044 1507 1077 Quando
1523 1043 1600 1070 adest
1614 1042 1695 1069 homo
1711 1041 1750 1068 tui

967 1100 1061 1119 curam
1076 1092 1193 1124 habens,
1210 1099 1264 1118 non
1285 1095 1393 1126 oportet
1408 1095 1437 1117 ut
1452 1089 1602 1125 pt'mcipias.

998 1138 1046 1164 50.
1065 1136 1160 1164 Frater
1173 1137 1330 1164 sciscitatus
1346 1141 1386 1163 est
1402 1136 1527 1163 abbatem
1545 1134 1649 1161 Sisoem
1663 1141 1669 1159 :
1684 1132 1712 1160 Si
1725 1133 1752 1160 in

963 1182 1006 1209 via
1032 1182 1274 1223 ambulaverimys,
1300 1187 1327 1209 et
1351 1181 1457 1208 itineris
1483 1180 1537 1207 dux
1563 1178 1750 1209 aberraverit,

963 1231 1105 1262 oportetne
1126 1228 1150 1255 ei
1174 1221 1335 1255 declarare?
1373 1225 1525 1262 Respondit
1554 1232 1637 1253 senex
1656 1232 1663 1250 :
1680 1223 1750 1251 Non.
1802 1221 1806 1224 ’

965 1274 1111 1308 Subjunxit
1132 1274 1236 1300 frater:
1254 1272 1307 1300 Sed
1332 1273 1454 1300 sinemus
1474 1277 1502 1299 ut
1516 1279 1566 1298 nos
1583 1278 1598 1297 a
1613 1270 1657 1297 via
1675 1276 1751 1298 aver-

964 1321 1021 1347 tat?
1036 1319 1106 1346 Tum
1120 1320 1145 1346 ci
1161 1327 1244 1346 senex
1260 1327 1267 1345 :
1285 1318 1355 1351 Quid
1383 1318 1476 1353 igitur,
1497 1317 1651 1351 accipiesne
1667 1315 1753 1342 bacu—

964 1366 1019 1393 lum
1038 1373 1094 1401 quo
1112 1366 1188 1392 illum
1203 1365 1348 1392 verberes?
1364 1364 1420 1399 Ego
1439 1363 1500 1390 novi
1519 1363 1634 1395 fratres,
1652 1361 1754 1397 quibus

964 1412 1015 1439 iter
1029 1412 1185 1447 agentibus,
1199 1415 1282 1438 noctu
1295 1410 1432 1437 aberravit
1440 1417 1534 1436 eorum
1548 1409 1663 1440 ductor;
1675 1410 1753 1434 erant

963 1460 1055 1484 autem
1076 1456 1233 1489 duodecim,
1255 1463 1407 1490 omnesque
1433 1454 1556 1482 sciebant
1579 1452 1689 1488 evagari
1703 1459 1750 1483 se;

963 1507 989 1529 et
1014 1504 1201 1538 unusquisque
1219 1511 1312 1531 secum
1339 1501 1482 1529 contendit
1506 1508 1541 1528 ne
1563 1500 1678 1527 diceret.
1704 1497 1752 1524 Die

963 1553 1053 1576 autem
1072 1553 1183 1581 exorto,
1200 1549 1372 1584 comperiens
1387 1549 1438 1575 viae
1459 1547 1513 1574 dux
1535 1545 1607 1581 quod
1628 1545 1752 1572 deerras-

963 1599 1037 1627 sent,
1050 1595 1088 1621 ait
1102 1595 1156 1622 illis
1173 1604 1179 1622 :
1196 1595 1331 1630 Ignoscite
1345 1594 1423 1627 mihi,
1444 1592 1541 1621 deﬂexi
1557 1592 1591 1620 de
1607 1591 1660 1618 via.
1677 1590 1752 1618 Cun-

962 1641 1053 1675 ctique
1073 1645 1264 1677 exceperunt:
1285 1641 1340 1668 Nos
1362 1647 1472 1676 quoque
1496 1645 1677 1670 noveramus,
1703 1636 1751 1664 sed

963 1687 1136 1715 reticuimus.
1157 1687 1218 1720 Quo
1238 1687 1284 1715 ille
1301 1687 1412 1720 audito,
1429 1686 1578 1713 demiratus
1593 1687 1653 1716 est,
1669 1683 1751 1710 dixit-

963 1742 1036 1769 que:
1053 1733 1095 1761 Ad
1123 1737 1239 1761 mortem
1259 1741 1347 1769 usque
1371 1733 1470 1760 fratres
1495 1731 1632 1758 abstinent
1656 1737 1672 1756 a
1692 1736 1751 1756 ser-

963 1787 1053 1806 mone.
1070 1780 1109 1806 Ac
1129 1778 1215 1806 Deum
1238 1779 1366 1806 laudibus
1380 1778 1536 1806 celebravit.
1553 1775 1684 1806 Distantia
1701 1782 1751 1802 au-

964 1829 1017 1853 tem
1045 1826 1096 1853 via:
1118 1833 1136 1853 a
1158 1833 1212 1861 qua
1238 1825 1350 1853 abducti
1375 1824 1497 1854 fuerant.
1523 1821 1667 1850 duodecim
1692 1824 1751 1848 erat

964 1871 1132 1900 milliarium.

999 1917 1044 1944 51.
1066 1916 1205 1944 Venerunt
1219 1917 1336 1952 quodam
1349 1920 1471 1951 tempore
1486 1915 1631 1947 Saraceni,
1644 1918 1672 1941 et
1685 1920 1749 1948 spo-

964 1963 1099 1990 liaverunt
1125 1971 1217 1994 senem
1248 1963 1389 1998 ipsiusque
1419 1962 1541 1989 fratrem.
1571 1960 1694 1995 Cumque
1722 1959 1750 1986 hi

964 2009 1096 2037 exiissent
1119 2009 1146 2037 in
1175 2009 1366 2042 solitudinem,
1399 2012 1429 2036 ut
1455 2007 1556 2043 aliquid
1580 2007 1749 2035 esculentum

964 2055 1134 2089 invenirent,
1166 2055 1267 2091 reperit
1301 2063 1383 2083 senex
1413 2058 1535 2082 stercora
1563 2053 1746 2084 camelorum;

966 2102 1067 2137 quibus
1082 2101 1177 2129 fractis
1192 2105 1291 2130 nactus
1304 2106 1346 2129 est
1357 2109 1442 2137 grana
1456 2101 1560 2128 hordei.
1576 2099 1750 2127 Manducavit

966 2152 1056 2175 autem
1073 2155 1158 2175 unum
1176 2155 1303 2183 granum,
1319 2152 1346 2175 et
1364 2148 1480 2174 alterum
1499 2147 1526 2173 in
1545 2154 1625 2173 manu
1641 2152 1690 2172 sua
1702 2151 1751 2179 po-

969 2193 1034 2221 suit.
1049 2192 1170 2221 Veniens
1183 2201 1248 2221 vero
1259 2192 1342 2220 frater
1357 2193 1454 2227 ipsius,
1468 2191 1580 2219 offendit
1589 2197 1650 2218 eum
1663 2197 1751 2217 come-

124 2237 166 2262 ὃτι
183 2233 260 2271 εὗρες
277 2237 423 2273 βρώσιμον,
439 2239 484 2266 καὶ
499 2240 577 2275 μόνος
593 2240 702 2274 ἐσθίεις,
719 2242 766 2268 καὶ
780 2243 829 2269 οὐκ
843 2242 914 2278 ἐφώ-

969 2239 1072 2267 dentem
1085 2260 1092 2272 ,
1106 2244 1132 2267 et
1149 2240 1187 2267 ait
1207 2250 1213 2267 :
1236 2239 1363 2267 Haeccine
1387 2244 1429 2266 est
1449 2239 1587 2269 charitas,
1610 2236 1683 2272 quod
1705 2236 1750 2263 inv

124 2281 211 2316 νησάς
227 2291 277 2317 με;
295 2284 376 2317 Λέγει
390 2284 464 2320 αὐτῷ
476 2286 490 2311 ὸ
504 2286 590 2318 ἀὸὁᾶς
603 2287 713 2323 Σισόης·
728 2288 784 2315 οὐκ
797 2288 915 2324 ήδίκησά

124 2336 166 2358 σε,
179 2327 276 2356 ἀδελφέ
287 2337 293 2342 ·
310 2329 363 2364 ἰδοὺ
381 2330 412 2356 τὸ
431 2331 514 2366 μέρος
528 2340 574 2358 σου
594 2333 622 2359 ἐν
642 2335 675 2369 τῇ
700 2334 771 2370 χειρί
788 2343 839 2370 μου
853 2336 914 2371 ἐτή-

125 2382 206 2408 ρησα.

158 2461 208 2497 λβν.
227 2461 339 2496 Ἔλεγον
354 2463 418 2497 περὶ
429 2463 476 2489 τοῦ
490 2463 562 2490 ἀὸὂᾶ
574 2464 654 2501 Σισόη
665 2466 711 2492 τοῦ
726 2467 855 2501 Θηϐαίου,
873 2469 914 2495 ὃτι

123 2507 231 2543 ἔμεινεν
256 2509 297 2540 εἰς
320 2509 367 2535 τὸν
392 2509 550 2544 Καλαμῶνα
581 2510 628 2537 τοῦ
659 2511 844 2546 Ἀρσενοῖτου”
868 2516 915 2542 καὶ

123 2553 203 2584 ἄλλος
216 2553 304 2588 γέρων
324 2554 431 2589 ἠσθένει
452 2556 492 2587 εἰς
510 2556 560 2590 τήν
579 2555 661 2592 ἄλλην
673 2556 785 2593 λαύραν.
803 2560 858 2586 Καὶ
876 2561 914 2592 ὡς

123 2599 256 2634 ἤκουσεν,
273 2599 376 2635 ἑθλίϐη.
401 2601 509 2636 Ἐπειδὴ
529 2601 557 2627 δὲ
580 2602 626 2628 δύο
647 2602 692 2629 δύο
713 2604 849 2640 ὲνήστευε,
869 2607 915 2632 καὶ

122 2641 188 2680 ἦνή
209 2645 300 2680 ἡμέρα
319 2647 346 2671 ἐν
405 2647 455 2673 οὐκ
470 2646 563 2682 ήσθιε’
583 2648 628 2674 καὶ
649 2649 694 2675 ὅτε
713 2650 822 2686 ἤκουσε,
841 2651 915 2686 λέγει

122 2689 162 2724 τῷ
178 2689 317 2726 λογισμῷ·
335 2691 502 2727 Τί-ποιήσως
518 2693 565 2719 ἐὰν
584 2693 702 2728 ἀπέλθω,
717 2696 815 2731 μήπως
830 2698 915 2732 ἀναγ-

123 2735 228 2762 κάσωσι
245 2745 278 2771 με
292 2738 315 2762 οἱ
332 2737 440 2770 ἀδελφοὶ
454 2739 549 2772 φαγεῖν
559 2746 566 2753 ’
582 2739 628 2766 καὶ
641 2740 688 2767 ἐὰν
702 2743 864 2777 παραμεινω
875 2744 915 2776 εἰς

123 2783 173 2817 τήν
200 2783 305 2818 αὔριον,
333 2784 438 2819 μήποτε
459 2784 616 2822 τελευτήσῃ.
639 2787 713 2824 Πλὴν
731 2789 811 2817 τοῦτο
833 2790 912 2824 ποιῶ,

159 2873 180 2889 ⁸⁷
193 2873 237 2901 Al.
253 2872 348 2908 φεῦγε.
386 2873 408 2889 ’⁸
420 2873 464 2902 Al.
481 2874 544 2903 add.
559 2875 616 2911 ἔτη,

966 2290 1048 2313 vento
1069 2286 1220 2319 esculento,
1244 2285 1320 2313 solus
1338 2285 1468 2317 vesceris,
1492 2291 1543 2312 nec
1562 2283 1665 2311 vocasti
1685 2282 1750 2309 me?

966 2332 1118 2367 Respondit
1143 2333 1228 2360 abbas
1254 2332 1348 2360 Sisoes
1365 2341 1372 2359 :
1388 2331 1447 2359 Non
1471 2331 1518 2359 tibi
1534 2331 1585 2358 feci
1601 2330 1728 2365 iniuriam
1739 2349 1747 2360 ,

965 2378 1050 2406 frater
1074 2387 1081 2406 :
1107 2386 1191 2411 ecce,
1217 2383 1321 2414 partem
1350 2383 1424 2406 tuam
1448 2379 1475 2405 in
1499 2385 1582 2405 manu
1606 2385 1666 2404 mea
1689 2383 1749 2404 ser-

965 2425 1038 2452 vavi.

1003 2470 1047 2497 32.
1075 2470 1228 2498 Narrabant
1247 2471 1280 2499 de
1308 2471 1406 2498 abbate
1425 2470 1502 2498 Sisoe
1521 2469 1652 2501 Tltebazo,
1677 2470 1749 2505 quod

968 2518 1091 2542 maneret
1116 2515 1145 2542 in
1169 2515 1317 2543 Calamone
1333 2515 1501 2547 Arsenoitte;
1522 2517 1549 2542 et
1574 2513 1644 2541 alius
1665 2521 1752 2540 senex

968 2561 1117 2595 aegrotabat
1139 2561 1166 2588 in
1187 2561 1240 2588 alia
1261 2562 1347 2588 laura.
1376 2560 1465 2596 thue
1486 2560 1604 2591 audivit,
1631 2560 1751 2595 graviter

968 2607 1040 2634 tulit.
1054 2607 1122 2640 Quia
1134 2615 1198 2634 vero
1210 2615 1258 2643 per
1269 2607 1390 2642 singulos
1403 2600 1471 2634 duos
1484 2606 1542 2634 dies
1550 2605 1654 2633 solebat
1666 2605 1749 2632 semel

965 2657 1071 2681 tantum
1093 2654 1247 2687 comedere,
1270 2659 1382 2690 eratque
1404 2655 1462 2682 dies
1483 2662 1538 2690 quo
1560 2653 1715 2682 abstinebat
1735 2661 1750 2679 a

966 2699 1045 2732 cibo;
1061 2700 1109 2727 ubi
1131 2708 1189 2728 rem
1206 2701 1317 2734 didicit,
1335 2701 1404 2728 dixit
1429 2701 1456 2728 in
1480 2701 1571 2729 animo
1595 2709 1644 2729 suo
1657 2697 1666 2728 έ
1681 2700 1750 2733 Quid

966 2745 1085 2773 faciam?
1100 2745 1129 2773 Si
1149 2746 1242 2775 abiero
1257 2768 1265 2781 ,
1282 2755 1316 2775 ne
1330 2747 1400 2775 forte
1415 2751 1514 2783 cogant
1533 2755 1577 2775 me
1592 2747 1692 2775 fratres
1713 2746 1752 2773 ci-

966 2792 1031 2820 bum
1046 2799 1169 2827 sumere;
1184 2794 1207 2822 si
1221 2799 1414 2829 exspectavero
1426 2793 1459 2821 ad
1476 2794 1626 2822 crastinam
1646 2794 1753 2826 lucem,
