1978 3075
211 165 264 194 40⁸1

210 227 275 254 bum
294 225 424 253 inciderit
438 235 446 259 ;
466 226 626 254 sedentibus
649 229 741 255 autem
757 227 833 255 circa
846 236 910 256 eum
926 227 1002 256 seni-
1017 232 1039 260 Α

212 273 274 305 bus,
294 273 459 307 loquebatur
479 282 542 300 cum
562 274 740 309 quihusdam.
760 274 845 301 Aiunt
865 275 890 302 ei
907 283 913 301 :
931 274 1003 307 Quid

211 318 299 350 vides,
317 319 406 346 abba?
425 319 496 346 Dicit
515 320 569 347 illis
586 329 593 346 :
610 319 700 347 Cerno
717 320 849 355 quosdam
863 321 1005 348 venientes

211 372 296 399 super
309 373 362 398 me,
382 373 452 400 quos
468 373 543 400 rogo,
558 370 586 392 ut
602 366 693 393 sinant
707 373 751 393 me
765 366 905 401 paululum
916 367 1004 401 ι)ωηὶ-

211 411 326 438 tentiam
345 419 435 446 agere.
454 411 532 438 Tunc
552 411 585 438 ad
606 419 668 438 eum
693 411 806 445 quidam
825 420 841 439 e
865 412 978 440 senibus
995 421 1002 439 :

213 458 242 485 Si
260 459 446 494 permiserint,
470 459 549 485 modo
565 463 678 493 potesne
696 459 802 486 utiliter
823 466 923 486 vacare
944 466 1003 494 pm-

212 506 358 533 nitentiat?
381 505 533 540 Respondit
563 513 646 533 senex
670 513 677 532 :
702 504 834 538 Quamvis
857 513 1002 540 nequeam,

162 562 165 565 λ
213 555 305 578 tamen
327 559 476 586 parumper
499 551 650 586 ingemisco
666 558 749 585 super
762 551 852 577 anima
874 558 945 583 mea,
960 551 1002 578 id-

213 607 267 634 que
280 599 379 627 sullicit
394 599 470 626 mihi.

249 644 293 671 50.
323 643 361 671 De
390 644 488 671 abbate
521 644 600 671 Sisoe
629 634 899 676 commemorabam,
929 644 1002 679 quod

214 692 324 725 quando
343 690 417 717 venit
433 691 459 717 in
476 690 600 726 Clysma,
625 690 781 725 aegrotavit;
797 695 824 716 et
842 689 952 717 sedente
970 697 1004 716 ro

215 738 242 764 in
266 737 333 764 cella
355 744 417 763 cum
437 736 573 771 discipulo
592 744 652 768 suo,
675 744 739 763 ecce
752 737 844 762 audita
860 736 1004 769 est‘janum

213 781 356 817 pulsatio:
374 789 456 816 quam
473 782 628 816 percipiens
639 789 733 813 senex,
749 782 786 807 ait
800 781 937 814 discipulo
952 787 1003 807 suo

214 828 387 856 Abrahamo:
402 827 451 855 Dic
462 829 487 855 ei
500 828 545 862 qui
562 828 672 862 pulsat:
687 827 743 862 Ego
753 827 846 854 Sisoes
858 827 885 853 in
898 831 1002 857 monte,

213 883 264 911 ego
279 874 373 902 Sisoes
387 877 414 901 ln
430 879 525 901 malta.
541 873 588 902 Ille
597 882 662 901 vero
677 874 804 906 audiens,
817 873 939 901 evanuit.
1018 904 1041 933 Β

250 967 294 994 5i.
315 966 389 994 Dixit
404 966 491 993 abbas
509 965 603 993 Sisoes
620 965 754 992 Thebqu
769 963 906 999 discipulo
923 971 975 990 suo
993 971 1000 988 :

215 1013 350 1049 Eloquere
368 1013 434 1040 mihi
453 1013 520 1048 quid
538 1013 565 1039 in
587 1020 629 1039 me
646 1019 792 1047 agnoscas,
807 1015 834 1037 et
848 1018 900 1045 ego
922 1010 1004 1037 vicis-

216 1059 268 1086 sim
286 1059 335 1086 tibi
351 1058 487 1093 proferam
504 1057 576 1092 quod
590 1058 616 1083 in
633 1062 658 1084 te
672 1064 801 1092 agnosco.
813 1056 858 1082 Ait
873 1055 1003 1082 illidisci-

215 1104 297 1139 pulus
315 1113 322 1131 :
343 1103 382 1130 Tu
398 1104 487 1131 bonus
500 1103 603 1135 animo,
624 1103 671 1130 sed
694 1103 776 1138 paulo
789 1102 895 1129 durior.
909 1101 942 1128 Et
962 1109 1005 1129 se-

215 1157 268 1177 nex
281 1159 288 1176 '.
300 1149 340 1176 'I‘u
350 1157 424 1181 vero.
435 1149 535 1184 inquit,
545 1149 635 1175 bonus
652 1156 693 1178 es,
708 1149 756 1176 sed
771 1148 863 1175 animo
874 1147 1003 1174 molliori.

253 1196 298 1224 5‘2.
318 1195 443 1223 Relatum
459 1200 501 1223 est
521 1195 554 1222 de
572 1195 670 1222 abbate
690 1194 769 1222 Sisoe
783 1194 912 1225 Thebano,
930 1193 1004 1228 quod

217 1250 315 1280 panem
334 1251 388 1269 non
404 1242 568 1270 comederet.
591 1241 623 1268 Et
638 1242 666 1268 in
682 1241 753 1269 festo
769 1240 893 1272 Pascha},
907 1240 1005 1266 fratres

217 1293 381 1325 rogaverunt
402 1297 463 1316 eum
486 1289 634 1323 supplices,
660 1291 690 1315 ut
707 1295 769 1314 cum
794 1287 861 1322 ipsis
885 1289 1006 1314 sumeret

217 1335 319 1362 cibum.
331 1334 481 1370 Respondit
492 1335 674 1361 :Alterulrmn
685 1333 809 1360 facturus
823 1341 894 1363 sum.
907 1333 947 1359 vel
958 1340 1006 1366 pa-

218 1387 279 1407 nem
300 1387 418 1413 sumam,
431 1379 471 1407 vel
493 1387 554 1414 quae
569 1378 730 1406 confecistis
748 1378 850 1405 edulia.
869 1377 909 1404 Illi
931 1377 1007 1404 dixe-

217 1431 302 1453 runt:
320 1425 414 1453 Solum
430 1434 526 1461 panem
541 1425 686 1452 manduca.
703 1425 792 1459 Atque
809 1425 844 1451 ita
859 1423 933 1451 fecit.

472 1494 510 1521 De
524 1493 618 1520 abbate
636 1493 755 1520 Silvano.

254 1550 280 1578 'I.
302 1550 358 1586 (58)
375 1551 557 1578 Accesserant
569 1548 718 1584 aliquando
733 1548 819 1575 abbas
833 1546 961 1574 Silvanus
982 1551 1008 1574 et

218 1595 367 1624 Zacharias
385 1596 538 1630 discipulus
564 1596 625 1630 ejus
650 1595 683 1622 ad
704 1594 841 1629 quoddam
869 1597 1006 1620 monaste-
1020 1587 1042 1615 C

218 1644 309 1675 rium,
331 1643 377 1670 ubi
403 1642 491 1670 adacti
513 1645 578 1670 sunt
600 1641 633 1668 ad
657 1648 753 1676 parum
769 1641 823 1667 cibi
844 1640 1007 1667 sumendum

219 1695 365 1725 antequam
395 1689 649 1724 proficiscerentur.
683 1688 752 1714 Cum
782 1691 873 1714 autem
902 1686 1007 1721 egressi

218 1736 347 1768 fuissent,
361 1736 515 1771 discipulus
529 1735 589 1769 ejus
605 1734 632 1761 in
647 1734 688 1760 via
698 1741 796 1768 aquam
813 1732 924 1768 reperit,
939 1733 1009 1759 vole-

218 1784 318 1818 batque
340 1783 443 1810 bibere.
460 1783 504 1808 Ait
528 1781 566 1808 illi
588 1789 671 1808 senex
686 1789 692 1795 '
711 1780 853 1811 Zacltaria,
871 1779 952 1806 hodie
967 1779 1009 1814 je-

217 1829 323 1862 junium
345 1831 397 1855 est.
419 1827 465 1854 Ille
487 1826 594 1861 excepit
611 1835 617 1852 :
634 1825 730 1852 Nonne
747 1825 928 1855 comedimus,
957 1824 1008 1850 Pa-

219 1874 282 1901 ter?
315 1873 466 1908 Respondit
495 1880 579 1899 senex
606 1880 612 1897 :
636 1872 682 1898 Illa
703 1872 837 1898 comestio
863 1872 1009 1899 charilatis

219 1921 285 1952 fuit;
307 1928 358 1947 nos
373 1911 463 1947 autem
481 1919 617 1954 jejunium
640 1923 764 1946 nostrmn
788 1922 942 1949 teneamus,
959 1917 1007 1944 fili.

254 1967 281 1994 2.
302 1967 359 2001 \0’9)
381 1965 465 1998 Idem,
488 1965 589 1993 sedens
612 1964 764 1999 aliquando
782 1972 845 1991 cum
865 1964 1008 1995 fratribus,

219 2014 248 2041 in
269 2014 400 2040 exstasim
418 2012 558 2047 abreptus,
577 2011 679 2039 Cecidit
701 2012 728 2038 in
751 2011 868 2044 faciem;
882 2015 909 2038 et
925 2011 1010 2037 multo

220 2063 282 2095 post
308 2067 424 2094 surgens
444 2059 580 2094 plorabat.
605 2057 781 2092 Rogaverunt
808 2065 871 2084 eum
897 2056 1008 2088 fratres,

219 2106 345 2134 dicentes
361 2115 367 2132 :
388 2105 459 2138 Quid
477 2106 572 2137 babes,
591 2105 690 2132 Pater?
711 2103 758 2131 Ille
775 2112 840 2131 vero
862 2103 969 2130 tacebat
983 2107 1010 2130 et

220 2152 355 2188 plorabat.
368 2151 492 2186 Cumque
502 2155 632 2186 cogerent
643 2159 705 2178 eum
717 2151 791 2185 loqui
804 2159 811 2177 :
824 2149 892 2184 Ego,
909 2150 1009 2184 inquit.

220 2199 254 2226 ad
277 2199 411 2233 judicium
437 2202 533 2233 raptus
553 2205 633 2227 Slllll;
654 2197 841 2231 conspexique
864 2195 965 2223 multos
977 2195 1011 2222 de

762 169 935 198 APPENDIX
953 170 999 197 AD
1018 171 1229 200 PALLADIUM.

1796 173 1850 203 408

1055 230 1102 258 καὶ
1113 230 1276 266 καθημένων
1289 231 1425 267 γερόντων
1441 233 1463 249 ³⁸
1477 232 1544 267 πρδς
1556 231 1637 259 αὐτὸν
1651 231 1765 267 ἐλάλησέ
1782 233 1849 258 τισῖ.

1055 275 1187 310 Λέγουσιν
1201 276 1290 312 αὐτῷ·
1303 277 1335 302 Τί
1347 277 1466 311 βλέπεις,
1483 278 1571 309 Militi;
1587 277 1642 304 Καὶ
1658 276 1731 310 λέγει
1746 277 1849 308 αὐτοῖς·

1060 322 1132 358 ’0ρῶ
1145 331 1221 354 τινας
1232 323 1358 355 ἐλθόντας
1377 324 1420 349 ἐπ’
1439 324 1498 359 ἐμὲ,
1517 324 1563 350 καὶ
1585 323 1737 359 παρακαλῶ
1752 323 1851 354 αὐτοὺς

1056 369 1100 395 ἵνα
1116 369 1219 395 ὲάσωσί
1239 378 1272 404 με
1290 369 1388 404 μικρὸν
1410 370 1584 406 μετανοῆσαι,
1608 370 1689 403 Λέγει
1713 369 1786 404 αὐτῷ
1808 366 1850 400 εἷς

1054 414 1110 441 τῶν
1131 416 1282 451 γερόντων·
1302 415 1357 442 Καὶ
1374 416 1420 442 ἐὰν
1439 416 1540 442 ἐάσωσί
1561 424 1600 448 σε,
1614 416 1717 450 ἄπαρτι
1737 415 1850 441 δύνασαι

1054 461 1237 497 χρησιμεῦσαι
1257 463 1296 494 εἰς
1317 462 1482 497 μετάνοιαν;
1505 462 1586 497 Λέγει
1610 462 1684 497 αὐτῷ
1704 462 1717 487 6
1740 461 1848 497 γέρων·

1054 508 1086 534 Εἰ
1102 508 1129 534 δὲ
1142 508 1172 535 οὐ
1189 508 1307 544 δύναμαι
1321 509 1442 543 ποιῆσαι,
1455 508 1524 535 ἀλλὰ
1548 508 1668 539 στενάζω
1691 507 1783 534 ἐπάνω
1800 507 1850 542 τῆς

1053 554 1144 590 ψυχῆς
1161 563 1210 590 μου
1224 555 1332 591 μικρὸν,
1350 555 1396 581 καὶ
1409 556 1489 590 ἀρκεῖ
1504 563 1559 591 μοι.

1089 647 1121 670 ν’.
1135 643 1250 678 Ἔλεγον
1266 643 1331 679 περὶ
1343 643 1390 670 τοῦ
1405 643 1477 670 ὰῦὃᾶ
1492 643 1584 679 Σισόη,
1598 643 1638 669 ὅτι
1653 643 1697 669 ὅτε
1717 640 1798 677 ἦλθεν
1811 642 1852 674 είς

1053 690 1084 716 τὸ
1105 689 1232 725 Κλύσμα,
1258 690 1406 726 ¹ἠσθένησε·
1427 690 1474 716 καὶ
1495 689 1649 725 καθημένου
1674 689 1758 715 αὑτοῦ
1783 689 1854 724 μετὰ

1053 736 1100 762 τοῦ
1123 735 1245 771 μαθητοῦ
1270 736 1351 762 αὑτοῦ
1378 737 1417 767 εἰς
1443 736 1494 771 τὴν
1519 735 1626 767 κέλλαν,
1649 735 1703 761 ἰδοὺ
1725 734 1854 770 κροῦσμα

1054 781 1166 815 γέγονεν
1187 782 1227 813 εἰς
1245 781 1295 817 τὴν
1315 781 1409 817 θύραν.
1434 782 1489 808 Καὶ
1503 782 1601 816 νοήσας
1623 782 1636 808 6
1655 781 1755 815 γέρων,
1778 779 1853 814 λέγει

1053 827 1092 862 ’τῷ
1120 827 1227 863 μαθητῇ
1253 828 1334 854 αὐτοῦ
1363 827 1498 863 Ἀϐραάμ·
1525 827 1592 853 Εἰπὲ
1620 826 1659 862 τῷ
1686 827 1852 862 κρούσαντι’

1061 873 1133 908 Ἐγὼ
1145 874 1241 908 Σισόης
1259 875 1300 905 εἰς
1325 874 1355 900 τὸ
1379 874 1449 909 ὕρος,
1465 873 1520 907 ἐγὼ
1538 873 1634 908 Σισόης
1655 873 1694 904 είς
1714 872 1745 898 τὸ
1767 872 1855 907 χαρά-

1055 920 1138 956 δριον.
1157 921 1186 947 '0
1204 921 1232 947 δὲ
1251 920 1373 952 ἀκούσας
1388 920 1493 955 ἀφανὴς
1507 919 1625 954 ἐγένετο.

1090 969 1139 993 va’.
1161 964 1243 992 Εἶπεν
1258 967 1272 993 ὁ
1286 966 1373 998 ἀεΰᾶς
1393 967 1489 1001 Σιπόης
1514 966 1528 991 ὀ
1549 965 1665 1001 Θηῦαῖος
1686 964 1725 999 τῷ
1745 964 1853 1000 μαθητῇ

1056 1011 1138 1039 αὑτοῦ
1149 1021 1155 1027 ·
1174 1012 1240 1038 Εἰπέ
1257 1022 1301 1048 μοι
1318 1013 1343 1038 τὶ
1361 1012 1469 1047 βλέπεις
1484 1013 1524 1043 εἰς
1543 1012 1602 1047 ἐμὲ,
1623 1011 1700 1046 κάγώ
1717 1019 1757 1038 σοι
1782 1011 1858 1044 λέγω

1055 1058 1081 1085 τί
1096 1058 1187 1093 βλέπω
1203 1059 1242 1090 εἰς
1256 1059 1295 1086 σε.
1313 1059 1395 1093 Λέγει
1415 1058 1491 1094 αὑτῴ
1512 1059 1526 1085 ὁ
1553 1057 1676 1093 μαθητὴς
1696 1055 1796 1083 αὑτοῦ·
1817 1056 1856 1082 Σὺ

1055 1104 1138 1136 καλὸς
1153 1104 1192 1140 τῷ
1206 1104 1254 1140 νῷ,
1272 1105 1319 1130 καὶ
1333 1104 1449 1139 σκληρὸς
1465 1103 1571 1140 μικρόν.
1585 1104 1666 1138 Λέγει
1687 1102 1762 1138 αὐτῷ
1776 1102 1791 1128 6
1805 1101 1855 1136 γέ-

1057 1159 1126 1188 ρων’
1140 1151 1176 1177 Σὺ
1194 1150 1275 1183 καλὸς
1288 1149 1323 1182 εἷ,
1337 1150 1405 1177 ἀλλὰ
1417 1150 1516 1185 χαῦνος
1531 1149 1570 1186 τῷ
1586 1149 1633 1185 νῷ.

1092 1197 1141 1232 νβ’.
1157 1197 1270 1231 Ἔλεγον
1282 1196 1406 1232 περὶτοῦ
1421 1196 1493 1223 ἀϐὃᾶ
1509 1196 1589 1231 Σισόη
1604 1195 1649 1222 τοῦ
1667 1195 1794 1230 Θηϐαίου,
1813 1195 1855 1221 ὅτι

1057 1245 1107 1271 οὐκ
1117 1244 1209 1280 ἢσθιεν
1220 1244 1310 1279 ἄρτον.
1323 1244 1378 1270 Καὶ
1388 1245 1426 1275 εἰς
1436 1243 1484 1278 τὴν
1495 1244 1591 1279 ἑορτὴν
1601 1243 1646 1269 τοῦ
1656 1242 1752 1278 Πάσχα
1760 1242 1857 1268 ἑὸαλον

1057 1291 1131 1325 αὐτῷ
1159 1290 1302 1326 μετάνοιαν
1324 1291 1349 1316 οί
1372 1290 1493 1324 ἀδελφοὶ,
1514 1289 1557 1316 ἵνα
1575 1290 1648 1324 φάγῃ
1674 1290 1732 1324 μετ’
1753 1288 1854 1315 αὐτῶν.

1058 1337 1113 1364 Καὶ
1133 1336 1293 1372 ἀποκριθεὶς
1314 1334 1390 1363 εἶπεν
1413 1337 1521 1368 αὐτοῖς·
1541 1335 1589 1362 Ἓν
1607 1336 1660 1371 ἔχω
1684 1335 1812 1370 ποιῆσαι·
1837 1335 1855 1369 ἢ

1058 1383 1139 1418 ἄρτον
1152 1383 1205 1417 ἔχω
1219 1382 1420 1418 μεταλαϐεῖν,ἢ
1438 1383 1487 1409 ὃσα
1504 1382 1648 1417 ἐποιήσατε
1668 1382 1764 1416 φαγία.
1782 1382 1812 1408 οἱ
1826 1381 1856 1408 δὲ

1058 1427 1134 1454 εἷπον
1145 1428 1229 1464 αὐτῷ·
1241 1429 1340 1464 νΛρτον
1353 1429 1432 1464 μόνον
1445 1429 1526 1463 φάγε.
1542 1429 1570 1454 '0
1581 1428 1610 1454 δε
1622 1429 1749 1464 ἐποίησεν
1759 1427 1854 1458 οὓτως.

1247 1495 1316 1530 Περὶ
1333 1496 1387 1523 τοῦ
1404 1495 1478 1523 ἀϐϐᾱ
1492 1496 1661 1523 Σιλουανοῦ
1671 1511 1680 1519 .

1094 1557 1128 1581 α’.
1142 1552 1283 1588 Παρέὒαλέ
1300 1561 1365 1578 ποτε
1378 1553 1392 1578 ὁ
1411 1551 1498 1583 ἀόὃᾶς
1510 1551 1653 1583 Σιλουανδς
1669 1551 1715 1577 καὶ
1738 1551 1753 1577 ὁ
1770 1549 1860 1585 μαθηι

1058 1600 1108 1635 τὴς
1122 1599 1205 1626 αὑτοῦ
1219 1598 1356 1633 Ζαχαρίας
1375 1599 1415 1628 είς
1441 1597 1639 1633 μοναστήριον-
1661 1596 1708 1622 καὶ
1726 1596 1858 1630 ἐποίησαν

1060 1646 1158 1677 αὐτοὺς
1172 1645 1321 1679 γεύσασθαι
1340 1644 1436 1680 μικρὸν
1448 1644 1501 1679 πρὸ
1515 1643 1562 1670 τοῦ
1580 1642 1698 1669 ὁδεῦσαι.
1714 1642 1768 1669 Kal.
1783 1641 1857 1676 ἐξελ-

1061 1692 1160 1718 Θόντων
1176 1691 1275 1724 αὐτῶν,
1296 1687 1375 1726 εὗρεν
1393 1692 1408 1717 ὁ
1432 1690 1556 1725 μαθητὴς
1580 1689 1663 1716 αὐτοῦ
1686 1688 1759 1724 ὕδωρ
1775 1689 1803 1715 ὲν
1823 1688 1857 1723 τῇ

1060 1738 1122 1774 ὁδῷ,
1136 1739 1183 1764 καὶ
1197 1738 1275 1773 ἤθελε
1289 1739 1370 1764 πιεῖν.
1394 1737 1449 1763 Καὶ
1470 1736 1544 1770 λέγει
1565 1734 1638 1769 αὐτῷ
1653 1735 1668 1761 ὁ
1683 1733 1771 1770 γέρων
1781 1742 1788 1748 ·
1803 1734 1857 1760 Ζα-

1060 1786 1153 1821 χαρία,
1166 1783 1276 1820 νηστεία
1294 1784 1413 1819 σήμερον
1430 1782 1497 1817 (60).
1521 1782 1549 1808 '0
1566 1781 1594 1807 δὲ
1610 1781 1699 1814 λέγει·
1717 1779 1774 1806 Οὺκ
1789 1778 1859 1813 ἐφά-

1060 1839 1156 1866 γομεν,
1173 1831 1284 1865 Πάτερ;
1306 1830 1388 1863 Λέγει
1414 1830 1428 1855 6
1453 1828 1559 1863 γέρων
1584 1827 1686 1854 Ἐκεῖνο
1700 1826 1740 1857 τὸ,
1756 1825 1858 1860 ἐφάγο-

1063 1886 1112 1912 μεν
1120 1877 1153 1908 ³ο,
1168 1876 1218 1911 τῆς
1229 1876 1340 1911 ἀγάπης
1355 1874 1388 1910 ἦν
1398 1883 1404 1889 ·
1418 1875 1499 1910 ἡμεῖς
1513 1873 1541 1900 δὲ
1553 1873 1603 1908 τὴν
1615 1872 1718 1900 ἑαυτῶν
1732 1871 1860 1907 νηστείαν

1062 1924 1253 1958 κρατήσωμεν.
1268 1921 1372 1948 τέκνον.

1097 1967 1130 2002 β’.
1151 1968 1180 1993 'U
1193 1966 1275 1998 αὐτος
1290 1965 1471 2000 καθεζόμενός
1486 1973 1551 1991 ποτε
1567 1963 1636 1999 μετὰ
1650 1962 1783 1998 ἀδελφῶν,
1800 1961 1861 1997 ἐγέ-

1061 2021 1122 2049 νε.το
1132 2013 1160 2038 ἐν
1174 2012 1312 2043 ἐκστάσει,
1324 2011 1370 2038 καὶ
1387 2010 1480 2037 πίπτει
1495 2010 1540 2036 ἐπὶ
1555 2009 1713 2044 πρόσωπον·
1729 2008 1776 2034 καὶ
1789 2007 1860 2042 μετὰ

1062 2058 1129 2084 πολὺ
1155 2057 1274 2088 ἀναστὰς
1301 2055 1402 2082 ἔκλαιε.
1430 2055 1485 2081 Καὶ
1512 2054 1701 2089 παρεκάλεσαν
1726 2052 1806 2080 αὐτὸν
1833 2053 1860 2079 οἱ

1061 2103 1181 2138 ἀδελφοὶ,
1204 2103 1344 2136 λέγοντες”
1365 2097 1398 2127 Τί
1418 2101 1499 2136 ἔχεις,
1524 2100 1631 2135 Πάτερ;
1657 2099 1686 2125 ὐ
1701 2098 1729 2125 δὲ
1751 2097 1861 2125 ἐσιώπα

1062 2148 1109 2174 καὶ
1124 2147 1241 2174 ἔκλαιεν.
1263 2146 1481 2180 ’Λναγκαζὸντων
1501 2145 1528 2171 δὲ
1549 2144 1637 2172 αὐτῶν
1655 2145 1751 2176 εἰπεῖν,
1763 2142 1858 2170 εἶπεν·

1068 2193 1138 2228 Ἐγὼ
1153 2195 1191 2225 εἰς
1205 2193 1254 2229 τὴν
1270 2193 1359 2228 κρίσιν
1373 2193 1517 2228 ἡρπάγηψ
1534 2192 1580 2218 καὶ
1598 2189 1666 2218 εἶδον
1682 2191 1795 2222 πολλοὺς
1810 2190 1860 2217 τοῦ

219 2252 320 2280 genere
331 2248 428 2271 nostro
445 2248 542 2271 euntes
560 2243 593 2270 ad
606 2243 781 2277 supplicium,
802 2242 903 2269 multos
919 2245 1006 2268 autem

1063 2241 1156 2275 γένους
1170 2239 1249 2276 ἡμῶν
1265 2240 1469 2274 ἀπερχομένους
1488 2239 1527 2269 εἰς
1544 2238 1663 2269 κόλασιν,
1680 2238 1728 2263 καὶ
1744 2237 1863 2268 πολλοὺς

219 2300 235 2319 e
247 2291 428 2319 saecularibus
441 2294 539 2318 euntes
551 2289 585 2316 ad
600 2297 726 2324 regnum.
743 2288 775 2315 Et
788 2289 899 2323 lugebat
913 2295 1008 2318 senex,

220 2345 252 2365 ac
267 2337 377 2365 nolebat
389 2337 464 2364 exire
478 2345 494 2364 e
511 2337 580 2363 cella
595 2344 655 2364 sua.
669 2335 748 2368 Quod
765 2335 788 2362 si
805 2335 881 2362 exire
898 2341 1011 2368 cogere-

220 2390 276 2415 tur,
297 2386 439 2420 operiebat
460 2385 567 2411 cuculla
589 2383 685 2410 faciem
709 2391 799 2413 suam.
822 2381 1008 2416 dicebatque:

221 2432 290 2464 Quid
317 2432 426 2466 cupiam
452 2431 544 2458 videre
561 2430 651 2456 lumen
681 2429 732 2456 hoc
760 2427 919 2463 temporale,
937 2427 1010 2461 quod

221 2477 254 2504 ad
267 2478 334 2504 nihil
351 2477 417 2504 utile
432 2476 498 2504 est?

1063 2287 1117 2314 τῶν
1130 2286 1269 2317 κοσμικῶν
1282 2285 1485 2321 ἀπερχομένους
1500 2286 1539 2315 εἰς
1550 2283 1697 2318 βασιλείανζ
1712 2284 1767 2310 Καὶ
1780 2283 1861 2309 ἐπέν-

1065 2333 1107 2358 Oet
1123 2333 1137 2358 6
1151 2332 1252 2367 γέρων,
1271 2332 1318 2358 καὶ
1333 2332 1383 2358 οὐκ
1397 2331 1491 2365 ἤθελεν
1505 2328 1621 2361 ἐξελθεῖν
1637 2330 1669 2355 ἐκ
1685 2329 1732 2356 τοῦ
1751 2328 1862 2357 κελλίου

1065 2378 1158 2405 αὐτοῦ.
1179 2379 1211 2404 Εἰ
1231 2377 1260 2404 δὲ
1276 2378 1323 2404 καὶ
1337 2376 1506 2412 ἠναγκάζετο
1521 2375 1636 2409 ἐξελθεῖν
1647 2376 1680 2406 ³¹,
1697 2375 1796 2402 ἕσκεπε
1820 2375 1861 2410 τῷ

1065 2424 1214 2459 κουκουλίῳ
1229 2424 1284 2460 (61)
1300 2423 1331 2449 τὸ
1346 2423 1490 2459 πρόσωπον
1509 2422 1607 2453 αὑτοῦ,
1624 2421 1725 2456 λέγων·
1743 2422 1775 2448 Τί
1789 2421 1860 2448 Θέλω

1067 2471 1130 2496 ἰδεῖν
1153 2471 1183 2497 τὺ
1203 2471 1261 2504 φῶς
1283 2470 1362 2496 τοῦτο
1386 2469 1416 2495 τὸ
1439 2469 1615 2504 πρόσκαιρον,
1639 2468 1685 2494 καὶ
1701 2467 1776 2494 οὐδὲν
1796 2468 1861 2503 ἔχον

1064 2516 1160 2550 ὄφελος
1170 2525 1176 2548 ;

256 2581 279 2596 ’⁵
299 2579 343 2606 Al.
355 2577 495 2614 Πατέρων.
535 2576 557 2592 ³⁰
569 2576 612 2602 Al.
626 2577 732 2610 φαγεῖν.
771 2575 791 2590 ³¹
806 2575 849 2601 Al.
867 2574 930 2601 add.
946 2574 978 2599 ἐκ
993 2582 1006 2599 τ

1063 2573 1163 2599 ιιελλίου
1179 2571 1271 2599 αὑτοῦ.

257 2649 314 2686 (58)
339 2648 392 2686 Kit.
406 2647 483 2686 fatr.
503 2653 546 2677 III,

255 2680 313 2719 (59')
339 2682 390 2710 Vit.
405 2682 481 2709 Patr.
499 2691 540 2719 lii,
555 2680 598 2707 I5.

255 2713 312 2755 (60)
335 2719 443 2746 Ἤθελε
457 2716 569 2755 πιεῖν...
589 2715 722 2755 ’νηστεία
740 2714 884 2755 ᾳτξμερον.
908 2713 1014 2755 Sipqst

218 2750 340 2783 somnum
356 2759 434 2781 noctu
446 2751 616 2786 evigilaverit,
637 2755 710 2781 oret;
725 2751 748 2777 si
761 2751 833 2786 sitire
847 2751 960 2786 εαξρενῇι,
973 2750 1014 2783 je-

219 2792 287 2823 junii
301 2795 388 2817 autem
403 2785 561 2819 instul’dies,
579 2786 663 2813 bibere
680 2794 732 2812 non
743 2785 859 2812 audebit.
875 2785 1014 2812 Pacbomii

221 2826 320 2861 [tegula
338 2824 459 2859 capitulo
476 2823 521 2861 87Ζ

255 2855 311 2895 (ﬁl)
334 2855 467 2895 'Eb'tgeas
490 2857 530 2890 τῷ
554 2857 733 2895 κουκονλίῳ.
753 2855 891 2895 [Enimvero
905 2855 1013 2890 quidam

221 2892 371 2924 mactarunt
397 2893 521 2927 Patrum,
541 2892 584 2920 ubi
609 2892 675 2919 cella
692 2892 819 2927 prodiret,
839 2895 1012 2925 legumentum

1063 2642 1143 2676 capiti
1158 2641 1317 2675 imponebat.
1330 2649 1361 2667 ne
1372 2641 1454 2666 aciem
1471 2640 1499 2676 in
1514 2640 1577 2676 solis
1589 2639 1672 2674 jubar
1684 2640 1829 2667 intenderet
1847 2648 1858 2668 .'

1062 2674 1221 2712 causamque
1233 2681 1340 2710 rogatus
1358 2675 1490 2712 respondit
1504 2674 1631 2712 {Ecquid
1644 2680 1682 2702 est
1695 2683 1741 2702 cur
1758 2681 1858 2712 tempa-

1066 2713 1168 2740 rarium
1189 2712 1275 2738 lumen
1293 2712 1378 2738 videre
1395 2711 1490 2738 velim?
1506 2711 1598 2737 Griece
1615 2718 1647 2737 ex
1665 2718 1730 2738 mss.
1744 2719 1751 2736 :
1768 2711 1856 2745 Kale

1065 2756 1107 2779 τις
1121 2748 1175 2773 τῶν
1191 2746 1275 2780 ἁγίων
1302 2747 1442 2781 Πατέρων,
1458 2746 1540 2781 ἡνίκα
1567 2745 1618 2780 τῆς
1634 2745 1731 2781 κέλλης
1749 2745 1854 2781 προῄει,

1067 2783 1199 2817 κάλυμμα
1215 2782 1261 2808 ἐπὶ
1272 2781 1321 2817 τὴν
1339 2780 1459 2817 κεφαλὴν
1470 2780 1571 2811 ἐτίθει,
1587 2780 1695 2817 πρὸςλτὸ
1710 2780 1748 2816 μὴ
1767 2780 1856 2807 ἀτενί-

1065 2827 1109 2845 σαι
1199 2801 1362 2851 ὲνατενίσαι)
1373 2801 1444 2852 ΊντὴνΔ
1456 2817 1544 2850 αὐγὴν
1559 2801 1783 2852 ’ξοῦγὴλίοιξῖιέαὶ

1064 2850 1239 2887 ερωέὡμενος
1252 2851 1301 2887 τὴν
1324 2850 1416 2878 αἰτίαν
1440 2851 1622 2887 ἀπεκρίνατω
1638 2850 1670 2876 Τί
1680 2851 1759 2887 γθέλω
1775 2851 1856 2878 τοῦτο

1063 2886 1093 2914 τὸ
1103 2886 1203 2922 nptiae-.6
1218 2887 1384 2923 πρόσκαιρον
1401 2887 1481 2920 ἰδεῑνς
1496 2886 1596 2915 Τιιεοιι.
1619 2886 1727 2913 Studita
1739 2891 1793 2914 cat.
1814 2887 1857 2914 IS.
