1978 3075
124 168 179 197 409

682 170 891 198 ΑΡΟΡΙΓΙῊΕΟ
897 170 990 198 MATA
1012 171 1168 201 PATRUM.

1709 175 1763 204 LIO

161 230 195 260 γ’.
213 226 325 253 Ἀλλοτε
342 225 466 262 εἰσῆλθεν
487 227 501 253 6
523 226 646 262 μαθητὴς
667 227 748 254 αὑτοῦ
772 229 915 265 Ζαχαρίας,

1009 230 1037 258 5.
1059 230 1130 265 (62)
1147 229 1208 258 Alio
1233 233 1356 265 tempore
1379 230 1520 265 ingressus
1545 234 1587 258 est
1611 231 1764 267 discipulus

125 273 173 298 καὶ
190 269 269 308 εὗρεν
284 273 365 299 αὑτὸν
377 273 405 299 ὲν
421 273 559 305 ἐκστάσει,
576 273 624 300 καὶ
637 274 665 300 αἱ
681 274 771 309 χεῖρες
785 275 866 301 αὑτοῦ
881 276 921 307 εἰς

123 318 170 343 τὸν
187 319 300 353 οὐρανὸν
316 318 486 353 ἠπλωμέναι.
509 319 564 346 Καὶ
586 319 695 351 κλείσας
716 320 764 356 τὴν
781 320 865 356 θύραν
875 321 920 353 ὲξ-

124 363 202 398 ῆλθε.
213 364 268 389 Καὶ
283 363 367 390 ἐλθὼν
382 365 446 400 περὶ
457 364 531 401 ὤραν
546 365 629 400 ἕκτην
644 365 691 392 καὶ
706 365 829 400 ἐννάτην,
841 363 920 401 εὗρεν

126 409 207 436 αὑτὸν
221 409 317 441 οὕτως.
343 410 397 436 Καὶ
414 411 478 445 περὶ
501 410 574 445 ὥραν
589 410 705 446 δεκάτην
724 410 853 446 ἔκρουσε·
872 411 919 437 καὶ

125 454 263 486 εἰσελθὼν,
277 453 355 491 εὗρεν
372 455 452 482 αὐτὴν
470 455 651 491 ἡσυχάζοντα,
668 456 715 482 καὶ
735 456 808 490 λέγει
829 456 919 491 αὐτῷ·

125 498 157 524 Τί
179 499 251 534 ἔχεις
274 501 404 535 σήμερον,
422 500 532 536 Πάτερ;
556 501 586 528 ⁷0
607 501 636 527 δὲ
658 499 751 528 εἶπεν·
767 501 919 536 Ἦσθένησα

126 544 254 580 σήμερον,
266 545 370 571 τέκνον.
388 546 416 571 '0
433 545 462 571 δὲ
481 547 620 582 κρατήσας
642 547 705 578 τοὺς
723 546 807 578 πόδας
824 546 917 579 αὑτοῦ,

124 589 233 623 ἔλεγεν·
247 591 284 616 Οὐ
302 591 339 625 μή
353 599 382 616 σε
399 591 481 623 ἐάσω,
500 591 548 617 ἐὰν
567 591 604 627 μὴ
624 592 704 627 εἴπῃς
718 601 761 627 μοι
788 593 814 619 τί
837 590 916 625 εἶδες.

125 635 206 669 Λέγει
223 636 295 671 αὐτῷ
309 637 322 662 ὀ
334 636 421 671 γέρων
431 645 438 652 ·
459 636 529 671 Ἐγὼ
540 638 580 669 εἰς
593 638 639 664 τὸν
650 638 764 674 οὐρανὸν
779 639 917 674 ήρπάγην,

124 681 172 707 καὶ
186 679 256 708 εἶδον
270 682 317 717 τὴν
329 683 408 715 δόξαν
422 682 469 710 τοῦ
491 683 570 716 θεοῦ,
590 684 638 710 καὶ
658 685 717 711 ἐκεῖ
738 684 854 720 ἱστάμην
866 685 918 717 ἕως

123 728 198 763 ἄρτι,
211 729 258 756 καὶ
271 729 318 756 νῦν
334 730 481 766 ἀπελύθην.

157 827 188 853 δ’.
212 828 401 864 Καθεζομένου
422 829 487 856 ποτὲ
511 830 558 857 τοῦ
577 831 649 858 ἀὸϐἄ
668 830 811 859 Σιλουανοῦ
834 831 873 863 είς
887 831 919 858 τὸ

120 871 185 907 ὅρος
200 873 230 899 τὸ
252 874 327 907 Σινὰ,
350 874 472 910 ἀπῆλθεν
493 876 507 901 6
531 876 656 913 μαθητὴς
676 877 758 904 αὑτοῦ
780 878 918 913 Ζαχαρίας

120 919 163 949 εἰς
185 918 331 950 διακονίαν,
356 921 403 947 καὶ
429 921 503 956 λέγει
522 921 561 957 τῷ
582 922 707 958 γέροντι·
725 923 870 949 ’Λπόλυσον
887 923 917 949 τὸ
933 916 953 944 Β

121 963 203 998 ὕδωρ.
218 965 265 991 καὶ
279 966 388 992 πότισον
408 967 453 993 τὸν
469 968 567 1002 κῆπον.
585 967 613 994 '0
636 968 664 994 δὲ
684 966 799 1000 ἐξελθὼν
816 968 917 994 ἔσκεπε

119 1009 171 1045 τὴν
190 1010 252 1045 byw
278 1012 360 1038 αὑτοῦ
385 1012 424 1048 τῷ
448 1013 609 1049 κουκουλίῳ,
634 1014 681 1041 καὶ
700 1014 779 1050 μόνον
799 1014 833 1041 τὰ
857 1014 916 1050 ἴχνη

119 1056 205 1082 αὐτοῦ
223 1057 328 1085 ἔϐλεπε.
342 1058 484 1093 Παρέὸαλε
502 1060 530 1086 δὲ
543 1060 654 1094 ἁδελφὸς
672 1060 694 1076 ³¹
710 1060 778 1095 αὐτῇ
793 1062 826 1095 τῇ
842 1060 917 1096 ὥρα·

119 1103 169 1129 καὶ
188 1102 249 1129 ίδὼν
262 1104 342 1130 αὐτὸν
357 1105 411 1131 ἀπὺ
427 1107 574 1141 μακρόθεν,
593 1107 717 1133 κατενόει
733 1107 760 1133 τί
778 1107 915 1142 ἐποίησεν.

119 1149 256 1176 Εἰσελθὼν
270 1151 298 1177 δὲ
311 1152 325 1177 6
339 1151 452 1186 ἁδελφὸς
468 1152 537 1188 πρὸς
552 1151 643 1184 αὐτὸν,
664 1149 758 1179 εἶπεν·
772 1152 841 1178 Εἰπέ
860 1161 916 1187 μοι,

121 1195 204 1228 ὰὸὁᾶ,
217 1196 243 1222 τί
261 1197 290 1223 τὸ
304 1197 448 1232 πρόσωπόν
463 1206 509 1224 σου
520 1197 728 1229 κατεσκέπασας
746 1197 785 1233 τῷ
802 1206 917 1224 κουκου-

120 1241 182 1277 λίῳ,
206 1243 252 1269 καὶ
270 1242 355 1275 οὕτως
374 1243 418 1270 τὸν
444 1243 531 1278 κῆπον
551 1243 687 1276 ὲπότιζες;
712 1243 793 1278 Λέγει
811 1243 885 1279 αὐτῷ
901 1244 916 1271 6

119 1287 223 1322 γέρων·
242 1287 351 1320 Τέκνον,
370 1288 414 1314 ἵνα
437 1288 474 1324 μὴ
498 1289 588 1315 ἴδωσιν
610 1289 635 1315 oi
653 1288 787 1324 ὀφθαλμοί
811 1297 861 1324 μου
881 1288 917 1316 τὰ

119 1331 226 1368 δένδρα,
240 1334 286 1360 καὶ
300 1334 475 1370 ὰπασχοληθῇ
488 1335 502 1360 6
516 1335 578 1367 νοῦς
592 1343 642 1371 μου
658 1335 712 1362 ἀπὺ
723 1335 773 1370 τῆς
784 1335 915 1371 ἐργασίας

119 1378 204 1405 αὑτοῦ
220 1380 260 1410 εἰς
273 1380 352 1408 αὑτά.

155 1441 186 1464 ε’.
210 1438 351 1474 Παρέῦαλέ
371 1447 413 1470 τις
432 1438 545 1473 ἁδελφὸς
564 1438 603 1474 τῷ
623 1439 695 1474 ἀόὁᾷ
716 1439 853 1474 Σιλουανῷ
874 1441 914 1471 εἰς

118 1485 151 1511 τὸ
169 1485 231 1521 ὅρος
250 1486 280 1511 τὸ
293 1486 371 1513 Σινά·
393 1487 438 1513 καὶ
457 1485 517 1512 ἰδὼν
531 1487 594 1518 τοὺς
612 1486 741 1521 ἀδελφοὺς
757 1487 916 1522 ἐργαζομέ-

972 275 1031 310 ejus
1048 275 1196 303 Zacharias
1207 297 1214 308 ,
1230 280 1257 303 et
1275 276 1378 304 invenit
1398 283 1459 304 eum
1475 276 1503 303 in
1517 277 1636 309 exstasi,
1650 285 1764 305 manus-

971 329 1024 355 que
1041 321 1101 355 ejus
1123 321 1149 348 in
1170 322 1270 348 coelum
1290 326 1410 349 extensae
1428 326 1517 349 erant.
1539 322 1677 349 Clattdens
1698 330 1763 358 ergo

969 367 1096 401 januam,
1113 367 1190 394 exiit.
1203 366 1303 394 Postea
1319 367 1435 394 veniens
1453 366 1526 393 circa
1546 366 1640 392 horam
1658 371 1761 393 sextarii

972 416 998 439 et
1012 420 1125 445 nouam,
1139 413 1240 447 reperit
1251 412 1328 438 illum
1342 412 1367 438 in
1381 412 1475 439 eodem
1491 415 1576 438 stattt.
1594 411 1673 438 Circa
1685 411 1760 439 deci—

969 465 1042 485 mam
1061 465 1125 484 vero
1152 458 1248 484 horam
1272 456 1411 492 pulsavit,
1437 463 1469 483 ac
1487 457 1593 483 intrans
1608 460 1705 482 nactus
1720 460 1763 483 est

969 505 1156 538 quiescentem
1175 523 1182 535 ,
1204 504 1296 538 aitque
1315 503 1353 530 illi
1371 512 1378 528 :
1393 502 1463 535 Quid
1480 502 1560 529 hodie
1584 502 1630 529 tibi
1644 506 1696 533 est,
1712 501 1762 529 Pa-

969 550 1027 577 ter?
1045 550 1217 585 Respondit:
1233 549 1319 577 llodie
1337 548 1463 576 inﬁrmus
1477 548 1526 581 fui,
1540 548 1586 574 ﬁli.
1604 547 1694 574 Atille
1711 555 1761 582 ap—

969 596 1115 631 prehensis
1137 596 1253 631 pedibtts
1282 595 1354 629 ejus,
1375 594 1466 621 dixit:
1483 593 1542 621 Non
1563 600 1588 621 te
1610 594 1759 625 dimittam,

969 642 1024 669 nisi
1053 642 1118 668 milii
1144 641 1311 668 iudicaveris
1331 641 1462 675 qttidnam
1483 640 1659 674 conspexisti.
1683 638 1761 666 Tunc

969 696 1054 716 senex
1069 689 1103 715 ad
1115 696 1176 715 eum
1201 695 1207 713 :
1224 687 1280 723 Ego
1295 688 1322 714 in
1340 688 1439 714 malum
1458 690 1564 721 raptus,
1575 686 1630 712 vidi
1646 685 1760 720 gloriam

968 733 1028 766 Dei,
1048 734 1159 769 illicque
1176 734 1239 761 steti
1257 734 1400 765 hactenus,
1426 736 1509 767 atque
1532 731 1613 758 modo
1630 730 1761 758 dimissus

969 787 1041 807 sum.

1003 836 1030 863 4.
1052 835 1109 871 (65)
1129 834 1277 863 Residente
1300 834 1448 869 aliquando
1475 834 1573 861 abbate
1596 833 1708 861 Silvano
1731 833 1760 860 iu

970 887 1061 908 monte
1077 882 1154 914 Sina,
1167 881 1234 907 abiit
1247 880 1401 915 discipulus
1417 880 1477 914 ejus
1494 879 1642 907 Zacharias
1656 879 1689 906 ad
1707 879 1760 905 nti-

968 928 1121 959 nisterium,
1137 932 1163 954 et
1177 928 1215 953 ait
1231 927 1289 954 seni
1306 935 1312 951 :
1329 925 1439 953 Dimitte
1466 933 1577 960 aquam,
1595 930 1678 959 atqtte
1701 925 1759 959 riga

969 975 1089 1001 hortum.
1113 974 1162 1000 Ille
1181 979 1271 1000 autem
1295 973 1402 1004 exiens,
1429 973 1536 1007 tegebat
1559 972 1654 999 facient
1682 978 1759 998 suam

968 1020 1089 1052 cuculla,
1104 1024 1267 1054 tanttunque
1280 1019 1389 1045 videbat
1404 1018 1436 1045 ad
1451 1017 1534 1052 pedes
1549 1025 1623 1045 suos.
1639 1017 1761 1043 Accessit

968 1065 1062 1092 eadem
1086 1064 1154 1091 ltora
1178 1065 1290 1098 quidam
1310 1062 1413 1096 frater;
1435 1063 1481 1098 qui
1498 1062 1615 1089 intuitus
1635 1069 1649 1088 a
1670 1062 1759 1095 longe.

968 1110 1125 1138 attendebat
1138 1110 1203 1145 quid
1217 1109 1328 1137 faceret.
1339 1109 1364 1136 Is
1374 1109 1459 1136 frater
1474 1109 1507 1135 ad
1522 1109 1596 1135 illunt
1607 1108 1758 1142 ingressus,

968 1158 1038 1185 dixit
1056 1166 1063 1184 :
1081 1158 1170 1189 Abba.
1185 1157 1266 1184 elIare
1281 1157 1358 1188 mihi,
1377 1164 1428 1183 cur
1449 1155 1546 1182 faciem
1562 1159 1636 1181 tuam
1653 1154 1760 1180 cucullu

967 1204 1109 1235 obtexisti,
1135 1207 1216 1238 atque
1238 1203 1274 1230 ita
1300 1203 1434 1238 irrigabas
1459 1201 1592 1228 hortum?
1611 1199 1761 1234 Respondit

968 1259 1051 1279 senex
1066 1260 1072 1277 ι
1089 1249 1151 1281 Fili,
1167 1258 1202 1277 ne
1216 1250 1288 1277 oculi
1307 1249 1360 1276 mei
1381 1249 1506 1276 viderent
1526 1248 1650 1278 arbores,
1667 1254 1745 1274 mens

966 1305 1020 1332 que
1044 1301 1210 1324 avocaretur
1233 1296 1267 1323 ab
1289 1295 1450 1331 operatione
1473 1301 1539 1326 sua,
1569 1297 1702 1328 occupata
1731 1292 1759 1320 in

967 1343 1035 1370 illis.

1004 1443 1031 1469 5.
1054 1441 1110 1478 (64)
1131 1441 1249 1475 Quidam
1279 1441 1365 1468 frater
1395 1440 1429 1468 ad
1461 1440 1588 1467 ahlialem
1619 1439 1758 1466 Silvanum

966 1487 1040 1514 venit
1054 1487 1081 1513 itt
1098 1490 1217 1513 montem
1228 1485 1311 1518 Sina;
1330 1489 1357 1512 et
1374 1484 1471 1511 videns
1486 1483 1585 1510 fratres
1602 1487 1758 1518 operantes.

118 1540 194 1563 vou;,
213 1530 275 1558 εἷπε
294 1532 333 1567 τῷ
354 1532 472 1568 γέροντι¹
502 1533 545 1569 Μὴ
568 1533 717 1568 ἐργάζεσθε
740 1534 789 1569 τὴν
813 1534 914 1570 βρῶσιν

970 1533 1035 1560 dixit
1047 1532 1105 1560 seni
1126 1543 1131 1559 :
1149 1531 1188 1559 Ne
1209 1531 1359 1567 opercmini
1381 1531 1474 1557 cibum
1490 1530 1536 1564 qui
1553 1530 1622 1564 pet-it
1639 1529 1672 1556 ⁸⁸.
1698 1529 1758 1556 Ma-

118 1576 170 1611 τὴν
193 1577 391 1612 ἀπολλυμένην.
419 1577 513 1614 Μαρία
538 1578 593 1614 γὰρ
617 1578 666 1613 τὴν
691 1579 795 1614 ἀγαθὴν
818 1579 915 1616 μερίδα

119 1622 269 1655 ἐξελέξατο.
295 1623 375 1658 Λέγει
393 1625 408 1650 6
424 1624 513 1659 γέρων
531 1623 570 1659 τῷ
592 1624 698 1660 μαθητῇ
714 1625 813 1652 αὐτοῦ’
829 1627 916 1661 Ζαχα-

121 1668 178 1704 ρία,
190 1669 234 1700 δὸς
245 1668 284 1704 τῷ
293 1669 400 1704 ἀδελφῷ
412 1669 523 1704 βιϐλίον,
533 1669 579 1696 καὶ
592 1669 654 1705 βάλε
667 1670 747 1697 αὑτὸν
760 1671 799 1702 εἰς
810 1671 916 1698 κελλίον

121 1715 206 1750 μηδὲν
226 1715 298 1750 ἔχον.
316 1715 382 1742 Ὅτε
404 1713 450 1742 οὖν
471 1715 579 1750 ἐγένετο
599 1717 616 1751 ἡ
639 1716 698 1751 ὥρα
720 1716 772 1752 τῆς
791 1717 914 1753 ὲννάτης,

121 1762 250 1795 προσεῖχε
263 1762 294 1796 τῇ
309 1760 386 1796 θύρᾳ,
401 1761 425 1787 εἰ
439 1761 492 1796 ἄρα
508 1761 645 1796 πέμπουσι
659 1762 771 1789 καλέσαι
783 1763 864 1789 αὑτὸν
876 1764 916 1795 είς

121 1806 153 1832 τὺ
176 1808 282 1841 φαγεῖν.
303 1806 346 1838 Ὠς
369 1806 397 1832 δὲ
423 1806 509 1837 οὐδεὶς
531 1806 660 1833 ἐκάλεσεν
683 1807 774 1839 αὐτὸν,
798 1807 916 1840 ἀναστὰς

119 1848 187 1887 ἦλθε
200 1851 267 1887 πρὸς
285 1851 330 1878 τὸν
343 1850 468 1887 γέροντα,
482 1852 529 1878 καὶ
549 1851 622 1886 λέγει
641 1852 714 1887 αὐτῷ
723 1860 729 1866 ·
743 1852 799 1879 Οὐκ
816 1852 916 1888 ἔφαγον

122 1897 147 1923 oi
163 1896 272 1930 ἀδελφοὶ
287 1897 415 1932 σήμερον,
430 1897 516 1930 ἁ66ᾶ;
529 1898 610 1932 Λέγει
621 1899 695 1935 αὐτῷ
708 1899 723 1926 6
733 1900 822 1936 γέρων
832 1909 838 1916 ·
850 1901 914 1930 Ναί,

124 1940 193 1969 Εῑπε
217 1942 264 1968 δέ·
279 1943 355 1969 Διατί
384 1943 433 1969 οὐκ
460 1943 608 1970 ἐκαλέσατε
634 1953 683 1980 με;
711 1945 793 1980 Λέγει
814 1945 888 1982 αὐτῷ
903 1948 917 1972 6

120 1989 229 2024 γέρων·
251 1988 359 2024 Ἐπειδὴ
382 1988 523 2024 ἅνθρωπος
548 1991 731 2026 πνευματικὸς
754 1988 789 2023 εἴ,
813 1992 860 2018 καὶ
885 1993 915 2018 οὺ

120 2034 217 2070 χρείαν
230 2034 301 2069 ἔχεις
320 2034 371 2069 τῆς
385 2034 512 2070 βρώσεως
528 2036 644 2072 ταύτης·
664 2037 743 2072 ἡμεῖς
768 2037 797 2063 δὲ
823 2046 917 2073 σαρκι-

122 2081 166 2107 κοὶ
180 2081 257 2112 ὄντες
272 2081 386 2116 θέλομεν
400 2083 507 2116 φαγεῖν,
522 2083 569 2110 καὶ
579 2083 624 2110 διὰ
636 2083 714 2110 τοῦτο
727 2082 914 2119 ἐργαζόμεθα*

123 2127 154 2153 σὺ
173 2126 201 2153 δὲ
215 2128 263 2163 τὴν
278 2128 363 2164 καλὴν
385 2128 481 2164 μερίδα
503 2129 626 2162 ἐξελέξω,
640 2130 833 2164 ἀναγινώσκων
853 2130 916 2166 ὅλην

121 2173 171 2209 τὴν
185 2174 301 2209 ἡμέραν,
314 2174 359 2201 καὶ
378 2175 407 2200 οὐ
429 2174 516 2206 θέλεις
538 2178 636 2210 φαγεῖν
652 2176 785 2212 σαρκικὴν
803 2176 915 2212 βρῶσιν.

121 2219 178 2246 Καὶ
191 2219 228 2252 ὡς
241 2220 341 2255 ἤκουσε
352 2220 448 2252 ταῦτα,
461 2221 540 2247 ἔϐαλε
562 2222 715 2257 μετάνοιαν1
729 2223 816 2256 λέγων
828 2232 834 2238 ·
849 2223 917 2257 Συγ-

121 2265 247 2301 χώρησόν
269 2275 324 2301 μοι,
346 2266 426 2293 ἀϐϐᾶ.
442 2267 525 2301 Λέγει
546 2267 621 2302 αὐτῷ
643 2269 658 2294 6
677 2268 777 2302 γέρων¹
805 2269 917 2300 Πάντως

120 2312 217 2347 χρείαν
233 2312 289 2347 ἔχει
307 2312 354 2339 καὶ
376 2313 392 2348 ἡ
410 2312 501 2347 Μαρία
524 2313 572 2348 τῆς
597 2314 727 2350 Μάρθας·
742 2313 785 2341 διὰ
796 2314 850 2350 γὰρ
868 2315 917 2350 τῆς

119 2357 236 2393 Μάρθας
252 2358 299 2384 καὶ
312 2359 328 2393 ἡ
344 2359 437 2395 Μαρία
454 2359 667 2395 ἐγκωμιάζεται.

157 2418 195 2447 ς’.
215 2414 376 2451 Ἦρώτησάν
393 2424 458 2443 ποτε
474 2416 519 2443 τὸν
542 2416 629 2444 ἀϐϐἇν
651 2416 805 2456 Σιλουανὸν,
823 2417 914 2452 λέγον-

118 2467 177 2491 τες*
190 2460 275 2487 Ποίαν
287 2460 427 2488 πολιτείαν
435 2461 566 2498 εζργάσω,
575 2462 665 2498 Πάτερ
673 2462 706 2495 ³³,
718 2462 762 2490 ἱνα
774 2461 860 2499 λάὸῃς
869 2462 919 2498 τὴν

121 2506 256 2542 φρόνησιν
269 2507 387 2541 ταύτηνς
403 2508 459 2534 Καὶ
470 2507 616 2544 ἀπεκρίθη·
629 2509 763 2535 Οὐδέποτε
775 2509 869 2544 ἀφῆκα
878 2510 918 2540 είς

119 2552 170 2587 τὴν
183 2552 297 2587 καρδίαν
313 2562 363 2588 μου
378 2553 508 2589 λογισμὸν
526 2554 728 2590 παροργίζοντα
740 2555 786 2582 τὸν
802 2555 879 2582 Θεόν.

968 1579 1009 1606 ria
1023 1579 1096 1605 enitn
1111 1578 1241 1613 optimam
1257 1582 1360 1612 partem
1381 1577 1463 1611 elegit
1479 1577 1512 1603 ⁸⁵.
1546 1576 1591 1602 Ait
1616 1583 1698 1603 senex
1718 1574 1760 1602 di-

967 1625 1073 1660 scipulo
1095 1632 1161 1651 suo:
1182 1623 1325 1655 Zacltaria,
1340 1623 1373 1650 da
1388 1623 1488 1650 librum
1512 1623 1600 1654 fratri,
1619 1626 1646 1649 et
1667 1621 1761 1648 ducito

966 1679 1031 1698 eum
1047 1671 1074 1698 in
1088 1671 1185 1698 cellam
1206 1671 1232 1697 in
1254 1677 1307 1704 qua
1327 1669 1396 1696 nihil
1416 1669 1466 1697 sit.
1482 1669 1550 1696 Cum
1567 1676 1632 1704 ergo
1651 1668 1760 1695 advenit

967 1717 1035 1744 liora
1058 1723 1142 1747 nona,
1166 1715 1334 1751 respiciebat
1356 1723 1404 1750 per
1426 1715 1540 1746 ostium,
1563 1722 1597 1740 an
1620 1713 1760 1740 mitterent

966 1763 1014 1798 qui
1039 1766 1150 1790 vocaret
1168 1770 1230 1789 eunt
1254 1762 1287 1789 ad
1313 1761 1544 1788 manducandum.
1569 1759 1659 1795 thue
1679 1766 1760 1786 nemo

967 1809 1086 1841 vocavit,
1117 1817 1234 1844 surgens
1262 1809 1402 1843 proiectus
1422 1811 1464 1835 est
1490 1807 1522 1834 ad
1547 1814 1648 1834 senem.
1671 1805 1757 1839 Quem

968 1855 1117 1889 interrogat
1138 1855 1178 1881 sic
1200 1854 1306 1886 :Abba,
1329 1862 1382 1881 ttott
1410 1854 1588 1881 comederunt
1607 1852 1689 1879 hodie
1705 1851 1759 1878 fra-

969 1899 1045 1926 tres?
1067 1898 1221 1933 Respondit
1247 1906 1331 1925 senex
1355 1907 1362 1924 :
1390 1897 1490 1929 Etiam,
1511 1896 1698 1923 comederunt.
1724 1895 1759 1923 Et

968 1953 1062 1980 quare.
1080 1945 1181 1979 inquit,
1200 1952 1255 1971 non
1271 1944 1458 1971 arcessivistis
1473 1943 1538 1970 me?
1561 1942 1630 1969 Tum
1654 1949 1735 1969 senex
1750 1950 1756 1968 :

968 1991 1037 2024 Quia
1056 1991 1139 2018 houto
1159 1990 1293 2023 spiritalis
1315 1998 1356 2023 es,
1374 1998 1423 2017 nec
1439 1998 1505 2025 eges
1531 1990 1593 2017 cibo
1616 1989 1685 2022 hoc;
1707 1995 1759 2014 nos

968 2042 1059 2064 autem
1079 2042 1174 2072 utpote
1189 2037 1326 2068 carnales,
1340 2037 1508 2063 tttanducare
1521 2036 1658 2066 volumus.
1679 2038 1759 2068 atque

969 2082 1032 2109 ideo
1051 2090 1217 2118 operamur;
1236 2087 1266 2109 tu
1280 2090 1346 2110 vero
1368 2083 1498 2117 optimam
1521 2086 1624 2116 partem
1640 2079 1758 2115 elegisli.

969 2130 1014 2165 qui
1032 2130 1099 2162 legis
1129 2137 1179 2164 per
1200 2133 1286 2156 toturn
1306 2128 1389 2161 diem,
1413 2135 1463 2155 nec
1480 2128 1521 2154 vis
1542 2134 1651 2154 sumere
1667 2126 1758 2152 cibum

970 2175 1119 2202 carnalem.
1139 2174 1189 2201 His
1204 2174 1316 2205 auditis,
1342 2174 1438 2207 frater,
1457 2173 1625 2208 pmnitentiae
1642 2171 1758 2198 inclina-

933 2213 1045 2247 Dtione
1072 2221 1155 2252 facta,
1180 2220 1249 2247 dixit
1272 2229 1279 2247 ι
1304 2220 1418 2254 Ignosce
1438 2220 1516 2252 mihi,
1541 2219 1622 2245 abba.
1646 2216 1758 2251 Excepit

967 2274 1070 2293 senex:
1088 2267 1171 2294 Plane
1186 2271 1213 2293 et
1229 2266 1324 2293 Maria:
1348 2266 1506 2293 necessaria
1527 2270 1568 2293 est
1587 2264 1705 2292 Martha.
1717 2262 1758 2289 Ex

966 2311 1074 2338 Martha
1089 2312 1163 2339 enim
1174 2313 1257 2339 etiam
1275 2310 1359 2338 Maria
1372 2310 1546 2346 praedicatur.

1003 2413 1033 2440 6.
1055 2412 1111 2446 (65)
1133 2412 1376 2447 Interrogaverunt
1394 2409 1542 2444 aliquando
1557 2409 1682 2436 abbatem
1703 2408 1758 2436 Sil-

967 2467 1067 2486 vanum
1091 2459 1131 2486 sic
1151 2468 1157 2485 :
1177 2458 1205 2485 ln
1220 2458 1373 2493 cujusntodi
1391 2457 1463 2484 bona
1479 2457 1588 2483 actione
1609 2456 1756 2483 exercuisti

966 2508 1004 2535 te,
1021 2503 1111 2535 Pater,
1127 2508 1155 2530 ut
1178 2504 1249 2531 hanc
1265 2512 1319 2538 qtta
1337 2503 1469 2538 praeditus
1488 2510 1528 2534 es,
1546 2503 1758 2536 consequereris

965 2550 1160 2585 prudentiam?
1177 2551 1208 2577 Et
1225 2551 1368 2585 respondit
1385 2559 1392 2577 τ
1414 2549 1560 2584 Nunquam
1571 2548 1682 2583 permisi
1699 2555 1758 2574 ma-

965 2604 1030 2623 nere
1047 2597 1074 2623 in
1090 2596 1173 2624 corde
1187 2604 1247 2624 meo
1261 2597 1455 2632 cogitationem
1470 2604 1531 2631 quae
1545 2595 1629 2623 Deum
1639 2594 1672 2622 ad
1688 2595 1757 2622 iram

964 2636 1139 2677 provocaret.

161 2749 183 2766 ³¹
203 2750 246 2776 Al.
261 2750 346 2777 inst'r.
362 2749 444 2785 αὐτῷ.
485 2751 508 2767 ³³
521 2751 604 2780 Abest
615 2751 708 2787 Πάτερ
721 2751 756 2779 ab
772 2752 807 2779 al.
848 2753 872 2773 ³⁸
885 2751 915 2779 Jo

986 2759 1024 2784 νι,
1043 2751 1088 2778 2'}.
1129 2751 1151 2766 "
1163 2750 1229 2778 Luc.
1246 2759 1273 2783 x,
1288 2751 1333 2777 4‘2.

157 2855 214 2890 (62)
242 2855 294 2890 th.
308 2854 384 2882 Patr.
403 2864 421 2887 ι,
441 2856 465 2882 1.

157 2890 215 2920 165)
241 2889 295 2917 Vit.
315 2889 388 2917 Patr.
403 2899 442 2924 ιι,
461 2891 506 2917 ‘28.

1003 2857 1059 2891 (δι)
1085 2856 1136 2883 vn.
1153 2857 1227 2884 I’Itlr.
1250 2864 1276 2888 ς,
1291 2856 1335 2883 (νς).

1002 2892 1057 2927 (65)
1086 2890 1136 2918 Vit.
1152 2891 1229 2919 Patr.
1248 2899 1288 2923 ιιι,
1307 2891 1358 2918 175
1372 2900 1377 2925 ;
1393 2899 1432 2924 xt,
1450 2890 1496 2919 50.
