1978 3075
111 154 164 183 ΗΞ

680 157 988 188 APOPHTHEGMATA
1008 160 1163 190 PATRUM.

1695 165 1750 194 ιη

108 211 231 243 ἀναστὰς
247 212 286 243 εἰς
301 211 346 239 τὸν
362 211 471 240 πυλῶνα
490 214 616 240 ἐκάθισεν
631 214 738 241 ὲσθίων.
755 216 810 241 Καὶ
822 215 901 242 ἐλθὼι

959 218 991 245 ad
1005 220 1180 252 vestibulum.
1203 224 1286 255 alque
1303 221 1500 250 mandueabat.
1519 223 1635 250 Advenit
1648 232 1751 259 praeses

108 256 124 281 ὁ
142 256 235 292 ἄρχων
253 257 322 292 μετὰ
338 258 388 293 τῆς
401 257 504 290 τάξεως
521 258 615 291 αὐτοῦ,
631 259 678 286 καὶ
696 259 795 291 ἰδόντες
813 260 905 293 αὑτὸν,

110 299 293 337 ἐξουθένησαν
309 302 399 335 αὑτὸν,
418 303 559 337 λέγοντες·
577 301 661 336 Οὗτός
675 306 748 332 ἐστιν
768 306 782 331 ὸ
799 306 906 341 ἀναχω-

109 347 200 383 ρητὴς
227 349 292 384 περὶ
317 346 347 376 οὗ
371 349 548 385 ὴκοὺσαμεν;
576 351 632 377 Καὶ
658 350 758 383 εὐθέως
784 352 907 387 ἀνέκαμ-

108 393 176 427 ψαν.

298 451 368 485 Περὶ
387 452 441 478 τοῦ
458 451 534 479 ἀϐϐᾶ
552 451 724 487 Σωπάτρου.

154 506 295 542 Ἥρώτησέ
313 516 355 539 τις
369 508 414 534 xcv
430 508 517 534 ὰῧὸᾶν
531 508 677 544 Σώπατρον
688 509 722 543 ⁵ο,
739 509 826 544 λέγων
836 517 842 524 ⁸
857 509 908 542 Δός

112 559 159 586 μοι
174 552 296 588 ἐντολὴν,
312 553 394 585 ἁϐὃᾱ,
418 554 465 580 καὶ
485 554 596 588 φυλάξω
622 555 716 590 αὑτήν.
736 555 765 581 Ὀ
784 555 812 582 δὲ
829 553 906 583 εἶπεν

108 597 202 634 αὐτῷ·
219 599 265 634 Μὴ
285 599 393 636 εἰσέλθῃ
410 600 478 635 γυνὴ
493 602 533 632 εἰς
553 600 583 626 τὸ
599 601 705 627 κελλίον
726 610 784 633 σου⁷
801 602 848 628 καὶ
868 602 906 638 μὴ

108 644 272 681 ἀναγνώσῃς
296 645 459 681 ἀπόκρυφα·
478 648 524 673 καὶ
540 647 577 682 μὴ
600 648 754 684 ἐκζητήσῃς
770 648 834 684 ἰτερλ¹
857 649 906 684 τῆς

109 692 231 723 εἰκόνος·
250 693 330 719 τοῦτο
355 684 410 729 γὸῖρ
426 694 477 721 οὐκ
493 694 567 721 ἔστιν
582 695 699 730 αἵρεσις,
713 695 772 722 ἀλλ’
789 696 907 722 ἱδιωτεία

109 737 158 763 καὶ
187 738 339 771 φιλονεικία
365 740 530 776 ἀμφοτέρων
556 740 610 767 τῶν
643 741 751 776 μερῶν·
776 741 907 768 ἀδύνατον

108 783 164 820 γὰρ
183 784 392 820 καταληφθῆναι
409 786 439 812 τὸ
455 787 572 822 πρᾶγμα
587 786 667 813 τοῦτο
681 787 734 813 ὑπὸ
750 787 840 823 πάσης
857 787 906 822 τῆς

108 838 234 862 κτισεως.

302 890 372 925 Περὶ
389 891 442 918 τοῦ
461 891 537 918 ἀϐϐᾱ
555 891 706 926 Σαρματᾶ.

144 948 177 971 α’.
198 945 281 972 Εἶπεν
299 948 314 972 ὁ
333 947 419 979 ἀδόἅς
441 948 588 984 Σαρματᾶς
604 948 642 965 ’⁸⁸⁸
658 948 734 975 Θέλω
759 949 901 985 ἄνθρωπον

108 991 317 1027 ἁμαρτήσαντα,
342 994 367 1020 εἰ
390 993 460 1020 οἶδεν
484 995 526 1021 ὅτι
544 995 662 1031 ἥμαρτε,
681 996 728 1022 καὶ
758 996 899 1031 μετανοεῖ,

108 1038 179 1074 ὑπὲρ
193 1039 336 1075 ἄνθρωπον
353 1040 391 1076 μὴ
406 1041 611 1078 ἁμαρτήσοντα,
627 1042 675 1069 καὶ
688 1042 784 1077 ἔχοντα
805 1042 901 1068 ἑαυτὸν

108 1083 146 1114 ὡς
165 1084 339 1121 δικαιοσύνην
353 1086 491 1114 ποιοῦντα.

144 1130 178 1164 β’.
199 1131 312 1165 Ἔλεγον
328 1133 393 1167 περὶ
406 1132 453 1159 τοῦ
467 1133 540 1160 assa
558 1134 703 1169 Σαρματᾶ,
714 1134 754 1161 ὅτι
771 1134 901 1166 πολλάκις

107 1175 246 1211 ἐλάμϐανε
261 1179 466 1214 τεσσαράκοντα
487 1180 594 1215 ἡμέρας
608 1182 641 1216 τῇ
658 1180 739 1216 βουλῇ
760 1180 806 1207 τοῦ
829 1181 902 1208 ἀ66ἄ

107 1221 255 1260 Ποιμένος⁸
280 1223 326 1249 καὶ
341 1223 467 1258 ὡςξοὺδὲν
487 1225 655 1260 ἐπληροῦντο
680 1226 707 1252 αἱ
729 1225 831 1261 ἡμέραι
857 1226 901 1252 ὲν-

107 1266 194 1294 ώπιον
208 1268 301 1295 αὐτοῦ.
314 1267 417 1296 Ἦλθεν
432 1268 479 1296 οὖν
496 1271 510 1296 ὁ
532 1270 619 1303 assa;
641 1271 747 1307 Ποιμὴν
769 1272 837 1307 πρὸς
853 1271 901 1298 αὺ-

106 1313 164 1346 τὸν,
184 1315 231 1340 καὶ
256 1315 329 1349 λέγει
346 1315 434 1351 αὐτῷ·
455 1317 522 1343 Εἰπέ
547 1326 604 1352 μοι,
622 1318 647 1344 τί
676 1317 800 1354 ἑώρακας
817 1318 901 1345 ποιῶν

107 1358 154 1385 τὸν
170 1359 297 1387 τοσοῦτον
317 1361 417 1394 κόπον;
436 1362 465 1389 '0
483 1363 511 1389 δὲ
533 1363 601 1398 πρὸς
618 1364 699 1390 αὑτὸν
723 1363 831 1398 ἔλεγεν·
850 1365 902 1391 Οὑ-

106 1404 153 1431 δὲν
177 1406 268 1434 πλέον,
292 1407 375 1441 Λέγει
397 1408 471 1443 αὐτῷ
485 1409 499 1435 ὁ
517 1408 603 1441 ἀϐὃᾶς
620 1410 744 1446 Ποιμήν·
765 1411 822 1437 Οὐκ
841 1410 902 1444 ἁφῶ

108 1459 150 1483 σε,
166 1451 214 1478 ἐὰν
232 1453 268 1487 μή
289 1462 333 1488 μοι
347 1454 435 1490 εἴπῃς.
456 1456 484 1481 Ὀ
500 1455 528 1481 δὲ
541 1453 633 1482 εἶπεν·
652 1457 700 1482 Ἓν
718 1456 796 1491 μόνον
812 1453 899 1492 εὖρον,

106 1496 149 1522 ὃτι
171 1497 218 1523 ἐὰν
237 1498 306 1524 εἴπω
328 1498 367 1534 τῷ
391 1499 478 1536 ὕπνῳ,
493 1501 615 1536 Ὕπαγε,
642 1502 755 1536 ὑπάγει,
783 1503 829 1529 καὶ
853 1503 902 1529 ἐὰν

107 1543 187 1574 εἴπω,
209 1544 294 1577 Ἑλθὲ,
308 1545 429 1581 ἔρχεται.

143 1592 178 1623 γ’.
206 1590 331 1625 Ἀδελςρδς
356 1591 483 1628 ἠρώτησε
503 1593 549 1620 τὸν
565 1593 652 1621 ἁόὃᾱν
680 1595 838 1630 Σαρματᾶν,
856 1596 902 1622 λέ-

107 1643 180 1669 γων·
197 1637 229 1662 Οἱ
254 1636 379 1673 λογισμοὶ
404 1638 513 1673 λέγουσι
534 1648 596 1675 μοι·
620 1640 666 1676 Μὴ
694 1641 817 1676 ἐργάσῃ,
834 1641 901 1668 ἀλλὰ

107 1683 196 1717 φάγε,
219 1684 275 1715 πίε.
293 1685 392 1719 κοιμῶ.
409 1685 492 1720 Λέγει
513 1685 588 1721 αὐτῷ
601 1688 615 1713 ὁ
635 1686 740 1722 γέρων·
755 1687 819 1713 Ὅτε
840 1696 901 1713 πει-

107 1729 174 1763 νᾷς,
197 1730 283 1764 φάγε·
299 1731 344 1756 ὅτε
367 1731 457 1766 διψᾷς,
481 1733 542 1758 πίε·
560 1732 604 1759 ὅτε
631 1732 783 1765 νυστάζεις,
800 1733 898 1768 κοιμῶ.

108 1774 207 1806 Ἄλλος
221 1775 249 1802 δὲ
265 1776 354 1811 γέρων
370 1778 430 1803 κατ’
442 1778 583 1812 εὐκαιρίαν
598 1776 664 1814 ἦλθε
682 1779 750 1813 πρὸς
765 1779 810 1806 τὸν
825 1779 902 1806 ἀδελ-

107 1823 174 1856 φόν
193 1824 239 1849 καὶ
265 1821 341 1851 εἶπεν
366 1825 442 1860 αὐτῷ
466 1826 480 1852 ὁ
499 1825 614 1860 ἀδελφὸς
639 1825 657 1852 ἃ
680 1823 757 1852 εἶπεν
775 1827 789 1852 ὀ
813 1826 900 1858 assa;

107 1869 264 1904 Eappa—tae.
284 1870 364 1904 Λέγει
385 1869 432 1897 οὖν
451 1871 526 1906 αὺτῴ
543 1873 557 1899 ὁ
573 1872 677 1907 γέρων·
695 1872 781 1899 Τοῦτό
797 1873 870 1900 ἐστιν
886 1874 900 1900 ὃ

107 1913 170 1942 εἷπέ
185 1924 225 1942 σοι
241 1918 255 1942 ὁ
269 1916 356 1949 ὰΰϐἆς
370 1918 535 1954 Σαρματᾶς·
550 1918 633 1945 Ὅταν
650 1919 744 1954 πεινᾷς
758 1919 836 1955 τόνῳ,
852 1921 901 1946 καὶ

106 1962 225 1998 statim;
248 1962 301 1994 ἓως
325 1964 423 1998 μηκέτι
447 1964 578 2000 δυνηθῇς,
600 1964 670 1998 φάγε
688 1965 749 1991 τότε
774 1965 821 1992 καὶ
837 1965 901 1992 πίεν

108 2008 157 2034 καὶ
190 2008 255 2034 ὅταν
280 2009 460 2044 ἁγρυπνήσῃς
486 2009 557 2036 πάνυ
582 2009 649 2036 πολὺ
676 2010 723 2036 καὶ
748 2010 899 2047 νυστάξῃς.

107 2054 210 2090 κοιμῶ.
225 2054 311 2081 Τοῦτό
325 2055 398 2082 ἐστιν
411 2055 425 2082 ὃ
440 2055 518 2090 ἔλεγέ
533 2064 574 2082 σοι
587 2056 619 2090 γέ
625 2065 687 2092 ρων.

142 2185 173 2212 δ’.
200 2185 340 2221 Ἦρὼτησε
361 2185 442 2212 πάλιν
463 2187 477 2213 ὁ
498 2187 580 2219 αὐτὸς
603 2188 717 2223 ἁδελφὸς
741 2189 787 2216 τὸν
814 2190 901 2217 ὰὸϐἄν

959 273 1020 293 cum
1038 267 1126 294 cilicio
1146 274 1206 294 suo.
1232 266 1285 294 Sed
1308 269 1353 295 tibi
1371 274 1573 304 conspexerunt
1599 270 1749 300 hominem.

958 313 1097 347 aspernati
1119 317 1193 345 sunt,
1219 314 1422 349 dixeruntque:
1439 315 1526 342 lstene
1550 319 1593 343 est
1609 316 1751 344 solitarius

957 360 990 387 de
1002 367 1058 394 quo
1075 360 1252 395 accepimus?
1271 360 1304 387 Et
1318 363 1422 388 reversi
1437 366 1502 389 sunt
1519 362 1622 390 statim.

1205 451 1243 478 De
1266 451 1360 478 abbate
1375 451 1500 486 Sopatro.

993 508 1175 537 Percontatus
1195 513 1237 536 est
1248 510 1348 544 aliquis
1367 509 1400 536 dc
1419 510 1517 536 abbate
1536 509 1663 544 Sopatro.
1681 510 1720 537 sic
1737 518 1747 536 τ

960 554 996 582 Da
1012 556 1078 582 mihi
1103 555 1273 587 mandatum,
1300 555 1380 586 abba,
1405 558 1432 582 et
1462 555 1578 581 servabo
1603 555 1680 581 illud.
1702 554 1750 581 ille

957 610 1023 629 vero
1037 602 1106 628 dixit
1126 602 1150 629 ei
1173 611 1179 628 :
1208 601 1267 628 Non
1290 602 1371 629 intret
1386 601 1483 628 mulier
1502 601 1528 627 in
1542 601 1637 628 cellam
1656 606 1747 632 tuam;

957 656 1008 676 nec
1031 648 1130 683 legeris
1147 648 1315 683 apocrypha.
1341 647 1381 674 Ad
1398 647 1455 674 haec
1473 655 1507 674 ne
1527 647 1700 682 disquisieris
1714 647 1749 673 de

957 695 1077 730 imagine
1093 694 1141 721 Dei
1155 695 1181 721 in
1197 694 1311 721 homine.
1332 693 1389 720 Hoc
1406 694 1479 721 enim
1496 701 1549 720 non
1568 697 1609 720 est
1623 693 1746 722 haeresis.

959 742 1007 769 sed
1036 741 1182 776 imperitia,
1210 741 1408 775 ambarumque
1438 741 1555 775 partium
1589 739 1746 771 contentio;

957 796 1022 816 nam
1040 788 1098 815 fieri
1115 787 1209 822 nequit
1224 790 1253 813 ut
1271 795 1315 814 res
1330 787 1386 814 haec
1400 785 1414 813 ὲ
1431 789 1555 814 creatura
1570 785 1748 821 comprehen-

958 835 1050 863 datur.

1201 890 1239 918 De
1256 890 1351 917 abbate
1365 889 1504 917 Sarmata.

988 949 1014 976 1.
1036 949 1110 976 Dixit
1137 948 1222 976 abbas
1243 948 1384 974 Sarmatas
1411 955 1417 973 :
1445 946 1516 973 Malo
1536 947 1674 973 hominem
1699 947 1747 980 qui

952 995 1117 1031 peccaverit,
1129 995 1210 1021 modo
1223 997 1354 1029 agnoscat
1371 997 1513 1028 peceatum
1535 1000 1614 1019 suum
1633 996 1661 1019 et
1685 999 1745 1026 pm-

951 1041 1065 1068 nitentia
1083 1041 1211 1072 ducatur,
1226 1048 1308 1074 quam
1326 1040 1464 1067 hominem
1480 1039 1526 1074 qui
1542 1047 1596 1066 non
1610 1046 1744 1074 peccave-

951 1089 996 1116 rit.
1012 1095 1043 1114 ac
1059 1095 1088 1114 se
1105 1090 1182 1122 putat
1197 1086 1315 1120 justum.

986 1134 1013 1160 Ξ.
1035 1133 1152 1160 Aiebant
1174 1133 1206 1160 de
1230 1133 1328 1160 abbate
1353 1132 1489 1162 Sarmata.
1512 1131 1584 1166 quod
1611 1139 1682 1165 smpe
1711 1131 1747 1157 de

952 1179 1069 1206 consilio
1083 1179 1191 1205 abbatis
1203 1177 1343 1205 Premenis
1357 1178 1409 1205 sibi
1429 1181 1551 1204 sumeret
1563 1174 1745 1211 quadraginta

951 1226 1028 1258 dies;
1052 1225 1099 1260 qui
1124 1225 1203 1260 quasi
1224 1225 1293 1251 nihil
1313 1224 1445 1259 temporis
1465 1224 1498 1250 ab
1523 1231 1557 1251 eo
1571 1221 1747 1256 compleban—

952 1275 1009 1299 tur.
1021 1270 1104 1298 Venit
1130 1277 1197 1305 ergo
1219 1269 1254 1296 ad
1274 1269 1364 1305 ipsum
1380 1269 1465 1296 abbas
1486 1267 1609 1298 Pcemcn,
1629 1267 1720 1300 aitque
1735 1273 1745 1292 :

953 1317 1002 1344 Die
1032 1317 1097 1344 mihi
1119 1317 1183 1351 quid
1209 1316 1398 1350 conspexeris,
1427 1316 1491 1343 dum
1515 1320 1618 1342 tantum
1643 1313 1748 1340 laboris

953 1364 1096 1392 sustines?
1112 1363 1265 1398 Respondit
1278 1362 1323 1389 ille
1339 1372 1348 1388 :
1360 1361 1433 1389 Nihil
1453 1362 1550 1397 magis.
1572 1360 1682 1395 Excepit
1697 1360 1746 1386 ab-

953 1411 1001 1437 bas
1022 1410 1132 1437 Pwmen
1157 1419 1164 1436 :
1191 1409 1249 1436 Non
1273 1409 1408 1436 dimittam
1428 1412 1474 1439 te,
1495 1408 1560 1442 quin
1585 1405 1742 1441 protuleris.

953 1455 1029 1483 Tunc
1046 1456 1091 1482 ille
1109 1464 1116 1482 ε
1135 1454 1224 1482 Unum
1242 1454 1375 1481 duntaxat
1397 1454 1502 1487 reperi;
1519 1453 1592 1487 quod
1607 1453 1630 1479 si
1648 1452 1745 1479 dixero

953 1510 1049 1529 somno
1065 1510 1072 1528 :
1088 1501 1204 1533 Recede,
1220 1500 1339 1533 recedit;
1357 1501 1379 1528 si
1394 1499 1491 1533 :Veni,
1509 1499 1591 1527 venit.

987 1592 1014 1619 5.
1034 1591 1131 1619 Frater
1151 1592 1192 1619 sic
1211 1591 1392 1625 interrogavit
1418 1590 1543 1617 abbatem
1567 1589 1741 1616 Sarmatam:

952 1637 1139 1672 Cogitationes
1167 1636 1233 1663 mihi
1260 1640 1409 1671 suggerunt
1439 1644 1445 1662 :
1475 1635 1513 1663 Ne
1538 1635 1671 1669 opereris.
1695 1634 1744 1661 sed

951 1684 1099 1716 manduca,
1115 1683 1188 1716 bibe,
1211 1683 1309 1711 dormi.
1327 1683 1478 1718 Respondit
1501 1690 1585 1709 senex
1601 1690 1608 1708 :
1627 1680 1743 1714 Quando

951 1730 1094 1763 esurieris,
1114 1730 1238 1761 comede,
1263 1738 1325 1757 cum
1345 1730 1460 1761 sitieris,
1481 1729 1553 1760 bibe,
1571 1728 1678 1762 quoties
1693 1734 1742 1753 ca-

953 1777 1025 1812 peris
1044 1784 1153 1812 sopore,
1179 1776 1279 1803 dormi.
1301 1776 1379 1803 Alius
1398 1783 1463 1803 vero
1490 1783 1573 1802 senex
1590 1778 1746 1809 opportune

951 1833 983 1852 ex
999 1824 1146 1851 occasione
1162 1823 1281 1850 accessit
1298 1823 1332 1849 ad
1347 1822 1472 1849 fratrem.
1484 1821 1534 1848 Cui
1550 1820 1644 1848 retulit
1657 1820 1744 1848 frater

952 1872 1113 1898 sermonem
1124 1869 1233 1897 abbatis
1249 1869 1396 1896 Sarmatae.
1411 1868 1500 1896 Senex
1510 1869 1593 1903 igitur
1609 1869 1641 1894 ad
1657 1874 1718 1894 eum
1733 1874 1743 1892 ι

952 1916 1029 1950 Quod
1051 1917 1100 1944 tibi
1125 1916 1210 1943 abbas
1229 1916 1373 1943 Sarmatas
1389 1914 1591 1950 pronuntiavit.
1610 1914 1661 1941 hoc
1675 1917 1740 1940 est:

952 1963 1068 1996 Quando
1086 1957 1263 1990 vehementer
1283 1962 1428 1992 esurieris,
1444 1966 1524 1996 atque
1539 1962 1565 1987 in
1586 1964 1691 1987 tantum
1706 1960 1741 1988 si-

952 2010 1031 2037 tieris
1054 2013 1084 2036 ut
1109 2017 1164 2036 non
1191 2009 1310 2044 amplius
1338 2002 1476 2035 sustinere
1503 2008 1605 2038 valeas,
1632 2007 1746 2034 comedo

951 2060 1018 2083 luuc
1033 2061 1060 2083 et
1075 2055 1137 2082 bibe
1155 2065 1161 2081 :
1178 2062 1297 2089 cumque
1319 2053 1551 2089 quamplurimmn
1576 2052 1743 2088 vigilaveris,

951 2110 983 2130 ac
998 2101 1112 2129 tentaris
1125 2109 1232 2132 somno,
1256 2100 1354 2127 dormi.
1380 2099 1437 2126 Hoc
1453 2103 1496 2126 est
1519 2099 1591 2134 quod
1604 2099 1652 2125 tibi
1668 2099 1743 2125 locu-

952 2154 996 2176 tus
1007 2152 1050 2175 est
1064 2155 1158 2175 senex.

988 2195 1013 2222 4.
1034 2194 1136 2221 lterum
1162 2193 1319 2220 sciscitatus
1344 2196 1384 2220 est
1408 2192 1480 2219 idem
1502 2191 1587 2218 frater
1617 2190 1742 2218 abbatem

107 2231 265 2266 Σαρματᾶν,
281 2232 384 2266 λέγων·
401 2233 432 2259 Ol
451 2233 577 2268 λογισμοὶ
592 2234 700 2268 λέγουσί
717 2244 778 2270 μοι·
793 2236 901 2271 ’Ύπαγε

958 2240 1109 2267 Sarmatam
1128 2247 1134 2265 ε
1160 2239 1285 2267 Subeunt
1309 2247 1352 2266 me
1373 2238 1554 2273 cogitationes
1575 2237 1649 2264 istae:
1668 2235 1744 2263 Vade

106 2278 170 2311 ἔξω,
194 2279 242 2305 καὶ
258 2279 400 2314 παράόαλε
424 2281 480 2311 τοῖς
496 2280 631 2315 ἀδελφοῖς.
654 2282 709 2308 Καὶ
727 2282 800 2316 λέγει
823 2283 837 2309 ὁ
857 2283 901 2317 γέ-

958 2287 1040 2320 foras,
1056 2291 1082 2314 ct
1101 2287 1200 2315 fratres
1218 2287 1316 2314 invise.
1343 2285 1495 2320 Respondit
1516 2292 1620 2312 senex:
1644 2284 1673 2311 In
1690 2284 1743 2310 hoc

109 2332 180 2359 ρων·
204 2324 289 2351 Τοῦτο
317 2325 354 2360 μὴ
381 2324 504 2361 ἀκούσῃς
528 2326 628 2358 αὐτῶν,
655 2327 713 2353 ἀλλ’
732 2328 812 2355 εἰπέ’
836 2329 901 2356 Ἰδοὺ

958 2341 987 2361 ne
1004 2333 1058 2361 illis
1075 2333 1263 2367 obtemperes,
1289 2332 1335 2360 sed
1354 2332 1439 2359 dicito
1465 2339 1472 2358 :
1491 2330 1561 2358 Ecce
1580 2338 1668 2361 meus,
1693 2338 1743 2356 au-

107 2370 214 2406 ῆκουσά.
235 2379 282 2397 σου
307 2371 338 2397 τὸ
358 2371 476 2407 πρῶτον,
500 2372 580 2399 τοῦτο
602 2373 630 2399 δὲ
657 2374 688 2400 οὐ
712 2374 828 2411 δύναμαί
855 2384 901 2403 σου

958 2378 1067 2407 icultavi
1082 2378 1130 2405 tibi
1146 2379 1241 2413 prius;
1264 2378 1298 2405 ad
1314 2378 1385 2405 hanc
1399 2385 1463 2404 vero
1483 2385 1540 2404 rem
1557 2384 1611 2404 non
1628 2383 1742 2412 possum

107 2417 236 2444 ἀκοῦσαι.

274 2475 346 2509 Περὶ
365 2475 419 2502 τοῦ
435 2474 511 2503 ἀδεᾶ
530 2477 733 2510 Σεραπίων-ος.

141 2534 177 2558 α’.
196 2529 282 2558 Ἦλθέ
308 2541 373 2559 ποτε
398 2533 512 2565 ΰάϐὗᾱς
528 2534 669 2569 Σεραπίων
695 2535 899 2570 παρερχόμενος

104 2577 148 2604 διὰ
171 2577 268 2614 κώμης
288 2579 361 2610 τινος
379 2579 430 2614 τῆς
446 2579 598 2613 Αἰγύπτου·
616 2581 662 2607 καὶ
679 2579 733 2607 εἷδὲ
749 2590 810 2608 τινα
833 2583 899 2618 πόρ-

105 2632 153 2660 νην
179 2625 302 2651 ἑστῶσαν
323 2626 363 2657 εἰς
387 2625 417 2652 τὸ
433 2626 536 2652 κελλὶον
556 2627 654 2661 αὐτῆς·
672 2628 718 2654 καὶ
734 2625 810 2654 εἶπεν
829 2630 898 2664 αὐτῇ

103 2671 119 2698 ὁ
140 2671 247 2707 γέρων·
273 2672 463 2707 Προσδόκησὸν
494 2682 528 2709 με
547 2673 614 2708 dare“
638 2673 706 2700 θέλω
732 2674 785 2710 γὰρ
811 2674 898 2701 ἐλθεῖν

142 2749 165 2765 ⁸⁸
180 2750 223 2776 Al.
240 2750 428 2786 Σωσίπατρον.
465 2752 486 2767 ’³
503 2751 546 2777 Al.
563 2752 721 2788 Σαμαρτᾶς.

107 2828 258 2860 crederem.
278 2828 329 2856 nisi
348 2829 375 2856 in
389 2828 620 2857 Elucidationibus
637 2830 746 2857 Gallicis
769 2831 802 2858 ad
822 2831 895 2858 hum:

108 2862 239 2894 Crudum.
251 2863 433 2892 adduceretur
450 2865 637 2892 testimonium
660 2866 725 2892 Elia).
744 2866 895 2897 Cretensis.

107 2907 160 2936 quo
179 2904 309 2934 receptus
325 2900 392 2927 ordo
407 2901 597 2928 coutirmatur.
620 2900 676 2929 Dici
699 2902 791 2936 itaque
805 2900 894 2934 debet,

953 2425 1050 2452 audire
1065 2428 1101 2452 te.

1184 2480 1223 2508 De
1239 2481 1338 2516 abbate:
1352 2480 1497 2516 Serapione

982 2539 1008 2567 ι.
1024 2538 1142 2567 Veniens
1157 2539 1303 2575 aliquando
1324 2539 1409 2566 abbas
1428 2538 1542 2575 Serapio
1554 2542 1581 2566 et
1598 2543 1742 2574 pertrans-

948 2585 1007 2612 iens
1024 2593 1072 2621 per
1105 2585 1250 2620 quemdam
1279 2585 1387 2621 (Egypti
1406 2586 1512 2617 vicum,
1531 2585 1599 2612 vidit
1615 2585 1742 2612 meretri-

948 2639 1006 2658 cem
1028 2636 1146 2659 stantem
1168 2632 1196 2659 in
1216 2633 1285 2660 cella
1303 2640 1373 2664 sua;
1391 2636 1416 2659 et
1437 2633 1507 2660 dixit
1525 2633 1548 2660 ei
1563 2641 1646 2660 senex
1662 2642 1668 2660 :
1688 2632 1741 2659 Ex-

948 2680 1043 2710 specta
1065 2685 1108 2704 me
1124 2678 1231 2713 vesperi
1254 2687 1261 2705 :
1279 2677 1340 2705 volo
1357 2678 1429 2705 enim
1450 2678 1541 2706 venire
1558 2678 1591 2705 ad
1609 2682 1645 2710 te,
1660 2682 1742 2713 atque

949 2832 1019 2875 idem
1033 2841 1047 2860 a
1063 2833 1170 2875 duobus
1185 2834 1360 2863 anachoretis
1379 2834 1481 2863 editum
1499 2834 1584 2863 fuisse
1598 2833 1742 2863 humilita-

948 2873 983 2896 tis
998 2873 1148 2904 specimen.
