1978 3075
151 155 204 185 ὗνΞῚ

721 159 1034 188 APOPMTHEGMATA
1053 160 1208 190 PATRUM.

1739 168 1793 196 U8

150 215 241 249 θέλεις
258 215 443 252 ὠφεληθῆναι,
458 217 630 252 καρτέρησον
654 218 684 243 ἐν
702 217 742 253 τῷ
768 218 866 254 κελλίῳ
892 227 938 246 σου

1003 221 1030 247 in
1047 221 1114 247 cella
1128 225 1186 253 tua,
1201 223 1346 250 attendens
1360 223 1408 250 libi
1423 222 1486 258 ipsi,
1505 223 1630 251 etlabori
1648 232 1789 252 manuum-

150 263 199 289 καὶ
218 262 337 298 πρόσεχε
357 261 462 298 σεαυτῷ
478 263 527 289 καὶ
541 262 581 297 τῷ
597 263 748 299 ἐργοχείρῳ
765 273 813 290 σου
824 271 831 278 ·
847 265 877 290 οὐ
892 265 947 300 γὰρ

150 309 230 344 φέρει
246 317 287 335 σοι
303 309 334 335 τὸ
354 308 538 344 προέρχεσθαι
565 310 694 344 τοιαύτην
722 310 866 344 ὠφέλειαν,
885 311 947 338 ὅσον

149 354 182 380 τὸ
195 354 371 386 καθέζεσθαι.
391 354 420 381 '0
433 355 460 381 δὲ
476 354 563 382 ταῦτα
579 355 708 387 ἀκούσας,
723 356 887 392 ἐπικράνθη,
900 358 948 384 καὶ

150 400 287 436 ἠλλοιώθη
308 402 342 437 τῇ
369 403 472 437 μορφῇ,
489 401 560 428 ὥστε
588 402 655 437 μηδὲ
681 402 829 438 δυνηθῆναι
856 404 947 430 λαθεῖν

150 446 197 472 τὸν
215 446 340 482 γέροντα.
367 445 450 473 Εἶπεν
472 445 519 474 οὖν
533 447 608 482 αὺτῴ
630 447 644 473 ὁ
668 447 756 480 ἀὸεᾶς
781 449 944 484 Σαραπίων-

152 491 243 527 Μέχρι
263 491 311 518 τοῦ
331 492 378 517 νῦν
410 492 513 526 ἔλεγες,
534 492 709 527 Ἀμαρτωλός
724 494 791 529 εἰμι,
812 495 859 520 καὶ
883 504 947 522 κατ-

151 537 261 573 ηγόρεις
276 538 374 565 ἑαυτοῦ
386 539 433 565 καὶ
443 538 491 565 τοῦ
505 538 553 574 ζῇν
569 539 678 571 ἀνάξιον
692 538 777 566 εἶναι·
791 540 839 566 καὶ
853 541 946 577 ἐπειδὴ

151 582 222 616 μετὰ
248 583 358 619 ἀγάπης
383 583 530 618 ὑπέμνησα
557 593 597 616 σε,
623 584 749 612 τοσοῦτον
775 585 944 622 ὲθηριώθης;

159 628 220 654 Ἐὰν
235 626 283 655 οὖν
303 628 384 665 θέλῃς
401 630 528 662 ταπεινὸς
553 629 633 662 εἷναι,
657 630 692 657 τὰ
711 632 776 666 παρ’
791 631 879 658 ἄλλων
895 634 942 658 ἐπ-

150 673 274 708 αγόμενά
293 682 333 701 σοι
355 674 424 709 μάθε
441 675 534 711 φέρειν
554 677 697 710 γενναίως,
712 678 759 703 καὶ
774 677 812 713 μὴ
835 679 946 713 ῥήματα

151 719 224 754 ἀργὰ
246 719 362 755 κάτεσχε
380 720 487 755 σεαυτῷ
501 721 569 755 (75).
593 721 685 747 Ταῦτα
698 721 819 753 ἀκούσας
831 723 846 749 ὁ
869 723 946 749 ἀδελ-

151 765 201 799 φὸς
225 766 369 801 μετενόησε
390 766 428 801 τῷ
458 766 580 802 γέροντι,
606 767 653 793 καὶ¹
679 767 766 795 πολλὰ
791 769 945 806 ὠφεληθεὶς

150 812 335 848 ἀνεχώρησεν.

335 869 406 903 Περὶ
425 869 478 897 τοῦ
498 869 574 898 ἀόϐᾶ.
591 871 716 904 Σερίνου
728 871 762 898 ⁸⁸.

186 928 222 952 α’.
244 925 357 960 Ἔλεγον
385 926 449 960 περὶ
472 925 519 952 τοῦ
547 926 619 953 ὰὸὁᾶ
645 927 768 963 Σερινου,
792 927 833 954 ὅτι
859 927 945 955 πολλὰ

150 971 305 1006 εἰργάζετο.
329 972 376 998 καὶ
400 971 447 999 δύο
471 972 631 1008 παξαμάτια
643 973 665 989 ⁸⁸³
688 973 766 1008 ἤσθιε
788 974 942 1006 διαπαντός.

150 1017 207 1044 Καὶ
227 1016 312 1044 ἐλθὼν
336 1018 404 1054 πρὸς
427 1018 507 1044 αὑτὸν
528 1019 542 1045 ὁ
564 1018 651 1050 ἀὸὅᾶς
669 1019 729 1046 Ἰὼϐ
741 1020 775 1052 “,
791 1020 805 1046 ὁ
831 1029 945 1055 συμφω-

149 1061 234 1097 νητὴς
256 1062 348 1094 αὑτοῦ,
370 1063 418 1089 καὶ
444 1063 523 1095 αὐτὸς
548 1063 575 1090 δὲ
602 1065 689 1099 μέγας
712 1065 845 1101 ἀσκητὴς,
868 1063 944 1092 εἶπεν

148 1107 235 1143 αὐτῷ,
249 1109 289 1135 ὅτι
305 1109 352 1141 Εἰς
371 1109 401 1134 τὸ
423 1109 527 1136 κελλίον
546 1119 596 1145 μου
624 1111 753 1145 φυλάττω
778 1112 828 1147 τὴν
844 1112 943 1148 πρᾶξίν

151 1162 220 1189 μου·
243 1154 291 1180 ὲὰν
311 1154 341 1180 δὲ
366 1154 477 1186 ἐξέλθω,
501 1156 710 1189 συγκαταὸαἱνω
727 1158 784 1188 τοῖς
807 1157 941 1191 ἀδελφοῖς.

149 1194 206 1227 Καὶ
228 1199 302 1235 λέγει
329 1200 402 1235 αὑτῴ
421 1201 435 1227 ό
459 1201 545 1233 ἀόὁᾶς
562 1202 684 1238 Σερῐνος·
703 1203 761 1229 Οὐκ
780 1203 854 1229 ἐστιν
873 1203 941 1239 αὓτη

150 1245 256 1281 μεγάλη
272 1246 364 1282 ἁρετὴ,
379 1247 443 1273 ὅταν
458 1247 487 1273 ὲν
504 1246 542 1282 τῷ
563 1248 661 1283 κελλξῳ
677 1257 723 1275 σου
739 1248 878 1285 φυλάττῃς
893 1249 942 1285 τὴν

148 1291 226 1323 τάξιν
246 1300 303 1325 σου,
319 1292 376 1319 ἀλλ’
389 1293 452 1319 ὅταν
467 1294 500 1320 ἐκ
517 1293 563 1320 τοῦ
581 1294 686 1320 κελλίου
702 1303 748 1321 σου
775 1295 874 1330 μᾶλλον
898 1295 942 1328 ἐξ·

148 1336 241 1372 έλθῃς.

186 1382 220 1417 β’.
236 1381 317 1410 Εἶπεν
330 1384 344 1410 ὁ
356 1384 442 1416 ἀῦὅᾶς
454 1385 572 1420 Σερῖνος,
585 1386 626 1412 ὅτι
643 1387 773 1422 Ἐποὶησα
785 1386 831 1413 τὸν
844 1386 941 1423 χρόνον

150 1438 213 1465 μου,
226 1430 350 1466 θερίζων,
367 1432 582 1467 καταῤῥάπτων.
594 1433 702 1459 πλέκων
712 1441 719 1448 ·
735 1434 782 1460 καὶ
797 1435 825 1460 ἐν
837 1434 941 1466 τούτοις

148 1476 244 1509 πᾶσιν,
259 1478 284 1503 εἰ
303 1476 340 1512 μὴ
359 1477 375 1511 ἡ
395 1477 455 1512 χεὶρ
467 1477 514 1503 τοῦ
526 1478 594 1504 Θεοῦ
609 1479 739 1514 ἐχόρτασὲ
755 1488 798 1514 με,
814 1480 864 1506 οὐκ
876 1480 940 1514 ὴδψ

147 1522 233 1559 νήθην
247 1523 443 1559 χορτασθῆναι.

320 1580 390 1614 Περὶ
404 1579 457 1607 τοῦ
475 1579 550 1607 ἀΰϐᾶ
561 1580 763 1614 Σπυρίδωνος.

183 1635 217 1663 α’.
252 1636 320 1672 Περὶ
342 1636 370 1663 δὲ
399 1637 592 1673 Σπυρίόωνος,
619 1638 738 1674 τοσαύτη
764 1637 803 1673 τῷ
832 1639 940 1674 ποιμένι

146 1683 253 1718 προσῆν
264 1683 382 1719 ὁσιότης,
398 1683 436 1715 ὡς
453 1683 601 1719 ἀξιωθῆναι
625 1684 707 1711 αὑτὸν
721 1686 769 1712 καὶ
790 1685 941 1721 ἀνθρώπων

146 1728 267 1763 ποιμένα
280 1729 416 1763 γενέσθαι.
432 1730 505 1761 Μιᾶς
518 1730 571 1765 γὰρ
595 1729 648 1756 τῶν
662 1731 690 1756 ὲν
704 1730 808 1766 Κύπρῳ
826 1731 939 1764 πόλεων,

144 1774 259 1809 ὀνόματι
275 1774 491 1810 Τριμιθούντων,
505 1772 582 1807 οὗτος
596 1775 646 1810 τὴν
660 1775 813 1811 ἐπισκοπὴν
828 1776 941 1810 ἐκεκλή-

147 1829 236 1856 ρωτο·
255 1820 300 1847 διὰ
318 1821 346 1847 δὲ
369 1821 487 1856 ἀτυφίαν
513 1821 631 1857 πολλὴν,
651 1822 781 1857 ἐχόμενος
803 1823 853 1858 τῆς
878 1824 940 1849 ἐπι-

146 1868 261 1902 σκοπῆς,
279 1868 420 1903 ἐποίμαινε
435 1868 528 1894 καὶτὰ
542 1869 676 1904 πρόὸατα.
693 1868 837 1904 Macro-£573.:
850 1869 876 1895 δὲ
891 1869 940 1904 τῆς

146 1914 254 1946 νώιτὸς,
269 1914 383 1940 κλέπται
401 1915 432 1949 τῇ
451 1914 557 1949 μάνδρᾳ
572 1914 625 1940 τῶν
641 1914 786 1948 προϐάτων
803 1915 940 1949 λαθραίως

145 1960 317 1992 ἐπελθόντες,
334 1961 430 1995 κλέψαι
443 1960 497 1986 τῶν
512 1960 657 1995 προϐάτων
670 1960 846 1993 ἐσπούδαζον.
868 1961 896 1987 ὐ
911 1961 940 1987 δὲ

145 2006 213 2038 (θεὸς
228 2006 242 2032 ὁ
260 2006 305 2032 τὸν
320 2006 437 2041 ποιμένα
453 2005 558 2037 σώζων,
571 2006 618 2032 καὶ
630 2006 665 2032 τὰ
679 2006 803 2042 πρόϐατα
818 2006 919 2039 ἔσωζεν
931 2016 938 2022 ·

145 2054 170 2078 οἱ
183 2052 238 2087 γὰρ
249 2052 363 2079 κλέπται
379 2052 486 2087 ἀοράτῳ
502 2051 615 2086 δυνάμει
629 2052 651 2068 ³¹
666 2052 742 2087 παρὰ
751 2053 801 2086 τὴν
819 2053 939 2089 μάνδραν

146 2098 275 2125 ἐδέδεντο.
290 2099 407 2134 Ὀρθρος
424 2098 452 2124 δὲ
465 2096 498 2133 ἦν
507 2106 513 2112 ·
533 2099 580 2124 καὶ
593 2095 660 2133 ἧκεν
673 2099 687 2124 ὁ
706 2098 807 2134 ποιμὴν
825 2099 893 2134 πρὸς
905 2099 940 2126 τὰ

146 2143 281 2179 πρόϐατα.
290 2144 333 2175 Ὠς
344 2143 371 2169 δὲ
386 2139 465 2178 εὗρεν
475 2143 563 2169 ὀπίσω
573 2143 624 2174 τὰς
635 2145 728 2179 χεῖρας
740 2143 859 2179 ἔχοντας,
869 2145 939 2179 ἔγνω

144 2190 176 2215 τὺ
186 2190 298 2224 γεγονός
307 2199 312 2204 ·
322 2191 368 2217 καὶ
375 2190 524 2225 εὐξάμενος
532 2189 590 2216 λύει
601 2190 663 2221 τοὺς
673 2189 803 2221 κλέπτας.
812 2191 900 2217 Πολλὰ
910 2191 938 2218 δὲ

144 2235 311 2271 νουθετήσας
322 2237 369 2262 καὶ
383 2236 552 2272 παραινέσας
567 2237 671 2268 αὐτοῖς,
682 2238 714 2264 ὲκ
727 2237 839 2263 δικαίων
850 2237 938 2264 πόνων

998 266 1093 303 Neque
1105 268 1178 294 ettim
1192 271 1298 295 tantum
1323 268 1416 296 all‘eret
1432 270 1560 297 utilitatis
1571 271 1691 305 prodire.
1707 279 1792 306 quan-

998 318 1055 339 tum
1072 313 1177 341 sedere.
1201 314 1248 342 llis
1269 315 1314 342 ille
1337 316 1453 347 auditis,
1486 318 1669 344 exacerbatus
1685 323 1744 350 est,
1766 323 1794 346 et

999 359 1083 385 forma
1104 365 1244 392 mutatus.
1269 361 1336 389 adeo
1358 366 1386 388 ιιι
1407 369 1457 388 nec
1471 370 1564 389 senent
1584 363 1668 390 latere
1684 369 1793 398 posset.

998 404 1092 439 Itaque
1112 406 1180 433 dixit
1195 407 1218 434 ei
1244 408 1327 435 abbas
1345 407 1480 443 Serapio:
1504 408 1651 443 [lucusque
1667 409 1760 436 aiebas
1786 419 1792 436 :

997 449 1129 477 Pcccator
1142 459 1219 484 sum;
1236 453 1300 479 item
1323 454 1475 481 accusabas
1495 459 1520 481 tc
1536 455 1616 488 quasi
1634 455 1716 481 etiam
1733 455 1791 481 vita

997 496 1138 531 indignum
1153 505 1160 530 ;
1184 498 1247 532 quia
1265 506 1330 525 vero
1348 499 1544 526 eomtnoneleci
1562 504 1587 526 le
1606 507 1668 526 cum
1695 500 1790 527 citari-

997 547 1062 574 tate,
1080 551 1167 577 usque
1181 545 1248 571 adeo
1262 544 1390 572 ellerattts
1401 546 1450 573 es?
1466 545 1493 572 Si
1505 554 1571 581 ergo
1584 547 1726 574 desideras
1743 547 1790 573 hu-

997 589 1071 616 milis
1086 598 1157 620 csse,
1173 597 1233 623 quae
1248 591 1281 617 ab
1293 591 1354 619 aliis
1371 592 1419 619 libi
1436 592 1603 622 inferuntur.
1618 592 1693 620 disce
1706 593 1787 620 forti-

997 638 1038 660 ter
1050 633 1131 665 ferre.
1153 643 1202 662 nee
1217 637 1299 663 verba
1315 637 1402 664 otiosa
1417 638 1488 672 apud
1510 642 1536 665 te
1549 638 1645 665 retine.
1665 637 1727 665 llaec
1741 646 1788 665 au-

996 680 1074 707 diens
1089 681 1182 713 frater,
1197 682 1302 709 veniam
1317 683 1430 717 supplex
1445 684 1522 718 petiit
1535 691 1549 710 a
1565 691 1640 716 sene,
1657 687 1684 711 et
1701 683 1788 710 mttlto

997 733 1059 753 cum
1080 727 1179 754 anima:
1194 728 1270 754 luero
1282 729 1420 755 discessit.

1254 869 1294 897 De
1311 871 1403 898 abbate
1419 872 1526 900 Sereno.

1032 922 1057 949 l.
1075 923 1192 951 Ait-bant
1206 925 1239 951 de
1251 926 1349 953 abbate
1362 927 1465 954 Sereno
1475 949 1482 961 ,
1494 930 1567 964 quod
1583 932 1698 959 multum
1720 940 1786 968 ope-

996 973 1112 1001 raretur.
1128 975 1156 996 et
1172 971 1241 998 duos
1254 978 1412 1006 paxamates
1426 982 1534 1009 semper
1547 977 1715 1006 come-lutet.
1731 978 1783 1007 Ve-

996 1015 1073 1042 niens
1089 1022 1178 1043 autem
1198 1017 1230 1044 atl
1246 1026 1306 1045 cum
1326 1019 1411 1047 abbas
1428 1020 1490 1051 Job.
1513 1022 1616 1051 sodalis
1628 1024 1698 1058 ejusl
1721 1025 1781 1061 ipse

994 1061 1075 1088 etiam
1103 1070 1218 1097 magnus
1240 1070 1350 1096 ascela,
1376 1065 1464 1094 dixit:
1483 1067 1512 1094 ln
1535 1068 1604 1095 cella
1626 1077 1685 1096 mea
1702 1079 1783 1098 servo

994 1106 1130 1134 actionem
1150 1115 1260 1142 nit-am;
1286 1111 1332 1136 sed
1357 1110 1380 1137 si
1395 1111 1500 1142 exiere,
1521 1113 1712 1142 condescendo
1730 1117 1785 1144 fra-

993 1152 1091 1179 tribus.
1106 1154 1150 1179 Ait
1164 1154 1201 1180 illi
1217 1155 1301 1182 abbas
1320 1155 1440 1183 Serenus
1454 1166 1460 1184 :
1477 1156 1537 1185 Non
1555 1163 1596 1186 est
1612 1160 1668 1187 haec
1683 1169 1781 1197 magna

993 1198 1100 1230 virtus,
1124 1201 1233 1234 quando
1257 1201 1283 1228 in
1310 1203 1377 1229 cella
1401 1207 1445 1229 tua
1470 1204 1637 1233 custodieris
1659 1207 1783 1235 ordinem

994 1249 1080 1277 tuum,
1094 1247 1141 1273 scd
1156 1247 1247 1281 potius
1259 1255 1320 1275 cum
1337 1256 1352 1275 e
1363 1249 1431 1276 cella
1445 1253 1492 1277 tua
1504 1258 1643 1286 egressus.

1027 1379 1054 1406 2.
1075 1379 1146 1407 Dixit
1171 1380 1256 1406 abbas
1279 1380 1400 1408 Serenus
1419 1391 1425 1409 :
1442 1382 1561 1419 Templis
1585 1393 1674 1412 meum
1693 1387 1785 1423 peregi

993 1426 1131 1458 metendo.
1150 1429 1319 1455 consuendo.
1334 1429 1496 1463 plectendo;
1516 1431 1639 1465 atquein
1659 1432 1702 1459 bis
1724 1440 1784 1460 om-

992 1473 1085 1503 nibus.
1102 1474 1156 1501 nisi
1169 1482 1267 1501 manus
1284 1474 1330 1502 Dei
1344 1476 1466 1503 cibasset
1482 1484 1535 1508 me,
1555 1486 1609 1504 non
1629 1480 1783 1513 potuissem

992 1519 1103 1547 nutriri.

1232 1577 1270 1604 De
1283 1578 1378 1605 abbate
1391 1578 1551 1614 Spyridone.

1027 1634 1052 1660 l.
1072 1633 1140 1669 (75‘)
1163 1633 1199 1661 De
1225 1634 1379 1669 Spyridone
1396 1644 1478 1668 vero,
1495 1642 1572 1664 tanta
1594 1638 1620 1665 in
1640 1646 1673 1666 eo
1688 1640 1780 1667 ovium

992 1684 1101 1714 pastore
1118 1681 1206 1707 inerat
1222 1683 1366 1714 sanctitas,
1389 1687 1419 1709 ttt
1435 1683 1535 1717 dignus
1556 1684 1666 1712 habitus
1680 1687 1716 1713 sit
1731 1687 1778 1721 qui

992 1726 1134 1753 hominum
1146 1735 1255 1762 quoque
1268 1732 1363 1762 pastor
1376 1729 1462 1755 lieret.
1480 1729 1568 1758 Unius
1583 1731 1654 1758 enim
1666 1740 1681 1759 e
1695 1732 1778 1768 Cypri

992 1773 1118 1804 orbibus,
1135 1774 1246 1800 notitiae
1268 1772 1475 1805 Trimitbunlis.
1496 1775 1682 1811 episcopatum
1700 1779 1783 1805 sorti-

992 1823 1037 1845 tus
1052 1822 1105 1845 est.
1121 1817 1222 1844 Verum
1235 1818 1271 1845 ob
1287 1819 1434 1853 plurimam
1450 1819 1622 1851 modestiam.
1639 1822 1784 1857 episcopa-

991 1867 1048 1890 tum
1065 1864 1203 1895 obtinens,
1223 1865 1312 1891 adbuc
1328 1865 1459 1899 pascebat
1471 1873 1546 1893 oves.
1559 1866 1779 1900 Contigitautem

990 1915 1021 1937 ut
1035 1911 1110 1938 l'ures
1125 1911 1213 1938 media
1231 1914 1312 1938 nocte
1323 1912 1393 1938 clam
1409 1911 1436 1937 in
1452 1913 1560 1938 caulam
1576 1912 1636 1946 ejus
1653 1913 1781 1949 ingressi,

990 1965 1055 1984 oves
1070 1962 1207 1984 tentarent
1219 1962 1353 1985 avertere.
1371 1958 1404 1985 At
1419 1957 1492 1985 Deus
1505 1959 1550 1993 qui
1564 1964 1702 1993 pastorem
1718 1968 1782 1988 cos.-

991 2005 1128 2035 servabat.
1148 2012 1213 2031 oves
1233 2005 1316 2032 etiam
1339 2005 1470 2033 servavit.
1487 2004 1574 2033 Fures
1588 2007 1689 2041 quippe
1712 2007 1782 2034 invi-

990 2050 1062 2077 sibili
1080 2050 1182 2077 virtute
1202 2050 1236 2076 ad
1251 2050 1323 2077 ovile
1339 2049 1416 2084 ligati
1442 2050 1618 2077 tenebantur.
1635 2050 1694 2077 Jam
1709 2051 1781 2078 dilu-

991 2097 1081 2123 culum
1103 2101 1177 2129 erat,
1193 2104 1256 2123 etttn
1279 2096 1353 2123 venit
1378 2101 1473 2130 pastor
1498 2096 1533 2123 ad
1555 2105 1621 2124 oves
1643 2104 1720 2124 suas.
1745 2098 1782 2124 Ut

990 2146 1081 2169 autent
1094 2142 1197 2169 invenit
1213 2142 1288 2169 fures
1302 2143 1433 2169 manibus
1447 2147 1509 2177 post
1520 2147 1626 2178 tergum
1637 2144 1780 2173 revinctis.

990 2190 1102 2223 agnovit
1115 2189 1180 2224 quid
1199 2188 1360 2222 accidisset,
1377 2194 1403 2216 et
1419 2196 1499 2224 prece
1516 2189 1589 2216 facta
1608 2191 1690 2217 solvit
1706 2190 1779 2218 illos.

989 2235 1113 2270 Cumque
1140 2235 1257 2262 multum
1287 2235 1479 2262 admonuisset
1509 2239 1593 2270 atque
1617 2236 1781 2264 exhortatus

145 2282 307 2314 σπουδάζειν
328 2282 426 2317 μᾶλλον
447 2283 494 2309 καὶ
510 2283 547 2318 μὴ
559 2283 588 2315 ἐξ
602 2283 709 2314 ἀδικίας
725 2282 784 2318 ζῇν,
799 2283 847 2310 ἕνα
861 2284 937 2319 κριὸν

996 2281 1100 2312 luisset,
1121 2284 1150 2307 ut
1176 2280 1260 2314 justis
1285 2280 1438 2313 laboribus,
1464 2289 1518 2308 non
1545 2282 1649 2316 iniquis
1672 2282 1781 2308 actibus

144 2329 238 2359 αὐτοῖς
258 2328 438 2363 χαρισάμενος
462 2327 607 2360 ἀπέλυσεν,
629 2327 676 2353 καὶ
703 2328 854 2363 χαριέντως
877 2331 938 2355 ὲπι-

144 2374 331 2410 φθεγξάμενος
352 2371 442 2400 εἶπεν·
469 2373 527 2400 Ἵνα
553 2373 590 2409 μὴ
620 2374 708 2409 μάτην
730 2375 938 2411 ἠγρυπνηχότες

143 2419 259 2454 φανῆτε.

181 2465 214 2500 β’.
226 2464 337 2498 Ἔλεγον
349 2463 438 2496 πάλιν,
450 2463 491 2490 ὃτι
503 2463 648 2500 θυγάτριον
659 2462 693 2500 ἦν
704 2465 778 2500 αὑτῷ
791 2464 935 2501 παρθένος,

143 2511 193 2546 τῆς
207 2510 254 2536 τοῦ
269 2510 371 2545 πατρὸς
397 2510 539 2542 εὐλαϐείας
560 2511 712 2546 μετέχουσα
723 2531 729 2543 ,
745 2510 865 2546 τοῦνομα
890 2512 936 2537 Εἰ-

144 2558 224 2594 ρήνη.
242 2557 336 2594 Ταύτῃ
349 2556 488 2592 γνώριμός
509 2565 551 2587 τις
568 2557 717 2592 πολύτιμον
739 2558 874 2593 παρέθετο
891 2558 936 2584 κό-

143 2614 233 2640 σμιον.
253 2605 284 2630 'H
307 2604 336 2631 δὲ
354 2604 557 2639 ἀσφαλέστερον
577 2604 707 2636 ποιοῦσα,
727 2606 762 2640 γῇ
778 2604 827 2639 τὴν
850 2612 938 2639 παρα-

142 2652 230 2687 θήκην
253 2651 373 2686 ἔκρυψε·
402 2651 459 2686 μετ’
474 2650 563 2685 ὀλίγον
588 2650 616 2676 δὲ
643 2650 689 2676 τὸν
711 2650 768 2685 βίον
792 2649 935 2676 ἀπέλιπεν.

179 2731 201 2745 ⁵³
216 2731 259 2757 Al.
272 2731 402 2766 Σερήνου.
437 2730 461 2746 ⁸⁰
475 2730 515 2758 Al.
532 2728 701 2764 παξαμάὂια.

741 2729 764 2744 ¹¹
787 2729 830 2755 Al.
855 2729 966 2764 Ἰωσήφ.

990 2327 1093 2352 victttm
1118 2325 1169 2352 sibi
1192 2333 1354 2359 comparare
1380 2327 1546 2359 niterentur,
1560 2327 1646 2353 ariete
1663 2326 1781 2353 donatos
1826 2354 1834 2362 ,

991 2370 1096 2397 dimisit
1113 2378 1180 2399 eos.
1200 2375 1282 2404 atque
1305 2370 1357 2397 hoc
1375 2370 1451 2397 verbi
1473 2371 1576 2398 urbane
1598 2370 1697 2405 adjecit
1716 2380 1724 2398 ;
1742 2371 1781 2398 Nc

992 2417 1094 2444 frustra
1114 2417 1241 2451 vigilasse
1258 2417 1416 2444 videamini.

1026 2463 1043 2490 2
1061 2463 1115 2498 (76)
1140 2463 1256 2489 Aiebant
1277 2463 1387 2493 iterum.
1410 2463 1483 2498 quod
1510 2463 1620 2490 ﬁliolam
1652 2463 1781 2490 habuerit

991 2510 1122 2544 virginem
1139 2513 1261 2543 paterna:
1279 2510 1390 2543 pietatis
1413 2510 1586 2544 participem,
1604 2510 1714 2536 nomine
1727 2510 1780 2536 Ire-

991 2564 1054 2583 nen.
1074 2555 1143 2582 llttic
1167 2555 1312 2583 familiaris
1334 2556 1445 2590 quidam
1464 2557 1614 2591 pretiosum
1633 2563 1780 2582 ornamen-

991 2607 1048 2629 tum
1074 2602 1326 2630 commendaverat.
1349 2602 1408 2633 Illa.
1424 2606 1453 2629 ut
1472 2602 1627 2637 depositum
1644 2602 1731 2636 magis
1750 2601 1777 2628 in

990 2653 1051 2676 tuto
1071 2653 1155 2680 esset,
1176 2649 1204 2675 in
1221 2652 1326 2676 terram
1352 2648 1475 2682 abdidit;
1502 2648 1584 2683 paulo
1604 2653 1665 2683 post
1689 2653 1778 2675 autent

1005 2728 1027 2744 "
1042 2728 1084 2754 Al.
1099 2727 1185 2764 inser.
1201 2727 1390 2762 κρατούμενοι.

177 2810 236 2846 (75)
257 2810 310 2846 Kal
317 2809 360 2845 μὴ
368 2810 487 2845 ῥήματα
501 2810 576 2844 ἀργὰ
584 2809 713 2846 κάτεσχε
721 2807 858 2846 οκςιξιξζῷ.Δ
869 2807 937 2846 V_ilaa

996 2806 1201 2846 ;eri_t__Pelagius
1219 2806 1365 2846 interpres,
1382 2807 1508 2846 κατᾴχεε.

145 2843 258 2872 Ιναινιιγη
275 2855 284 2873 :
300 2843 331 2872 Et
346 2843 397 2872 non
408 2843 504 2873 odiosa
515 2843 590 2872 rei-Im
604 2844 738 2878 e/fundere
750 2844 797 2870 tibi
809 2844 868 2877 ipsi.
881 2843 934 2870 Seu

142 2883 257 2915 potius:
276 2881 309 2908 Et
327 2889 377 2908 non
389 2882 478 2908 otiosa
497 2880 574 2908 verba
591 2879 695 2914 effunde
708 2878 755 2906 tibi
766 2879 827 2911 ipsi.
843 2878 878 2905 Ut
894 2879 932 2906 le-

1022 2842 1091 2877 (75')
1112 2841 1233 2873 Socrat..
1249 2842 1286 2868 lih
1313 2849 1332 2874 ι,
1350 2849 1410 2877 cap.
1434 2842 1475 2869 12.

1020 2878 1076 2914 (76)
1096 2877 1202 2905 Socrat.
1209 2897 1216 2907 ,
1233 2876 1296 2904 ibid.
