1978 3075
198 164 252 191 «H9

769 162 943 190 APPENDIX
963 163 1009 190 AD
1028 162 1243 192 PALLADIUM.

1782 164 1836 192 ΗΟ

199 221 328 255 migravit
343 229 358 249 e
379 222 446 249 vita.
472 220 551 249 Venit
569 226 665 257 postea
688 229 734 256 qui
759 221 945 256 deposuerat;
962 225 989 248 ct

1048 220 1129 248 Ἦλθε
1142 222 1170 248 δὲ
1186 222 1256 257 μετὰ
1271 221 1366 257 χρόνον
1379 222 1392 248 ὀ
1408 221 1598 258 παραθέμενος
1609 229 1616 236 ·
1631 221 1678 248 καὶ
1695 221 1732 257 μὴ
1750 220 1837 257 εὑρὼν

199 269 304 304 virgine
322 276 376 295 non
394 269 517 301 inventa,
531 269 642 297 inhaesit
653 269 725 304 patri
739 269 799 302 ejus
813 268 906 295 abbati
921 267 992 303 Spy-

199 313 306 346 ridoui;
324 321 397 340 nunc
418 314 529 348 quidem
552 315 677 345 trahens,
696 313 794 341 deinde
811 320 877 340 vero
892 320 989 339 orans.

197 360 268 393 Quia
284 364 374 387 autem
388 368 471 388 senex
489 368 504 388 e
519 360 621 387 danmo
634 361 695 395 ejus
714 360 762 394 qui
780 367 836 386 rem
852 359 991 393 deposue-

199 409 241 432 rat
254 414 333 433 suum
351 406 440 441 ipsius
461 406 579 433 faciebat
592 406 799 437 detrimentum,
818 404 938 431 accessit
956 403 990 429 ad

199 453 357 487 sepulcrum
375 452 455 486 ﬁliae,
481 452 622 486 Deumque
646 455 775 487 precatus
792 455 844 483 est,
871 454 900 477 ιιι
928 453 992 476 ante

199 503 308 533 tempus
322 499 373 526 sibi
386 499 544 526 ostenderet
561 498 726 533 promissam
743 496 989 525 resurrectionem.

199 544 254 572 Nec
272 553 320 580 spe
337 545 424 573 falsus
441 551 494 572 est.
511 545 610 572 Statim
634 552 752 579 namque
768 551 845 578 virgo
868 542 991 570 rediviva

199 591 328 625 apparuit
344 591 424 625 patri.
451 590 576 625 Cumque
597 590 686 616 locum
709 589 858 615 indicasset
883 588 910 614 in
935 594 991 621 quo

198 641 392 663 ornamentum
416 637 535 671 positum
565 640 636 667 erat,
663 642 773 661 rursum
797 633 929 661 decessit.
956 634 991 658 At

200 690 285 710 senex
299 687 441 717 sumptum
459 681 614 716 depositum
629 679 759 707 reddidit.

478 739 515 766 De
530 738 624 765 abbate
639 737 713 765 Snio.

236 796 401 824 Beferebant
416 796 450 823 de
465 797 565 823 abbate
581 795 644 822 Saio
663 803 689 822 et
707 794 806 822 abbate
825 793 895 826 Mue,
916 793 990 829 quod

199 842 282 869 simul
303 845 455 868 manerent.
477 839 640 867 Obedientia
657 844 749 866 autem
774 840 925 874 praestabat
941 839 991 865 ab-

200 890 250 916 bas
266 888 340 920 Salo,
358 893 418 915 erat
435 895 502 914 vero
517 885 664 913 admodum
685 886 783 913 durus.
806 885 880 912 Dixit
895 885 918 912 ei
945 893 991 912 se-

199 913 518 967 nexjtc-ntandi‘gratia
535 943 542 960 :
559 933 622 962 Abi.
645 932 781 967 prwdare.
803 932 889 967 igitur
909 931 987 963 abiit,
1005 913 1026 939 Β

198 983 226 1004 et
243 978 342 1005 fratres
361 978 518 1012 diripiebat,
534 981 645 1012 propter
660 977 859 1010 obedientiam,
883 977 909 1003 in
927 984 991 1004 om-

201 1025 282 1052 nibus
296 1025 398 1059 gratias
416 1032 499 1060 agens
513 1024 637 1052 Domino.
656 1024 689 1051 At
703 1031 787 1051 senex
805 1031 865 1058 qua:
882 1024 989 1051 furatus

200 1071 289 1098 fuerat
303 1071 426 1103 tollebat,
439 1071 624 1105 reddebatque
639 1071 808 1097 clanculum.
819 1069 904 1097 Porro
919 1078 990 1104 quo-

200 1118 261 1144 dam
283 1117 328 1144 die
345 1125 406 1144 cum
423 1118 474 1144 iter
490 1122 613 1152 agerent,
630 1116 803 1151 consumptis
819 1116 926 1143 viribus
944 1116 992 1143 de-

201 1164 279 1195 fecit,
289 1167 316 1190 et
333 1163 444 1198 reliquit
456 1171 517 1190 ettm
529 1163 613 1191 abbas
628 1163 785 1190 confectum
799 1172 807 1196 ;
821 1163 990 1197 veniensque

199 1210 270 1237 dixit
286 1210 419 1237 fratribus
440 1219 446 1237 :
463 1209 582 1245 Pergite,
599 1209 728 1237 adducite
746 1209 820 1241 Saio,
838 1210 903 1244 quia
920 1218 991 1237 con—

201 1256 306 1284 fractus
321 1257 405 1291 jacet.
425 1256 465 1283 Illi
483 1257 625 1287 abeuntes.
642 1257 782 1283 duxerunt.
797 1264 872 1284 eum.

472 1311 511 1339 De
530 1318 615 1339 matre
636 1312 717 1340 Sara.

236 1368 263 1395 ί.
286 1367 342 1403 (77)
360 1367 554 1395 .Narraverunt
578 1369 612 1396 de
635 1373 721 1396 matre
747 1368 825 1399 Sara,
848 1369 921 1404 quod
943 1376 990 1404 per

201 1414 333 1440 tredecim
350 1421 437 1441 annos
461 1414 609 1440 continuos
628 1413 806 1441 vehementer
826 1415 989 1449 impugnata

201 1460 285 1487 ltterit
309 1467 325 1487 a
340 1459 464 1487 daemone
491 1460 694 1492 fornicationis,
720 1468 770 1487 nec
787 1469 907 1495 unquam
928 1469 992 1488 ora-

200 1506 271 1533 verit
295 1509 326 1532 ut
352 1506 453 1532 bellum
477 1506 640 1539 desisteret,
667 1507 714 1534 sed
742 1507 834 1542 potius
857 1507 958 1535 dixerit
983 1517 991 1536 ι

202 1552 285 1585 Deus,
301 1552 336 1579 da
354 1553 420 1579 mihi
435 1553 518 1580 vires.

237 1598 263 1626 2.
283 1599 340 1634 (⁵18)
355 1599 512 1633 Aliquando
527 1600 718 1628 vehementius
731 1601 845 1629 adortus
859 1610 918 1629 eam
933 1603 993 1630 fue-

202 1648 246 1671 rat
261 1644 334 1671 idem
352 1645 468 1679 spiritus
494 1644 698 1676 fornicationis,
726 1654 876 1682 suggerens
900 1649 993 1675 saeculi

201 1699 288 1718 vanas
304 1699 359 1718 res.
377 1691 423 1717 llla
442 1699 506 1718 vero
519 1699 567 1726 per
582 1691 628 1719 Dei
642 1693 769 1720 timorem
782 1698 808 1719 et
824 1694 884 1720 vitae
900 1699 994 1721 auste-

202 1738 285 1764 rioris
305 1737 531 1765 exercitationem
546 1745 720 1772 nequaquam
741 1738 853 1769 cedens.
869 1740 994 1766 ascendit

203 1783 322 1817 quodam
339 1783 382 1810 die
400 1791 483 1818 super
507 1789 609 1810 tectum
631 1793 722 1817 suum,
741 1789 770 1812 ιιι
790 1791 891 1813 oraret.
917 1786 994 1813 Tunc

203 1830 332 1866 apparuit
348 1831 374 1858 ei
394 1830 420 1857 in
439 1831 530 1865 specie
547 1839 680 1866 corporea
698 1833 813 1866 spiritus
831 1832 993 1860 fornicatio—

203 1877 263 1911 nis,
279 1877 404 1917 dixitque
419 1886 425 1904 :
442 1876 482 1903 Tu
498 1885 540 1904 me
556 1878 656 1910 vicisti,
671 1877 749 1905 Sara.
763 1877 916 1913 Respondit
932 1879 993 1907 illa:

204 1923 266 1951 Nor.
287 1932 338 1959 ego
355 1928 381 1951 te
393 1924 459 1956 vici,
480 1925 526 1951 sed
542 1924 673 1952 Dominus
690 1933 766 1953 meus
784 1925 924 1953 Christus.

241 1971 268 1997 5.
290 1970 346 2005 (79)
365 1971 528 1998 [tetulerunt
540 1971 574 1998 de
589 1972 694 2005 eadem,
710 1972 783 2006 quod
795 1972 874 2006 juxta
891 1972 990 1999 [lumen

205 2026 294 2045 annos
307 2019 451 2054 sexaginta
465 2023 537 2046 totos
550 2020 725 2052 habitaverit,
739 2028 789 2048 nec
804 2021 900 2047 oculos
911 2020 995 2047 deﬂe-

203 2065 276 2091 rerit
291 2068 321 2091 ut
341 2065 444 2091 videret
461 2073 535 2092 eum.

240 2109 269 2138 Δ.
291 2110 347 2146 (80)
363 2111 425 2138 Alia
445 2112 505 2138 vice
521 2111 576 2138 duo
588 2119 680 2148 senes,
701 2112 874 2138 anachoretzr.
888 2112 994 2146 magni,

204 2162 342 2184 venerunt
360 2158 392 2185 ad
409 2166 469 2185 eam
484 2166 499 2186 e
513 2159 638 2194 partibus
653 2158 766 2186 Pelusii.
785 2158 816 2184 Et
834 2158 906 2186 inter
922 2159 997 2185 ince-

205 2203 336 2236 dendum,
348 2204 385 2231 ita
403 2205 649 2239 cnlloquebantur:
666 2204 857 2239 Deprimamus
874 2205 994 2232 vetulam

207 2250 289 2277 hanc.
309 2250 393 2277 Aiunt
418 2258 484 2285 ergo
503 2251 528 2278 ei
553 2260 560 2278 :
580 2251 651 2278 Cave
678 2258 712 2278 ne
739 2252 886 2278 extollatur
917 2259 995 2278 meus
1012 2263 1034 2290 ο

207 2302 265 2330 tua,
281 2301 308 2325 et
327 2298 404 2324 dicas
423 2307 430 2324 :
447 2297 517 2325 Ecce
534 2297 652 2325 solitarii
671 2298 704 2325 ad
722 2306 765 2325 me
784 2298 927 2325 mulierem
951 2306 995 2325 ac-

206 2345 320 2372 cedunt.
342 2344 492 2379 Respondit
507 2344 562 2371 illis
579 2348 665 2371 mater
681 2346 750 2371 Sara
769 2354 775 2371 :
799 2343 871 2371 Sexu
884 2344 994 2380 quidem

207 2390 307 2417 mulier
322 2397 394 2422 sumI
411 2395 439 2416 at
457 2397 511 2415 non
525 2389 628 2415 animo.

243 2479 271 2507 5.
286 2478 342 2515 (8|)
359 2478 433 2505 Dixit
449 2483 538 2505 mater
551 2472 643 2506 Sara':
664 2477 693 2504 Si
710 2477 794 2505 Deum
815 2485 944 2509 oravero,
965 2482 995 2504 ut

206 2533 305 2554 omnes
319 2526 443 2553 homines
457 2525 491 2552 de
505 2525 574 2552 meis
590 2525 714 2552 moribus
735 2525 857 2552 contenti
877 2525 942 2556 sint,
962 2524 996 2550 ad

207 2571 428 2606 uniuscujusque
440 2571 551 2605 januam
569 2578 713 2598 accessura
738 2579 809 2602 sunt,
833 2570 996 2605 suppliciter

207 2622 388 2653 prosternens
401 2625 452 2644 me.
463 2616 516 2644 Sed
530 2617 621 2651 potius
637 2617 781 2651 precabor,
796 2620 825 2643 ut
840 2624 888 2644 cor
902 2624 994 2644 meum

206 2673 272 2700 erga
289 2672 385 2692 omnes
400 2671 498 2698 purum
517 2663 563 2691 sit.

244 2743 267 2758 "
283 2741 327 2770 Al.
344 2741 541 2778 ἐνεκέκρυπτο.

246 2831 302 2864 (77)
327 2830 379 2857 Vit.
396 2829 473 2856 Patr.
489 2837 516 2860 ν,
535 2829 578 2863 10,
595 2827 623 2855 in
637 2828 768 2862 Ephrazm,
783 2837 809 2864 p.
821 2828 884 2860 587,
899 2836 925 2855 n.
938 2827 992 2860 lli;

210 2863 344 2894 ἸῚιιιιιιΙονΔ
364 2865 456 2895 Stud,
471 2863 579 2892 Catech.
594 2865 638 2891 9|.

245 2902 301 2936 (78)
328 2901 369 2928 Vit
398 2900 473 2927 Pa:r.
491 2909 517 2933 v,
537 2900 577 2933 tl,
594 2899 620 2925 in
638 2898 770 2933 Ephrem,
789 2899 884 2934 p.587,
900 2907 926 2926 n.
950 2898 990 2926 16.

1041 269 1089 304 τὴν
1114 269 1263 304 παρθένον,
1293 268 1392 295 ἐπλεκε
1415 269 1454 304 τῷ
1478 269 1562 304 πατρὶ
1590 268 1676 304 αὐτῆς
1698 268 1737 303 τῷ
1764 269 1838 303 ἀῦϐᾷ

1039 315 1204 351 Σπυρίδωνι,
1227 314 1275 340 νῦν
1301 314 1350 349 μὲν
1371 314 1475 346 ἕλκων,
1499 315 1578 342 πάλιν
1601 314 1630 341 δὲ
1657 314 1834 349 παρακαλῶν.

1047 361 1156 397 Ἐπειδὴ
1171 361 1199 387 δὲ
1217 361 1360 396 συμφορὰν
1383 362 1500 388 ἐποιεῖτο
1521 361 1570 397 τὴν
1581 360 1628 387 τοῦ
1646 360 1836 396 παραθεμένου

1041 405 1144 442 ζημίαν
1159 408 1173 433 6
1189 406 1289 440 γέρων,
1307 405 1392 432 ἐλθὼν
1415 406 1462 432 ἐπὶ
1484 406 1514 432 τὸ
1531 407 1664 441 μνημεῖον
1685 407 1734 440 τῆς
1754 406 1837 440 Θυγα-

1041 453 1115 488 τρὸς,
1134 453 1294 479 ἐπεκαλεῖτο
1306 452 1351 478 τὸν
1368 452 1446 485 Θεὸν,
1462 452 1514 487 πρὸ
1537 452 1636 488 καιροῦ
1655 452 1740 484 δεῖξαι
1761 451 1836 486 αὐτῷ

1040 497 1089 533 τὴν
1117 497 1325 533 ἐπηγγελμένην
1347 498 1496 525 ἀνάστασιν
1511 507 1517 512 ·
1533 499 1581 525 καὶ
1606 498 1638 534 δὴ
1655 499 1704 533 τῆς
1730 497 1837 528 ἐλπίδος

1040 545 1219 579 οὺχῆμαρτε.
1244 544 1324 571 Ζῶσα
1348 544 1402 580 γὰρ
1419 543 1498 576 αὖθις
1517 545 1531 579 ἡ
1549 544 1685 579 παρθένος
1709 545 1836 578 φαίνεται

1040 590 1079 624 τῷ
1103 590 1203 624 πατρί·
1228 590 1274 615 καὶ
1297 589 1379 615 τόπον
1400 590 1545 624 σημάνανῖα
1573 588 1638 616 ἔνθα
1664 589 1694 615 τὺ
1721 590 1836 624 κόσμιον

1041 635 1129 661 ἔκειτο
1142 635 1176 667 ⁸³,
1197 633 1274 666 αὖθις
1301 634 1450 670 ἀπεχώρει.
1475 635 1531 661 Καὶ
1556 635 1647 661 λαϐὼν
1672 635 1720 670 τὴν
1747 643 1836 670 παρα-

1041 681 1128 718 Θήκην
1144 682 1157 708 6
1172 681 1261 718 γέρων
1276 682 1375 708 ἔδωκεν
1389 682 1485 717 αὐτήν.

1271 739 1342 772 Περὶ
1362 738 1414 765 τοῦ
1430 738 1504 765 ἁϐἴᾶ
1519 738 1604 765 Σαϊώ.

1079 796 1190 830 Ἔλεγον
1204 796 1324 832 περὶτοῦ
1339 795 1412 822 ἀϐὃᾶ
1428 796 1509 827 Σαῖὼ,
1528 796 1576 822 καὶ
1592 795 1638 822 τοῦ
1653 795 1727 822 ἁὸϐἄ
1742 795 1832 830 Moon,

1041 843 1082 870 ὅτι
1094 843 1205 878 ἔμειναν
1225 842 1283 878 μετ’
1295 843 1427 878 ἀλλήλων.
1442 840 1505 877 Εἶχε
1523 842 1551 868 δὲ
1565 842 1665 877 πολλὴν
1680 842 1805 877 ὑπακοὴν
1820 842 1835 868 6

1041 889 1128 920 ὰεὸεἷς
1143 889 1224 919 Σαῖὼ,
1246 889 1363 923 σκληρὸς
1378 889 1406 915 δὲ
1424 886 1458 923 ἦν
1481 888 1562 914 πάνυ.
1580 889 1635 914 Καὶ
1649 888 1741 921 ἔλεγεν
1760 887 1835 921 αὺτῷ

1041 936 1054 961 6
1067 935 1154 970 γέρων
1165 935 1302 969 πειράζων
1313 942 1319 948 ·
1330 934 1449 968 ”Υπαγε,
1466 933 1592 968 σύλησον,
1604 933 1659 960 Καὶ
1673 933 1774 968 ὑπῆγε,
1786 934 1834 959 καὶ

1042 980 1125 1007 ἐσύλα
1140 981 1204 1012 τοὺς
1223 979 1356 1014 ἀδελφοὺς
1372 979 1416 1006 διὰ
1435 978 1483 1014 τὴν
1501 979 1627 1014 ὑπακοὴν
1639 999 1645 1010 ,
1663 978 1835 1013 εὐχαριστῶν

1041 1027 1080 1063 τῷ
1100 1028 1195 1063 Κυρίῳ
1212 1027 1258 1053 ἐπὶ
1283 1028 1376 1054 πᾶσιν.
1399 1026 1428 1053 ’0
1452 1027 1480 1053 δὲ
1496 1027 1585 1062 γέρων
1603 1024 1671 1062 ἦρεν
1688 1026 1768 1057 αὐτὰ,
1787 1026 1835 1051 καὶ

1042 1075 1156 1108 παρεῖχε
1178 1073 1310 1108 κρυφίως.
1327 1073 1397 1098 [locs
1411 1071 1458 1099 οὖν
1481 1073 1628 1099 ὁδευόντων
1651 1071 1750 1103 αὐτῶν,
1772 1071 1835 1106 ἠτό-

1042 1128 1119 1152 νησε,
1129 1119 1175 1145 καὶ
1188 1119 1293 1154 ἀφῆκεν
1304 1118 1386 1144 αὑτὸν
1400 1119 1414 1145 6
1428 1118 1515 1150 ἁῦὁᾶς
1528 1117 1757 1154 συντετριμμένον
1766 1125 1772 1132 ·
1787 1119 1835 1143 καὶ

1043 1166 1144 1198 ἐλθὼν,
1162 1164 1222 1192 εἶπε
1246 1167 1302 1197 τοῖς
1327 1166 1465 1200 ἀδελφοῖς·
1497 1164 1643 1199 Ὑπάγετε,
1671 1164 1769 1199 φέρετε
1788 1163 1834 1190 τὸν

1043 1212 1126 1244 Σαῖὼ,
1143 1213 1183 1239 ὅτι
1201 1212 1386 1250 κεκλασμένος
1401 1213 1564 1240 κεῖται.Καὶ
1579 1211 1751 1243 ἀπελθόντες,
1763 1211 1834 1246 ἠγα-

1043 1268 1091 1294 γον
1108 1259 1200 1286 αὐτόν.

1238 1316 1308 1350 Περὶ
1325 1316 1380 1351 τῆς
1394 1316 1494 1351 ἀμμᾶς
1509 1316 1635 1351 Σάρῤας.

1078 1377 1112 1402 α’.
1132 1375 1302 1410 Διηγήσαντο
1314 1374 1378 1409 περὶ
1392 1375 1441 1408 τῆς
1453 1374 1548 1408 ἀμμᾶς
1561 1373 1678 1408 Σάρῥας,
1687 1373 1728 1400 ὅτι
1743 1372 1835 1408 ἔμεινε

1043 1420 1172 1455 δεκατρία
1194 1419 1240 1454 ἐτη
1257 1418 1447 1454 πολεμουμένῃ
1473 1419 1612 1454 κραταιῶς
1635 1419 1687 1445 ὑπὸ
1710 1418 1756 1444 τοῦ
1775 1418 1836 1444 δαί-

1045 1474 1126 1501 μονος
1140 1466 1190 1500 τῆς
1206 1465 1344 1500 πορνείας,
1359 1465 1406 1490 καὶ
1422 1464 1549 1490 οὐδέποτε
1566 1463 1666 1499 ηὔξατο
1683 1464 1836 1498 ἀποστῆναί

1043 1511 1089 1537 τὸν
1106 1510 1233 1546 πόλεμον,
1249 1509 1317 1536 ἀλλὰ
1335 1509 1435 1544 μᾶλλον
1453 1509 1545 1543 ἔλεγεν
1557 1517 1564 1524 ·
1586 1508 1616 1536 Ὀ
1631 1508 1706 1540 Θεὸς,
1722 1508 1767 1540 δός
1790 1516 1836 1543 μοι.

1047 1556 1133 1590 ἰσχύν.

1081 1602 1114 1637 βα.
1139 1601 1266 1628 Ἐπέθετο
1281 1602 1349 1636 αὐτῇ
1362 1610 1426 1627 ποτε
1443 1601 1620 1636 σφοδρότερον
1634 1601 1664 1626 τὸ
1676 1600 1741 1626 αὐτὸ
1753 1599 1838 1626 πνεῦ-

1046 1657 1084 1683 μα
1102 1648 1151 1683 τῆς
1181 1648 1328 1682 πορνείας,
1347 1647 1497 1674 ὑποϐάλλον
1514 1647 1582 1682 αὐτῇ
1605 1646 1638 1673 τὰ
1661 1646 1707 1672 τοῦ
1731 1646 1837 1680 κόσμου

1046 1694 1157 1729 μάταια.
1181 1693 1212 1720 'H
1229 1694 1257 1719 δὲ
1274 1693 1311 1729 μὴ
1326 1693 1438 1719 ὲνδοῦσα
1453 1692 1492 1727 τῷ
1506 1692 1553 1719 τοῦ
1567 1692 1634 1719 Θεοῦ
1651 1692 1725 1727 φόϐῳ
1739 1693 1785 1718 καὶ
1803 1694 1836 1728 τῇ

1044 1741 1160 1776 ἀσκήσει
1176 1761 1183 1771 ,
1213 1739 1329 1775 ἀνῆλθεν
1353 1740 1382 1766 ὲν
1404 1740 1453 1774 μιᾷ
1479 1740 1518 1770 εἰς
1537 1739 1566 1765 τὸ
1586 1739 1720 1774 δωμάτιον
1752 1739 1838 1773 αὐτῆς

1045 1786 1259 1822 προσεύξασθαι.
1279 1786 1334 1812 Καὶ
1348 1785 1425 1821 ὧφθη
1441 1785 1509 1820 αὐτῇ
1528 1784 1691 1820 σωματικῶς
1710 1784 1740 1810 τὶ,
1753 1784 1836 1811 πνεῦ-

1046 1842 1083 1868 μα
1098 1833 1146 1868 τῆς
1162 1832 1300 1868 πορνείας,
1318 1832 1365 1858 καὶ
1380 1829 1456 1858 εἶπεν
1482 1832 1550 1867 αὐτῇ
1561 1839 1567 1846 ·
1588 1831 1624 1857 Σύ
1646 1839 1679 1866 με
1695 1831 1837 1866 ἐνίκησας,

1044 1881 1148 1916 Σάρρα.
1166 1881 1198 1906 Ἡ
1219 1879 1247 1906 δὲ
1273 1878 1367 1906 εἶπεν·
1392 1880 1449 1906 Οὐκ
1474 1879 1587 1914 ἐνίκησά
1603 1887 1632 1905 σε
1657 1878 1723 1912 ἐγὼ,
1746 1878 1804 1905 ἀλλ’
1823 1879 1839 1905 ὁ

1044 1926 1183 1960 Δεσπότης
1201 1934 1251 1960 μου
1268 1924 1397 1959 Χριστός.

1081 1976 1115 2006 γ’.
1133 1972 1246 2005 Ἔλεγον
1264 1971 1327 2007 περὶ
1348 1971 1444 2006 αὐτῆς,
1460 1971 1501 1997 ὅτι
1528 1969 1621 1995 ἐπάνω
1646 1968 1692 1994 τοῦ
1711 1967 1838 2002 ποταμοῦ

1045 2018 1151 2053 ἔμεινεν
1167 2018 1299 2053 ἑξήκοντα
1323 2017 1370 2052 ἔτη
1389 2016 1521 2044 οἰκοῦσα.
1543 2015 1590 2042 καὶ
1616 2015 1646 2041 οὐ
1677 2014 1839 2049 παρέκυψεν

1048 2065 1111 2091 ἰδεῖν
1129 2064 1221 2091 αὐτόν.

1081 2110 1112 2137 δ’.
1137 2111 1247 2136 Ἀλλοτε
1263 2107 1344 2144 ἦλθον
1366 2109 1412 2135 δύο
1430 2108 1559 2143 γέροντες
1584 2108 1762 2143 ἁναχωρηταὶ
1790 2115 1840 2141 με·

1046 2157 1124 2191 γάλοι
1144 2157 1197 2183 ἀπὸ
1214 2155 1268 2182 τῶν
1284 2155 1376 2191 μερῶν
1391 2155 1438 2181 τοῦ
1465 2155 1616 2189 Πηλουσίου
1640 2154 1707 2188 πρὸς
1732 2153 1816 2188 αὐτὴν
1831 2160 1838 2166 ·

1047 2204 1095 2230 καὶ
1119 2202 1302 2237 ἀπερχόμενοι
1321 2201 1415 2235 ἔλεγον
1439 2201 1508 2235 πρὸς
1529 2200 1660 2235 ἀλλήλους
1672 2208 1678 2214 ³
1695 2198 1840 2225 Ταπεινὼ-

1048 2258 1138 2284 σωμεν
1155 2248 1204 2283 τὴν
1220 2247 1320 2281 γραῒδα
1334 2247 1448 2281 ταύτην.
1464 2246 1518 2272 Καὶ
1529 2245 1655 2279 λέγουσιν
1666 2245 1733 2280 αὑτῇ
1747 2253 1755 2261 ·
1773 2244 1841 2270 Βλέ-

1047 2304 1081 2321 πε
1099 2294 1136 2330 μὴ
1153 2293 1259 2329 ἐπαρθῇ
1278 2294 1292 2319 6
1308 2292 1437 2328 λογισμός
1452 2301 1509 2322 σου,
1527 2292 1574 2318 καὶ
1593 2291 1689 2326 εἴπῃς,
1710 2291 1752 2317 ὃτι
1772 2290 1840 2317 Ἰδοὺ

1047 2342 1071 2368 οἱ
1098 2340 1274 2375 ἁναχωρηταὶ
1301 2339 1368 2374 πρὸς
1390 2339 1423 2374 μὲ
1450 2339 1574 2374 ἔρχονται
1601 2339 1718 2371 γυναῖκα
1743 2335 1839 2364 οὖσαν.

1047 2386 1127 2420 Λέγει
1144 2386 1235 2416 αὐτοῖς
1251 2385 1268 2420 ἡ
1285 2385 1381 2419 ἀμμᾶς
1405 2384 1497 2420 Σάρρα
1509 2392 1515 2398 ·
1534 2384 1573 2418 Τῇ
1602 2384 1650 2418 μὲν
1667 2383 1747 2417 φύσει
1769 2384 1839 2418 γυνή

1048 2433 1116 2468 εἰμι,
1131 2432 1187 2458 ἀλλ’
1205 2431 1235 2457 οὐ
1249 2431 1288 2465 τῷ
1304 2431 1438 2465 λογισμῷ.

1085 2481 1113 2505 ε’.
1135 2476 1217 2504 Εἶπεν
1230 2478 1246 2512 ὴ
1258 2478 1355 2512 ἀμμᾶς
1369 2477 1463 2511 Σάρρα
1476 2484 1482 2490 ·
1500 2476 1562 2502 Ἐὰν
1579 2474 1699 2510 εὔξωμαι
1717 2475 1756 2509 τῷ
1768 2475 1841 2510 Θεῷ,

1045 2525 1090 2550 ἴνα
1120 2524 1221 2555 πάντες
1245 2523 1269 2549 οἱ
1298 2523 1438 2558 ἄνθρωποι
1464 2522 1688 2557 πληροφορῶνται
1713 2523 1753 2552 εἰς
1779 2522 1841 2556 ἐμὲ,

1046 2570 1230 2605 εὑρεθήσομαι
1258 2570 1298 2599 εἰς
1322 2569 1371 2603 τὴν
1401 2568 1485 2603 θύραν
1511 2567 1627 2593 ἑκάστου
1651 2567 1841 2602 μετανοοῦσα·

1047 2615 1114 2642 ἀλλὰ
1134 2615 1234 2650 μᾶλλον
1256 2614 1370 2650 εῠξομαι
1398 2613 1446 2649 τὴν
1464 2613 1576 2648 καρδίαν
1590 2621 1642 2648 μου
1667 2611 1752 2648 ἁγνὴν
1770 2611 1842 2640 εἶναι

1050 2661 1119 2697 μετὰ
1132 2661 1252 2688 πάντων.

1083 2827 1138 2860 (79)
1165 2826 1216 2854 Vit.
1238 2827 1313 2853 Patr.
1332 2835 1381 2854 \'ll.
1400 2827 1443 2854 i9.

1083 2865 1138 2896 (dli)
1166 2862 1218 2888 ι’ίι.
1237 2862 1312 2888 I’utr.
1331 2871 1355 2892 Χ,
1374 2863 1418 2888 73.

1083 2899 1137 2932 (81)
1165 2897 1214 2924 Vit.
1237 2897 1310 2925 Patr.
1327 2906 1352 2929 χ,
1372 2898 1416 2923 74.
