  <div class='ocr_page' id='page_1' title='image "/cluster/home/n/w/nwhite01/storage/ocr_20150623/65/njp.32101077772687/228.png"; bbox 0 0 1978 3075; ppageno 0'>
   <div class='ocr_carea' id='block_1_1' title="bbox 139 144 188 172">
    <p class='ocr_par' dir='ltr' id='par_1_1' title="bbox 139 144 188 172">
     <span class='ocr_line' id='line_1_1' title="bbox 139 144 188 172; baseline 0 0"><span class='ocrx_word' id='word_1_1' title='bbox 139 144 188 172; x_wconf 68' lang='lat' dir='ltr'><strong>te:</strong></span> 
     </span>
    </p>
   </div>
   <div class='ocr_carea' id='block_1_2' title="bbox 710 142 1199 172">
    <p class='ocr_par' dir='ltr' id='par_1_2' title="bbox 710 142 1199 172">
     <span class='ocr_line' id='line_1_2' title="bbox 710 142 1199 172; baseline -0.002 -1"><span class='ocrx_word' id='word_1_2' title='bbox 710 143 1023 172; x_wconf 77' lang='lat' dir='ltr'><strong>APOPHTHEGMATA</strong></span> <span class='ocrx_word' id='word_1_3' title='bbox 1043 142 1199 171; x_wconf 79' lang='lat' dir='ltr'><strong>PATRUM.</strong></span> 
     </span>
    </p>
   </div>
   <div class='ocr_carea' id='block_1_3' title="bbox 1720 143 1775 170">
    <p class='ocr_par' dir='ltr' id='par_1_3' title="bbox 1720 143 1775 170">
     <span class='ocr_line' id='line_1_3' title="bbox 1720 143 1775 170; baseline 0 0"><span class='ocrx_word' id='word_1_4' title='bbox 1720 143 1775 170; x_wconf 65' lang='lat'><strong>49.2</strong></span> 
     </span>
    </p>
   </div>
   <div class='ocr_carea' id='block_1_4' title="bbox 177 199 944 238">
    <p class='ocr_par' dir='ltr' id='par_1_4' title="bbox 177 201 936 238">
     <span class='ocr_line' id='line_1_4' title="bbox 177 201 936 238; baseline -0.001 -9"><span class='ocrx_word' id='word_1_5' title='bbox 177 206 215 236; x_wconf 85' lang='grc' dir='ltr'>ς’.</span> <span class='ocrx_word' id='word_1_6' title='bbox 235 202 303 229; x_wconf 82' lang='grc' dir='ltr'>Εἶπε</span> <span class='ocrx_word' id='word_1_7' title='bbox 320 202 413 234; x_wconf 82' lang='grc' dir='ltr'>πάλιν,</span> <span class='ocrx_word' id='word_1_8' title='bbox 427 202 468 229; x_wconf 83' lang='grc' dir='ltr'>ὅτι</span> <span class='ocrx_word' id='word_1_9' title='bbox 491 201 585 229; x_wconf 73' lang='grc' dir='ltr'>Βάλλα)</span> <span class='ocrx_word' id='word_1_10' title='bbox 601 201 647 229; x_wconf 80' lang='grc' dir='ltr'><strong>τὸν</strong></span> <span class='ocrx_word' id='word_1_11' title='bbox 665 201 733 229; x_wconf 86' lang='grc' dir='ltr'>πόδα</span> <span class='ocrx_word' id='word_1_12' title='bbox 747 211 798 238; x_wconf 86' lang='grc' dir='ltr'><strong>μου</strong></span> <span class='ocrx_word' id='word_1_13' title='bbox 818 202 864 229; x_wconf 74' lang='grc' dir='ltr'><strong>ἐπὶ</strong></span> <span class='ocrx_word' id='word_1_14' title='bbox 885 202 936 237; x_wconf 85' lang='grc' dir='ltr'><strong>τὴν</strong></span> 
     </span>
    </p>
   </div>
   <div class='ocr_carea' id='block_1_5' title="bbox 1006 199 1776 238">
    <p class='ocr_par' dir='ltr' id='par_1_5' title="bbox 1024 199 1776 235">
     <span class='ocr_line' id='line_1_5' title="bbox 1024 199 1776 235; baseline 0 -6"><span class='ocrx_word' id='word_1_15' title='bbox 1024 202 1051 230; x_wconf 84' lang='grc'>6.</span> <span class='ocrx_word' id='word_1_16' title='bbox 1073 201 1148 229; x_wconf 83' lang='lat' dir='ltr'><strong>Dixit</strong></span> <span class='ocrx_word' id='word_1_17' title='bbox 1161 201 1260 228; x_wconf 86' lang='lat' dir='ltr'><strong>iterum</strong></span> <span class='ocrx_word' id='word_1_18' title='bbox 1277 209 1284 227; x_wconf 91' lang='lat'>:</span> <span class='ocrx_word' id='word_1_19' title='bbox 1302 200 1380 227; x_wconf 85' lang='lat' dir='ltr'><strong>Mitto</strong></span> <span class='ocrx_word' id='word_1_20' title='bbox 1399 199 1495 235; x_wconf 83' lang='lat' dir='ltr'><strong>pedem</strong></span> <span class='ocrx_word' id='word_1_21' title='bbox 1511 207 1601 227; x_wconf 90' lang='lat' dir='ltr'><strong>meum</strong></span> <span class='ocrx_word' id='word_1_22' title='bbox 1615 207 1698 235; x_wconf 87' lang='lat' dir='ltr'><strong>super</strong></span> <span class='ocrx_word' id='word_1_23' title='bbox 1713 209 1776 229; x_wconf 83' lang='lat' dir='ltr'><strong>sca-</strong></span> 
     </span>
    </p>
   </div>
   <div class='ocr_carea' id='block_1_6' title="bbox 141 247 935 284">
    <p class='ocr_par' dir='ltr' id='par_1_6' title="bbox 141 247 935 284">
     <span class='ocr_line' id='line_1_6' title="bbox 141 247 935 284; baseline 0 -10"><span class='ocrx_word' id='word_1_24' title='bbox 141 247 266 284; x_wconf 82' lang='grc' dir='ltr'>κλίμακα</span> <span class='ocrx_word' id='word_1_25' title='bbox 278 248 423 283; x_wconf 76' lang='grc' dir='ltr'>ἀναϐῆναι,</span> <span class='ocrx_word' id='word_1_26' title='bbox 434 249 481 275; x_wconf 79' lang='grc' dir='ltr'><strong>καὶ</strong></span> <span class='ocrx_word' id='word_1_27' title='bbox 498 248 564 275; x_wconf 85' lang='grc' dir='ltr'><strong>τιθῶ</strong></span> <span class='ocrx_word' id='word_1_28' title='bbox 579 247 624 275; x_wconf 77' lang='grc' dir='ltr'>τὸν</span> <span class='ocrx_word' id='word_1_29' title='bbox 637 247 752 275; x_wconf 79' lang='grc' dir='ltr'>θάνατον</span> <span class='ocrx_word' id='word_1_30' title='bbox 768 249 822 284; x_wconf 77' lang='grc' dir='ltr'>πρὸ</span> <span class='ocrx_word' id='word_1_31' title='bbox 836 247 935 283; x_wconf 84' lang='grc' dir='ltr'>ὀφθαλ-</span> 
     </span>
    </p>
   </div>
   <div class='ocr_carea' id='block_1_7' title="bbox 143 294 809 330">
    <p class='ocr_par' dir='ltr' id='par_1_7' title="bbox 143 294 809 330">
     <span class='ocr_line' id='line_1_7' title="bbox 143 294 809 330; baseline 0.002 -10"><span class='ocrx_word' id='word_1_32' title='bbox 143 294 202 330; x_wconf 85' lang='grc' dir='ltr'><strong>μῶν</strong></span> <span class='ocrx_word' id='word_1_33' title='bbox 222 303 272 330; x_wconf 91' lang='grc' dir='ltr'><strong>μου</strong></span> <span class='ocrx_word' id='word_1_34' title='bbox 288 294 341 330; x_wconf 79' lang='grc' dir='ltr'>πρὸ</span> <span class='ocrx_word' id='word_1_35' title='bbox 357 294 405 320; x_wconf 75' lang='grc' dir='ltr'>τοῦ</span> <span class='ocrx_word' id='word_1_36' title='bbox 422 294 556 330; x_wconf 76' lang='grc' dir='ltr'>ἀναϐῆναί</span> <span class='ocrx_word' id='word_1_37' title='bbox 574 303 609 328; x_wconf 88' lang='grc' dir='ltr'><strong>με</strong></span> <span class='ocrx_word' id='word_1_38' title='bbox 625 295 665 326; x_wconf 80' lang='grc' dir='ltr'>εἰς</span> <span class='ocrx_word' id='word_1_39' title='bbox 679 295 764 330; x_wconf 81' lang='grc' dir='ltr'>αὐτήν</span> <span class='ocrx_word' id='word_1_40' title='bbox 775 295 809 321; x_wconf 67' lang='grc'><strong>⁸⁸.</strong></span> 
     </span>
    </p>
   </div>
   <div class='ocr_carea' id='block_1_8' title="bbox 177 337 937 377">
    <p class='ocr_par' dir='ltr' id='par_1_8' title="bbox 177 337 937 377">
     <span class='ocr_line' id='line_1_8' title="bbox 177 337 937 377; baseline 0.003 -12"><span class='ocrx_word' id='word_1_41' title='bbox 177 340 210 372; x_wconf 82' lang='grc' dir='ltr'><strong>ζ’.</strong></span> <span class='ocrx_word' id='word_1_42' title='bbox 232 337 300 366; x_wconf 80' lang='grc' dir='ltr'>Εῐπε</span> <span class='ocrx_word' id='word_1_43' title='bbox 318 339 412 372; x_wconf 83' lang='grc' dir='ltr'>πάλιν,</span> <span class='ocrx_word' id='word_1_44' title='bbox 426 341 466 366; x_wconf 80' lang='grc' dir='ltr'>ὅτι</span> <span class='ocrx_word' id='word_1_45' title='bbox 480 340 562 367; x_wconf 88' lang='grc' dir='ltr'>καλόν</span> <span class='ocrx_word' id='word_1_46' title='bbox 581 341 640 366; x_wconf 78' lang='grc' dir='ltr'>ἐστι</span> <span class='ocrx_word' id='word_1_47' title='bbox 658 341 706 367; x_wconf 76' lang='grc' dir='ltr'>καὶ</span> <span class='ocrx_word' id='word_1_48' title='bbox 720 340 754 367; x_wconf 82' lang='grc' dir='ltr'><strong>δι’</strong></span> <span class='ocrx_word' id='word_1_49' title='bbox 776 339 937 377; x_wconf 84' lang='grc' dir='ltr'><strong>ἀνθρώπους</strong></span> 
     </span>
    </p>
   </div>
   <div class='ocr_carea' id='block_1_9' title="bbox 141 385 935 423">
    <p class='ocr_par' dir='ltr' id='par_1_9' title="bbox 141 385 935 423">
     <span class='ocr_line' id='line_1_9' title="bbox 141 385 935 423; baseline 0.001 -11"><span class='ocrx_word' id='word_1_50' title='bbox 141 388 229 412; x_wconf 78' lang='grc' dir='ltr'>ποιεῖν</span> <span class='ocrx_word' id='word_1_51' title='bbox 241 385 437 422; x_wconf 80' lang='grc' dir='ltr'><strong>ἐλεημοσύνην.</strong></span> <span class='ocrx_word' id='word_1_52' title='bbox 451 387 484 413; x_wconf 81' lang='lat' dir='ltr'><strong>Et</strong></span> <span class='ocrx_word' id='word_1_53' title='bbox 499 386 553 422; x_wconf 86' lang='grc' dir='ltr'><strong>γὰρ</strong></span> <span class='ocrx_word' id='word_1_54' title='bbox 568 386 616 413; x_wconf 75' lang='grc' dir='ltr'>καὶ</span> <span class='ocrx_word' id='word_1_55' title='bbox 628 386 663 413; x_wconf 76' lang='grc' dir='ltr'><strong>δι’</strong></span> <span class='ocrx_word' id='word_1_56' title='bbox 676 385 935 423; x_wconf 81' lang='grc' dir='ltr'>ἀνθρωπαρεσκίαν,</span> 
     </span>
    </p>
   </div>
   <div class='ocr_carea' id='block_1_10' title="bbox 141 431 759 469">
    <p class='ocr_par' dir='ltr' id='par_1_10' title="bbox 141 431 759 469">
     <span class='ocr_line' id='line_1_10' title="bbox 141 431 759 469; baseline 0.003 -11"><span class='ocrx_word' id='word_1_57' title='bbox 141 432 200 460; x_wconf 75' lang='grc' dir='ltr'>ἀλλ’</span> <span class='ocrx_word' id='word_1_58' title='bbox 211 432 321 469; x_wconf 76' lang='grc' dir='ltr'>ἔρχεται</span> <span class='ocrx_word' id='word_1_59' title='bbox 334 432 415 459; x_wconf 78' lang='grc' dir='ltr'>πάλιν</span> <span class='ocrx_word' id='word_1_60' title='bbox 428 433 468 465; x_wconf 87' lang='grc' dir='ltr'>εἰς</span> <span class='ocrx_word' id='word_1_61' title='bbox 484 431 552 459; x_wconf 83' lang='grc' dir='ltr'><strong>Θεοῦ</strong></span> <span class='ocrx_word' id='word_1_62' title='bbox 565 432 713 468; x_wconf 80' lang='grc' dir='ltr'><strong>ἀρέσκειαν</strong></span> <span class='ocrx_word' id='word_1_63' title='bbox 724 432 759 460; x_wconf 79' lang='grc'><strong>⁵⁵.</strong></span> 
     </span>
    </p>
   </div>
   <div class='ocr_carea' id='block_1_11' title="bbox 179 521 936 560">
    <p class='ocr_par' dir='ltr' id='par_1_11' title="bbox 179 521 936 560">
     <span class='ocr_line' id='line_1_11' title="bbox 179 521 936 560; baseline 0.003 -11"><span class='ocrx_word' id='word_1_64' title='bbox 179 525 216 557; x_wconf 82' lang='grc' dir='ltr'>η’.</span> <span class='ocrx_word' id='word_1_65' title='bbox 233 521 393 558; x_wconf 76' lang='grc' dir='ltr'>Παρέὄαλόν</span> <span class='ocrx_word' id='word_1_66' title='bbox 415 531 481 549; x_wconf 85' lang='grc' dir='ltr'>ποτε</span> <span class='ocrx_word' id='word_1_67' title='bbox 497 522 650 558; x_wconf 83' lang='grc' dir='ltr'>Σκητιῶται</span> <span class='ocrx_word' id='word_1_68' title='bbox 672 524 706 559; x_wconf 83' lang='grc' dir='ltr'><strong>τῇ</strong></span> <span class='ocrx_word' id='word_1_69' title='bbox 732 524 813 559; x_wconf 82' lang='grc' dir='ltr'>ἀμμᾷ</span> <span class='ocrx_word' id='word_1_70' title='bbox 831 524 936 560; x_wconf 75' lang='grc' dir='ltr'>Σάρρᾳ.</span> 
     </span>
    </p>
   </div>
   <div class='ocr_carea' id='block_1_12' title="bbox 149 568 938 604">
    <p class='ocr_par' dir='ltr' id='par_1_12' title="bbox 149 568 938 604">
     <span class='ocr_line' id='line_1_12' title="bbox 149 568 938 604; baseline 0.001 -9"><span class='ocrx_word' id='word_1_71' title='bbox 149 568 182 595; x_wconf 86' lang='grc' dir='ltr'><strong>Ἦ</strong></span> <span class='ocrx_word' id='word_1_72' title='bbox 195 569 223 595; x_wconf 85' lang='grc' dir='ltr'><strong>δὲ</strong></span> <span class='ocrx_word' id='word_1_73' title='bbox 249 568 404 604; x_wconf 79' lang='grc' dir='ltr'><strong>παρέθηκεν</strong></span> <span class='ocrx_word' id='word_1_74' title='bbox 419 569 511 601; x_wconf 79' lang='grc' dir='ltr'>αὐτοῖς</span> <span class='ocrx_word' id='word_1_75' title='bbox 530 569 656 596; x_wconf 85' lang='grc' dir='ltr'>κανίσκιν</span> <span class='ocrx_word' id='word_1_76' title='bbox 669 569 703 596; x_wconf 80' lang='grc'><strong>⁵⁸.</strong></span> <span class='ocrx_word' id='word_1_77' title='bbox 722 570 753 596; x_wconf 89' lang='grc' dir='ltr'><strong>Οἰ</strong></span> <span class='ocrx_word' id='word_1_78' title='bbox 774 570 802 596; x_wconf 76' lang='grc' dir='ltr'><strong>δῖε</strong></span> <span class='ocrx_word' id='word_1_79' title='bbox 823 570 938 604; x_wconf 77' lang='grc' dir='ltr'><strong>ἀφέντες</strong></span> 
     </span>
    </p>
   </div>
   <div class='ocr_carea' id='block_1_13' title="bbox 143 612 939 649">
    <p class='ocr_par' dir='ltr' id='par_1_13' title="bbox 143 612 939 649">
     <span class='ocr_line' id='line_1_13' title="bbox 143 612 939 649; baseline 0.001 -9"><span class='ocrx_word' id='word_1_80' title='bbox 143 613 180 640; x_wconf 80' lang='grc' dir='ltr'>τὰ</span> <span class='ocrx_word' id='word_1_81' title='bbox 189 613 270 646; x_wconf 82' lang='grc' dir='ltr'>καλὰ,</span> <span class='ocrx_word' id='word_1_82' title='bbox 283 613 385 648; x_wconf 72' lang='grc' dir='ltr'>ἔφαγον</span> <span class='ocrx_word' id='word_1_83' title='bbox 397 613 431 640; x_wconf 85' lang='grc' dir='ltr'><strong>τὰ</strong></span> <span class='ocrx_word' id='word_1_84' title='bbox 443 614 546 649; x_wconf 87' lang='grc' dir='ltr'>σαπρά.</span> <span class='ocrx_word' id='word_1_85' title='bbox 557 614 613 641; x_wconf 73' lang='grc' dir='ltr'><strong>Καὶ</strong></span> <span class='ocrx_word' id='word_1_86' title='bbox 624 612 701 642; x_wconf 81' lang='grc' dir='ltr'>εἶπεν</span> <span class='ocrx_word' id='word_1_87' title='bbox 713 615 805 646; x_wconf 80' lang='grc' dir='ltr'>αὐτοῖς</span> <span class='ocrx_word' id='word_1_88' title='bbox 815 622 822 629; x_wconf 80' lang='lat'>&#39;</span> <span class='ocrx_word' id='word_1_89' title='bbox 835 616 939 646; x_wconf 81' lang='grc' dir='ltr'>Ὄντως</span> 
     </span>
    </p>
   </div>
   <div class='ocr_carea' id='block_1_14' title="bbox 145 660 387 697">
    <p class='ocr_par' dir='ltr' id='par_1_14' title="bbox 145 660 387 697">
     <span class='ocr_line' id='line_1_14' title="bbox 145 660 387 697; baseline 0.004 -11"><span class='ocrx_word' id='word_1_90' title='bbox 145 660 298 697; x_wconf 81' lang='grc' dir='ltr'>Σκητιῶταί</span> <span class='ocrx_word' id='word_1_91' title='bbox 314 661 387 687; x_wconf 79' lang='grc' dir='ltr'>ἐστε.</span> 
     </span>
    </p>
   </div>
   <div class='ocr_carea' id='block_1_15' title="bbox 286 716 795 759">
    <p class='ocr_par' dir='ltr' id='par_1_15' title="bbox 286 716 795 759">
     <span class='ocr_line' id='line_1_15' title="bbox 286 716 795 759; baseline 0.002 -15"><span class='ocrx_word' id='word_1_92' title='bbox 286 717 357 752; x_wconf 79' lang='grc' dir='ltr'>Περὶ</span> <span class='ocrx_word' id='word_1_93' title='bbox 376 717 433 752; x_wconf 79' lang='grc' dir='ltr'><strong>τῆς</strong></span> <span class='ocrx_word' id='word_1_94' title='bbox 458 716 558 759; x_wconf 77' lang='grc' dir='ltr'>ἀμμᾷς</span> <span class='ocrx_word' id='word_1_95' title='bbox 572 718 795 753; x_wconf 73' lang='grc' dir='ltr'>Συγκλητικῆς.</span> 
     </span>
    </p>
   </div>
   <div class='ocr_carea' id='block_1_16' title="bbox 181 770 941 809">
    <p class='ocr_par' dir='ltr' id='par_1_16' title="bbox 181 770 941 809">
     <span class='ocr_line' id='line_1_16' title="bbox 181 770 941 809; baseline 0 -9"><span class='ocrx_word' id='word_1_96' title='bbox 181 776 215 800; x_wconf 85' lang='grc' dir='ltr'>α’.</span> <span class='ocrx_word' id='word_1_97' title='bbox 242 770 326 800; x_wconf 77' lang='grc' dir='ltr'>Εἶπεν</span> <span class='ocrx_word' id='word_1_98' title='bbox 341 774 357 808; x_wconf 88' lang='grc' dir='ltr'><strong>ἡ</strong></span> <span class='ocrx_word' id='word_1_99' title='bbox 374 773 471 808; x_wconf 82' lang='grc' dir='ltr'>ἀμμᾶς</span> <span class='ocrx_word' id='word_1_100' title='bbox 485 773 658 809; x_wconf 89' lang='grc' dir='ltr'>Συγκλητική</span> <span class='ocrx_word' id='word_1_101' title='bbox 669 781 677 788; x_wconf 88' lang='grc'>·</span> <span class='ocrx_word' id='word_1_102' title='bbox 706 773 794 808; x_wconf 83' lang='grc' dir='ltr'>Ἀγών</span> <span class='ocrx_word' id='word_1_103' title='bbox 816 775 876 801; x_wconf 83' lang='grc' dir='ltr'>ἐστι</span> <span class='ocrx_word' id='word_1_104' title='bbox 894 774 941 800; x_wconf 78' lang='grc' dir='ltr'>καὶ</span> 
     </span>
    </p>
   </div>
   <div class='ocr_carea' id='block_1_17' title="bbox 147 817 940 856">
    <p class='ocr_par' dir='ltr' id='par_1_17' title="bbox 147 817 940 856">
     <span class='ocr_line' id='line_1_17' title="bbox 147 817 940 856; baseline 0.003 -12"><span class='ocrx_word' id='word_1_105' title='bbox 147 818 231 850; x_wconf 80' lang='grc' dir='ltr'><strong>κόπος</strong></span> <span class='ocrx_word' id='word_1_106' title='bbox 247 817 330 849; x_wconf 85' lang='grc' dir='ltr'>πολὺς</span> <span class='ocrx_word' id='word_1_107' title='bbox 343 819 399 849; x_wconf 75' lang='grc' dir='ltr'>τοῖς</span> <span class='ocrx_word' id='word_1_108' title='bbox 411 818 641 854; x_wconf 79' lang='grc' dir='ltr'>προσερχομένοις</span> <span class='ocrx_word' id='word_1_109' title='bbox 653 818 772 854; x_wconf 67' lang='grc' dir='ltr'>τῷβεῷ,</span> <span class='ocrx_word' id='word_1_110' title='bbox 783 819 819 846; x_wconf 86' lang='grc' dir='ltr'><strong>τὰ</strong></span> <span class='ocrx_word' id='word_1_111' title='bbox 829 819 940 856; x_wconf 86' lang='grc' dir='ltr'>πρῶτα·</span> 
     </span>
    </p>
   </div>
   <div class='ocr_carea' id='block_1_18' title="bbox 147 864 979 910">
    <p class='ocr_par' dir='ltr' id='par_1_18' title="bbox 147 864 979 910">
     <span class='ocr_line' id='line_1_18' title="bbox 147 864 979 910; baseline 0.004 -20"><span class='ocrx_word' id='word_1_112' title='bbox 147 864 244 891; x_wconf 75' lang='grc' dir='ltr'>ἔπειτα</span> <span class='ocrx_word' id='word_1_113' title='bbox 257 864 296 895; x_wconf 80' lang='grc' dir='ltr'><strong>δὲ,</strong></span> <span class='ocrx_word' id='word_1_114' title='bbox 312 865 384 899; x_wconf 79' lang='grc' dir='ltr'>χαρὰ</span> <span class='ocrx_word' id='word_1_115' title='bbox 401 864 704 901; x_wconf 84' lang='grc' dir='ltr'>ἁνεκλάλητος.”Ωσπερ</span> <span class='ocrx_word' id='word_1_116' title='bbox 718 865 773 901; x_wconf 89' lang='grc' dir='ltr'><strong>γὰρ</strong></span> <span class='ocrx_word' id='word_1_117' title='bbox 790 866 814 892; x_wconf 80' lang='grc' dir='ltr'>οἱ</span> <span class='ocrx_word' id='word_1_118' title='bbox 830 866 886 902; x_wconf 82' lang='grc' dir='ltr'>πῦρ</span> <span class='ocrx_word' id='word_1_119' title='bbox 898 865 942 900; x_wconf 84' lang='grc' dir='ltr'><strong>ἐξ-</strong></span> <span class='ocrx_word' id='word_1_120' title='bbox 959 883 979 910; x_wconf 75' lang='grc' dir='ltr'><strong><em>Β</em></strong></span> 
     </span>
    </p>
   </div>
   <div class='ocr_carea' id='block_1_19' title="bbox 146 910 941 947">
    <p class='ocr_par' dir='ltr' id='par_1_19' title="bbox 146 910 941 947">
     <span class='ocr_line' id='line_1_19' title="bbox 146 910 941 947; baseline 0.001 -10"><span class='ocrx_word' id='word_1_121' title='bbox 146 910 216 945; x_wconf 80' lang='grc' dir='ltr'>ἅψαι</span> <span class='ocrx_word' id='word_1_122' title='bbox 234 910 401 946; x_wconf 79' lang='grc' dir='ltr'>βουλόμενοι,</span> <span class='ocrx_word' id='word_1_123' title='bbox 411 910 520 946; x_wconf 87' lang='grc' dir='ltr'>πρῶτον</span> <span class='ocrx_word' id='word_1_124' title='bbox 528 910 705 943; x_wconf 81' lang='grc' dir='ltr'>καπνίζονται</span> <span class='ocrx_word' id='word_1_125' title='bbox 720 911 768 938; x_wconf 75' lang='grc' dir='ltr'>καὶ</span> <span class='ocrx_word' id='word_1_126' title='bbox 784 911 941 947; x_wconf 83' lang='grc' dir='ltr'><strong>δακρύουσι,</strong></span> 
     </span>
    </p>
   </div>
   <div class='ocr_carea' id='block_1_20' title="bbox 147 956 943 994">
    <p class='ocr_par' dir='ltr' id='par_1_20' title="bbox 147 956 943 994">
     <span class='ocr_line' id='line_1_20' title="bbox 147 956 943 994; baseline 0.003 -12"><span class='ocrx_word' id='word_1_127' title='bbox 147 957 197 983; x_wconf 75' lang='grc' dir='ltr'>καὶ</span> <span class='ocrx_word' id='word_1_128' title='bbox 219 956 306 988; x_wconf 75' lang='grc' dir='ltr'>οὕτως</span> <span class='ocrx_word' id='word_1_129' title='bbox 323 956 369 983; x_wconf 81' lang='grc' dir='ltr'>τοῦ</span> <span class='ocrx_word' id='word_1_130' title='bbox 390 957 557 992; x_wconf 76' lang='grc' dir='ltr'><strong>ζητουμένου</strong></span> <span class='ocrx_word' id='word_1_131' title='bbox 576 958 788 993; x_wconf 79' lang='grc' dir='ltr'><strong>ἐπιτυγχάνουσι</strong></span> <span class='ocrx_word' id='word_1_132' title='bbox 808 957 870 993; x_wconf 77' lang='grc' dir='ltr'>(καὶ</span> <span class='ocrx_word' id='word_1_133' title='bbox 888 958 943 994; x_wconf 83' lang='grc' dir='ltr'>γάρ</span> 
     </span>
    </p>
   </div>
   <div class='ocr_carea' id='block_1_21' title="bbox 149 1002 941 1040">
    <p class='ocr_par' dir='ltr' id='par_1_21' title="bbox 149 1002 941 1040">
     <span class='ocr_line' id='line_1_21' title="bbox 149 1002 941 1040; baseline 0.004 -12"><span class='ocrx_word' id='word_1_134' title='bbox 149 1010 244 1037; x_wconf 79' lang='grc' dir='ltr'>φησιν,</span> <span class='ocrx_word' id='word_1_135' title='bbox 259 1002 290 1028; x_wconf 85' lang='lat'><strong>&#39;0</strong></span> <span class='ocrx_word' id='word_1_136' title='bbox 309 1002 382 1035; x_wconf 82' lang='grc' dir='ltr'><strong>Θεὸς</strong></span> <span class='ocrx_word' id='word_1_137' title='bbox 399 1002 484 1037; x_wconf 78' lang='grc' dir='ltr'>ἡμῶν</span> <span class='ocrx_word' id='word_1_138' title='bbox 500 1003 560 1037; x_wconf 83' lang='grc' dir='ltr'>πῦρ</span> <span class='ocrx_word' id='word_1_139' title='bbox 586 1004 814 1031; x_wconf 75' lang='grc' dir='ltr'><strong>καταναλίσκον</strong></span> <span class='ocrx_word' id='word_1_140' title='bbox 826 1004 924 1040; x_wconf 80' lang='grc' dir='ltr'>ἐστίν)</span> <span class='ocrx_word' id='word_1_141' title='bbox 935 1013 941 1019; x_wconf 94' lang='grc'><strong>·</strong></span> 
     </span>
    </p>
   </div>
   <div class='ocr_carea' id='block_1_22' title="bbox 147 1046 944 1086">
    <p class='ocr_par' dir='ltr' id='par_1_22' title="bbox 147 1046 944 1086">
     <span class='ocr_line' id='line_1_22' title="bbox 147 1046 944 1086; baseline 0.004 -12"><span class='ocrx_word' id='word_1_142' title='bbox 147 1046 237 1080; x_wconf 78' lang='grc' dir='ltr'>οὕτως</span> <span class='ocrx_word' id='word_1_143' title='bbox 251 1048 291 1074; x_wconf 85' lang='grc' dir='ltr'>δεῖ</span> <span class='ocrx_word' id='word_1_144' title='bbox 307 1049 355 1074; x_wconf 78' lang='grc' dir='ltr'>καὶ</span> <span class='ocrx_word' id='word_1_145' title='bbox 369 1049 444 1084; x_wconf 80' lang='grc' dir='ltr'>ἡμᾶς</span> <span class='ocrx_word' id='word_1_146' title='bbox 458 1050 499 1081; x_wconf 86' lang='grc' dir='ltr'><strong>είς</strong></span> <span class='ocrx_word' id='word_1_147' title='bbox 511 1049 626 1081; x_wconf 74' lang='grc' dir='ltr'>ἑαυτοὺς</span> <span class='ocrx_word' id='word_1_148' title='bbox 642 1050 673 1076; x_wconf 77' lang='grc' dir='ltr'>τὸ</span> <span class='ocrx_word' id='word_1_149' title='bbox 687 1049 760 1077; x_wconf 86' lang='grc' dir='ltr'>θεῖον</span> <span class='ocrx_word' id='word_1_150' title='bbox 774 1050 872 1085; x_wconf 72' lang='grc' dir='ltr'>ἐξάψαι</span> <span class='ocrx_word' id='word_1_151' title='bbox 888 1049 944 1086; x_wconf 81' lang='grc' dir='ltr'>πῦρ</span> 
     </span>
    </p>
   </div>
   <div class='ocr_carea' id='block_1_23' title="bbox 150 1089 572 1130">
    <p class='ocr_par' dir='ltr' id='par_1_23' title="bbox 150 1089 572 1130">
     <span class='ocr_line' id='line_1_23' title="bbox 150 1089 572 1130; baseline 0.007 -10"><span class='ocrx_word' id='word_1_152' title='bbox 150 1094 223 1129; x_wconf 77' lang='grc' dir='ltr'>μετὰ</span> <span class='ocrx_word' id='word_1_153' title='bbox 236 1089 361 1130; x_wconf 83' lang='grc' dir='ltr'>δακρύων</span> <span class='ocrx_word' id='word_1_154' title='bbox 378 1095 425 1122; x_wconf 74' lang='grc' dir='ltr'>καὶ</span> <span class='ocrx_word' id='word_1_155' title='bbox 439 1096 528 1123; x_wconf 88' lang='grc' dir='ltr'>πόνων</span> <span class='ocrx_word' id='word_1_156' title='bbox 538 1096 572 1123; x_wconf 79' lang='grc'><strong>⁵⁷.</strong></span> 
     </span>
    </p>
   </div>
   <div class='ocr_carea' id='block_1_24' title="bbox 187 1139 945 1179">
    <p class='ocr_par' dir='ltr' id='par_1_24' title="bbox 187 1139 945 1179">
     <span class='ocr_line' id='line_1_24' title="bbox 187 1139 945 1179; baseline 0.004 -12"><span class='ocrx_word' id='word_1_157' title='bbox 187 1141 219 1176; x_wconf 81' lang='grc' dir='ltr'><strong>β’.</strong></span> <span class='ocrx_word' id='word_1_158' title='bbox 241 1139 309 1168; x_wconf 79' lang='grc' dir='ltr'>Εἶπε</span> <span class='ocrx_word' id='word_1_159' title='bbox 327 1142 418 1176; x_wconf 83' lang='grc' dir='ltr'>πάλιν,</span> <span class='ocrx_word' id='word_1_160' title='bbox 439 1143 481 1170; x_wconf 81' lang='grc' dir='ltr'>ὅτι</span> <span class='ocrx_word' id='word_1_161' title='bbox 497 1143 543 1169; x_wconf 85' lang='grc' dir='ltr'><strong>Δεῖ</strong></span> <span class='ocrx_word' id='word_1_162' title='bbox 563 1144 638 1179; x_wconf 76' lang='grc' dir='ltr'>ἡμᾶς</span> <span class='ocrx_word' id='word_1_163' title='bbox 651 1143 716 1176; x_wconf 78' lang='grc' dir='ltr'>τοὺς</span> <span class='ocrx_word' id='word_1_164' title='bbox 737 1143 767 1170; x_wconf 81' lang='grc' dir='ltr'><strong>τὺ</strong></span> <span class='ocrx_word' id='word_1_165' title='bbox 784 1144 945 1179; x_wconf 79' lang='grc' dir='ltr'>ἐπάγγελμα</span> 
     </span>
    </p>
   </div>
   <div class='ocr_carea' id='block_1_25' title="bbox 149 1187 945 1226">
    <p class='ocr_par' dir='ltr' id='par_1_25' title="bbox 149 1187 945 1226">
     <span class='ocr_line' id='line_1_25' title="bbox 149 1187 945 1226; baseline 0.005 -13"><span class='ocrx_word' id='word_1_166' title='bbox 149 1187 230 1214; x_wconf 82' lang='grc' dir='ltr'>τοῦτο</span> <span class='ocrx_word' id='word_1_167' title='bbox 255 1188 502 1225; x_wconf 78' lang='grc' dir='ltr'>ἐπανῃρημένους,</span> <span class='ocrx_word' id='word_1_168' title='bbox 528 1189 706 1225; x_wconf 79' lang='grc' dir='ltr'>σωφροσύνην</span> <span class='ocrx_word' id='word_1_169' title='bbox 728 1189 778 1225; x_wconf 83' lang='grc' dir='ltr'>τὴν</span> <span class='ocrx_word' id='word_1_170' title='bbox 796 1190 836 1222; x_wconf 82' lang='grc' dir='ltr'>εἰς</span> <span class='ocrx_word' id='word_1_171' title='bbox 859 1190 945 1226; x_wconf 81' lang='grc' dir='ltr'>ἄκρον</span> 
     </span>
    </p>
   </div>
   <div class='ocr_carea' id='block_1_26' title="bbox 151 1234 944 1272">
    <p class='ocr_par' dir='ltr' id='par_1_26' title="bbox 151 1234 944 1272">
     <span class='ocr_line' id='line_1_26' title="bbox 151 1234 944 1272; baseline 0.004 -12"><span class='ocrx_word' id='word_1_172' title='bbox 151 1234 287 1270; x_wconf 80' lang='grc' dir='ltr'>κατέχειν.</span> <span class='ocrx_word' id='word_1_173' title='bbox 306 1235 362 1261; x_wconf 73' lang='grc' dir='ltr'><strong>Καὶ</strong></span> <span class='ocrx_word' id='word_1_174' title='bbox 376 1235 430 1271; x_wconf 72' lang='grc' dir='ltr'><strong>γὰρ</strong></span> <span class='ocrx_word' id='word_1_175' title='bbox 447 1235 524 1271; x_wconf 85' lang='grc' dir='ltr'>παρὰ</span> <span class='ocrx_word' id='word_1_176' title='bbox 543 1237 599 1268; x_wconf 84' lang='grc' dir='ltr'>τοῖς</span> <span class='ocrx_word' id='word_1_177' title='bbox 621 1237 765 1271; x_wconf 87' lang='grc' dir='ltr'>κοσμικοῖς</span> <span class='ocrx_word' id='word_1_178' title='bbox 783 1236 944 1272; x_wconf 79' lang='grc' dir='ltr'>σωφροσύνη</span> 
     </span>
    </p>
   </div>
   <div class='ocr_carea' id='block_1_27' title="bbox 149 1279 946 1318">
    <p class='ocr_par' dir='ltr' id='par_1_27' title="bbox 149 1279 946 1318">
     <span class='ocr_line' id='line_1_27' title="bbox 149 1279 946 1318; baseline 0.005 -13"><span class='ocrx_word' id='word_1_179' title='bbox 149 1279 223 1306; x_wconf 77' lang='grc' dir='ltr'>δοκεῖ</span> <span class='ocrx_word' id='word_1_180' title='bbox 247 1279 458 1313; x_wconf 76' lang='grc' dir='ltr'>πολιτεύεσθαι,</span> <span class='ocrx_word' id='word_1_181' title='bbox 481 1280 551 1309; x_wconf 80' lang='grc' dir='ltr'>ἀλλὰ</span> <span class='ocrx_word' id='word_1_182' title='bbox 577 1282 768 1317; x_wconf 81' lang='grc' dir='ltr'>συμπάρεστιν</span> <span class='ocrx_word' id='word_1_183' title='bbox 798 1283 867 1318; x_wconf 80' lang='grc' dir='ltr'>αὐτῇ</span> <span class='ocrx_word' id='word_1_184' title='bbox 899 1283 946 1309; x_wconf 77' lang='grc' dir='ltr'>καὶ</span> 
     </span>
    </p>
   </div>
   <div class='ocr_carea' id='block_1_28' title="bbox 151 1325 946 1364">
    <p class='ocr_par' dir='ltr' id='par_1_28' title="bbox 151 1325 946 1364">
     <span class='ocr_line' id='line_1_28' title="bbox 151 1325 946 1364; baseline 0.004 -13"><span class='ocrx_word' id='word_1_185' title='bbox 151 1325 313 1361; x_wconf 80' lang='grc' dir='ltr'>ἀφροσύνη,</span> <span class='ocrx_word' id='word_1_186' title='bbox 336 1326 380 1353; x_wconf 88' lang='grc' dir='ltr'>διὰ</span> <span class='ocrx_word' id='word_1_187' title='bbox 408 1327 439 1353; x_wconf 74' lang='grc' dir='ltr'><strong>τὸ</strong></span> <span class='ocrx_word' id='word_1_188' title='bbox 459 1328 520 1359; x_wconf 82' lang='grc' dir='ltr'>ταῖς</span> <span class='ocrx_word' id='word_1_189' title='bbox 537 1327 632 1359; x_wconf 80' lang='grc' dir='ltr'>ἄλλαις</span> <span class='ocrx_word' id='word_1_190' title='bbox 657 1328 758 1359; x_wconf 85' lang='grc' dir='ltr'>πάσαις</span> <span class='ocrx_word' id='word_1_191' title='bbox 785 1328 946 1364; x_wconf 81' lang='grc' dir='ltr'>αἰσθήσεσιν</span> 
     </span>
    </p>
   </div>
   <div class='ocr_carea' id='block_1_29' title="bbox 152 1372 946 1410">
    <p class='ocr_par' dir='ltr' id='par_1_29' title="bbox 152 1372 946 1410">
     <span class='ocr_line' id='line_1_29' title="bbox 152 1372 946 1410; baseline 0.004 -12"><span class='ocrx_word' id='word_1_192' title='bbox 152 1372 331 1408; x_wconf 84' lang='grc' dir='ltr'>ἁμαρτάνειν.</span> <span class='ocrx_word' id='word_1_193' title='bbox 353 1372 408 1400; x_wconf 74' lang='grc' dir='ltr'>Καὶ</span> <span class='ocrx_word' id='word_1_194' title='bbox 421 1373 475 1409; x_wconf 83' lang='grc' dir='ltr'><strong>γὰρ</strong></span> <span class='ocrx_word' id='word_1_195' title='bbox 489 1373 590 1409; x_wconf 84' lang='grc' dir='ltr'>ὁρῶσιν</span> <span class='ocrx_word' id='word_1_196' title='bbox 604 1374 747 1410; x_wconf 83' lang='grc' dir='ltr'><strong>ἀπρεπῶς,</strong></span> <span class='ocrx_word' id='word_1_197' title='bbox 763 1374 811 1401; x_wconf 68' lang='grc' dir='ltr'>καὶ</span> <span class='ocrx_word' id='word_1_198' title='bbox 830 1374 946 1410; x_wconf 82' lang='grc' dir='ltr'>γελῶσιν</span> 
     </span>
    </p>
   </div>
   <div class='ocr_carea' id='block_1_30' title="bbox 152 1417 289 1450">
    <p class='ocr_par' dir='ltr' id='par_1_30' title="bbox 152 1417 289 1450">
     <span class='ocr_line' id='line_1_30' title="bbox 152 1417 289 1450; baseline 0.007 -6"><span class='ocrx_word' id='word_1_199' title='bbox 152 1417 289 1450; x_wconf 78' lang='grc' dir='ltr'>ἀτάκτως.</span> 
     </span>
    </p>
   </div>
   <div class='ocr_carea' id='block_1_31' title="bbox 187 1462 947 1503">
    <p class='ocr_par' dir='ltr' id='par_1_31' title="bbox 187 1462 947 1503">
     <span class='ocr_line' id='line_1_31' title="bbox 187 1462 947 1503; baseline 0.004 -13"><span class='ocrx_word' id='word_1_200' title='bbox 187 1467 222 1499; x_wconf 83' lang='grc' dir='ltr'>γ’.</span> <span class='ocrx_word' id='word_1_201' title='bbox 246 1462 313 1491; x_wconf 81' lang='grc' dir='ltr'>Εῐπε</span> <span class='ocrx_word' id='word_1_202' title='bbox 329 1465 425 1492; x_wconf 80' lang='grc' dir='ltr'>πάλιν·</span> <span class='ocrx_word' id='word_1_203' title='bbox 439 1466 545 1502; x_wconf 85' lang='grc' dir='ltr'>Ὥσπερ</span> <span class='ocrx_word' id='word_1_204' title='bbox 557 1466 592 1493; x_wconf 80' lang='grc' dir='ltr'>τὰ</span> <span class='ocrx_word' id='word_1_205' title='bbox 611 1466 699 1493; x_wconf 69' lang='grc' dir='ltr'>ίοϐόλα</span> <span class='ocrx_word' id='word_1_206' title='bbox 713 1466 795 1502; x_wconf 75' lang='grc' dir='ltr'>θηρία</span> <span class='ocrx_word' id='word_1_207' title='bbox 805 1467 828 1482; x_wconf 81' lang='grc'><strong>’⁵⁸</strong></span> <span class='ocrx_word' id='word_1_208' title='bbox 842 1466 876 1493; x_wconf 78' lang='grc' dir='ltr'><strong>τὰ</strong></span> <span class='ocrx_word' id='word_1_209' title='bbox 890 1467 947 1503; x_wconf 87' lang='grc' dir='ltr'>δρι-</span> 
     </span>
    </p>
   </div>
   <div class='ocr_carea' id='block_1_32' title="bbox 154 1510 948 1548">
    <p class='ocr_par' dir='ltr' id='par_1_32' title="bbox 154 1510 948 1548">
     <span class='ocr_line' id='line_1_32' title="bbox 154 1510 948 1548; baseline 0.003 -11"><span class='ocrx_word' id='word_1_210' title='bbox 154 1510 262 1547; x_wconf 83' lang='grc' dir='ltr'>μύτερα</span> <span class='ocrx_word' id='word_1_211' title='bbox 278 1511 333 1538; x_wconf 83' lang='grc' dir='ltr'><strong>τῶν</strong></span> <span class='ocrx_word' id='word_1_212' title='bbox 350 1512 506 1548; x_wconf 77' lang='grc' dir='ltr'>φαρμάκων</span> <span class='ocrx_word' id='word_1_213' title='bbox 523 1512 671 1539; x_wconf 78' lang='grc' dir='ltr'>ἀπελαύνει</span> <span class='ocrx_word' id='word_1_214' title='bbox 683 1522 689 1528; x_wconf 89' lang='grc'><strong>·</strong></span> <span class='ocrx_word' id='word_1_215' title='bbox 707 1512 793 1545; x_wconf 70' lang='grc' dir='ltr'>οὓτως</span> <span class='ocrx_word' id='word_1_216' title='bbox 814 1514 860 1540; x_wconf 78' lang='grc' dir='ltr'><strong>καὶ</strong></span> <span class='ocrx_word' id='word_1_217' title='bbox 875 1513 948 1548; x_wconf 84' lang='grc' dir='ltr'>λογι-</span> 
     </span>
    </p>
   </div>
   <div class='ocr_carea' id='block_1_33' title="bbox 154 1557 896 1594">
    <p class='ocr_par' dir='ltr' id='par_1_33' title="bbox 154 1557 896 1594">
     <span class='ocr_line' id='line_1_33' title="bbox 154 1557 896 1594; baseline 0.005 -11"><span class='ocrx_word' id='word_1_218' title='bbox 154 1557 224 1594; x_wconf 82' lang='grc' dir='ltr'>σμὸν</span> <span class='ocrx_word' id='word_1_219' title='bbox 239 1558 358 1594; x_wconf 65' lang='grc' dir='ltr'>πονηρὸν</span> <span class='ocrx_word' id='word_1_220' title='bbox 367 1559 388 1574; x_wconf 74' lang='grc'><strong>⁵³</strong></span> <span class='ocrx_word' id='word_1_221' title='bbox 401 1558 467 1593; x_wconf 80' lang='grc' dir='ltr'><strong>εὐχὴ</strong></span> <span class='ocrx_word' id='word_1_222' title='bbox 481 1559 551 1593; x_wconf 72' lang='grc' dir='ltr'>μετὰ</span> <span class='ocrx_word' id='word_1_223' title='bbox 563 1558 691 1593; x_wconf 80' lang='grc' dir='ltr'>νηστείας</span> <span class='ocrx_word' id='word_1_224' title='bbox 705 1559 851 1586; x_wconf 80' lang='grc' dir='ltr'>ἀπελαύνει</span> <span class='ocrx_word' id='word_1_225' title='bbox 863 1560 896 1587; x_wconf 73' lang='grc' dir='ltr'>θθ.</span> 
     </span>
    </p>
   </div>
   <div class='ocr_carea' id='block_1_34' title="bbox 189 1601 946 1640">
    <p class='ocr_par' dir='ltr' id='par_1_34' title="bbox 189 1601 946 1640">
     <span class='ocr_line' id='line_1_34' title="bbox 189 1601 946 1640; baseline 0.001 -11"><span class='ocrx_word' id='word_1_226' title='bbox 189 1603 221 1630; x_wconf 87' lang='grc' dir='ltr'><strong>δ’.</strong></span> <span class='ocrx_word' id='word_1_227' title='bbox 241 1601 309 1629; x_wconf 68' lang='lat' dir='ltr'><strong>Eine</strong></span> <span class='ocrx_word' id='word_1_228' title='bbox 332 1603 428 1629; x_wconf 67' lang='grc' dir='ltr'>πάλινσ</span> <span class='ocrx_word' id='word_1_229' title='bbox 447 1603 492 1638; x_wconf 82' lang='grc' dir='ltr'>Μή</span> <span class='ocrx_word' id='word_1_230' title='bbox 510 1612 540 1629; x_wconf 91' lang='grc' dir='ltr'><strong>σε</strong></span> <span class='ocrx_word' id='word_1_231' title='bbox 562 1603 676 1640; x_wconf 79' lang='grc' dir='ltr'>δελεάσῃ</span> <span class='ocrx_word' id='word_1_232' title='bbox 693 1604 746 1630; x_wconf 85' lang='grc' dir='ltr'><strong>τῶν</strong></span> <span class='ocrx_word' id='word_1_233' title='bbox 763 1604 904 1640; x_wconf 84' lang='grc' dir='ltr'>κοσμικῶν</span> <span class='ocrx_word' id='word_1_234' title='bbox 924 1605 946 1620; x_wconf 80' lang='grc'><strong>⁶¹</strong></span> 
     </span>
    </p>
   </div>
   <div class='ocr_carea' id='block_1_35' title="bbox 154 1649 948 1686">
    <p class='ocr_par' dir='ltr' id='par_1_35' title="bbox 154 1649 948 1686">
     <span class='ocr_line' id='line_1_35' title="bbox 154 1649 948 1686; baseline 0.003 -11"><span class='ocrx_word' id='word_1_235' title='bbox 154 1649 290 1676; x_wconf 85' lang='grc' dir='ltr'>πλουσίων</span> <span class='ocrx_word' id='word_1_236' title='bbox 314 1649 416 1685; x_wconf 81' lang='grc' dir='ltr'>τρυφὴ,</span> <span class='ocrx_word' id='word_1_237' title='bbox 435 1649 473 1681; x_wconf 83' lang='grc' dir='ltr'>ὡς</span> <span class='ocrx_word' id='word_1_238' title='bbox 496 1649 630 1685; x_wconf 78' lang='grc' dir='ltr'>χρήσιμόν</span> <span class='ocrx_word' id='word_1_239' title='bbox 658 1659 685 1677; x_wconf 82' lang='grc' dir='ltr'><strong>τι</strong></span> <span class='ocrx_word' id='word_1_240' title='bbox 714 1650 823 1686; x_wconf 72' lang='grc' dir='ltr'>ἔχουσα,</span> <span class='ocrx_word' id='word_1_241' title='bbox 852 1651 948 1686; x_wconf 81' lang='grc' dir='ltr'>ἡδονῆς</span> 
     </span>
    </p>
   </div>
   <div class='ocr_carea' id='block_1_36' title="bbox 154 1694 950 1732">
    <p class='ocr_par' dir='ltr' id='par_1_36' title="bbox 154 1694 950 1732">
     <span class='ocr_line' id='line_1_36' title="bbox 154 1694 950 1732; baseline 0.005 -13"><span class='ocrx_word' id='word_1_242' title='bbox 154 1694 237 1729; x_wconf 81' lang='grc' dir='ltr'>κενῆς</span> <span class='ocrx_word' id='word_1_243' title='bbox 256 1694 278 1709; x_wconf 79' lang='grc'><strong>⁶¹</strong></span> <span class='ocrx_word' id='word_1_244' title='bbox 301 1694 405 1720; x_wconf 73' lang='grc' dir='ltr'>ἕνεκεν.</span> <span class='ocrx_word' id='word_1_245' title='bbox 432 1694 546 1721; x_wconf 79' lang='grc' dir='ltr'>Ἐκεῖνοι</span> <span class='ocrx_word' id='word_1_246' title='bbox 566 1695 615 1730; x_wconf 82' lang='grc' dir='ltr'>τὴν</span> <span class='ocrx_word' id='word_1_247' title='bbox 633 1695 819 1732; x_wconf 75' lang='grc' dir='ltr'>ὀψαρτυτικήν</span> <span class='ocrx_word' id='word_1_248' title='bbox 833 1696 888 1732; x_wconf 73' lang='grc'>(82)</span> <span class='ocrx_word' id='word_1_249' title='bbox 909 1705 950 1723; x_wconf 87' lang='grc' dir='ltr'>τι-</span> 
     </span>
    </p>
   </div>
   <div class='ocr_carea' id='block_1_37' title="bbox 157 1739 949 1776">
    <p class='ocr_par' dir='ltr' id='par_1_37' title="bbox 157 1739 949 1776">
     <span class='ocr_line' id='line_1_37' title="bbox 157 1739 949 1776; baseline 0.005 -11"><span class='ocrx_word' id='word_1_250' title='bbox 157 1739 229 1775; x_wconf 81' lang='grc' dir='ltr'>μῶσι</span> <span class='ocrx_word' id='word_1_251' title='bbox 251 1739 364 1775; x_wconf 78' lang='grc' dir='ltr'>τέχνην·</span> <span class='ocrx_word' id='word_1_252' title='bbox 388 1740 501 1776; x_wconf 80' lang='grc' dir='ltr'>νηστείᾳ</span> <span class='ocrx_word' id='word_1_253' title='bbox 517 1740 565 1766; x_wconf 80' lang='grc' dir='ltr'>καὶ</span> <span class='ocrx_word' id='word_1_254' title='bbox 584 1741 665 1774; x_wconf 73' lang='grc' dir='ltr'>αὐτὸς</span> <span class='ocrx_word' id='word_1_255' title='bbox 686 1741 731 1768; x_wconf 81' lang='grc' dir='ltr'>διὰ</span> <span class='ocrx_word' id='word_1_256' title='bbox 751 1742 805 1768; x_wconf 87' lang='grc' dir='ltr'><strong>τῶν</strong></span> <span class='ocrx_word' id='word_1_257' title='bbox 832 1742 949 1769; x_wconf 78' lang='grc' dir='ltr'>εὐτελῶν</span> 
     </span>
    </p>
   </div>
   <div class='ocr_carea' id='block_1_38' title="bbox 154 1786 947 1824">
    <p class='ocr_par' dir='ltr' id='par_1_38' title="bbox 154 1786 947 1824">
     <span class='ocr_line' id='line_1_38' title="bbox 154 1786 947 1824; baseline 0.004 -12"><span class='ocrx_word' id='word_1_258' title='bbox 154 1786 329 1821; x_wconf 61' lang='grc' dir='ltr'>τὴννὲκείνων</span> <span class='ocrx_word' id='word_1_259' title='bbox 339 1786 469 1822; x_wconf 81' lang='grc' dir='ltr'>εὐπορίαν</span> <span class='ocrx_word' id='word_1_260' title='bbox 479 1786 534 1813; x_wconf 84' lang='grc' dir='ltr'><strong>τῶν</strong></span> <span class='ocrx_word' id='word_1_261' title='bbox 545 1787 653 1823; x_wconf 80' lang='grc' dir='ltr'>τροφῶν</span> <span class='ocrx_word' id='word_1_262' title='bbox 663 1787 718 1823; x_wconf 78' lang='grc'>(83)</span> <span class='ocrx_word' id='word_1_263' title='bbox 730 1788 909 1824; x_wconf 77' lang='grc' dir='ltr'>ὑπερϐάλλεις</span> <span class='ocrx_word' id='word_1_264' title='bbox 915 1789 947 1815; x_wconf 74' lang='grc'><strong>⁸³.</strong></span> 
     </span>
    </p>
   </div>
   <div class='ocr_carea' id='block_1_39' title="bbox 154 1833 950 1869">
    <p class='ocr_par' dir='ltr' id='par_1_39' title="bbox 154 1833 950 1869">
     <span class='ocr_line' id='line_1_39' title="bbox 154 1833 950 1869; baseline 0.004 -11"><span class='ocrx_word' id='word_1_265' title='bbox 154 1833 226 1868; x_wconf 69' lang='grc' dir='ltr'>ψησ).</span> <span class='ocrx_word' id='word_1_266' title='bbox 243 1833 315 1868; x_wconf 86' lang='grc' dir='ltr'>γάρ·</span> <span class='ocrx_word' id='word_1_267' title='bbox 339 1833 427 1868; x_wconf 81' lang='grc' dir='ltr'><strong>Ψυχὴ</strong></span> <span class='ocrx_word' id='word_1_268' title='bbox 451 1834 486 1860; x_wconf 79' lang='grc' dir='ltr'><strong>ἐν</strong></span> <span class='ocrx_word' id='word_1_269' title='bbox 508 1833 607 1868; x_wconf 68' lang='grc' dir='ltr'>τρυφῇ</span> <span class='ocrx_word' id='word_1_270' title='bbox 621 1834 644 1849; x_wconf 74' lang='grc'><strong>⁸⁵</strong></span> <span class='ocrx_word' id='word_1_271' title='bbox 663 1833 743 1862; x_wconf 82' lang='grc' dir='ltr'>οὖσα</span> <span class='ocrx_word' id='word_1_272' title='bbox 766 1836 881 1869; x_wconf 81' lang='grc' dir='ltr'>κηρίοις</span> <span class='ocrx_word' id='word_1_273' title='bbox 899 1835 950 1869; x_wconf 87' lang='grc' dir='ltr'><strong>ἐμ-</strong></span> 
     </span>
    </p>
   </div>
   <div class='ocr_carea' id='block_1_40' title="bbox 155 1877 949 1916">
    <p class='ocr_par' dir='ltr' id='par_1_40' title="bbox 155 1877 949 1916">
     <span class='ocr_line' id='line_1_40' title="bbox 155 1877 949 1916; baseline 0.003 -12"><span class='ocrx_word' id='word_1_274' title='bbox 155 1877 262 1909; x_wconf 54' lang='grc' dir='ltr'>παίζει.</span> <span class='ocrx_word' id='word_1_275' title='bbox 277 1878 323 1915; x_wconf 82' lang='grc' dir='ltr'><strong>Μὴ</strong></span> <span class='ocrx_word' id='word_1_276' title='bbox 338 1879 471 1915; x_wconf 84' lang='grc' dir='ltr'>κορεσθῇς</span> <span class='ocrx_word' id='word_1_277' title='bbox 497 1879 591 1915; x_wconf 76' lang='grc' dir='ltr'>ἄρτου,</span> <span class='ocrx_word' id='word_1_278' title='bbox 619 1881 667 1907; x_wconf 78' lang='grc' dir='ltr'><strong>καὶ</strong></span> <span class='ocrx_word' id='word_1_279' title='bbox 689 1881 740 1906; x_wconf 80' lang='grc' dir='ltr'>οὐκ</span> <span class='ocrx_word' id='word_1_280' title='bbox 763 1880 949 1916; x_wconf 79' lang='grc' dir='ltr'>ἐπιθυμήσεις</span> 
     </span>
    </p>
   </div>
   <div class='ocr_carea' id='block_1_41' title="bbox 156 1926 240 1952">
    <p class='ocr_par' dir='ltr' id='par_1_41' title="bbox 156 1926 240 1952">
     <span class='ocr_line' id='line_1_41' title="bbox 156 1926 240 1952; baseline 0 0"><span class='ocrx_word' id='word_1_281' title='bbox 156 1926 240 1952; x_wconf 77' lang='grc' dir='ltr'>οἴνου.</span> 
     </span>
    </p>
   </div>
   <div class='ocr_carea' id='block_1_42' title="bbox 193 1972 949 2009">
    <p class='ocr_par' dir='ltr' id='par_1_42' title="bbox 193 1972 949 2009">
     <span class='ocr_line' id='line_1_42' title="bbox 193 1972 949 2009; baseline 0.004 -11"><span class='ocrx_word' id='word_1_282' title='bbox 193 1975 224 1999; x_wconf 88' lang='grc' dir='ltr'><strong>ε’.</strong></span> <span class='ocrx_word' id='word_1_283' title='bbox 251 1972 395 2008; x_wconf 79' lang='grc' dir='ltr'>Ἠρωτήθη</span> <span class='ocrx_word' id='word_1_284' title='bbox 414 1974 431 2008; x_wconf 81' lang='grc' dir='ltr'><strong>ἡ</strong></span> <span class='ocrx_word' id='word_1_285' title='bbox 451 1973 575 2009; x_wconf 84' lang='grc' dir='ltr'>μακαρία</span> <span class='ocrx_word' id='word_1_286' title='bbox 589 1973 774 2009; x_wconf 82' lang='grc' dir='ltr'>Συγκλητικὴ,</span> <span class='ocrx_word' id='word_1_287' title='bbox 799 1975 824 2000; x_wconf 80' lang='grc' dir='ltr'><strong>εί</strong></span> <span class='ocrx_word' id='word_1_288' title='bbox 847 1974 949 2001; x_wconf 80' lang='grc' dir='ltr'>τέλειον</span> 
     </span>
    </p>
   </div>
   <div class='ocr_carea' id='block_1_43' title="bbox 156 2018 949 2055">
    <p class='ocr_par' dir='ltr' id='par_1_43' title="bbox 156 2018 949 2055">
     <span class='ocr_line' id='line_1_43' title="bbox 156 2018 949 2055; baseline 0 -9"><span class='ocrx_word' id='word_1_289' title='bbox 156 2019 262 2053; x_wconf 81' lang='grc' dir='ltr'>ἀγαθὸν</span> <span class='ocrx_word' id='word_1_290' title='bbox 286 2020 302 2055; x_wconf 85' lang='grc' dir='ltr'>ἡ</span> <span class='ocrx_word' id='word_1_291' title='bbox 328 2019 518 2055; x_wconf 81' lang='grc' dir='ltr'>ἀκτημοσύνη.</span> <span class='ocrx_word' id='word_1_292' title='bbox 541 2020 573 2046; x_wconf 87' lang='lat' dir='ltr'><strong>&#39;H</strong></span> <span class='ocrx_word' id='word_1_293' title='bbox 599 2020 628 2046; x_wconf 81' lang='grc' dir='ltr'><strong>δὲ</strong></span> <span class='ocrx_word' id='word_1_294' title='bbox 651 2018 728 2046; x_wconf 79' lang='grc' dir='ltr'>εἷπε·</span> <span class='ocrx_word' id='word_1_295' title='bbox 755 2020 828 2047; x_wconf 68' lang='grc' dir='ltr'>Πάνυ</span> <span class='ocrx_word' id='word_1_296' title='bbox 847 2020 949 2047; x_wconf 78' lang='grc' dir='ltr'>τέλειον</span> 
     </span>
    </p>
   </div>
   <div class='ocr_carea' id='block_1_44' title="bbox 156 2065 950 2101">
    <p class='ocr_par' dir='ltr' id='par_1_44' title="bbox 156 2065 950 2101">
     <span class='ocr_line' id='line_1_44' title="bbox 156 2065 950 2101; baseline 0.001 -9"><span class='ocrx_word' id='word_1_297' title='bbox 156 2067 214 2097; x_wconf 83' lang='grc' dir='ltr'>τοῖς</span> <span class='ocrx_word' id='word_1_298' title='bbox 228 2065 389 2101; x_wconf 79' lang='grc' dir='ltr'>δυναμένοις</span> <span class='ocrx_word' id='word_1_299' title='bbox 398 2067 431 2093; x_wconf 76' lang='grc'><strong>⁵⁸.</strong></span> <span class='ocrx_word' id='word_1_300' title='bbox 444 2067 475 2092; x_wconf 85' lang='grc' dir='ltr'>Οἱ</span> <span class='ocrx_word' id='word_1_301' title='bbox 490 2066 544 2101; x_wconf 78' lang='grc' dir='ltr'>γὰρ</span> <span class='ocrx_word' id='word_1_302' title='bbox 557 2065 739 2101; x_wconf 75' lang='grc' dir='ltr'>ὑπομένοντες</span> <span class='ocrx_word' id='word_1_303' title='bbox 753 2065 843 2098; x_wconf 82' lang='grc' dir='ltr'>τοῦτο,</span> <span class='ocrx_word' id='word_1_304' title='bbox 861 2066 950 2101; x_wconf 85' lang='grc' dir='ltr'>θλίψιν</span> 
     </span>
    </p>
   </div>
   <div class='ocr_carea' id='block_1_45' title="bbox 159 2111 951 2148">
    <p class='ocr_par' dir='ltr' id='par_1_45' title="bbox 159 2111 951 2148">
     <span class='ocr_line' id='line_1_45' title="bbox 159 2111 951 2148; baseline 0.001 -11"><span class='ocrx_word' id='word_1_305' title='bbox 159 2111 209 2146; x_wconf 78' lang='grc' dir='ltr'>μὲν</span> <span class='ocrx_word' id='word_1_306' title='bbox 223 2111 315 2146; x_wconf 49' lang='lat' dir='ltr'><strong>Eleum.</strong></span> <span class='ocrx_word' id='word_1_307' title='bbox 329 2112 362 2146; x_wconf 81' lang='grc' dir='ltr'>τῇ</span> <span class='ocrx_word' id='word_1_308' title='bbox 378 2111 469 2146; x_wconf 74' lang='grc' dir='ltr'>σαρκὶ,</span> <span class='ocrx_word' id='word_1_309' title='bbox 489 2113 522 2146; x_wconf 78' lang='grc' dir='ltr'>τῇ</span> <span class='ocrx_word' id='word_1_310' title='bbox 537 2111 565 2137; x_wconf 76' lang='grc' dir='ltr'>δὲ</span> <span class='ocrx_word' id='word_1_311' title='bbox 578 2111 650 2146; x_wconf 85' lang='grc' dir='ltr'>ψυχῇ</span> <span class='ocrx_word' id='word_1_312' title='bbox 668 2111 832 2138; x_wconf 82' lang='grc' dir='ltr'>ἀνάπαυσιν.</span> <span class='ocrx_word' id='word_1_313' title='bbox 846 2112 951 2148; x_wconf 85' lang='grc' dir='ltr'>Ὥσπερ</span> 
     </span>
    </p>
   </div>
   <div class='ocr_carea' id='block_1_46' title="bbox 157 2157 951 2195">
    <p class='ocr_par' dir='ltr' id='par_1_46' title="bbox 157 2157 951 2195">
     <span class='ocr_line' id='line_1_46' title="bbox 157 2157 951 2195; baseline -0.001 -11"><span class='ocrx_word' id='word_1_314' title='bbox 157 2158 213 2194; x_wconf 82' lang='grc' dir='ltr'><strong>γὰρ</strong></span> <span class='ocrx_word' id='word_1_315' title='bbox 231 2157 266 2184; x_wconf 84' lang='grc' dir='ltr'><strong>τὰ</strong></span> <span class='ocrx_word' id='word_1_316' title='bbox 282 2157 379 2193; x_wconf 87' lang='grc' dir='ltr'>στερεὰ</span> <span class='ocrx_word' id='word_1_317' title='bbox 395 2157 503 2192; x_wconf 78' lang='grc' dir='ltr'>ἱμάτια,</span> <span class='ocrx_word' id='word_1_318' title='bbox 520 2157 681 2192; x_wconf 75' lang='grc' dir='ltr'>πατούμενα</span> <span class='ocrx_word' id='word_1_319' title='bbox 697 2158 744 2184; x_wconf 76' lang='grc' dir='ltr'>καὶ</span> <span class='ocrx_word' id='word_1_320' title='bbox 760 2157 855 2195; x_wconf 72' lang='grc' dir='ltr'>βιαίως</span> <span class='ocrx_word' id='word_1_321' title='bbox 871 2166 951 2193; x_wconf 85' lang='grc' dir='ltr'>στρε-</span> 
     </span>
    </p>
   </div>
   <div class='ocr_carea' id='block_1_47' title="bbox 159 2203 952 2240">
    <p class='ocr_par' dir='ltr' id='par_1_47' title="bbox 159 2203 952 2240">
     <span class='ocr_line' id='line_1_47' title="bbox 159 2203 952 2240; baseline 0 -10"><span class='ocrx_word' id='word_1_322' title='bbox 159 2205 276 2240; x_wconf 65' lang='grc' dir='ltr'>φόμενα,</span> <span class='ocrx_word' id='word_1_323' title='bbox 292 2204 421 2230; x_wconf 83' lang='grc' dir='ltr'>πλύνεται</span> <span class='ocrx_word' id='word_1_324' title='bbox 432 2213 438 2219; x_wconf 90' lang='grc'>·</span> <span class='ocrx_word' id='word_1_325' title='bbox 454 2203 541 2235; x_wconf 75' lang='grc' dir='ltr'>οὓτως</span> <span class='ocrx_word' id='word_1_326' title='bbox 556 2205 602 2230; x_wconf 79' lang='grc' dir='ltr'>καὶ</span> <span class='ocrx_word' id='word_1_327' title='bbox 619 2204 691 2240; x_wconf 82' lang='grc' dir='ltr'>ψυχὴ</span> <span class='ocrx_word' id='word_1_328' title='bbox 707 2203 815 2239; x_wconf 77' lang='grc' dir='ltr'>ισχυρὰ,</span> <span class='ocrx_word' id='word_1_329' title='bbox 838 2203 882 2230; x_wconf 83' lang='grc' dir='ltr'><strong>διὰ</strong></span> <span class='ocrx_word' id='word_1_330' title='bbox 902 2204 952 2239; x_wconf 82' lang='grc' dir='ltr'>τῆς</span> 
     </span>
    </p>
   </div>
   <div class='ocr_carea' id='block_1_48' title="bbox 157 2250 759 2286">
    <p class='ocr_par' dir='ltr' id='par_1_48' title="bbox 157 2250 759 2286">
     <span class='ocr_line' id='line_1_48' title="bbox 157 2250 759 2286; baseline 0.002 -10"><span class='ocrx_word' id='word_1_331' title='bbox 157 2250 284 2277; x_wconf 74' lang='grc' dir='ltr'>ἑκουσίου</span> <span class='ocrx_word' id='word_1_332' title='bbox 300 2250 405 2282; x_wconf 79' lang='grc' dir='ltr'>πενίας,</span> <span class='ocrx_word' id='word_1_333' title='bbox 420 2250 466 2276; x_wconf 74' lang='grc' dir='ltr'><strong>ἐπὶ</strong></span> <span class='ocrx_word' id='word_1_334' title='bbox 476 2251 569 2276; x_wconf 78' lang='grc' dir='ltr'>πλεῖον</span> <span class='ocrx_word' id='word_1_335' title='bbox 584 2250 759 2286; x_wconf 80' lang='grc' dir='ltr'>κρατύνεται.</span> 
     </span>
    </p>
   </div>
   <div class='ocr_carea' id='block_1_49' title="bbox 196 2294 951 2331">
    <p class='ocr_par' dir='ltr' id='par_1_49' title="bbox 196 2294 951 2331">
     <span class='ocr_line' id='line_1_49' title="bbox 196 2294 951 2331; baseline -0.001 -9"><span class='ocrx_word' id='word_1_336' title='bbox 196 2299 234 2328; x_wconf 83' lang='grc' dir='ltr'>ς’.</span> <span class='ocrx_word' id='word_1_337' title='bbox 260 2294 327 2322; x_wconf 78' lang='grc' dir='ltr'>Εἷπε</span> <span class='ocrx_word' id='word_1_338' title='bbox 353 2296 450 2322; x_wconf 82' lang='grc' dir='ltr'>πάλιν·</span> <span class='ocrx_word' id='word_1_339' title='bbox 473 2296 536 2322; x_wconf 78' lang='grc' dir='ltr'>Ἐὰν</span> <span class='ocrx_word' id='word_1_340' title='bbox 561 2296 589 2321; x_wconf 81' lang='grc' dir='ltr'>ὲν</span> <span class='ocrx_word' id='word_1_341' title='bbox 607 2295 734 2330; x_wconf 79' lang='grc' dir='ltr'>κοινοϐίῳ</span> <span class='ocrx_word' id='word_1_342' title='bbox 749 2295 895 2331; x_wconf 81' lang='grc' dir='ltr'>τυγχάνῃς,</span> <span class='ocrx_word' id='word_1_343' title='bbox 914 2294 951 2331; x_wconf 84' lang='grc' dir='ltr'>μὴ</span> 
     </span>
    </p>
   </div>
   <div class='ocr_carea' id='block_1_50' title="bbox 159 2340 950 2377">
    <p class='ocr_par' dir='ltr' id='par_1_50' title="bbox 159 2340 950 2377">
     <span class='ocr_line' id='line_1_50' title="bbox 159 2340 950 2377; baseline 0 -10"><span class='ocrx_word' id='word_1_344' title='bbox 159 2341 331 2377; x_wconf 74' lang='grc' dir='ltr'>μεταλλάξῃς</span> <span class='ocrx_word' id='word_1_345' title='bbox 365 2341 410 2367; x_wconf 76' lang='grc' dir='ltr'>τὸν</span> <span class='ocrx_word' id='word_1_346' title='bbox 440 2341 522 2368; x_wconf 84' lang='grc' dir='ltr'>τόπον</span> <span class='ocrx_word' id='word_1_347' title='bbox 539 2349 546 2355; x_wconf 93' lang='grc'><strong>·</strong></span> <span class='ocrx_word' id='word_1_348' title='bbox 576 2340 699 2377; x_wconf 79' lang='grc' dir='ltr'>βλαϐήσῃ</span> <span class='ocrx_word' id='word_1_349' title='bbox 727 2341 782 2376; x_wconf 78' lang='grc' dir='ltr'>γὰρ</span> <span class='ocrx_word' id='word_1_350' title='bbox 815 2340 950 2376; x_wconf 82' lang='grc' dir='ltr'>μεγάλως.</span> 
     </span>
    </p>
   </div>
   <div class='ocr_carea' id='block_1_51' title="bbox 195 2432 563 2467">
    <p class='ocr_par' dir='ltr' id='par_1_51' title="bbox 195 2432 563 2467">
     <span class='ocr_line' id='line_1_51' title="bbox 195 2432 563 2467; baseline 0.003 -9"><span class='ocrx_word' id='word_1_351' title='bbox 195 2432 220 2448; x_wconf 69' lang='grc'><strong><em>⁵⁵</em></strong></span> <span class='ocrx_word' id='word_1_352' title='bbox 237 2432 279 2459; x_wconf 91' lang='lat' dir='ltr'><strong>Al.</strong></span> <span class='ocrx_word' id='word_1_353' title='bbox 300 2432 422 2459; x_wconf 84' lang='grc' dir='ltr'>ἀνελθεῖν</span> <span class='ocrx_word' id='word_1_354' title='bbox 443 2441 477 2467; x_wconf 92' lang='grc' dir='ltr'><strong>με</strong></span> <span class='ocrx_word' id='word_1_355' title='bbox 494 2433 563 2459; x_wconf 76' lang='grc' dir='ltr'>ἐκεῖ.</span> 
     </span>
    </p>
   </div>
   <div class='ocr_carea' id='block_1_52' title="bbox 608 2431 887 2467">
    <p class='ocr_par' dir='ltr' id='par_1_52' title="bbox 608 2431 887 2467">
     <span class='ocr_line' id='line_1_52' title="bbox 608 2431 887 2467; baseline 0.004 -10"><span class='ocrx_word' id='word_1_356' title='bbox 608 2432 631 2448; x_wconf 77' lang='grc'><strong>⁵⁵</strong></span> <span class='ocrx_word' id='word_1_357' title='bbox 650 2432 692 2459; x_wconf 87' lang='lat' dir='ltr'><strong>AI.</strong></span> <span class='ocrx_word' id='word_1_358' title='bbox 714 2431 794 2467; x_wconf 81' lang='grc' dir='ltr'>θεαρε</span> <span class='ocrx_word' id='word_1_359' title='bbox 800 2432 887 2458; x_wconf 75' lang='grc' dir='ltr'>σκίαν.</span> 
     </span>
    </p>
   </div>
   <div class='ocr_carea' id='block_1_53' title="bbox 159 2467 574 2510">
    <p class='ocr_par' dir='ltr' id='par_1_53' title="bbox 159 2467 574 2510">
     <span class='ocr_line' id='line_1_53' title="bbox 159 2467 574 2510; baseline 0 -16"><span class='ocrx_word' id='word_1_360' title='bbox 159 2467 295 2510; x_wconf 71' lang='grc' dir='ltr'>ῥυπαρόν.</span> <span class='ocrx_word' id='word_1_361' title='bbox 334 2468 356 2484; x_wconf 69' lang='grc'><strong>⁵³</strong></span> <span class='ocrx_word' id='word_1_362' title='bbox 370 2469 416 2509; x_wconf 64' lang='grc' dir='ltr'><strong>ΑΙζ</strong></span> <span class='ocrx_word' id='word_1_363' title='bbox 437 2468 574 2510; x_wconf 56' lang='grc' dir='ltr'>ὲκδιιξηεει.</span> 
     </span>
    </p>
   </div>
   <div class='ocr_carea' id='block_1_54' title="bbox 620 2467 700 2494">
    <p class='ocr_par' dir='ltr' id='par_1_54' title="bbox 620 2467 700 2494">
     <span class='ocr_line' id='line_1_54' title="bbox 620 2467 700 2494; baseline 0.013 -1"><span class='ocrx_word' id='word_1_364' title='bbox 620 2468 641 2483; x_wconf 86' lang='grc'><strong>⁶¹</strong></span> <span class='ocrx_word' id='word_1_365' title='bbox 658 2467 700 2494; x_wconf 79' lang='lat' dir='ltr'><strong>Al.</strong></span> 
     </span>
    </p>
   </div>
   <div class='ocr_carea' id='block_1_55' title="bbox 936 2431 1193 2458">
    <p class='ocr_par' dir='ltr' id='par_1_55' title="bbox 936 2431 1193 2458">
     <span class='ocr_line' id='line_1_55' title="bbox 936 2431 1193 2458; baseline -0.004 0"><span class='ocrx_word' id='word_1_366' title='bbox 936 2433 959 2448; x_wconf 79' lang='grc'><strong>⁸⁸</strong></span> <span class='ocrx_word' id='word_1_367' title='bbox 982 2432 1024 2458; x_wconf 88' lang='lat' dir='ltr'><strong>Al.</strong></span> <span class='ocrx_word' id='word_1_368' title='bbox 1045 2431 1193 2457; x_wconf 80' lang='grc' dir='ltr'>κανίσκιον.</span> 
     </span>
    </p>
   </div>
   <div class='ocr_carea' id='block_1_56' title="bbox 717 2467 1018 2502">
    <p class='ocr_par' dir='ltr' id='par_1_56' title="bbox 717 2467 1018 2502">
     <span class='ocr_line' id='line_1_56' title="bbox 717 2467 1018 2502; baseline 0 -9"><span class='ocrx_word' id='word_1_369' title='bbox 717 2469 734 2502; x_wconf 88' lang='grc' dir='ltr'><strong>ή</strong></span> <span class='ocrx_word' id='word_1_370' title='bbox 753 2467 805 2493; x_wconf 82' lang='grc' dir='ltr'><strong>τῶν</strong></span> <span class='ocrx_word' id='word_1_371' title='bbox 823 2467 894 2493; x_wconf 76' lang='grc' dir='ltr'>κατὰ</span> <span class='ocrx_word' id='word_1_372' title='bbox 905 2467 1018 2502; x_wconf 80' lang='grc' dir='ltr'>κόσμον.</span> 
     </span>
    </p>
   </div>
   <div class='ocr_carea' id='block_1_57' title="bbox 987 246 1777 281">
    <p class='ocr_par' dir='ltr' id='par_1_57' title="bbox 987 246 1777 281">
     <span class='ocr_line' id='line_1_57' title="bbox 987 246 1777 281; baseline -0.001 -6"><span class='ocrx_word' id='word_1_373' title='bbox 987 249 1052 281; x_wconf 86' lang='lat' dir='ltr'><strong>lam,</strong></span> <span class='ocrx_word' id='word_1_374' title='bbox 1078 255 1246 280; x_wconf 81' lang='lat' dir='ltr'><strong>ascensura;</strong></span> <span class='ocrx_word' id='word_1_375' title='bbox 1264 252 1290 274; x_wconf 87' lang='lat' dir='ltr'><strong>et</strong></span> <span class='ocrx_word' id='word_1_376' title='bbox 1311 251 1427 273; x_wconf 84' lang='lat' dir='ltr'><strong>mortem</strong></span> <span class='ocrx_word' id='word_1_377' title='bbox 1448 247 1483 273; x_wconf 94' lang='lat' dir='ltr'><strong>ob</strong></span> <span class='ocrx_word' id='word_1_378' title='bbox 1503 246 1600 274; x_wconf 81' lang='lat' dir='ltr'><strong>oculos</strong></span> <span class='ocrx_word' id='word_1_379' title='bbox 1622 253 1706 281; x_wconf 90' lang='lat' dir='ltr'><strong>pono,</strong></span> <span class='ocrx_word' id='word_1_380' title='bbox 1725 254 1777 274; x_wconf 86' lang='lat' dir='ltr'><strong>an-</strong></span> 
     </span>
    </p>
   </div>
   <div class='ocr_carea' id='block_1_58' title="bbox 987 292 1461 329">
    <p class='ocr_par' dir='ltr' id='par_1_58' title="bbox 987 292 1461 329">
     <span class='ocr_line' id='line_1_58' title="bbox 987 292 1461 329; baseline -0.006 -8"><span class='ocrx_word' id='word_1_381' title='bbox 987 298 1096 329; x_wconf 85' lang='lat' dir='ltr'><strong>tequam</strong></span> <span class='ocrx_word' id='word_1_382' title='bbox 1112 293 1338 321; x_wconf 82' lang='lat' dir='ltr'><strong>conscensionem</strong></span> <span class='ocrx_word' id='word_1_383' title='bbox 1352 292 1461 319; x_wconf 74' lang='lat' dir='ltr'><strong>faciam.</strong></span> 
     </span>
    </p>
   </div>
   <div class='ocr_carea' id='block_1_59' title="bbox 1024 338 1781 374">
    <p class='ocr_par' dir='ltr' id='par_1_59' title="bbox 1024 338 1781 374">
     <span class='ocr_line' id='line_1_59' title="bbox 1024 338 1781 374; baseline -0.005 -7"><span class='ocrx_word' id='word_1_384' title='bbox 1024 341 1050 367; x_wconf 88' lang='lat'><strong>7.</strong></span> <span class='ocrx_word' id='word_1_385' title='bbox 1073 340 1131 367; x_wconf 85' lang='lat' dir='ltr'><strong>Hoc</strong></span> <span class='ocrx_word' id='word_1_386' title='bbox 1144 339 1226 367; x_wconf 88' lang='lat' dir='ltr'><strong>etiam</strong></span> <span class='ocrx_word' id='word_1_387' title='bbox 1237 339 1350 374; x_wconf 84' lang='lat' dir='ltr'><strong>protulit</strong></span> <span class='ocrx_word' id='word_1_388' title='bbox 1362 348 1368 365; x_wconf 86' lang='lat'><strong>:</strong></span> <span class='ocrx_word' id='word_1_389' title='bbox 1384 338 1488 365; x_wconf 86' lang='lat' dir='ltr'><strong>Bonum</strong></span> <span class='ocrx_word' id='word_1_390' title='bbox 1505 341 1557 369; x_wconf 82' lang='lat' dir='ltr'><strong>est,</strong></span> <span class='ocrx_word' id='word_1_391' title='bbox 1571 338 1653 365; x_wconf 88' lang='lat' dir='ltr'><strong>etiam</strong></span> <span class='ocrx_word' id='word_1_392' title='bbox 1667 341 1781 372; x_wconf 81' lang='lat' dir='ltr'><strong>propter</strong></span> 
     </span>
    </p>
   </div>
   <div class='ocr_carea' id='block_1_60' title="bbox 989 383 1781 420">
    <p class='ocr_par' dir='ltr' id='par_1_60' title="bbox 989 383 1781 420">
     <span class='ocr_line' id='line_1_60' title="bbox 989 383 1781 420; baseline -0.005 -6"><span class='ocrx_word' id='word_1_393' title='bbox 989 387 1116 414; x_wconf 84' lang='lat' dir='ltr'><strong>homines</strong></span> <span class='ocrx_word' id='word_1_394' title='bbox 1141 386 1233 413; x_wconf 83' lang='lat' dir='ltr'><strong>facere</strong></span> <span class='ocrx_word' id='word_1_395' title='bbox 1250 386 1464 420; x_wconf 79' lang='lat' dir='ltr'><strong>eleemosynam.</strong></span> <span class='ocrx_word' id='word_1_396' title='bbox 1492 383 1569 411; x_wconf 85' lang='lat' dir='ltr'><strong>Licet</strong></span> <span class='ocrx_word' id='word_1_397' title='bbox 1587 384 1660 411; x_wconf 88' lang='lat' dir='ltr'><strong>enim</strong></span> <span class='ocrx_word' id='word_1_398' title='bbox 1687 383 1781 411; x_wconf 90' lang='lat' dir='ltr'><strong>studio</strong></span> 
     </span>
    </p>
   </div>
   <div class='ocr_carea' id='block_1_61' title="bbox 989 429 1782 466">
    <p class='ocr_par' dir='ltr' id='par_1_61' title="bbox 989 429 1782 466">
     <span class='ocr_line' id='line_1_61' title="bbox 989 429 1782 466; baseline -0.001 -10"><span class='ocrx_word' id='word_1_399' title='bbox 989 432 1113 466; x_wconf 77' lang='lat' dir='ltr'><strong>placendi</strong></span> <span class='ocrx_word' id='word_1_400' title='bbox 1130 431 1288 458; x_wconf 90' lang='lat' dir='ltr'><strong>hominibus</strong></span> <span class='ocrx_word' id='word_1_401' title='bbox 1311 431 1368 462; x_wconf 85' lang='lat' dir='ltr'><strong>ﬁat,</strong></span> <span class='ocrx_word' id='word_1_402' title='bbox 1386 435 1481 465; x_wconf 85' lang='lat' dir='ltr'><strong>postea</strong></span> <span class='ocrx_word' id='word_1_403' title='bbox 1497 434 1587 458; x_wconf 88' lang='lat' dir='ltr'><strong>tamen</strong></span> <span class='ocrx_word' id='word_1_404' title='bbox 1604 430 1729 465; x_wconf 78' lang='lat' dir='ltr'><strong>procedit</strong></span> <span class='ocrx_word' id='word_1_405' title='bbox 1749 429 1782 455; x_wconf 85' lang='lat' dir='ltr'><strong>ad</strong></span> 
     </span>
    </p>
   </div>
   <div class='ocr_carea' id='block_1_62' title="bbox 987 475 1334 511">
    <p class='ocr_par' dir='ltr' id='par_1_62' title="bbox 987 475 1334 511">
     <span class='ocr_line' id='line_1_62' title="bbox 987 475 1334 511; baseline -0.003 -8"><span class='ocrx_word' id='word_1_406' title='bbox 987 477 1109 504; x_wconf 83' lang='lat' dir='ltr'><strong>studium</strong></span> <span class='ocrx_word' id='word_1_407' title='bbox 1128 476 1251 511; x_wconf 77' lang='lat' dir='ltr'><strong>placendi</strong></span> <span class='ocrx_word' id='word_1_408' title='bbox 1268 475 1334 503; x_wconf 91' lang='lat' dir='ltr'><strong>Deo.</strong></span> 
     </span>
    </p>
   </div>
   <div class='ocr_carea' id='block_1_63' title="bbox 1024 520 1782 557">
    <p class='ocr_par' dir='ltr' id='par_1_63' title="bbox 1024 520 1782 557">
     <span class='ocr_line' id='line_1_63' title="bbox 1024 520 1782 557; baseline -0.004 -7"><span class='ocrx_word' id='word_1_409' title='bbox 1024 523 1050 550; x_wconf 88' lang='lat'>8.</span> <span class='ocrx_word' id='word_1_410' title='bbox 1072 523 1229 557; x_wconf 82' lang='lat' dir='ltr'><strong>Aliquando</strong></span> <span class='ocrx_word' id='word_1_411' title='bbox 1248 523 1376 549; x_wconf 70' lang='lat' dir='ltr'><strong>Scctiotze</strong></span> <span class='ocrx_word' id='word_1_412' title='bbox 1392 526 1583 549; x_wconf 84' lang='lat' dir='ltr'><strong>convenerunt</strong></span> <span class='ocrx_word' id='word_1_413' title='bbox 1598 526 1712 548; x_wconf 82' lang='lat' dir='ltr'><strong>matrem</strong></span> <span class='ocrx_word' id='word_1_414' title='bbox 1731 520 1782 548; x_wconf 89' lang='lat' dir='ltr'><strong>Sa-</strong></span> 
     </span>
    </p>
   </div>
   <div class='ocr_carea' id='block_1_64' title="bbox 991 567 1781 604">
    <p class='ocr_par' dir='ltr' id='par_1_64' title="bbox 991 567 1781 604">
     <span class='ocr_line' id='line_1_64' title="bbox 991 567 1781 604; baseline -0.003 -8"><span class='ocrx_word' id='word_1_415' title='bbox 991 577 1060 596; x_wconf 85' lang='lat' dir='ltr'><strong>ram.</strong></span> <span class='ocrx_word' id='word_1_416' title='bbox 1076 570 1143 602; x_wconf 73' lang='lat' dir='ltr'><strong>Quae</strong></span> <span class='ocrx_word' id='word_1_417' title='bbox 1165 570 1294 604; x_wconf 89' lang='lat' dir='ltr'><strong>apposuit</strong></span> <span class='ocrx_word' id='word_1_418' title='bbox 1317 570 1360 596; x_wconf 77' lang='lat' dir='ltr'><strong>eis</strong></span> <span class='ocrx_word' id='word_1_419' title='bbox 1382 569 1548 595; x_wconf 84' lang='lat' dir='ltr'><strong>canistrum.</strong></span> <span class='ocrx_word' id='word_1_420' title='bbox 1573 567 1613 594; x_wconf 85' lang='lat' dir='ltr'><strong>illi</strong></span> <span class='ocrx_word' id='word_1_421' title='bbox 1631 576 1696 595; x_wconf 82' lang='lat' dir='ltr'><strong>vero</strong></span> <span class='ocrx_word' id='word_1_422' title='bbox 1709 568 1781 594; x_wconf 82' lang='lat' dir='ltr'><strong>bona</strong></span> 
     </span>
    </p>
   </div>
   <div class='ocr_carea' id='block_1_65' title="bbox 988 614 1782 650">
    <p class='ocr_par' dir='ltr' id='par_1_65' title="bbox 988 614 1782 650">
     <span class='ocr_line' id='line_1_65' title="bbox 988 614 1782 650; baseline -0.003 -8"><span class='ocrx_word' id='word_1_423' title='bbox 988 623 1068 650; x_wconf 74' lang='lat' dir='ltr'><strong>poma</strong></span> <span class='ocrx_word' id='word_1_424' title='bbox 1087 616 1285 650; x_wconf 72' lang='lat' dir='ltr'><strong>relinquentes,</strong></span> <span class='ocrx_word' id='word_1_425' title='bbox 1312 615 1408 642; x_wconf 82' lang='lat' dir='ltr'><strong>viti0sa</strong></span> <span class='ocrx_word' id='word_1_426' title='bbox 1434 614 1625 642; x_wconf 84' lang='lat' dir='ltr'><strong>comedebant.</strong></span> <span class='ocrx_word' id='word_1_427' title='bbox 1651 614 1684 641; x_wconf 85' lang='lat' dir='ltr'><strong>Et</strong></span> <span class='ocrx_word' id='word_1_428' title='bbox 1713 614 1782 641; x_wconf 74' lang='lat' dir='ltr'><strong>dixit.</strong></span> 
     </span>
    </p>
   </div>
   <div class='ocr_carea' id='block_1_66' title="bbox 968 660 1416 690">
    <p class='ocr_par' dir='ltr' id='par_1_66' title="bbox 968 660 1416 690">
     <span class='ocr_line' id='line_1_66' title="bbox 968 660 1416 690; baseline -0.007 0"><span class='ocrx_word' id='word_1_429' title='bbox 968 663 970 665; x_wconf 72' lang='grc'><em>’</em></span> <span class='ocrx_word' id='word_1_430' title='bbox 990 662 1031 690; x_wconf 82' lang='lat' dir='ltr'><strong>eis</strong></span> <span class='ocrx_word' id='word_1_431' title='bbox 1050 670 1057 689; x_wconf 86' lang='lat'><strong><em>:</em></strong></span> <span class='ocrx_word' id='word_1_432' title='bbox 1073 661 1176 689; x_wconf 80' lang='lat' dir='ltr'><strong>Revera</strong></span> <span class='ocrx_word' id='word_1_433' title='bbox 1195 660 1323 688; x_wconf 66' lang='lat' dir='ltr'><strong>Sceliola:</strong></span> <span class='ocrx_word' id='word_1_434' title='bbox 1338 661 1416 688; x_wconf 91' lang='lat' dir='ltr'><strong>estis.</strong></span> 
     </span>
    </p>
   </div>
   <div class='ocr_carea' id='block_1_67' title="bbox 1228 717 1538 751">
    <p class='ocr_par' dir='ltr' id='par_1_67' title="bbox 1228 717 1538 751">
     <span class='ocr_line' id='line_1_67' title="bbox 1228 717 1538 751; baseline 0 -7"><span class='ocrx_word' id='word_1_435' title='bbox 1228 718 1265 744; x_wconf 80' lang='lat' dir='ltr'><strong>De</strong></span> <span class='ocrx_word' id='word_1_436' title='bbox 1279 722 1363 744; x_wconf 84' lang='lat' dir='ltr'><strong>matre</strong></span> <span class='ocrx_word' id='word_1_437' title='bbox 1376 717 1538 751; x_wconf 81' lang='lat' dir='ltr'><strong>Syncletica.</strong></span> 
     </span>
    </p>
   </div>
   <div class='ocr_carea' id='block_1_68' title="bbox 1028 772 1782 810">
    <p class='ocr_par' dir='ltr' id='par_1_68' title="bbox 1028 772 1782 810">
     <span class='ocr_line' id='line_1_68' title="bbox 1028 772 1782 810; baseline 0.001 -11"><span class='ocrx_word' id='word_1_438' title='bbox 1028 774 1053 799; x_wconf 78' lang='grc'>1.</span> <span class='ocrx_word' id='word_1_439' title='bbox 1074 773 1130 810; x_wconf 62' lang='lat' dir='ltr'><strong>(Si)</strong></span> <span class='ocrx_word' id='word_1_440' title='bbox 1147 772 1221 800; x_wconf 85' lang='lat' dir='ltr'><strong>Dixit</strong></span> <span class='ocrx_word' id='word_1_441' title='bbox 1231 779 1319 800; x_wconf 87' lang='lat' dir='ltr'><strong>mater</strong></span> <span class='ocrx_word' id='word_1_442' title='bbox 1334 772 1489 808; x_wconf 77' lang='lat' dir='ltr'><strong>Syncletica</strong></span> <span class='ocrx_word' id='word_1_443' title='bbox 1505 773 1598 808; x_wconf 79' lang='lat' dir='ltr'><strong>:Agon</strong></span> <span class='ocrx_word' id='word_1_444' title='bbox 1610 778 1652 800; x_wconf 91' lang='lat' dir='ltr'><strong>cst</strong></span> <span class='ocrx_word' id='word_1_445' title='bbox 1663 777 1690 800; x_wconf 93' lang='lat' dir='ltr'><strong>et</strong></span> <span class='ocrx_word' id='word_1_446' title='bbox 1703 773 1782 800; x_wconf 88' lang='lat' dir='ltr'><strong>labor</strong></span> 
     </span>
    </p>
   </div>
   <div class='ocr_carea' id='block_1_69' title="bbox 992 818 1783 855">
    <p class='ocr_par' dir='ltr' id='par_1_69' title="bbox 992 818 1783 855">
     <span class='ocr_line' id='line_1_69' title="bbox 992 818 1783 855; baseline 0.003 -11"><span class='ocrx_word' id='word_1_447' title='bbox 992 826 1108 854; x_wconf 79' lang='lat' dir='ltr'><strong>magnus</strong></span> <span class='ocrx_word' id='word_1_448' title='bbox 1133 819 1166 846; x_wconf 81' lang='lat' dir='ltr'><strong>iis</strong></span> <span class='ocrx_word' id='word_1_449' title='bbox 1183 819 1229 855; x_wconf 83' lang='lat' dir='ltr'><strong>qui</strong></span> <span class='ocrx_word' id='word_1_450' title='bbox 1247 819 1382 846; x_wconf 90' lang='lat' dir='ltr'><strong>accedunt</strong></span> <span class='ocrx_word' id='word_1_451' title='bbox 1411 819 1443 845; x_wconf 87' lang='lat' dir='ltr'><strong>ad</strong></span> <span class='ocrx_word' id='word_1_452' title='bbox 1465 818 1561 849; x_wconf 80' lang='lat' dir='ltr'><strong>Deum,</strong></span> <span class='ocrx_word' id='word_1_453' title='bbox 1581 819 1607 845; x_wconf 93' lang='lat' dir='ltr'><strong>in</strong></span> <span class='ocrx_word' id='word_1_454' title='bbox 1629 819 1783 854; x_wconf 86' lang='lat' dir='ltr'><strong>principio;</strong></span> 
     </span>
    </p>
   </div>
   <div class='ocr_carea' id='block_1_70' title="bbox 994 864 1783 900">
    <p class='ocr_par' dir='ltr' id='par_1_70' title="bbox 994 864 1783 900">
     <span class='ocr_line' id='line_1_70' title="bbox 994 864 1783 900; baseline -0.001 -8"><span class='ocrx_word' id='word_1_455' title='bbox 994 866 1041 892; x_wconf 88' lang='lat' dir='ltr'><strong>sed</strong></span> <span class='ocrx_word' id='word_1_456' title='bbox 1062 865 1185 892; x_wconf 84' lang='lat' dir='ltr'><strong>succedit</strong></span> <span class='ocrx_word' id='word_1_457' title='bbox 1210 865 1340 900; x_wconf 75' lang='lat' dir='ltr'><strong>gaudium</strong></span> <span class='ocrx_word' id='word_1_458' title='bbox 1370 865 1517 892; x_wconf 66' lang='lat' dir='ltr'><strong>inciliibile.</strong></span> <span class='ocrx_word' id='word_1_459' title='bbox 1548 864 1783 897; x_wconf 82' lang='lat' dir='ltr'><strong>Quemadmodum</strong></span> 
     </span>
    </p>
   </div>
   <div class='ocr_carea' id='block_1_71' title="bbox 994 910 1785 945">
    <p class='ocr_par' dir='ltr' id='par_1_71' title="bbox 994 910 1785 945">
     <span class='ocr_line' id='line_1_71' title="bbox 994 910 1785 945; baseline -0.003 -7"><span class='ocrx_word' id='word_1_460' title='bbox 994 911 1065 938; x_wconf 87' lang='lat' dir='ltr'><strong>enim</strong></span> <span class='ocrx_word' id='word_1_461' title='bbox 1079 911 1125 945; x_wconf 86' lang='lat' dir='ltr'><strong>qui</strong></span> <span class='ocrx_word' id='word_1_462' title='bbox 1142 912 1231 945; x_wconf 80' lang='lat' dir='ltr'><strong>ignem</strong></span> <span class='ocrx_word' id='word_1_463' title='bbox 1247 910 1401 937; x_wconf 81' lang='lat' dir='ltr'><strong>accendere</strong></span> <span class='ocrx_word' id='word_1_464' title='bbox 1416 911 1542 945; x_wconf 88' lang='lat' dir='ltr'><strong>cupiunt,</strong></span> <span class='ocrx_word' id='word_1_465' title='bbox 1559 913 1635 945; x_wconf 85' lang='lat' dir='ltr'><strong>prius</strong></span> <span class='ocrx_word' id='word_1_466' title='bbox 1647 911 1722 937; x_wconf 74' lang='lat' dir='ltr'><strong>l‘uino</strong></span> <span class='ocrx_word' id='word_1_467' title='bbox 1734 911 1785 937; x_wconf 87' lang='lat' dir='ltr'><strong>iiii-</strong></span> 
     </span>
    </p>
   </div>
   <div class='ocr_carea' id='block_1_72' title="bbox 995 954 1785 992">
    <p class='ocr_par' dir='ltr' id='par_1_72' title="bbox 995 954 1785 992">
     <span class='ocr_line' id='line_1_72' title="bbox 995 954 1785 992; baseline -0.001 -8"><span class='ocrx_word' id='word_1_468' title='bbox 995 954 1128 989; x_wconf 85' lang='lat' dir='ltr'><strong>buuntur,</strong></span> <span class='ocrx_word' id='word_1_469' title='bbox 1145 965 1177 983; x_wconf 89' lang='lat' dir='ltr'><strong>ac</strong></span> <span class='ocrx_word' id='word_1_470' title='bbox 1190 957 1326 992; x_wconf 88' lang='lat' dir='ltr'><strong>lacrymas</strong></span> <span class='ocrx_word' id='word_1_471' title='bbox 1339 958 1465 989; x_wconf 87' lang='lat' dir='ltr'><strong>mittunt,</strong></span> <span class='ocrx_word' id='word_1_472' title='bbox 1481 962 1574 991; x_wconf 88' lang='lat' dir='ltr'><strong>postea</strong></span> <span class='ocrx_word' id='word_1_473' title='bbox 1590 961 1680 984; x_wconf 88' lang='lat' dir='ltr'><strong>autem</strong></span> <span class='ocrx_word' id='word_1_474' title='bbox 1691 961 1785 992; x_wconf 88' lang='lat' dir='ltr'><strong>optato</strong></span> 
     </span>
    </p>
   </div>
   <div class='ocr_carea' id='block_1_73' title="bbox 995 1003 1786 1038">
    <p class='ocr_par' dir='ltr' id='par_1_73' title="bbox 995 1003 1786 1038">
     <span class='ocr_line' id='line_1_73' title="bbox 995 1003 1786 1038; baseline 0.001 -9"><span class='ocrx_word' id='word_1_475' title='bbox 995 1003 1136 1038; x_wconf 89' lang='lat' dir='ltr'><strong>potiuntur</strong></span> <span class='ocrx_word' id='word_1_476' title='bbox 1156 1003 1205 1037; x_wconf 88' lang='lat' dir='ltr'><strong>(ait</strong></span> <span class='ocrx_word' id='word_1_477' title='bbox 1223 1003 1295 1029; x_wconf 86' lang='lat' dir='ltr'><strong>enim</strong></span> <span class='ocrx_word' id='word_1_478' title='bbox 1316 1003 1457 1038; x_wconf 74' lang='lat' dir='ltr'><strong>Scriptura</strong></span> <span class='ocrx_word' id='word_1_479' title='bbox 1478 1012 1484 1029; x_wconf 90' lang='lat'>:</span> <span class='ocrx_word' id='word_1_480' title='bbox 1504 1003 1573 1030; x_wconf 78' lang='lat' dir='ltr'><strong>Deus</strong></span> <span class='ocrx_word' id='word_1_481' title='bbox 1603 1008 1691 1030; x_wconf 80' lang='lat' dir='ltr'><strong>noster</strong></span> <span class='ocrx_word' id='word_1_482' title='bbox 1718 1004 1786 1038; x_wconf 79' lang='lat' dir='ltr'><strong>ignis</strong></span> 
     </span>
    </p>
   </div>
   <div class='ocr_carea' id='block_1_74' title="bbox 995 1050 1786 1085">
    <p class='ocr_par' dir='ltr' id='par_1_74' title="bbox 995 1050 1786 1085">
     <span class='ocr_line' id='line_1_74' title="bbox 995 1050 1786 1085; baseline 0 -8"><span class='ocrx_word' id='word_1_483' title='bbox 995 1058 1150 1077; x_wconf 79' lang='lat' dir='ltr'><strong>consumens</strong></span> <span class='ocrx_word' id='word_1_484' title='bbox 1165 1050 1247 1084; x_wconf 79' lang='lat' dir='ltr'><strong>est“)</strong></span> <span class='ocrx_word' id='word_1_485' title='bbox 1261 1059 1268 1077; x_wconf 87' lang='lat'><strong>:</strong></span> <span class='ocrx_word' id='word_1_486' title='bbox 1285 1050 1322 1077; x_wconf 84' lang='lat' dir='ltr'><strong>ita</strong></span> <span class='ocrx_word' id='word_1_487' title='bbox 1331 1054 1437 1085; x_wconf 75' lang='lat' dir='ltr'><strong>oportet</strong></span> <span class='ocrx_word' id='word_1_488' title='bbox 1453 1055 1482 1077; x_wconf 89' lang='lat' dir='ltr'><strong>ut</strong></span> <span class='ocrx_word' id='word_1_489' title='bbox 1494 1058 1543 1078; x_wconf 89' lang='lat' dir='ltr'><strong>nos</strong></span> <span class='ocrx_word' id='word_1_490' title='bbox 1557 1050 1679 1077; x_wconf 88' lang='lat' dir='ltr'><strong>divinum</strong></span> <span class='ocrx_word' id='word_1_491' title='bbox 1697 1050 1786 1085; x_wconf 76' lang='lat' dir='ltr'><strong>ignem</strong></span> 
     </span>
    </p>
   </div>
   <div class='ocr_carea' id='block_1_75' title="bbox 995 1096 1749 1131">
    <p class='ocr_par' dir='ltr' id='par_1_75' title="bbox 995 1096 1749 1131">
     <span class='ocr_line' id='line_1_75' title="bbox 995 1096 1749 1131; baseline 0 -7"><span class='ocrx_word' id='word_1_492' title='bbox 995 1097 1023 1124; x_wconf 91' lang='lat' dir='ltr'><strong>in</strong></span> <span class='ocrx_word' id='word_1_493' title='bbox 1039 1097 1119 1123; x_wconf 89' lang='lat' dir='ltr'><strong>nobis</strong></span> <span class='ocrx_word' id='word_1_494' title='bbox 1132 1104 1194 1123; x_wconf 89' lang='lat' dir='ltr'><strong>cum</strong></span> <span class='ocrx_word' id='word_1_495' title='bbox 1213 1096 1344 1131; x_wconf 86' lang='lat' dir='ltr'><strong>lacrymis</strong></span> <span class='ocrx_word' id='word_1_496' title='bbox 1360 1101 1386 1124; x_wconf 84' lang='lat' dir='ltr'><strong>et</strong></span> <span class='ocrx_word' id='word_1_497' title='bbox 1400 1097 1542 1124; x_wconf 79' lang='lat' dir='ltr'><strong>laboribus</strong></span> <span class='ocrx_word' id='word_1_498' title='bbox 1556 1096 1749 1124; x_wconf 81' lang='lat' dir='ltr'><strong>accendamus.</strong></span> 
     </span>
    </p>
   </div>
   <div class='ocr_carea' id='block_1_76' title="bbox 1030 1142 1788 1179">
    <p class='ocr_par' dir='ltr' id='par_1_76' title="bbox 1030 1142 1788 1179">
     <span class='ocr_line' id='line_1_76' title="bbox 1030 1142 1788 1179; baseline 0.001 -10"><span class='ocrx_word' id='word_1_499' title='bbox 1030 1143 1056 1169; x_wconf 75' lang='lat'><strong>2.</strong></span> <span class='ocrx_word' id='word_1_500' title='bbox 1078 1143 1132 1179; x_wconf 78' lang='lat'><strong>(85)</strong></span> <span class='ocrx_word' id='word_1_501' title='bbox 1149 1143 1221 1170; x_wconf 80' lang='lat' dir='ltr'><strong>Dixit</strong></span> <span class='ocrx_word' id='word_1_502' title='bbox 1239 1143 1340 1170; x_wconf 82' lang='lat' dir='ltr'><strong>iterum</strong></span> <span class='ocrx_word' id='word_1_503' title='bbox 1361 1153 1368 1170; x_wconf 94' lang='lat'>:</span> <span class='ocrx_word' id='word_1_504' title='bbox 1388 1142 1502 1178; x_wconf 88' lang='lat' dir='ltr'><strong>Oportet</strong></span> <span class='ocrx_word' id='word_1_505' title='bbox 1520 1151 1570 1171; x_wconf 90' lang='lat' dir='ltr'><strong>nos</strong></span> <span class='ocrx_word' id='word_1_506' title='bbox 1583 1144 1629 1178; x_wconf 89' lang='lat' dir='ltr'><strong>qui</strong></span> <span class='ocrx_word' id='word_1_507' title='bbox 1645 1144 1714 1170; x_wconf 86' lang='lat' dir='ltr'><strong>hanc</strong></span> <span class='ocrx_word' id='word_1_508' title='bbox 1725 1152 1788 1179; x_wconf 89' lang='lat' dir='ltr'><strong>pro-</strong></span> 
     </span>
    </p>
   </div>
   <div class='ocr_carea' id='block_1_77' title="bbox 997 1189 1789 1225">
    <p class='ocr_par' dir='ltr' id='par_1_77' title="bbox 997 1189 1789 1225">
     <span class='ocr_line' id='line_1_77' title="bbox 997 1189 1789 1225; baseline 0.003 -10"><span class='ocrx_word' id='word_1_509' title='bbox 997 1189 1143 1216; x_wconf 82' lang='lat' dir='ltr'><strong>fessionem</strong></span> <span class='ocrx_word' id='word_1_510' title='bbox 1160 1189 1346 1224; x_wconf 83' lang='lat' dir='ltr'><strong>suscepimus,</strong></span> <span class='ocrx_word' id='word_1_511' title='bbox 1365 1197 1500 1216; x_wconf 87' lang='lat' dir='ltr'><strong>summam</strong></span> <span class='ocrx_word' id='word_1_512' title='bbox 1515 1191 1726 1225; x_wconf 77' lang='lat' dir='ltr'><strong>temperantiam</strong></span> <span class='ocrx_word' id='word_1_513' title='bbox 1740 1191 1789 1218; x_wconf 91' lang='lat' dir='ltr'><strong>ob-</strong></span> 
     </span>
    </p>
   </div>
   <div class='ocr_carea' id='block_1_78' title="bbox 997 1235 1787 1272">
    <p class='ocr_par' dir='ltr' id='par_1_78' title="bbox 997 1235 1787 1272">
     <span class='ocr_line' id='line_1_78' title="bbox 997 1235 1787 1272; baseline 0.003 -11"><span class='ocrx_word' id='word_1_514' title='bbox 997 1236 1093 1262; x_wconf 86' lang='lat' dir='ltr'><strong>tinere.</strong></span> <span class='ocrx_word' id='word_1_515' title='bbox 1107 1235 1213 1262; x_wconf 82' lang='lat' dir='ltr'><strong>Etenim</strong></span> <span class='ocrx_word' id='word_1_516' title='bbox 1231 1235 1303 1270; x_wconf 89' lang='lat' dir='ltr'><strong>apud</strong></span> <span class='ocrx_word' id='word_1_517' title='bbox 1320 1237 1466 1264; x_wconf 74' lang='lat' dir='ltr'><strong>saeculares</strong></span> <span class='ocrx_word' id='word_1_518' title='bbox 1482 1237 1590 1264; x_wconf 90' lang='lat' dir='ltr'><strong>videtur</strong></span> <span class='ocrx_word' id='word_1_519' title='bbox 1607 1237 1787 1272; x_wconf 86' lang='lat' dir='ltr'><strong>temperantia</strong></span> 
     </span>
    </p>
   </div>
   <div class='ocr_carea' id='block_1_79' title="bbox 997 1282 1790 1318">
    <p class='ocr_par' dir='ltr' id='par_1_79' title="bbox 997 1282 1790 1318">
     <span class='ocr_line' id='line_1_79' title="bbox 997 1282 1790 1318; baseline 0.004 -11"><span class='ocrx_word' id='word_1_520' title='bbox 997 1282 1117 1311; x_wconf 82' lang='lat' dir='ltr'><strong>versari.</strong></span> <span class='ocrx_word' id='word_1_521' title='bbox 1143 1282 1190 1309; x_wconf 85' lang='lat' dir='ltr'><strong>sed</strong></span> <span class='ocrx_word' id='word_1_522' title='bbox 1216 1282 1240 1308; x_wconf 87' lang='lat' dir='ltr'><strong>ei</strong></span> <span class='ocrx_word' id='word_1_523' title='bbox 1262 1282 1382 1309; x_wconf 61' lang='lat' dir='ltr'><strong>cohaeret</strong></span> <span class='ocrx_word' id='word_1_524' title='bbox 1407 1283 1491 1310; x_wconf 85' lang='lat' dir='ltr'><strong>animi</strong></span> <span class='ocrx_word' id='word_1_525' title='bbox 1512 1283 1709 1318; x_wconf 83' lang='lat' dir='ltr'><strong>intemperies,</strong></span> <span class='ocrx_word' id='word_1_526' title='bbox 1726 1291 1790 1318; x_wconf 88' lang='lat' dir='ltr'><strong>pro-</strong></span> 
     </span>
    </p>
   </div>
   <div class='ocr_carea' id='block_1_80' title="bbox 998 1328 1789 1364">
    <p class='ocr_par' dir='ltr' id='par_1_80' title="bbox 998 1328 1789 1364">
     <span class='ocr_line' id='line_1_80' title="bbox 998 1328 1789 1364; baseline 0.004 -11"><span class='ocrx_word' id='word_1_527' title='bbox 998 1332 1090 1362; x_wconf 85' lang='lat' dir='ltr'><strong>pterea</strong></span> <span class='ocrx_word' id='word_1_528' title='bbox 1111 1328 1183 1362; x_wconf 92' lang='lat' dir='ltr'><strong>quod</strong></span> <span class='ocrx_word' id='word_1_529' title='bbox 1204 1328 1266 1355; x_wconf 83' lang='lat' dir='ltr'><strong>aliis</strong></span> <span class='ocrx_word' id='word_1_530' title='bbox 1285 1329 1414 1356; x_wconf 88' lang='lat' dir='ltr'><strong>omnibus</strong></span> <span class='ocrx_word' id='word_1_531' title='bbox 1428 1329 1558 1356; x_wconf 84' lang='lat' dir='ltr'><strong>sensibus</strong></span> <span class='ocrx_word' id='word_1_532' title='bbox 1578 1334 1701 1364; x_wconf 87' lang='lat' dir='ltr'><strong>peccent.</strong></span> <span class='ocrx_word' id='word_1_533' title='bbox 1723 1329 1789 1356; x_wconf 84' lang='lat' dir='ltr'><strong>Nam</strong></span> 
     </span>
    </p>
   </div>
   <div class='ocr_carea' id='block_1_81' title="bbox 997 1373 1610 1405">
    <p class='ocr_par' dir='ltr' id='par_1_81' title="bbox 997 1373 1610 1405">
     <span class='ocr_line' id='line_1_81' title="bbox 997 1373 1610 1405; baseline 0.003 -5"><span class='ocrx_word' id='word_1_534' title='bbox 997 1373 1090 1401; x_wconf 91' lang='lat' dir='ltr'><strong>vident</strong></span> <span class='ocrx_word' id='word_1_535' title='bbox 1106 1374 1274 1405; x_wconf 84' lang='lat' dir='ltr'><strong>indecenter,</strong></span> <span class='ocrx_word' id='word_1_536' title='bbox 1291 1382 1322 1402; x_wconf 85' lang='lat' dir='ltr'><strong>ac</strong></span> <span class='ocrx_word' id='word_1_537' title='bbox 1340 1376 1428 1402; x_wconf 89' lang='lat' dir='ltr'><strong>rident</strong></span> <span class='ocrx_word' id='word_1_538' title='bbox 1442 1376 1610 1403; x_wconf 83' lang='lat' dir='ltr'><strong>inordinate.</strong></span> 
     </span>
    </p>
   </div>
   <div class='ocr_carea' id='block_1_82' title="bbox 1031 1465 1791 1500">
    <p class='ocr_par' dir='ltr' id='par_1_82' title="bbox 1031 1465 1791 1500">
     <span class='ocr_line' id='line_1_82' title="bbox 1031 1465 1791 1500; baseline 0.003 -8"><span class='ocrx_word' id='word_1_539' title='bbox 1031 1465 1058 1492; x_wconf 79' lang='grc'>5.</span> <span class='ocrx_word' id='word_1_540' title='bbox 1086 1465 1142 1500; x_wconf 83' lang='grc'>(86)</span> <span class='ocrx_word' id='word_1_541' title='bbox 1163 1465 1196 1492; x_wconf 85' lang='grc' dir='ltr'><strong>Ει</strong></span> <span class='ocrx_word' id='word_1_542' title='bbox 1223 1469 1352 1500; x_wconf 67' lang='lat' dir='ltr'><strong>praeterea</strong></span> <span class='ocrx_word' id='word_1_543' title='bbox 1373 1474 1380 1492; x_wconf 88' lang='lat'><strong>:</strong></span> <span class='ocrx_word' id='word_1_544' title='bbox 1404 1465 1481 1492; x_wconf 86' lang='lat' dir='ltr'><strong>Sicut</strong></span> <span class='ocrx_word' id='word_1_545' title='bbox 1505 1471 1655 1494; x_wconf 79' lang='lat' dir='ltr'><strong>venenatas</strong></span> <span class='ocrx_word' id='word_1_546' title='bbox 1688 1467 1791 1494; x_wconf 86' lang='lat' dir='ltr'><strong>bestias</strong></span> 
     </span>
    </p>
   </div>
   <div class='ocr_carea' id='block_1_83' title="bbox 999 1511 1791 1547">
    <p class='ocr_par' dir='ltr' id='par_1_83' title="bbox 999 1511 1791 1547">
     <span class='ocr_line' id='line_1_83' title="bbox 999 1511 1791 1547; baseline 0.001 -9"><span class='ocrx_word' id='word_1_547' title='bbox 999 1511 1105 1538; x_wconf 83' lang='lat' dir='ltr'><strong>acriora</strong></span> <span class='ocrx_word' id='word_1_548' title='bbox 1125 1511 1272 1546; x_wconf 83' lang='lat' dir='ltr'><strong>pharmaca</strong></span> <span class='ocrx_word' id='word_1_549' title='bbox 1285 1511 1426 1546; x_wconf 82' lang='lat' dir='ltr'><strong>expeHun’t</strong></span> <span class='ocrx_word' id='word_1_550' title='bbox 1439 1531 1445 1542; x_wconf 84' lang='grc'><em>,</em></span> <span class='ocrx_word' id='word_1_551' title='bbox 1474 1511 1511 1538; x_wconf 81' lang='lat' dir='ltr'><strong>ita</strong></span> <span class='ocrx_word' id='word_1_552' title='bbox 1527 1513 1720 1547; x_wconf 77' lang='lat' dir='ltr'><strong>cogitationem</strong></span> <span class='ocrx_word' id='word_1_553' title='bbox 1734 1521 1791 1539; x_wconf 83' lang='lat' dir='ltr'><strong>ina-</strong></span> 
     </span>
    </p>
   </div>
   <div class='ocr_carea' id='block_1_84' title="bbox 961 1556 1506 1592">
    <p class='ocr_par' dir='ltr' id='par_1_84' title="bbox 961 1556 1506 1592">
     <span class='ocr_line' id='line_1_84' title="bbox 961 1556 1506 1592; baseline 0 -9"><span class='ocrx_word' id='word_1_554' title='bbox 961 1557 982 1586; x_wconf 89' lang='lat' dir='ltr'><strong><em>C</em></strong></span> <span class='ocrx_word' id='word_1_555' title='bbox 999 1556 1100 1592; x_wconf 81' lang='lat' dir='ltr'><strong>lignam</strong></span> <span class='ocrx_word' id='word_1_556' title='bbox 1114 1556 1190 1590; x_wconf 89' lang='lat' dir='ltr'><strong>ejicit</strong></span> <span class='ocrx_word' id='word_1_557' title='bbox 1205 1557 1295 1583; x_wconf 89' lang='lat' dir='ltr'><strong>oratio</strong></span> <span class='ocrx_word' id='word_1_558' title='bbox 1310 1564 1372 1583; x_wconf 91' lang='lat' dir='ltr'><strong>cum</strong></span> <span class='ocrx_word' id='word_1_559' title='bbox 1388 1556 1506 1591; x_wconf 76' lang='lat' dir='ltr'><strong>jejunio.</strong></span> 
     </span>
    </p>
   </div>
   <div class='ocr_carea' id='block_1_85' title="bbox 1034 1602 1791 1638">
    <p class='ocr_par' dir='ltr' id='par_1_85' title="bbox 1034 1602 1791 1638">
     <span class='ocr_line' id='line_1_85' title="bbox 1034 1602 1791 1638; baseline 0.001 -8"><span class='ocrx_word' id='word_1_560' title='bbox 1034 1603 1060 1630; x_wconf 70' lang='grc'>4.</span> <span class='ocrx_word' id='word_1_561' title='bbox 1081 1603 1135 1638; x_wconf 75' lang='grc'>(87)</span> <span class='ocrx_word' id='word_1_562' title='bbox 1150 1602 1187 1629; x_wconf 87' lang='lat' dir='ltr'><strong>lta</strong></span> <span class='ocrx_word' id='word_1_563' title='bbox 1205 1603 1296 1629; x_wconf 88' lang='lat' dir='ltr'><strong>adhuc</strong></span> <span class='ocrx_word' id='word_1_564' title='bbox 1311 1603 1400 1629; x_wconf 86' lang='lat' dir='ltr'><strong>locuta</strong></span> <span class='ocrx_word' id='word_1_565' title='bbox 1414 1607 1472 1630; x_wconf 87' lang='lat' dir='ltr'><strong>est:</strong></span> <span class='ocrx_word' id='word_1_566' title='bbox 1490 1602 1550 1629; x_wconf 82' lang='lat' dir='ltr'><strong>Non</strong></span> <span class='ocrx_word' id='word_1_567' title='bbox 1564 1607 1590 1630; x_wconf 87' lang='lat' dir='ltr'><strong>te</strong></span> <span class='ocrx_word' id='word_1_568' title='bbox 1605 1603 1791 1631; x_wconf 75' lang='lat' dir='ltr'><strong>inescentsac-</strong></span> 
     </span>
    </p>
   </div>
   <div class='ocr_carea' id='block_1_86' title="bbox 999 1648 1793 1684">
    <p class='ocr_par' dir='ltr' id='par_1_86' title="bbox 999 1648 1793 1684">
     <span class='ocr_line' id='line_1_86' title="bbox 999 1648 1793 1684; baseline 0 -8"><span class='ocrx_word' id='word_1_569' title='bbox 999 1649 1133 1676; x_wconf 82' lang='lat' dir='ltr'><strong>cularium</strong></span> <span class='ocrx_word' id='word_1_570' title='bbox 1151 1649 1266 1676; x_wconf 89' lang='lat' dir='ltr'><strong>divitum</strong></span> <span class='ocrx_word' id='word_1_571' title='bbox 1281 1648 1396 1681; x_wconf 63' lang='lat' dir='ltr'><strong>deliciae,</strong></span> <span class='ocrx_word' id='word_1_572' title='bbox 1415 1649 1493 1683; x_wconf 80' lang='lat' dir='ltr'><strong>quasi</strong></span> <span class='ocrx_word' id='word_1_573' title='bbox 1523 1649 1588 1676; x_wconf 88' lang='lat' dir='ltr'><strong>utile</strong></span> <span class='ocrx_word' id='word_1_574' title='bbox 1609 1649 1674 1684; x_wconf 88' lang='lat' dir='ltr'><strong>quid</strong></span> <span class='ocrx_word' id='word_1_575' title='bbox 1701 1650 1793 1676; x_wconf 84' lang='lat' dir='ltr'><strong>conti-</strong></span> 
     </span>
    </p>
   </div>
   <div class='ocr_carea' id='block_1_87' title="bbox 1001 1695 1791 1731">
    <p class='ocr_par' dir='ltr' id='par_1_87' title="bbox 1001 1695 1791 1731">
     <span class='ocr_line' id='line_1_87' title="bbox 1001 1695 1791 1731; baseline 0.001 -9"><span class='ocrx_word' id='word_1_576' title='bbox 1001 1699 1093 1728; x_wconf 81' lang='lat' dir='ltr'><strong>neant,</strong></span> <span class='ocrx_word' id='word_1_577' title='bbox 1110 1695 1145 1722; x_wconf 91' lang='lat' dir='ltr'><strong>ob</strong></span> <span class='ocrx_word' id='word_1_578' title='bbox 1169 1703 1267 1722; x_wconf 73' lang='lat' dir='ltr'><strong>vanam</strong></span> <span class='ocrx_word' id='word_1_579' title='bbox 1291 1696 1471 1729; x_wconf 87' lang='lat' dir='ltr'><strong>voluptatem.</strong></span> <span class='ocrx_word' id='word_1_580' title='bbox 1487 1695 1528 1722; x_wconf 86' lang='lat' dir='ltr'><strong>Illi</strong></span> <span class='ocrx_word' id='word_1_581' title='bbox 1551 1701 1636 1723; x_wconf 90' lang='lat' dir='ltr'><strong>artem</strong></span> <span class='ocrx_word' id='word_1_582' title='bbox 1657 1696 1791 1731; x_wconf 84' lang='lat' dir='ltr'><strong>coquina-</strong></span> 
     </span>
    </p>
   </div>
   <div class='ocr_carea' id='block_1_88' title="bbox 1001 1742 1794 1776">
    <p class='ocr_par' dir='ltr' id='par_1_88' title="bbox 1001 1742 1794 1776">
     <span class='ocr_line' id='line_1_88' title="bbox 1001 1742 1794 1776; baseline 0.003 -8"><span class='ocrx_word' id='word_1_583' title='bbox 1001 1743 1070 1769; x_wconf 88' lang='lat' dir='ltr'><strong>riam</strong></span> <span class='ocrx_word' id='word_1_584' title='bbox 1087 1742 1113 1768; x_wconf 92' lang='lat' dir='ltr'><strong>in</strong></span> <span class='ocrx_word' id='word_1_585' title='bbox 1131 1742 1219 1776; x_wconf 87' lang='lat' dir='ltr'><strong>pretio</strong></span> <span class='ocrx_word' id='word_1_586' title='bbox 1234 1742 1353 1774; x_wconf 83' lang='lat' dir='ltr'><strong>habent;</strong></span> <span class='ocrx_word' id='word_1_587' title='bbox 1370 1745 1397 1768; x_wconf 90' lang='lat' dir='ltr'><strong>tu</strong></span> <span class='ocrx_word' id='word_1_588' title='bbox 1414 1749 1478 1768; x_wconf 84' lang='lat' dir='ltr'><strong>vero</strong></span> <span class='ocrx_word' id='word_1_589' title='bbox 1494 1749 1543 1776; x_wconf 87' lang='lat' dir='ltr'><strong>per</strong></span> <span class='ocrx_word' id='word_1_590' title='bbox 1556 1742 1692 1776; x_wconf 86' lang='lat' dir='ltr'><strong>jejunium</strong></span> <span class='ocrx_word' id='word_1_591' title='bbox 1712 1744 1794 1770; x_wconf 80' lang='lat' dir='ltr'><strong>viles~</strong></span> 
     </span>
    </p>
   </div>
   <div class='ocr_carea' id='block_1_89' title="bbox 1001 1788 1795 1824">
    <p class='ocr_par' dir='ltr' id='par_1_89' title="bbox 1001 1788 1795 1824">
     <span class='ocr_line' id='line_1_89' title="bbox 1001 1788 1795 1824; baseline 0.001 -9"><span class='ocrx_word' id='word_1_592' title='bbox 1001 1797 1053 1824; x_wconf 89' lang='lat' dir='ltr'><strong>que</strong></span> <span class='ocrx_word' id='word_1_593' title='bbox 1070 1789 1159 1821; x_wconf 86' lang='lat' dir='ltr'><strong>cibos,</strong></span> <span class='ocrx_word' id='word_1_594' title='bbox 1179 1790 1300 1823; x_wconf 80' lang='lat' dir='ltr'><strong>ipsorum</strong></span> <span class='ocrx_word' id='word_1_595' title='bbox 1319 1788 1346 1815; x_wconf 89' lang='lat' dir='ltr'><strong>in</strong></span> <span class='ocrx_word' id='word_1_596' title='bbox 1369 1788 1468 1816; x_wconf 86' lang='lat' dir='ltr'><strong>eduliis</strong></span> <span class='ocrx_word' id='word_1_597' title='bbox 1484 1789 1681 1816; x_wconf 81' lang='lat' dir='ltr'><strong>abundantiam</strong></span> <span class='ocrx_word' id='word_1_598' title='bbox 1700 1798 1795 1824; x_wconf 83' lang='lat' dir='ltr'><strong>super-</strong></span> 
     </span>
    </p>
   </div>
   <div class='ocr_carea' id='block_1_90' title="bbox 1001 1834 1790 1869">
    <p class='ocr_par' dir='ltr' id='par_1_90' title="bbox 1001 1834 1790 1869">
     <span class='ocr_line' id='line_1_90' title="bbox 1001 1834 1790 1869; baseline 0.001 -8"><span class='ocrx_word' id='word_1_599' title='bbox 1001 1835 1133 1869; x_wconf 78' lang='lat' dir='ltr'><strong>gredcris.</strong></span> <span class='ocrx_word' id='word_1_600' title='bbox 1149 1834 1193 1861; x_wconf 85' lang='lat' dir='ltr'><strong>Ait</strong></span> <span class='ocrx_word' id='word_1_601' title='bbox 1216 1835 1335 1869; x_wconf 86' lang='lat' dir='ltr'><strong>quippe:</strong></span> <span class='ocrx_word' id='word_1_602' title='bbox 1355 1834 1455 1860; x_wconf 78' lang='lat' dir='ltr'><strong>Anima</strong></span> <span class='ocrx_word' id='word_1_603' title='bbox 1479 1835 1506 1861; x_wconf 82' lang='lat' dir='ltr'><strong>in</strong></span> <span class='ocrx_word' id='word_1_604' title='bbox 1522 1834 1625 1861; x_wconf 78' lang='lat' dir='ltr'><strong>deliciis</strong></span> <span class='ocrx_word' id='word_1_605' title='bbox 1648 1835 1790 1867; x_wconf 38' lang='lat' dir='ltr'><strong>exsistam.</strong></span> 
     </span>
    </p>
   </div>
   <div class='ocr_carea' id='block_1_91' title="bbox 1002 1879 1794 1914">
    <p class='ocr_par' dir='ltr' id='par_1_91' title="bbox 1002 1879 1794 1914">
     <span class='ocr_line' id='line_1_91' title="bbox 1002 1879 1794 1914; baseline 0.004 -9"><span class='ocrx_word' id='word_1_606' title='bbox 1002 1879 1070 1913; x_wconf 79' lang='lat' dir='ltr'><strong>favis</strong></span> <span class='ocrx_word' id='word_1_607' title='bbox 1086 1879 1224 1906; x_wconf 76' lang='lat' dir='ltr'><strong>illudit“.</strong></span> <span class='ocrx_word' id='word_1_608' title='bbox 1242 1879 1302 1906; x_wconf 82' lang='lat' dir='ltr'><strong>Noli</strong></span> <span class='ocrx_word' id='word_1_609' title='bbox 1328 1887 1398 1914; x_wconf 83' lang='lat' dir='ltr'><strong>pane</strong></span> <span class='ocrx_word' id='word_1_610' title='bbox 1417 1880 1525 1913; x_wconf 86' lang='lat' dir='ltr'><strong>satiari,</strong></span> <span class='ocrx_word' id='word_1_611' title='bbox 1547 1888 1596 1908; x_wconf 81' lang='lat' dir='ltr'><strong>nec</strong></span> <span class='ocrx_word' id='word_1_612' title='bbox 1622 1881 1794 1908; x_wconf 82' lang='lat' dir='ltr'><strong>desiderabis</strong></span> 
     </span>
    </p>
   </div>
   <div class='ocr_carea' id='block_1_92' title="bbox 1001 1925 1106 1952">
    <p class='ocr_par' dir='ltr' id='par_1_92' title="bbox 1001 1925 1106 1952">
     <span class='ocr_line' id='line_1_92' title="bbox 1001 1925 1106 1952; baseline -0.01 0"><span class='ocrx_word' id='word_1_613' title='bbox 1001 1925 1106 1952; x_wconf 82' lang='lat' dir='ltr'><strong>vinum.</strong></span> 
     </span>
    </p>
   </div>
   <div class='ocr_carea' id='block_1_93' title="bbox 1037 1969 1796 2006">
    <p class='ocr_par' dir='ltr' id='par_1_93' title="bbox 1037 1969 1796 2006">
     <span class='ocr_line' id='line_1_93' title="bbox 1037 1969 1796 2006; baseline -0.001 -9"><span class='ocrx_word' id='word_1_614' title='bbox 1037 1970 1063 1997; x_wconf 83' lang='lat'><strong>5.</strong></span> <span class='ocrx_word' id='word_1_615' title='bbox 1081 1969 1138 2006; x_wconf 88' lang='grc'>(88)</span> <span class='ocrx_word' id='word_1_616' title='bbox 1154 1969 1326 2005; x_wconf 71' lang='lat' dir='ltr'><strong>Interrogata</strong></span> <span class='ocrx_word' id='word_1_617' title='bbox 1341 1974 1384 1998; x_wconf 88' lang='lat' dir='ltr'><strong>est</strong></span> <span class='ocrx_word' id='word_1_618' title='bbox 1398 1971 1478 1998; x_wconf 86' lang='lat' dir='ltr'><strong>beata</strong></span> <span class='ocrx_word' id='word_1_619' title='bbox 1503 1970 1670 2005; x_wconf 84' lang='lat' dir='ltr'><strong>Syncletica,</strong></span> <span class='ocrx_word' id='word_1_620' title='bbox 1686 1978 1719 1997; x_wconf 90' lang='lat' dir='ltr'><strong>an</strong></span> <span class='ocrx_word' id='word_1_621' title='bbox 1737 1978 1796 2006; x_wconf 88' lang='lat' dir='ltr'><strong>per-</strong></span> 
     </span>
    </p>
   </div>
   <div class='ocr_carea' id='block_1_94' title="bbox 1003 2016 1794 2051">
    <p class='ocr_par' dir='ltr' id='par_1_94' title="bbox 1003 2016 1794 2051">
     <span class='ocr_line' id='line_1_94' title="bbox 1003 2016 1794 2051; baseline 0.003 -9"><span class='ocrx_word' id='word_1_622' title='bbox 1003 2016 1102 2043; x_wconf 82' lang='lat' dir='ltr'><strong>fectum</strong></span> <span class='ocrx_word' id='word_1_623' title='bbox 1127 2016 1228 2043; x_wconf 88' lang='lat' dir='ltr'><strong>bonum</strong></span> <span class='ocrx_word' id='word_1_624' title='bbox 1255 2021 1345 2048; x_wconf 88' lang='lat' dir='ltr'><strong>esset,</strong></span> <span class='ocrx_word' id='word_1_625' title='bbox 1367 2017 1435 2043; x_wconf 91' lang='lat' dir='ltr'><strong>nihil</strong></span> <span class='ocrx_word' id='word_1_626' title='bbox 1460 2017 1612 2051; x_wconf 84' lang='lat' dir='ltr'><strong>possidere.</strong></span> <span class='ocrx_word' id='word_1_627' title='bbox 1637 2016 1670 2043; x_wconf 91' lang='lat' dir='ltr'><strong>Et</strong></span> <span class='ocrx_word' id='word_1_628' title='bbox 1693 2017 1762 2044; x_wconf 73' lang='lat' dir='ltr'><strong>dixit</strong></span> <span class='ocrx_word' id='word_1_629' title='bbox 1788 2026 1794 2044; x_wconf 91' lang='lat'>:</span> 
     </span>
    </p>
   </div>
   <div class='ocr_carea' id='block_1_95' title="bbox 1002 2062 1796 2098">
    <p class='ocr_par' dir='ltr' id='par_1_95' title="bbox 1002 2062 1796 2098">
     <span class='ocr_line' id='line_1_95' title="bbox 1002 2062 1796 2098; baseline 0.001 -9"><span class='ocrx_word' id='word_1_630' title='bbox 1002 2063 1086 2090; x_wconf 83' lang='lat' dir='ltr'><strong>Plane</strong></span> <span class='ocrx_word' id='word_1_631' title='bbox 1106 2062 1256 2098; x_wconf 77' lang='lat' dir='ltr'><strong>perfectum</strong></span> <span class='ocrx_word' id='word_1_632' title='bbox 1273 2062 1306 2090; x_wconf 92' lang='lat' dir='ltr'><strong>iis</strong></span> <span class='ocrx_word' id='word_1_633' title='bbox 1321 2062 1368 2097; x_wconf 91' lang='lat' dir='ltr'><strong>qui</strong></span> <span class='ocrx_word' id='word_1_634' title='bbox 1394 2062 1467 2090; x_wconf 87' lang='lat' dir='ltr'><strong>ferre</strong></span> <span class='ocrx_word' id='word_1_635' title='bbox 1480 2067 1606 2098; x_wconf 85' lang='lat' dir='ltr'><strong>possunt.</strong></span> <span class='ocrx_word' id='word_1_636' title='bbox 1622 2062 1690 2089; x_wconf 89' lang='lat' dir='ltr'><strong>Nam</strong></span> <span class='ocrx_word' id='word_1_637' title='bbox 1703 2063 1750 2098; x_wconf 88' lang='lat' dir='ltr'><strong>qui</strong></span> <span class='ocrx_word' id='word_1_638' title='bbox 1769 2063 1796 2090; x_wconf 85' lang='lat' dir='ltr'><strong>id</strong></span> 
     </span>
    </p>
   </div>
   <div class='ocr_carea' id='block_1_96' title="bbox 1005 2108 1798 2143">
    <p class='ocr_par' dir='ltr' id='par_1_96' title="bbox 1005 2108 1798 2143">
     <span class='ocr_line' id='line_1_96' title="bbox 1005 2108 1798 2143; baseline 0.001 -8"><span class='ocrx_word' id='word_1_639' title='bbox 1005 2109 1131 2140; x_wconf 83' lang='lat' dir='ltr'><strong>tolerant,</strong></span> <span class='ocrx_word' id='word_1_640' title='bbox 1161 2108 1338 2136; x_wconf 83' lang='lat' dir='ltr'><strong>aillictionem</strong></span> <span class='ocrx_word' id='word_1_641' title='bbox 1366 2108 1477 2143; x_wconf 82' lang='lat' dir='ltr'><strong>quidem</strong></span> <span class='ocrx_word' id='word_1_642' title='bbox 1517 2117 1603 2136; x_wconf 88' lang='lat' dir='ltr'><strong>carne</strong></span> <span class='ocrx_word' id='word_1_643' title='bbox 1624 2109 1739 2141; x_wconf 84' lang='lat' dir='ltr'><strong>habent,</strong></span> <span class='ocrx_word' id='word_1_644' title='bbox 1769 2114 1798 2136; x_wconf 73' lang='lat' dir='ltr'><strong>at</strong></span> 
     </span>
    </p>
   </div>
   <div class='ocr_carea' id='block_1_97' title="bbox 1004 2153 1795 2189">
    <p class='ocr_par' dir='ltr' id='par_1_97' title="bbox 1004 2153 1795 2189">
     <span class='ocr_line' id='line_1_97' title="bbox 1004 2153 1795 2189; baseline -0.001 -8"><span class='ocrx_word' id='word_1_645' title='bbox 1004 2155 1095 2182; x_wconf 90' lang='lat' dir='ltr'><strong>anima</strong></span> <span class='ocrx_word' id='word_1_646' title='bbox 1114 2154 1247 2189; x_wconf 89' lang='lat' dir='ltr'><strong>requiem.</strong></span> <span class='ocrx_word' id='word_1_647' title='bbox 1266 2153 1342 2182; x_wconf 86' lang='lat' dir='ltr'><strong>Sicut</strong></span> <span class='ocrx_word' id='word_1_648' title='bbox 1354 2155 1426 2181; x_wconf 91' lang='lat' dir='ltr'><strong>enim</strong></span> <span class='ocrx_word' id='word_1_649' title='bbox 1441 2154 1535 2182; x_wconf 59' lang='lat' dir='ltr'><strong>solida</strong></span> <span class='ocrx_word' id='word_1_650' title='bbox 1550 2158 1651 2185; x_wconf 83' lang='lat' dir='ltr'><strong>vestes.</strong></span> <span class='ocrx_word' id='word_1_651' title='bbox 1671 2155 1795 2186; x_wconf 55' lang='lat' dir='ltr'><strong>calcate,</strong></span> 
     </span>
    </p>
   </div>
   <div class='ocr_carea' id='block_1_98' title="bbox 1004 2200 1795 2232">
    <p class='ocr_par' dir='ltr' id='par_1_98' title="bbox 1004 2200 1795 2232">
     <span class='ocr_line' id='line_1_98' title="bbox 1004 2200 1795 2232; baseline -0.001 -4"><span class='ocrx_word' id='word_1_652' title='bbox 1004 2207 1031 2228; x_wconf 89' lang='lat' dir='ltr'><strong>et</strong></span> <span class='ocrx_word' id='word_1_653' title='bbox 1048 2201 1181 2228; x_wconf 88' lang='lat' dir='ltr'><strong>violenter</strong></span> <span class='ocrx_word' id='word_1_654' title='bbox 1198 2205 1313 2227; x_wconf 69' lang='lat' dir='ltr'><strong>versata:</strong></span> <span class='ocrx_word' id='word_1_655' title='bbox 1331 2201 1482 2227; x_wconf 84' lang='lat' dir='ltr'><strong>abluuntur</strong></span> <span class='ocrx_word' id='word_1_656' title='bbox 1500 2210 1507 2227; x_wconf 87' lang='lat'><strong>:</strong></span> <span class='ocrx_word' id='word_1_657' title='bbox 1535 2200 1573 2227; x_wconf 83' lang='lat' dir='ltr'><strong>ita</strong></span> <span class='ocrx_word' id='word_1_658' title='bbox 1591 2201 1680 2227; x_wconf 88' lang='lat' dir='ltr'><strong>anima</strong></span> <span class='ocrx_word' id='word_1_659' title='bbox 1704 2200 1795 2232; x_wconf 83' lang='lat' dir='ltr'><strong>fortis,</strong></span> 
     </span>
    </p>
   </div>
   <div class='ocr_carea' id='block_1_99' title="bbox 1009 2247 1713 2283">
    <p class='ocr_par' dir='ltr' id='par_1_99' title="bbox 1009 2247 1713 2283">
     <span class='ocr_line' id='line_1_99' title="bbox 1009 2247 1713 2283; baseline -0.001 -8"><span class='ocrx_word' id='word_1_660' title='bbox 1009 2255 1057 2283; x_wconf 85' lang='lat' dir='ltr'><strong>per</strong></span> <span class='ocrx_word' id='word_1_661' title='bbox 1076 2248 1256 2274; x_wconf 86' lang='lat' dir='ltr'><strong>voluntariam</strong></span> <span class='ocrx_word' id='word_1_662' title='bbox 1275 2252 1461 2282; x_wconf 77' lang='lat' dir='ltr'><strong>paupertatem</strong></span> <span class='ocrx_word' id='word_1_663' title='bbox 1478 2247 1601 2274; x_wconf 85' lang='lat' dir='ltr'><strong>ﬁrmatur</strong></span> <span class='ocrx_word' id='word_1_664' title='bbox 1617 2247 1713 2282; x_wconf 83' lang='lat' dir='ltr'><strong>magis.</strong></span> 
     </span>
    </p>
   </div>
   <div class='ocr_carea' id='block_1_100' title="bbox 1041 2293 1796 2329">
    <p class='ocr_par' dir='ltr' id='par_1_100' title="bbox 1041 2293 1796 2329">
     <span class='ocr_line' id='line_1_100' title="bbox 1041 2293 1796 2329; baseline -0.001 -8"><span class='ocrx_word' id='word_1_665' title='bbox 1041 2294 1067 2321; x_wconf 87' lang='lat'><strong>6.</strong></span> <span class='ocrx_word' id='word_1_666' title='bbox 1091 2293 1146 2329; x_wconf 83' lang='lat'><strong>(89)</strong></span> <span class='ocrx_word' id='word_1_667' title='bbox 1176 2293 1279 2320; x_wconf 87' lang='lat' dir='ltr'><strong>Monuit</strong></span> <span class='ocrx_word' id='word_1_668' title='bbox 1295 2301 1393 2320; x_wconf 88' lang='lat' dir='ltr'><strong>rursus</strong></span> <span class='ocrx_word' id='word_1_669' title='bbox 1419 2303 1424 2320; x_wconf 91' lang='lat'>:</span> <span class='ocrx_word' id='word_1_670' title='bbox 1447 2293 1474 2320; x_wconf 86' lang='lat' dir='ltr'><strong>Si</strong></span> <span class='ocrx_word' id='word_1_671' title='bbox 1499 2293 1656 2320; x_wconf 78' lang='lat' dir='ltr'><strong>cmnobium</strong></span> <span class='ocrx_word' id='word_1_672' title='bbox 1680 2294 1796 2324; x_wconf 86' lang='lat' dir='ltr'><strong>incolas.</strong></span> 
     </span>
    </p>
   </div>
   <div class='ocr_carea' id='block_1_101' title="bbox 1007 2339 1796 2374">
    <p class='ocr_par' dir='ltr' id='par_1_101' title="bbox 1007 2339 1796 2374">
     <span class='ocr_line' id='line_1_101' title="bbox 1007 2339 1796 2374; baseline -0.003 -7"><span class='ocrx_word' id='word_1_673' title='bbox 1007 2340 1063 2367; x_wconf 89' lang='lat' dir='ltr'><strong>noli</strong></span> <span class='ocrx_word' id='word_1_674' title='bbox 1083 2344 1189 2366; x_wconf 90' lang='lat' dir='ltr'><strong>mutare</strong></span> <span class='ocrx_word' id='word_1_675' title='bbox 1209 2339 1313 2371; x_wconf 87' lang='lat' dir='ltr'><strong>sedem,</strong></span> <span class='ocrx_word' id='word_1_676' title='bbox 1334 2339 1399 2374; x_wconf 81' lang='lat' dir='ltr'><strong>quia</strong></span> <span class='ocrx_word' id='word_1_677' title='bbox 1419 2339 1498 2366; x_wconf 82' lang='lat' dir='ltr'><strong>valde</strong></span> <span class='ocrx_word' id='word_1_678' title='bbox 1516 2339 1628 2366; x_wconf 90' lang='lat' dir='ltr'><strong>nocebit</strong></span> <span class='ocrx_word' id='word_1_679' title='bbox 1646 2339 1705 2366; x_wconf 87' lang='lat' dir='ltr'><strong>tibi.</strong></span> <span class='ocrx_word' id='word_1_680' title='bbox 1728 2339 1796 2366; x_wconf 79' lang='lat' dir='ltr'><strong>Nam</strong></span> 
     </span>
    </p>
   </div>
   <div class='ocr_carea' id='block_1_102' title="bbox 1247 2429 1796 2462">
    <p class='ocr_par' dir='ltr' id='par_1_102' title="bbox 1247 2429 1796 2462">
     <span class='ocr_line' id='line_1_102' title="bbox 1247 2429 1796 2462; baseline 0.002 -6"><span class='ocrx_word' id='word_1_681' title='bbox 1247 2431 1269 2446; x_wconf 91' lang='lat'><strong>&quot;</strong></span> <span class='ocrx_word' id='word_1_682' title='bbox 1289 2430 1332 2457; x_wconf 87' lang='lat' dir='ltr'><strong>Al.</strong></span> <span class='ocrx_word' id='word_1_683' title='bbox 1348 2431 1451 2457; x_wconf 84' lang='grc' dir='ltr'>κόπων.</span> <span class='ocrx_word' id='word_1_684' title='bbox 1505 2431 1528 2447; x_wconf 77' lang='grc'><strong>⁸⁸</strong></span> <span class='ocrx_word' id='word_1_685' title='bbox 1544 2429 1584 2457; x_wconf 85' lang='lat' dir='ltr'><strong>Al.</strong></span> <span class='ocrx_word' id='word_1_686' title='bbox 1603 2430 1669 2462; x_wconf 82' lang='grc' dir='ltr'>ζῶα.</span> <span class='ocrx_word' id='word_1_687' title='bbox 1719 2430 1742 2446; x_wconf 76' lang='grc'><strong>⁸⁹</strong></span> <span class='ocrx_word' id='word_1_688' title='bbox 1755 2431 1796 2458; x_wconf 88' lang='lat' dir='ltr'><strong>Al.</strong></span> 
     </span>
    </p>
   </div>
   <div class='ocr_carea' id='block_1_103' title="bbox 1065 2465 1796 2501">
    <p class='ocr_par' dir='ltr' id='par_1_103' title="bbox 1065 2465 1796 2501">
     <span class='ocr_line' id='line_1_103' title="bbox 1065 2465 1796 2501; baseline 0 -9"><span class='ocrx_word' id='word_1_689' title='bbox 1065 2467 1086 2482; x_wconf 87' lang='grc'><strong>⁸¹</strong></span> <span class='ocrx_word' id='word_1_690' title='bbox 1098 2467 1182 2493; x_wconf 86' lang='lat' dir='ltr'><strong>Abest</strong></span> <span class='ocrx_word' id='word_1_691' title='bbox 1196 2466 1277 2501; x_wconf 83' lang='grc' dir='ltr'>κενῆς</span> <span class='ocrx_word' id='word_1_692' title='bbox 1291 2467 1324 2493; x_wconf 83' lang='lat' dir='ltr'><strong>ab</strong></span> <span class='ocrx_word' id='word_1_693' title='bbox 1340 2466 1375 2492; x_wconf 88' lang='lat' dir='ltr'><strong>al.</strong></span> <span class='ocrx_word' id='word_1_694' title='bbox 1414 2466 1437 2482; x_wconf 75' lang='grc'><strong>⁸³</strong></span> <span class='ocrx_word' id='word_1_695' title='bbox 1453 2465 1495 2492; x_wconf 82' lang='grc' dir='ltr'><strong>ΔΙ.</strong></span> <span class='ocrx_word' id='word_1_696' title='bbox 1510 2465 1675 2501; x_wconf 76' lang='grc' dir='ltr'>ὑπερϐαλοῦ.</span> <span class='ocrx_word' id='word_1_697' title='bbox 1715 2467 1737 2481; x_wconf 64' lang='grc'><strong>⁸⁸</strong></span> <span class='ocrx_word' id='word_1_698' title='bbox 1754 2467 1796 2492; x_wconf 87' lang='lat' dir='ltr'><strong>Al.</strong></span> 
     </span>
    </p>
   </div>
   <div class='ocr_carea' id='block_1_104' title="bbox 159 2501 944 2540">
    <p class='ocr_par' dir='ltr' id='par_1_104' title="bbox 159 2501 936 2540">
     <span class='ocr_line' id='line_1_104' title="bbox 159 2501 936 2540; baseline 0 -11"><span class='ocrx_word' id='word_1_699' title='bbox 159 2501 305 2540; x_wconf 72' lang='grc' dir='ltr'>πλησμονῇ</span> <span class='ocrx_word' id='word_1_700' title='bbox 329 2503 448 2540; x_wconf 79' lang='grc' dir='ltr'>τροφῶν.</span> <span class='ocrx_word' id='word_1_701' title='bbox 487 2504 510 2519; x_wconf 73' lang='grc'><strong>⁵⁵</strong></span> <span class='ocrx_word' id='word_1_702' title='bbox 526 2504 568 2530; x_wconf 90' lang='lat' dir='ltr'><strong>Al.</strong></span> <span class='ocrx_word' id='word_1_703' title='bbox 580 2501 775 2538; x_wconf 78' lang='grc' dir='ltr'>ὑπομένουσιν.</span> <span class='ocrx_word' id='word_1_704' title='bbox 814 2503 837 2518; x_wconf 71' lang='grc'><strong>⁸⁸</strong></span> <span class='ocrx_word' id='word_1_705' title='bbox 854 2503 936 2530; x_wconf 86' lang='lat' dir='ltr'><strong>llebr.</strong></span> 
     </span>
    </p>
   </div>
   <div class='ocr_carea' id='block_1_105' title="bbox 1006 2501 1376 2540">
    <p class='ocr_par' dir='ltr' id='par_1_105' title="bbox 1024 2501 1376 2534">
     <span class='ocr_line' id='line_1_105' title="bbox 1024 2501 1376 2534; baseline -0.003 -5"><span class='ocrx_word' id='word_1_706' title='bbox 1024 2502 1069 2530; x_wconf 72' lang='grc'>29.</span> <span class='ocrx_word' id='word_1_707' title='bbox 1109 2502 1130 2517; x_wconf 78' lang='grc'>⁵⁷</span> <span class='ocrx_word' id='word_1_708' title='bbox 1146 2501 1227 2529; x_wconf 85' lang='lat' dir='ltr'><strong>Prov.</strong></span> <span class='ocrx_word' id='word_1_709' title='bbox 1244 2509 1328 2534; x_wconf 76' lang='lat' dir='ltr'><strong>xxvn,</strong></span> <span class='ocrx_word' id='word_1_710' title='bbox 1348 2501 1376 2528; x_wconf 87' lang='lat'><strong>7.</strong></span> 
     </span>
    </p>
   </div>
   <div class='ocr_carea' id='block_1_106' title="bbox 197 2606 949 2644">
    <p class='ocr_par' dir='ltr' id='par_1_106' title="bbox 197 2606 949 2644">
     <span class='ocr_line' id='line_1_106' title="bbox 197 2606 949 2644; baseline -0.003 -9"><span class='ocrx_word' id='word_1_711' title='bbox 197 2607 254 2644; x_wconf 64' lang='lat'><strong>(82)</strong></span> <span class='ocrx_word' id='word_1_712' title='bbox 277 2606 573 2644; x_wconf 55' lang='grc' dir='ltr'>Τὴν-ὀψαρτυτικήν.</span> <span class='ocrx_word' id='word_1_713' title='bbox 597 2607 688 2644; x_wconf 56' lang='lat' dir='ltr'><strong>Codex</strong></span> <span class='ocrx_word' id='word_1_714' title='bbox 712 2607 804 2644; x_wconf 72' lang='lat' dir='ltr'><strong>regius</strong></span> <span class='ocrx_word' id='word_1_715' title='bbox 830 2607 949 2644; x_wconf 79' lang='lat' dir='ltr'><strong>habebat</strong></span> 
     </span>
    </p>
   </div>
   <div class='ocr_carea' id='block_1_107' title="bbox 158 2642 949 2679">
    <p class='ocr_par' dir='ltr' id='par_1_107' title="bbox 158 2642 949 2679">
     <span class='ocr_line' id='line_1_107' title="bbox 158 2642 949 2679; baseline -0.001 -9"><span class='ocrx_word' id='word_1_716' title='bbox 158 2642 324 2679; x_wconf 62' lang='grc' dir='ltr'>ἁψαρτικήν.</span> <span class='ocrx_word' id='word_1_717' title='bbox 333 2642 508 2679; x_wconf 69' lang='lat' dir='ltr'><strong>Colberlinus</strong></span> <span class='ocrx_word' id='word_1_718' title='bbox 521 2650 585 2679; x_wconf 82' lang='lat' dir='ltr'><strong>vero</strong></span> <span class='ocrx_word' id='word_1_719' title='bbox 591 2643 750 2679; x_wconf 81' lang='grc' dir='ltr'>ὀψυρτικήν.</span> <span class='ocrx_word' id='word_1_720' title='bbox 762 2642 845 2670; x_wconf 79' lang='lat' dir='ltr'><strong>Recte</strong></span> <span class='ocrx_word' id='word_1_721' title='bbox 854 2643 949 2679; x_wconf 70' lang='lat' dir='ltr'><strong>inalio</strong></span> 
     </span>
    </p>
   </div>
   <div class='ocr_carea' id='block_1_108' title="bbox 159 2677 950 2713">
    <p class='ocr_par' dir='ltr' id='par_1_108' title="bbox 159 2677 950 2713">
     <span class='ocr_line' id='line_1_108' title="bbox 159 2677 950 2713; baseline 0 -9"><span class='ocrx_word' id='word_1_722' title='bbox 159 2677 283 2706; x_wconf 72' lang='lat' dir='ltr'><strong>Cblhert.</strong></span> <span class='ocrx_word' id='word_1_723' title='bbox 300 2683 327 2704; x_wconf 84' lang='lat' dir='ltr'><strong>et</strong></span> <span class='ocrx_word' id='word_1_724' title='bbox 352 2678 378 2704; x_wconf 88' lang='lat' dir='ltr'><strong>in</strong></span> <span class='ocrx_word' id='word_1_725' title='bbox 399 2678 460 2705; x_wconf 80' lang='lat' dir='ltr'><strong>Vita</strong></span> <span class='ocrx_word' id='word_1_726' title='bbox 481 2677 650 2712; x_wconf 65' lang='lat' dir='ltr'><strong>Syncleticw,</strong></span> <span class='ocrx_word' id='word_1_727' title='bbox 666 2677 862 2713; x_wconf 79' lang='grc' dir='ltr'>ὀψαρτυτικήν.</span> <span class='ocrx_word' id='word_1_728' title='bbox 879 2678 950 2704; x_wconf 89' lang='lat' dir='ltr'><strong>Alibi</strong></span> 
     </span>
    </p>
   </div>
   <div class='ocr_carea' id='block_1_109' title="bbox 157 2713 953 2749">
    <p class='ocr_par' dir='ltr' id='par_1_109' title="bbox 157 2713 953 2749">
     <span class='ocr_line' id='line_1_109' title="bbox 157 2713 953 2749; baseline -0.003 -8"><span class='ocrx_word' id='word_1_729' title='bbox 157 2714 287 2749; x_wconf 80' lang='grc' dir='ltr'>ὀψάριον,</span> <span class='ocrx_word' id='word_1_730' title='bbox 314 2713 405 2748; x_wconf 79' lang='lat' dir='ltr'><strong>piscis,</strong></span> <span class='ocrx_word' id='word_1_731' title='bbox 433 2713 587 2748; x_wconf 79' lang='lat' dir='ltr'><strong>pisciculus.</strong></span> <span class='ocrx_word' id='word_1_732' title='bbox 612 2713 723 2740; x_wconf 88' lang='lat' dir='ltr'><strong>Scilicet</strong></span> <span class='ocrx_word' id='word_1_733' title='bbox 742 2713 769 2740; x_wconf 93' lang='lat' dir='ltr'><strong>in</strong></span> <span class='ocrx_word' id='word_1_734' title='bbox 789 2713 953 2740; x_wconf 84' lang='lat' dir='ltr'><strong>condiendis</strong></span> 
     </span>
    </p>
   </div>
   <div class='ocr_carea' id='block_1_110' title="bbox 158 2749 953 2784">
    <p class='ocr_par' dir='ltr' id='par_1_110' title="bbox 158 2749 953 2784">
     <span class='ocr_line' id='line_1_110' title="bbox 158 2749 953 2784; baseline -0.003 -8"><span class='ocrx_word' id='word_1_735' title='bbox 158 2749 288 2784; x_wconf 84' lang='lat' dir='ltr'><strong>piscibus</strong></span> <span class='ocrx_word' id='word_1_736' title='bbox 305 2749 439 2783; x_wconf 77' lang='lat' dir='ltr'><strong>przecipue</strong></span> <span class='ocrx_word' id='word_1_737' title='bbox 457 2749 546 2784; x_wconf 77' lang='lat' dir='ltr'><strong>elucet</strong></span> <span class='ocrx_word' id='word_1_738' title='bbox 563 2756 714 2783; x_wconf 87' lang='lat' dir='ltr'><strong>coquorum</strong></span> <span class='ocrx_word' id='word_1_739' title='bbox 738 2756 792 2775; x_wconf 89' lang='lat' dir='ltr'><strong>ars.</strong></span> <span class='ocrx_word' id='word_1_740' title='bbox 810 2749 870 2781; x_wconf 84' lang='lat' dir='ltr'><strong>Quo</strong></span> <span class='ocrx_word' id='word_1_741' title='bbox 885 2749 953 2774; x_wconf 89' lang='lat' dir='ltr'><strong>allu-</strong></span> 
     </span>
    </p>
   </div>
   <div class='ocr_carea' id='block_1_111' title="bbox 159 2783 955 2818">
    <p class='ocr_par' dir='ltr' id='par_1_111' title="bbox 159 2783 955 2818">
     <span class='ocr_line' id='line_1_111' title="bbox 159 2783 955 2818; baseline 0.001 -8"><span class='ocrx_word' id='word_1_742' title='bbox 159 2783 222 2810; x_wconf 70' lang='lat' dir='ltr'><strong>siim</strong></span> <span class='ocrx_word' id='word_1_743' title='bbox 239 2784 460 2810; x_wconf 87' lang='lat' dir='ltr'><strong>aCommodiano</strong></span> <span class='ocrx_word' id='word_1_744' title='bbox 471 2783 657 2811; x_wconf 88' lang='lat' dir='ltr'><strong>lnstructione</strong></span> <span class='ocrx_word' id='word_1_745' title='bbox 667 2785 692 2815; x_wconf 83' lang='lat'><strong>7,</strong></span> <span class='ocrx_word' id='word_1_746' title='bbox 706 2791 753 2818; x_wconf 87' lang='lat' dir='ltr'><strong>per</strong></span> <span class='ocrx_word' id='word_1_747' title='bbox 769 2784 842 2811; x_wconf 87' lang='lat' dir='ltr'><strong>hunc</strong></span> <span class='ocrx_word' id='word_1_748' title='bbox 854 2784 955 2811; x_wconf 88' lang='lat' dir='ltr'><strong>obscu-</strong></span> 
     </span>
    </p>
   </div>
   <div class='ocr_carea' id='block_1_112' title="bbox 159 2819 617 2846">
    <p class='ocr_par' dir='ltr' id='par_1_112' title="bbox 159 2819 617 2846">
     <span class='ocr_line' id='line_1_112' title="bbox 159 2819 617 2846; baseline -0.004 0"><span class='ocrx_word' id='word_1_749' title='bbox 159 2828 222 2846; x_wconf 87' lang='lat' dir='ltr'><strong>i-nm</strong></span> <span class='ocrx_word' id='word_1_750' title='bbox 241 2819 412 2846; x_wconf 86' lang='lat' dir='ltr'><strong>versiculum</strong></span> <span class='ocrx_word' id='word_1_751' title='bbox 423 2819 457 2846; x_wconf 86' lang='lat' dir='ltr'><strong>de</strong></span> <span class='ocrx_word' id='word_1_752' title='bbox 474 2819 594 2846; x_wconf 85' lang='lat' dir='ltr'><strong>Zodiaco</strong></span> <span class='ocrx_word' id='word_1_753' title='bbox 610 2828 617 2844; x_wconf 92' lang='lat'><strong>:</strong></span> 
     </span>
    </p>
   </div>
   <div class='ocr_carea' id='block_1_113' title="bbox 199 2876 926 2912">
    <p class='ocr_par' dir='ltr' id='par_1_113' title="bbox 199 2876 926 2912">
     <span class='ocr_line' id='line_1_113' title="bbox 199 2876 926 2912; baseline -0.001 -8"><span class='ocrx_word' id='word_1_754' title='bbox 199 2877 233 2912; x_wconf 77' lang='lat' dir='ltr'><strong>Et</strong></span> <span class='ocrx_word' id='word_1_755' title='bbox 244 2877 358 2911; x_wconf 81' lang='lat' dir='ltr'><strong>denique</strong></span> <span class='ocrx_word' id='word_1_756' title='bbox 377 2876 473 2904; x_wconf 75' lang='lat' dir='ltr'><strong>vadunt</strong></span> <span class='ocrx_word' id='word_1_757' title='bbox 487 2878 512 2904; x_wconf 85' lang='lat' dir='ltr'><strong>in</strong></span> <span class='ocrx_word' id='word_1_758' title='bbox 531 2876 667 2911; x_wconf 81' lang='lat' dir='ltr'><strong>piscibus;</strong></span> <span class='ocrx_word' id='word_1_759' title='bbox 683 2885 772 2912; x_wconf 83' lang='lat' dir='ltr'><strong>coque,</strong></span> <span class='ocrx_word' id='word_1_760' title='bbox 793 2876 926 2911; x_wconf 77' lang='lat' dir='ltr'><strong>probabis.</strong></span> 
     </span>
    </p>
   </div>
   <div class='ocr_carea' id='block_1_114' title="bbox 1040 2604 1799 2641">
    <p class='ocr_par' dir='ltr' id='par_1_114' title="bbox 1040 2604 1799 2641">
     <span class='ocr_line' id='line_1_114' title="bbox 1040 2604 1799 2641; baseline -0.003 -6"><span class='ocrx_word' id='word_1_761' title='bbox 1040 2607 1095 2641; x_wconf 82' lang='grc'>(85)</span> <span class='ocrx_word' id='word_1_762' title='bbox 1116 2606 1269 2640; x_wconf 78' lang='grc' dir='ltr'>Εὐπορίαν</span> <span class='ocrx_word' id='word_1_763' title='bbox 1294 2605 1354 2633; x_wconf 81' lang='grc' dir='ltr'><strong>τῶν</strong></span> <span class='ocrx_word' id='word_1_764' title='bbox 1372 2605 1498 2640; x_wconf 64' lang='grc' dir='ltr'>τροφῶν.</span> <span class='ocrx_word' id='word_1_765' title='bbox 1528 2605 1557 2632; x_wconf 92' lang='lat' dir='ltr'><strong>In</strong></span> <span class='ocrx_word' id='word_1_766' title='bbox 1578 2604 1691 2632; x_wconf 85' lang='lat' dir='ltr'><strong>Patrum</strong></span> <span class='ocrx_word' id='word_1_767' title='bbox 1713 2606 1774 2632; x_wconf 75' lang='lat' dir='ltr'><strong>vitis</strong></span> <span class='ocrx_word' id='word_1_768' title='bbox 1788 2613 1799 2633; x_wconf 86' lang='lat'><strong>.&#39;</strong></span> 
     </span>
    </p>
   </div>
   <div class='ocr_carea' id='block_1_115' title="bbox 1004 2641 1519 2684">
    <p class='ocr_par' dir='ltr' id='par_1_115' title="bbox 1004 2641 1519 2684">
     <span class='ocr_line' id='line_1_115' title="bbox 1004 2641 1519 2684; baseline -0.004 -15"><span class='ocrx_word' id='word_1_769' title='bbox 1004 2642 1382 2684; x_wconf 38' lang='lat' dir='ltr'><strong>abundantia&quot;:deliciarum,</strong></span> <span class='ocrx_word' id='word_1_770' title='bbox 1397 2641 1519 2684; x_wconf 51' lang='lat' dir='ltr'><strong>tpuwby;</strong></span> 
     </span>
    </p>
   </div>
   <div class='ocr_carea' id='block_1_116' title="bbox 1041 2675 1775 2714">
    <p class='ocr_par' dir='ltr' id='par_1_116' title="bbox 1041 2675 1775 2714">
     <span class='ocr_line' id='line_1_116' title="bbox 1041 2675 1775 2714; baseline -0.001 -10"><span class='ocrx_word' id='word_1_771' title='bbox 1041 2678 1096 2714; x_wconf 69' lang='grc'>(84)</span> <span class='ocrx_word' id='word_1_772' title='bbox 1121 2677 1263 2714; x_wconf 54' lang='lat' dir='ltr'><strong>Vitlfatr.</strong></span> <span class='ocrx_word' id='word_1_773' title='bbox 1283 2685 1324 2709; x_wconf 93' lang='lat' dir='ltr'><strong>Ill,</strong></span> <span class='ocrx_word' id='word_1_774' title='bbox 1405 2675 1713 2714; x_wconf 32' lang='grc' dir='ltr'>ξιιρ.ηγίι.-8ειιιει..ιει.</span> <span class='ocrx_word' id='word_1_775' title='bbox 1731 2675 1775 2703; x_wconf 87' lang='grc'><strong>60.</strong></span> 
     </span>
    </p>
   </div>
   <div class='ocr_carea' id='block_1_117' title="bbox 1043 2710 1708 2747">
    <p class='ocr_par' dir='ltr' id='par_1_117' title="bbox 1043 2710 1708 2747">
     <span class='ocr_line' id='line_1_117' title="bbox 1043 2710 1708 2747; baseline -0.003 -7"><span class='ocrx_word' id='word_1_776' title='bbox 1043 2710 1099 2747; x_wconf 68' lang='grc'>(85)</span> <span class='ocrx_word' id='word_1_777' title='bbox 1125 2713 1177 2738; x_wconf 84' lang='lat' dir='ltr'><strong>Vit.</strong></span> <span class='ocrx_word' id='word_1_778' title='bbox 1192 2712 1269 2739; x_wconf 86' lang='lat' dir='ltr'><strong>Patr.</strong></span> <span class='ocrx_word' id='word_1_779' title='bbox 1285 2721 1321 2744; x_wconf 89' lang='lat' dir='ltr'><strong>tv,</strong></span> <span class='ocrx_word' id='word_1_780' title='bbox 1333 2713 1382 2742; x_wconf 71' lang='lat' dir='ltr'><strong>4i;</strong></span> <span class='ocrx_word' id='word_1_781' title='bbox 1405 2710 1457 2738; x_wconf 76' lang='lat' dir='ltr'><strong>Vit.</strong></span> <span class='ocrx_word' id='word_1_782' title='bbox 1478 2710 1606 2746; x_wconf 64' lang='lat' dir='ltr'><strong>SyncleIL,</strong></span> <span class='ocrx_word' id='word_1_783' title='bbox 1626 2721 1651 2738; x_wconf 95' lang='lat' dir='ltr'><strong>n.</strong></span> <span class='ocrx_word' id='word_1_784' title='bbox 1663 2710 1708 2738; x_wconf 72' lang='grc'><strong>24.</strong></span> 
     </span>
    </p>
   </div>
   <div class='ocr_carea' id='block_1_118' title="bbox 1044 2747 1624 2783">
    <p class='ocr_par' dir='ltr' id='par_1_118' title="bbox 1044 2747 1624 2783">
     <span class='ocr_line' id='line_1_118' title="bbox 1044 2747 1624 2783; baseline 0 -8"><span class='ocrx_word' id='word_1_785' title='bbox 1044 2749 1100 2783; x_wconf 87' lang='grc'>(86)</span> <span class='ocrx_word' id='word_1_786' title='bbox 1124 2748 1178 2775; x_wconf 86' lang='lat' dir='ltr'><strong>Vit.</strong></span> <span class='ocrx_word' id='word_1_787' title='bbox 1196 2748 1272 2775; x_wconf 77' lang='lat' dir='ltr'><strong>Patr.</strong></span> <span class='ocrx_word' id='word_1_788' title='bbox 1290 2756 1327 2779; x_wconf 92' lang='lat' dir='ltr'><strong>Iv,</strong></span> <span class='ocrx_word' id='word_1_789' title='bbox 1345 2747 1399 2781; x_wconf 67' lang='lat'><strong>42;</strong></span> <span class='ocrx_word' id='word_1_790' title='bbox 1418 2748 1472 2783; x_wconf 85' lang='lat' dir='ltr'><strong>Vit.</strong></span> <span class='ocrx_word' id='word_1_791' title='bbox 1496 2755 1557 2781; x_wconf 86' lang='lat' dir='ltr'><strong>cap.</strong></span> <span class='ocrx_word' id='word_1_792' title='bbox 1579 2749 1624 2775; x_wconf 71' lang='lat'><strong>80.</strong></span> 
     </span>
    </p>
   </div>
   <div class='ocr_carea' id='block_1_119' title="bbox 1045 2782 1535 2818">
    <p class='ocr_par' dir='ltr' id='par_1_119' title="bbox 1045 2782 1535 2818">
     <span class='ocr_line' id='line_1_119' title="bbox 1045 2782 1535 2818; baseline -0.004 -8"><span class='ocrx_word' id='word_1_793' title='bbox 1045 2784 1101 2818; x_wconf 82' lang='lat'><strong>(87)</strong></span> <span class='ocrx_word' id='word_1_794' title='bbox 1128 2783 1181 2810; x_wconf 77' lang='lat' dir='ltr'><strong>lit.</strong></span> <span class='ocrx_word' id='word_1_795' title='bbox 1197 2783 1273 2809; x_wconf 83' lang='lat' dir='ltr'><strong>Patr.</strong></span> <span class='ocrx_word' id='word_1_796' title='bbox 1293 2791 1329 2814; x_wconf 89' lang='grc' dir='ltr'>ιν,</span> <span class='ocrx_word' id='word_1_797' title='bbox 1349 2783 1400 2815; x_wconf 76' lang='grc'><strong>45;</strong></span> <span class='ocrx_word' id='word_1_798' title='bbox 1425 2782 1475 2809; x_wconf 84' lang='lat' dir='ltr'><strong>l&#39;it.</strong></span> <span class='ocrx_word' id='word_1_799' title='bbox 1492 2783 1535 2808; x_wconf 72' lang='lat'><strong>95.</strong></span> 
     </span>
    </p>
   </div>
   <div class='ocr_carea' id='block_1_120' title="bbox 1045 2818 1394 2854">
    <p class='ocr_par' dir='ltr' id='par_1_120' title="bbox 1045 2818 1394 2854">
     <span class='ocr_line' id='line_1_120' title="bbox 1045 2818 1394 2854; baseline -0.003 -9"><span class='ocrx_word' id='word_1_800' title='bbox 1045 2820 1101 2854; x_wconf 80' lang='lat'><strong>(88)</strong></span> <span class='ocrx_word' id='word_1_801' title='bbox 1128 2818 1180 2854; x_wconf 70' lang='lat' dir='ltr'><strong>Vit.</strong></span> <span class='ocrx_word' id='word_1_802' title='bbox 1200 2818 1277 2845; x_wconf 82' lang='lat' dir='ltr'><strong>Patr.</strong></span> <span class='ocrx_word' id='word_1_803' title='bbox 1295 2826 1333 2848; x_wconf 84' lang='lat' dir='ltr'><strong>vt,</strong></span> <span class='ocrx_word' id='word_1_804' title='bbox 1351 2818 1394 2844; x_wconf 78' lang='grc'><strong>15.</strong></span> 
     </span>
    </p>
   </div>
   <div class='ocr_carea' id='block_1_121' title="bbox 1045 2850 1800 2889">
    <p class='ocr_par' dir='ltr' id='par_1_121' title="bbox 1045 2850 1800 2889">
     <span class='ocr_line' id='line_1_121' title="bbox 1045 2850 1800 2889; baseline -0.004 -8"><span class='ocrx_word' id='word_1_805' title='bbox 1045 2850 1100 2889; x_wconf 84' lang='grc'>(89)</span> <span class='ocrx_word' id='word_1_806' title='bbox 1127 2853 1179 2880; x_wconf 88' lang='lat' dir='ltr'><strong>Vit.</strong></span> <span class='ocrx_word' id='word_1_807' title='bbox 1202 2854 1277 2880; x_wconf 75' lang='lat' dir='ltr'><strong>Patr.</strong></span> <span class='ocrx_word' id='word_1_808' title='bbox 1297 2853 1405 2888; x_wconf 68' lang='lat'><strong>&quot;1,15;</strong></span> <span class='ocrx_word' id='word_1_809' title='bbox 1434 2852 1484 2880; x_wconf 88' lang='lat' dir='ltr'><strong>Vit.</strong></span> <span class='ocrx_word' id='word_1_810' title='bbox 1503 2854 1552 2886; x_wconf 71' lang='lat' dir='ltr'><strong>9i;</strong></span> <span class='ocrx_word' id='word_1_811' title='bbox 1567 2852 1700 2880; x_wconf 84' lang='lat' dir='ltr'><strong>Schulium</strong></span> <span class='ocrx_word' id='word_1_812' title='bbox 1717 2852 1751 2880; x_wconf 76' lang='grc'><strong>75</strong></span> <span class='ocrx_word' id='word_1_813' title='bbox 1764 2850 1800 2879; x_wconf 79' lang='lat' dir='ltr'><strong>ad</strong></span> 
     </span>
    </p>
   </div>
   <div class='ocr_carea' id='block_1_122' title="bbox 1011 2888 1427 2917">
    <p class='ocr_par' dir='ltr' id='par_1_122' title="bbox 1011 2888 1427 2917">
     <span class='ocr_line' id='line_1_122' title="bbox 1011 2888 1427 2917; baseline -0.005 -1"><span class='ocrx_word' id='word_1_814' title='bbox 1011 2888 1092 2917; x_wconf 76' lang='lat' dir='ltr'><strong>Grati.</strong></span> <span class='ocrx_word' id='word_1_815' title='bbox 1109 2890 1125 2917; x_wconf 66' lang='grc'>4</span> <span class='ocrx_word' id='word_1_816' title='bbox 1141 2888 1218 2917; x_wconf 75' lang='lat' dir='ltr'><strong>Joan.</strong></span> <span class='ocrx_word' id='word_1_817' title='bbox 1236 2890 1349 2916; x_wconf 69' lang='lat' dir='ltr'><strong>(.‘limac.</strong></span> <span class='ocrx_word' id='word_1_818' title='bbox 1424 2894 1427 2897; x_wconf 79' lang='lat'>&#39;</span> 
     </span>
    </p>
   </div>
  </div>
