1978 3075
131 171 182 199 ιενι

698 171 1002 201 APOPIITHEGMATA
1024 173 1179 202 PATHUM.

1708 177 1761 204 ιδο

128 233 199 261 Ποία
217 231 291 258 ἐστὶν
316 232 332 266 ἡ
350 231 410 262 ὁδὸς
427 231 443 265 ή
461 230 607 265 ἀπάγουσα
622 232 662 262 εἰς
679 231 727 267 τὴν
745 232 923 263 ταπείνωσιν;

982 240 1042 259 nam
1065 233 1107 259 via
1133 233 1167 259 ad
1191 232 1370 260 humilitatem
1385 233 1542 262 adduceret.
1568 235 1605 263 Ac
1624 240 1763 273 respondit

127 279 210 312 Λέγει
225 277 352 313 ὁγέρων·
370 276 401 302 'H
418 276 476 308 ὁδὸς
487 276 536 311 τῆς
551 276 743 309 ταπεινώσεως
756 277 826 313 αὕτη
841 279 924 311 ἐστὶν,

979 287 1083 305 senex:
1108 278 1171 306 llaec
1194 285 1234 306 est
1253 280 1295 306 via
1315 279 1496 313 humilitatis;
1530 282 1709 316 abstinentia,
1735 289 1763 314 et

128 323 277 358 ἐγκράτεια
287 342 294 354 ,
312 322 358 349 καὶ
373 323 439 357 εὐχὴ
452 343 459 352 .
478 322 525 348 καὶ
544 323 574 348 τὺ
599 322 671 358 ἔχειν
685 324 782 350 ἑαυτὸν
797 325 923 352 ὑποκάτω

982 325 1079 357 oratio,
1100 330 1126 352 et
1143 332 1257 352 censere
1274 332 1303 352 se
1319 325 1392 352 infra
1411 334 1518 353 omnem
1534 333 1697 357 creaturam.

128 368 222 404 πάσης
234 368 286 403 τῆς
296 368 431 404 κτήσεως.

322 425 392 459 Περὶ
405 425 459 452 τοῦ
472 425 546 452 ἀϐϐιῐ
568 427 715 462 Τιμοθέου.

175 481 330 517 Ἡρώτησεν
354 482 368 507 ὁ
383 481 472 513 ὰὸὃᾶς
491 482 624 515 Τιμόθεος
643 484 658 510 ὁ
681 483 866 519 πρεσΰύτερος
878 484 924 511 τὸν

129 528 217 555 essay
230 528 361 563 Ποιμὲνα,
377 527 465 562 λέγων
478 537 484 543 ·
504 527 581 555 Ἐστι
600 530 668 564 γυνή
682 538 724 561 τις
740 530 769 556 ἐν
783 530 923 565 Αἰγύπτῳ.

129 574 192 608 ἣτις
208 571 346 608 πορνεύει,
361 573 409 599 καὶ
422 573 466 599 τὸν
483 573 578 608 μισθὸν
598 573 683 609 αὐτῆς
697 574 763 600 διδεῖ
776 574 924 609 ἐλεημοσὺ-

129 627 188 654 νην.
203 619 258 645 Καὶ
270 616 347 645 εἶπεν
358 620 372 645 ὁ
383 618 470 651 ἀὸϐἄς
484 619 590 655 Ποιμήν
599 628 605 634 ·
622 620 659 646 Οὐ
679 621 755 655 μενεῖ
770 620 799 646 ὲν
810 622 843 656 τῇ
855 629 923 656 πορ-

129 665 190 700 νείᾳ
202 673 209 679 ι
233 664 357 698 φαίνεται
373 664 428 700 γὰρ
442 666 471 691 ὲν
495 665 562 700 αὐτῇ
579 665 684 701 καρπὸς
699 666 827 698 πίστεως.
849 668 923 701 Ἐγέ-

129 719 190 737 νετο
204 711 232 737 δὲ
247 710 333 737 ἐλθεῖν
346 710 394 745 τὴν
411 710 517 746 μητέρα
531 711 578 738 τοῦ
592 711 777 748 πρεσϐυτέρου
789 714 921 748 Τιμοθέου

129 757 199 792 πρὸς
215 757 306 783 αὐτόν.
324 757 378 783 Καὶ
402 756 544 793 ἠρώτησεν
560 758 645 793 αὐτὴν
658 778 665 790 ,
686 758 789 793 λέγων·
815 760 921 795 Ἑκείνη

128 804 146 838 ἡ
163 802 232 838 γυνὴ
255 802 346 838 ἔμεινε
366 802 554 839 πορνεύουσα;
577 804 610 829 Ἡ
629 803 658 830 δὲ
679 804 771 838 λέγει·
791 805 859 831 Ναί·
877 807 922 832 καὶ

128 849 284 885 προσέθηκε
300 850 360 881 τοὺς
384 849 502 885 ἐραστὰς
529 850 633 885 αὐτῆς*
652 850 722 886 πλὴν
741 851 788 878 καὶ
811 853 851 883 εἰς
873 852 922 888 τὴν

129 895 324 930 ἐλεημοσύνην.
341 896 396 922 Καὶ
420 895 579 931 ἀνήγγειλεν
595 898 609 922 ό
631 896 719 928 ἀδὸᾶς
736 897 868 932 Τιμόθεος
881 898 921 934 τῷ

128 942 202 978 ὰϐὁᾷ
216 943 341 977 Ποιμένι.
362 942 391 969 Ὀ
405 943 433 969 δὲ
447 940 523 969 εἶπεν
536 950 543 958 ·
560 943 596 969 Οὐ
610 945 685 978 μενεῖ
704 944 732 970 ὲν
750 945 782 979 τῇ
799 945 921 980 πορνείᾳ.

135 988 267 1014 Ἐλϐοὖσα
278 988 307 1014 δὲ
327 988 407 1015 πάλιν
423 989 440 1023 ἡ
457 989 549 1024 μήτηρ
564 988 611 1015 τοῦ
628 989 702 1016 ἁ66ἄ
715 990 851 1026 Τιμοθέου
861 1011 868 1022 ,
886 989 924 1018 εἷ-

128 1042 180 1061 πεν
197 1033 288 1069 αὐτῷ’
302 1032 382 1066 Οἶδας
396 1035 435 1061 ὅτι
457 1036 473 1070 ἡ
499 1036 585 1071 πόρνη
608 1035 700 1071 ἐκείνη
722 1036 812 1071 ἐζήτει
838 1036 924 1064 ἐλθεῖν

130 1080 189 1115 μετ’
206 1080 273 1116 ἐμοῦ
285 1101 293 1113 ,
319 1081 362 1107 ἵνα
384 1080 448 1116 εῠξῃ
467 1081 538 1116 ὑπὲρ
553 1082 639 1116 αὐτῆς
650 1083 673 1098 ⁸⁵
688 1090 695 1114 ;
716 1082 745 1109 ’0
761 1083 789 1109 δὲ
805 1083 923 1115 ἀκούσας

127 1127 273 1161 ἀνήγγειλε
286 1126 325 1162 τῷ
341 1127 412 1162 ἁΰϐᾷ
429 1127 551 1162 Ποιμένι.
564 1128 647 1161 Λέγει
661 1128 750 1163 αὐτῷ’
767 1129 874 1156 Μᾶλλον
891 1130 923 1156 σὺ

127 1173 239 1204 ἄπελθε,
255 1174 302 1200 καὶ
315 1173 430 1208 σύντυχε
447 1173 528 1209 αὐτῇ.
546 1174 602 1200 Καὶ
617 1174 737 1210 ἀπῆλθεν
752 1175 766 1201 ὁ
781 1175 867 1207 ἀεϐἄς
878 1176 925 1202 Τι-

128 1218 241 1255 μόθεος,
265 1220 311 1245 καὶ
339 1220 484 1255 συνέτυχεν
507 1219 587 1255 αὐτῇ.
609 1220 640 1246 'H
663 1220 692 1246 δὲ
714 1220 804 1247 ἰδοῦσα
830 1222 922 1253 αὑτὸν,

127 1264 175 1291 καὶ
195 1264 335 1290 ἀκούσασα
352 1264 416 1300 παρ’
433 1263 516 1291 αὑτοῦ
530 1264 576 1290 τὸν
608 1263 686 1298 λόγον
698 1264 745 1290 τοῦ
764 1264 842 1296 Θεοῦ,
858 1273 924 1292 κατ-

127 1309 212 1345 ενύγη
224 1330 231 1340 ,
248 1310 295 1337 καὶ
308 1309 435 1342 ἔκλαυσε,
458 1309 505 1336 καὶ
519 1307 594 1335 εἶπεν
613 1309 698 1344 αὐτῷ·
718 1309 789 1343 Ἐγὼ
803 1310 858 1336 ἀπὸ
873 1309 924 1344 τῆς

127 1356 250 1391 σήμερον
266 1355 477 1391 προσκολλῶμαι
494 1355 534 1390 τῷ
558 1355 634 1390 Θεῷ,
659 1355 705 1382 καὶ
722 1356 753 1382 οὐ
775 1355 922 1390 προσθήσω

126 1401 167 1428 ἔτι
186 1400 233 1427 τοῦ
248 1401 401 1437 πορνεύειν.
419 1401 473 1427 Καὶ
487 1401 589 1433 εὐθέως
605 1399 764 1427 εἰσελθοῦσα
778 1401 818 1432 εἰς
841 1409 923 1436 μονα-

126 1450 240 1486 στήριον
255 1450 422 1485 εὐηρέστησε
437 1449 476 1485 τῷ
496 1449 567 1484 Θεῷ.

354 1505 438 1542 Ἀρχὴ
453 1505 499 1532 τοῦ
517 1506 540 1532 Υ
555 1506 698 1541 στοιχείου.

303 1563 373 1597 Περὶ
389 1563 442 1589 τοῦ
455 1562 531 1590 ἀϐϐίὶ
551 1563 738 1597 Ὑπερεχίου.

1230 424 1267 451 De
1284 424 1377 451 abbate
1391 424 1535 452 Timotheo.

1012 481 1192 516 Interrogavit
1217 482 1342 509 abbatem
1372 482 1528 510 Paemenein
1556 484 1642 511 abbas
1670 485 1764 512 Timo-

977 528 1056 554 theus
1081 528 1233 563 presbyter,
1258 528 1376 556 dicens:
1406 529 1453 556 Est
1468 530 1566 557 mulier
1585 531 1706 565 quaedam
1735 533 1763 559 in

976 571 1111 608 Egypto,
1129 580 1190 607 quae
1206 577 1353 604 scortatur,
1372 574 1525 601 mercedem
1552 582 1615 602 vero
1632 583 1710 602 suam
1734 576 1763 603 in

976 618 1177 654 eleemosynam
1194 619 1287 646 tradit.
1302 618 1452 654 Respondit
1465 620 1549 648 abbas
1562 621 1671 649 Paemen
1685 621 1762 650 :Non

977 663 1161 697 perseverabit
1188 663 1215 690 in
1234 663 1433 698 fornicatione;
1452 666 1620 700 conspicitur
1634 667 1708 694 enim
1734 668 1762 694 in

976 716 1007 735 ea
1027 707 1134 736 fructus
1148 708 1221 736 ﬁdei.
1242 709 1364 745 Contigit
1377 716 1466 738 autem
1481 715 1510 738 ut
1528 716 1614 739 mater
1626 712 1763 740 Timothei

977 755 1128 791 presbyteri
1145 756 1251 783 veniret
1270 757 1304 783 ad
1323 757 1410 784 illum.
1426 757 1459 784 Et
1475 758 1631 786 sciscitatus
1646 764 1686 786 est
1700 767 1761 787 eam

976 801 1019 828 his
1031 800 1122 828 verbis
1137 809 1145 827 :
1164 801 1260 829 Mulier
1276 802 1334 834 illa,
1359 803 1493 830 mansime
1508 803 1665 832 fornicans?
1677 805 1763 834 Exce-

976 846 1098 881 pitilla:
1128 847 1232 881 Etiam;
1251 849 1380 883 auxitque
1405 853 1541 876 amatores
1559 858 1645 878 suos:
1668 859 1762 879 verum

976 892 1010 919 ad
1026 893 1225 929 elcemosynam
1254 903 1372 930 semper.
1397 895 1465 922 Tum
1491 898 1656 924 renuntiavit
1676 891 1775 926 abbas

975 938 1135 966 Timotheus
1155 939 1247 966 ab‘bati
1261 939 1396 967 i’wmeni.
1414 941 1440 968 ls
1464 943 1592 974 asseruit,
1620 950 1675 970 non
1699 951 1762 978 per-

974 991 1131 1011 mansuram
1148 985 1175 1011 in
1191 987 1367 1013 scortatione.
1394 986 1493 1014 lterum
1514 989 1647 1016 accedens
1674 995 1763 1017 mater

974 1029 1082 1057 abbatis
1098 1029 1245 1063 Timothei,
1267 1031 1336 1057 dixit
1351 1032 1390 1058 illi
1406 1041 1412 1059 :
1434 1031 1530 1060 Scisne
1543 1034 1616 1068 quod
1633 1036 1761 1063 meretrix

974 1075 1021 1102 illa
1035 1076 1143 1103 volebat
1157 1084 1263 1103 mecum
1287 1077 1444 1112 proficisci,
1460 1083 1492 1106 ut
1516 1088 1611 1108 orares
1637 1088 1686 1116 pro
1712 1082 1762 1112 ea?

976 1121 1021 1148 Ille
1035 1121 1165 1152 audiens,
1183 1122 1346 1158 significavit
1360 1124 1452 1150 abbati
1471 1124 1602 1152 Parmcni.
1624 1126 1676 1158 Qui
1701 1127 1760 1154 ait:

974 1166 1015 1194 Tu
1041 1168 1131 1203 potius
1147 1169 1208 1199 abi.
1226 1170 1341 1196 conveni
1369 1178 1440 1197 eam.
1462 1169 1586 1198 Perrexit
1611 1173 1695 1199 abbas
1713 1172 1761 1199 Ti-

974 1214 1110 1247 motheus,
1130 1215 1271 1242 nmlierem
1296 1216 1372 1243 adiit.
1385 1216 1451 1249 Quae
1464 1217 1524 1244 viso
1545 1225 1578 1244 eo
1590 1237 1597 1249 ,
1613 1218 1762 1254 auditoque

974 1266 1022 1293 per
1039 1259 1114 1286 illum
1130 1261 1212 1287 verbo
1227 1260 1284 1293 Dei,
1301 1266 1466 1296 compuncta
1480 1267 1522 1290 est
1540 1267 1568 1290 et
1582 1263 1665 1296 ﬂevit,
1679 1264 1762 1292 dixit-

973 1310 1027 1339 que
1051 1305 1094 1331 ei:
1113 1304 1169 1340 Ego
1188 1312 1223 1333 an
1246 1306 1379 1333 hodierna
1407 1307 1451 1335 die
1473 1307 1528 1335 Deo
1547 1308 1682 1343 adlimreo,
1711 1318 1761 1338 nec

973 1350 1090 1385 amplius
1108 1351 1259 1378 scortabor.
1276 1352 1365 1387 Atque
1389 1353 1462 1380 illico
1481 1353 1604 1388 ingressa
1619 1355 1646 1382 in
1668 1363 1761 1382 mona-

973 1397 1098 1429 sterium,
1117 1396 1172 1424 Deo
1188 1401 1328 1432 acceptam
1346 1398 1429 1424 vitam
1442 1397 1530 1425 duxit.

1203 1486 1372 1521 Principium
1388 1486 1484 1513 littera:
1500 1487 1533 1514 Υ.

1201 1544 1238 1571 De
1255 1544 1348 1571 abbate
1366 1544 1537 1579 "yperec/tia.

161 1623 197 1647 α’.
213 1617 298 1646 Εἶπεν
311 1620 326 1645 ὁ
338 1619 426 1650 ὰϐϐἄς
444 1619 604 1654 Ὑπερέχιος
616 1619 682 1653 (12)·
703 1618 810 1653 ’Ὠσπερ
826 1619 841 1645 ὸ
853 1618 921 1644 λέων

1009 1604 1034 1630 1.
1054 1604 1110 1638 (15)
1128 1602 1200 1630 Dixit
1221 1602 1306 1629 abbas
1324 1602 1509 1638 Hyperechius
1527 1610 1534 1630 :
1553 1602 1629 1630 Sicut
1644 1603 1686 1631 leo
1706 1603 1761 1631 for-

126 1663 245 1700 φοῦερός
261 1665 317 1690 ἐστι
333 1665 389 1695 τοῖς
401 1663 537 1698 ὀνάγροις,
555 1663 641 1694 οὕτως
653 1664 666 1689 ὁ
679 1662 789 1698 δόκιμος
808 1661 923 1698 μοναχδς

125 1710 270 1745 λογισμοῖς
286 1709 435 1745 ἐπιθυμίας
449 1709 483 1736 ⁸⁵.

164 1755 199 1792 β’.
223 1754 291 1783 Εἷπε
308 1755 406 1783 πάλιν
429 1756 461 1782 Ἡ
483 1755 594 1791 νηστεία
615 1755 722 1790 χαλινός
738 1756 796 1782 ἐστι
812 1754 852 1790 τῷ
874 1763 922 1790 μο-

126 1803 204 1839 ναχῷ
220 1803 290 1838 μετὰ
314 1803 364 1837 τῆς
381 1802 528 1838 ἁμαρτίας.
557 1803 586 1828 '0
610 1801 713 1837 ῥίπτων
729 1801 825 1837 αὐτὴν,
841 1801 923 1833 ἵππος

127 1847 288 1883 θηλυμανὴς
302 1847 471 1883 εὑρίσκεται.
491 1848 494 1850 ⁷

162 1898 197 1930 γ’.
211 1893 280 1921 Eia-:5
297 1894 388 1922 πάλιν·
410 1894 439 1920 'O
456 1894 492 1929 μὴ
506 1893 614 1929 κρατῶν
625 1893 648 1909 ⁸⁸
661 1893 787 1928 γλώσσης
802 1892 883 1920 αὐτοῦ
895 1894 923 1919 ὲν

127 1941 220 1977 ra.th
234 1941 319 1976 ὀργῆς
331 1960 338 1973 ,
352 1941 413 1968 οὐδὲ
427 1940 521 1967 παθῶν
536 1940 668 1976 κρατήσει
681 1940 695 1966 ὀ
711 1939 841 1971 τοιοῦτος.

174 2031 205 2058 δ’.
224 2028 292 2057 Εἶπε
314 2030 412 2057 πάλιν·
437 2028 527 2055 Καλὸν
554 2029 651 2063 φαγεῖν
681 2027 750 2064 κρέα
777 2028 824 2054 καὶ
852 2029 923 2054 πιεῖν

127 2073 221 2108 οἶνον,
250 2076 298 2103 καὶ
327 2073 365 2111 μὴ
393 2077 490 2110 φαγεῖν
518 2076 546 2102 ὲν
571 2073 749 2105 καταλαλιαῖς
766 2074 786 2089 ³⁷
818 2073 923 2108 σάρκας

128 2123 266 2158 ἀδελφῶν.

162 2173 194 2196 ε’.
219 2167 286 2195 Εἷπε
301 2167 398 2195 πάλιν·
416 2167 570 2203 Ψιθυρίσας
595 2166 609 2192 ὸ
630 2167 691 2201 ὕφις
719 2168 767 2202 τήν
781 2164 853 2192 Εὔαν
875 2165 922 2190 τοῦ

130 2214 295 2250 παραδείσου
315 2214 435 2247 ἐξέϐαλε.
452 2213 553 2240 Τούτου
567 2210 613 2239 οὖν
636 2213 727 2248 ὅμοιος
753 2211 828 2238 ἔσται
840 2211 862 2226 ⁸⁸
877 2211 923 2237 καὶ

973 1650 1111 1677 midabilis
1133 1653 1175 1677 est
1199 1649 1309 1682 onagris
1319 1648 1352 1680 ’",
1369 1649 1405 1676 ita
1422 1649 1522 1683 probus
1547 1649 1698 1677 monachus
1713 1658 1761 1676 co-

972 1696 1152 1732 gitationibus
1164 1695 1333 1730 cupiditatis.

1007 1739 1035 1766 2.
1054 1739 1109 1774 (14)
1120 1739 1192 1766 Dixit
1208 1739 1305 1765 iterum
1319 1747 1324 1764 :
1342 1738 1488 1773 Jejunium.
1499 1738 1604 1766 frenum
1614 1744 1656 1766 est
1669 1747 1762 1767 inona-

973 1786 1025 1814 cho
1041 1786 1172 1814 adversus
1185 1790 1336 1821 peccatum.
1354 1785 1406 1819 Qui
1423 1786 1489 1813 illud
1505 1786 1611 1822 abjicit,
1627 1794 1716 1822 equus
1732 1787 1761 1816 in

974 1833 1090 1860 feminas
1104 1832 1197 1860 furens
1214 1839 1276 1860 esse
1290 1832 1502 1867 deprehenditur
1509 1833 1543 1860 ³⁸.

1009 1879 1035 1906 5.
1055 1879 1111 1915 (15)
1131 1879 1238 1906 Rursus
1254 1878 1342 1906 dixit:
1355 1878 1406 1911 Qui
1422 1879 1541 1914 linguam
1556 1887 1632 1906 suam
1650 1880 1678 1907 in
1692 1883 1762 1907 tem-

973 1933 1040 1961 pore
1056 1925 1104 1953 irae
1120 1933 1173 1953 non
1190 1925 1369 1956 continuerit.
1385 1926 1407 1953 is
1432 1934 1520 1961 neque
1533 1926 1645 1954 aﬂ‘ectus
1660 1928 1761 1956 retine-

974 1973 1022 2000 bit.
1373 1967 1375 1971 ’

1009 2020 1035 2046 ι.
1057 2019 1113 2054 (16)
1135 2019 1208 2046 Dixit
1226 2019 1334 2046 adhuc:
1356 2018 1459 2046 Bonum
1475 2024 1527 2053 est,
1545 2020 1689 2048 comedere
1700 2029 1761 2048 car-

975 2074 1036 2093 nem
1051 2071 1077 2093 et
1089 2066 1183 2093 bibere
1196 2065 1299 2097 vinum,
1315 2073 1364 2093 nec
1381 2066 1546 2093 manducare
1560 2074 1608 2101 per
1632 2067 1758 2103 obloquia

973 2120 1071 2139 carnes
1087 2112 1213 2139 fratrum.

1008 2157 1034 2184 5.
1055 2157 1109 2193 (l7)
1125 2157 1166 2185 Ab
1179 2165 1212 2185 eo
1225 2157 1307 2185 etiam
1322 2157 1424 2184 dictum
1439 2157 1490 2184 fuit
1505 2166 1512 2183 ς
1526 2157 1578 2185 Per
1593 2159 1761 2186 susurratio«

973 2211 1035 2231 nem
1051 2211 1163 2238 serpens
1181 2203 1263 2230 Evam
1276 2211 1291 2230 e
1309 2203 1437 2238 paradiso
1455 2205 1568 2239 expulit.
1591 2204 1629 2231 llli
1644 2212 1708 2240 ergo
1722 2205 1761 2232 si-

128 2263 143 2287 t‘
154 2259 315 2288 καταλαλῶν
329 2259 376 2286 τοῦ
389 2259 502 2294 πλησίον
513 2268 519 2274 ”
532 2259 580 2294 τὴν
591 2259 645 2294 γὰρ
658 2258 746 2294 ψυχὴν
757 2258 803 2284 τοῦ
815 2257 923 2284 ἀκούον-

984 2251 1047 2277 nilis
1063 2250 1115 2276 erit
1134 2250 1180 2285 qui
1198 2249 1232 2276 de
1247 2250 1371 2285 proximo
1383 2249 1517 2277 detrahet.
1529 2249 1595 2276 Nam
1608 2256 1635 2277 et
1651 2251 1760 2278 audien-

128 2314 176 2338 τος
190 2305 329 2336 ἀπολλύει,
345 2305 393 2332 καὶ
409 2305 457 2340 τὴν
475 2304 573 2331 ἑαυτοῦ
592 2305 623 2330 σὺ
642 2304 777 2335 διασώζει.

168 2355 205 2384 ς’.
224 2349 291 2378 Εἶπε
306 2351 403 2377 πάλιν·
422 2350 565 2386 Θησαυρός
585 2351 644 2376 ἐστι
669 2349 786 2385 μοναχοῦ
808 2349 825 2384 ἡ
845 2349 922 2375 ἐκού-

129 2406 189 2429 σιος
204 2397 390 2433 ἁκτημοσύνη.
408 2397 578 2433 Θησαύρισον
588 2417 595 2428 ,
611 2396 709 2430 ἀδελφὲ
721 2416 729 2428 ,
748 2397 777 2422 ὲν
794 2395 900 2430 οὐρανῷ
915 2404 921 2410 ·

130 2443 281 2479 ἀπέραντοι
293 2442 348 2478 γὰρ
362 2442 412 2476 τῆς
428 2441 608 2473 ἀναπαύσεως
621 2441 645 2468 οἱ
661 2441 768 2471 αἰῶνες.

166 2531 199 2564 ζ’,
215 2529 281 2557 Εἶπε
299 2531 396 2557 πάλιν·
417 2531 449 2557 Ἠ
467 2529 615 2566 ἐνθύμησις
631 2538 678 2556 σου
692 2529 839 2561 διαπαντὸς
854 2529 924 2556 ἔστω

169 2608 191 2624 ⁸⁵
205 2609 247 2636 ΑΙ.
265 2609 327 2635 add.
346 2609 392 2635 καὶ
406 2609 436 2634 οὐ
452 2608 649 2643 κατεδεξάμην.

131 2645 216 2671 ἐστιν.
253 2644 278 2659 ⁸⁸
290 2643 372 2671 Eccli.
386 2652 445 2676 xtn,
457 2644 502 2671 25,
539 2644 561 2659 ⁰⁰
581 2643 635 2671 Jer.
651 2651 677 2675 ν,
692 2643 719 2671 8.

169 2721 226 2755 (12)
251 2720 427 2755 Ὑπερέχιος.
450 2720 611 2756 Hyperechii
639 2720 721 2755 hujus
741 2721 859 2756 capitula
877 2729 926 2756 pa-

131 2756 261 2782 rzenctica
280 2761 400 2783 asccttca
420 2756 471 2783 159
494 2756 643 2790 publicavit
670 2757 716 2783 Fr.
735 2756 926 2789 Combelisius,

134 2791 175 2817 vir
201 2791 428 2822 eruditissimus,
443 2792 570 2818 Auctario
596 2791 704 2818 ultimo.
724 2791 753 2818 In
769 2793 803 2819 iis
822 2792 927 2826 Apoph-

133 2827 269 2861 tltegmata
289 2828 341 2861 ista
367 2835 415 2854 seu
432 2827 575 2854 sententiae
590 2828 784 2859 continentur.
805 2827 927 2856 numeris

133 2868 213 2897 quos,
222 2861 293 2897 infra
308 2866 443 2897 notamus.

170 2896 227 2931 (15)
253 2895 305 2923 Vit.
324 2896 402 2924 Patr.
418 2905 454 2926 tv.
472 2896 684 2932 ιΞὶςΗνρειεεΙι.
700 2905 727 2925 ιι.
746 2897 790 2926 66.

697 2608 720 2623 "
735 2607 777 2635 Al.
787 2607 963 2643 ἡδυπαθείας.

975 2298 1010 2324 tis
1028 2297 1144 2322 animam
1167 2296 1268 2330 perdit,
1288 2300 1314 2322 et
1328 2303 1405 2322 suam
1423 2303 1476 2322 non
1490 2302 1643 2323 conservat.

1010 2343 1037 2369 6.
1057 2342 1112 2377 (13)
1134 2341 1191 2369 Hoc
1207 2349 1316 2376 quoque
1327 2341 1430 2368 dictaui
1447 2342 1583 2376 protulit;
1603 2341 1762 2370 Thesaurus

975 2389 1101 2416 monachi
1119 2392 1160 2415 est
1175 2387 1326 2414 voluntaria
1341 2393 1496 2421 paupertas.
1512 2387 1682 2414 Thesauran
1695 2397 1761 2415 con-

975 2444 1048 2471 gere.
1062 2435 1157 2465 frater,
1175 2435 1201 2461 in
1216 2434 1297 2460 cmlo.
1314 2433 1372 2459 lllic
1393 2432 1466 2460 cnim
1488 2433 1593 2460 infinita
1609 2434 1709 2468 quietis
1736 2439 1762 2461 et

975 2480 1153 2508 beatitudinis
1166 2479 1275 2507 saecula.

1013 2527 1039 2555 7.
1058 2526 1120 2562 ‘(t9)
1149 2526 1212 2553 lixc
1238 2525 1342 2560 pariter
1369 2525 1458 2560 ipsius
1479 2525 1615 2552 sententia
1639 2526 1761 2553 exstitit:

1009 2606 1033 2622 "
1043 2606 1085 2633 ΑΙ.
1104 2612 1189 2640 praep.
1209 2604 1335 2640 μοναχός.
1386 2604 1409 2621 ⁸⁷
1429 2604 1473 2631 Al.
1485 2603 1645 2640 καταλαλιᾷ.
1683 2604 1706 2620 ⁸⁸
1719 2604 1760 2632 Al.

1011 2720 1068 2755 (H)
1094 2720 1147 2747 Vit.
1166 2719 1244 2746 Patr.
1257 2727 1294 2751 iv,
1309 2719 1359 2752 46;
1375 2719 1519 2755 Hyperech.
1533 2727 1561 2746 ιι.
1583 2719 1627 2746 80.

1012 2756 1068 2790 (15)
1092 2755 1147 2782 Vit.
1166 2755 1246 2790 Patr.
1266 2763 1303 2787 Iv,
1318 2755 1528 2790 49;!1gperec/i.
1546 2763 1573 2781 ιι.
1587 2755 1630 2790 97.

1012 2791 1068 2827 (16)
1162 2789 1240 2827 I_’atr.
1259 2798 1300 2822 ιιι,
1314 2790 1384 2827 γ1ῥ4ς
1397 2790 1540 2827 Hypereeh.
1557 2789 1660 2827 ηηιμ.

1011 2825 1068 2860 (17)
1092 2825 1145 2853 Vit.
1164 2825 1241 2852 Patr.
1259 2833 1296 2858 ιν,
1311 2826 1362 2858 52;
1380 2826 1523 2860 Hyperech.
1539 2834 1566 2852 ιι.
1582 2825 1642 2851 155.

1014 2861 1071 2896 (18)
1096 2860 1149 2896 Vit.
1163 2860 1241 2896 Ifatr.
1254 2868 1291 2892 vt,
1309 2860 1359 2894 M;
1374 2861 1519 2896 Hyperectt.
1535 2869 1560 2887 ιι.
1575 2861 1626 2896 At),
1644 2860 1690 2888 ﬂ.

1014 2864 1059 2893 (18
1099 2864 1149 2888 Vit.
1163 2864 1241 2889 Patr.
1254 2868 1291 2892 vt,
1309 2864 1359 2894 M;
1374 2864 1519 2896 Hyperectt.
1535 2869 1560 2887 ιι.
1575 2864 1626 2889 40.

1013 2864 1071 2932 (19;
1094 2895 1147 2924 Vit.
1163 2895 1241 2924 Patr.
1257 2903 1296 2930 ιιι,
1311 2896 1363 2931 35;
1381 2896 1525 2932 Hypereclt.
1546 2904 1574 2923 ιι.
1590 2895 1637 2922 24.
