1978 3075
217 170 265 197 431

780 167 950 195 ΛΡΡΕΝΏΙΧ
970 168 1016 194 AD
1036 168 1248 198 PALLADIUM.

1784 165 1838 193 ιῦέ

217 230 327 256 Attenta
342 236 450 263 semper
471 229 506 256 sit
522 228 652 264 cogitatio
671 231 717 254 tua
732 227 766 254 ad
786 234 899 262 regnum
915 226 1000 254 ecclo-

1060 235 1078 252 ,ν
1093 229 1126 263 τῇ
1142 227 1264 263 βασιλείᾳ
1278 227 1331 254 τῶν
1354 227 1475 262 οὐρανῶν
1489 235 1495 242 '
1513 226 1559 252 καὶ
1575 226 1604 251 ἐν
1617 224 1694 260 τάχει
1711 224 1838 260 κληρονο-

216 283 288 305 rum.
304 278 331 301 et
348 275 420 302 brevi
439 275 505 302 illud
522 275 549 302 in
566 274 754 302 htereditatcm
770 273 897 308 accipies.

251 324 276 348 8.
301 321 356 356 (ΞΟ)
380 322 449 348 Dixit
465 326 593 356 prreterea
615 321 790 348 :Pretiosum
811 323 1001 347 ornamentum

216 368 355 397 monachi.
378 372 420 394 est
434 367 597 394 obcdicntia.
611 367 662 400 Qui
679 366 799 402 possidet
815 366 900 397 illam,
917 373 931 391 a
947 364 1002 392 Deo

216 413 390 445 exaudiatur;
409 417 434 440 et
449 421 509 440 cum
526 413 623 439 ﬁducia
647 411 785 439 Cruciﬁxo
807 411 915 438 astabit.
933 409 1000 437 Nam

217 461 263 495 qui
277 460 349 488 cruci
365 459 458 486 aﬂixns
479 458 530 485 fuit
547 458 689 491 Dominus,
707 457 797 484 factus
816 460 857 484 est
871 456 1002 484 obediens

218 513 304 541 usque
321 505 354 532 ad
368 509 482 531 mortem
499 504 533 530 “.

442 558 609 594 Principium
626 558 723 584 [itu-rte
742 557 773 583 Φ.

481 615 518 642 De
538 615 631 641 abbate
645 614 745 641 Pltoca.

253 673 278 700 Ι.
299 673 337 701 Ita
351 673 445 700 retulit
456 673 541 700 abbas
556 671 673 703 Phocas,
687 672 732 699 ille
745 679 760 698 e
779 670 905 698 coenobio
923 670 1004 697 abba-

219 719 255 746 tis
273 717 404 753 Tbeognii
430 718 509 752 primi
526 716 743 752 HicmsolymiL'n
759 725 765 742 :
790 715 938 743 Residente
960 723 1003 743 rue

218 764 246 792 in
267 763 350 796 Sceti,
363 763 473 799 quidam
500 763 585 791 abbas
606 763 726 790 Jacobus
743 763 836 797 junior
861 764 961 789 mansit
976 763 1002 789 in

219 809 316 843 Cellis,
333 810 378 845 qui
399 809 515 837 habebat
538 814 642 844 patrem
662 809 786 837 eumdem
811 809 947 836 carnalem
965 808 1003 836 si-

220 856 275 883 mnl
289 861 315 883 et
328 856 507 890 spiritualem.
526 857 609 884 l’orro
624 856 651 882 in
671 855 754 883 Cellis
767 854 827 882 dna:
841 859 905 882 sunt
916 855 1003 882 eccle-

220 901 282 933 siae;
296 908 348 928 una
364 901 592 934 orthodoxorum,
608 901 654 928 ubi
669 901 888 928 communicabat
901 901 1002 934 ;altera
1018 912 1040 940 Β

221 946 451 981 aposchistarum.
474 946 542 979 Quia
570 955 633 980 ergo
661 947 746 974 abbas
768 946 888 974 Jacobns
916 946 1002 982 gratia

221 991 383 1019 humilitatis
411 991 540 1026 pollebat,
560 991 724 1027 diligebatur
738 992 772 1019 ab
794 992 931 1023 omnibus,
946 997 1002 1018 tum

220 1036 416 1065 ecclesiasticis
434 1045 481 1064 seu
497 1038 650 1069 catholicis,
666 1041 723 1064 tum
742 1038 916 1072 aposcbistis.
930 1036 1003 1069 Quo-

220 1084 295 1111 circa
322 1083 470 1111 monebant
490 1091 552 1110 eum
576 1083 720 1116 orthodoxi
739 1093 744 1110 :
769 1083 851 1115 Cave,
872 1083 942 1110 abba
957 1082 1004 1110 Ja-

220 1129 298 1162 cobe,
313 1137 347 1156 ne
363 1133 388 1156 te
402 1129 544 1164 deceptum
559 1129 722 1164 aposchistze
739 1129 876 1156 attrahant
892 1130 917 1156 in
928 1136 1004 1156 com-

221 1175 380 1202 munionem
403 1182 491 1201 suam.
505 1174 568 1202 Pari
586 1174 670 1202 modo
685 1175 851 1209 aposchistte
872 1175 981 1202 aiebant
996 1183 1002 1200 :

222 1219 258 1248 Ut.
270 1221 353 1252 scias,
370 1221 439 1248 abba
462 1219 572 1252 Jacobe.
593 1227 655 1248 cum
681 1220 828 1255 dipbysitis
852 1220 1005 1247 communi-

222 1274 289 1293 cans
304 1266 395 1301 perdis
406 1266 524 1293 animam
548 1269 637 1297 tuam;
663 1270 727 1293 sunt
746 1266 819 1292 enim
839 1264 1005 1297 Nestoriani,

223 1316 251 1340 et
268 1311 433 1338 calumniam
457 1311 577 1338 inferunt
596 1311 713 1339 veritati.
739 1309 859 1339 Jacobns
879 1319 944 1338 vero
959 1311 1006 1338 ab-

221 1358 282 1390 bas,
295 1362 388 1392 utpote
408 1358 524 1392 simplex
547 1357 599 1388 vir.
616 1357 651 1384 ad
667 1357 808 1392 angustias
828 1364 875 1392 per
900 1364 932 1384 ea
946 1364 1007 1391 quat

225 1411 258 1431 ex
289 1409 404 1438 utraque
429 1407 506 1438 parte
530 1402 740 1437 proferebantur
766 1403 902 1435 redactus,
927 1408 1007 1438 atque

225 1449 369 1476 anxietatis
382 1449 489 1483 plenus,
504 1455 536 1475 eo
546 1448 678 1475 deductus
693 1453 751 1480 est,
770 1449 807 1475 uti
828 1447 912 1476 Deum
930 1448 1008 1475 obse-

224 1499 322 1522 craret.
341 1494 435 1529 Itaque
448 1493 551 1520 abdidit
567 1502 596 1520 se
611 1494 637 1520 in
653 1494 750 1520 cellam
765 1501 825 1529 qua:
849 1498 926 1520 extra
947 1493 1007 1521 lau-

224 1549 282 1568 ram
297 1541 324 1568 in
340 1541 399 1568 loco
421 1540 512 1576 quieto
524 1545 598 1571 erat,
614 1539 731 1567 inducas
754 1541 920 1575 sepulcrales
943 1547 1007 1567 suas

223 1591 331 1618 vestes,
347 1591 476 1622 tanquam
500 1586 661 1613 moriturtts.
686 1585 780 1612 Solent
803 1586 904 1620 quippe
925 1585 1007 1621 )Egy-
1021 1580 1042 1609 C

225 1635 274 1669 ptii
305 1633 410 1667 Patres,
441 1633 584 1660 Ievitonem
613 1632 640 1659 in
665 1640 719 1667 quo
736 1637 858 1660 sanciunt
886 1632 1008 1659 habitum

225 1682 412 1712 sumpserunt,
442 1685 547 1704 necnon
571 1677 704 1704 cucullam
733 1677 766 1704 ad
789 1680 904 1704 mortem
924 1685 1010 1712 usque

225 1731 377 1753 reservare.
393 1727 419 1750 et
440 1730 502 1749 cum
525 1722 579 1749 illis
604 1722 726 1756 sepeliri;
747 1726 886 1756 gestantes
908 1723 1010 1749 solum-

226 1770 307 1798 modo
335 1770 377 1797 die
400 1769 541 1796 Dontinica
567 1769 599 1796 ad
631 1774 753 1796 sanctam
778 1769 1009 1801 communionem,

227 1817 373 1851 statimque
392 1820 454 1851 post
467 1815 672 1843 contrahentes.
688 1814 756 1841 Cum
771 1822 836 1849 ergo
854 1815 967 1842 abiissct
983 1815 1008 1841 in

228 1863 299 1890 illam
318 1862 423 1893 cellam,
439 1861 523 1888 Deum
542 1865 669 1895 precatus
689 1864 772 1888 esset.
792 1859 897 1893 jejunio
918 1860 1011 1887 cortic—

228 1905 313 1932 cisset
327 1912 368 1936 se,
383 1904 410 1930 in
431 1903 520 1930 solum
539 1903 647 1934 cecidit,
660 1903 814 1938 mansitque
827 1903 934 1937 jacens.
949 1902 1011 1929 Aie-

227 1951 273 1977 bat
286 1957 366 1985 porro
381 1949 464 1976 multa
479 1956 507 1976 se
520 1956 567 1982 per
581 1948 642 1975 illos
656 1948 714 1975 dies
733 1956 747 1975 a
767 1948 934 1975 dmumnibus
950 1956 1011 1982 pas-

227 2004 287 2023 sum
305 1995 400 2025 fuisse,
416 1994 563 2029 praesertim
587 1994 614 2020 in
631 1997 729 2020 mente.
745 1993 931 2027 Quadraginta
946 2001 1010 2020 vero

227 2041 323 2067 diebus
339 2040 474 2074 peractis,
495 2039 568 2066 videt
592 2046 704 2073 pnernnt
720 2039 765 2073 qni
781 2039 813 2064 ad
831 2046 860 2066 se
878 2039 1012 2073 ingredie—

228 2086 308 2113 batur
324 2085 469 2112 a‘lmodum
486 2085 573 2111 lzctns.
598 2084 621 2110 Is
636 2084 674 2110 ait
691 2093 696 2109 :
717 2084 793 2110 Abba
816 2083 927 2115 Jacobe,
945 2085 1010 2118 quid

228 2132 274 2159 hic
290 2120 369 2166 a‘gis?
391 2130 422 2156 Et
436 2130 580 2157 confestim
600 2130 752 2157 illustratus
763 2150 769 2161 ,
793 2130 964 2165 sumptisque
978 2139 1010 2158 cx

228 2178 288 2212 ejus
311 2181 420 2212 aspectu
435 2177 556 2208 viribus,
571 2176 660 2203 dixit:
681 2175 802 2208 nomine,
821 2181 848 2203 tu
870 2177 925 2203 scis
945 2177 1011 2212 quid

228 2223 353 2250 habeam.
369 2221 408 2248 Illi
436 2221 476 2248 sic
496 2222 644 2255 loquuntur
668 2221 756 2248 mihi:
780 2221 819 2248 Ne
833 2222 1010 2257 dercliqueris

228 2267 395 2300 Ecclesiam;
414 2267 458 2293 alii
472 2271 561 2294 autem
582 2270 633 2294 hoc
651 2267 731 2293 modo
747 2276 753 2293 :
771 2266 912 2294 Seducunt
928 2273 954 2295 te
970 2269 1011 2296 di-

228 2314 351 2349 physitm.
368 2312 442 2339 Unde
458 2320 508 2346 ego
526 2313 677 2347 ambigens,
692 2320 742 2339 nec
754 2313 844 2341 sciens
855 2314 919 2348 quid
932 2322 1011 2349 agere

227 2357 350 2390 debeam,
371 2359 431 2385 veni
453 2358 485 2385 ad
506 2358 532 2385 id
545 2358 616 2392 quod
631 2359 732 2386 cernis.
753 2359 907 2394 Respondet
922 2362 946 2388 ei
959 2360 1010 2387 Do-

228 2404 338 2430 minus:
361 2403 412 2430 Ubi
436 2411 476 2436 es,
495 2404 563 2430 bene
579 2412 618 2431 es.
641 2404 729 2439 Atque
747 2405 818 2432 illico
839 2407 920 2433 simul
938 2414 969 2433 ac
983 2407 1008 2434 id

269 2479 289 2496 "
306 2481 419 2516 Philipp.
437 2487 455 2508 tt
469 2501 476 2512 ,
500 2482 526 2509 8.
565 2484 588 2498 "
604 2483 688 2510 Abest
701 2483 810 2518 πρώτου
830 2483 865 2510 ab
879 2484 914 2511 al.

267 2559 322 2595 (ΞΟ)
349 2559 399 2595 Vit.
418 2560 493 2586 Patr.
509 2564 564 2590 xlv,
580 2561 626 2589 ‘ll:
647 2559 790 2595 IIypcrec/t.
809 2560 853 2591 59,
875 2561 936 2588 159.

265 2593 319 2629 (il)
341 2593 413 2622 Εἶπε
427 2595 533 2622 πάλιν·
548 2593 718 2629 Ιιέιμήλιὸν.
738 2595 833 2621 Addidi
854 2597 924 2623 hanc
944 2603 1008 2623 sen-

229 2632 340 2691 tenit‘iam
354 2639 385 2657 ex
403 2631 496 2658 codice
519 2629 685 2657 Colbertino.
710 2630 918 2658 Desiderabatur
934 2632 1007 2658 enim

230 2673 257 2691 ιιι
298 2673 365 2691 t‘ﬂlt).

230 2673 257 2692 In
274 2673 365 2699 ﬂt‘glt).

266 2701 320 2734 (2'2)
341 2700 540 2734 Ἀποσχίσται.
560 2699 626 2726 Cum
644 2700 806 2734 generaliter
827 2707 921 2727 omnes
936 2700 1009 2727 scht-

231 2735 335 2761 stnatit'i
363 2736 418 2761 sint
444 2736 524 2761 etiam
549 2735 724 2769 aposcliistm;
750 2735 820 2761 unde
845 2735 871 2761 in
891 2735 1008 2762 concilio

231 2769 365 2803 Epltesino
378 2775 412 2795 ita
430 2771 599 2803 appellantur
609 2770 720 2797 Joannis
738 2770 899 2796 Antiochcni
921 2775 1010 2797 seclu-

231 2806 460 2839 toi'cs;pcculiari
478 2810 567 2831 tamen
597 2806 701 2831 ratione
732 2804 853 2830 nonnulli
878 2806 930 2831 hoc
959 2813 1010 2831 no-

233 2847 293 2865 men
319 2841 417 2866 terunt.
440 2839 469 2865 ν.
486 2839 518 2867 G.
534 2840 570 2866 illi
601 2840 731 2873 descripti
756 2847 769 2865 a
787 2839 890 2866 Joanne
915 2839 1011 2865 Dama-

234 2875 420 2902 scenobaeresi
432 2875 492 2908 105,
504 2883 552 2903 seu
566 2875 660 2902 ultima
671 2884 677 2901 :
690 2879 717 2902 et
735 2875 832 2902 latumst
847 2875 902 2906 isti,
913 2874 1011 2903 srnodi

955 2485 978 2501 "
995 2485 1038 2512 Al.
1053 2486 1174 2517 ἀπολεῖς.

1054 273 1150 308 μήσεις
1170 273 1263 308 αὑτήν.

1088 321 1124 352 η’.
1137 315 1205 344 Εἷπε
1227 316 1324 343 πάλιν*
1343 316 1491 351 Κειμήλιόν
1509 315 1565 351 (21)
1581 315 1638 341 ἐστι
1654 314 1700 340 τοῦ
1722 314 1839 350 μοναχοῦ

1052 365 1068 398 ἡ
1093 364 1211 398 ὑπακοή.
1235 363 1264 390 ’0
1292 362 1460 398 κεκτημένος
1485 361 1567 396 αὐτὴν
1599 361 1840 395 εἰσακουσθήσεται

1052 408 1104 434 ὑπὸ
1118 408 1165 434 τοῦ
1183 408 1266 441 Θεοῦ,
1279 409 1326 435 καὶ
1346 408 1414 442 μετὰ
1428 407 1583 443 παρῤησῖας
1601 406 1639 441 τῷ
1659 405 1843 440 σταυρωθέντι

1053 455 1277 490 παραστήσεται·
1292 455 1306 481 ὁ
1329 453 1383 490 γὰρ
1407 453 1572 488 σταυρωθεὶς
1593 451 1695 488 Κύριος
1721 451 1841 486 ὑπήκοος

1052 500 1146 534 γέγονε
1162 500 1244 536 μέχρι
1257 499 1384 526 Θανάτου.

1269 555 1353 591 Ἀρχὴ
1365 554 1411 582 τοῦ
1427 555 1447 581 Φ
1465 555 1609 589 στοιχείου.

1254 611 1323 646 Περὶ
1348 611 1400 638 τοῦ
1429 610 1504 638 ὰϐὅᾶ
1532 609 1629 637 Φωκᾶ.

1089 672 1123 695 α’.
1144 668 1256 702 Ἔλεγεν
1272 669 1286 694 ὁ
1301 667 1387 699 “Si;
1402 668 1499 699 Φωκᾶς
1524 667 1538 693 ὁ
1562 666 1610 693 τοῦ
1633 665 1767 692 κοινοὸίου
1792 661 1841 690 τοῦ

1053 714 1125 741 ἁΰϐᾶ
1134 714 1260 748 Θεογνῐου
1275 713 1322 739 τοῦ
1339 713 1446 749 πρώτου
1455 713 1478 730 "
1499 712 1720 748 Ἱεροσολυμίτου,
1733 712 1772 738 ὅτι
1784 712 1842 738 Κα-

1054 759 1171 795 θημένου
1189 767 1239 794 μου
1254 759 1282 785 ὲν
1297 759 1396 794 Σκήτει
1409 778 1417 790 ,
1437 758 1532 793 γέγονέ
1548 767 1590 789 τις
1604 757 1690 789 ἀὸὁᾶς
1714 757 1842 787 Ἰάκωϐος

1053 805 1184 840 νεώτερος
1204 806 1234 831 ἐν
1248 806 1302 836 τοῖς
1319 804 1457 836 Κελλίοις,
1474 804 1542 839 ἔχων
1557 805 1604 831 καὶ
1618 803 1722 837 πατέρα
1735 801 1780 829 τὸν
1793 803 1842 829 αὺ-

1053 851 1098 877 τὸν
1111 851 1240 886 σαρκικδν
1257 851 1315 885 ἅμα
1330 850 1377 876 καὶ
1392 850 1586 885 πνευματικόν.
1602 849 1678 884 Ἔχει
1689 848 1761 875 δὲτὰ
1771 847 1842 874 Κελ-

1053 897 1098 924 λία
1122 897 1269 933 ἐκκλησίας
1287 896 1334 924 δύο
1345 904 1351 912 ⁸
1371 897 1433 932 μίαν
1458 896 1511 923 τῶν
1527 895 1674 931 ὀρθοδόξων
1687 915 1694 928 ,
1715 894 1779 921 ἔνθα
1795 894 1844 921 καὶ

1053 944 1200 974 ἐκοινώνει,
1216 944 1263 970 καὶ
1277 943 1340 979 μίαν
1352 943 1407 970 τῶν
1420 942 1603 978 ἀποσχιστῶν.
1619 942 1695 969 Ἐπεὶ
1709 939 1754 968 οὖν
1769 939 1843 975 εἶχεν

1046 991 1068 1016 -ὸ
1083 989 1169 1021 ᾰϐϐἆς
1190 989 1317 1020 Ἰάκωὸος
1335 989 1384 1024 τὴν
1409 989 1490 1024 χάριν
1506 989 1556 1023 τῆς
1581 986 1842 1022 ταπεινοφροσύνης,

1053 1037 1178 1071 ἠγαπᾶτο
1197 1035 1273 1071 παρὰ
1298 1035 1426 1066 πάντων,
1454 1036 1501 1062 καὶ
1519 1035 1573 1061 τῶν
1598 1032 1844 1070 ὲκκλησιαστικῶν,

1055 1083 1102 1109 καὶ
1114 1083 1167 1109 τῶν
1182 1082 1364 1118 ἀποσχιστῶν.
1381 1082 1495 1116 Ἔλεγον
1508 1079 1554 1108 οὖν
1571 1081 1645 1115 αὑτῷ
1658 1081 1682 1107 oi
1696 1078 1843 1116 ὀρθόδοξοι·

1055 1128 1141 1154 Βλέπε
1152 1148 1158 1159 ,
1174 1128 1246 1155 ὰὸϐᾱ
1266 1128 1376 1154 Ἰάκωϐε
1386 1148 1393 1159 ,
1412 1127 1449 1163 μὴ
1467 1127 1628 1162 ἁπατήσωσί
1646 1135 1675 1152 σε
1690 1127 1714 1152 οἱ
1729 1124 1845 1159 ἁποσχί·

1056 1182 1116 1200 σται
1135 1174 1201 1208 ('22),
1224 1174 1270 1200 καὶ
1294 1173 1427 1200 ἐλκὺσωσί
1451 1181 1481 1199 σε
1508 1173 1548 1204 εἰς
1569 1172 1618 1208 τὴν
1634 1171 1775 1198 κοινωνίαν
1795 1170 1846 1196 αὖ·

1055 1220 1119 1247 τῶν.
1150 1220 1264 1255 Ὁμοίως
1280 1220 1308 1246 δὲ
1334 1220 1380 1246 καὶ
1406 1220 1431 1245 οἱ
1457 1219 1618 1254 ἀποσχὶσται
1644 1218 1735 1251 ἔλεγον
1752 1216 1843 1251 αὐτῷ’

1057 1267 1115 1293 Ἵνα
1129 1264 1201 1298 οἶδας
1214 1287 1222 1298 ,
1239 1266 1312 1293 ὰεϐἄ
1329 1266 1439 1293 Ἰάκωῦε
1455 1286 1462 1299 ,
1483 1266 1523 1292 ὅτι
1541 1264 1609 1299 μετὰ
1623 1263 1678 1290 τῶν
1693 1262 1845 1297 Διφυσιτῶν

1056 1312 1192 1339 κοινωνῶν
1206 1331 1214 1343 ,
1239 1312 1364 1343 ἀπόλλεις
1379 1312 1402 1328 ’³
1420 1311 1470 1346 τὴν
1482 1311 1571 1346 ψυχήν
1589 1319 1634 1336 σου
1645 1317 1652 1325 ’
1669 1307 1845 1344 Νεστοριανοὶ

1056 1359 1110 1394 γάρ
1125 1359 1188 1389 εἰσι,
1205 1359 1252 1385 καὶ
1265 1357 1463 1392 συκοφαντοῦσι
1477 1357 1525 1393 τὴν
1540 1356 1679 1392 ἀλήθειαν.
1705 1354 1733 1381 '0
1755 1355 1783 1381 δὲ
1797 1353 1848 1380 ἀΰ-

1057 1406 1107 1437 6ἄς
1124 1404 1249 1436 Ἰάκωϐος
1273 1405 1400 1439 ἀκέραιος
1417 1403 1470 1436 ὣν,
1494 1403 1542 1430 καὶ
1570 1402 1713 1433 στενωθεὶς
1739 1402 1771 1427 ὲκ
1789 1399 1846 1426 τῶν

1058 1451 1211 1486 λεγομένων
1228 1450 1302 1485 αὺτῴ
1310 1450 1339 1482 ἐξ
1349 1450 1521 1485 ἀμφοτέρων,
1533 1449 1580 1476 καὶ
1593 1447 1751 1484 ἀπορηθεὶς,
1762 1445 1846 1482 ἦλθεν

1058 1498 1104 1524 ἐπὶ
1119 1497 1149 1523 τὺ
1176 1496 1365 1532 παρακαλέσαι
1392 1495 1438 1522 τὸν
1463 1495 1539 1522 Θεόν.
1557 1495 1612 1521 Καὶ
1629 1494 1661 1528 δὴ
1689 1493 1848 1526 ἀπέκρυψεν

1059 1542 1153 1570 ἑαυτὸν
1167 1543 1195 1568 ὲν
1221 1541 1318 1576 κελλίῳ
1333 1541 1384 1573 ἔξω
1398 1541 1447 1575 τῆς
1458 1540 1560 1575 λαύρας
1574 1539 1737 1574 ἡσυχάζοντι
1747 1557 1754 1568 ,
1771 1537 1848 1563 ἐνδυ-

1061 1589 1176 1624 σάμενος
1199 1588 1232 1614 τὰ
1250 1587 1365 1622 ἐντάφια
1377 1587 1400 1603 ’³
1416 1586 1514 1616 αὐτοῦ.
1538 1586 1576 1616 ὠς
1603 1585 1706 1619 μέλλων
1727 1583 1848 1618 ἀποθνή-

1061 1634 1265 1668 σκειν.Ἔχουσι
1288 1633 1343 1668 γὰρ
1367 1633 1427 1663 ἔθος
1451 1633 1474 1658 οἱ
1490 1631 1632 1666 Αἰγύπτιοι
1647 1630 1784 1665 Πατέρες,
1802 1629 1849 1656 τὺν

1060 1681 1191 1707 λεὸίτωνα
1204 1680 1243 1711 εἰς
1256 1679 1284 1706 ὅν
1301 1679 1468 1714 λαμϐάνουσι
1486 1677 1516 1704 τὸ
1531 1677 1608 1711 ἅγιον
1628 1677 1720 1711 σχῆμα
1733 1696 1740 1708 ,
1758 1676 1804 1702 καὶ
1816 1675 1848 1701 τὸ

1060 1727 1216 1753 κουκοὺλιον
1228 1746 1236 1758 ,
1250 1725 1393 1760 φυλάττειν
1422 1725 1473 1755 ἕως
1489 1724 1604 1750 θανάτου
1617 1742 1624 1754 ,
1640 1723 1687 1749 καὶ
1706 1723 1735 1748 ὲν
1757 1722 1848 1752 αὐτοῖς

1060 1771 1270 1806 ὲνταφιάζεσθαι
1283 1791 1289 1802 ,
1305 1771 1376 1797 κατά
1389 1769 1532 1805 Κυριακὴν
1549 1772 1626 1804 μονον
1644 1769 1683 1799 εἰς
1699 1768 1748 1802 τὴν
1766 1768 1849 1801 ἁγίαν

1061 1818 1203 1845 κοινωνίαν
1219 1817 1363 1852 φοροῦντες
1377 1817 1455 1847 αὐτὰ,
1473 1817 1518 1842 καὶ
1534 1815 1634 1847 εὐθέως
1648 1814 1847 1844 συστέλλοντες.

1067 1863 1204 1890 Ἀπελθὼν
1215 1861 1261 1889 οὖν
1278 1863 1306 1889 ἐν
1326 1861 1364 1897 τῷ
1381 1861 1478 1896 κελλὶῳ
1491 1861 1601 1895 ἐκείνῳ,
1619 1859 1784 1895 παρακαλῶν
1802 1860 1850 1886 τὸν

1061 1909 1137 1941 Θεὸν,
1151 1908 1197 1935 καὶ
1212 1907 1377 1942 ἐξατονήσας
1390 1908 1422 1942 τῇ
1440 1906 1562 1942 νηστείᾳ,
1576 1906 1673 1932 ἔπεσεν
1688 1906 1728 1936 εἰς
1741 1905 1772 1931 τὸ
1787 1904 1848 1930 ἐδα-

1062 1963 1110 1988 φος
1123 1975 1130 1985 ,
1145 1954 1192 1980 καὶ
1213 1953 1302 1988 ἔμεινε
1320 1953 1452 1988 κείμενος.
1470 1952 1559 1978 Πολλὰ
1579 1952 1606 1977 δὲ
1622 1952 1697 1985 ἔλεγε
1715 1951 1848 1977 πεπονθέ-

1062 2008 1105 2026 ναι
1123 2001 1150 2025 sv
1165 2001 1223 2030 ταῖς
1236 1998 1352 2034 ἡμέραις
1367 1997 1483 2029 ἐκείναις
1499 1997 1550 2023 ὑπὸ
1563 1997 1616 2023 τῶν
1631 1997 1774 2032 δαιμόνων,
1798 1997 1848 2032 μά-

1061 2044 1139 2070 λιστα
1157 2044 1227 2071 κατὰ
1245 2044 1373 2070 διάνοιαν.
1392 2043 1601 2078 Τεσσαρὰκοντα
1615 2042 1642 2068 δὲ
1657 2043 1767 2077 ἡμερῶν
1779 2041 1849 2068 διελ-

1063 2089 1177 2121 θουσῶν,
1192 2090 1242 2124 ὁρᾷ
1259 2089 1363 2115 παιδίον
1377 2088 1495 2115 εἰσελθὸν
1511 2089 1578 2123 πρὸς
1592 2089 1672 2114 αὐτὸν
1689 2088 1848 2123 περιχαρὲς,

1062 2137 1109 2162 καὶ
1125 2135 1198 2169 λέγει
1209 2135 1300 2170 αὐτῷ’
1319 2134 1402 2161 ’Λθϐἄ
1419 2134 1529 2161 Ἰάκωϐε
1541 2154 1547 2164 ,
1563 2135 1588 2160 τί
1604 2136 1687 2165 ποιεῖς
1703 2131 1772 2165 ὦδε;
1791 2135 1849 2160 Πα-

1064 2180 1191 2216 ραχρῆμα
1206 2180 1234 2205 δὲ
1254 2178 1399 2213 φωτισοεὶς
1412 2200 1418 2209 ,
1435 2179 1481 2204 καὶ
1508 2178 1598 2204 λαϐὼν
1613 2178 1726 2213 δύναμιν
1749 2179 1781 2204 ἐκ
1800 2178 1849 2212 τῆς

1063 2225 1144 2252 αὐτοῦ
1156 2225 1219 2256 θέςις
1232 2246 1238 2257 ,
1254 2222 1329 2251 εἶπεν
1354 2224 1427 2259 αὐτῷ
1437 2233 1443 2239 ·
1460 2224 1582 2251 Δέσποτα
1595 2245 1601 2253 ,
1616 2225 1647 2250 σὺ
1663 2223 1806 2258 γινώσκεις
1821 2223 1850 2249 τί

1064 2272 1127 2306 ἔχω.
1143 2271 1257 2297 Ἐκεῖνοι
1273 2270 1381 2304 λέγουσι
1395 2279 1449 2305 μοι,
1465 2270 1510 2305 Μὴ
1522 2271 1593 2305 ἀφῇς
1607 2270 1655 2304 τὴν
1675 2269 1848 2304 Ἐκκλησίαν

1064 2316 1111 2342 καὶ
1122 2317 1145 2342 οἱ
1164 2315 1237 2342 ἄλλοι
1253 2315 1361 2349 λέγουσι
1378 2324 1433 2350 μοι,
1447 2315 1571 2342 Πλανῶσί
1584 2324 1612 2341 σε
1626 2316 1649 2341 οἱ
1666 2316 1847 2350 Augurini."-

1063 2361 1140 2396 κάγὼ
1152 2361 1335 2397 ἀπορούμενος
1345 2382 1352 2393 ,
1367 2362 1414 2387 καὶ
1427 2362 1463 2396 μὴ
1476 2361 1554 2393 εἰδὼς
1567 2361 1593 2387 τί
1604 2362 1704 2395 δράσω,
1719 2359 1799 2397 ἦλθον
1809 2362 1851 2393 εἰς

1062 2408 1092 2434 τὺ
1116 2409 1230 2443 πρᾶγμα
1255 2407 1342 2434 τοῦτο.
1379 2407 1564 2442 Ἀποκρίνεται
1593 2407 1667 2442 αὐτῷ
1696 2408 1710 2433 ό
1730 2407 1850 2442 [uictor

1213 2486 1236 2501 ”
1256 2486 1299 2512 Al.
1319 2486 1425 2521 ἱμάτια.
1463 2485 1488 2501 ⁸³
1502 2485 1544 2512 Al.
1575 2485 1721 2520 Διφυσίτα.

1058 2562 1290 2589 Chalcedonensis
1305 2562 1407 2592 hostes.
1418 2562 1575 2597 Eutychiani
1590 2568 1622 2588 at,
1632 2561 1847 2597 MOHOpiIY§il£B1

1057 2597 1091 2624 de
1106 2598 1207 2631 quibus
1224 2597 1385 2624 Theodorus
1405 2596 1558 2624 Lectorlib.
1577 2605 1611 2628 ιι,
1625 2605 1651 2631 ρ.
1668 2597 1738 2628 562;
1758 2596 1852 2630 ibique

1079 2630 1304 2659 rtestantissininz;
1335 2631 1482 2659 Valesius:
1513 2630 1698 2666 przctcreaque
1728 2630 1850 2658 Joannes

1074 2667 1183 2694 iictenus
1199 2667 1313 2701 cpistola
1327 2667 1362 2693 De
1381 2667 1475 2693 Natali
1492 2667 1615 2696 Domini,
1636 2667 1756 2692 ductarii
1767 2666 1849 2701 Com-

1060 2701 1184 2729 bctisiani
1200 2702 1227 2733 2,
1243 2703 1295 2728 col.
1313 2702 1380 2732 505;
1396 2710 1501 2729 necnon
1513 2701 1794 2737 Cyrillnsntonacltns
1811 2700 1850 2737 De

1060 2737 1113 2763 vita
1135 2737 1267 2768 Eni/mutii
1284 2745 1310 2763 n.
1323 2737 1384 2769 115,
1401 2737 1462 2766 1H.
1478 2735 1542 2767 125,
1551 2737 1622 2771 apud
1639 2736 1797 2762 Bollandnm
1815 2735 1848 2761 ad

1060 2771 1170 2798 Jannar.
1188 2772 1233 2797 “20.
1246 2772 1358 2804 Quoties
1372 2772 1442 2798 cnim
1457 2772 1489 2798 iis
1506 2773 1533 2797 in
1549 2773 1616 2798 locis
1627 2779 1677 2797 vox
1690 2771 1850 2797 schisniali—

1061 2814 1156 2832 eorum
1173 2807 1281 2841 it‘gtllll'.
1295 2807 1375 2833 toties
1393 2807 1419 2832 in
1440 2807 1534 2833 (iraco
1556 2807 1666 2834 codices
1687 2813 1769 2833 manu
1783 2812 1850 2832 exa-

1062 2842 1113 2868 rati
1130 2842 1228 2868 habent
1250 2841 1435 2877 Ἀποσχιστὼν
1447 2849 1556 2869 nomen.
