1978 3075
131 153 181 180 ιπδ

692 155 998 184 ΑΡΟΡΗΤΗΕΟΜᾹΤᾹ
1017 156 1170 185 PATRUM.

1694 163 1746 190 l5!

130 208 214 236 Ὅπου
228 207 263 243 εἷ,
276 209 366 241 καλῶς
382 208 418 238 εἷ.
431 210 484 237 Καὶ
493 210 596 243 εὐθέως
609 212 657 238 σὺν
671 212 710 247 τῷ
721 213 802 248 λόγῳ,
813 213 912 248 εὑρέθη

965 214 1037 241 verbi
1056 213 1233 247 proferretur,
1247 212 1367 240 delatttm
1391 221 1421 241 se
1440 213 1618 249 deprehendit
1632 221 1695 244 ante
1706 218 1747 244 fo-

130 255 179 290 πρδ
191 255 246 281 τῶν
259 255 348 291 θυρῶν
364 257 413 291 τῆς
427 256 506 292 ἁγίας
523 257 684 293 Ἐκκλησίας
695 258 749 285 τῶν
764 258 913 293 ὀρθοδόξων

129 300 179 326 τῶν
194 300 340 326 συνοδικῶν
353 300 408 336 (25)
415 321 422 327 .

163 345 194 380 β’.
209 343 276 372 Eius
293 346 373 372 πάλιν
390 347 404 373 ὁ
423 346 510 378 ὰὸϐᾶς
528 348 640 380 Φωκεῖς,
663 348 702 375 ὅτι
716 349 859 376 Μετελθὼν
874 351 913 382 είς

129 391 225 426 Σκῆτιν
242 393 256 418 ὁ
269 392 355 423 ἀὸὁᾶς
374 393 519 426 Ἰάκωϐος,
537 394 693 430 ἐπολεμήθη
710 395 848 430 κραταίως
862 396 914 422 ὑπδ

128 437 173 463 τοῦ
194 437 320 472 δαίμονος
335 438 384 473 τῆς
403 439 531 474 πορνείας
542 448 549 455 ·
571 440 618 466 καὶ
633 441 714 474 ἐγγὺς
738 440 775 467 ὢν
791 441 838 467 τοῦ
856 450 914 468 κιν-

128 483 263 516 δυνεῦσαι,
274 482 340 519 ἦλθε
355 485 423 519 πρὸς
440 485 489 520 μὲ,
506 486 553 512 καὶ
564 486 674 512 ἀνέθετο
688 486 722 513 τὰ
735 487 794 513 καθ’
806 487 912 519 ἑαυτὸν,

128 530 173 555 καὶ
188 528 262 562 λέγει
276 537 336 564 μοι·
357 529 404 561 Εἰς
417 530 476 556 τόδε
493 531 524 557 τὸ
540 531 671 565 σπήλαιον
691 531 845 566 ἀπέρχομαι
862 532 914 558 ἀπὸ

127 575 176 609 τῆς
190 574 318 610 δευτέρας
328 584 334 590 ·
352 576 503 611 παρακαλῶ
517 576 545 602 δέ
561 585 591 603 σε
606 576 650 603 διὰ
671 577 716 603 τὸν
734 577 834 613 Κύριον
844 598 851 609 ,
867 587 916 613 μη-

127 621 181 648 δενὶ
202 622 288 648 εἰπεῖν
301 642 308 654 ,
337 622 406 657 μηδὲ
423 622 463 658 τῷ
491 623 574 658 πατρί
599 632 648 658 μου
661 631 667 638 ·
694 623 761 650 ἀλλὰ
780 623 914 659 μέτρησον

128 667 330 703 τεσσαράκοντα
346 669 453 704 ἡμέρας
463 688 470 700 .
484 670 531 696 καὶ
545 670 608 696 ὅταν
619 670 794 706 πληρωθῶσι,
804 671 914 706 ποίησον

129 714 248 749 ἀγάπην,
266 715 312 741 καὶ
325 714 404 750 δεῦρο
420 715 488 750 πρὸς
505 716 538 749 μὲ
550 715 691 750 βαστάζων
702 715 751 750 τὴν
770 716 851 750 ἁγίαν
863 724 914 742 κοι-

128 760 234 786 νωνίαν.
253 760 306 787 Καὶ
321 761 346 786 εί
364 761 412 795 μὲν
428 760 512 797 εὖρῃς
530 769 563 796 με
582 761 706 794 θανόντα,
722 761 806 796 θάψον
828 771 875 797 με·
890 763 914 788 εἰ

127 804 155 831 δὲ
171 804 210 831 ἔτι
227 805 331 838 ζῶντα,
356 806 401 833 ἵνα
419 807 562 842 μεταλάόω
585 807 634 841 τῆς
658 807 737 841 ἁγίας
762 809 913 840 κοινωνίας.

128 851 220 877 Ταῦτα
235 849 282 877 οὖν
308 851 428 883 ἀκούσας
445 851 499 886 ἐγὼ
525 852 589 887 παρ’
606 852 688 879 αὐτοῦ
702 873 708 885 ,
726 852 915 889 πληρωθείσης

945 258 948 261 ’
964 267 1009 286 res
1025 263 1127 286 sanctae
1146 258 1276 287 Ecclesia:
1295 259 1512 286 ortbodoxorum
1529 261 1624 295 synodi
1643 262 1748 291 Chalce-

963 304 1087 332 donensis
1101 304 1286 332 defensorum.

997 349 1025 376 2.
1047 349 1209 377 Mcmoravit
1235 351 1331 377 iterum
1349 351 1433 378 abbas
1452 350 1578 379 Phocas:
1600 351 1747 381 Transiens

964 395 1111 428 aliquando
1132 402 1180 429 per
1208 394 1308 422 Scetim
1333 395 1418 423 abbas
1441 395 1569 430 Jacobus,
1589 397 1677 425 valide
1698 398 1747 425 iut-

965 445 1101 475 pugnatus
1114 445 1158 467 est
1176 448 1190 467 a
1206 440 1328 469 daemone
1345 441 1553 476 fornicationis;
1573 451 1689 479 cumque
1702 452 1748 478 pc-

965 486 1051 512 riculo
1069 487 1163 521 lapsus
1173 487 1313 521 proximus
1328 491 1410 519 esset,
1421 489 1493 514 venit
1506 489 1538 515 ad
1555 497 1608 519 me,
1622 491 1748 525 exposuit

963 531 1028 566 quid
1043 537 1190 566 pateretur,
1204 537 1231 560 et
1247 533 1303 559 ait:
1325 533 1390 560 Post
1412 533 1524 560 biduum
1546 535 1703 568 proﬁciscar
1715 535 1748 562 ad

964 577 1120 610 speluncam
1141 577 1230 609 hanc;
1255 585 1320 612 rogo
1344 581 1370 604 te
1395 583 1507 612 propter
1533 578 1691 612 Dominum,
1715 588 1748 608 ne

964 622 1091 657 cuiquam
1110 622 1286 655 iudicaveris,
1305 631 1392 658 neque
1411 624 1492 650 ctiam
1519 625 1589 659 patri
1605 633 1683 653 tneo:
1702 627 1749 654 sed

964 675 1077 695 recense
1105 668 1285 703 quadraginta
1313 669 1392 703 dies;
1412 674 1473 704 post
1493 678 1562 704 quos
1586 672 1748 706 completos.

965 713 1006 740 fac
1018 713 1189 746 cltaritatem,
1208 714 1269 740 veni
1284 713 1318 740 ad
1332 722 1384 746 me,
1398 719 1510 749 portans
1532 721 1655 743 sanctam
1672 725 1749 744 com-

965 758 1133 785 munionem.
1154 757 1186 784 Et
1209 758 1232 785 si
1260 759 1369 793 quidem
1390 760 1527 788 inveneris
1545 766 1693 795 mortuum,
1710 771 1750 790 se-

964 803 1080 838 pultura:
1096 805 1211 836 manda;
1232 805 1275 832 sin
1295 813 1359 832 vero
1377 806 1466 833 adhuc
1482 808 1634 840 viventem,
1654 815 1749 836 sancta

965 850 1157 877 communione
1177 857 1219 876 me
1237 850 1356 886 imperti.
1371 851 1418 879 llis
1432 853 1524 888 itaque
1538 854 1572 881 ab
1589 862 1621 884 eo
1636 854 1747 889 auditis,

127 896 176 931 τῆς
195 898 416 932 τεσταρακοστῆς
426 919 432 930 ,
444 897 533 924 λαϐὼν
547 897 597 933 τὴν
610 897 690 932 ἁγίαν
701 899 851 931 κοινωνίαν,
867 900 912 926 καὶ

966 901 1072 921 necnon
1087 895 1266 930 quadraginta
1287 896 1383 924 diebus
1397 899 1515 932 peractis
1525 919 1531 930 ,
1550 907 1599 934 ego
1613 900 1749 935 accipiens

127 943 208 977 ἄρτον
233 943 322 970 κοινὸν
339 943 458 978 καθαρὸν
487 943 555 979 μετὰ
580 944 670 978 ὀλίγου
686 945 756 971 οἴνου
770 965 777 976 ,
794 946 913 980 ἀπῆλθον

128 987 195 1023 πρὸς
221 988 301 1014 αὐτόν
314 997 321 1003 ·
346 989 394 1015 καὶ
409 989 447 1021 ὡς
464 989 543 1024 μόνον
557 990 709 1024 ἐπλησίασα
724 990 763 1025 τῷ
779 990 912 1026 σπηλαίῳ,

127 1033 259 1065 δυσωδίας
285 1034 385 1069 πολλῆς
407 1035 571 1071 ὠσφράνθην
584 1056 591 1068 ,
606 1037 666 1071 ἥτις
686 1037 793 1070 ἐγένετο
814 1038 846 1064 ἐκ
866 1037 912 1064 τοῦ

128 1079 260 1114 στόματος
279 1080 371 1107 αὐτοῦ.
393 1081 447 1107 Καὶ
461 1079 535 1107 εἷπον
548 1082 576 1108 ἐν
589 1082 688 1118 ἐαυτῷ,
705 1083 744 1109 ὅτι
766 1083 882 1118 Ἀνεπάη
899 1084 913 1110 ὁ

129 1125 274 1160 μακάριος.
288 1125 421 1153 Εἰσελθὼν
433 1127 460 1153 δὲ
473 1127 541 1163 πρὸς
557 1128 648 1160 αὑτὸν,
666 1125 745 1163 εὗρον
759 1129 839 1155 αὐτὸν
854 1130 914 1164 ἡμι-

126 1169 205 1206 θανῆ.
221 1171 276 1197 Καὶ
289 1171 327 1202 ὡς
340 1169 393 1198 εἷδέ
409 1180 452 1207 με,
468 1173 581 1207 κινήσας
598 1172 646 1207 τὴν
663 1172 752 1204 δεξιὰν
766 1174 844 1208 χεῖρα
857 1174 913 1200 ὀλί-

126 1224 174 1249 γον
189 1236 196 1248 ,
217 1217 278 1244 ὅσον
297 1216 411 1251 ἠδύνατο
424 1237 432 1247 ,
447 1217 567 1252 ὲσήμανε
591 1217 634 1244 διὰ
650 1217 696 1244 τοῦ
709 1219 848 1253 σχήματος
864 1219 913 1255 τῆς

125 1263 217 1298 χειρὸς
238 1263 300 1298 περὶ
319 1264 380 1299 τῆς,
394 1263 474 1297 ἁγίας
498 1265 650 1296 κοινωνίας.
671 1264 740 1298 Ἐγὼ
764 1265 793 1291 δὲ
818 1263 911 1292 εἶπον·

128 1309 213 1343 Ἐχω.
234 1309 368 1344 Ἦθέλησα
394 1308 440 1336 οὖν
465 1309 567 1342 ἀνοῖξαι
591 1310 621 1337 τὸ
645 1310 731 1345 στόμα
751 1310 849 1342 αὑτοῦ,
867 1312 913 1338 καὶ

125 1355 224 1391 εὑρέθη
244 1355 397 1390 σφηνωθέν·
411 1355 457 1382 καὶ
472 1356 581 1391 ἀπορῶν
600 1356 626 1382 τί
650 1356 777 1391 ποιῆσαι,
802 1357 913 1392 ἐξῆλθον

125 1401 167 1432 είς
180 1401 230 1436 τὴν
248 1401 359 1436 ἔρημον,
378 1401 424 1427 καὶ
436 1398 513 1435 εὖρον
530 1401 655 1436 ξυλάριον
669 1402 722 1428 ἀπὸ
734 1402 834 1437 θάμνου
847 1411 853 1418 ·
866 1403 912 1429 καὶ

125 1445 212 1472 πολλὰ
234 1447 386 1479 κοπιάσας,
410 1446 485 1482 μόλις
507 1446 642 1482 ἠδυνήθην
659 1447 761 1480 ἀνοῖξαι
777 1448 807 1474 τὸ
827 1449 912 1484 στόμα

123 1492 208 1518 αὐτοῦ
227 1492 332 1527 μικρόν.
354 1493 409 1518 Καὶ
434 1492 528 1528 ὲνέχεα
550 1493 596 1519 τοῦ
610 1493 701 1528 τιμίου
725 1494 850 1530 σώματος
867 1496 912 1522 καὶ

124 1538 262 1572 αἵματος,
281 1538 342 1564 ὅσον
372 1538 508 1573 ἐνδέχεται
535 1538 738 1570 καταλεπτύνας
765 1540 841 1566 αὑτό.
857 1539 912 1566 Καὶ

124 1584 206 1611 ἑλαὸε
219 1583 332 1619 δύναμιν
353 1585 384 1610 ἐκ
397 1585 446 1620 τῆς
461 1585 636 1620 μεταλήῴεως
650 1586 699 1620 τῆς
719 1586 800 1620 ἁγίας
815 1595 910 1613 κοινω-

123 1630 195 1661 νίας.
208 1630 263 1656 Kal
280 1630 337 1664 μετ’
361 1630 449 1664 ὀλίγον
476 1630 573 1666 βρέξας
590 1631 667 1665 ὀλίγα
682 1631 760 1667 ψιχία
774 1633 797 1648 ⁸⁵
817 1633 849 1658 ὲκ
864 1632 911 1659 τοῦ

124 1674 217 1701 κοινοῦ
233 1675 335 1710 ἄρτου,
361 1675 535 1710 προσήνεγκα
560 1676 648 1711 αὐτῷ·
669 1677 716 1703 καὶ
743 1677 801 1711 μετ’
824 1677 912 1711 ὀλίγον

125 1719 207 1747 πάλιν
221 1719 288 1747 ἄλλα
301 1742 308 1752 ,
326 1720 388 1746 καθ’
407 1720 421 1746 ὃ
432 1720 547 1754 ἠδύνατο
572 1721 673 1749 λαϐεῖν.
690 1721 744 1748 Καὶ
760 1721 845 1753 οὕτως
869 1722 912 1749 διὰ

124 1764 177 1799 τῆς
202 1765 311 1800 χάριτος
338 1764 383 1790 τοῦ
398 1764 466 1790 Θεοῦ
494 1764 563 1799 μετὰ
582 1765 646 1799 μίαν
663 1765 767 1800 ἡμέραν
785 1765 833 1791 σὺν
851 1765 912 1800 ἐμοὶ

123 1808 218 1845 ἦλθεν,
236 1810 336 1837 ὁδεύων
355 1810 400 1837 ἐπὶ
416 1809 446 1836 τὺ
469 1809 533 1836 ἴδιον
545 1810 648 1836 κελλίον
660 1830 667 1841 ,
683 1809 849 1843 ἀπαλλαγεὶς
866 1810 913 1836 σὺν

123 1856 186 1892 Θεῷ
200 1855 246 1883 τοῦ
260 1855 381 1891 ὀλεθρίου
395 1855 497 1888 πάθους
510 1856 560 1890 τῆς
571 1855 708 1891 πορνείας.

316 1913 386 1947 Περὶ
400 1913 454 1940 τοῦ
472 1911 547 1940 ἀϐϐᾶ
561 1913 667 1939 diuina
682 1912 715 1938 ‘7.

161 1970 318 2007 Παρέϐαλον
333 1969 441 2004 ἀδελφοὶ
455 1969 523 2004 πρὸς
536 1969 581 1996 τὸν
593 1969 679 1995 ἀΰΰᾶν
687 1968 793 1999 Φίλικα,
807 1968 913 2004 ἔχοντες

126 2016 188 2051 μεθ’
216 2016 318 2043 ἑαυτῶν
349 2015 511 2050 κοσμικους·
541 2014 587 2040 καὶ
615 2014 805 2049 παρεκάλεσαν
821 2013 911 2045 αὑτὸν,

125 2064 172 2090 ἵνα
196 2063 260 2100 εἴπῃ
275 2063 365 2093 αὐτοῖς
386 2061 473 2096 λόγον.
496 2061 524 2087 '0
546 2061 573 2087 δὲ
592 2060 681 2096 γέρων
710 2059 826 2086 ἐσιώπα.
852 2060 913 2086 Ἐπὶ

124 2108 195 2135 πολὺ
210 2108 238 2135 δὲ
254 2106 482 2143 ιὲαρακαλούντων
499 2107 597 2137 αὐτῶν,
614 2104 689 2132 εἶπεν
703 2106 795 2137 αὐτοῖς
805 2113 812 2119 ·
828 2105 913 2139 Λόγον

123 2154 218 2181 θέλετε
235 2153 364 2186 amicat;
384 2153 516 2187 Λέγουσιν
537 2151 626 2187 αὐτῷ·
647 2152 710 2182 Ναὶ,
732 2151 812 2178 ὰῦϐᾶ.
830 2149 913 2177 Εἶπεν

122 2198 173 2226 οὖν
187 2201 201 2226 ὁ
213 2200 316 2234 γέρων·
341 2200 419 2234 "Apr:
439 2199 489 2225 οὐκ
506 2198 545 2225 ἕνι
560 2198 648 2232 λόγος.
669 2198 732 2224 Ὅτε
749 2198 862 2234 ἠρώτων
887 2199 912 2224 οί

964 947 1069 966 sacram
1082 942 1313 974 οοιιιιιιυιιίοιιοιιι,
1327 947 1353 969 et
1372 951 1467 978 panem
1483 951 1656 972 communent
1669 953 1750 973 utun-

963 986 1038 1018 dttm,
1059 994 1121 1013 cutn
1145 987 1208 1014 vino
1226 987 1345 1020 modico,
1374 989 1406 1015 ad
1434 998 1495 1016 eum
1523 992 1647 1025 perrexi;
1667 997 1750 1027 utque

963 1032 1095 1059 duntaxat
1111 1034 1325 1069 appropinquavi
1343 1036 1488 1069 spelunca},
1503 1037 1614 1064 fetorem
1633 1039 1748 1065 multum

963 1078 1060 1109 olfeci,
1084 1079 1130 1113 qui
1154 1087 1186 1106 ex
1214 1087 1260 1106 ore
1276 1080 1335 1114 ejus
1361 1081 1495 1115 prodibat.
1511 1081 1580 1108 Tum
1602 1082 1658 1109 dixi
1679 1083 1750 1118 apud

963 1131 1006 1151 me
1024 1123 1142 1151 :Vivere
1158 1124 1240 1151 desiit
1256 1124 1352 1152 beatus
1373 1125 1428 1152 ille.
1444 1125 1529 1153 Porro
1547 1126 1696 1162 ingressus,
1710 1129 1751 1154 in-

963 1169 1024 1196 veni
1049 1169 1265 1196 semimortuum.
1283 1170 1405 1205 Cumque
1429 1171 1498 1197 vidit
1522 1179 1575 1203 me,
1603 1176 1675 1199 mota
1703 1180 1751 1208 pa-

963 1221 1073 1248 rumper
1087 1215 1160 1249 quod
1186 1219 1292 1249 poterat
1313 1215 1426 1248 dextra.
1450 1225 1498 1252 per
1515 1217 1635 1245 ltabitum
1654 1226 1750 1247 manus

963 1261 1127 1294 significavit
1144 1261 1177 1288 de
1193 1266 1286 1288 sancta
1307 1263 1508 1291 communione.
1529 1263 1584 1299 Ego
1596 1272 1659 1292 vero
1672 1265 1727 1292 dixi
1742 1274 1750 1293 :

964 1305 1068 1334 Habeo.
1087 1306 1163 1334 Volui
1184 1315 1247 1342 ergo
1264 1308 1370 1342 aperire
1384 1316 1415 1336 os
1431 1309 1509 1344 ejus;
1525 1309 1572 1337 sed
1589 1310 1680 1337 inveni
1699 1311 1750 1337 ob-

963 1357 1084 1380 turatum
1098 1361 1105 1385 ;
1123 1354 1281 1388 haerensque
1296 1355 1361 1389 quid
1387 1354 1505 1382 facerem
1516 1376 1523 1388 ,
1546 1357 1598 1383 exii
1614 1357 1640 1383 in
1654 1357 1750 1384 solitu-

962 1399 1072 1432 dinem;
1094 1399 1150 1426 illic
1166 1404 1262 1426 nactus
1283 1407 1342 1426 sunt
1360 1407 1472 1435 parvum
1490 1401 1591 1436 lignum
1606 1410 1620 1429 e
1636 1402 1749 1435 frutice;

963 1452 994 1471 ac
1011 1449 1072 1479 post
1088 1445 1203 1472 multutn
1224 1445 1356 1478 laborem,
1376 1446 1422 1472 vix
1437 1446 1512 1480 potui
1533 1447 1672 1482 paululum
1689 1454 1751 1482 ape-

963 1491 1018 1518 rire
1040 1498 1071 1518 os
1090 1491 1160 1525 ejus.
1190 1491 1292 1519 Deinde
1314 1492 1414 1519 immisi
1434 1493 1580 1526 pretiosum
1601 1501 1701 1528 corpus
1721 1499 1749 1521 et

964 1537 1142 1572 sanguinem,
1168 1537 1324 1564 minutatim
1357 1538 1506 1565 concidens
1531 1542 1664 1572 quantum
1690 1539 1749 1567 fieri

968 1586 1065 1617 potest.
1081 1583 1128 1610 Ille
1140 1591 1171 1611 ex
1188 1591 1273 1610 sacra:
1291 1584 1492 1611 communionis
1508 1585 1663 1620 sumptionc
1678 1585 1749 1614 vires

966 1629 1148 1663 recuperavit.
1173 1628 1258 1656 Paulo
1283 1633 1355 1664 post,
1381 1631 1536 1657 communis
1560 1631 1638 1664 panis
1663 1631 1748 1659 micas

967 1674 1070 1708 aliquot
1087 1673 1255 1701 madefactas
1272 1674 1349 1701 intuli
1367 1675 1408 1706 ei,
1426 1675 1580 1709 iterumque
1593 1682 1654 1701 mox
1669 1675 1748 1708 alias,

966 1723 1045 1755 prout
1066 1720 1206 1754 suscipere
1222 1720 1337 1747 valebat.
1354 1721 1442 1755 Atque
1457 1721 1494 1747 ita
1512 1729 1559 1756 per
1573 1721 1686 1756 gratiam
1702 1721 1749 1750 Dei

965 1770 1026 1801 post
1042 1773 1125 1792 unttm
1142 1766 1213 1793 diem
1227 1766 1367 1800 profectus
1383 1771 1424 1794 est
1436 1774 1541 1793 mecum
1553 1787 1560 1798 ,
1577 1768 1750 1802 perrexitque

965 1811 998 1838 ad
1022 1812 1117 1838 cellam
1138 1819 1233 1844 suam;
1255 1812 1403 1845 liberatus,
1424 1812 1532 1840 favente
1546 1812 1616 1846 Deo,
1644 1814 1678 1842 ab
1691 1814 1750 1841 cxi-

964 1858 1035 1885 tioso
1046 1858 1114 1885 vitio
1131 1857 1330 1885 fornicationis.

1221 1913 1256 1941 De
1285 1913 1379 1941 abbate
1403 1913 1502 1942 Felice.

997 1967 1246 2004 (24)Accesserunt
1263 1969 1362 1997 fratres
1376 1970 1410 1997 ad
1426 1970 1550 1998 abbatem
1565 1970 1693 2002 Felicem.
1703 1979 1751 1999 sa:-

964 2015 1104 2042 eularibus
1126 2014 1265 2048 comitati;
1278 2018 1306 2041 et
1318 2019 1482 2049 rogaverunt
1498 2023 1559 2042 eum
1576 2020 1605 2042 ut.
1620 2016 1653 2042 ad
1675 2015 1750 2051 ipsos

964 2059 1099 2095 proferret
1109 2068 1274 2087 sermonem.
1287 2060 1321 2087 At
1336 2068 1419 2088 senex
1440 2061 1554 2088 tacebat.
1575 2062 1643 2089 Cum
1660 2066 1749 2090 autem

964 2105 1010 2132 diu
1035 2109 1199 2140 rogassent,
1215 2107 1283 2133 dixit
1301 2115 1307 2132 :
1334 2105 1494 2133 Sermonem
1519 2106 1601 2133 vultis
1631 2106 1752 2134 audire?

964 2152 1048 2179 Aiunt
1064 2161 1070 2178 :
1085 2152 1183 2184 Etiam,
1200 2152 1280 2179 abba.
1298 2151 1375 2179 Tunc
1388 2159 1482 2184 senex,
1497 2151 1567 2183 Jam,
1586 2152 1684 2187 inquit,
1695 2159 1749 2178 non

964 2202 1007 2226 est
1022 2206 1124 2225 sermo.
1144 2197 1259 2230 Quando
1277 2198 1375 2225 fratres
1391 2197 1624 2232 percontabantur
1632 2198 1664 2225 de
1681 2198 1751 2224 seni-

122 2246 236 2281 ἀδελφοὶ
249 2246 312 2277 τοὺς
327 2246 465 2281 γέροντας,
479 2246 524 2272 καὶ
540 2245 647 2271 ἐποίουν
664 2244 681 2271 ἂ
699 2244 790 2279 ἔλεγον
808 2244 909 2276 αὐτοῖς,

966 2244 1026 2275 bus,
1039 2248 1065 2270 ct
1079 2243 1215 2270 faciebant
1231 2251 1292 2277 qua:
1307 2243 1523 2278 pronuntiabant
1538 2243 1582 2274 iis,
1596 2243 1666 2270 Deus
1681 2251 1750 2277 pra:-

121 2294 137 2319 ὁ
150 2293 216 2324 Θεὸς
234 2293 397 2329 ἐπεχορήγει
415 2291 446 2317 τὸ
465 2291 523 2322 πῶς
538 2290 661 2325 λαλῆσαι,
685 2291 742 2316 Νῦν
761 2290 800 2322 δὲ,
818 2290 911 2325 ἐπειδὴ

122 2338 249 2374 ἐρωτῶσι
264 2339 324 2373 μὲν,
337 2338 366 2364 οὐ
381 2337 486 2364 ποιοῦσι
501 2337 528 2363 δὲ
541 2337 558 2363 ἃ.
573 2336 726 2368 ἀκούουσιν,
740 2334 807 2371 ἦρεν
822 2337 836 2362 ὁ
846 2335 912 2366 Θεὸς

120 2385 175 2420 τὴν
191 2385 269 2419 χάριν
291 2384 339 2410 τοῦ
366 2383 445 2417 λόγου
473 2383 526 2409 ἀπὸ
549 2382 602 2408 τῶν
621 2382 771 2417 γερόντων·
796 2382 843 2408 καὶ
862 2382 910 2416 οὐχ

120 2431 283 2466 εὑρίσκουσι
296 2430 455 2465 τίλαλῆσαι,
473 2428 565 2464 ἐπειδὴ
583 2429 632 2455 οὐκ
652 2429 726 2454 ἐστιν
738 2429 752 2454 ὁ
763 2428 912 2463 ἐργαζόμε-

121 2486 181 2508 νος.
196 2477 250 2503 Καὶ
269 2476 433 2507 ἀκούσαντες
454 2476 479 2502 οἱ
502 2475 611 2509 ἀδελφοὶ
631 2475 727 2507 ταῦτα,
753 2474 908 2507 ἐστέναξαν,

120 2523 265 2558 λέγοντες·
281 2520 364 2555 Εὖξαι
378 2522 446 2557 ὑπὲρ
457 2521 545 2556 ἡμῶν,
560 2520 640 2547 ἀϐϐᾶ.

163 2601 187 2616 ’⁸
202 2601 246 2628 ΑΙ.
272 2600 386 2635 ψιχίδια.
440 2600 463 2615 ’⁷
478 2599 521 2626 Al.
533 2599 649 2629 Φίλικος.

157 2697 215 2731 (‘25)
236 2693 543 2731 Τῶννόρθοδόξωνρτῷν
554 2691 737 2731 guyoﬁutérf.
745 2691 872 2731 Synodici
883 2696 910 2731 et

119 2727 259 2761 svnoditze
283 2729 443 2756 dicebantur
465 2727 609 2758 Catholici,
632 2727 680 2761 qtti
694 2727 821 2754 videlicet
841 2727 910 2753 reci-

118 2762 237 2802 piebant
267 2763 694 2802 synodum__Cltait;edonensetm
717 2761 846 2802 l_.eontius
872 2761 910 2802 De

117 2794 216 2833 sectis,
232 2794 341 2828 actione
357 2799 388 2829 5.
410 2797 595 2824 Ἰουστινιανοῦ
625 2796 848 2833 βααιλευσαντοςη
864 2797 910 2833 καὶ

117 2838 175 2865 τῶν
205 2831 352 2863 ciu-manet,
372 2834 456 2864 ὄντος.
479 2832 510 2859 Et
523 2840 577 2859 non
597 2831 692 2866 paucis
722 2831 908 2866 interpositis:

125 2869 296 2908 ὐφείλωνή
317 2870 408 2895 πεῖσαι
431 2867 557 2902 γενέσθαι
582 2867 730 2902 συνοδίτην,
746 2866 764 2901 ἢ
787 2866 910 2892 καθελεῖν

964 2290 1044 2316 bcbat
1061 2288 1190 2323 loquendi
1207 2289 1328 2316 modum.
1346 2289 1423 2315 i‘iunc
1438 2289 1587 2323 vero,quia
1603 2289 1751 2316 sciscitanv-

964 2340 1008 2362 tur
1031 2335 1153 2370 quidem,
1174 2335 1223 2363 sed
1250 2343 1304 2362 non
1330 2340 1518 2370 exsequuntur
1545 2343 1604 2370 quae
1620 2335 1747 2366 audiunt,

963 2382 1034 2409 Deus
1047 2382 1161 2417 gratiam
1177 2382 1312 2409 sermonis
1331 2382 1446 2409 abstulit
1461 2389 1475 2408 a
1492 2382 1623 2415 senibus;
1641 2389 1691 2408 nec
1708 2382 1750 2408 in-

963 2428 1075 2456 veniunt
1088 2427 1153 2463 quid
1170 2428 1328 2462 loquantur,
1343 2427 1565 2462 quandoquidem
1585 2427 1631 2461 qui
1648 2435 1747 2462 opere-

963 2478 1010 2501 tur
1024 2482 1077 2501 non
1101 2479 1153 2501 est.
1174 2473 1222 2501 liis
1249 2474 1352 2502 auditis
1372 2474 1471 2502 fratres
1488 2475 1689 2510 ingemuerunt,
1702 2475 1746 2502 di-

965 2525 1117 2555 xeruntque
1130 2529 1136 2546 :
1154 2519 1207 2547 Ora
1220 2527 1269 2555 pro
1283 2520 1373 2553 nobis,
1386 2520 1466 2547 abba.

965 2688 1055 2715 αὐτόν.
1069 2687 1110 2714 Ac
1126 2686 1208 2715 infra.
1221 2693 1325 2713 necnon
1343 2686 1450 2712 actione
1460 2686 1487 2716 7,
1500 2685 1642 2715 σονοδίται,
1657 2685 1680 2710 οἱ
1694 2683 1747 2710 ἀπὸ

964 2724 1013 2758 τῆς
1025 2723 1145 2758 συνόδου.
1161 2721 1238 2756 Apud
1248 2721 1386 2758 Anastasii
1403 2721 1593 2758 Hodqumhoi
1609 2719 1748 2758 Χαλκηδο-

965 2755 1045 2785 νίἶιαι.
1058 2758 1087 2784 ln
1103 2755 1391 2794 Citroriicg_0rieitlali,
1405 2755 1528 2794 {ustinus
1551 2755 1748 2794 Qltafcedotten—

964 2794 1010 2820 sis.
1028 2793 1197 2819 Justinianus
1215 2790 1454 2824 Chalcedonensis;
1477 2791 1510 2819 de
1523 2790 1682 2818 orthodoxis
1697 2790 1747 2816 im-

965 2828 1145 2864 nemoribus

1000 2863 1054 2898 (εει)
1071 2863 1122 2890 Vit.
1136 2862 1213 2890 Patr.
1229 2861 1339 2894 ιιιι,18.
