1978 3075
218 153 272 182 435

459 211 495 239 De
517 212 611 239 abbate
627 211 776 248 Philagrio.

256 258 313 294 (25)
329 257 392 285 Erat
412 264 570 286 sanctorum
587 259 699 294 quidam
718 259 827 286 nomine
841 258 1006 295 Philagrius,

222 306 311 333 incola
330 305 416 332 eremi
441 305 706 340 Hierosolymitanae.
719 305 765 340 qui
790 306 817 332 in
838 313 908 340 opus
930 307 1009 333 valde

222 349 410 382 incumbebat,
428 353 458 376 ut
475 350 527 378 sibi
539 358 634 385 panem
646 354 829 385 compararet.
846 351 871 379 Is
885 359 946 378 cum
959 352 1009 379 ali-

222 396 332 432 quando
345 397 373 424 in
384 397 445 424 foro
454 401 538 425 staret
551 397 585 424 ad
604 397 775 424 vendendum
787 398 862 432 quod
882 398 1009 425 manibus

222 442 399 477 operabatur,
417 450 450 469 en
466 443 585 469 elabitur
599 441 709 469 cuidam
727 443 897 477 marsupium
914 443 940 469 in
954 451 1009 478 quo

222 491 302 514 erant
325 488 398 515 mille
417 488 530 515 nummi.
547 487 625 521 Quod
644 491 742 515 nactus
763 495 858 520 senex,
876 488 951 515 stetit
968 489 1010 515 in-

223 533 271 564 ibi,
285 534 379 560 dicens
397 543 404 560 :
417 532 512 560 Veniet
530 534 713 568 proculdubio
727 534 772 568 qui
785 535 888 561 amisit.
901 535 934 561 Et
946 542 1011 562 ecce

224 577 345 610 advenit,
366 578 487 613 plorans.
508 578 595 606 Senex
616 587 681 606 vero
700 587 845 607 assumens
871 580 1009 607 hominem

223 630 360 655 seorsum,
378 623 498 650 reddidit
520 624 555 651 ei.
575 624 622 651 Ille
644 625 790 660 prehendit
802 625 902 661 ipsum,
919 631 948 654 ut
963 626 1010 662 qui

223 669 307 696 vellet
326 670 443 703 aliquam
471 670 593 704 pecunia:
618 676 722 706 partem
742 671 817 700 dare.
846 671 899 700 Sed
928 681 1010 701 senex

225 715 322 742 noluit.
334 715 410 742 Tunc
425 717 510 750 cmpit
529 717 650 744 clamare
665 727 671 744 :
691 717 798 750 Venite,
819 719 907 746 videte
922 719 1011 747 homi-

224 769 286 788 nem
306 761 435 797 Dei,quid
453 762 558 790 fecerit.
576 763 664 792 Senex
678 773 742 792 vero
752 766 822 792 clam
837 765 1013 801 fugit.egres-

226 815 328 843 susque
346 812 413 836 este
426 809 547 842 civitate,
569 819 604 837 ne
622 811 716 838 laudes
736 816 762 838 et
778 812 892 847 gloriam
915 819 1013 840 conse-

225 859 366 889 queretur.

480 891 518 917 De
538 892 633 919 abbate
650 892 757 919 Phorm.

263 935 335 962 Dixit
360 936 445 964 abbas
462 936 578 965 Phortas
598 948 604 964 :
625 937 653 964 Si
678 937 749 965 Deus
768 938 859 965 vivere
879 946 922 966 me
944 940 1012 971 vult.

226 983 304 1009 novit
321 983 458 1018 quomodo
474 983 507 1010 de
523 991 565 1012 me
578 984 716 1019 disponat.
734 985 812 1018 Quod
828 985 851 1012 si
875 993 929 1012 non
945 987 1013 1019 vult,

226 1029 261 1056 ad
281 1029 346 1064 quid
361 1029 427 1056 mihi
443 1030 516 1056 vita?
530 1029 589 1057 Non
607 1031 680 1058 enim
698 1039 712 1057 a
727 1031 837 1058 cunctis
851 1032 1014 1066 accipiebat,

226 1077 278 1104 etsi
304 1077 374 1104 lecto
391 1077 497 1105 allixus.
525 1078 621 1106 Aiebat
643 1078 743 1113 quippe
760 1087 766 1105 :
784 1077 812 1106 Si
835 1080 898 1113 quis
918 1079 952 1105 ad
972 1086 1015 1106 me

226 1123 360 1158 quidlibet
381 1124 513 1154 attulerit.
527 1128 554 1150 et
577 1132 631 1151 non
648 1128 759 1159 propter
774 1124 858 1152 Deum
873 1133 880 1157 ;
896 1132 946 1152 nec
965 1132 1014 1160 ego

227 1168 314 1195 habeo
327 1168 400 1203 quod
409 1169 470 1196 (lem
482 1169 533 1200 illi,
551 1177 600 1197 nec
611 1177 625 1196 a
643 1169 698 1196 Deo
711 1169 865 1197 mercedem
884 1170 1013 1204 aecipiet;

227 1214 293 1248 quia
308 1222 362 1241 non
375 1219 487 1249 propter
505 1214 589 1243 Deum
606 1215 715 1248 obtulit,
735 1219 762 1243 et
784 1216 884 1250 injuria
898 1216 1016 1243 amcitur

227 1261 273 1295 qui
295 1262 459 1295 apportavit.
474 1260 587 1296 Oportet
614 1262 708 1293 etiam,
729 1261 784 1289 Deo
795 1262 919 1295 devotos,
933 1267 1016 1297 atque

229 1309 262 1336 ad
275 1309 364 1344 ipsum
381 1309 469 1336 solum
484 1309 675 1343 respicientes.
693 1313 768 1336 tanta
784 1309 886 1344 pietate
903 1309 1015 1337 affectos

228 1363 300 1387 esse.
320 1359 349 1381 ut
364 1363 397 1382 ne
421 1355 548 1389 injuriam
563 1355 673 1389 quidem
694 1355 776 1382 ullam
798 1359 939 1386 censeant,
952 1355 1016 1382 licet

228 1401 329 1429 millies
342 1401 536 1428 contumeliam
553 1401 702 1434 patiantur.

458 1455 625 1491 Principium
639 1457 739 1484 litterae
752 1457 785 1484 X.

485 1513 523 1541 De
543 1514 636 1541 abbate
653 1514 758 1541 Chame.

266 1571 322 1606 (26)
343 1571 509 1600 Referebant
523 1571 557 1599 de
569 1571 666 1600 abbate
677 1571 790 1603 Chome,
801 1571 873 1606 quod
887 1571 942 1606 jam
959 1579 1016 1598 nio-
1032 1584 1053 1612 ο

231 1618 346 1650 riturus,
362 1618 461 1645 dixerit
477 1618 539 1646 filiis
555 1619 612 1650 suis
626 1628 632 1645 :
644 1618 732 1645 Nolite
747 1618 872 1646 habitare
886 1626 948 1645 cum
965 1618 1019 1644 lue-

230 1663 343 1695 reticis;
361 1671 450 1699 neque
462 1663 588 1691 habeatis
605 1663 819 1691 familiaritatem
831 1671 893 1691 cum
910 1664 977 1691 viris
991 1664 1018 1690 in

231 1709 362 1744 dignitate
377 1710 555 1742 constitutis;
571 1718 659 1745 neque
674 1710 728 1737 sint
745 1717 842 1738 manus
858 1713 955 1737 vestrae
970 1718 1018 1739 ex-

231 1759 316 1782 tensa:
334 1755 366 1782 ad
382 1755 578 1791 colligendum,
598 1756 644 1783 sed
663 1755 750 1791 magis
765 1756 800 1786 ad
816 1755 947 1787 dandum.

449 1857 486 1884 De
515 1857 608 1884 abbate
627 1857 806 1886 waremone.

268 1910 468 1940 Narrabant'de
482 1913 581 1941 abbate
593 1912 770 1940 Chareinoue
789 1914 816 1940 iu
843 1912 927 1944 Sceti,
946 1913 1019 1948 quod

233 1959 365 1996 spelunca
381 1959 440 1992 ejus
455 1959 570 1986 distaret
584 1959 618 1986 ab
630 1959 746 1987 ecclesia
763 1959 944 1994 quadraginta
957 1959 1020 1986 mil-

233 2005 322 2035 liaria,
337 2013 352 2030 a
369 2005 466 2039 palude
482 2013 547 2033 vero
565 2011 592 2033 et
613 2013 682 2040 aqua
700 2005 844 2032 duodecim
863 2014 870 2038 ;
886 2009 968 2040 atque
980 2005 1020 2033 sic

234 2049 348 2077 inferret
368 2050 396 2077 in
415 2051 574 2085 speluncam
596 2059 673 2078 suam
691 2050 762 2085 quod
777 2051 903 2079 manibus
922 2059 1020 2086 opera-

234 2099 311 2122 retur
327 2105 334 2127 ;
353 2100 528 2131 portat-etque
544 2097 654 2132 lagenas
672 2096 742 2124 duas
757 2104 838 2123 unam
860 2105 891 2124 ex
905 2097 1020 2126 adverso

234 2141 346 2170 alterius
360 2151 367 2174 ;
382 2150 413 2169 ac
426 2141 542 2174 sederet,
557 2142 679 2176 quietam
697 2143 779 2170 vitam
791 2142 907 2170 ducens.

455 2218 621 2254 Principium
643 2219 740 2247 littera:
762 2221 799 2247 Ψ.

445 2275 485 2302 De
508 2275 603 2302 abbate
627 2274 807 2304 Pseuthaisio.

271 2331 326 2367 (9.7)
344 2331 475 2361 Dixerunt
488 2332 572 2360 abbas
585 2332 775 2359 Psenthaisius
789 2336 816 2360 et
833 2332 918 2359 abbas
932 2331 1020 2360 Surus

234 2380 262 2403 et
275 2376 374 2404 Psoius
390 2385 397 2403 :
413 2375 481 2404 Dum
497 2377 655 2405 audiremus
670 2385 810 2405 sermones
821 2376 910 2406 Patris
932 2378 1020 2406 nostri

235 2423 342 2450 abbatis
367 2422 517 2455 Pachumii,
544 2423 691 2451 admodum
723 2424 952 2459 proficiebamus,
984 2425 1019 2452 ad

235 2467 437 2497 aemulationem
452 2468 585 2497 bonorum
609 2476 721 2503 operum
733 2468 854 2496 excitati.
869 2469 1019 2497 Cernentes

235 2517 325 2539 autem
341 2513 402 2547 ejus
418 2515 499 2540 etiam
516 2514 634 2545 tacentis
645 2515 791 2548 actionem,
806 2523 867 2550 qua:
885 2515 944 2550 ipsa
961 2523 1020 2543 ser-

235 2566 281 2585 mo
295 2562 364 2591 erat,
374 2558 718 2590 admirabantur,(licentes
729 2561 797 2587 alter
808 2560 884 2588 alteri
899 2570 905 2588 :
922 2561 1022 2588 Existi-

235 2604 388 2637 mabamus,
404 2613 500 2632 omnes
523 2610 634 2634 sanctos
659 2614 692 2633 ex
711 2612 788 2634 utero
803 2607 899 2634 matris
913 2615 969 2635 sua:
983 2608 1021 2635 ita

235 2648 324 2677 factos
343 2658 404 2678 esse
429 2659 444 2678 a
465 2651 536 2683 Deo,
552 2656 666 2680 sanctos
691 2660 722 2679 ac
750 2653 948 2685 immutabiles,
966 2662 1021 2682 non

235 2699 326 2722 autem
345 2696 461 2728 liberos;
480 2701 639 2732 peccatores
664 2706 729 2725 vero
747 2706 800 2725 non
822 2706 903 2733 posse
923 2700 967 2734 pie
980 2699 1021 2726 vi-

783 155 956 184 APPENDIX
973 156 1019 184 AD
1038 156 1211 186 PALLADIU
1217 157 1252 185 ιι.

1799 152 1849 181 456

1236 215 1305 248 Περὶ
1329 213 1382 240 τοῦ
1408 212 1482 240 ιὶϐϐᾶ
1500 211 1675 247 diutam/0v.

1096 260 1240 296 Φιλάγριος
1258 259 1292 296 ἦν
1310 269 1352 291 τις
1371 259 1424 286 τῶν
1447 259 1532 293 ἁγίων
1547 257 1705 293 λεγόμενος,
1725 255 1807 283 οἰκῶν
1823 257 1849 283 δὲ

1062 307 1090 332 ὲν
1103 309 1136 343 τῇ
1153 308 1250 343 ἐρήμῳ
1274 306 1479 342 Ἱεροσολύμων,
1505 305 1552 331 καὶ
1570 303 1755 339 ἐργαζόμενος
1775 303 1851 337 κόπῳ

1063 351 1106 377 ἵνα
1115 351 1215 388 ποιήσῃ
1224 351 1268 378 τὸν
1279 351 1343 378 ἴδιον
1357 351 1448 386 ἄρτον.
1460 350 1514 376 Καὶ
1529 349 1567 380 ὡς
1578 349 1670 374 ἵστατο
1683 348 1711 373 ὲν
1723 348 1755 382 τῇ
1765 347 1851 382 ἀγορᾷ

1063 397 1159 423 πωλῶν
1175 398 1205 424 τὸ
1221 397 1376 432 ὲργὸχειρον
1394 396 1485 426 αὐτοῦ,
1505 395 1558 421 ἰδοὺ
1576 394 1681 429 ὲξαφὶει
1695 402 1737 424 τις
1756 392 1851 427 βαλάν-

1062 452 1120 470 τιον
1138 443 1231 479 χιλίων
1250 443 1441 478 νομισμάτων
1464 442 1510 468 καὶ
1537 440 1624 476 εὑρὼν
1644 440 1710 467 αὐτὸ
1729 441 1743 466 ὁ
1764 439 1852 475 γέρων

1063 489 1127 525 ἔστη
1143 490 1189 516 ἐπὶ
1203 489 1253 516 τοῦ
1264 490 1358 520 τόπου,
1379 488 1466 522 λέγων
1476 495 1482 502 ·
1504 488 1549 513 Δεῖ
1565 487 1610 513 τὸν
1628 486 1798 513 ἀπολέσαντα
1809 485 1852 511 ἐλ-

1064 534 1120 560 Θεῖν
1131 543 1140 549 -
1154 535 1200 561 καὶ
1214 534 1268 560 ἰδοὺ
1282 534 1393 569 ἔρχεται
1408 533 1518 560 κλαίων.
1534 532 1588 559 Καὶ
1597 532 1687 558 λαϐὼν
1700 531 1782 558 αὑτὸν
1793 531 1851 557 κατ’

1065 580 1132 607 ἰδίαν
1146 581 1160 606 ὁ
1174 580 1262 616 γέρων
1278 580 1378 607 ἔδωκεν
1392 579 1477 614 αὐτῷ.
1495 580 1549 606 Καὶ
1565 578 1675 614 ἐκράτει
1687 577 1767 604 αὐτον
1783 577 1853 602 ἐκεί-

1064 633 1119 658 νος,
1137 625 1221 652 θέλων
1233 625 1306 660 αὐτῷ
1325 626 1477 660 παρασχεῖν
1494 625 1576 660 μέρος
1597 633 1633 651 τι.
1657 623 1712 650 Καὶ
1733 623 1747 648 ὁ
1764 622 1854 656 γέρων

1064 672 1114 698 οὐκ
1125 671 1267 707 ἡθέληςεν.
1285 672 1339 698 Καὶ
1358 671 1438 698 ἕῦαλε
1457 671 1585 706 κράζειν·
1609 669 1702 699 Δεῦτε,
1726 668 1794 695 ἴδετε
1809 668 1854 694 ἅν-

1065 716 1173 752 θρωπον
1188 717 1235 744 τοῦ
1249 716 1327 749 Θεοῦ,
1354 717 1380 743 τί
1402 717 1539 752 ἐποίησεν.
1565 717 1594 742 '0
1613 715 1641 742 δὲ
1661 715 1750 750 γέρων
1768 714 1856 748 λάθρα

1066 763 1158 799 φυγὼν
1175 763 1287 799 ἐξῆλθεν
1299 765 1330 790 ἐκ
1339 763 1389 799 τῆς
1404 763 1518 795 πόλεως,
1533 763 1576 790 ἵνα
1592 763 1630 798 μὴ
1646 761 1774 796 δοξασθῇ.

1255 897 1324 930 Περὶ
1337 897 1390 923 τοῦ
1409 896 1485 924 ὰϐϐιὶ
1500 896 1615 930 Φορτᾶς
1627 896 1661 922 ³⁵.

1103 939 1187 968 Εἶπεν
1203 943 1217 968 ὁ
1235 942 1321 973 ἀϐὃᾶς
1339 943 1458 977 Φορτᾶς·
1481 942 1512 968 Εἰ
1530 941 1601 968 θέλει
1627 950 1660 976 με
1681 942 1695 967 ὁ
1711 940 1777 970 Θεὸς
1794 939 1854 975 ζῇν,

1067 984 1137 1014 οἶδεν
1153 987 1211 1019 πῶς
1225 989 1396 1022 οἰκονομήσει
1421 996 1453 1022 με
1464 996 1470 1002 ·
1485 989 1508 1013 εἰ
1520 987 1547 1013 δὲ
1564 987 1593 1013 οὐ
1606 986 1688 1020 θέλει,
1706 986 1749 1012 ἴνα
1765 985 1790 1012 τί
1810 993 1853 1021 μοι

1067 1033 1099 1059 τὸ
1121 1033 1188 1068 ζῇν;
1203 1033 1240 1060 Οὐ
1269 1033 1322 1068 γὰρ
1343 1033 1418 1069 παρὰ
1441 1033 1548 1059 πάντων
1572 1032 1676 1067 ἐδέχετό
1697 1041 1740 1064 τι,
1767 1031 1856 1058 καίτοι

1068 1079 1198 1114 κλινήρης
1210 1078 1247 1105 ὧν
1257 1088 1264 1094 '
1279 1079 1355 1113 ἔλεγε
1373 1079 1427 1114 γάρ
1438 1088 1444 1094 ·
1473 1079 1536 1105 Ἐὰν
1555 1078 1696 1114 προσφέρῃ
1719 1077 1763 1113 μοί
1775 1077 1816 1108 τίς
1829 1077 1856 1104 τί

1069 1132 1144 1151 ποτε.
1161 1125 1207 1150 καὶ
1221 1125 1282 1160 οὐχὶ
1298 1124 1341 1150 διὰ
1358 1125 1402 1151 τὸν
1424 1124 1501 1155 Θεὺν,
1516 1124 1578 1150 οὔτε
1595 1123 1650 1158 ἐγὼ
1662 1123 1716 1158 ἔχω
1727 1131 1754 1148 τι
1766 1122 1855 1148 δοῦναι

1068 1170 1152 1206 αὐτῷ,
1165 1170 1226 1196 οὕτε
1243 1171 1318 1206 παρὰ
1333 1171 1380 1197 τοῦ
1395 1170 1462 1197 Θεοῦ
1480 1170 1612 1205 λαμϐάνει
1630 1169 1725 1205 μισθόν
1735 1177 1741 1184 ·
1759 1169 1789 1195 οὺ
1802 1168 1858 1203 γὰρ

1068 1215 1112 1242 διὰ
1137 1216 1182 1242 τὸν
1203 1216 1268 1242 Θεὸν
1299 1216 1470 1252 προσήνεγκε
1485 1225 1491 1232 ·
1515 1215 1562 1242 καὶ
1588 1214 1751 1242 ἀδικεῖταιὸ
1775 1220 1858 1248 προσ-

1068 1261 1193 1294 ενέγκας.
1215 1262 1261 1288 Δεῖ
1285 1261 1340 1296 γὰρ
1363 1262 1426 1293 τοὺς
1447 1261 1643 1301 ἀνακειμένους
1666 1261 1704 1296 τῷ
1720 1260 1789 1295 Θεῷ,
1810 1259 1858 1286 καὶ

1069 1308 1137 1342 πρὸς
1156 1308 1236 1334 αὑτὸν
1262 1308 1409 1343 βλέποντας
1432 1308 1522 1343 μόνον,
1547 1308 1634 1339 οὕτως
1658 1307 1779 1338 εὐλαϐῶς
1799 1306 1858 1332 δια-

1069 1353 1187 1384 κεῖσθαι,
1203 1353 1241 1384 ὡς
1260 1354 1329 1389 μήτε
1345 1353 1423 1390 ὕϐριν
1437 1354 1497 1380 τινὰ
1507 1354 1643 1389 ἡγεῖσθαι,
1662 1353 1712 1380 κᾶν
1729 1352 1858 1388 μυριάκις

1070 1398 1241 1433 ἀδικούμενοι
1255 1399 1371 1434 τύχοιεν.

1289 1455 1372 1492 Ἀρχὴ
1395 1456 1442 1482 τοῦ
1460 1457 1484 1482 Χ
1502 1455 1645 1491 στοιχείου.

1273 1513 1342 1547 Περὶ
1356 1513 1408 1539 τοῦ
1425 1512 1499 1540 ἁϐΰιὶ
1511 1513 1604 1548 Χομαί
1618 1514 1650 1540 ν’.

1107 1569 1219 1603 Ἔλεγον
1234 1569 1357 1605 περὶτοῦ
1375 1569 1447 1596 ἁὸϐᾶ
1462 1569 1561 1604 Χομαὶ,
1583 1570 1623 1596 ὅτι
1645 1570 1749 1604 μέλλων
1767 1569 1861 1596 τελευ-

1071 1615 1119 1652 τᾷν
1132 1612 1192 1641 εἶπε
1207 1617 1264 1647 τοῖς
1281 1616 1348 1647 υἱοῖς
1364 1615 1463 1642 abeo-3'
1484 1615 1530 1650 Μὴ
1548 1616 1678 1650 οἰκήσητε
1699 1616 1770 1650 μετὰ
1785 1617 1860 1650 αἱρε-

1070 1661 1163 1693 τικῶν,
1194 1661 1260 1696 μηδὲ
1290 1654 1372 1696 ἀχῆτε
1397 1661 1497 1695 γνῶσιν
1521 1661 1589 1696 μετὰ
1617 1661 1764 1696 ἀρχόντων,
1793 1661 1862 1696 μηδὲ

1071 1706 1192 1733 ἔστωσαν
1215 1708 1244 1733 αἱ
1274 1708 1365 1742 χεῖρες
1388 1707 1464 1742 ὑμῶν
1493 1707 1652 1743 ήπλωμέναι
1677 1708 1717 1739 εἰς
1742 1708 1772 1734 τὸ
1798 1716 1861 1734 συν-

1071 1753 1157 1786 άγειν,
1175 1752 1232 1783 ἀλλ’
1253 1752 1374 1779 ἔστωσαν
1398 1753 1498 1788 μᾶλλον
1521 1753 1681 1788 ὴπλωμέναι
1707 1754 1747 1784 εις
1771 1753 1802 1779 τὸ
1821 1753 1861 1780 δι-

1071 1798 1154 1826 δόναι.

1242 1854 1313 1888 Περὶ
1329 1854 1381 1881 τοῦ
1401 1854 1476 1882 ἁίῖϐᾶ
1493 1853 1689 1889 Χαιρέμωνος.

1108 1911 1221 1944 Ἔλεγον
1237 1912 1302 1947 περὶ
1327 1911 1374 1938 τοῦ
1400 1911 1472 1938 ἀϐὄᾶ
1491 1911 1668 1946 Χαιρέμωνος
1688 1911 1727 1942 εἰς
1749 1910 1860 1945 Σκῆτιν,

1072 1957 1113 1985 δτι
1134 1957 1229 1992 ἀπεῖχε
1251 1957 1282 1983 τὸ
1304 1957 1436 1992 σπήλαιον
1462 1956 1544 1983 αὑτοῦ
1570 1957 1623 1982 ἀπὸ
1643 1956 1692 1991 τῆς
1713 1955 1861 1988 ἐκκλησίας

1074 2001 1149 2037 μίλια
1166 2002 1380 2038 τεσσαράκοντα,
1393 2002 1447 2029 ἀπὸ
1459 2002 1488 2029 δὲ
1497 2002 1543 2028 τοῦ
1558 2002 1636 2033 ἕλους
1650 2002 1696 2028 καὶ
1708 2001 1753 2028 τοῦ
1766 2001 1861 2034 ὓδατος

1074 2048 1150 2083 μίλια
1179 2048 1300 2075 δώδεκα·
1332 2049 1379 2075 καὶ
1410 2048 1495 2080 οὕτως
1521 2048 1646 2083 εἰσέφερε
1678 2047 1708 2074 τὸ
1738 2048 1862 2083 ὲργόχει-

1073 2103 1119 2131 ρον
1143 2094 1225 2120 αὑτοῦ
1252 2095 1291 2125 εἰς
1318 2095 1348 2121 τὸ
1376 2095 1507 2130 σπήλαιον
1528 2093 1621 2126 αὐτοῦ,
1645 2093 1755 2120 καὶδύο
1777 2094 1861 2128 λαγύ-

1072 2149 1116 2166 νια
1134 2140 1162 2165 ἒν
1177 2141 1241 2175 παρ’
1259 2140 1287 2166 ἒν
1301 2141 1452 2174 βαστάζων.
1479 2141 1526 2167 καὶ
1548 2139 1704 2172 ἐκαθέζετο,
1726 2139 1775 2166 καὶ
1794 2139 1862 2175 ἡσύ-

1073 2195 1163 2223 χαςεν.

1290 2220 1373 2258 Ἀρχὴ
1390 2221 1436 2247 τοῦ
1456 2221 1484 2247 Ψ
1506 2222 1648 2257 στοιχείου.

1229 2279 1297 2312 Περὶ
1315 2278 1368 2306 τοῦ
1386 2278 1460 2306 (16⁸6³ιῖ
1483 2281 1664 2307 Ψενθαϊσιόυ
1685 2280 1705 2306 ¹.

1107 2333 1190 2362 Εἶπεν
1208 2336 1222 2361 ὁ
1239 2335 1327 2367 ὰΰϐᾶς
1344 2335 1508 2368 Ψενθαῖσιος
1525 2337 1536 2352 ⁸
1549 2337 1597 2364 καὶ
1616 2338 1630 2364 ὁ
1652 2337 1740 2368 ἀῦὃᾶς
1760 2335 1861 2372 Σοῦρος

1071 2381 1118 2411 καὶ
1138 2380 1240 2412 Ψώῖος,
1263 2382 1304 2408 ὅτι
1330 2382 1487 2414 Ἀκούοντες
1507 2382 1561 2408 τῶν
1583 2382 1668 2417 λόγων
1685 2382 1733 2409 τοῦ
1755 2382 1862 2418 [ἰατρὸς

1070 2425 1148 2461 ἡμῶν
1159 2426 1206 2452 τοῦ
1220 2426 1292 2453 ἀῦϐᾶ
1311 2427 1459 2462 Παχωμὶου
1477 2428 1599 2463 μεγάλως
1614 2428 1804 2463 ὠφελούμεθα.
1820 2428 1862 2459 εἰς

1074 2471 1154 2506 ζῆλον
1166 2472 1276 2506 ἀγαθῶν
1295 2472 1381 2506 ἔργων
1398 2473 1603 2508 διεγειρόμενοι.
1624 2473 1755 2508 Ὀρὼντες
1770 2473 1798 2500 δὲ
1810 2474 1862 2500 αὺ-

1073 2517 1120 2543 τοῦ
1142 2518 1188 2544 καὶ
1210 2518 1366 2549 σιωπῶντος
1387 2518 1436 2553 τὴν
1455 2517 1554 2553 πρᾶξιν
1572 2519 1650 2553 λόγον
1669 2517 1762 2549 οὖσαν,
1780 2518 1862 2545 ἐθαυ-

1074 2562 1206 2598 μάζομεν,
1223 2563 1290 2598 πρὸς
1312 2563 1443 2598 ἀλλήλους
1466 2563 1602 2597 λέγοντες,
1622 2565 1662 2590 ὄτι
1684 2564 1862 2599 Ἐνομιζομεν

1072 2609 1175 2640 πάντας
1192 2610 1255 2640 τοὺς
1269 2609 1363 2643 ἁγίους
1375 2609 1461 2641 οὕτως
1476 2610 1649 2636 πεποιεῖσθαι
1662 2610 1714 2636 ὑπὸ
1729 2609 1774 2637 τοῦ
1791 2608 1861 2637 Θεοῦ

1071 2655 1103 2681 ἐκ
1121 2655 1222 2686 κοιλίας
1241 2655 1344 2690 μητρὸς
1355 2655 1444 2681 αὐτῶν
1461 2656 1555 2689 ἁγίους
1572 2656 1619 2682 καὶ
1636 2656 1796 2691 ἀτρέπιους,
1813 2656 1862 2682 καὶ

1071 2701 1132 2736 οὐχὶ
1143 2700 1344 2732 αὐτεξουσίους·
1363 2701 1410 2728 καὶ
1426 2701 1488 2732 τοὺς
1504 2701 1681 2737 ἁμαρτωλοὺς
1694 2702 1731 2738 μὴ
1743 2701 1861 2737 δυναμέ-

309 2763 350 2789 Al.
371 2764 470 2799 Φορτᾶ.
510 2764 532 2779 ⁹’
547 2764 591 2792 Al.
611 2763 714 2803 Χαμαί.
752 2765 759 2780 ι
778 2765 821 2791 Al.
835 2764 984 2791 Ψανταίον.

1074 2765 1092 2792 ι.
1111 2765 1290 2800 Ψενθαήσιος.

272 2834 329 2869 (25)
353 2835 405 2862 Vit.
424 2836 498 2864 Patr.
518 2846 554 2865 Vl.
569 2837 604 2864 15

273 2870 329 2910 (26)
354 2870 404 2898 Vit.
420 2871 495 2898 Patr.
511 2881 530 2905 I,
544 2873 587 2900 18.

1113 2839 1168 2875 (ετ)
1193 2838 1244 2866 Vit.
1267 2839 1342 2867 Patr.
1358 2848 1376 2872 ι,
1393 2847 1418 2874 p.
1440 2839 1539 2872 12l.c.
1556 2838 1604 2867 οδ.
