1978 3075
130 134 179 162 ιετ

692 132 996 161 APOPIITHEGMATA
1016 133 1170 162 PATRUM.

1699 132 1752 162 458

128 196 185 218 νους
203 187 251 222 ζῇν
276 187 407 220 εὐσεϐῶς,
423 189 466 215 διὰ
487 189 517 216 τὸ
538 189 624 221 οὕτως
639 189 781 225 κτισθῆναι
801 189 910 220 αὐτούς.

984 197 1037 221 ere,
1055 193 1148 225 utpote
1167 189 1208 217 sic
1224 196 1239 215 a
1258 188 1313 216 Deo
1330 192 1449 216 creatos.
1467 187 1520 216 Sed
1545 195 1619 215 nunc
1644 188 1753 216 bonita-

129 234 205 267 Ἀρτι
221 232 249 259 δὲ
265 233 401 268 βλέπομεν
411 234 460 269 τὴν
473 234 627 270 ἁγαοότητα
642 234 689 261 τοῦ
706 235 774 261 Θεοῦ
789 234 913 270 φανερῶς

128 279 171 305 ἐπὶ
195 279 243 305 τοῦ
262 279 369 315 Πατρὸς
398 279 476 314 ἡμῶν
501 280 618 306 τούτου·
648 281 689 306 ὅτι
717 280 746 312 ἐξ
779 279 914 314 Ἑλλήνων

129 325 227 360 γονέων
243 325 292 358 ὢν,
311 326 438 352 τοσοῦτον
461 326 590 361 θεοσεϐὴς
617 327 724 360 γέγονε,
753 327 800 352 καὶ
825 325 915 357 πάσας

129 371 176 404 τὰς
192 372 303 403 ἐντολὰς
317 371 362 398 τοῦ
378 371 444 398 Θεοῦ
462 372 635 407 ἐνδεδυμένος
649 372 731 399 ἐστίν.
747 371 850 399 Οὐκοῦν
869 372 916 398 καὶ

129 417 208 452 ἡμεῖς
222 416 361 451 δυνάμεθα
373 417 419 443 καὶ
439 416 539 447 πάντες
553 416 734 452 ἀκολουθῆσαι
758 416 842 452 αὐτῷ,
857 417 915 443 ἀνθ’

130 458 165 488 ὧν
175 462 316 488 ἀκολουθεί
329 463 385 494 τοῖς
398 462 497 496 ἁγίοις.
518 463 588 497 Ἀρα
605 463 636 488 τὸ
648 463 840 498 γεγραμμένον
857 462 917 488 τοῦ-

130 507 159 534 τό
171 509 229 534 ἐστι
240 516 246 522 ·
267 508 358 534 Δεῦτε
372 508 447 543 πρὸς
461 507 510 542 μὲ,
524 508 636 541 πάντες
650 509 676 534 οὶ
689 507 850 540 κοπιῶντες
869 507 918 534 καὶ

130 554 371 588 πεφορτισμένοι,
397 554 478 589 κάγὼ
499 554 665 582 ἀναπαύσω
683 554 773 589 ὑμᾶς.
799 555 919 581 Συναπφ

131 599 255 634 θάνωμεν
279 598 326 626 οὖν
354 601 401 627 καὶ
427 600 587 636 συζήσωμεν
611 600 649 635 τῷ
672 600 808 637 ἀνθρώπῳ
822 600 918 636 τούτῳ,

132 646 172 672 ὅτι
186 645 274 681 ὀρθῶς
289 646 384 682 ὁδηγεῖ
399 647 473 682 ἡμᾶς
484 647 552 682 πρὸς
563 647 608 674 τὸν
622 646 698 674 Θεόν.

349 704 433 740 Ἀρχὴ
457 704 504 731 τοῦ
521 705 542 730 Ω
562 705 706 739 στοιχείου.

371 760 441 795 Περὶ
458 761 513 788 τοῦ
524 761 601 788 ἁϐίῖιί
616 762 678 795 ’Ὢρ,

167 819 201 844 α’.
222 815 334 850 Ἔλεγον
350 816 413 852 περὶ
427 816 474 843 τοῦ
490 816 560 843 ἁϐὁᾱ
573 817 624 852 Ὦρ
639 817 685 843 καὶ
705 817 752 843 τοῦ
769 816 842 843 sese
857 816 921 842 Θεο-

965 241 1017 263 tem
1031 235 1077 263 Dei
1094 234 1238 264 manifeste
1247 235 1433 269 conspicimus
1444 235 1471 261 in
1485 233 1566 262 Patre
1576 233 1628 262 hoc
1642 238 1753 268 nostro;

964 281 1038 315 quod
1062 290 1094 308 ex
1121 281 1281 316 parentibus
1306 281 1455 315 gentilibus
1482 286 1576 312 natus,
1594 280 1663 308 adeo
1690 288 1754 316 erga

967 327 1050 354 Deum
1063 327 1123 360 pius
1137 327 1234 360 evasit,
1255 331 1336 361 atque
1352 326 1380 353 in
1401 326 1540 354 universis
1557 325 1605 353 Dei
1619 325 1755 354 mandatis

966 377 1008 400 est
1031 377 1189 399 exornatus.
1206 372 1289 407 Igitur
1310 372 1391 399 etiam
1414 380 1466 399 nos
1489 371 1582 399 cuncti
1607 379 1756 407 possumus

967 420 1044 453 sequi
1058 427 1130 448 eum,
1147 422 1227 453 prout
1251 419 1309 453 ipse
1329 418 1456 453 sequitur
1479 423 1600 446 sanctos.
1616 417 1697 445 Certe
1714 417 1756 444 id-

968 465 1057 500 ipsum
1080 469 1131 496 est,
1158 465 1231 499 quod
1260 464 1403 499 Scriptura
1425 463 1616 499 pronuntiavit
1637 472 1643 490 ε
1665 462 1757 490 Venite

969 510 1003 537 ad
1015 519 1064 544 me,
1080 511 1125 545 qui
1139 510 1279 542 laboratis,
1295 516 1319 538 et
1332 511 1435 538 onerati
1450 511 1524 542 estis,
1542 515 1565 536 et
1576 517 1622 545 ego
1640 509 1758 544 reﬁciam

969 565 1012 584 vos
1029 557 1050 584 ⁸.
1074 556 1293 584 Commoriamur
1317 565 1382 592 ergo
1403 560 1430 584 et
1452 557 1631 583 convivamus
1652 555 1757 583 homini

970 603 1045 636 huic,
1061 603 1125 638 quia
1147 607 1221 631 recte
1239 603 1315 630 ducit
1330 611 1381 631 nos
1402 603 1436 630 ad
1450 602 1546 630 Deum.

1195 704 1365 740 Principium
1388 703 1485 731 littera:
1504 704 1534 730 Ω.

1249 762 1286 790 De
1309 761 1403 789 abbate
1428 761 1475 789 Or.

1008 822 1033 848 1.
1047 821 1103 856 ('50)
1116 820 1302 848 Memorabant
1313 820 1347 847 de
1360 819 1459 846 abbate
1471 817 1508 845 0r
1520 821 1547 845 et
1558 817 1655 845 abbate
1669 815 1759 844 Theo-

132 861 229 897 δὼρου,
255 862 295 888 ὅτι
320 860 390 898 ἦσαν
411 863 552 898 βάλλοντες
571 863 655 898 πηλὸν
671 864 710 895 εἰς
729 863 834 890 κελλῑον
852 863 918 898 (23),

984 867 1050 900 loro,
1064 866 1137 902 quod
1153 867 1216 893 dum
1238 866 1377 892 mitterent
1402 865 1489 891 lutum
1509 863 1537 890 in
1556 862 1666 895 cellam,
1683 861 1761 888 dixe-

133 908 181 935 xat
204 906 280 934 εἶπον
311 909 381 944 πρὸς
407 909 548 944 ἀλλήλους,
573 909 613 935 ὅτι
646 909 707 936 Ἐὰν
740 909 920 944 ὲπισκέψηται

134 953 207 988 ἡμᾶς
221 952 282 988 ἄρτι
293 954 306 980 6
317 953 392 986 Θεὸς,
408 954 434 980 τί
447 953 578 988 ποιοῦμεν
590 962 596 986 ;
609 954 663 980 Καὶ
673 954 839 986 κλαύσαντες
850 955 922 989 ἀφῆ-

135 1008 186 1025 καν
196 999 241 1025 τὸν
257 999 351 1035 πηλδν,
370 1000 417 1026 καὶ
428 999 599 1036 ἀνεχώρησεν
611 1000 621 1015 ³
635 1000 749 1032 ἕκαστος
763 1001 802 1032 εἰς
818 1000 848 1026 τὸ
862 1000 923 1026 κελ-

135 1044 191 1071 λίον
208 1045 300 1072 αὑτοῦ.

171 1090 204 1125 β’.
227 1091 338 1125 Ἔλεγον
353 1091 418 1128 περὶ
431 1092 476 1118 τοῦ
491 1092 562 1119 ἀϐϐἆ
579 1093 638 1128 Ὢρ,
656 1093 697 1119 ὅτι
711 1092 772 1119 οὗτε
790 1092 924 1128 ἐψεύσατό

136 1145 212 1168 ποτε,
227 1137 288 1164 οὒτε
298 1138 414 1173 ὤμοσεν,
429 1138 490 1165 οὗτε
510 1140 685 1175 κατηράσατο
696 1139 848 1175 ἄνθρωπον,
862 1139 924 1166 οὗτε

136 1182 215 1214 ἐκτὸς
232 1184 354 1219 ἀνάγκης
366 1184 506 1220 ἐλάλησεν.

171 1232 206 1263 γ’.
224 1229 336 1263 Ἔλεγεν
352 1230 366 1256 6
388 1231 472 1262 6665;
487 1232 534 1266 Ὣρ
555 1231 593 1267 τῷ
614 1231 722 1268 μαθητῇ
744 1232 828 1259 αὑτοῦ
850 1232 924 1259 Παύ-

136 1274 176 1310 λῳ
187 1275 213 1291 ⁸·
230 1276 327 1308 Βλέπε,
350 1278 483 1312 μηδέποτε
500 1278 639 1314 ἀλλότριον
657 1279 735 1314 λόγον
758 1280 870 1316 ἐνέγκῃς
885 1280 926 1312 εἰς

138 1320 169 1347 τὸ
187 1320 290 1347 κελλίον
306 1321 393 1348 τοῦτο.

174 1367 205 1394 δ’.
228 1368 344 1403 Ἀπῆλθέ
361 1377 425 1395 ποτε
441 1369 546 1402 Παῦλος
560 1371 574 1396 6
593 1370 716 1406 μαθητὴς
727 1370 773 1397 τοῦ
787 1371 858 1398 ἀῦϐᾶ
877 1372 927 1406 ’Ὼρ

139 1414 275 1449 ἀγοράσαι
292 1415 397 1447 θαλλία,
412 1417 458 1442 καὶ
469 1413 546 1452 εὗρεν
563 1417 604 1443 ὅτι
619 1417 692 1444 ἄλλοι
704 1417 865 1453 προέλαῦον,
880 1417 927 1444 καὶ

139 1459 243 1487 ἔδωκαν
253 1460 409 1496 ὰῤῥαῦῶνα.
426 1462 560 1488 Οὐδέποτε
575 1463 629 1498 γὰρ
644 1462 792 1498 ἀρραϐῶνα
811 1462 897 1489 ἐδίδου
913 1463 927 1488 6

140 1505 228 1537 ὰϐῧᾶς
243 1506 292 1542 ’Ὡρ
307 1507 346 1538 εἰς
359 1507 386 1533 τί
401 1515 476 1538 ποτε,
489 1507 556 1533 ἀλλὰ
573 1506 612 1542 τῷ
628 1507 717 1543 καιρῷ
733 1507 883 1533 ἀπέστελλε
897 1507 927 1533 τὺ

140 1551 260 1586 τίμημα,
274 1552 320 1578 καὶ
337 1551 481 1588 ἠγόραζεν.
503 1552 636 1587 Ἀπῆλθεν
653 1551 699 1579 οὖν
710 1554 724 1579 6
738 1552 862 1588 μαθητὴς
881 1553 928 1578 αὑ·
941 1545 963 1574 c

140 1597 189 1624 τοῦ
206 1597 252 1624 καὶ
267 1599 307 1629 εἰς
325 1597 404 1624 ἄλλον
423 1598 504 1625 τόπον
523 1598 566 1625 διὰ
582 1599 660 1634 βαΐα·
673 1599 720 1626 καὶ
734 1599 807 1633 λέγει
822 1598 897 1633 αὐτῷ
914 1600 929 1625 6

142 1644 296 1680 κηπουρός·
320 1644 367 1676 Τίς
388 1653 454 1671 ποτε
468 1645 551 1673 ἔδωκέ
571 1654 616 1681 μοι
630 1645 787 1682 ἀρραϐῶνα,
812 1646 859 1673 καὶ
879 1646 929 1672 οὐκ

142 1687 277 1724 ἒτιῆλοε·
293 1689 358 1716 λάϐε
374 1687 419 1716 οὖν
444 1690 477 1717 τὰ
504 1690 569 1725 βαῖα
593 1691 636 1717 σύ.
666 1691 719 1717 Καὶ
744 1691 834 1717 λαϐὼν
859 1691 930 1718 αὐτὰ

142 1733 208 1771 ἦλθε
221 1736 288 1770 πρὸς
299 1736 344 1762 τὸν
362 1735 486 1771 γέροντα,
504 1737 551 1763 καὶ
567 1736 727 1772 ἀνήγγειλεν
743 1737 817 1771 αὑτῷ
833 1736 928 1764 ταῦτα.

144 1781 200 1807 Καὶ
213 1781 250 1812 ὡς
262 1782 376 1816 ἤκουσεν
394 1783 407 1808 ὁ
419 1781 518 1817 γέρων,
539 1782 669 1817 ἔκρουσεν
690 1783 729 1814 εἰς
761 1782 811 1814 τὰς
838 1783 931 1817 χεῖρας

144 1827 239 1859 αὑτοῦ,
257 1827 359 1862 λέγων·
383 1829 410 1855 '0
426 1829 476 1864 ’Ὠρ
499 1830 548 1855 οὐκ
570 1828 716 1864 ἐργάζεται
734 1830 775 1863 ἐφ’
791 1829 851 1861 ἔτος
865 1830 930 1865 (29).

146 1874 202 1902 Καὶ
216 1874 265 1900 οὐκ
279 1875 367 1909 ἀφῆκε
382 1875 415 1902 τὰ
427 1874 489 1909 ﬁeri:
504 1875 566 1906 ἔσω,
580 1875 632 1906 ἓως
642 1875 797 1911 ἀπήνεγκεν
809 1876 879 1902 αὐτὰ
893 1878 933 1908 εὶς

145 1920 192 1947 τὸν
203 1921 284 1947 τόπον
299 1921 397 1948 αὐτῶν.

184 1969 215 1992 ε’.
240 1965 323 1992 Εἶπεν
352 1968 365 1993 ὁ
389 1967 476 1998 ἁόὃᾶς
504 1968 570 2003 Ὤρ’
601 1968 632 1994 El
653 1969 718 2004 ὁρᾷς
747 1977 780 2003 με
805 1968 934 2004 λογισμὸν

147 2012 243 2047 ἔχοντα
254 2012 324 2039 κατὰ
341 2013 422 2046 τινὸς,
440 2013 557 2047 γίνωσκε
570 2014 610 2040 ὅτι
627 2015 673 2041 καὶ
690 2014 770 2046 αὐτὸς
793 2015 839 2041 τὸν
856 2015 934 2042 αὑτὸν

147 2059 204 2094 ἔχει
219 2059 260 2090 εἰς
275 2059 336 2093 ἐμέ.

185 2102 288 2136 ς’.Ἦν
301 2113 343 2136 τις
363 2104 459 2140 κώμης
477 2105 506 2132 ἐν
523 2106 579 2137 τοῖς
603 2105 699 2140 μέρεσι
717 2105 763 2132 τοῦ
784 2106 856 2133 ἀόϐἆ
873 2107 934 2142 Ὢρ,

974 913 1029 940 rint
1054 916 1171 940 mutuo:
1188 912 1216 939 Si
1242 912 1313 939 Deus
1331 919 1382 938 nos
1407 910 1488 938 modo
1513 908 1676 940 visitaverit,
1695 907 1761 943 quid

975 959 1073 986 facturi
1099 966 1194 986 sumus
1209 958 1221 984 '!
1238 957 1270 984 Et
1294 957 1388 984 ﬂentes
1416 955 1588 990 reliquerunt
1606 955 1694 982 lutum
1705 975 1713 987 ,
1730 960 1762 981 ac

975 1009 1088 1032 uteroue
1100 1003 1213 1031 recessit
1226 1003 1252 1030 in
1264 1002 1359 1029 cellam
1375 1009 1462 1029 suam.

1009 1092 1036 1119 ‘2.
1049 1092 1105 1127 (51)
1119 1091 1234 1118 Aiebant
1246 1090 1280 1117 de
1294 1089 1393 1117 abbate
1400 1088 1438 1116 Or
1450 1089 1523 1124 quod
1535 1094 1675 1122 nunquam
1691 1093 1765 1113 mett-

975 1140 1042 1167 tilus
1058 1139 1151 1171 fuerit,
1169 1144 1219 1165 nec
1234 1136 1386 1171 iuraverit,
1407 1142 1458 1163 nec
1480 1135 1646 1169 imprecatus
1663 1133 1699 1160 sit
1716 1132 1765 1159 ho-

976 1186 1053 1218 mini,
1064 1192 1152 1219 neque
1163 1184 1198 1211 sit
1210 1183 1319 1210 locutus
1334 1182 1403 1209 citra
1419 1180 1622 1208 necessitatem.

1011 1233 1036 1259 5.
1050 1232 1105 1266 (39.)
1120 1231 1192 1258 Dixit
1208 1230 1294 1257 abbas
1305 1228 1342 1256 0r
1357 1227 1494 1261 discipulo
1510 1233 1560 1254 suo
1573 1225 1657 1252 Paulo
1667 1224 1764 1256 :Cave,

977 1285 1011 1305 ne
1042 1284 1162 1312 unquam
1188 1276 1307 1303 alienum
1337 1274 1451 1302 verbum
1477 1271 1601 1300 attuleris
1617 1271 1646 1298 in
1667 1271 1765 1298 cellam

977 1325 1057 1351 hanc.
1116 1320 1121 1325 ’

1013 1370 1039 1398 4.
1062 1369 1134 1397 Abiit
1152 1367 1299 1404 aliquando
1314 1366 1415 1394 Paulus
1429 1365 1582 1400 discipulus
1598 1364 1705 1391 abbatis
1718 1362 1766 1394 0r.

978 1420 1007 1443 ut
1024 1419 1126 1442 emeret
1140 1422 1233 1441 ramos
1255 1413 1418 1448 palmarum,
1433 1410 1591 1445 invenitque
1612 1409 1681 1437 alios
1696 1407 1767 1434 anti-

978 1463 1086 1497 cipasse
1107 1469 1139 1489 ac
1161 1461 1270 1488 dedisse
1287 1459 1397 1495 pignus.
1415 1457 1560 1492 Nunquam
1575 1459 1666 1482 autem
1681 1454 1768 1482 abbas

981 1508 1018 1535 0r
1030 1508 1063 1535 ad
1079 1507 1229 1542 quamlibet
1252 1513 1310 1533 rem
1326 1504 1408 1532 dabat
1420 1504 1529 1539 pignus,
1545 1502 1593 1529 scd
1606 1501 1633 1528 in
1646 1505 1769 1535 tempore

981 1553 1105 1581 mittebat
1120 1553 1249 1588 pretium,
1264 1554 1291 1578 et
1302 1550 1421 1577 emebat.
1435 1548 1559 1576 Perrexit
1573 1554 1637 1582 ergo
1647 1545 1769 1580 discipu-

980 1601 1023 1626 lus
1036 1599 1095 1634 ejus
1117 1599 1150 1626 ad
1172 1598 1256 1625 alium
1280 1597 1371 1624 locum
1392 1598 1503 1630 propter
1522 1593 1642 1629 palmeos
1663 1598 1767 1619 ramos.

979 1645 1023 1672 Ait
1038 1645 1063 1672 ei
1085 1645 1249 1671 hortulanus
1267 1652 1273 1669 :
1290 1641 1389 1669 Nescio
1402 1641 1464 1675 quis
1478 1639 1554 1667 dedit
1581 1638 1647 1665 mihi
1670 1637 1769 1672 pignus

980 1700 1031 1719 nec
1042 1691 1137 1723 rediit;
1157 1690 1251 1725 accipe
1265 1689 1350 1724 igitur
1362 1692 1389 1714 tu
1408 1694 1509 1714 ramos.
1524 1685 1629 1719 Quibus
1642 1683 1769 1718 sumptis,

981 1738 1055 1766 venit
1066 1738 1099 1765 ad
1120 1744 1225 1768 senem,
1241 1741 1402 1771 gestumque
1421 1732 1568 1761 enarravit.
1584 1730 1673 1766 thue
1692 1729 1771 1757 audi-

983 1785 1019 1811 vit
1036 1792 1129 1815 senex,
1148 1782 1297 1817 complosis
1312 1780 1450 1811 manibus,
1471 1779 1542 1806 dixit
1558 1788 1564 1805 :
1578 1777 1615 1805 0r
1632 1784 1688 1804 non
1706 1783 1770 1811 ope-

981 1837 1057 1860 ratur
1082 1832 1135 1859 hoc
1161 1838 1244 1858 anno.
1268 1829 1323 1857 Nec
1348 1827 1457 1862 reliquit
1474 1826 1581 1861 palmas
1600 1824 1672 1852 intra
1696 1830 1772 1864 quo.-

982 1886 1068 1913 usque
1087 1877 1181 1904 retulit
1193 1884 1240 1904 eas
1256 1877 1285 1902 in
1305 1876 1395 1902 locum
1415 1880 1506 1900 suum.

1017 1969 1044 1996 5.
1064 1967 1138 1994 Dixit
1155 1967 1240 1994 abbas
1253 1965 1290 1993 0r
1308 1975 1314 1992 :
1338 1964 1365 1992 Si
1383 1962 1528 1999 aguoveris
1548 1968 1592 1988 me
1611 1960 1713 1988 habere
1726 1966 1774 1986 co-

983 2015 1143 2048 gitationem
1159 2014 1186 2039 in
1202 2012 1332 2046 aliquem,
1349 2010 1418 2038 scito
1431 2008 1505 2044 quod
1522 2012 1550 2035 et
1568 2007 1629 2042 ipse
1649 2005 1774 2034 eamdem

984 2068 1046 2094 erga
1060 2067 1103 2086 me
1118 2059 1210 2086 habet.

1020 2105 1046 2132 6.
1068 2105 1133 2132 Erat
1148 2104 1260 2139 quidam
1276 2110 1368 2130 comes
1381 2102 1408 2128 in
1423 2104 1512 2128 tractu
1525 2099 1630 2127 abbatis
1644 2098 1691 2130 0r.
1702 2097 1776 2125 Lon-

146 2150 281 2183 Λογγῖνος
317 2149 499 2184 καλούμενος,
528 2150 575 2176 καὶ
619 2149 719 2181 πολλὰς
753 2150 925 2185 ὲλεημοσύνα.

986 2153 1066 2187 ginus
1081 2150 1201 2183 nomine,
1217 2149 1264 2184 qui
1283 2149 1382 2175 multas
1395 2147 1515 2174 faciebat
1524 2146 1721 2179 eleemosynas.
1733 2143 1774 2171 Ad

148 2195 236 2222 ἐποίει
245 2203 251 2209 ’
270 2195 316 2222 καὶ
327 2196 512 2231 παραϐαλόντι
526 2197 581 2222 τινὶ
591 2197 644 2223 τῶν
658 2197 799 2232 Πατέρων,
812 2198 925 2233 παρεκά-

987 2206 1066 2233 quem
1083 2204 1144 2224 cum
1159 2195 1322 2222 accessisset
1333 2193 1435 2228 aliquis
1450 2201 1465 2220 e
1483 2191 1620 2223 Patribus,
1633 2190 1678 2217 ille
1694 2196 1776 2224 roga-

146 2241 227 2268 λεσεν
250 2242 330 2268 αὑτὸν
348 2243 391 2269 ἵνα
419 2243 473 2278 ἄρῃ
497 2243 576 2269 αὐτὸν
605 2243 673 2278 πρὸς
696 2243 742 2269 τὸν
761 2243 847 2270 ἁ66ἄν
873 2244 923 2279 Ὤρ

987 2245 1026 2272 vit
1043 2244 1125 2274 hunc,
1144 2246 1174 2269 ut
1193 2241 1305 2268 duceret
1323 2249 1351 2268 se
1367 2240 1400 2267 ad
1421 2239 1546 2266 abbatem
1563 2237 1609 2265 Or.
1625 2235 1777 2263 Monachus

153 2285 350 2314 Ἀπελθὼνοῦν
366 2288 434 2323 πρὸς
457 2288 500 2314 τὸν
527 2288 641 2323 γέροντα
662 2289 676 2315 6
700 2289 816 2324 μοναχὺς
834 2290 925 2317 ὲνεκωτ

988 2291 1071 2325 igitur
1085 2289 1117 2316 ad
1130 2295 1222 2315 senem
1234 2285 1381 2321 profectus,
1390 2284 1517 2312 laudibus
1528 2282 1627 2311 extulit
1637 2281 1775 2313 comitem,

148 2333 231 2368 μίαζε
254 2333 299 2359 τὸν
323 2333 440 2370 κώμητα
456 2354 463 2366 ,
488 2335 529 2361 ὅτι
559 2335 640 2367 καλός
670 2337 738 2368 ἐστι,
764 2337 812 2362 καὶ
836 2336 925 2363 nonst

988 2335 1061 2370 quod
1073 2335 1159 2361 bonus
1180 2337 1255 2360 esset
1265 2332 1318 2364 vir,
1332 2331 1473 2365 multaque
1486 2329 1633 2364 largiretur
1649 2327 1778 2362 pauperi--

146 2378 334 2414 ἐλεημοσύνας
345 2381 426 2407 ποιεῖ.
440 2381 494 2407 Καὶ
508 2382 607 2416 νοήσας
623 2382 637 2407 ὁ
652 2381 752 2417 γέρων.
773 2382 846 2416 λέγει
857 2390 864 2397 ·
881 2383 925 2409 Na‘

988 2382 1049 2409 bus.
1068 2378 1108 2407 lie
1126 2379 1274 2410 intellecta,
1286 2378 1324 2404 ait
1335 2384 1418 2405 senex
1434 2385 1440 2402 :
1456 2373 1713 2409 Etiam,praaclarus
1723 2375 1776 2400 est.

147 2424 232 2455 καλός
246 2425 328 2451 ἐστιν.
343 2425 463 2460 Ἴιρξατο
478 2423 524 2452 οὖν
538 2427 552 2452 6
568 2426 684 2462 μοναχὺς
701 2428 869 2463 παρακαλεῖν
888 2428 925 2454 αὑ-

990 2428 1085 2462 ltaque
1097 2425 1181 2460 ccepit
1193 2424 1345 2452 monachus
1357 2430 1437 2450 orare
1453 2429 1515 2450 eum
1531 2421 1573 2448 his
1588 2419 1700 2447 verbis:
1713 2417 1779 2446 Per-

200 2502 211 2518 ³
225 2502 268 2530 Al.
286 2501 473 2538 ἀνεχώρησαν.
514 2502 525 2518 ⁸
539 2503 623 2531 Abest
638 2504 737 2539 Παύλῳ
751 2505 784 2532 ab
800 2505 835 2532 al.
875 2505 885 2521 ⁵
902 2505 925 2532 Μ

988 2524 995 2531 .
1016 2512 1055 2537 x1,
1071 2504 1116 2531 “28.

188 2579 252 2620 (‘28)~
266 2581 331 2607 Ὅτι
345 2579 426 2620 ἦσαν
440 2581 615 2620 ﬂebilior-rec
628 2582 728 2620 πηλρν
748 2583 791 2620 εζς
804 2582 938 2620 regalior.

149 2615 315 2649 Εῑάερῆκαν
325 2615 377 2642 τὸν
385 2617 486 2649 πηλόν
507 2615 634 2643 Dissonat
646 2617 762 2646 multum
769 2617 872 2651 Pelagii
880 2624 940 2644 ver-

150 2650 280 2686 sio.Quia
290 2651 431 2683 misissent,
443 2651 541 2686 inquit,
552 2652 689 2685 caprinum
702 2651 795 2685 pellem
808 2650 940 2679 in’cellam

149 2694 241 2714 suam.
263 2685 295 2712 Et
309 2685 469 2721 reliquerunt
482 2685 571 2721 laeum
586 2694 618 2713 ea:
636 2686 775 2714 lateribus.
789 2686 941 2721 Legebalne

152 2721 316 2757 priorirloco
331 2713 418 2757 πῖλον,
429 2725 475 2749 aut
486 2720 569 2757 μῆλον
582 2729 629 2748 seu
643 2721 780 2757 μηλωτήν,
796 2713 925 2757 pousterior

995 2713 1158 2757 sue-tudinem
1169 2719 1234 2757 (lare
1247 2717 1405 2752 pauperibus
1415 2717 1530 2744 triticum
1542 2736 1549 2748 ,
1564 2715 1700 2743 transulto
1708 2713 1781 2754 quod

151 2755 220 2783 vero
230 2756 261 2782 τὸ
277 2755 433 2783 πλινθείονῗ
487 2755 492 2757 ⁷
517 2755 521 2756 ν
645 2755 649 2756 ν
675 2755 680 2757 ⁷
748 2755 753 2757 ⁷
796 2755 805 2757 “

995 2763 1050 2782 non
1061 2755 1258 2790 intelligebant.

192 2790 249 2826 (29)
272 2790 335 2824 Ἐφ’
347 2790 424 2824 ἔτος.
440 2790 556 2818 ϐιοεειὲε
577 2791 620 2825 ἐφ’
637 2790 705 2823 ἔτος.
726 2791 783 2818 Hoc
796 2800 877 2819 anno.
892 2790 925 2818 lt:

1031 2791 1088 2825 (50)
1114 2787 1166 2826 γίἶ.
1181 2789 1257 2826 I_’atr.
1275 2796 1316 2820 ιιι,
1332 2787 1375 2826 19.

153 2821 209 2860 que
222 2821 257 2854 ex
272 2821 389 2860 vetustis
402 2821 470 2854 inss.
484 2821 654 2853 bibliotheca}
669 2821 830 2855 C'olbertina:
841 2834 943 2857 repono
1032 2821 1087 2860 (Si)
1115 2825 1165 2852 Vit.
1182 2824 1259 2860 Batr.
1275 2823 1367 2860 Vill,‘9
1378 2832 1384 2838 ·
1402 2830 1443 2856 ιιι,
1455 2821 1488 2853 7.~

154 2834 209 2860 que
222 2833 257 2854 ex
272 2827 389 2856 vetustis
405 2834 470 2854 mss.
484 2827 654 2853 bibliotheca}
669 2827 830 2855 Colbertina:
841 2835 923 2857 repon

154 2862 185 2888 in
199 2860 307 2888 Joanne
322 2859 442 2895 Moscho,
461 2868 520 2896 cap.
542 2861 576 2888 85
593 2860 924 2897 ΡναιὶερίνίιιιαιὶιίΚύρι

1032 2827 1073 2859 (51
1115 2827 1165 2852 Vit.
1182 2827 1259 2850 Patr.
1275 2831 1334 2853 vin,
1351 2827 1358 2849 ι

1032 2827 1088 2896 (5“);
1115 2860 1166 2888 Vit.
1186 2859 1260 2886 Patr.
1276 2865 1317 2890 ut,
1332 2857 1358 2885 8.

993 2581 1075 2613 ἀϐϐᾶ,
1091 2581 1134 2614 ἐφ’
1148 2579 1207 2611 ἕτος
1224 2578 1261 2614 μὴ
1282 2577 1423 2614 παράσχῃς
1441 2576 1491 2612 τὴν
1502 2574 1575 2614 κατᾲ
1594 2572 1702 2614 καιρὸν,
1719 2580 1779 2599 συν-

993 2608 1153 2649 ήθειανποῖς
1168 2608 1347 2649 amictui};
1363 2608 1532 2649 μῇίστενωρῇ
1542 2608 1778 2649 τὺιμοναστήριον.

994 2645 1046 2678 Ubi
1063 2645 1207 2678 ediderunt
1221 2645 1326 2684 ίΚρριε
1337 2645 1534 2684 alibi-segeti)"
1551 2645 1598 2680 μή,
1614 2648 1680 2684 etc.,
1693 2650 1725 2670 ac
1742 2645 1779 2671 in~

994 2686 1135 2721 terpretati
1147 2688 1210 2721 sunt
1226 2692 1233 2710 ι
1251 2679 1325 2712 Νόιὶ.
1337 2679 1704 2721 ᾴρηιίιιειὶξαιει-[ξεειιηάιιιη
1719 2687 1781 2721 con:
