1978 3075
219 132 272 159 4Ξῦ

781 135 951 164 ΑΡΡΕΝΟΙΧ
971 136 1016 163 AD
1035 136 1242 165 PALLADIUM.

1787 139 1838 167 4M

219 190 265 223 qui
288 187 444 223 huiusmodi
469 190 653 217 narrationem
674 192 833 226 aggrediar;
858 193 921 228 quia
948 201 997 220 nor

1055 193 1162 228 γήσεως
1179 194 1375 230 κατάρξασθαι,
1392 195 1437 221 διὰ
1458 194 1489 221 τδ
1513 195 1550 230 μὴ
1575 196 1665 222 ἱκανὸν
1680 192 1758 228 εἶναι,
1777 205 1839 229 τους

218 235 306 266 decet,
326 239 356 262 ut
375 235 451 270 parvi
468 243 564 270 magna
585 236 721 271 attingant
742 243 913 272 argumenta,
939 247 1001 266 cum

219 288 273 307 non
293 281 399 316 possint
419 281 552 316 condigne
572 283 713 309 veritatem
729 283 892 316 edissererc,
917 286 1002 312 maxi-

219 335 317 362 meque
346 336 401 355 rem
422 329 531 363 scriptis
559 330 740 364 consignarc,
766 339 814 365 per
837 332 1001 360 mediocrem

219 381 372 401 sermonem
394 373 474 401 cflatu
493 374 612 402 ditlicilia
627 375 701 402 eﬂ'ari
720 377 846 404 audendo
863 387 868 404 :
888 379 913 405 id
929 380 1002 414 quod

217 418 297 445 valde
309 419 478 453 nimiumque
495 419 586 446 audax
604 425 646 447 est
661 428 692 447 ac
712 422 906 455 periculosum,
925 424 1002 451 nobis

217 465 264 499 qui
290 464 402 492 viliores
426 473 532 499 sumus,
556 466 644 500 primo
669 467 703 494 ad
725 467 797 495 hanc
820 469 1002 497 celsissimam

217 512 359 539 materiam
378 520 425 547 per
444 513 547 548 scripta
567 513 708 542 accedere.
724 513 916 543 Verumtamen
935 525 1004 552 quo—

217 559 291 585 niam
311 567 382 594 szepe
404 560 504 594 sarpius
519 564 630 595 rogatus
654 561 690 588 fui
707 569 720 587 a
737 562 864 596 religiosa
877 563 1003 591 fraterni-

217 607 283 637 tate,
303 612 363 640 quae
382 605 409 631 in
424 609 514 632 monte
530 610 627 633 saneto
644 606 740 633 Oliveti
758 612 955 640 commoratur,
973 614 1002 636 ut

217 649 252 676 iis
270 650 453 678 describerem
470 651 661 686 Egyptiorum
680 653 878 680 monachorum
894 655 1002 682 vivendi

216 696 346 727 rationes,
367 704 436 731 quas
460 698 603 732 conspexi,
630 706 754 734 magnam
773 707 868 726 eorum
884 700 1002 727 charita-

216 745 282 773 tem,
302 746 329 769 et
347 743 460 769 multam
486 744 708 771 exercitationem
727 745 836 779 pietatis
854 754 862 778 ;
892 746 1001 773 illorum

215 787 342 821 precibus
361 788 513 821 confidens,
531 788 603 815 hanc
616 789 775 816 relationem
792 791 933 825 suscipere
951 799 1000 818 au-

216 840 264 859 sus
275 841 353 866 sum;
367 841 421 867 quo
435 838 462 860 et
483 834 549 861 mihi
567 834 690 861 nonnihil
708 834 776 862 lucri
791 836 903 863 accedat
919 844 953 863 ex
968 845 1000 865 co

214 878 410 911 emolumento,
435 879 499 906 dum
518 880 640 914 ipsorum
662 879 786 908 imitatus
811 880 889 908 fuero
903 882 998 914 vitam,

214 926 296 958 atque
321 923 474 951 absolutam
499 932 514 951 ο
535 925 637 952 mundo
661 926 856 959 secessionem,
880 928 1000 963 itemque

213 970 341 1004 quietem,
355 978 403 1005 per
420 971 590 997 tolerantiam
608 972 750 1005 virtutum,
768 979 851 1007 quam
869 973 902 1000 ad
919 973 998 1001 finem

213 1024 300 1052 usque
311 1017 440 1044 retinent.
456 1017 524 1044 Vere
537 1018 610 1045 enim
624 1018 740 1045 intuitus
759 1026 818 1045 smn
829 1017 874 1045 Dei
888 1018 1000 1046 thesau-

212 1069 285 1093 rum.
307 1062 454 1089 multorum
479 1063 635 1090 utilitatem.
656 1062 756 1090 Verum
774 1063 800 1090 in
824 1071 903 1090 usum
924 1071 1000 1091 com-

211 1116 321 1135 munem
352 1108 459 1135 lucrum
487 1109 620 1144 produxi,
644 1112 721 1136 ratus
745 1109 905 1144 prmclaram
932 1110 998 1137 mihi

212 1152 270 1180 fore
284 1153 442 1187 huiusmodi
458 1154 684 1189 negotiationem,
705 1155 728 1181 si
747 1155 881 1182 commodi
901 1155 998 1182 fratres

210 1199 359 1234 participes
376 1199 507 1231 facerem,
530 1204 558 1226 ut
583 1208 633 1234 pro
654 1207 713 1226 mea
733 1204 880 1235 precentur
899 1200 996 1228 salute.

209 1245 406 1281 Primoitaque
421 1247 491 1273 hanc
508 1247 738 1281 conseriptionem
759 1247 911 1279 instituam,
933 1247 999 1275 assi-

210 1295 299 1319 stente
317 1290 462 1318 Servatore
482 1295 577 1318 nostro
588 1290 653 1318 Jesu
673 1291 801 1324 Christo;
825 1291 997 1326 quandoqui-

209 1337 269 1364 dem
286 1337 364 1371 juxta
378 1337 465 1372 ipsius
477 1337 644 1369 doctrinam,
662 1337 713 1365 hoc
726 1342 807 1372 pacto
821 1338 906 1365 vitam
918 1346 997 1366 suam

209 1383 329 1418 Egyptii
352 1383 477 1410 monachi
503 1384 691 1410 moderantur.
725 1383 787 1411 Vidi
816 1385 916 1419 quippe
943 1385 997 1411 illic

208 1430 309 1457 multos
321 1429 427 1462 Patres,
444 1430 594 1465 angelicam
610 1430 692 1457 vitam
705 1435 827 1465 agentes,
844 1438 875 1457 ae
888 1431 914 1458 in
931 1431 997 1458 Ser-

208 1475 310 1502 vatoris
337 1475 424 1502 nostri
452 1474 517 1503 Jesu
540 1475 694 1503 imitatione
719 1476 888 1508 incedentes,
912 1484 996 1504 novos

207 1520 340 1555 quosdam
359 1521 482 1555 aliosque
504 1521 664 1556 prophetas.
680 1529 712 1548 ex
731 1522 784 1549 ista
800 1522 892 1549 divina
909 1527 935 1549 et
948 1522 995 1549 ad-

209 1567 326 1594 mirabili
343 1568 405 1595 vitae
419 1568 637 1600 conversatione,
651 1567 798 1595 virtutibus
813 1569 924 1600 referta,
941 1569 995 1596 vim

206 1617 234 1640 et
252 1612 398 1640 efficaciam
422 1613 535 1647 adeptos
565 1613 644 1647 plane
667 1612 808 1645 divinam;
831 1621 925 1640 revera
949 1613 995 1640 Dei

207 1657 334 1688 famulos,
351 1657 397 1692 qui
413 1657 482 1684 nihil
497 1662 637 1684 terrenum
652 1661 790 1692 saperent,
804 1658 870 1684 nihil
885 1666 917 1685 ex
936 1658 996 1686 istis

207 1704 402 1738 temporalibus
416 1704 594 1732 testimarent.
616 1704 667 1736 Qui
688 1704 811 1738 profecto
833 1705 897 1732 dum
912 1706 952 1732 sic
968 1706 995 1733 iu

206 1754 280 1776 terra
297 1750 402 1782 vivunt,
420 1750 447 1776 in
461 1750 540 1777 cmlis
553 1755 763 1777 conversantur.
778 1750 886 1778 Scilicet
901 1759 995 1778 eorum

207 1796 329 1822 nonnulli
343 1804 377 1823 ne
393 1795 502 1830 quidem
523 1796 596 1830 quod
613 1796 648 1823 sit
664 1797 689 1823 in
707 1800 780 1823 terra
791 1796 910 1824 mundus
927 1798 996 1825 alius

206 1845 318 1872 norunt,
339 1849 427 1876 neque
445 1842 517 1876 quod
535 1841 639 1868 malilia
651 1842 677 1868 iu
693 1842 808 1870 urbibus
824 1847 948 1870 versetur
966 1852 997 1870 ac

206 1889 384 1918 exerceatur;
400 1886 447 1913 sed
463 1893 526 1913 vere
543 1885 603 1911 Pax
616 1885 701 1912 multo
716 1885 887 1921 diligentibus
905 1886 994 1921 legem,

206 1932 273 1958 dicit
286 1931 417 1959 Dominus
431 1932 607 1966 omnipotens
617 1932 637 1959 ³.

242 1977 316 2004 Multi
330 1982 419 2004 autem
446 1985 479 2004 ex
509 1984 604 2004 eorum
625 1985 740 2003 numero
765 1978 848 2004 etiam
875 1981 995 2012 stupent,

206 2032 269 2051 cum
284 2032 328 2051 res
345 2023 435 2050 saeculi
451 2023 578 2054 audiunt,
595 2031 709 2058 prorsus
726 2023 804 2050 obliti
823 2025 995 2050 terrestrium

206 2078 346 2098 curarum.
366 2071 484 2097 Cernere
501 2070 565 2096 licet
588 2078 646 2102 eos,
661 2070 688 2097 in
704 2069 821 2097 desertis
845 2070 995 2105 dispersos,

205 2119 334 2150 tanquam
352 2123 498 2151 germanos
522 2115 622 2142 liberos
642 2120 746 2150 patrem
763 2123 841 2142 suum
857 2115 995 2143 Christum

206 2162 410 2196 prmstolantes;
436 2165 482 2188 aut.
507 2162 595 2188 instar
627 2161 765 2189 exercitus
780 2183 787 2194 ,
808 2169 923 2195 regem,
953 2162 996 2189 vel

1056 240 1172 274 μικροὺς
1197 241 1251 267 τῶν
1277 241 1402 276 μεγάλων
1428 241 1597 274 ἐφάπτεσθαι
1619 242 1783 273 ὑποθέσεων,
1802 243 1838 278 μὴ

1028 303 1033 306 μ
1053 285 1171 318 ἐπαξίως
1183 286 1193 301 ⁸
1203 286 1367 321 δυναμένους
1379 286 1413 314 τὰ
1421 287 1506 322 ἀληθῆ
1520 287 1646 320 ἐξειπεῖν,
1661 289 1708 315 καὶ
1723 289 1839 324 μάλιστα

1054 332 1145 365 γραφῇ
1165 331 1329 367 παραδοῦναι
1345 331 1375 358 τὸ
1391 333 1517 367 πρᾶγμα,
1532 333 1579 359 καὶ
1597 333 1701 369 μετρίῳ
1714 334 1785 369 λόγῳ
1805 336 1838 361 τὰ

1053 375 1212 411 δύςφραστα
1227 377 1341 412 φράζειν
1363 378 1605 413 κατατολμῶντας·
1625 380 1693 416 ὅπερ
1717 381 1763 406 καὶ
1779 381 1839 407 τολ-

1055 421 1205 454 μηρότερον
1222 421 1291 454 ἄγαν
1304 421 1349 447 καὶ
1360 421 1538 454 ἐπικίνδυνον,
1554 423 1753 459 εὐτελεστέροις
1764 423 1838 450 οὖσιν

1053 466 1129 500 ἡμῖν,
1149 465 1264 501 πρώτως
1276 466 1322 492 ἐπὶ
1336 467 1385 502 τὴν
1397 467 1568 503 ὑψηλοτάτην
1581 468 1684 503 ταύτην
1698 470 1836 500 ὑπόθεσιν,

1053 510 1096 537 διὰ
1106 511 1278 546 γραμμάτων
1291 513 1398 546 χωρεῖν.
1419 513 1508 548 Ὀμῶς
1519 513 1707 549 παρακληθεὶς
1719 515 1837 549 συνεχῶς

1053 557 1107 583 ὑπὸ
1118 557 1166 591 τῆς
1182 557 1314 589 εὑλαϐοὖς
1328 558 1516 594 ἀδελφότητος,
1534 559 1584 594 τῆς
1601 560 1629 585 ὲν
1643 559 1682 594 τῷ
1696 560 1765 595 ἁγίῳ
1780 560 1837 596 ὄρει

1052 603 1107 630 τῶν
1129 603 1241 630 Ἐλαιῶν
1258 604 1480 640 πολιτευομένης,
1496 605 1602 641 γράψαι
1614 606 1706 638 αὐτοῖς
1720 606 1770 638 τὰς
1783 607 1837 633 τῶν

1053 650 1082 676 ἐν
1098 650 1227 684 Αἰγύπτῳ
1249 650 1375 685 μοναχῶν
1391 651 1538 683 πολιτείας,
1553 651 1586 683 ἃς
1608 652 1772 688 ἐθεασάμην,
1789 653 1838 688 τὴν

1053 694 1153 730 πολλὴν
1174 695 1285 730 ἀγάπην
1304 695 1404 728 αὑτῶν,
1422 696 1468 722 καὶ
1492 697 1592 731 πολλὴν
1621 697 1754 733 ἄσκησιν”
1779 700 1838 730 ταῖς

1052 740 1141 767 αὑτῶν
1167 741 1261 776 εὑχαῖς
1285 742 1517 775 καταπιστεύσας,
1537 743 1674 778 ἐτόλμησα
1698 743 1766 780 πρὸς
1789 744 1838 778 τὴν

1051 785 1176 821 διήγησιν
1188 786 1290 821 ταύτην
1303 787 1443 822 τραπῆναι
1453 794 1460 802 ·
1481 789 1526 815 ἵνα
1546 789 1630 824 κάμοί
1642 798 1669 815 τι
1684 789 1780 824 κέρδος
1792 790 1838 823 γέ-

1052 840 1131 866 νηται
1145 832 1194 866 τῆς
1213 832 1299 867 αὑτῆς
1322 832 1466 866 ὠφελείας,
1484 833 1667 869 μιμησαμένῳ
1683 834 1772 861 αὐτῶν
1787 834 1836 870 τὴν

1052 877 1198 909 πολιτείαν,
1212 877 1259 903 καὶ
1273 877 1322 912 τὴν
1340 877 1457 913 παντελῆ
1474 877 1521 904 τοῦ
1537 879 1639 914 κόσμου
1664 879 1836 916 ἀναχώρησιν

1051 924 1097 950 καὶ
1113 923 1236 958 ἡσυχίαν,
1253 922 1296 949 διὰ
1311 923 1361 957 τῆς
1379 924 1517 958 ὑπομονῆς
1537 924 1590 951 τῶν
1605 925 1708 961 ἀρετῶν
1719 926 1739 957 ⁵,
1759 926 1838 962 μέχρι

1050 969 1143 1000 τέλους
1157 969 1327 1003 κατέχουσιν.
1347 968 1415 995 Ἴδον
1439 969 1492 1004 γὰρ
1509 969 1616 1004 ἀληθῶς
1638 971 1683 997 τὸν
1699 970 1746 997 τοῦ
1769 971 1837 997 Θεοῦ

1051 1015 1198 1050 Θησαυρδν,
1213 1014 1262 1050 τὴν
1278 1014 1332 1041 τῶν
1347 1014 1453 1042 πολλῶν
1467 1015 1611 1049 ὠφέλειαν,
1624 1016 1681 1043 ἀλλ’
1695 1017 1735 1048 εἱς
1749 1017 1837 1042 κοινὸν

1049 1061 1079 1087 τὸ
1097 1061 1191 1096 κέρδος
1214 1061 1327 1096 ἡγαγον,
1355 1061 1528 1096 ἡγησάμενος
1556 1061 1666 1088 ἔσεσθαί
1685 1071 1728 1097 μοι
1752 1061 1837 1097 καλὴν

1050 1107 1151 1141 ταύτην
1175 1107 1320 1142 ἐμπορίαν,
1337 1107 1367 1134 τὸ
1393 1108 1554 1142 μεταδοῦναι
1575 1109 1630 1139 τοῖς
1653 1107 1775 1142 ἀδελφοῖς
1789 1108 1838 1143 τῆς

1049 1153 1193 1187 ὠφελείας,
1208 1153 1251 1178 ἵνα
1267 1152 1397 1184 εὔξωνται
1423 1153 1491 1189 ὑπὲρ
1520 1154 1569 1188 τῆς
1592 1154 1662 1188 ἐμῆς
1689 1154 1836 1190 σωτηρίας.

1050 1197 1160 1232 Πρῶτον
1176 1197 1225 1232 μὲν
1250 1198 1398 1232 ποιήσομαι
1414 1198 1463 1232 τὴν
1483 1198 1591 1234 γραφὴν
1605 1198 1718 1234 ταύτην,
1731 1200 1764 1233 τῇ
1789 1199 1836 1225 τοῦ

1049 1244 1174 1279 Σωτῆρος
1194 1243 1271 1278 ἡμῶν
1291 1244 1378 1279 Ἰησοῦ
1403 1244 1522 1279 Χριστοῦ
1547 1245 1701 1281 παρουσίᾳ¹
1723 1246 1771 1271 καὶ
1795 1246 1837 1271 ὅτι

1049 1289 1120 1315 κατά
1134 1289 1184 1323 τὴν
1200 1289 1282 1316 αὐτοῦ
1296 1290 1470 1316 διδασκαλίαν
1485 1291 1510 1316 οἱ
1526 1291 1554 1317 ἐν
1578 1291 1709 1326 Αἰγύπτῳ
1726 1291 1837 1326 μοναχώ⁸

1048 1333 1159 1368 ἄγουσιν
1189 1334 1274 1369 αὐτὴν
1302 1335 1407 1361 ἑαυτῶν
1435 1335 1583 1363 πολιτείαν.
1607 1336 1676 1362 Ἴδον
1699 1336 1753 1371 γὰρ
1778 1337 1837 1362 ἐκεῖ

1049 1379 1163 1412 πολλοὺς
1175 1381 1311 1416 Πατέρας,
1325 1381 1470 1415 ἀγγελικὺν
1482 1382 1540 1417 βίον
1557 1382 1692 1417 βιοῦντας,
1705 1383 1750 1408 καὶ
1765 1382 1837 1409 κατὰ

1050 1426 1164 1461 μίμησιν
1181 1426 1229 1452 τοῦ
1246 1427 1371 1462 Σωτῆρος
1385 1427 1464 1463 ἡμῶν
1485 1427 1571 1463 Ἰησοῦ
1597 1428 1770 1463 ἐρχομένους,
1788 1428 1837 1454 καὶ

1048 1473 1124 1504 νέους
1137 1472 1213 1504 τινὰς
1230 1474 1276 1499 καὶ
1290 1473 1386 1505 ἄλλους
1395 1474 1548 1509 προφήτας.
1563 1474 1633 1500 κατὰ
1640 1475 1688 1509 τὴν
1698 1475 1837 1501 πολιτείαν

1009 1530 1029 1558 C
1047 1519 1137 1546 ἔνθεον
1159 1519 1244 1553 αὐτὴν
1260 1519 1306 1545 καὶ
1329 1519 1489 1555 Θαυμαστὴν
1512 1520 1558 1546 καὶ
1578 1520 1703 1556 ἐνάρετον
1726 1521 1838 1556 ἔχοντας

1046 1565 1186 1600 ἐνέργειαν
1212 1564 1332 1600 οεοειδῆ⁸
1362 1565 1400 1598 ὡς
1428 1566 1534 1600 ἀληθῶς
1559 1566 1626 1592 Θεοῦ
1656 1566 1835 1601 θεράποντας,

1046 1612 1125 1638 οὐδὲν
1140 1613 1234 1648 γήϊνον
1251 1612 1428 1648 φρονοῦντας,
1447 1613 1507 1639 οὐδέ
1533 1622 1558 1640 τι
1585 1613 1638 1639 τῶν
1664 1614 1838 1650 προσκαίρων

1046 1657 1148 1684 τούτων
1170 1658 1369 1694 λογιζομένους.
1390 1659 1459 1685 Ἀλλ’
1482 1659 1566 1691 ὅντως
1597 1660 1681 1691 οὕτως
1713 1660 1759 1686 ἐπὶ
1785 1661 1838 1695 γῆν

1047 1704 1157 1736 ζῶντες,
1175 1705 1204 1730 ἐν
1221 1705 1345 1740 οὐρανοῖς
1364 1704 1560 1732 πολιτεύονται.
1589 1707 1619 1731 Οἱ
1647 1706 1696 1740 μὲν
1713 1705 1767 1741 γὰρ
1791 1706 1839 1732 αὑ-

1046 1749 1100 1776 τῶν
1119 1750 1173 1776 οὐδ’
1186 1751 1226 1776 ὃτι
1238 1751 1338 1786 κόσμος
1351 1751 1424 1777 ἐστὶν
1439 1751 1532 1786 ἕτερος
1545 1752 1591 1778 ἐπὶ
1603 1751 1656 1786 γῆς
1666 1751 1836 1783 ἐπίστανται,

1046 1795 1100 1822 οὐδ’
1116 1796 1155 1822 ὅτι
1174 1797 1258 1823 κακία
1270 1797 1298 1822 ἐν
1315 1797 1423 1823 πόλεσιν
1442 1797 1665 1831 ἐμπολιτεύεται·
1680 1798 1738 1824 ἀλλ’
1753 1798 1839 1829 ὅντως

1043 1841 1155 1876 Εἰρήνη
1177 1842 1277 1876 πολλὴ
1300 1842 1364 1875 τοῖς
1378 1842 1516 1878 ἀγαπῶσι
1531 1843 1584 1870 τὸν
1595 1844 1688 1878 νόμον
1701 1844 1750 1879 (5),
1762 1843 1837 1877 λέγει

1048 1888 1150 1925 Κύριος
1164 1889 1373 1925 παντοκράτωρ.

1083 1978 1220 2004 Πολλοὶδέ
1234 1977 1263 2010 ἐξ
1279 1978 1370 2005 αὐτῶν
1390 1979 1437 2005 καὶ
1454 1978 1612 2012 ξενίζονται,
1632 1979 1666 2006 τὰ
1686 1980 1715 2005 ἐν
1734 1979 1773 2014 τῷ
1788 1980 1838 2006 κό-

1048 2032 1108 2058 σμῳ
1122 2023 1277 2055 ἀκούοντες,
1295 2023 1380 2059 λήθην
1393 2024 1534 2056 παντελῶς
1545 2025 1598 2050 τῶν
1607 2025 1708 2060 γηΐνων
1728 2025 1839 2060 φροντί-

1046 2069 1098 2095 δων
1115 2069 1230 2104 ἔχοντες.
1249 2070 1326 2095 Ἐστι
1342 2069 1397 2104 γὰρ
1414 2070 1513 2101 αὐτοὺς
1527 2069 1590 2096 ἰδεῖν
1601 2071 1629 2096 ἐν
1644 2072 1704 2102 ταῖς
1721 2071 1839 2106 ἐρήμοις

1049 2115 1197 2151 σποράδην,
1218 2114 1263 2142 οἶά
1285 2124 1314 2141 τε
1348 2117 1422 2148 υἱοὺς
1440 2117 1580 2151 γνησίους,
1598 2117 1643 2143 τὸν
1661 2117 1765 2143 ἑαυτῶν
1781 2126 1838 2143 πα-

1047 2161 1124 2197 τέρα,
1147 2161 1192 2188 τὸν
1214 2162 1331 2197 Χριστὸν
1355 2162 1567 2197 περιμένοντας·
1581 2163 1598 2198 ἦ
1616 2163 1746 2198 στρατιάν
1764 2172 1837 2194 τινα,

206 2208 315 2235 familia:
338 2211 412 2235 recte
437 2207 605 2242 compositae,
632 2207 773 2234 dominum
801 2215 880 2234 suum
910 2210 937 2234 et
960 2207 994 2233 li-

1049 2206 1091 2232 τὸν
1116 2207 1221 2232 ἑαυτῶν
1249 2206 1376 2241 βασιλέα·
1395 2206 1411 2242 ἢ
1428 2207 1548 2235 οἰκετίαν
1571 2208 1682 2244 σεμνὴν,
1705 2209 1751 2235 τὸν
1772 2210 1838 2237 ἑαυ-

205 2253 378 2285 beratorem,
404 2255 606 2287 exspectantes.
636 2251 715 2278 Nulla
742 2251 811 2285 apud
840 2259 887 2279 eos
918 2251 995 2279 solli-

205 2299 310 2331 citudo,
331 2306 384 2326 non
402 2297 576 2329 vestimenti,
604 2306 658 2324 non
678 2297 711 2325 de
735 2298 805 2325 cibis
834 2305 900 2324 cura
914 2318 920 2329 ,
946 2298 993 2325 sed

205 2345 288 2372 unica
305 2346 376 2372 inter
395 2344 509 2379 hymnos
530 2343 700 2378 exspectatio
717 2343 852 2370 adventus
877 2342 991 2370 Christi.

205 2391 341 2423 Quocirca
355 2390 466 2424 quoties
483 2389 584 2423 aliquis
607 2397 640 2416 ex
662 2388 731 2423 ipsis
755 2388 838 2416 rebus
863 2389 896 2415 ad
913 2396 992 2416 usum

205 2436 371 2464 noeessariis
392 2435 556 2471 indignerit,
568 2443 622 2461 non
635 2434 774 2461 civitatem
787 2435 914 2470 requirit,
935 2443 993 2462 non

205 2483 308 2512 vicum.
336 2490 389 2508 non
411 2482 532 2514 fratrem,
562 2481 690 2511 amicum,
711 2484 870 2514 cognatum,
897 2488 995 2515 parcn-

206 2534 256 2560 tcs,
288 2528 404 2560 liberos,
435 2527 563 2558 famulos,
587 2530 617 2553 ut
637 2526 700 2553 inde
726 2534 759 2554 ea
778 2530 919 2562 comparet
929 2527 992 2561 qui-

205 2575 257 2602 bus
275 2581 344 2608 opus
361 2573 457 2606 habet;
475 2572 523 2600 sed
536 2572 592 2600 sola
607 2572 707 2600 sufficit
720 2572 862 2602 voluntas,
873 2580 934 2606 quae
945 2580 992 2599 ex-

206 2618 320 2646 tendens
340 2626 437 2645 manus
460 2617 494 2644 ad
518 2617 621 2652 gratias
645 2617 699 2643 Deo
718 2616 836 2651 agendas
856 2617 992 2651 aperiens,

206 2671 303 2694 cuncta
316 2666 373 2693 haec
384 2666 408 2692 ei
418 2665 553 2700 stupende
565 2663 647 2692 modo
660 2664 797 2691 exhibeat.
809 2663 842 2690 Et
856 2671 919 2691 vero
929 2663 994 2698 quid

241 2757 251 2771 ³
267 2755 339 2783 Psal.
357 2764 450 2789 CXVI",
467 2755 527 2783 165.
564 2755 574 2771 ⁵
588 2755 672 2783 Abest
687 2754 806 2789 ἐπαξίως
821 2754 855 2782 ab
870 2755 905 2782 al.

1045 2252 1099 2278 τῶν
1122 2251 1255 2287 δεσπότην
1283 2253 1331 2279 καὶ
1365 2253 1552 2290 ἐλευθερωτὴν
1576 2254 1770 2289 ἀναμένοντας.
1797 2256 1836 2281 Οὐ

1045 2297 1155 2332 φροντὶς
1169 2298 1287 2333 ὑπάρχει
1311 2298 1375 2334 παρ’
1395 2299 1499 2331 αὐτοῖς,
1518 2300 1568 2326 υὺκ
1582 2299 1707 2334 ἐσθῆτος,
1725 2300 1754 2325 οὺ
1769 2299 1838 2335 βρω-

1045 2343 1137 2377 μάτων
1173 2343 1305 2379 μέριμνα,
1328 2344 1396 2371 ἀλλά
1423 2345 1572 2379 προσδοκία
1590 2346 1657 2380 μόνη
1683 2345 1712 2371 ἐν
1739 2345 1838 2380 ὕμνοις

1043 2389 1092 2423 τῆς
1113 2388 1160 2415 τοῦ
1177 2389 1294 2424 Χριστοῦ
1310 2389 1472 2425 παρουσίας.
1488 2390 1638 2426 Τοιγαροῦν
1653 2391 1718 2416 ὅταν
1732 2399 1773 2422 τις
1787 2392 1838 2418 αὑ-

1046 2434 1100 2460 τῶν
1111 2434 1140 2460 ἐν
1155 2435 1216 2465 ταῖς
1232 2435 1397 2469 ἀναγκαίαις
1419 2435 1525 2471 χρείαις
1553 2435 1722 2471 ἐλλείπηται,
1740 2436 1770 2462 οὺ
1789 2436 1840 2462 πό-

1047 2479 1088 2505 λιν
1103 2480 1237 2514 ἐπιζητεῖ,
1260 2481 1290 2506 οὑ
1311 2480 1417 2520 κώμην,
1439 2481 1488 2507 οὐκ
1512 2481 1634 2515 ἀδελφὸν,
1652 2481 1682 2507 οὑ
1703 2481 1789 2515 φίλον,
1806 2482 1838 2507 οὺ

1048 2526 1176 2560 συγγενῆ,
1191 2527 1220 2552 οὺ
1238 2528 1337 2560 γονεῖς,
1354 2527 1383 2552 οὑ
1396 2526 1489 2558 τέκνα,
1505 2528 1554 2552 οὐκ
1566 2526 1694 2557 οἰκετίαν,
1711 2526 1753 2552 ἵνα
1766 2527 1840 2551 ἐκεί-

1047 2573 1092 2598 θεν
1109 2572 1157 2603 τὰς
1179 2572 1273 2607 χρείας
1295 2573 1458 2607 πορίσηται·
1482 2572 1570 2607 ἀλλ’ἢ
1595 2572 1720 2607 βούλησις
1735 2572 1840 2606 ἤρκεσε

1049 2618 1126 2653 μόνη,
1143 2618 1210 2653 πρὸς
1228 2618 1332 2644 ἱκεσίαν
1347 2617 1394 2649 τὰς
1408 2619 1502 2652 χεῖρας
1517 2618 1668 2650 ἐκτείνασα,
1686 2617 1732 2643 καὶ
1742 2616 1840 2650 λόγους

1045 2663 1220 2698 εὐχαριστίας
1248 2663 1307 2698 Θεῷ
1332 2663 1364 2689 ἐκ
1389 2663 1500 2698 χειλέων
1530 2663 1716 2698 προφέρουσα,
1750 2662 1840 2688 ταῦτα

947 2754 957 2770 ⁵
969 2755 1011 2784 Al.
1024 2756 1108 2783 lnser.
1123 2751 1166 2790 ἧς.

243 2834 280 2866 (3)
303 2834 358 2861 Τὸν
371 2834 474 2866 νόμον.
509 2831 636 2863 Rufinus,
653 2841 756 2863 nomen,
777 2830 874 2866 ὄνομα.
896 2835 925 2858 ut
943 2831 995 2859 hab

1049 2831 1130 2860 codex
1144 2832 1356 2866 Alexandrinus,
1374 2840 1479 2860 necnon
1497 2832 1631 2866 Hilarius,
1646 2836 1672 2860 et
1695 2833 1837 2861 interdum

207 2869 350 2906 Origenes.
362 2868 428 2896 Vide
442 2875 550 2904 quoque
566 2867 739 2896 Theodorum
756 2867 784 2894 in
801 2867 913 2894 Catena.
