1978 3075
119 140 172 167 “5

756 140 954 169 FARADISUS
973 140 1130 170 PATRUM.

1706 142 1759 171 “6

119 200 150 232 ἑξ
174 199 323 235 ἀμηχάνων
348 199 422 234 αὐτῷ
444 199 533 226 πάντα
557 200 741 235 παραστῆσαι.
763 199 857 226 Καὶ·τί
876 199 917 225 δεῖ

977 200 1046 227 ilura
1065 201 1191 228 dicamus
1209 200 1242 227 de
1258 201 1309 228 ﬁde
1326 201 1434 228 illorum
1450 209 1516 237 erga
1533 202 1684 230 Christum.
1698 210 1759 236 qua

119 245 206 272 πολλὰ
228 245 317 279 λέγειν
336 246 400 281 περὶ
426 248 475 281 τῆς
498 246 538 277 είς
556 245 601 272 τὸν
626 246 741 281 Χριστὸν
766 245 847 272 αὑτὸν
871 245 916 271 πί-

117 285 218 323 στεως,
246 292 400 327 δυναμένης
421 293 467 319 καὶ
491 293 541 328 ὅρη
559 293 734 328 μεθιστάναις
751 292 847 319 Πολλοὶ
861 291 917 327 γὰρ

121 338 213 365 αὐτῶν
222 339 268 365 καὶ
279 339 413 374 ποταμῶν
427 338 550 374 ῥεύματα
559 339 597 374 (4)
606 338 733 373 ἔστησαν,
743 339 788 365 καὶ
801 338 845 364 τὸν
853 338 918 364 Νεῖ-

121 384 168 411 λον
183 384 344 415 ἐπέζευσαν,
357 386 404 411 καὶ
420 385 505 421 θῆρας
519 385 693 416 ἀπέκτειναν,
703 385 749 411 κα).
764 385 859 416 ἰάσεις,
869 385 918 412 καὶ

123 430 261 465 θαύματα,
273 429 318 456 καὶ
332 429 471 465 δυνάμεις,
485 432 550 462 ὅσας
562 432 586 457 οἰ
602 432 674 464 ἂγιοι
693 431 801 457 ἐποίουν
812 431 918 466 προφῆ-

124 481 171 500 ται
184 474 230 500 καὶ
247 474 402 505 ἀπόστολοι,
416 475 591 502 ἐπετέλεσαν.
608 475 663 502 Καὶ
679 475 810 506 ὡσαύτως
821 475 854 502 δι’
868 476 917 501 αὺ-

125 518 180 546 τῶν
200 520 403 556 θαυματουργεῖ
417 522 430 547 ὁ
446 522 555 557 Σωτήρ·
573 522 619 549 καὶ
635 523 718 549 πᾶσιν
735 522 845 557 εὔδηλόν
860 523 917 548 ἐστι

125 567 183 597 τοῖς
197 566 265 597 ἐκεῖ,
290 565 329 598 ὡς
349 567 383 592 δι’
399 567 489 593 αὐτῶν
515 568 630 603 ἕστηκεν
646 569 660 595 ὁ
684 568 797 603 κόσμος,
815 569 862 594 καὶ
884 567 916 593 δι’

125 609 226 642 αὐτοὺς
237 611 314 646 παρὰ
327 611 386 646 Θεῷ
402 612 502 648 ἕστηκε
514 614 561 639 καὶ
573 613 716 649 τετίμηται
728 614 744 648 ἡ
760 613 916 649 ἀνθρωπίνη

127 655 194 692 ζωή.
218 657 286 683 Ἶδον
302 657 330 683 δὲ
353 658 400 684 καὶ
416 658 510 694 ἕτερον
528 658 629 693 πλῆθος
649 660 761 694 ἄπειρον
781 659 917 694 μοναχῶν,

127 701 175 728 καὶ
189 702 226 737 μὴ
238 702 385 738 δυνάμενον
403 704 512 740 ἀριθμῷ
527 704 735 736 ὑποϐάλλεσθαι,
745 705 839 731 πᾶσαν
857 704 917 739 ἡλι-

127 746 191 773 κίαν
206 748 267 784 ἔχον
282 750 311 776 ἐν
328 751 389 781 ταῖς
409 750 533 786 ἐρήμοις,
547 751 594 777 καὶ
610 752 638 777 ὲν
656 751 715 782 ταῖς
728 750 842 786 χώραις,
857 751 918 777 ὅσον

127 794 159 819 οὐ
173 793 282 822 δύναται
303 795 428 830 βασιλεὺς
450 797 544 832 γήϊνος
561 797 651 832 ἑαυτῷ
673 798 831 833 στράτευμα
853 806 917 823 συν-

128 839 263 875 αθροίσαι.
282 841 319 867 Οὐ
341 841 395 877 γάρ
409 843 466 868 ἐστι
488 841 567 878 κώμη
583 842 645 869 οὔτε
660 843 736 874 πόλις
747 843 775 869 ἐν
787 842 918 878 Αἰγύπτῳ

127 894 158 912 τε
175 887 222 913 καὶ
239 887 362 922 Θηϐαΐδι,
380 889 396 923 ἦ
416 889 476 924 οὐχὶ
492 890 548 920 τοῖς
579 889 772 925 μοναστηρίοις
793 888 919 924 καθάπερ

128 932 231 967 τείχεσι
247 933 441 969 περιϐέϐληται
450 943 457 949 ο
468 935 515 961 καὶ
526 936 586 966 ταῖς
603 935 693 961 αὐτῶν
708 936 801 971 εὐχαῖς
814 936 838 961 ot
849 935 918 967 λαοὶ,

129 979 224 1014 ὥσπερ
240 980 286 1006 ἐπὶ
310 979 350 1015 τῷ
365 980 425 1015 Θεῷ
439 981 633 1016 ὲπερείδονται.
651 982 706 1008 Καὶ
719 982 743 1007 ot
761 982 808 1016 μὲν
821 983 850 1008 ὲν
864 983 919 1013 τοῖς

131 1025 286 1060 σπηλαίοις,
302 1027 331 1052 ὲν
351 1027 477 1062 ἐρήμοις,
493 1028 518 1053 οἱ
533 1027 561 1054 δὲ
583 1029 612 1054 ὲν
637 1029 693 1060 τοῖς
717 1028 886 1064 ἀποπάτροις
897 1027 919 1059 ³,

130 1071 232 1103 πάντες
268 1072 406 1107 πανταχοῦ
447 1072 664 1107 φιλονεικότατον
691 1073 813 1108 ἀλλήλων
830 1093 836 1105 ,
871 1073 921 1108 τὴν

130 1117 235 1144 ἑαυτῶν
259 1117 375 1153 ἄσκησιν
401 1118 560 1154 Θαυμαστὴν
585 1119 795 1146 ἐπιδείκνυνται.
813 1121 844 1146 0i
872 1120 920 1154 μὲν

131 1163 276 1199 πόρῤωθεν
297 1165 504 1198 σπουδάζοντες,
520 1167 555 1201 μή
571 1175 612 1198 τις
631 1166 725 1201 ἕτερος
742 1167 770 1193 ὲν
781 1167 836 1198 τοῖς
857 1175 922 1193 κατ-

129 1209 289 1245 ορθώμασιν
307 1210 405 1242 αὐτοὺς
425 1211 604 1246 ὑπερϐάλλον
626 1213 650 1237 οί
671 1211 699 1237 δὲ
722 1211 847 1246 ἐγγύθεν,
883 1212 920 1247 μὴ

130 1254 182 1288 τῆς
205 1254 303 1286 κακίας
317 1256 409 1287 αὐτοῖς
428 1257 597 1292 πανταχόθεν
613 1256 754 1292 ὸχλοὺσης,
772 1253 853 1292 ἧττον
867 1256 923 1283 τῶν

130 1301 301 1336 πορρωτάτω
315 1301 547 1338 εὐδοκιμήσουσιν.
565 1303 646 1329 Ὂθεν
669 1303 769 1338 πολλὴν
789 1302 921 1337 ὠφέλειαν

131 1346 162 1378 ἐξ
181 1347 270 1374 αὐτῶν
291 1348 485 1383 πορισάμενος,
511 1348 557 1375 ἐπὶ
584 1349 633 1384 τὴν
660 1349 791 1384 ἐξήγησιν
820 1349 924 1385 ταύτην

130 1392 274 1428 ὲχώρησα·
304 1393 373 1430 πρὸς
396 1394 475 1429 ζῆλον
518 1395 566 1430 μὲν
608 1395 656 1421 καὶ
685 1395 839 1430 ὑπόμνησιν
865 1395 921 1422 τῶν

130 1438 254 1471 τελείων,
267 1439 335 1475 πρὸς
349 1439 492 1475 οἰκοδομὴν
508 1440 537 1466 δὲ
562 1441 609 1467 καὶ
623 1440 756 1475 ὠφέλειαν
771 1441 826 1468 τῶν
838 1442 922 1477 ἀρχο-

133 1483 222 1519 μένων
242 1485 346 1511 ἀσκεῖν.

432 1542 628 1577 Παράδεισος.

170 1596 285 1633 Πρώτην
304 1594 350 1624 οὖν
370 1598 437 1624 Θεοῦ
465 1598 589 1631 Θέλοντος
623 1600 710 1636 ἀρχὴν
743 1600 922 1636 ποιησωμαι⁷

132 1643 309 1678 ὺφηγήσεως,
334 1644 384 1679 τὴν
409 1644 463 1671 τῶν
487 1645 570 1679 ἁγίων
586 1646 632 1672 καὶ
655 1646 779 1681 μεγάλων
794 1647 925 1682 Πατέρων

131 1690 273 1717 πολιτείαν
287 1691 508 1727 ἐκδιηγούμενος,
524 1693 562 1723 ὡς
580 1692 621 1718 ὃτι
638 1693 684 1719 καὶ
696 1691 744 1719 νῦν
764 1692 798 1720 τὰ
811 1693 899 1720 ams
911 1694 926 1720 ὁ

133 1736 231 1772 Σωτήρ
246 1737 280 1763 δι’
295 1737 385 1764 αὐτῶν
410 1739 526 1774 ἐνεργεῖ,
547 1739 619 1775 ᾶπερ
635 1739 678 1766 διὰ
700 1739 754 1766 τῶν
779 1739 925 1776 προφητῶν

134 1781 183 1808 καὶ
210 1782 366 1809 ἀποστόλων
394 1783 556 1819 ἐνήργησεν.
581 1784 610 1810 ’0
637 1784 691 1820 γὰρ
716 1785 796 1816 αὐτὸς
824 1784 924 1820 Κύριός

134 1827 206 1860 ἐστι,
223 1827 270 1854 καὶ
292 1828 354 1854 τότε
377 1829 425 1855 καὶ
441 1829 488 1855 νῦν
504 1831 550 1856 καὶ
569 1831 609 1861 εἰς
633 1829 739 1862 ἔπειτα,
756 1831 875 1866 ἐνεργῶν
893 1831 926 1857 τὰ

134 1875 227 1901 πάντα
242 1875 271 1901 ὲν
284 1875 377 1902 πᾶσιν.
405 1875 577 1911 Ἐθεασάμην
593 1874 639 1903 οὖν
657 1876 711 1911 ἐγὼ
731 1877 760 1902 ὲν
772 1877 828 1908 τοῖς
843 1877 927 1913 ὁρίοις

134 1922 186 1957 τῆς
205 1922 303 1948 Λύκων
316 1922 326 1938 ⁹
339 1922 389 1958 τῆς
406 1922 550 1958 Θηϐαΐδος,
567 1923 612 1950 τὸν
630 1923 717 1958 μέγαν
733 1922 780 1949 καὶ
794 1924 928 1960 μακάριον

142 1968 272 2004 Ἰωάννην
284 1969 334 2004 (5).

290 2026 362 2060 Περὶ
377 2026 432 2061 τῆζ
453 2027 635 2062 ὀξυρύγχου
649 2030 774 2062 πόλεως.

176 2082 389 2118 Παρεγενόμεθα
417 2083 445 2110 δὲ
472 2083 520 2109 καὶ
544 2084 584 2115 εἰς
615 2083 779 2119 Ὀξύρυγχόν
803 2084 841 2119 (6)
868 2093 930 2111 τινα

139 2129 219 2155 πόλιν
233 2129 283 2164 τῆς
297 2129 440 2164 Θηϐαΐδος,
456 2127 490 2165 ἧς
510 2129 560 2156 οὐκ
583 2129 657 2156 ἐστιν
671 2131 758 2157 εἰπεῖν
775 2131 835 2157 κατ’
851 2130 930 2162 ἀξίαν

138 2176 176 2202 τὰ
191 2175 328 2210 θαύματα.
343 2175 426 2210 Γέμει
441 2175 495 2210 γὰρ
512 2175 617 2202 ἔνδοθεν
630 2175 716 2207 οὕτως
732 2176 930 2212 μοναστηρίων,

969 247 1055 280 possit
1074 247 1155 274 etiam
1181 251 1287 274 montes
1311 248 1459 275 transferre
1475 248 1516 274 “1'
1541 247 1608 274 Nam
1636 248 1757 282 ipsorum

969 293 1124 327 complures
1144 293 1289 320 ﬂuviorum
1313 294 1498 328 irrumpentes
1524 293 1613 320 undas
1634 294 1757 320 retinue~

970 342 1044 370 runt,
1058 339 1149 365 Nilum
1167 339 1285 374 pedibus
1296 341 1474 372 transierunt,
1493 340 1758 374 ferasperemerunt,

969 389 1051 418 atque
1073 384 1232 412 morborum
1259 386 1434 418 curationes,
1461 386 1604 417 miracula,
1634 385 1760 412 maxima:

969 430 1097 464 potentiae
1117 438 1198 465 opera
1223 431 1380 462 ediderunt,
1398 432 1489 466 qualia
1510 432 1597 459 sancti
1622 431 1760 459 faciebant

969 474 1108 509 propheta:
1123 481 1203 510 alque
1216 476 1331 510 apostoli
1347 476 1505 504 :consimili
1522 475 1603 503 modo
1620 483 1668 511 per
1685 476 1760 510 ipsos

969 520 1105 547 mirabilia
1123 526 1253 556 operatur
1275 521 1420 555 Servator;
1441 522 1604 557 cunctisque
1625 522 1699 548 illius
1720 529 1761 548 re-

969 565 1058 600 gionis
1076 566 1232 594 hominibus
1244 567 1348 594 clarum
1359 572 1410 599 est,
1428 575 1475 602 per
1491 575 1539 595 eos
1554 567 1685 594 mundum
1697 574 1762 594 con-

969 612 1076 645 sistere,
1098 620 1145 647 per
1163 621 1210 640 eos
1232 617 1306 641 stare
1327 614 1399 649 apud
1420 613 1503 640 Deum
1524 617 1551 641 et
1572 614 1674 640 honore
1690 612 1759 640 allici

969 658 1052 684 vitam
1083 659 1242 686 humanam.
1270 659 1331 686 Vidi
1355 667 1465 694 quoque
1491 660 1571 687 aliam
1598 661 1759 686 immensam

969 705 1170 732 multitudinem
1185 706 1393 738 monachorum,
1409 714 1523 741 quaeque
1538 706 1589 733 sub
1615 713 1760 732 numerum

969 751 1068 778 cadere
1084 751 1187 786 nequit,
1202 756 1375 779 constantem
1393 752 1467 779 omni
1482 755 1570 783 aetate,
1586 752 1612 778 in
1630 751 1758 782 desertis,

970 796 996 823 in
1016 797 1185 831 regionibus,
1208 801 1325 830 tantam,
1350 801 1379 824 ut
1394 805 1448 825 non
1468 798 1555 832 possit
1569 801 1695 825 terrenus
1709 797 1761 823 im-

969 845 1079 876 perator
1098 843 1320 880 adeoKinantem
1342 844 1392 870 sibi
1408 845 1558 871 exercitum
1575 851 1683 878 cogere.
1700 842 1760 870 Non

970 892 1013 915 est
1026 888 1099 915 enim
1117 888 1180 914 villa
1199 897 1288 923 neque
1302 889 1367 916 urbs
1380 889 1406 916 in
1423 889 1545 924 A‘Igypto
1557 897 1590 916 ac
1610 888 1760 920 Thebaide.

969 942 1030 969 quae
1055 942 1108 961 non
1140 935 1331 966 monasteriis,
1361 935 1434 962 sicut
1460 935 1557 967 muris,
1586 935 1677 962 cincta
1707 935 1760 966 sit;

970 987 1122 1014 eorumque
1145 980 1273 1014 precibus
1299 981 1402 1015 populi,
1428 985 1556 1015 tanquam
1574 981 1601 1007 in
1621 980 1675 1007 Deo
1689 979 1763 1006 inni-

970 1029 1076 1053 tuntur.
1098 1026 1187 1061 Atque
1201 1026 1247 1053 alii
1264 1027 1290 1053 in
1308 1027 1456 1060 speluncis,
1474 1034 1522 1061 per
1536 1034 1654 1057 ercmos,
1671 1026 1716 1052 alii
1734 1026 1762 1053 in

971 1072 1038 1099 locis
1052 1072 1254 1104 remotissimis,
1269 1080 1365 1100 omnes
1382 1072 1493 1107 ubique,
1511 1073 1581 1099 inter
1598 1079 1628 1099 se
1643 1071 1762 1098 maxime

971 1117 1172 1148 contendendo,
1195 1117 1349 1144 mirabilem
1369 1124 1446 1144 suam
1462 1117 1610 1144 ostendunt
1633 1116 1765 1143 exercita-

971 1164 1084 1195 tionem,
1098 1164 1144 1198 qui
1162 1168 1227 1191 sunt
1245 1163 1278 1190 de
1297 1162 1449 1197 longinquo
1460 1163 1642 1189 connituntur
1655 1170 1689 1188 tte
1701 1162 1764 1196 quis

972 1211 1043 1238 alius
1061 1211 1135 1246 ipsos
1153 1211 1178 1237 in
1193 1215 1265 1237 recte
1282 1210 1361 1237 faelis
1375 1214 1502 1245 superet;
1523 1209 1613 1236 caeteri
1629 1209 1663 1236 de
1677 1210 1766 1244 proxi-

972 1264 1027 1287 mo,
1060 1264 1094 1284 ne
1131 1246 1233 1283 malitia
1261 1264 1309 1284 eos
1334 1256 1456 1291 undique
1486 1260 1644 1291 premente,
1674 1255 1765 1281 minus

973 1309 1056 1337 quam
1075 1301 1251 1328 remotissitni
1274 1301 1499 1336 eomprobenlur.
1523 1300 1599 1328 Unde
1615 1300 1764 1335 plurimum

973 1348 1150 1376 emolumenti
1165 1356 1226 1375 cum
1238 1355 1270 1374 ex
1285 1348 1353 1383 ipsis
1369 1347 1517 1382 cepissem,
1534 1347 1561 1374 in
1580 1346 1653 1373 hanc
1667 1346 1766 1373 deveni

973 1394 1190 1425 enarrationem;
1207 1393 1241 1419 ad
1256 1392 1456 1420 :emulationcm
1479 1397 1506 1419 et
1521 1392 1764 1422 commonitionem

973 1438 1170 1473 perfectorum,
1179 1437 1386 1465 aediﬁcationem
1397 1445 1460 1465 vero
1472 1445 1503 1465 ac
1512 1437 1657 1464 utilitatem
1670 1444 1765 1464 eorum

973 1485 1019 1520 qui
1036 1485 1062 1511 in
1081 1484 1227 1512 sanctitate
1238 1491 1369 1511 exercere
1382 1492 1412 1511 se
1425 1483 1570 1518 incipiunt.

937 1546 958 1574 C
1291 1541 1450 1568 Paradisus.

1011 1599 1060 1634 (7)
1083 1599 1191 1626 Initium
1220 1599 1312 1634 itaque
1341 1598 1527 1628 narrationis,
1558 1597 1613 1625 Deo
1641 1597 1765 1629 volente,

975 1647 1085 1678 faciam,
1098 1650 1254 1673 sanctorutn
1274 1653 1491 1680 magnorumque
1508 1643 1621 1671 Patrum
1637 1644 1722 1671 vitam
1740 1648 1768 1671 et

975 1697 1050 1727 gesta
1071 1697 1267 1723 enarraturus;
1289 1690 1363 1726 quod
1384 1698 1456 1717 nunc
1476 1691 1557 1718 etiam
1579 1689 1708 1717 Servator
1722 1697 1768 1716 ea-

976 1739 1037 1766 dem
1052 1746 1100 1773 pcr
1121 1738 1181 1765 illos
1197 1742 1335 1772 operetur,
1348 1745 1409 1772 quae
1428 1745 1476 1772 per
1489 1737 1638 1771 prophetas
1658 1740 1685 1762 et
1706 1743 1768 1770 apo-

977 1785 1063 1813 stolos
1075 1785 1172 1812 edidit.
1186 1785 1257 1811 Idem
1272 1785 1373 1819 quippe
1388 1788 1430 1811 est
1443 1784 1586 1816 Dominus,
1603 1787 1629 1810 et
1645 1787 1723 1814 tunc,
1740 1785 1768 1809 et.

978 1839 1064 1862 nunc,
1081 1835 1107 1858 et
1124 1831 1151 1857 in
1175 1835 1326 1865 posterum,
1348 1835 1447 1857 cuncta
1468 1830 1495 1856 in
1511 1829 1619 1856 cunctis
1637 1829 1768 1856 etiiciens.

978 1878 1039 1905 Vidi
1060 1886 1126 1913 ergo
1141 1886 1191 1913 ego
1207 1878 1234 1904 in
1256 1877 1357 1905 ﬁnibus
1370 1877 1444 1912 Lyco
1456 1885 1516 1912 quae
1536 1877 1602 1905 urbs
1621 1876 1769 1904 Thebaidis

978 1928 1032 1955 est,
1046 1932 1174 1959 magnum
1192 1924 1355 1958 beatumque
1370 1922 1515 1951 Joannem.

1210 2020 1248 2047 De
1258 2021 1418 2056 OIyryncho
1427 2021 1543 2047 civitate.

1017 2078 1054 2114 (8)
1075 2078 1206 2106 Venimus
1225 2083 1315 2106 autem
1334 2082 1361 2105 et
1375 2079 1407 2105 ad
1423 2077 1618 2113 Oxyrynchum
1631 2077 1771 2104 civitatem

981 2125 1126 2160 quamdam
1149 2124 1308 2156 Thebaidis,
1329 2125 1408 2159 cujus
1424 2123 1560 2150 mirabilia
1575 2131 1623 2158 pro
1638 2122 1772 2158 dignitate

982 2179 1095 2199 narrare
1118 2179 1172 2198 non
1198 2171 1271 2198 licet.
1296 2170 1370 2197 Adeo
1398 2169 1470 2196 enim
1501 2169 1605 2203 repleta
1634 2173 1676 2196 est
1698 2168 1773 2195 intus

141 2221 181 2251 ὠς
196 2220 229 2246 τὰ
243 2220 321 2255 τείχη
345 2220 391 2246 ὑπ’
406 2220 496 2246 αὐτῶν
510 2219 671 2251 ἐξωθεῖσθαι
684 2219 771 2246 ¹⁰τῶν
788 2220 912 2256 μοναχῶν

984 2217 1169 2249 monasteriis,
1188 2221 1219 2244 ut
1230 2217 1300 2244 muri
1319 2224 1352 2243 ex
1365 2216 1434 2250 ipsis
1449 2218 1595 2250 personent
1608 2213 1749 2241 monachis
1765 2221 1771 2238 :

141 2266 300 2301 περιέχεται
315 2266 343 2292 δὲ
355 2265 454 2298 ἔξωθεν
467 2266 572 2301 ἑτέροις
587 2266 788 2302 μοναστηρίοις,
799 2266 836 2297 ὡς
848 2266 930 2301 ἄλλην

142 2312 213 2340 εἶναι
230 2313 305 2349 παρὰ
326 2312 429 2347 ταύτην
445 2312 494 2348 τὴν
515 2312 566 2344 ἔξω
582 2313 669 2338 πόλιν.
689 2313 809 2347 Ἔγεμον
829 2312 857 2338 δὲ
883 2312 932 2348 τῆς

143 2359 248 2391 πόλεως
266 2359 290 2385 οἱ
303 2360 362 2385 ναοὶ
379 2359 426 2385 καὶ
437 2358 472 2385 τὰ
486 2358 644 2385 καπετώλια
661 2357 716 2385 τῶν
734 2357 870 2393 μοναχῶν,
884 2357 932 2384 καὶ

143 2405 216 2432 κατὰ
233 2406 287 2431 πᾶν
304 2405 387 2440 μέρος
401 2404 451 2438 τῆς
466 2404 569 2436 πόλεως
583 2403 672 2439 ᾤκουν
684 2405 708 2430 ot
718 2404 838 2440 μοναχοί.
849 2405 934 2431 Δεκα-

142 2451 192 2478 δὺο
203 2451 257 2487 γάρ
272 2452 340 2477 εἰσιν
352 2452 380 2477 ἐν
393 2451 461 2486 αὐτῇ
478 2450 633 2486 ἐκκλησίαι,
648 2451 779 2486 μεγίστης
789 2449 872 2485 οὔσης
883 2450 935 2484 τῆς

145 2497 260 2530 πόλεως,
271 2498 300 2524 ἐν
312 2495 356 2529 αἷς
374 2497 399 2523 οἱ
415 2497 489 2532 ὄχλοι
504 2497 678 2530 συνάγονται.
698 2496 739 2523 Τὰ
752 2496 807 2532 γὰρ
821 2496 874 2523 τῶν
890 2505 934 2532 μο-

183 2575 193 2590 ⁶
211 2575 253 2602 ΑΙ.
279 2574 443 2606 ἀπωτάτοις.
479 2575 489 2590 ⁷
510 2573 553 2601 Al.
570 2574 685 2609 ποιήσω.
732 2573 743 2589 ⁵
759 2574 801 2600 Al.
816 2572 925 2600 ἑαυτοῦ.

184 2653 223 2687 (4)
243 2652 386 2689 Ποταμῶν
393 2653 536 2689 ῥερμωτα.
551 2652 708 2689 Bonifacius
718 2653 934 2689 tnartyrrepistJ

149 2691 235 2718 (nunc
248 2688 281 2718 4,
299 2687 404 2715 Patrol.
424 2688 526 2715 Latium
542 2693 561 2716 t.
579 2687 709 2715 LXXXIX
720 2708 728 2718 ,
744 2687 797 2716 col.
814 2688 867 2716 695
882 2688 912 2721 Β)
929 2697 936 2716 :

152 2723 274 2751 Universi
289 2724 401 2758 aurilegi
418 2723 562 2750 Ambrones
572 2727 669 2756 apoton
684 2728 849 2756 grammaton
864 2724 936 2758 agris

151 2758 292 2793 frustratis
317 2759 415 2793 afﬂicti.
443 2758 483 2785 Ex
505 2758 626 2789 Serario,
646 2759 700 2785 ἀπὸ
721 2758 775 2784 τῶν
794 2759 934 2793 κυμάτων.

150 2794 268 2829 Propius
295 2797 381 2824 esset,
407 2793 461 2820 ἀπὸ
490 2793 544 2820 τῶν
567 2793 719 2828 ῥευμάτων.
750 2793 803 2820 Sed
824 2798 851 2820 et
881 2794 934 2820 ἀπὺ

149 2828 396 2864 τῶνγραμμᾲτων
419 2829 488 2856 tueri
517 2828 579 2863 quis
606 2828 710 2864 possit;
735 2836 768 2856 ex
790 2829 887 2856 litteris
902 2837 934 2857 ac

152 2864 317 2895 eruditione,
333 2863 408 2898 juxta
429 2871 460 2892 ea
476 2872 536 2900 qua:
554 2863 663 2898 scriptis
678 2864 776 2891 tradita
788 2868 861 2891 sunt.

985 2263 1171 2290 circumdatur
1194 2266 1285 2289 autem
1310 2261 1483 2288 extrinsecus
1505 2260 1566 2287 aliis
1586 2258 1772 2290 monasteriis,

983 2311 1072 2337 instar
1091 2309 1203 2336 alterius
1222 2308 1369 2336 exterioris
1386 2307 1515 2334 civitatis.
1538 2305 1647 2333 liet‘erta
1664 2313 1773 2340 quoque

983 2359 1062 2382 erant
1084 2354 1161 2382 urbis
1183 2354 1285 2388 templa
1299 2357 1325 2380 et
1350 2351 1479 2387 capitolia
1502 2350 1654 2382 monachis,
1671 2357 1775 2384 perque

984 2410 1080 2430 omnes
1104 2402 1181 2429 urbis
1205 2402 1330 2436 regiones
1355 2399 1514 2427 habitabant
1543 2397 1681 2425 monachi.
1706 2395 1777 2422 Nam

986 2448 1129 2476 duodecim
1149 2447 1177 2474 in
1192 2455 1223 2474 ea
1240 2450 1304 2474 sunt
1322 2445 1453 2475 ecclesize,
1468 2447 1560 2479 utpote
1578 2442 1696 2469 maxima
1711 2441 1775 2468 civi-

987 2499 1053 2527 tate,
1080 2495 1107 2521 in
1129 2494 1229 2529 quibus
1248 2493 1324 2528 plebs
1346 2494 1538 2526 congregatur.
1560 2487 1666 2516 Etenim
1684 2495 1777 2514 mona-

963 2572 974 2588 ⁹
993 2573 1036 2600 Al.
1057 2570 1150 2598 Λυκῶ.
1190 2570 1211 2586 ¹⁰
1228 2570 1271 2598 Al.
1297 2568 1463 2604 ἐξηχεῖσοαι.
1484 2567 1504 2583 ²¹
1520 2566 1614 2594 Matth.
1628 2565 1746 2599 xvn,i9.

1028 2652 1066 2686 (5)
1088 2651 1116 2678 In
1128 2650 1251 2678 Historia
1265 2649 1397 2686 Lausiaca
1409 2646 1538 2686 Palladii,_
1553 2653 1613 2681 cap.
1624 2645 1669 2673 45.

1028 2681 1067 2720 (6)
1085 2686 1281 2720 ὀξύρυγχον.
1300 2684 1401 2720 Praeter
1411 2682 1581 2720 geo_grapho_s
1604 2681 1774 2720 et_no_tit_ias.

991 2716 1107 2750 Libellus
1121 2716 1233 2755 precuiti'
1250 2719 1377 2755 Marcelli
1396 2716 1422 2745 et
1442 2716 1601 2755 _Fa_u5lini_a
1621 2716 1776 2755 clarissimo

991 2751 1136 2785 Sirmondo
1149 2757 1239 2783 editus
1250 2763 1277 2789 p.
1289 2754 1337 2788 76;
1356 2752 1540 2781 Theodoritns
1560 2751 1632 2780 Hist.
1653 2751 1718 2780 θεοί.
1736 2759 1776 2784 ιν,

987 2793 1038 2823 16;
1054 2792 1167 2826 Niceph.
1182 2799 1220 2821 tu.
1238 2790 1283 2816 2‘2.

1022 2828 1062 2861 (7)
1087 2825 1139 2854 Vii.
1153 2826 1229 2853 Patr.
1245 2833 1275 2856 It,
1291 2825 1315 2861 1.

1022 2864 1063 2899 (8)
1085 2862 1137 2890 Vit.
1154 2861 1234 2889 Patr.
1248 2868 1281 2893 ιι,
1297 2860 1322 2887 5.
