1978 3075
113 157 162 185 ιιι)

737 156 778 183 ΡΛ
785 156 934 186 RADISL'S
955 158 1044 185 PATR
1051 159 1108 186 ΗΜ.

1685 161 1736 186 4310

116 215 167 251 ρὼν
197 215 225 241 δὲ
249 213 326 246 ποίας
338 214 361 229 ²⁰
383 213 492 249 εἰσέλθῃ
520 215 559 245 εἰς
585 213 614 240 τὸ
640 215 761 248 ταμεῖον,
785 214 900 249 ἦπάλιν

955 217 1082 242 conclave
1098 216 1296 251 ingrederetur,
1311 220 1337 243 ct
1351 223 1405 250 qua
1424 222 1521 242 rursus
1533 215 1680 248 recederet,
1694 224 1738 242 re-

116 262 192 293 ποίας
202 262 223 277 ¹¹
256 260 439 296 ὑποχωρήσῃ,
463 259 554 294 ἔμεινε
581 260 756 294 λογιζόμενος
781 261 828 286 ἐπὶ
852 261 899 287 τοῦ

114 307 237 342 δώματος
252 307 331 342 ἄχρις
346 307 467 342 ἡμέρας·
485 308 532 333 καὶ
543 308 640 343 μικρὸν
656 307 833 342 dou-mdia“,
851 309 902 343 ὁρᾷ

114 353 151 386 ὡς
182 353 314 388 βασιλέως
339 353 421 384 τινὸς,
447 353 572 387 λέγοντος
595 354 616 369 ³³
638 354 714 388 αὑτῷ
741 353 812 380 κατὰ
838 354 901 385 τοὺς

115 399 223 430 ὕπνους,
245 399 282 433 μὴ
297 399 360 433 περὶ
374 399 436 430 τοὺς
451 399 547 433 φόνους
559 399 581 414 ²³
594 399 644 431 ἔτι,
660 399 707 425 καὶ
727 399 780 425 τῶν
796 400 901 434 μικρῶν

115 445 216 471 τούτων
238 444 432 480 κλεμμάτων²⁵
459 445 507 480 τὴν
533 445 650 481 σπουδὴν
672 446 753 481 ἔχειν,
783 447 902 481 ἐπαγρυ-

116 491 242 522 πνοῦντα,
251 491 319 517 ἀλλὰ
327 491 350 517 εἰ
363 491 484 525 βούλοιτο
497 492 673 526 μεταϐάλλειν
685 492 730 518 τὸν
744 493 843 528 τρόπον
859 494 901 519 ἐπ’

115 536 225 571 ἀρετὴν,
250 535 297 562 καὶ
320 535 485 571 στρατηγίαν
494 537 516 552 ’⁸
532 537 679 572 ἀγγελικὴν
695 539 855 573 στρατηγεῖν
867 538 900 568 ³⁸,

114 579 205 607 λαϐεῖν
227 581 290 615 παρ’
306 580 389 606 αὑτοῦ
414 580 516 616 ταύτην
538 582 587 617 τὴν
608 581 742 614 ἐξουσίαν.
775 583 804 609 '0
819 583 847 609 δὲ
864 583 902 614 ὼς

115 626 239 661 ἁσμένως
250 626 406 659 ὑπεδέξατο,
421 627 467 653 καὶ
481 627 512 662 δὴ
527 627 620 662 τάγμα
629 628 752 663 μοναχῶν
766 628 901 665 ἄγηρον⁴¹⁷

115 671 313 703 ὑποδείκνυσιν,
335 674 380 699 καὶ
397 673 491 708 ἄρχειν
506 674 596 700 αὐτῶν
615 675 824 710 παρεκελεύετο.
841 675 903 708 Ἕξ-

114 726 199 749 υπνος
213 718 240 744 δὲ
259 719 403 753 γενόμενος
417 721 430 746 ὁ
443 720 513 755 ἀνὴρ
526 721 577 755 ὁρᾷ
601 720 649 755 τὴν
669 721 804 756 παρθένον
829 720 903 756 αὐτῷ

115 763 303 799 παρεστῶσαν,
322 766 368 791 καὶ
383 765 530 800 λέγουσαν·
555 767 638 793 Πόθεν
666 767 697 793 σὺ
713 767 904 802 παραγέγονας

114 806 176 841 ὧδε,
193 806 216 836 ὧ
236 809 373 845 ἄνθρωπε,
391 812 406 848 ἢ
432 811 473 843 τίς
492 813 626 848 ὑπάρχεις
649 813 698 848 τὴν
722 813 806 850 τύχην
815 815 852 847 ²⁸;
875 816 903 842 '0

111 855 153 887 δὲ,
173 856 257 890 μηδὲν
271 856 397 883 εἱδέναι⁵⁹
414 858 502 893 φήσας
515 858 595 893 αὐτῇ,
612 859 661 893 τὴν
676 859 824 895 ἐκκλησίαν
838 861 904 887 ὐπο-

114 900 270 928 ἓ-είκνυσθαι
295 901 368 937 αὐτῷ
385 903 546 939 παρεκάλει.
568 904 623 930 Καὶ
643 905 674 939 δὴ
690 905 727 936 ὡς
752 905 901 940 ἐπέδειξεν,

114 946 278 982 ’προσπεσὼν
294 948 350 979 τοῖς
376 948 430 974 τῶν
450 949 642 985 πρεσϐυτέρων
659 950 768 984 γόνασιν
780 951 813 983 ³³³,
826 951 901 986 ἠξίου

114 993 279 1028 Χριστιανὸς
294 993 433 1027 γενέσθαι,
456 995 503 1022 καὶ
523 995 668 1030 μετανοίας
695 996 786 1031 χώραν
800 997 901 1032 εὑρεῖν.

118 1037 293 1072 Ἐπιγνόντες
306 1038 333 1064 δὲ
345 1039 424 1065 αὐτὴν
438 1041 463 1066 οἱ
477 1041 668 1076 πρεσϐύτεροι,
683 1043 729 1068 καὶ
747 1042 903 1078 θαυμάσαν-

111 1092 169 1115 τες,
197 1084 354 1111 ἐνουθέτουν
378 1085 471 1112 λοιπὸν
497 1086 544 1112 καὶ
571 1087 718 1115 ἐδίδασκον.
736 1087 782 1114 τοῦ
805 1088 902 1123 μηκέτι

112 1128 185 1156 εἶναι
215 1129 387 1165 ἀνδροφόνον.
419 1131 509 1163 Ἦξίου
533 1132 561 1158 δὲ
583 1132 690 1163 αὐτοὺς,
705 1132 759 1159 τῶν
787 1133 902 1168 ψαλμῶν

111 1174 271 1207 ἐπακούειν,
291 1175 338 1201 καὶ
351 1175 435 1210 τριῶν
453 1176 550 1211 στίχων
579 1178 734 1209 ἐπακούσας
752 1178 832 1211 μόνον
854 1178 902 1205 τοῦ

111 1221 226 1257 πρώτου
242 1221 362 1256 ψαλμοῦ,
376 1222 471 1257 ἀρκεῖν
484 1222 573 1257 ἐαυτῷ
589 1223 657 1253 τέως
668 1222 720 1258 ἔφη
734 1223 820 1250 ταῦτα
834 1224 902 1259 πρὸς

111 1267 245 1303 μάθησιν.
261 1268 316 1294 Καὶ
338 1269 482 1303 ἐπιμείνας
507 1269 574 1304 πρὸς
589 1270 685 1302 αὐτοὺς
699 1272 773 1305 τρεῖς
785 1270 901 1306 ἡμέρας,

109 1313 232 1346 ἐξελθὼν
248 1314 329 1346 εὐθὺς
347 1315 394 1341 ἐπὶ
408 1315 456 1350 τὴν
471 1315 573 1351 ἔρημον
595 1316 734 1352 ὥρμησεν,
751 1318 798 1343 καὶ
808 1317 902 1352 τριετῆ

107 1359 216 1394 διάγων
233 1360 329 1396 χρόνον
353 1361 424 1387 κατὰ
446 1361 495 1396 τὴν
510 1361 622 1397 ἔρημον,
641 1363 669 1388 ὲν
689 1363 780 1398 εὐχαῖς
795 1363 841 1389 καὶ
855 1363 902 1390 δά-

109 1415 213 1442 κρυσιν
227 1407 408 1442 διημερεύων,
424 1407 491 1442 πρὸς
505 1407 608 1442 τροφὴν
621 1409 681 1440 ταῖς
697 1409 807 1444 ἀγρίαις
828 1409 903 1443 βστά-

107 1460 171 1483 ναις
197 1452 320 1486 ἠρκεῖτο,
342 1451 390 1478 καὶ
414 1452 527 1483 ταύταις
552 1452 674 1487 ἐνέμετο.
697 1453 862 1488 Ἐπανῆλθεν
875 1454 903 1480 δὲ

107 1497 150 1528 εἱς
168 1497 221 1531 τὴν
237 1497 396 1531 ἐκκλησίαν,
414 1497 573 1532 ἔμπρακτον
594 1498 775 1532 ἀπαγγέλλων
792 1499 822 1526 τὸ
849 1500 903 1535 μά-

107 1542 189 1577 ϐημαι
201 1550 207 1556 ·
225 1542 304 1577 χάριν
322 1542 349 1568 δὲ
365 1542 439 1577 αὗτῷ
453 1542 575 1569 δεδόσθαι
597 1543 688 1569 θεόθεν
707 1544 809 1578 ἔλεγεν.
833 1546 902 1571 ἀπο-

106 1587 253 1622 στηθίξειν
270 1587 368 1619 ἔξωθεν
382 1587 431 1619 τὰς
447 1588 556 1624 Γραεράς
569 1589 601 1616 ³¹.
623 1589 792 1624 Ἐθαύμαζον
806 1591 834 1617 δὲ
851 1593 901 1618 αὑ-

105 1633 154 1659 τὶν
171 1633 256 1659 πάλιν
265 1633 290 1658 οἱ
305 1633 495 1668 πρεσϐύτεροι,
511 1634 664 1670 ἀκροτάτην
679 1635 841 1670 μετελθόντα
854 1636 903 1671 τὴν

104 1679 182 1714 ἀσκη
189 1687 243 1705 σιν.

143 1726 205 1752 Καὶ
222 1725 390 1759 φωτίσαντες
405 1727 484 1753 αὐτὸν
499 1727 672 1763 παρεκάλουν
692 1729 901 1764 συνδιατρίϐειν.

108 1771 141 1798 ’0
155 1771 188 1797 δὲ
207 1772 353 1806 ἐπιμείνας
369 1773 436 1808 πρὸς
452 1773 551 1805 αὐτοὺς
567 1774 636 1800 ἑπτὰ
653 1775 772 1809 ἡμέρας,
793 1776 839 1801 ἐπὶ
855 1776 904 1812 τὴν

102 1817 218 1852 ἔρημον
242 1817 323 1843 πάλιν
348 1818 430 1852 ἐξῄει,
451 1819 497 1844 καὶ
514 1819 544 1854 δὴ
568 1821 597 1845 ἐν
622 1820 691 1846 ἑπτὰ
708 1821 795 1846 ἔτεσιν
814 1821 904 1853 ἄλλοις

100 1863 134 1889 ἐν
153 1864 191 1898 τῇ
211 1864 365 1899 πανερήμῳ
382 1864 548 1897 διατελέσας,
569 1865 669 1900 πολλῆς
687 1867 795 1901 χάριτος
810 1868 823 1894 ὁ
835 1867 904 1902 ἀνὴρ

98 1908 231 1944 ἠξιώθη.
259 1910 358 1944 "Apro;
385 1911 432 1945 μὲν
450 1911 504 1946 γὰρ
525 1912 598 1948 αὑτῴ
618 1914 650 1948 τῇ
671 1914 797 1949 Κυριακῇ
825 1914 902 1950 μόνῃ,

99 1956 176 1991 πρὸς
196 1955 322 1990 κεφαλὴν
337 1956 484 1991 ηὑρίσκετο
506 1957 656 1993 εὐξαμένῳ,
674 1955 704 1985 οὗ
729 1960 905 1995 μεταλαμϐά-

98 2010 158 2027 νων
180 2001 241 2032 ἓως
263 2001 312 2036 τῆς
327 2002 410 2037 ἄλλης
431 2003 575 2039 Κυριακῆς
592 2005 712 2040 ἠρκεῖτο.
739 2006 904 2040 Ἐπανῆλοεν

96 2047 128 2073 δὲ
152 2048 244 2074 πάλιν
261 2048 293 2073 ἐκ
310 2048 359 2083 τῆς
379 2050 493 2084 ἐρήμου,
521 2050 570 2084 τὴν
592 2051 708 2085 ἄσκησιν
732 2052 905 2088 ἐνδεικνύμε-

96 2100 158 2124 νος,
178 2092 233 2118 καί
248 2100 326 2124 τινας
343 2092 409 2128 πρὸς
422 2094 471 2129 τὴν
485 2094 567 2120 αὐτοῦ
588 2095 724 2122 πολιτείαν
740 2096 826 2123 ἐλθεῖν
842 2099 903 2133 ἐρεο

96 2137 203 2170 θὶζων.
230 2137 371 2173 Προσῆλθε
392 2138 419 2164 δὲ
437 2139 510 2174 αὐτῷ
532 2149 573 2171 τις
589 2140 707 2173 νεανίας,
732 2142 904 2178 μαθητευθῆ-

94 2192 145 2210 vat
167 2183 348 2218 βουλόμενος.
381 2184 410 2211 Ὀ
434 2185 462 2212 δὲ
491 2186 571 2217 εὐθὺς
595 2187 708 2219 ἑνδύσας
725 2189 806 2215 αὐτὸν
832 2189 906 2216 λεϐι-

920 885 940 913 Β

916 1564 937 1591 C

953 262 1054 289 mansit
1069 262 1096 288 in
1116 266 1187 289 tecto
1199 261 1402 297 cogitabundus
1418 268 1506 295 usque
1517 260 1550 287 ad
1565 265 1654 287 ortum
1666 261 1737 293 diei;

952 316 1103 343 parumque
1111 308 1297 339 obdormiens,
1310 307 1382 334 videt
1394 307 1472 341 quasi
1488 314 1578 341 regem
1593 307 1738 341 quemdam

952 353 998 387 qui
1013 353 1120 380 dicebat
1135 353 1186 388 ipsi
1206 354 1232 379 in
1251 354 1367 385 somnis,
1382 361 1414 379 ne
1427 353 1544 387 amplius
1562 353 1635 380 circa
1649 354 1741 387 sepul-

952 406 1010 429 cra,
1022 398 1179 430 homicidia,
1194 406 1332 433 parvaque
1347 399 1404 426 inec
1419 398 1492 426 furta
1506 403 1627 430 vacaret,
1640 399 1738 434 invigi-

953 444 1050 477 lando;
1070 445 1117 472 sed
1130 445 1153 471 si
1171 445 1252 472 vellet
1270 453 1360 472 mores
1380 449 1487 471 mutare
1509 445 1542 471 ad
1560 445 1698 477 virtutem,
1714 450 1741 471 et

954 490 1103 524 angelicam
1122 491 1245 517 militiam
1268 491 1419 525 suscipere,
1435 495 1610 526 accepturum
1629 491 1663 517 ab
1682 491 1742 525 ipso

953 535 1088 569 ejusmodi
1111 540 1284 570 potestatem.
1321 537 1371 564 Ubi
1400 542 1489 564 autem
1514 538 1629 564 libenter
1645 537 1742 563 condi-

953 581 1054 608 tionem
1071 582 1242 615 admisisset,
1255 583 1375 610 ostcndit
1388 583 1412 610 ei
1428 583 1579 610 immortale
1595 582 1742 609 monacho-

955 634 1014 653 rum
1031 634 1138 662 agmen,
1158 628 1258 662 quibus
1274 628 1370 663 jussus
1389 633 1431 656 est
1444 629 1586 664 imperare.
1597 629 1681 663 Igitur
1693 636 1742 656 ex-

954 672 1126 707 pergefactus
1156 673 1197 698 vir
1226 673 1314 699 cernit
1339 673 1471 707 virginem
1501 673 1553 707 ipsi
1583 677 1673 699 astare
1710 679 1742 698 ac

954 717 1045 744 dicere
1061 725 1067 742 :
1083 716 1160 743 Unde
1178 721 1205 743 tu
1222 717 1274 744 huc
1288 718 1434 750 advenisti,
1450 725 1465 744 0
1485 718 1582 747 homo:
1598 722 1644 744 aut
1662 718 1742 751 cujus

955 763 1121 790 conditionis
1142 764 1188 790 es?
1213 764 1258 791 llle
1280 772 1345 790 vero
1369 764 1435 790 nihil
1455 764 1526 790 scire
1552 769 1599 790 aut
1616 771 1678 790 esse
1698 771 1742 790 re—

956 809 1256 843 spondens,ecclesizun
1272 810 1323 836 sibi
1338 810 1443 836 ostendi
1455 811 1586 844 poposcit.
1600 809 1686 844 thue
1697 810 1742 836 illa

956 856 1133 889 monstravit;
1164 856 1198 882 ad
1231 864 1319 890 genua
1352 856 1490 890 pedesque
1520 857 1741 891 presbyterorum

955 902 1149 936 procumbens,
1173 902 1329 936 postulabat
1351 906 1379 928 ut
1407 903 1582 930 Christianus
1604 902 1690 934 ﬁeret,
1710 910 1743 930 at:

955 948 1121 983 pmnilentite
1131 948 1219 974 locum
1231 947 1448 975 nancisceretur.
1465 947 1622 983 Presbyteri
1636 951 1741 978 autent.

954 994 999 1028 qui
1021 997 1220 1027 cognoscerent
1246 1001 1326 1024 eum,
1357 994 1502 1025 admirati,
1530 995 1744 1021 commonebant

954 1040 1084 1074 deinCeps
1102 1045 1183 1074 atque
1198 1039 1361 1070 edocebant,
1379 1048 1412 1067 ne
1428 1041 1545 1075 amplius
1562 1044 1636 1068 esset
1655 1041 1745 1068 Immi-

954 1085 1023 1112 eida.
1042 1084 1159 1119 Rogavit
1177 1092 1260 1119 porro
1273 1091 1332 1116 eos,
1351 1088 1380 1111 ut
1396 1084 1517 1119 psalmos
1529 1084 1646 1111 audiret.
1660 1084 1745 1111 Cum-

954 1140 1006 1167 que
1026 1135 1082 1158 tres
1098 1130 1273 1158 solummodo
1286 1139 1383 1158 versus
1399 1130 1619 1165 audiissetprimi
1633 1130 1743 1164 psalmi,

954 1178 1006 1205 sibi
1032 1177 1141 1204 inierint
1165 1185 1212 1204 eos
1242 1176 1366 1203 sufficere
1394 1177 1464 1204 dixit
1492 1177 1525 1204 ad
1555 1176 1742 1211 disciplinam.

954 1224 1022 1251 Tum
1048 1224 1119 1259 apud
1137 1224 1199 1251 illos
1216 1224 1304 1251 tribus
1324 1223 1421 1251 diebus
1439 1224 1598 1254 transactis,
1615 1230 1744 1259 egressus

954 1271 1046 1298 statim
1060 1291 1067 1302 ,
1092 1271 1126 1297 ad
1148 1278 1270 1297 erernutn
1293 1275 1434 1304 properat.
1451 1269 1502 1297 Ubi
1524 1277 1571 1304 per
1586 1273 1642 1296 tres
1656 1276 1745 1296 annos

954 1320 1153 1347 commoratus,
1168 1316 1195 1342 in
1213 1316 1342 1350 precibus
1360 1320 1387 1342 et
1405 1315 1533 1350 lacrymis
1553 1322 1743 1350 perseverans.

954 1369 1003 1396 pro
1019 1361 1081 1388 cibo
1103 1361 1259 1395 agrestibus
1279 1361 1372 1388 herbis
1389 1366 1536 1388 contentus
1552 1365 1624 1391 erat.
1643 1361 1745 1395 quibus

954 1406 1127 1441 pascebatur.
1140 1405 1237 1432 Postea
1255 1413 1396 1439 regressus
1412 1411 1453 1433 est
1473 1405 1499 1431 in
1521 1405 1678 1434 ecclesiam.
1696 1405 1745 1432 do-

954 1451 1071 1478 ctrinam
1102 1450 1224 1478 referens
1257 1451 1387 1484 operibus
1410 1450 1559 1483 ﬁrmatam;
1583 1449 1746 1484 dicebatque

955 1497 1007 1525 sibi
1024 1497 1156 1524 divinitus
1177 1497 1268 1523 datam
1288 1496 1376 1523 fuisse
1395 1496 1522 1531 gratiam,
1548 1496 1744 1530 expectorandi

956 1543 1168 1577 memoriterque
1184 1542 1316 1569 recitandi
1343 1550 1438 1569 sacras
1455 1541 1623 1576 Scripturas.
1642 1541 1744 1568 lterum

956 1596 1046 1616 autem
1073 1589 1282 1615 demirabantur
1311 1588 1389 1615 ΗΙιιιη
1416 1587 1585 1622 presbyteri,
1613 1587 1686 1623 quod
1711 1588 1745 1614 ad

956 1641 1090 1662 summam
1105 1633 1276 1667 pervenisset
1289 1629 1528 1659 exercitationem.

988 1734 1021 1761 Et
1036 1734 1172 1769 baptismo
1185 1738 1327 1770 postquam
1346 1734 1434 1769 ipsum
1449 1734 1662 1766 illuminassent,
1679 1735 1746 1762 hor-

955 1781 1084 1808 labantur
1098 1784 1128 1808 ut
1141 1789 1203 1808 eum
1220 1781 1274 1808 illis
1286 1784 1418 1807 maneret.
1434 1779 1485 1813 Qui
1501 1781 1571 1814 apud
1586 1788 1633 1808 eos
1648 1781 1739 1807 dento-

955 1831 1032 1853 ratus
1050 1830 1153 1860 septem
1171 1825 1240 1858 dies,
1260 1826 1358 1853 iterum
1379 1825 1405 1852 in
1423 1825 1598 1853 solitudinem
1615 1827 1738 1854 secessit.

955 1871 1043 1906 Atque
1061 1872 1123 1899 aliis
1143 1875 1245 1905 septem
1261 1871 1341 1898 annis
1367 1871 1393 1897 in
1410 1875 1484 1898 vasta
1501 1879 1593 1898 eremo
1614 1872 1732 1906 peractis

955 1918 1057 1952 ingenti
1072 1918 1159 1952 gratia
1171 1918 1289 1944 donatus
1303 1920 1355 1944 est.
1372 1917 1410 1944 Ac
1425 1918 1504 1951 panis
1516 1918 1625 1952 quidem
1637 1918 1672 1945 ab
1685 1919 1745 1953 ipso

956 1967 1018 1998 post
1033 1965 1185 1991 orationem
1205 1964 1394 1991 inveniebatur
1414 1964 1492 1999 juxta
1508 1970 1599 1999 caput,
1623 1964 1668 1992 die
1693 1965 1745 1992 Do-

956 2009 1056 2036 minico
1077 2010 1150 2043 solo;
1175 2010 1221 2044 qui
1240 2014 1376 2044 sumptus.
1397 2018 1484 2045 usque
1499 2011 1532 2037 ad
1551 2011 1631 2038 aliam
1655 2012 1746 2039 Domi—

955 2055 1046 2082 nicam
1073 2055 1232 2082 subiciebat.
1258 2055 1356 2083 lterum
1379 2061 1470 2084 autem
1488 2057 1569 2084 rediit
1589 2065 1622 2084 ex
1645 2058 1744 2085 solitu-

955 2101 1029 2132 dine,
1046 2102 1156 2129 virtutis
1168 2103 1390 2130 exercitationem
1406 2111 1462 2137 pne
1478 2111 1507 2131 se
1520 2104 1621 2136 ferens,
1635 2108 1662 2132 et
1675 2113 1744 2132 non-

956 2148 1047 2176 nullos
1068 2149 1101 2175 ad
1123 2148 1194 2175 idem
1215 2148 1323 2175 vivendi
1345 2149 1501 2176 institutum
1525 2150 1743 2185 amplectendum

956 2193 1096 2220 excitavit.
1115 2194 1239 2221 Accessit
1258 2194 1341 2228 igitur
1357 2195 1466 2228 quidam
1483 2194 1654 2228 adolescens,
1670 2196 1744 2223 desi-

93 2228 177 2256 τῶνα
195 2228 234 2260 ³¹,
263 2228 310 2255 καὶ
334 2230 504 2256 κουκούλλιον
527 2232 558 2266 τῇ
584 2233 687 2268 κεφαλῇ
706 2234 837 2269 περιθεὶς,
857 2235 902 2260 ἐπὶ

957 2241 1056 2266 derans
1070 2239 1130 2274 ejus
1145 2247 1207 2267 esse
1223 2239 1381 2274 discipulus.
1396 2241 1481 2273 Quem
1500 2241 1545 2269 ille
1562 2242 1655 2269 statim
1675 2242 1742 2270 lebi-

93 2274 150 2309 τὴν
190 2274 316 2308 ἄσκησιν
348 2275 543 2309 προσεϐίϐαζεν
559 2276 591 2306 ³³,
615 2275 663 2312 τὴν
689 2277 817 2314 μηλωτὴν
843 2279 905 2314 περὶ

91 2320 165 2351 τοὺς
192 2319 293 2354 ὤμους
313 2319 395 2345 αὐτοῦ
414 2320 601 2356 περιθέμενος,
627 2323 675 2349 καὶ
698 2322 799 2350 λέντιον
825 2325 905 2351 αὑτὸν

92 2364 351 2401 περιζωσάμενος.
377 2365 431 2391 Καὶ
446 2365 477 2400 δὴ
501 2366 577 2393 εἵπου
594 2375 636 2398 τις
659 2367 712 2394 τῶν
736 2369 906 2404 Χριστιανῶν

91 2410 256 2440 ἐτελεύτα,
273 2412 484 2447 προσκαρτερῶν
498 2413 580 2439 αὑτοῦ
592 2415 651 2445 ταῖς
665 2415 839 2449 ἀγρυπνίαις,
855 2425 905 2442 κα-

92 2457 212 2493 Θαρὶως
236 2457 376 2491 ὲκήδευεν.
403 2457 475 2484 Ἰδὼν
492 2459 519 2484 δὲ
534 2460 614 2485 αὑτὸν
630 2461 643 2486 ὀ
661 2460 783 2497 μαθητὴς
797 2462 901 2497 θαυμα-

91 2503 168 2534 σίως
187 2503 265 2533 τοὺς
280 2502 430 2535 τεθνεῶτας
455 2505 612 2540 κηδεύοντα,
633 2505 709 2533 εἶπεν
723 2508 791 2543 πρὸς
806 2509 885 2535 αὐτόν
896 2518 903 2525 ’

89 2549 126 2574 Et
144 2548 232 2583 κάμὲ
251 2547 366 2574 θανόντα
380 2548 466 2581 οὕτως
480 2550 632 2584 κηδεύσεις,
648 2552 811 2591 διδάσκαλῃ
836 2555 864 2581 'O
877 2555 905 2581 δὲ

89 2594 170 2630 πρὸς
186 2593 282 2620 αὑτὸν
299 2593 364 2629 ἔφη·
382 2594 460 2621 Οὕτω
479 2597 602 2631 κηδεύσω
618 2606 656 2630 σε,
673 2599 752 2634 ἄχρις
768 2599 800 2626 ἂν
814 2600 904 2636 εἴπῃς,

96 2641 216 2675 Ἀρκεῖ.
237 2639 307 2665 Μετ’
326 2640 355 2666 οὐ
373 2641 439 2667 πολὺ
456 2641 484 2668 δὲ
507 2642 602 2678 χρόνου
617 2643 747 2679 τέθνηκεν
759 2646 773 2672 ὀ
786 2647 904 2677 νεανίας,

87 2686 143 2712 καὶ
169 2687 186 2712 ὁ
211 2684 301 2718 λόγος
319 2686 342 2701 ³⁸
358 2686 436 2722 ἔργον
457 2687 570 2721 ἐγίνετο.
589 2689 730 2724 Κηδεύσας
749 2691 803 2726 γὰρ
825 2693 905 2718 αὑτὸν

87 2731 246 2763 εὐσεϐῶς,
265 2730 340 2765 λέγει
356 2733 423 2765 πρὸς
437 2733 517 2760 αὑτὸν
528 2734 574 2760 ἐπὶ
588 2735 695 2762 πάντων
706 2745 712 2751 ⁸
732 2737 829 2769 Καλῶς
845 2740 907 2774 ἐκη-

127 2802 156 2818 ¹⁶
178 2801 230 2827 ΑΙ.
255 2799 326 2830 πῶς.
365 2801 439 2827 “Al.
458 2802 525 2833 πῶς,

89 2847 124 2870 ς.
151 2837 182 2863 ἀ.
202 2834 393 2869 παραϐαλεῖν.
433 2837 455 2851 ⁵⁸
471 2836 513 2863 Al.
539 2834 728 2865 ἐπαναλαϐεῖν.

88 2880 194 2900 ποσιν.
243 2870 269 2885 ³¹
288 2870 329 2896 Al.
345 2870 408 2897 add.
426 2872 474 2902 τὰς
491 2872 580 2906 ἁγίας.
619 2874 641 2888 "
656 2873 698 2900 Al.
719 2874 867 2910 λεϐήτωνα.

566 2803 587 2818 ²¹
606 2803 647 2842 A_|.
664 2803 851 2842 ﬁssiléairtvi
865 2806 987 2841 λέγοντα..
1024 2808 1046 2823 ’³
1062 2807 1105 2837 ΑΙ.
1119 2809 1230 2842 τάφους.

958 2289 1022 2312 tone
1036 2285 1173 2315 indutum.
1189 2286 1297 2313 cuculla
1313 2287 1393 2321 capiti
1411 2288 1617 2322 circumposita.
1640 2296 1672 2315 ac
1687 2297 1744 2316 me-

957 2332 1010 2358 lote
1025 2331 1058 2357 ad
1072 2332 1209 2362 humeros.
1227 2332 1403 2367 cinctumque
1420 2333 1514 2365 linteo,
1533 2334 1566 2361 ad
1582 2335 1744 2362 monachale

957 2376 1111 2403 institutum
1129 2376 1335 2411 exercitumque
1352 2378 1498 2411 promovit.
1514 2379 1553 2405 Ad
1570 2379 1638 2410 hac,
1652 2380 1739 2407 sicubi

958 2430 973 2449 e
996 2421 1160 2449 Christianis
1186 2423 1249 2456 quis
1266 2424 1389 2456 obiissct,
1408 2425 1599 2459 perseverabat
1612 2425 1639 2452 in
1657 2426 1744 2460 ipsius

957 2467 1069 2501 vigiliis,
1095 2472 1121 2494 et
1144 2467 1230 2496 nitide
1248 2469 1404 2503 sepeliebat.
1422 2469 1506 2502 Quem
1527 2478 1642 2498 cernens
1660 2471 1744 2499 disci-

960 2513 1050 2547 pulus,
1074 2514 1272 2542 admirabiliter
1295 2515 1437 2543 defunctos
1463 2524 1572 2549 curare,
1603 2517 1671 2544 dixit
1693 2518 1741 2545 ei:

959 2559 1036 2587 Mene
1049 2565 1184 2587 mortuum
1198 2561 1234 2587 ita
1250 2560 1401 2594 funerabis,
1413 2563 1561 2597 magister?
1571 2563 1742 2598 Respondit:

959 2605 1004 2632 Sic
1016 2607 1176 2641 parentabo,
1191 2606 1279 2634 donec
1290 2608 1392 2634 dixeris
1408 2618 1415 2635 :
1434 2608 1506 2636 Satis
1520 2614 1571 2636 est.
1586 2609 1646 2637 Non
1658 2611 1744 2637 multo

958 2655 1021 2685 post
1034 2655 1167 2686 tempore,
1177 2653 1303 2687 migravit
1318 2662 1332 2680 e
1349 2654 1402 2680 vita
1418 2654 1589 2687 adolescens,
1608 2663 1640 2682 ac
1653 2663 1744 2683 sermo

959 2695 1084 2723 eﬂ'ectum
1098 2697 1211 2725 sortitus
1223 2703 1274 2725 est.
1286 2699 1353 2725 Cum
1365 2700 1436 2726 enim
1452 2700 1495 2734 pie
1507 2708 1568 2727 eum
1585 2705 1744 2728 accurasset

960 2741 994 2768 ad
1018 2741 1200 2776 sepulturam,
1222 2743 1259 2769 ait
1285 2743 1336 2777 ipsi
1362 2751 1455 2770 coram
1484 2745 1633 2772 omnibus:
1650 2746 1672 2772 Ο
1694 2746 1744 2773 lili.

1269 2809 1291 2845 ξ*
1302 2809 1344 2836 Al.
1361 2810 1396 2836 τὰ
1415 2810 1569 2845 κλέμματα.
1587 2829 1591 2832 -
1609 2811 1632 2826 "
1645 2811 1686 2838 Al.
1704 2810 1744 2841 εἰς

767 2841 788 2884 (τ
801 2839 843 2867 At.
866 2842 901 2876 ὄιγ

768 2884 867 2904 ητωνα.

965 2843 1040 2869 deest
1056 2843 1082 2869 iu
1099 2839 1168 2870 aliis:
1208 2844 1230 2860 "
1243 2844 1287 2870 ΔΙ.
1307 2845 1407 2880 ψυχήν.
1432 2839 1471 2883 "'-
1482 2839 1524 2873 ᾹΙ.
1541 2843 1620 2873 εἷναι.
1659 2846 1682 2862 ³⁸
1698 2839 1742 2873 Al;

955 2878 990 2904 \l.
1002 2877 1096 2904 ποοεὸ.
1135 2879 1158 2894 ³³
1169 2878 1212 2904 Al.
1226 2879 1309 2904 inser.
1324 2880 1375 2904 εἰς.

1135 2879 1158 2894 ³⁵
1169 2878 1212 2906 Al.
1226 2879 1309 2907 inser.
1324 2880 1375 2912 εἰς.
