1978 3075
118 127 171 155 L57
849 130 946 158 NOTl'l

985 152 998 158 η.
1691 132 1741 161 158

116 186 212 221 viginti
228 194 316 214 annos
334 187 371 222 (α)
386 186 536 215 natus.Hic
553 188 754 216 semi-Arianos
771 196 826 216 non
847 189 940 217 minus
955 197 1037 225 quam
1065 190 1217 218 catholicos
1233 190 1352 225 graviter
1365 189 1467 224 passitn
1483 190 1650 225 perstringit,
1663 191 1742 217 Aria-

115 241 167 260 nos
184 241 249 261 vero
265 238 292 260 et
307 233 496 262 Eunomianos
507 234 639 269 defendit,
657 236 832 272 celebratque
848 237 974 271 libenter,
989 243 1016 265 et
1030 237 1107 266 effert
1123 238 1250 266 laudibus
1268 247 1274 265 :
1290 238 1361 265 unde
1372 238 1418 266 diu
1434 242 1485 270 est,
1511 238 1584 272 quod
1601 238 1743 266 historiam

114 279 177 313 ejus
194 287 247 306 non
263 280 406 307 historiam
420 301 428 312 ,
455 282 501 308 sed
522 283 671 309 encomium
688 283 872 310 Ittvreticorum
889 289 912 310 et
925 284 1139 311 criminationem
1151 289 1229 320 alque
1250 286 1468 319 vituperationem
1479 284 1686 311 orthodoa'orum
1703 285 1743 311 in-

115 327 290 354 scribendam
301 335 362 355 esse
373 328 480 355 monuit
492 328 602 356 Pltotius
617 329 672 372 (ὁ),
685 330 747 357 cod.
762 329 819 357 XL.
835 331 954 359 Atlteum
970 339 1035 359 vero
1050 332 1152 359 dictutn
1168 331 1253 360 fuisse
1266 331 1492 367 Philostorgium,
1517 332 1598 359 tnale'
1613 331 1744 367 colligunt

116 375 169 402 viri
184 375 256 402 docti
273 383 305 402 ex
318 375 370 402 hoc
387 377 593 412 epigrammate,
611 385 752 412 perperam
773 383 896 413 accepto,
926 387 981 414 quo
1007 379 1195 408 Eunomianos
1228 381 1338 416 quidam
1367 381 1477 408 laudare
1492 381 1596 415 utique,
1611 388 1664 408 non
1683 387 1745 415 pro-

119 422 244 450 scindere
255 429 324 457 opus
341 421 506 449 Eunomiani
525 424 644 450 hominis
659 424 744 451 voluit
757 433 764 451 :

531 471 677 507 'lc't'opimf
691 471 851 507 ἐτέλεσσα,
870 471 943 499 Θεοῦ
962 472 996 507 (c)
1016 473 1173 507 χαρίτεσσι
1189 472 1315 507 σοφῇσι,

523 505 671 540 Πράγματ⁷
685 506 829 540 ἀληθείης
844 507 954 534 ποικίλ’
966 505 1176 542 cynicam-oc.

530 551 659 588 Historia
672 551 750 578 telam
762 551 824 578 bene
837 552 953 578 Numine
964 553 1043 579 dante
1053 555 1149 588 peregi,

560 586 707 614 Contexens
721 595 796 621 opere
812 587 926 622 plurima
947 596 1005 614 uera
1022 597 1088 615 meo.

156 633 273 667 Scripsit
288 632 414 660 Historiae
429 627 683 665 ecclesiastica-(tt)
703 633 737 663 ab
761 634 956 660 controversia:
973 633 1082 671 Ariame
1095 634 1180 662 initiis
1189 635 1245 662 sive
1261 635 1295 661 ab
1311 643 1335 661 a.
1355 635 1386 662 Ο.
1405 635 1467 667 500,
1487 643 1575 670 usque
1590 635 1623 662 ad
1641 643 1665 661 a.
1681 634 1744 664 4‘25,

119 686 176 713 quo
195 678 401 706 Valentinianus
419 678 517 706 Junior
531 678 654 706 Honorio
669 680 814 711 successit,
834 680 975 708 volumina
987 680 1052 713 duo,
1069 689 1184 716 quorum
1196 682 1302 716 singula
1318 682 1343 708 in
1355 682 1466 717 τόμους,
1482 682 1577 715 λόγους
1594 682 1649 709 sive
1660 681 1746 708 libros

120 736 168 755 sex
183 727 304 755 distincti
324 732 413 759 erant,
430 734 458 754 ut
472 727 540 755 adeo
555 728 581 754 in
598 727 756 755 universum
774 728 835 754 libri
851 733 943 755 essent
959 729 1115 756 duodecim.
1132 729 1234 756 Horum
1254 730 1348 764 primae
1356 730 1452 757 litterae
1467 731 1488 757 si
1505 730 1744 764 conjungerentur.

120 783 220 802 nomen
238 774 359 802 auctoris
376 773 544 805 referebant,
564 773 720 808 eujusmodi
749 773 943 808 ἀκροστιχίδας
966 774 1005 810 (e)
1033 775 1164 810 operibus
1190 776 1248 803 suis
1274 777 1414 803 intexuerc
1433 777 1496 803 olim
1522 776 1701 811 Epicharmus
1720 780 1748 804 et

120 820 289 852 Heraclides,
310 820 452 851 Ponticus,
471 825 554 854 atque
568 819 742 854 Philostorgii
762 821 888 855 exemplo
907 820 1078 856 Nicephorus
1094 822 1233 853 Callistus,
1255 829 1269 848 e
1284 822 1376 849 latinis
1390 822 1504 854 Ennius,
1522 822 1746 855 Commodianus,

120 867 254 895 Damasus
270 867 381 902 aliique.
393 866 468 901 Opus
482 866 572 901 ipsum
588 866 775 901 Philostorgii,
802 867 847 894 diu
864 873 916 900 est,
931 868 1004 902 quod
1018 868 1173 901 intercidit;
1198 869 1245 895 sed
1265 873 1363 904 pra-.ter
1382 869 1490 896 brevem
1516 869 1550 896 de
1571 876 1604 896 eo
1622 869 1746 896 notitiam

119 913 308 949 iudiciumque
319 921 351 940 ac
367 920 524 945 censuram,
539 912 566 939 in
578 912 668 939 Photii
683 912 849 940 Bibliotheca
867 913 929 940 cod.
946 913 992 940 XL
1009 914 1129 946 obviam,
1145 914 1267 949 ejusdem
1279 914 1368 941 Photii
1385 915 1473 949 ampla
1494 922 1527 942 ex
1543 914 1657 949 singulis
1676 915 1747 942 duo-

121 961 209 988 decim
228 961 305 988 libris
321 964 447 995 excerpta
463 964 569 987 servata
585 964 660 993 sunt,
675 967 737 994 qua:
763 960 860 987 habuit
873 959 995 988 Venetiis
1010 960 1111 995 Diegus
1132 961 1270 988 Hurtadus
1284 981 1292 992 ,
1317 961 1439 989 Gesnero
1456 965 1534 994 teste,
1550 965 1577 988 et
1593 962 1697 997 primus
1714 969 1748 988 ex

121 1006 216 1034 codice
231 1006 419 1041 Bongarsiano
433 1004 526 1033 Graece
534 1005 630 1039 edidit,
644 1009 671 1032 et
685 1005 822 1040 capitibus
834 1005 964 1032 distincta
981 1013 1044 1032 cum
1057 1006 1184 1033 versione
1206 1013 1254 1033 sua
1272 1011 1298 1033 et
1310 1006 1455 1034 uberrimis
1477 1006 1618 1041 doctisque
1633 1006 1749 1033 adnota-

121 1052 244 1083 tionibus
261 1057 288 1079 et
312 1052 513 1087 prolegomenis
532 1051 676 1086 indiceque
696 1051 912 1086 locupletissimo
935 1051 963 1078 in
981 1051 1070 1079 lucem
1087 1052 1201 1086 protulit
1226 1051 1347 1079 Iacobus
1374 1050 1557 1084 Godofredus,
1584 1051 1685 1079 Genev.
1713 1050 1749 1086 (Ῑ)

121 1100 203 1131 1645,
223 1099 250 1126 4.
269 1098 368 1126 Eadem
394 1104 521 1134 excerpta
543 1106 612 1127 mss.
625 1098 705 1126 editis
721 1098 800 1133 longe
811 1097 998 1125 emendatiora
1012 1098 1113 1126 habere
1131 1106 1160 1125 se
1176 1103 1291 1126 testatus
1310 1102 1352 1126 est
1366 1097 1518 1125 Bochartus
1535 1102 1601 1125 tom.
1617 1097 1637 1131 l,
1651 1097 1698 1125 lib.
1716 1105 1747 1124 ll.

121 1144 275 1172 ilierozoiei
297 1152 357 1179 cap.
368 1145 414 1172 55.
431 1145 520 1180 Atque
533 1144 663 1172 Bocharti
674 1143 795 1171 codicem
811 1143 921 1171 Valesio
937 1151 953 1170 a
966 1151 996 1171 se
1012 1143 1243 1171 communicatunt
1258 1143 1341 1172 refert
1359 1143 1515 1178 Stephanus
1529 1143 1554 1170 le
1566 1142 1663 1178 Moyne
1677 1142 1751 1170 notis

121 1192 157 1219 ad
179 1191 261 1218 Varia
274 1199 351 1219 sacra
366 1199 426 1227 pag.
442 1186 614 1225 579.1taqué
629 1190 663 1217 ad
674 1197 736 1216 eum
753 1194 780 1217 et
792 1188 979 1216 Scoriacensis
994 1189 1098 1216 codicis
1113 1189 1244 1217 lectiones
1258 1189 1360 1224 passim
1375 1193 1505 1224 provocat
1516 1189 1599 1216 Henr.
1612 1187 1746 1217 Valesius.

122 1247 174 1267 nec
189 1240 280 1267 minus
299 1239 332 1267 ad
357 1239 576 1268 emendationes.
603 1245 674 1272 quas
700 1237 789 1265 codici
808 1244 856 1264 suo
890 1237 979 1265 Lucas
994 1235 1153 1265 Holstenius
1170 1237 1343 1272 ascripserat.
1369 1237 1459 1265 Edidit
1477 1237 1603 1265 laudatus
1625 1237 1752 1265 Valesius

123 1285 296 1322 Philostorgii
311 1291 439 1321 excerpta
454 1286 642 1314 emendatiora
668 1293 730 1313 cum
749 1285 861 1313 meliore
877 1285 1003 1313 versione
1028 1293 1078 1313 sua
1107 1285 1235 1320 notisque
1251 1286 1283 1313 ad
1298 1286 1399 1313 calcem
1429 1285 1558 1313 Historiae
1580 1285 1750 1318 Thcodoriti,

123 1334 233 1369 Evagrii
249 1339 276 1361 et
293 1333 441 1367 Theodori,
461 1334 582 1366 lectoris,
593 1332 682 1361 Paris.
697 1333 777 1365 1675,
795 1332 855 1364 fol.,
869 1341 930 1368 quae
944 1334 1030 1361 editio
1044 1341 1142 1361 recusa
1160 1339 1202 1361 est
1221 1333 1376 1369 Moguntiaa,
1399 1338 1429 1361 ut
1453 1334 1534 1361 habet
1559 1334 1667 1367 titulus,
1693 1335 1752 1362 sive

124 1382 214 1416 potius
228 1381 402 1409 Francofurti
428 1381 518 1414 1679;
536 1389 599 1408 nam
617 1388 677 1415 qua!
694 1380 927 1408 Amstelodamutn
943 1389 969 1409 a.
988 1380 1067 1412 1695,
1084 1381 1111 1407 in
1127 1380 1218 1408 fronte
1232 1380 1352 1416 praefert,
1370 1382 1416 1409 illa
1446 1381 1504 1416 ipsa
1520 1380 1678 1416 Moguntina
1694 1385 1746 1412 est,

124 1435 196 1454 novo
210 1428 288 1455 titulo
303 1433 410 1461 ornata,
423 1433 451 1455 et
462 1427 583 1463 Reading
612 1435 674 1454 cum
699 1427 800 1455 Valesii
817 1432 845 1455 et
863 1429 1001 1455 variorum
1027 1428 1109 1459 notis,
1128 1428 1155 1455 in
1173 1433 1240 1456 tom.
1259 1428 1290 1455 lll
1305 1428 1356 1456 SS.
1373 1428 1436 1456 εδει.
1466 1436 1528 1456 cum
1548 1428 1714 1456 Theodorito
1724 1427 1752 1456 ei

125 1474 253 1506 Evagrio,
268 1482 330 1509 pag.
349 1474 401 1501 L75
426 1482 498 1509 sqq..
516 1473 646 1501 Cantabr.
675 1473 754 1506 1720,
772 1474 820 1501 fol.
837 1473 904 1501 Vide
931 1482 1013 1509 supra
1029 1475 1063 1501 ad
1081 1474 1191 1502 Eusebii
1218 1475 1320 1502 Hister.
1345 1475 1408 1502 eccl.
1426 1490 1461 1496 —-
1477 1475 1620 1502 Florentiae
1643 1475 1671 1501 in
1689 1477 1752 1502 cod.

125 1521 248 1549 Mediceo
263 1520 295 1552 V,
310 1529 352 1548 nr.
368 1520 395 1552 9,
415 1521 483 1555 plut.
502 1519 545 1552 70,
561 1524 625 1547 sunt
636 1520 692 1547 duo
707 1524 833 1555 excerpta
855 1527 887 1547 ex
900 1520 1014 1547 Philost.
1032 1520 1065 1547 ll.
1083 1521 1114 1548 Ε.
1131 1520 1265 1556 epitome;
1281 1521 1356 1556 prius
1369 1526 1409 1549 est
1420 1529 1482 1556 pars
1493 1529 1552 1556 cap.
1568 1520 1612 1552 10,
1629 1520 1690 1547 libri
1703 1528 1752 1554 xtl,

125 1569 264 1603 posterius
277 1572 319 1596 est
333 1576 394 1603 cap.
410 1576 513 1595 nonum
526 1568 587 1594 libri
603 1575 631 1594 ιιι
647 1567 685 1602 (v.
703 1566 818 1594 Bandin.
837 1571 891 1595 cat.
908 1568 987 1595 codd.
1002 1567 1049 1594 Gr.
1068 1566 1100 1600 ll,
1117 1576 1143 1602 p.
1164 1567 1239 1602 661.)
1253 1582 1286 1587 --
1303 1567 1423 1595 Venstiis
1437 1568 1463 1594 in
1478 1568 1538 1595 cod.
1554 1566 1753 1599 CCCXXXVII,

126 1616 266 1643 Marciano
282 1615 399 1649 epitome
412 1622 445 1642 ex
461 1623 509 1647 xu,
523 1614 600 1641 libris
617 1614 652 1641 Il.
679 1614 712 1641 E.
729 1613 920 1649 Philostorgii.
945 1621 978 1641 ex
1003 1614 1109 1641 l’hotio.
1123 1630 1157 1635 —
1172 1614 1259 1642 Oxon.
1279 1615 1307 1641 in
1333 1614 1394 1642 cod.
1413 1614 1519 1643 Bodlei.
1536 1614 1638 1646 CXLII,
1666 1623 1707 1642 nr.
1726 1615 1751 1648 7,

126 1662 303 1698 Philostorgii
324 1661 360 1689 Η.
380 1661 414 1689 Ε.
438 1667 550 1697 epitome
569 1662 622 1688 ἀπὸ
639 1662 732 1698 φωνῆς
746 1661 837 1690 Photii
850 1660 987 1694 CCXIJHI,
1015 1670 1076 1697 quae
1094 1662 1256 1698 (secundum
1273 1668 1413 1690 auctorem
1430 1663 1510 1691 codd.
1533 1664 1646 1699 Anglize,
1661 1668 1713 1692 etc.
1733 1664 1753 1696 Ι,

127 1718 188 1745 pag.
204 1709 249 1744 18)
264 1709 297 1736 ab
307 1717 348 1740 ea.
365 1717 426 1744 quae
439 1713 529 1737 exstat
544 1709 616 1744 apud
636 1708 776 1741 Photium,
801 1709 918 1736 multum
945 1710 1054 1737 diversa
1078 1714 1131 1741 est,
1148 1714 1176 1736 et
1191 1710 1307 1745 amplior
1335 1710 1420 1737 multo
1441 1717 1448 1735 :
1468 1709 1535 1737 ibid.
1556 1717 1583 1744 p.
1601 1709 1665 1741 271,
1684 1710 1754 1736 inter

126 1758 287 1786 adversaria
304 1757 417 1785 Gerardi
444 1757 603 1793 Langbaeni,
623 1757 797 1792 Philostorgii
814 1757 887 1785 Hist.
914 1758 948 1785 ab
962 1765 1009 1785 ore
1033 1758 1122 1786 Photii
1134 1758 1231 1790 relata,
1243 1758 1292 1785 Gr.
1306 1773 1339 1777 —
1352 1758 1423 1785 inter
1441 1758 1519 1785 codd.
1537 1757 1683 1789 Mendozaa,
1701 1762 1753 1784 etc.

127 1805 200 1840 apud
215 1804 304 1832 lriart.
319 1809 372 1832 cat.
388 1804 468 1832 codd.
484 1804 532 1832 Gr.
547 1804 648 1831 Matt-it.
671 1813 698 1839 p.
720 1804 783 1831 277.
800 1803 884 1831 HARL.
899 1819 935 1824 ——
951 1803 1054 1832 Praater
1066 1804 1219 1840 fragmenta
1235 1804 1408 1839 Philostorgii
1424 1812 1457 1840 ex
1475 1804 1574 1831 Nicetze
1587 1803 1637 1831 lib.
1655 1811 1683 1835 v,
1698 1803 1755 1830 tlte-

127 1839 215 1883 sauri,
233 1858 265 1878 ex
277 1849 382 1878 Joanne
393 1851 660 1886 Antiocheno'(cujus
673 1851 762 1878 locum
773 1851 877 1885 primus
887 1850 978 1878 attulit
991 1839 1143 1878 Salmasius
1153 1859 1179 1886 p.
1189 1850 1253 1883 407,
1266 1851 1300 1877 ad
1312 1850 1422 1884 Solin.),
1433 1839 1517 1877 suida
1524 1855 1552 1877 et
1563 1849 1661 1877 Photio
1671 1857 1686 1876 a
1694 1849 1754 1876 Jac.

127 1898 286 1926 Godofredo
297 1899 440 1934 producta.
454 1907 523 1926 nova
535 1900 616 1926 etiam
633 1907 666 1926 ex
681 1897 765 1925 Suida
782 1906 796 1925 a
813 1906 842 1925 se
852 1899 995 1926 observata
1007 1897 1132 1925 Valesius
1139 1897 1252 1925 editioni
1271 1905 1327 1924 suae
1351 1896 1504 1931 subjunxit.
1529 1897 1557 1923 ln
1570 1896 1642 1923 notis
1654 1895 1756 1922 Valesii

130 1945 306 1974 Godofredus
320 1946 544 1982 frequentissime
552 1945 770 1981 reprehenditur,
780 1946 917 1973 interdum
931 1944 1012 1972 etiam
1025 1945 1092 1972 satis
1110 1944 1218 1976 acerbe,
1234 1949 1262 1970 ut
1277 1951 1337 1979 pag.
1348 1943 1408 1976 150,
1421 1943 1636 1978 ubiimperitiam
1650 1942 1711 1977 ejus
1727 1942 1756 1969 in

129 1993 254 2029 legendis
268 1993 370 2021 Graecis
384 1992 586 2027 exemplaribus
597 1996 623 2019 et
635 1999 697 2027 pag.
710 1991 770 2024 150,
790 1991 835 2018 ubi
849 1991 951 2019 Graecae
970 1991 1070 2026 lingua:
1082 1991 1109 2017 in
1123 1990 1170 2017 illo
1178 1990 1340 2024 imperitiam
1350 1990 1474 2024 castigat.
1490 1988 1588 2016 Verum
1603 1987 1756 2016 audiendus

129 2048 200 2069 sane
218 2047 277 2069 erat
291 2041 473 2074 Godofredus,
491 2041 532 2067 vir
546 2040 614 2068 bene
630 2040 728 2067 doctus
743 2044 770 2066 et
783 2039 876 2067 multis
900 2039 1059 2067 nominibus
1082 2038 1212 2073 praeclare
1224 2038 1257 2065 de
1269 2037 1366 2065 litteris
1378 2037 1503 2069 meritus,
1519 2037 1565 2071 qui
1581 2036 1610 2063 in
1630 2037 1759 2071 prolego-

130 2090 220 2117 menis
237 2097 300 2125 pag.
321 2089 354 2116 57
369 2097 430 2124 seq.
446 2088 552 2115 veniant
568 2096 582 2115 a
600 2088 701 2115 lectore
717 2094 796 2121 aequo
814 2086 865 2114 sibi
878 2086 1022 2121 pollicetur
1034 2086 1077 2113 his
1091 2085 1182 2113 verbis
1198 2093 1203 2110 :
1222 2084 1290 2112 Novi
1303 2085 1368 2119 ipse,
1382 2093 1461 2119 quam
1478 2085 1504 2111 in
1517 2084 1607 2112 multis
1620 2088 1758 2111 contextus

129 2137 188 2170 ipse
204 2135 386 2163 inemendatns
398 2140 484 2167 exeat,
499 2143 578 2170 quem
595 2134 680 2160 multa
696 2141 798 2168 quoque
828 2132 976 2159 desiderari
999 2133 1100 2167 possint
1119 2133 1147 2159 in
1161 2133 1246 2166 prima
1267 2132 1315 2158 hac
1334 2131 1558 2166 interpretatione,
1573 2135 1636 2166 quot
1648 2131 1760 2166 denique

131 2183 234 2209 mendm
248 2182 342 2217 ubique
354 2182 517 2216 irrepserint.
542 2180 637 2207 Verum
653 2185 678 2206 et
696 2180 760 2206 mihi
771 2184 797 2206 et
811 2180 970 2214 typograplto
987 2180 1087 2206 veniam
1101 2187 1206 2214 sperare
1219 2179 1290 2211 licet,
1303 2187 1356 2205 non
1369 2186 1422 2204 una
1436 2179 1555 2209 ratione;
1570 2178 1628 2212 ipsa
1645 2178 1761 2212 primum

167 2265 207 2300 (a)
225 2264 296 2292 Idem
312 2264 345 2297 X,
366 2265 392 2292 6.

171 2301 208 2334 (ὁ)
236 2300 369 2327 Plautius:
389 2301 421 2326 Ἠ
447 2299 476 2326 δὲ
508 2300 623 2334 ἱστορία,
648 2299 702 2326 τῶν
732 2299 921 2334 αἱρετιζόντων

133 2336 210 2362 ἐστὶν
229 2334 365 2369 ἐγκώμιον
390 2334 474 2369 αὐτῷ,
499 2335 592 2370 ὥσπερ
619 2335 665 2361 καὶ
694 2334 747 2361 τῶν
774 2334 922 2370 ὀρθοδόξων

131 2370 254 2413 suidel-il
265 2371 312 2412 nati
326 2370 552 2413 ψόγοςιμᾶλλοχιῆ
563 2370 684 2413 "inopia.
694 2371 720 2413 *Α
726 2375 789 2413 tque
803 2370 899 2396 iterum
915 2379 922 2395 :

138 2404 254 2441 Ἱστορεῖ
269 2405 297 2431 δὲ
311 2404 439 2432 mmet:
457 2404 647 2441 σχεδὸπιὶᾂπαάι
663 2406 718 2441 τοῖς
730 2404 922 2441 mnino-tacet.-

133 2439 340 2476 xoi;."E€aipst
356 2442 419 2472 τοὺς
444 2439 819 2476 Ἀῥειανίζονζεας-ὅιπαντας,
837 2439 922 2476 λοιᾷο-

134 2477 209 2511 ρίακ
227 2473 320 2503 «tum
333 2476 395 2507 τοὺς
416 2473 584 2510 ὁρθόδόξους,
601 2475 638 2506 ὼς
652 2473 722 2511 sive;
737 2475 786 2510 τὴν
802 2474 922 2511 losopng

133 2509 219 2538 ὰύτοῦ
236 2512 273 2546 μὴ
301 2511 421 2545 ἱστορίαν
434 2509 551 2547 μᾶλλον,
578 2510 634 2537 ἀλλ’
652 2509 788 2545 ἐγκώμιον
804 2510 853 2547 μὲν
867 2509 922 2547 τῷν

134 2544 293 2607 ᾳίςεῖῑξῶῖιρ,
318 2544 401 2581 ψόγον
423 2544 451 2573 δὲ
473 2546 575 2581 γυμνὸν
601 2546 648 2572 καὶ
677 2545 843 2582 κατηγορίαν
868 2544 923 2570 τῶν

134 2589 168 2607 OD
188 2590 294 2607 ουκ-ων.

134 2589 294 2608 οουοοοεων.

153 2590 294 2616 ρυοοοςων.

175 2616 211 2651 (c)
230 2617 346 2644 Jacobus
359 2617 535 2652 Godofredus,
552 2617 611 2652 quir
625 2616 652 2643 in
673 2615 872 2652 prolegomenis
889 2616 921 2642 ad

135 2651 350 2687 Philostorgium
362 2653 421 2680 fuse
435 2651 519 2687 atque
536 2651 642 2679 erudite
658 2651 691 2678 tle
714 2651 921 2687 illoscriptore,

136 2692 165 2714 et
187 2687 221 2714 de
244 2686 304 2722 ejus
320 2686 482 2715 eruditione
500 2688 526 2714 in
547 2687 622 2714 omni
645 2693 745 2721 genere
768 2686 921 2713 litterarum

137 2723 266 2755 disserit,
294 2723 358 2756 legit.
387 2723 505 2750 ὲτέλεσσ¹
528 2722 767 2755 dteéou,putatque,
789 2729 850 2748 esse
864 2722 923 2755 epi-

137 2765 263 2792 gramma
289 2759 408 2786 hominis
433 2757 570 2788 catholici,
597 2757 641 2783 cui
666 2756 924 2792 EiunomianoApro-

137 2790 228 2828 prium
246 2801 358 2820 nomen.
377 2792 429 2820 Sed
445 2792 629 2820 Godofredum
650 2791 749 2828 refellit
763 2791 808 2817 Jo.
836 2790 924 2828 Pear-

137 2826 229 2855 ionius
253 2828 326 2855 notis
347 2828 380 2855 ad
396 2828 548 2863 symbolum
573 2826 754 2862 apostolicum
775 2834 838 2862 pag.
859 2826 922 2859 509,

137 2863 204 2892 edit.
225 2863 341 2892 Latinae.

258 2912 398 2943 PATROL.
419 2911 477 2943 Gn.
500 2910 615 2963 ΠΝ..

1010 2262 1049 2297 (d)
1066 2261 1136 2297 Hinc
1155 2261 1303 2295 Nicephoro
1318 2261 1394 2287 andit
1418 2260 1432 2286 ὀ
1454 2260 1694 2297 Ἐκκλησιαᾳτικός
1713 2260 1760 2287 lib.

975 2295 1085 2329 xtt,29.
1115 2295 1184 2324 Hist.
1211 2304 1291 2330 quem
1317 2296 1419 2330 aliaqui
1440 2300 1568 2330 tanquam
1600 2295 1761 2322 haereticum

975 2334 1044 2360 solet
1061 2340 1159 2360 vocare
1176 2332 1302 2366 θεομισῆ,
1316 2331 1430 2357 inuisum
1449 2332 1514 2362 Deo,
1530 2330 1575 2356 lib.
1595 2338 1614 2361 ι,
1635 2338 1661 2365 p.
1675 2330 1720 2363 55,
1736 2335 1761 2356 et

975 2368 1021 2394 lib.
1037 2375 1086 2399 vn,
1098 2375 1157 2402 cap.
1177 2367 1219 2393 19.

1014 2403 1049 2438 (e)
1065 2398 1361 2438 Vide'lilurcti__Var;as
1379 2400 1437 2438 lect.
1457 2398 1510 2438 HE;
1538 2401 1593 2438 ull_._
1607 2399 1759 2438 hlenagium

975 2439 1009 2464 nd
1018 2435 1107 2464 Laert.
1122 2445 1148 2472 p.
1161 2437 1230 2467 2‘27;
1246 2436 1372 2472 Vossium
1387 2435 1458 2462 lltst.
1473 2435 1558 2462 Gra'c.
1575 2435 1606 2472 ll:
1618 2435 1663 2462 20.
1678 2435 1760 2462 Vetus

975 2471 1140 2508 epigramma
1155 2472 1224 2508 apud
1243 2471 1306 2508 Jac’.
1319 2471 1515 2508 titulot'redunr.
1528 2479 1554 2506 p.
1572 2471 1616 2497 t7:

974 2505 1136 2544 Γράμματα
1162 2505 1265 2534 δώδεκ’
1292 2507 1353 2540 ἔχει
1378 2505 1617 2544 Φιλοστόργιοςι
1646 2505 1760 2544 corona

978 2579 1107 2606 Τοΰνεκίι
1119 2578 1157 2611 δὴ
1169 2581 1243 2605 κατὰ
1253 2577 1369 2612 πῬάμμα
1377 2579 1414 2604 λό
1419 2585 1488 2613 γους
1496 2539 1761 2646 ἀνεγράξῖἔέὶὸζᾶύ-

1644 2619 1723 2643 τους,

1644 2619 1723 2643 τους,

981 2649 1159 2683 Ἀρξάμενος
1167 2648 1282 2682 πρώτου
1292 2648 1354 2683 ἀπὸν
1363 2647 1542 2682 γράμματος,
1548 2645 1599 2672 εἶτ’
1649 2646 1720 2679 ἑφεξ
1726 2645 1761 2679 ῆς

974 2681 1029 2712 Κᾱὶ
1041 2681 1089 2711 διὰ
1103 2683 1158 2718 τῆς
1173 2681 1272 2710 ai)an
1283 2681 1379 2717 ἀρχῆζ
1395 2681 1447 2709 ἐὰν
1458 2683 1571 2718 οὕνομα
1586 2681 1713 2718 γράψας.

1012 2720 1045 2755 (1⁷)
1073 2716 1142 2746 Male
1166 2719 1244 2749 1054,
1266 2726 1398 2755 excusu_nt
1422 2717 1584 2755 ἱη-Ιξιὶᾱξ-ιίιξ
1601 2716 1760 2755 [find

977 2751 1134 2789 scriptorum
1148 2755 1240 2789 eccleg.
1257 2758 1324 2780 tom.
1341 2752 1386 2784 ιν,
1412 2761 1438 2787 p.
1458 2753 1500 2779 77.
1527 2751 1675 2789 Godofred‘i
1701 2751 1761 2777 Dis-

976 2787 1139 2817 sertatiottes
1170 2790 1197 2816 in
1217 2788 1431 2823 Philostorgitnn
1457 2789 1616 2823 thesaurum
1646 2787 1762 2823 sint-crat

977 2825 1061 2852 totius
1079 2825 1200 2852 historiae
1211 2821 1405 2852 ecclesiasticae
1422 2828 1500 2850 vocat
1513 2822 1645 2849 Claudius
1661 2821 1760 2849 Sarra-

977 2861 1038 2888 vius
1051 2861 1128 2896 epist.
1145 2859 1188 2887 15.

1612 2904 1649 2935 15
