1978 3075
251 166 305 196 165

930 178 1173 208 PHILOSTORGH

1822 184 1872 213 ἀοι

245 237 307 269 eius
327 240 486 262 excreverat
519 240 605 263 instar
633 237 704 263 vasis
727 236 855 269 testacei;
880 237 1023 272 cujusmod

1086 238 1188 272 ἆγγους
1216 239 1376 274 ὀστρακίνου
1400 240 1570 276 ὲκμιμῆσθαι
1598 241 1707 276 σχῆμα,
1731 241 1802 278 ἅπερ
1826 241 1872 271 οὖν

245 289 311 309 vasa
331 281 505 309 Alexandrini
528 283 614 317 patrio
634 290 760 310 sermone
773 282 906 310 Baucalas
921 288 1028 311 vocant.

246 327 325 355 Hunc
347 329 429 364 igitur
445 329 644 361 Alexandrum,
665 337 727 356 eum
743 330 891 357 secundum
912 331 947 358 ab
965 331 1032 358 Ario

245 374 334 402 locum
358 375 428 401 inter
448 375 621 410 presbyteros
643 375 794 408 obtineret,
816 376 854 402 ait
882 376 1030 405 simultatis

245 422 315 448 inter
327 421 508 449 Alexandrum
519 422 674 456 episcopum
685 427 711 449 et
723 422 817 449 Arium
833 430 944 450 causam
957 431 1029 458 prte-

244 467 352 499 buisse,
375 471 402 494 et
428 467 667 495 cousubstantialis
695 468 914 502 praedicationem
939 469 973 496 ab
997 477 1031 497 eo

243 518 364 547 tempore
375 513 552 547 excogitatam
565 513 659 540 fuisse.

280 559 305 586 5.
325 558 496 586 Constantius
518 559 640 586 Cll/oms.
667 575 700 580 -—-
721 560 916 592 Constantius,
941 560 1030 596 Magni

243 605 415 632 Constantini
429 609 514 640 pater,
531 606 566 632 ob
579 606 705 632 eximiam
732 606 931 640 fortitudinem,
950 612 979 634 ut
993 608 1031 634 ait

242 650 455 685 Pbilostorgius,
478 651 627 685 superioris
651 651 763 679 Galatia
782 653 808 679 in
829 661 883 687 qua
900 658 964 680 sunt
983 654 1030 680 Al-

243 704 306 731 pes,
334 696 479 731 imperator
498 697 669 724 renuntiatus
691 701 742 724 est.
767 696 829 724 Haec
856 702 946 724 autem
971 698 1030 725 loca

243 750 354 769 accessu
379 741 497 768 dillicilia
520 748 584 768 sunt
606 747 632 769 et
653 742 793 776 impervia.
808 742 892 770 Porro
907 743 964 770 haec
984 751 1031 771 su.

243 787 334 822 perior
361 787 464 814 Galatia
496 795 570 814 nttnc
593 795 608 814 a
643 787 773 816 Romanis
795 788 881 815 Gallia
905 794 1027 816 vocatur.

242 833 316 861 Mors
339 838 430 860 autem
456 833 607 860 Constantii
623 834 737 869 contigit
765 834 790 861 in
813 834 946 867 Britania,
970 843 1031 870 qua:

243 881 365 908 Albionis
385 880 472 908 insula
495 880 559 906 olim
583 879 732 906 dicebatur.
754 880 810 906 lllie
831 879 1029 909 Constantinus

1085 283 1227 315 Βαυκάλας
1249 285 1404 320 ἐπιχωρίως
1426 286 1609 322 Ἀλεξανδρεῖς
1632 286 1759 314 εἰώθασιν
1775 288 1873 323 ὀνομά-

1085 329 1151 361 ζειν.
1168 329 1266 356 Τοῦτόν
1284 339 1350 365 φησι
1371 331 1420 366 τὴν
1444 331 1573 368 δευτέραν
1594 333 1671 366 τάξιν
1687 335 1746 368 μετ’
1766 335 1873 372 Ἀρειον

1085 375 1190 410 ἔχοντα,
1216 376 1296 411 ἄρξαι
1309 377 1360 411 τῆς
1373 377 1474 408 αἰτίας,
1490 378 1519 410 ἐξ
1531 376 1566 413 ἦς
1581 379 1597 413 ἠ
1612 379 1729 414 διαφορὰ
1748 380 1873 414 Ἀλεξάν-

1084 421 1139 457 δρῳ
1159 420 1198 455 τῷ
1220 422 1362 457 ὲπισκόπῳ
1379 423 1426 448 καὶ
1445 423 1542 457 Ἀρείῳ
1566 423 1731 458 συνερράγη,
1755 425 1802 450 καὶ
1824 425 1872 460 τὴν

1084 466 1131 492 τοῦ
1145 468 1287 502 όμοουσιου
1298 467 1465 504 ἀνακήρυξιν
1480 468 1585 496 ἐκεῖθεν
1598 469 1836 505 ὲπιτεχνασοῆναι.

1119 560 1149 583 ε’.
1172 557 1244 590 Ὅτι,
1259 558 1335 592 φησὶ,
1352 558 1541 590 Κωνστάντιος
1563 559 1577 584 ὁ
1603 558 1645 585 τοῦ
1665 560 1782 594 μεγάλου
1797 560 1873 587 Κων-

1085 603 1223 629 σταντινου
1250 603 1341 639 πατὴρ
1366 605 1425 630 κατ’
1441 604 1625 639 ἀνδραγαθίαν
1643 605 1698 631 τῶν
1717 606 1773 632 ἄνω
1786 606 1873 632 Γαλα-

1083 648 1158 680 τιῶν,
1176 649 1205 674 ὲν
1229 645 1273 680 αἷς
1294 651 1340 675 καὶ
1359 650 1388 676 αἱ
1412 649 1577 684 καλούμεναι
1595 650 1717 682 Ἄλπεις,
1746 651 1871 686 βασιλεὺς

1083 695 1240 730 ἀπεδείχθη.
1256 695 1415 731 Δυσέμὸολα
1433 697 1462 722 δὲ
1484 696 1518 722 τὰ
1541 697 1629 732 χωρία
1647 697 1734 724 ταῦτα
1748 698 1794 724 καὶ
1810 698 1873 724 δυσ-

1084 741 1219 776 πρόσοδα·
1236 741 1285 773 τὰς
1302 742 1331 768 δὲ
1352 742 1485 773 Γαλατίας
1498 742 1523 768 οἱ
1537 742 1584 768 νῦν
1606 742 1721 773 Γαλλίας
1739 743 1873 778 ἐπονομά-

1084 784 1226 817 (ovo-tm?!
1250 786 1278 813 δὲ
1302 787 1415 822 τελευτὴ
1432 788 1622 816 Κωνπταντιου
1639 788 1710 814 κατὰ
1724 788 1873 823 Βρετανίαν

1083 832 1190 866 γέγονε,
1214 832 1263 868 τὴν
1284 833 1441 865 Ἀλουῒωνος
1465 833 1700 870 καλουμένην.Ἐν
1756 835 1803 861 καὶ
1826 843 1871 861 νο-

1085 878 1182 905 σοῦντα
1197 879 1358 905 καταλαϐὼν
1375 879 1456 906 αὐτὸν
1476 880 1681 912 Κωνσταντίνος
1696 882 1710 907 ὸ
1726 882 1800 913 παῖς,
1821 889 1872 915 φυ-

242 931 304 961 post
320 926 418 953 vitatas
440 925 553 952 feliciter
575 924 734 952 Diocletiani
756 925 884 959 insidias,
905 934 967 953 cum
984 935 1027 961 pa-

1085 924 1137 958 γὼν
1154 924 1314 960 παραδόξως
1333 924 1382 960 τὴν
1402 925 1548 961 ἐπιϐουλὴν
1562 926 1763 961 Διοκλητιανοῦ,
1778 927 1871 954 τελευ-

242 978 311 1000 trem
329 976 502 1008 aegrotantem
527 972 689 1006 reperisset,
706 980 770 999 eum
787 972 863 999 brevi
883 978 945 1006 post
960 980 1033 1000 mor-

244 1024 320 1046 tuum
345 1019 492 1053 sepulturae
521 1018 679 1050 mandavit,
699 1026 731 1045 ac
753 1025 816 1045 mox
841 1018 948 1054 imperii
970 1026 1033 1046 suc-

244 1073 336 1093 cessor
353 1064 440 1092 factus
454 1069 505 1091 est.

277 1111 304 1138 6.
319 1110 492 1138 Constantino
505 1109 601 1145 Magno
616 1118 682 1136 cruat
690 1115 802 1137 ostensa.
812 1124 847 1131 —
855 1110 973 1138 Causam
983 1118 1033 1138 cur

242 1156 442 1184 Constantinus
459 1155 572 1191 Magnus
595 1163 611 1183 a
626 1156 767 1191 gentilium
784 1157 978 1192 superstitione
997 1157 1032 1185 ad

242 1202 424 1230 Christianam
455 1202 613 1236 religionem
643 1201 800 1235 transierit,
833 1200 1032 1238 Pliilostorgius

241 1249 354 1283 perinde
375 1256 407 1276 ac
426 1248 522 1283 reliqui
553 1255 649 1276 omnes
682 1248 719 1274 ait
738 1247 822 1276 fuisse
840 1249 981 1276 victoriam
999 1250 1032 1277 de

241 1294 387 1322 Maxentio.
397 1293 488 1329 lnqua
502 1294 591 1322 crucis
601 1294 709 1329 signum
722 1295 810 1321 visum
823 1299 866 1322 est
876 1296 903 1322 in
911 1294 1030 1327 Oriente,

241 1340 401 1375 longissime
434 1342 613 1374 protensum.
644 1339 704 1366 luce
731 1340 849 1374 quadam
877 1340 1030 1367 admirabili

241 1393 301 1412 eam
312 1385 471 1420 depingente
482 1404 489 1417 ,
506 1390 532 1412 et
553 1385 639 1412 stellis
665 1384 785 1419 undique
804 1386 876 1412 circa
895 1393 955 1412 eam
971 1393 1032 1413 cur-

242 1431 366 1459 rentibus
380 1432 465 1458 instar
489 1431 610 1458 cmlestis
635 1439 732 1462 arcus,
756 1435 783 1458 et
803 1431 955 1459 litterarum
975 1431 1031 1458 for-

242 1485 315 1505 mam
331 1477 558 1512 exprimenlibus.
575 1477 662 1512 Porro
678 1477 774 1504 littera:
794 1476 892 1505 Latino
903 1485 1031 1506 sermone

240 1522 298 1550 haec
314 1523 395 1549 verba
407 1523 585 1557 designabant
598 1531 605 1549 :
621 1522 652 1549 In
665 1523 713 1548 hoc
729 1522 809 1550 vince.

278 1569 303 1595 7.
316 1568 416 1596 Contra
428 1568 522 1595 Arium
538 1573 621 1603 gesta.
636 1582 671 1590 -η
687 1568 733 1595 Ait
749 1567 957 1603 l’liilostorgius,
967 1573 1031 1596 ante

1082 970 1172 996 τῶντα
1196 970 1336 1004 ἐκήδευσε,
1354 971 1402 997 καὶ
1424 971 1474 1005 τῆς
1500 971 1639 1006 βασιλείας
1654 973 1770 1008 κατέστη
1785 973 1872 1000 διάδο-

1083 1023 1140 1050 χος-

1119 1108 1156 1137 ςέ.
1178 1105 1239 1132 Ὀτι
1263 1106 1313 1141 τὴν
1337 1105 1384 1132 τοῦ
1401 1106 1519 1142 μεγάλου
1536 1108 1742 1135 Κωνσταντίνου
1756 1109 1872 1144 μεταϐα-

1083 1150 1130 1186 λὴν
1142 1152 1174 1177 ὲκ
1188 1151 1238 1186 τῆς
1261 1151 1410 1187 Ἑλληνίδος
1427 1152 1575 1189 θρησκείας
1591 1155 1632 1186 είς
1652 1155 1697 1182 τὸν
1714 1156 1873 1191 Χριστιανι-

1084 1195 1150 1231 σμὺν
1175 1197 1223 1223 καὶ
1244 1194 1321 1228 οὗτος
1342 1198 1398 1229 τοῖς
1412 1198 1503 1230 ἄλλοις
1517 1199 1554 1234 (5)
1569 1199 1763 1236 φθεγγόμενος.
1781 1203 1874 1229 αἰτίαν

1082 1241 1208 1275 γενέσθαι
1221 1241 1374 1277 ἀναγράφει
1388 1242 1436 1277 τὴν
1451 1243 1521 1270 κατὰ
1534 1244 1685 1276 Μαξεντίου
1703 1246 1791 1282 νίκην.
1802 1247 1872 1274 Καθ’

1082 1288 1115 1323 ῆν
1139 1288 1186 1315 καὶ
1207 1288 1239 1315 τὺ
1252 1288 1300 1314 τοῦ
1316 1288 1433 1324 σταυροῦ
1457 1291 1569 1324 σημεῖον
1588 1291 1659 1318 κατὰ
1675 1292 1807 1323 ἀνατολὰς
1825 1295 1872 1320 ἐπὶ

1084 1335 1215 1369 μήκιστον
1237 1334 1315 1370 ὤφθη
1337 1335 1440 1371 διῆκον,
1456 1336 1552 1370 αἴγλης
1567 1337 1648 1363 αὐτὸν
1668 1339 1874 1374 καταπληττού-

1083 1389 1132 1416 σης
1153 1380 1371 1416 διατυπουμένης
1389 1382 1438 1417 (6),
1464 1382 1510 1408 καὶ
1533 1383 1654 1419 ἀστέρων
1677 1385 1757 1412 αὐτὸν
1779 1386 1874 1421 κύκλῳ

1082 1427 1279 1462 περιθεόντων,
1305 1427 1387 1464 ἴριδος
1410 1428 1512 1463 τρόπῳ,
1539 1430 1585 1455 καὶ
1609 1430 1677 1464 πρὸς
1699 1433 1874 1467 γραμμάτων

1081 1472 1245 1508 χαρακτῆρα
1258 1472 1478 1508 ῥυθμιζομένων
1489 1474 1524 1500 τὰ
1534 1474 1562 1501 δὲ
1574 1474 1627 1510 ἄρα
1639 1476 1782 1511 Ῥωμαίων
1795 1477 1874 1510 ἔλεγε

1081 1519 1158 1552 φωνῇ
1171 1525 1177 1532 ·
1202 1518 1249 1543 Ἐν
1263 1518 1358 1550 τούτῳ
1377 1519 1456 1545 νίκα.

1118 1563 1150 1595 ζ’.
1172 1564 1234 1590 Ὅτι
1250 1565 1296 1591 καὶ
1311 1565 1364 1600 πρὸ
1375 1565 1425 1600 τῆς
1442 1566 1471 1591 ἐν
1482 1565 1584 1601 Νικαίᾳ
1601 1567 1720 1599 συνόδου,
1736 1564 1814 1600 οὗτος
1826 1568 1873 1595 τὸν

241 1615 374 1649 synodum
395 1613 543 1645 Nicaenam,
571 1613 754 1640 Alexandrum
777 1614 947 1642 Alexandria:
969 1615 1027 1648 epi-

1086 1610 1289 1645 Ἀλεξανδρείας
1311 1612 1392 1646 φησὶν
1417 1611 1589 1647 Ἀλέξανδρον
1611 1613 1798 1641 καταλαϐόντα
1819 1615 1873 1650 τὴν

241 1668 368 1695 scopum.
389 1668 451 1687 cum
476 1660 595 1687 venisset
614 1658 815 1692 Nicomediam,
833 1665 860 1687 et
876 1660 1029 1687 collocutus

241 1711 312 1734 esset
323 1715 386 1734 eum
407 1706 472 1733 Osio
491 1706 677 1738 Cordubensi,
699 1707 815 1742 aliisque
829 1707 966 1742 episcopis
982 1707 1029 1741 qui

242 1760 295 1778 una
309 1760 370 1779 cum
391 1752 437 1779 illo
452 1757 545 1784 erant,
561 1751 707 1784 perfecisse
728 1758 759 1779 ut
774 1752 895 1788 synodali
922 1757 1030 1779 senten-

243 1797 277 1823 tia
302 1796 401 1824 Filium
427 1796 500 1823 Patri
521 1795 781 1823 consubstantialem
796 1804 855 1824 esse
869 1797 1029 1832 prolitereu-

241 1847 296 1873 ιιιτ.
311 1848 338 1870 et
352 1843 445 1870 Arium
459 1850 474 1869 a
491 1843 681 1870 communione
694 1848 875 1871 removerent.

276 1889 302 1916 8.
329 1889 384 1916 Nec
406 1889 491 1916 multo
515 1893 575 1923 post
597 1893 789 1924 congregatam
811 1897 872 1917 esse
895 1889 1029 1925 synodum

241 1934 311 1968 apud
326 1933 461 1967 Nicaeam;
480 1935 524 1961 cui
542 1940 639 1969 praeter
654 1935 774 1974 reliquos
787 1935 925 1963 antistites
945 1935 1030 1964 Basi—

241 1980 299 2007 leus
325 1980 442 2006 Amasiaa
456 1980 617 2015 episcopus,
635 1986 662 2008 et
675 1980 798 2008 Meletius
818 1980 1029 2016 Sebastopoleos

241 2024 432 2052 interfuerunt.

275 2070 302 2098 9.
312 2069 425 2097 Fatetur
440 2071 522 2097 etiam
531 2070 733 2107 Philostorgius
741 2093 749 2105 ,
758 2076 872 2099 cunctos
882 2073 1027 2107 episcopos

240 2117 403 2152 expositioni
425 2117 485 2144 lidei
499 2125 561 2152 qua:
577 2116 673 2145 Nicaea:
689 2117 759 2145 facta
775 2122 831 2150 est,
842 2119 1026 2150 consensisse,

1079 1657 1273 1692 Νικομήδειαν,
1289 1658 1336 1683 καὶ
1351 1657 1431 1693 Ὀσίῳ
1444 1666 1473 1684 τε
1487 1658 1525 1693 τῷ
1539 1659 1711 1695 Κουδρούὸης
1725 1661 1874 1696 ἐντυχόντα

1080 1705 1127 1731 καὶ
1149 1705 1205 1735 τοῖς
1229 1704 1277 1730 σὺν
1303 1704 1377 1739 αύτῷ
1400 1705 1575 1736 ἐπισκόποις,
1597 1706 1749 1738 συνοδικαῖς
1770 1706 1873 1742 ψήφοις

1079 1750 1276 1785 ὰνομολογῆσαι
1289 1752 1498 1786 παρασκευάσαι
1515 1751 1655 1785 ὁμοούσιον
1667 1752 1707 1787 τῷ
1722 1753 1811 1787 Πατρὶ
1825 1753 1873 1779 τὸν

1081 1796 1154 1826 Υἱῦν.
1172 1796 1276 1822 καὶτὸν
1295 1797 1404 1832 ’Ἄρειον
1421 1796 1656 1832 ἀποκηρύξασθαι.

1116 1889 1150 1921 η’.
1172 1885 1238 1912 Μετ’
1252 1886 1282 1911 οὑ
1298 1885 1382 1912 πολὺν
1394 1885 1422 1912 δὲ
1436 1886 1531 1921 χρόνον
1546 1885 1593 1912 καὶ
1607 1886 1656 1921 τὴν
1668 1887 1697 1912 ἐν
1712 1887 1815 1922 Νικαίᾳ
1827 1896 1872 1913 συ-

1081 1932 1176 1967 στῆναι
1185 1932 1304 1965 σύνοδον,
1314 1929 1368 1968 ὲνῇ
1381 1932 1449 1967 μετά
1464 1932 1517 1958 τῶν
1530 1932 1617 1959 ἄλλων
1629 1934 1778 1969 ἀρχιερέων
1789 1933 1871 1965 Θεοῦ,

1080 1979 1126 2006 καὶ
1143 1980 1260 2006 Βασιλέα
1273 1980 1319 2006 τὸν
1341 1980 1489 2015 ’Λμασεὶας
1506 1980 1654 2007 ἐπίσκοπον
1670 1981 1708 2014 (7t
1730 1983 1870 2016 παρεῖναι,

1080 2026 1128 2052 καὶ
1144 2025 1274 2052 Μελέτιον
1290 2026 1336 2053 τὸν
1352 2026 1595 2058 Σεδαστουπόλεως
1611 2027 1660 2062 (8).

1116 2072 1147 2099 θ’.
1171 2073 1231 2098 ’Ότι
1250 2073 1298 2098 καὶ
1312 2073 1392 2104 αὐτὸς
1409 2073 1584 2108 συνομολογεῖ
1600 2074 1702 2106 πάντας
1714 2075 1871 2111 ὁμοφρονῆ-

1082 2127 1126 2144 σαι
1145 2117 1184 2152 τῷ
1195 2118 1224 2144 ὲν
1240 2118 1341 2154 Νικαίᾳ
1356 2119 1404 2154 τῆς
1421 2119 1538 2152 πίστεως
1554 2120 1619 2155 ὅρῳ,
1634 2120 1702 2156 πλὴν
1720 2121 1871 2149 Σεκούνδου

849 2203 970 2225 VALESII
991 2203 1114 2225 ANNOTA
1119 2203 1239 2225 TIONES.

241 2280 295 2298 νον,
314 2270 390 2297 Certe
404 2271 430 2297 in
445 2270 537 2297 codice
548 2269 717 2298 Sceriaccnsi
725 2271 861 2307 scriptum
873 2276 915 2298 est
930 2272 1023 2298 αὑτοῦ.

1085 2272 1250 2299 tcrihendum
1266 2272 1505 2307 καταπληκτικῶς.

240 2307 269 2332 In
285 2307 469 2340 manuscripto
482 2311 570 2332 autem
586 2306 732 2340 exemplari
745 2306 879 2334 Samuelis
897 2307 1021 2333 Boeharti

240 2341 368 2368 scribitur
385 2341 468 2376 αὐτῆς
483 2341 679 2376 ἐσωρευμένον,
692 2341 835 2369 manifesto
847 2349 915 2368 verae
929 2342 1020 2368 lectio-

240 2377 283 2402 nis
297 2376 418 2410 vestigio.
431 2375 515 2402 Porro
531 2375 572 2402 liis
584 2376 672 2402 verbis
689 2376 791 2403 indicat
809 2377 1021 2411 l‘ltilostorgius,

239 2411 312 2438 hunc
329 2411 512 2437 Alexandrum
529 2411 655 2437 habuisse
668 2411 694 2437 iu
708 2411 790 2438 dorso
804 2412 949 2446 quamdam
963 2420 1023 2438 car-

240 2447 282 2472 nis
307 2446 521 2477 exuberantiam,
548 2454 628 2480 quam
650 2446 753 2473 Gallico
779 2455 905 2473 sermone
930 2447 1022 2480 lupam

239 2488 379 2512 vocamus,
395 2489 427 2508 ex
454 2481 634 2515 quorumdam
660 2482 875 2515 perspicillorum
896 2482 1023 2509 similitu-

239 2516 311 2544 dine.
329 2524 390 2550 qua:
412 2517 494 2550 ﬁgura
523 2523 640 2543 convexa
669 2517 834 2543 fabricantur
853 2525 868 2543 e
890 2518 970 2547 vitro,
988 2518 1021 2544 ad

240 2551 291 2577 hoc
308 2556 337 2577 ut
359 2551 453 2578 littera:
467 2551 584 2584 majores
604 2555 630 2578 et
648 2552 828 2578 evndcntiores
850 2553 1022 2585 conspician-

240 2591 293 2611 tur.
310 2586 399 2622 Quare
424 2586 450 2612 iu
465 2587 517 2613 boc
538 2586 597 2614 loco
615 2587 721 2613 mallem
748 2587 867 2614 scribere
882 2587 951 2622 ὑπὲρ
968 2587 1021 2613 τῶν

240 2620 424 2655 μεταφρένων.

275 2655 312 2689 (5)
340 2656 394 2682 Καὶ
409 2655 496 2688 οὗτος
510 2655 570 2688 τοῖς
587 2655 702 2690 ἆλλρις.
719 2656 903 2690 Supplendum
920 2661 960 2683 est
974 2657 1021 2683 ad-

237 2691 359 2726 verbium
388 2691 438 2717 hoc
457 2692 537 2717 modo
561 2691 607 2717 καὶ
632 2688 707 2722 οὗτος
731 2688 830 2726 ὁμοίως
848 2694 904 2723 τοῖς
931 2691 1020 2723 ἄλλοις

239 2725 432 2760 φθεγγόμενος.
455 2726 588 2759 lutet-pres
608 2726 659 2752 hoc
684 2725 836 2753 loco'suam
854 2727 953 2753 Grtecze
969 2727 1021 2753 lin-

239 2768 298 2793 guae
325 2761 486 2794 imperitiam
513 2761 579 2787 satis
605 2761 731 2795 prodidit,
750 2766 806 2788 tum
831 2762 859 2789 in
886 2763 1018 2795 versione,

238 2799 296 2821 tum
314 2795 339 2821 in
355 2796 595 2822 Annotationibus.

274 2830 310 2864 (6)
326 2830 599 2863 Καταπληττούσης
617 2831 864 2865 διατυπουμένης.
875 2831 964 2865 inepta
978 2836 1021 2859 est

238 2864 333 2891 borum
351 2866 465 2892 duorum
489 2867 692 2900 participiorum
715 2864 882 2900 coniunctio.
905 2864 1020 2894 Proinde

237 2905 284 2927 aut
300 2901 375 2934 prius
391 2900 455 2927 illud
471 2901 642 2936 participium
663 2902 806 2930 delendum
824 2906 876 2935 est,
888 2907 934 2929 aut
945 2907 1018 2930 certe

1115 2307 1302 2345 (Ἰλιᾷασέλέα
1321 2307 1375 2334 τὸν
1391 2308 1548 2345 Ἄμιξσείᾳς
1573 2310 1751 2338 ἐπίσκοπον.
1779 2310 1872 2345 Hujus

1079 2343 1204 2379 meminit
1226 2343 1421 2370 Constantinus
1446 2343 1718 2379 Porpltyrogennetus
1745 2346 1772 2372 in
1796 2343 1873 2374 libro

1078 2379 1165 2411 primo
1182 2377 1217 2404 De
1241 2379 1409 2407 thematibus.
1430 2379 1516 2412 capite
1539 2377 1668 2411 secundo.
1686 2381 1727 2407 his
1749 2382 1841 2409 verbis
1861 2393 1870 2409 :

1076 2412 1202 2451 φαίδιμός
1218 2421 1246 2451 τε
1261 2413 1275 2438 ὁ
1297 2413 1453 2451 Ἀμασείπ,
1469 2414 1514 2440 καὶ
1527 2414 1656 2451 Βασιλεὺς
1672 2416 1686 2442 ὁ
1704 2416 1837 2451 ἀοίδιμος,
1854 2418 1874 2443 ὁ

1076 2448 1122 2473 ἐπὶ
1138 2448 1274 2485 ᾼικινίνου
1291 2449 1479 2485 μαρτυρῂσας,
1493 2454 1545 2476 etc.
1563 2449 1613 2476 Ulli
1626 2451 1759 2485 interpres
1777 2448 1876 2484 regem

1077 2483 1156 2520 vertit
1179 2483 1252 2520 gravi
1274 2491 1381 2520 errore;
1405 2483 1527 2520 Basilctts
1547 2486 1618 2511 cuitu
1638 2483 1770 2512 dicendus
1794 2483 1876 2520 erat,

1076 2517 1145 2555 sicut
1170 2519 1268 2555 dicitur
1292 2518 1318 2555 in
1345 2518 1475 2545 Chronico
1506 2519 1636 2547 Eusebii:
1665 2517 1879 2555 Pliilostorgiué

1075 2553 1184 2591 g_t_tidem
1212 2553 1284 2591 lianc
1301 2553 1437 2591 Basilcuiu
1463 2555 1620 2582 interfuisse
1641 2556 1736 2582 scribit
1758 2553 1880 2591 synodo

1074 2587 1198 2625 i‘iicamge.
1218 2587 1318 2625 Verum
1342 2589 1438 2622 reliqui
1460 2597 1554 2616 omnes
1578 2591 1652 2617 illum
1675 2587 1881 2625 persecutione

1074 2622 1342 2661 Liciniicxstinctuin
1357 2625 1607 2657 esseconsentiuut.
1620 2622 1736 2661 quorum
1754 2631 1882 2654 senten-

1075 2658 1119 2684 tia:
1137 2658 1222 2684 libens
1239 2657 1348 2685 accedo.

1110 2692 1147 2726 (8)
1165 2692 1218 2719 Kal
1238 2694 1382 2719 Μελέτιον
1396 2693 1450 2720 τὸν
1465 2695 1741 2728 Σεϐαστουπόλεως.
1759 2695 1797 2723 De
1812 2696 1886 2726 hoc

1073 2726 1181 2754 Mcletio
1197 2728 1256 2754 vide
1270 2736 1329 2762 qua:
1346 2729 1434 2755 notavi
1448 2731 1479 2756 ad
1495 2731 1592 2756 librum
1606 2739 1642 2757 vti
1667 2726 1886 2760 Ecciesiasticae

1073 2762 1190 2800 {tistoriw
1204 2762 1318 2800 Eusebii
1328 2763 1459 2797 Pamphili
1478 2773 1537 2798 cap.
1555 2767 1588 2792 5-2
1604 2775 1610 2793 :
1628 2767 1761 2800 interpres
1787 2766 1882 2794 enim

1074 2797 1257 2834 Pliilostorgii.
1274 2798 1335 2832 quis
1348 2804 1418 2834 esset
1433 2800 1476 2826 liie
1491 2797 1612 2828 Meletius
1626 2797 1769 2834 ignoravit,
1784 2809 1884 2828 eum—

1073 2840 1125 2871 que
1144 2841 1205 2871 cum
1223 2833 1329 2871 Meletio
1345 2833 1495 2871 Sebasteno
1510 2837 1555 2871 qui
1578 2833 1671 2871 postea
1689 2836 1886 2865 Antiochen—

1073 2867 1111 2894 sis
1126 2868 1269 2903 episcopus
1281 2867 1343 2903 fuit,
1357 2868 1490 2898 confudit.
