1978 3075
118 169 173 199 4’55

636 167 918 197 ECCLESIASTICAS
939 167 1114 196 HISTORUE
1135 168 1198 196 LIB.
1220 169 1253 197 Il.

1695 172 1747 199 4116

110 227 157 254 τοῦ
183 226 375 261 Πτολεμαΐδος.
391 226 413 260 ᾧ
437 228 485 253 καὶ
511 227 586 254 Θέων
607 229 621 254 ὸ
645 228 694 263 τῆς
713 228 896 264 Μαρμαρικῆς

952 229 1062 260 excepto
1085 225 1210 253 Secundo
1219 226 1395 255 Ptolemaidis
1403 227 1624 262 episcopo,quem
1635 232 1748 256 secutus

110 271 303 306 ἠκολούθησεν.
316 272 352 298 Τὸ
365 271 392 298 δὲ
411 271 475 298 ἄλλο
494 273 587 305 στῖφος
605 271 659 298 τῶν
680 271 823 307 Ἀρειανῶν
850 271 900 306 εφ-

111 317 197 352 όρων,
217 317 346 348 Εὐσέϐιός
365 326 411 349 τε,
432 318 517 353 φημὶ,
535 319 549 344 ὁ
565 318 764 353 Νικομηδείας,
779 317 809 343 ὃν
823 314 900 349 οὗτος

109 362 256 395 ἀποθεάζει
273 363 371 398 μέγαν,
387 364 434 390 καὶ
451 364 563 397 Θέογνις
574 365 588 389 ὁ
605 364 732 395 Νικαίας,
751 364 797 390 καὶ
808 364 899 398 Μάρις

110 411 124 436 ὀ
139 409 320 444 Καλχηδόνος,
336 410 384 435 καὶ
399 410 416 444 ἠ
431 409 499 444 ἄλλη
513 410 631 444 φάλαγξ,
645 409 713 445 πρὸς
724 410 773 444 τὴν
791 409 900 436 σύνοδον

111 454 276 489 μετετάξατο
285 464 291 469 ⁸
306 455 373 490 δόλῳ
390 455 447 490 μὲν,
460 456 506 481 καὶ
520 452 597 487 οὗτός
609 463 686 490 φησι,
702 455 749 481 καὶ
760 455 790 482 τὸ
801 454 899 490 ὀμοού-

111 508 168 526 σιον
186 500 224 535 (α)
248 501 276 527 ὲν
291 502 324 536 τῇ
342 500 389 527 τοῦ
411 501 555 536 ὸμοουσίου
577 502 652 536 φωνῇ
677 501 877 535 ὑποκλέψαντες
890 509 896 515 ·

109 546 180 581 πλήν
193 555 224 579 γε
239 548 403 582 συμφρονεῖν
421 548 478 578 τοῖς
491 547 638 578 συνοδικοῖς
645 547 817 582 ψηφίσμασιν
834 547 900 574 ἀνα-

108 592 268 627 δεξάμενοι,
302 593 512 624 Κωνσταντίνας
539 594 590 628 τῆς
618 593 665 620 τοῦ
692 594 897 620 Κωνσταντίνου

110 639 243 673 βασιλέως
255 639 372 674 ἀδελφῆς
389 641 609 675 εἰσηγησαμένης
623 641 715 672 αὐτοῖς
728 640 777 676 τὴν
786 641 826 672 εἰς
838 640 898 667 τοῦ-

109 692 139 711 το
153 684 324 720 παραίνεσιν.

143 777 170 800 ι’.
190 773 271 807 Λέγει
292 773 320 800 δὲ
335 773 383 800 καὶ
398 773 542 800 Σεκοῦνδον
559 774 787 810 ὑπεροριζόμενον
811 775 897 802 εἰπεῖν

109 820 178 855 πρὸς
195 820 335 846 Εὑσέϐιον-
353 820 476 851 Εὑσέϐιε,
500 821 672 856 ὑπέγραψας,
694 821 737 847 ἵνα
755 821 791 856 μὴ
810 821 898 857 ἐξορι-

108 863 186 898 σθῇς.
205 864 329 890 Πιστεύω
343 864 382 900 τῷ
394 864 463 900 Θεῷ,
479 865 512 891 δι’
527 866 651 892 ἐνιαυτοῦ
674 874 703 892 σε
727 866 767 893 δεῖ
781 867 896 902 ἀχθήσε-

109 909 170 936 σθαι
195 910 378 945 ἀπαγόμενον.
399 911 453 937 Καὶ
474 911 614 945 γεγονέναι
640 912 680 947 τῷ
707 912 829 948 Εὐσεσίῳ
852 912 897 939 τὸν

107 953 320 991 ἐξοστρακισμὸν
345 956 413 991 μετὰ
432 957 519 992 μῆνας
543 958 597 984 ἀπὸ
617 958 666 993 τῆς
687 959 797 985 συνόδου
811 961 896 995 τρεῖς,

108 1001 180 1028 καθὰ
201 1002 247 1028 καὶ
269 1002 414 1034 Σεκοῦνδος
436 1005 561 1038 προεῖπε,
582 1006 650 1040 πρὸς
671 1005 721 1040 τὴν
746 1006 813 1032 ιδίαν
828 1005 897 1032 κατὰ

107 1047 137 1073 τὸ
158 1047 296 1083 προφανὲς
310 1049 438 1076 ἀσέὸειαν
451 1049 686 1086 ἁνα[σ]τρέψαντι.

244 1149 292 1175 ΕΚ
308 1149 377 1175 ΤΗΣ
395 1150 572 1176 ΔΕΥΤΕΡΑΣ
591 1151 757 1179 ΙΣΤυΡῙΑΣ.

143 1209 179 1233 α’.
188 1206 250 1232 "Ott
261 1207 275 1232 ὁ
288 1206 450 1241 φιλοψευδὴς
461 1203 538 1238 οὗτος
550 1208 763 1243 Κακοστόργιος,
773 1208 841 1243 μετὰ
848 1209 897 1244 τὴν

105 1252 299 1287 οἰκουμενικὴν
316 1252 433 1283 σύνοδον,
450 1253 497 1279 καὶ
513 1253 561 1288 τὴν
575 1254 606 1279 ὲκ
622 1254 754 1289 προδήλου
764 1254 818 1281 τῶν
833 1256 898 1291 περὶ

105 1296 152 1323 τὸν
170 1296 298 1323 Εὑσὲϐιον
313 1297 381 1332 πρὸς
394 1297 442 1333 τὴν
459 1298 600 1324 εὐσέϐειαν
612 1298 649 1333 (9)
666 1299 838 1334 παλινῳδίαν,
852 1300 897 1327 τὸν

107 1342 222 1378 βασιλέα
245 1344 312 1378 φησὶ
327 1344 531 1370 Κωνσταντῖνον
545 1345 655 1376 τούτους
673 1345 722 1380 μὲν
738 1346 815 1381 δίκην
838 1348 896 1372 εἱσι

106 1389 282 1424 πράξασθαι,
306 1390 364 1416 ἀνθ’
385 1387 422 1416 ὦν
446 1390 513 1416 ἄλλα
534 1390 696 1426 φρονοῦντες
710 1391 749 1427 τῷ
762 1392 897 1429 ὁμοουσίῳ

105 1435 335 1471 ὑπεσημήναντο’
355 1437 418 1468 τοὺς
433 1436 460 1462 δὲ
479 1437 542 1473 περὶ
564 1437 706 1464 Σεκοῦνδον
729 1439 897 1466 ἀνακαλέσα-

102 1480 166 1507 σθαι
179 1489 188 1496 ο
217 1482 263 1507 καὶ
287 1482 439 1517 γράμματα
458 1482 596 1518 πανταχοῦ
612 1483 778 1518 διαπέμψαι,
797 1485 827 1511 τὸ
847 1485 896 1520 μὲν

101 1527 249 1562 ὀμοούσιον
261 1528 432 1564 διασύροντα,
449 1529 614 1565 κρατύνοντα
632 1530 659 1555 δὲ
673 1530 704 1555 τὸ
719 1531 894 1566 ἑτεροούσιον.

101 1571 149 1606 Οἷς
163 1574 312 1610 γράμμασι
322 1575 420 1602 καὶτὸν
432 1576 605 1611 Ἀλέξανδρον
619 1576 821 1611 Ἀλεξανδρείας
830 1579 897 1604 ὑπο·
910 1586 933 1615 C

100 1619 221 1655 γράψαι,
237 1620 284 1646 καὶ
296 1619 341 1646 διὰ
351 1619 429 1646 τοῦτο
445 1620 580 1647 συνελθεῖν
591 1620 672 1647 αὐτὸν
688 1621 742 1655 (10)
766 1622 813 1648 καὶ
835 1623 897 1654 τοὺς

101 1665 169 1700 περὶ
187 1665 300 1700 Ἀρειον
312 1673 318 1679 ·
335 1665 382 1691 τοῦ
397 1665 425 1691 δὲ
443 1666 474 1691 ἐκ
493 1666 625 1701 βασιλέως
639 1667 829 1702 ὴρεμήσαντος
850 1668 897 1702 φό-

100 1711 162 1743 ϐου,
180 1712 229 1738 τὸν
248 1712 296 1746 μὲν
320 1712 493 1747 Ἀλέξανδρον
516 1713 561 1739 ἐπὶ
586 1714 635 1748 τὴν
661 1714 764 1740 οἰκείαν
781 1715 898 1749 ἀναδρα-

100 1758 165 1793 μεῖν
180 1757 306 1793 γνώμην.
323 1758 374 1784 Τὸν
387 1759 414 1785 δὲ
428 1760 536 1794 Ἀρειον
552 1760 632 1786 πάλιν
647 1760 730 1787 αὑτοῦ
741 1769 770 1787 τε
787 1761 833 1787 καὶ
848 1762 897 1797 τῆς

106 1803 276 1838 Ἐκκλησίας
291 1806 339 1831 σὺν
357 1806 411 1836 τοῖς
429 1806 578 1842 ὁμόφροσιν
593 1807 754 1842 ἀποστῆναι.

135 1936 169 1971 β’.
187 1936 252 1963 Ὅτι
265 1936 311 1962 τὸν
321 1937 430 1972 Ἀρειον
444 1938 657 1973 ἀποπηδήσαντα
672 1940 721 1974 τῆς
736 1940 898 1975 Ἐκκλησίας

97 1983 168 2017 φησὶ
185 1982 300 2018 ᾅσματά
314 1991 343 2008 τε
356 1983 472 2009 ναυτικὰ
489 1984 534 2010 καὶ
558 1985 691 2020 ἐπιμύλια
709 1987 745 2020 (h)
764 1987 810 2012 καὶ
828 1987 897 2014 ὁδοι-

95 2028 205 2063 πορικὰ
235 2029 349 2064 γράψαι,
371 2030 418 2056 καὶ
444 2028 546 2056 τοιαῦθ’
569 2030 651 2066 ἕτερα
670 2031 838 2063 συντιθέντα,
858 2034 898 2065 εἰς

97 2074 240 2110 μελῳδίας
258 2075 385 2105 ἐντεῖναι,
403 2075 436 2106 ἃς
462 2075 587 2110 ἐνόμιζεν
611 2077 737 2109 ἑκάστοις
755 2078 896 2113 ἁρμόζειν,

94 2120 140 2147 διὰ
165 2120 221 2155 τῆς
238 2121 267 2146 ὲν
283 2121 343 2151 ταῖς
368 2120 510 2155 μελῳδίαις
535 2121 631 2157 ἡδονῆς
653 2122 810 2149 ἐκκλέπτων
830 2124 898 2159 πρὸς

94 2167 146 2202 τὴν
173 2167 282 2193 οἰκείαν
310 2166 435 2193 ἀσέϐειαν
460 2168 524 2198 τοὺς
547 2168 750 2204 ἀμαθεστέρους
771 2169 825 2196 τῶν
849 2172 896 2197 ἀν-

94 2213 232 2249 θρώπων.

951 276 993 300 est
1011 271 1104 299 Theon
1118 272 1260 306 episcopus
1270 272 1448 300 Marmaricae.
1465 272 1581 307 Reliqua
1595 277 1686 300 autem
1700 282 1748 300 ca-

950 322 1024 344 terva
1037 317 1200 345 Arianorum
1209 317 1372 349 antistitum,
1381 317 1524 350 Eusebius,
1532 318 1642 352 inquam
1649 337 1656 350 ,
1665 317 1748 344 Nico-

951 364 1116 395 mediensis,
1145 371 1226 399 quem
1247 363 1445 399 Philostorgius
1463 363 1588 399 Magnum
1605 364 1747 399 cognomi-

950 414 1011 440 nat,
1035 408 1171 444 Theognis
1194 408 1336 441 Nictcnus,
1358 413 1386 436 et
1406 409 1488 436 Maris
1511 408 1743 436 Chalcedonensis

949 456 1110 490 episcopus,
1131 460 1157 482 et
1168 456 1257 482 caueri
1269 463 1375 487 omnes,
1393 455 1556 482 sententiam
1570 455 1666 490 synodi
1687 462 1746 481 am-

950 501 1021 536 plcti
1041 507 1127 528 snut:
1146 501 1241 528 dolose
1259 501 1368 534 quidem
1389 508 1421 527 ac
1435 499 1631 532 fraudulenter,
1655 505 1684 526 ut
1703 505 1743 527 te-

950 551 1039 574 statur
1052 547 1135 573 etiam
1152 546 1334 580 Pilostorgius
1345 566 1352 578 ,
1369 553 1431 573 cum
1451 546 1502 573 sub
1516 553 1583 572 voce
1603 545 1741 572 homousii

949 592 980 618 τὸ
994 592 1147 627 ὁμοιοὺσιον
1162 591 1259 618 callide
1274 592 1452 619 occultarent.
1470 591 1522 618 Sed
1537 595 1625 618 tamen
1643 591 1741 626 synodi

949 637 1067 665 decretis
1083 637 1240 664 consentire
1254 644 1309 664 non
1332 641 1511 670 recusarunt,
1528 644 1589 664 cum
1604 636 1741 664 Constan-

949 683 1004 710 tina
1023 691 1101 710 soror
1126 683 1300 718 imperatoris
1326 683 1500 710 Constantini
1523 684 1575 711 hoc
1598 683 1743 710 consilium

948 728 989 755 eis
999 727 1190 763 suggessisset.

980 774 1111 801 lO.Addit
1119 773 1500 808 Pbilostorgius,Secundum,
1509 781 1570 801 cum
1581 773 1608 800 in
1617 773 1744 801 exsilium

946 820 1174 854 prolicisceretur,
1181 819 1297 847 Eusebio
1304 819 1405 847 dixisse
1415 829 1420 846 :
1431 818 1540 852 Eusebi,
1548 819 1742 854 subscripsisti.

948 873 982 892 ue
995 866 1021 892 in
1032 865 1159 893 exsilium
1169 865 1323 893 mittereris.
1338 865 1393 900 Ego
1410 873 1474 892 vero
1485 865 1538 892 Deo
1549 865 1574 892 id
1588 865 1653 892 mihi
1666 873 1743 892 reve—

911 906 933 933 Β
948 911 1013 937 lauti
1026 911 1149 942 ccutido,
1162 916 1187 938 te
1203 911 1273 937 intra
1292 918 1394 937 annum
1409 910 1436 937 in
1447 910 1572 937 exsilium
1596 910 1742 937 abductum

951 956 1071 985 iri.Sane
1079 957 1215 985 Eusebius
1223 958 1310 984 tribus
1320 956 1459 984 mensibus
1473 957 1672 992 postsynodum
1693 965 1742 984 ex-

951 1003 1018 1029 actis
1035 1003 1170 1037 relegatus
1191 1007 1242 1034 est,
1253 1003 1482 1037 quemadmodum
1508 1002 1652 1030 Secundus
1676 1011 1743 1037 prae-

950 1038 1071 1082 dixerat,
1087 1057 1149 1076 cum
1175 1049 1208 1076 ad
1232 1049 1375 1084 pristinam
1401 1049 1566 1083 impietatem
1585 1049 1674 1084 palam
1698 1057 1748 1076 re-

950 1103 1046 1123 VCI‘SllS
1057 1101 1139 1123 esset.

1164 1151 1209 1178 ex
1231 1150 1334 1178 Lmno
1358 1138 1528 1177 securum.

988 1207 1011 1233 l.
1031 1206 1220 1234 Constantinus
1233 1216 1280 1234 cui:
1297 1207 1402 1234 Arionis
1418 1207 1586 1241 iufeusus.—
1601 1207 1646 1233 Ait
1662 1213 1740 1233 tuen-

950 1252 1115 1280 dacissimus
1136 1253 1346 1288 Philostorgius,
1373 1258 1435 1288 post
1450 1253 1632 1279 universalem
1661 1260 1742 1288 syno-

950 1299 1014 1326 dum
1042 1304 1069 1326 et
1092 1305 1153 1333 post
1178 1299 1395 1327 Eusebiauorum
1422 1299 1588 1334 palinodiam
1608 1299 1742 1327 adversus

950 1346 1107 1380 religionem
1119 1367 1126 1379 ,
1139 1346 1329 1380 imperatorem
1344 1345 1555 1373 Constantinum
1571 1352 1618 1372 eos
1632 1345 1740 1380 quidem

950 1398 1030 1425 paena
1053 1390 1196 1423 all'ecissc,
1225 1395 1368 1426 propterea
1391 1390 1464 1426 quod
1489 1397 1552 1417 cum
1581 1390 1661 1416 aliter
1679 1396 1742 1416 sen-

951 1437 1047 1468 tirent,
1068 1437 1213 1464 homousio
1235 1437 1414 1464 nihilominus
1435 1436 1676 1470 subscripserant;
1693 1435 1742 1462 Se-

950 1483 1069 1510 cundum
1077 1491 1143 1510 vero
1151 1491 1211 1510 cum
1224 1483 1306 1510 sociis
1316 1483 1349 1509 ab
1358 1482 1454 1509 exsilio
1464 1489 1624 1514 revocasse;
1637 1481 1741 1508 litteras

950 1529 1031 1555 eliatn
1048 1537 1269 1564 quaquaversum
1289 1528 1417 1559 misisse,
1435 1528 1536 1562 quibus
1556 1527 1724 1554 consubstau

951 1574 1022 1601 tiak’s
1042 1574 1150 1609 quidem
1180 1581 1274 1602 vocem
1297 1573 1477 1608 explodebat.
1495 1571 1636 1599 dissimilis
1651 1575 1740 1598 autem

949 1620 1110 1647 substantia:
1118 1621 1197 1647 iidem
1207 1620 1395 1647 conﬁrmabat.
1405 1619 1510 1653 Quibus
1519 1618 1742 1646 litterisAlexau-

948 1667 1027 1693 drum
1039 1674 1149 1701 quoque
1165 1666 1324 1701 episcopum
1352 1666 1525 1693 Alexandria:
1543 1664 1741 1699 subscripsisse

948 1712 1030 1744 dicit,
1047 1716 1074 1738 et
1095 1712 1130 1738 ob
1146 1712 1217 1739 hanc
1235 1719 1346 1739 causam
1364 1713 1460 1738 Arium
1479 1711 1560 1738 etiam
1576 1711 1600 1737 ei
1616 1718 1741 1738 commu-

947 1757 1074 1790 nicasse;
1096 1757 1144 1784 sed
1164 1765 1227 1784 cum
1251 1762 1341 1784 metus
1364 1758 1398 1784 ab
1421 1757 1588 1791 imperatore
1611 1756 1740 1791 deinceps

947 1807 1078 1834 cessaret,
1099 1803 1254 1830 Alexander
1268 1803 1376 1838 quidem
1392 1802 1426 1829 ad
1445 1803 1562 1836 priorem
1578 1803 1739 1830 sententiam

948 1849 1040 1875 rediit.
1058 1848 1140 1875 Arius
1157 1857 1220 1876 vero
1240 1857 1294 1876 una
1308 1857 1370 1876 cum
1393 1849 1516 1883 ejusdem
1539 1848 1677 1882 opinionis
1694 1857 1739 1875 as-

947 1895 1098 1921 sertorilms
1126 1895 1160 1921 ab
1174 1895 1330 1922 Alexandro
1345 1899 1371 1921 ct
1388 1895 1422 1922 al)
1441 1895 1561 1921 Ecclesia
1579 1894 1703 1921 secessit.

983 1941 1010 1968 2.
1028 1942 1086 1968 Arii
1107 1942 1222 1969 cantica.
1238 1956 1272 1961 -——
1292 1941 1336 1968 Ait
1356 1941 1468 1973 Arium,
1488 1948 1549 1967 cum
1566 1940 1601 1967 ab
1619 1939 1740 1967 Ecclesia

948 1989 1118 2019 recessisset,
1135 1988 1242 2015 cantica
1258 1989 1368 2014 nautica
1384 1992 1411 2014 et
1424 1986 1622 2013 molendinaria
1637 1993 1669 2012 ac
1683 1986 1740 2011 viu-

948 2033 1018 2060 toria
1035 2033 1245 2068 conscripsisse,
1265 2033 1373 2068 aliaque
1387 2033 1522 2068 ejusmodi
1540 2032 1740 2066 composuisse,

948 2087 1009 2114 quae
1025 2080 1107 2107 certis
1122 2079 1356 2107 modulationibus
1372 2080 1484 2113 aptavit,
1499 2083 1580 2113 prout
1593 2078 1741 2111 unicuique

948 2126 1056 2152 cantico
1071 2126 1219 2152 convenire
1231 2126 1420 2157 existimabat;
1436 2129 1518 2160 atque
1535 2125 1571 2151 ita
1586 2124 1740 2159 imperitio-

949 2179 1009 2197 rum
1026 2171 1133 2198 animos
1149 2172 1283 2198 suavitate
1302 2177 1400 2199 cantus
1417 2172 1450 2198 ad
1473 2172 1639 2207 impietatem
1661 2178 1739 2198 suam

949 2218 1052 2244 sensim
1069 2217 1228 2245 abduxisse.

132 2262 170 2294 γ’.
192 2259 258 2285 ⁶¹Οτι
279 2259 325 2286 τὸν
347 2260 455 2295 Ἀρειον
470 2261 499 2286 εν
516 2260 554 2295 τῷ
578 2260 723 2295 θεομαχεῖν
743 2261 798 2296 (Η)
825 2261 895 2288 κατὰ

983 2264 1010 2290 5.
1026 2264 1084 2290 Arii
1097 2264 1231 2291 doctrina.
1247 2279 1282 2284 ——
1303 2264 1359 2290 Etsi
1378 2264 1472 2290 Arium
1492 2263 1593 2290 divinis
1611 2262 1739 2289 laudibus

723 2335 841 2357 VALESII
861 2337 1113 2361 ANNOTATIONES.

130 2386 173 2423 (9)
188 2386 273 2423 Πρὸς
287 2386 344 2420 τὴν
357 2388 524 2415 εὐσέϐειαν.
542 2388 652 2416 Rectius
667 2388 693 2414 in
705 2390 892 2423 manuscripto

92 2421 195 2450 codice
219 2421 359 2458 Samuelis
383 2423 509 2450 Bocharti
535 2424 666 2458 scriptum
688 2428 730 2450 est
751 2421 891 2451 ἀσέϐειαν.

92 2457 319 2485 Euschiuscnim
333 2456 558 2491 Nicomediensis,
569 2456 629 2486 cum
641 2458 766 2485 formulae
777 2459 892 2486 Nicaeum

93 2493 158 2520 ﬁdei
180 2493 304 2527 primum
322 2494 529 2528 subscripsissrt
541 2514 548 2525 ,
566 2494 726 2528 paulopost
742 2494 776 2520 ad
801 2495 893 2528 pristi-

92 2537 159 2556 nam
174 2528 346 2562 impietatem
359 2528 449 2559 rediit,
463 2534 490 2556 ut
504 2527 636 2556 testantur
650 2527 789 2562 Socrates,
801 2527 893 2557 Βοῖο-

91 2571 197 2591 menus
214 2570 250 2589 ac
267 2562 460 2590 Theodoritus.

129 2598 191 2634 (10)
205 2598 505 2636 ΔΣωρελζῑνεῖν.αὐτοῦ.
539 2599 567 2636 ln
591 2600 778 2636 manuscripto
799 2601 893 2628 codice

92 2632 242 2661 Samuelis
267 2632 394 2660 Bocharti
419 2634 452 2660 ad
476 2635 628 2668 marginem
650 2632 825 2663 emendatum
852 2641 894 2663 est

91 2669 188 2704 αὐτῷ,
216 2668 294 2703 quod
318 2668 428 2703 quidem
452 2670 537 2704 magis
554 2671 650 2704 probo.
679 2671 716 2699 De
739 2672 790 2698 hac
812 2679 894 2706 porro

944 2393 1105 2419 narratione
1124 2392 1195 2419 idem
1214 2392 1302 2418 sentio
1320 2392 1390 2425 quod
1409 2391 1522 2418 Pholius
1534 2413 1540 2423 ,
1560 2399 1635 2418 mera
1660 2399 1739 2418 men-

944 2427 1022 2453 dacia
1038 2428 1094 2454 haec
1109 2434 1170 2462 esse
1187 2428 1221 2453 al)
1242 2427 1391 2462 impudenti
1412 2427 1522 2453 homine
1537 2428 1665 2453 conﬁcta.

981 2462 1036 2496 (li)
1058 2463 1108 2488 Ἐν
1121 2461 1160 2494 τῷ
1175 2462 1343 2496 θεομαχεῖν.
1362 2461 1459 2488 Totum
1478 2462 1529 2488 hoc
1545 2467 1627 2495 caput
1645 2462 1738 2496 prodi-

944 2497 1028 2531 giosis
1053 2498 1194 2524 errOribus
1224 2498 1364 2527 scatebat.
1390 2505 1442 2523 non
1467 2502 1520 2524 tam
1538 2497 1605 2524 vitio
1633 2497 1738 2524 codicis

945 2533 1122 2565 nmnuscripti
1132 2540 1186 2567 quo
1199 2540 1265 2559 usus
1277 2538 1318 2559 est
1329 2532 1525 2563 Gothofredus,
1536 2541 1617 2566 quam
1629 2533 1664 2558 ob
1676 2533 1736 2565 ejus

944 2567 1108 2602 imperitiam
1131 2568 1155 2594 iu
1179 2568 1299 2601 legendis
1318 2567 1419 2594 Graecis
1441 2568 1653 2600 exemplaribus.
1678 2567 1734 2601 Ego

946 2609 997 2636 ope
1018 2610 1084 2629 mss.
1102 2603 1238 2635 codicum,
1255 2603 1439 2629 Scoriacensis
1455 2603 1561 2629 scilicet
1576 2608 1603 2629 et
1620 2602 1736 2630 Bochar-

946 2638 1022 2669 tiaui,
1039 2646 1147 2665 errores
1163 2638 1225 2665 illos
1242 2638 1392 2665 emendari.

837 2741 1011 2764 VARIORUM-

127 2796 169 2829 (α)
187 2793 229 2830 Td
257 2793 432 2830 6Mt0ﬂ0_tw
456 2793 505 2828 (ita
529 2795 601 2821 enim
626 2794 781 2830 legendum)
798 2796 833 2822 ἐν
855 2795 894 2828 τῷ

88 2827 257 2866 όμοουσίῳ
271 2827 720 2866 ρπρκλέψανΐες.-Ᾱ(Ιγίιυὶυέιοίιὶ
734 2827 895 2865 explicatio-

91 2862 155 2893 n'em
170 2863 295 2892 consule
309 2862 499 2901 Fragmentum
515 2862 689 2901 Philostorgii
703 2874 734 2893 ex
747 2862 840 2894 Niceta
851 2868 896 2895 dc-

90 2905 254 2936 sumptum,
271 2903 298 2925 et
312 2898 383 2926 infra
397 2899 518 2926 citatum.

986 2797 1022 2832 (b)
1048 2797 1216 2830 Ἐπιμύλιιι.
1235 2795 1345 2832 cantica
1360 2796 1527 2832 inrpistrinis
1543 2797 1613 2824 inter
1631 2798 1709 2825 mole:
1724 2813 1735 2817 -

949 2831 1017 2860 dum
1031 2832 1135 2859 cantari
1151 2832 1241 2859 solita.
1265 2831 1372 2858 Nullam
1391 2831 1435 2858 hic
1450 2831 1551 2859 Thalia:
1571 2833 1697 2860 mention.
1709 2843 1734 2859 ιη

950 2867 1015 2894 facit
1026 2867 1222 2901 Philostorgius
1237 2875 1269 2894 :a
1280 2875 1333 2902 qua
1345 2871 1373 2894 et
1385 2867 1550 2894 Athanasius
1562 2868 1618 2894 haec
1627 2870 1733 2895 cantica

950 2903 1102 2937 distinguit,
1117 2903 1143 2929 in
1159 2903 1227 2930 lrbzo
1241 2902 1280 2930 De
1290 2901 1373 2929 'lv‘idei
1390 2901 1508 2930 Nicwnw
1522 2903 1642 2931 decretis.
