1978 3075
135 169 188 197 460

138 226 177 261 τῷ
198 225 324 261 βασιλεῖ),
345 226 397 252 ὑπὸ
417 225 548 251 Εὑσεΰίου
563 225 610 251 καὶ
633 225 686 250 τῶν
711 226 759 252 σὺν
775 226 849 261 αὐτῷ
869 227 929 252 ἐπι-

137 273 246 299 σκόπων
270 273 463 306 χειροτονεῖται
479 271 532 298 τῶν
544 272 573 297 ὲν
600 273 633 306 τῇ
660 271 757 306 Γετικῇ
773 272 930 307 Χριστιανι-

137 318 248 350 ζόντων,
261 318 308 344 καὶ
321 317 354 343 τά
366 326 395 343 τε
410 317 478 343 ἄλλα
495 316 584 343 αὐτῶν
598 317 766 351 ἐπεμελεῖτο,
779 318 826 344 καὶ
842 326 931 352 γραμ-

140 366 233 400 μάτων
243 365 334 395 αὐτοῖς
344 365 454 391 οἰκείων
468 364 581 399 εὑρετὴς
595 364 746 395 καταστὰς,
761 364 930 399 μετέφρασεν

137 412 178 442 εἰς
193 410 243 445 τὴν
265 410 355 436 αὐτῶν
373 410 465 445 φωνὴν
479 411 529 442 τὰς
546 409 657 446 Γραφὰς
676 410 796 441 ἁπάσας,
814 410 883 444 πλὴν
899 418 930 443 γε

137 456 170 491 δὴ
189 456 243 482 τῶν
265 456 424 488 Βασιλειῶν,
449 456 497 483 ἆτε
517 456 572 482 τῶν
591 455 640 490 μὲν
657 455 782 490 πολέμων
812 456 931 491 ἱστορίαν

139 501 268 536 ἐχουσῶν,
283 501 330 528 τοῦ
347 501 375 527 δὲ
392 501 486 532 ἔθνους
505 502 580 532 ὄντος
592 500 785 535 φιλοπολέμου,
808 501 856 527 καὶ
872 501 931 527 δεο-

141 549 221 584 μένου
244 548 343 583 μᾶλλον
372 548 479 582 χαλινοῦ
499 548 550 582 τῆς
579 548 625 573 ἐπὶ
648 547 696 579 τὰς
714 547 803 582 μάχας
826 548 930 582 ὁρμῆς,

139 591 198 618 ἀλλ’
213 592 273 626 οὐχὶ
283 592 329 618 τοῦ
347 593 415 627 πρὸς
430 592 516 618 ταῦτα
531 591 736 626 παροξύνοντος.
749 592 839 626 Ὅπερ
855 592 932 626 ἰσχὺν

139 637 196 671 ἔχει
210 638 295 664 ταῦτα
312 640 410 669 ποιεῖν,
427 638 564 672 σεϐάσμιά
579 647 608 664 τε
625 638 741 673 μάλιστα
755 638 930 673 νομιζόμενα,

139 683 186 709 καὶ
201 683 269 718 πρὸς
285 683 335 718 τὴν
354 684 400 710 τοῦ
416 684 494 710 Θείου
513 683 661 719 θεραπείαν
677 683 740 714 τοὺς
755 683 931 718 πειθομένους

140 729 389 763 καταρυθμίζοντα.
410 729 547 764 Ίδρύσατο
570 729 592 755 δ¹
615 731 629 756 ὁ
647 729 773 764 βασιλεὺς
787 729 833 755 τὸν
853 730 932 756 αὑτό-

142 774 223 809 μολον
246 775 339 801 τοῦτον
358 776 422 802 λαὸν
442 776 506 811 περὶ
525 777 559 802 τὰ
583 775 633 810 τῆς
650 776 758 807 Μυσίας
781 776 879 811 χωρία,
895 776 931 806 ὡς

140 821 249 856 ἑκάστῳ
267 821 344 855 φίλον
358 819 409 856 ἦν·
441 822 488 847 καὶ
509 821 555 847 τὸν
581 822 718 855 Οὐρφίλαν
742 821 785 847 διὰ
805 821 933 856 πλείστης

140 863 194 900 ἦγε
215 867 307 902 τιμῆς,
330 867 368 898 ὡς
394 867 440 893 καὶ
460 867 598 898 πολλάκις,
623 867 650 892 ’0
661 868 702 900 ἐφ’
718 867 797 902 ἡμῶν
819 868 931 901 Μωσῆς,

651 168 930 197 ΕΟΟΙΕΞΙΑΞΉΟᾹΞ
952 168 1125 196 ΗΙΞΤΟΠΙᾸΞ
1147 167 1211 195 LIB.
1227 168 1258 196 ll.

1710 168 1765 196 4το

943 229 966 257 Α
981 225 1085 260 legatus
1099 233 1152 252 una
1164 232 1226 252 cum
1239 223 1299 251 aliis
1308 223 1340 251 ad
1353 223 1545 258 imperatorem
1555 225 1767 252 Constantinum

966 284 968 286 ·
984 274 1084 300 missus
1111 277 1183 299 esset
1204 271 1278 305 (nam
1302 274 1329 297 et
1352 269 1475 296 barbara:
1491 275 1586 304 gentes
1602 270 1658 298 illic
1673 271 1769 306 posita:

983 318 1161 346 Constantino
1184 315 1432 350 obsequebantur),
1458 315 1492 342 ab
1511 315 1628 343 Eusebio
1653 316 1770 351 aliisque

983 365 1029 398 qui
1050 371 1110 390 cum
1131 364 1175 389 illo
1191 366 1269 388 erant
1283 361 1428 395 episcopis,
1447 360 1590 388 ordinatus
1610 367 1652 388 est
1665 361 1770 396 episco-

983 417 1034 443 pus
1049 407 1268 435 Christianorum
1285 405 1332 440 qui
1351 405 1422 439 apud
1437 405 1540 432 Gothos
1555 405 1698 440 degebant.
1716 405 1770 432 Eo~

983 462 1044 481 rum
1058 455 1147 488 itaque
1161 458 1216 480 tum
1231 452 1292 479 aliis
1309 452 1335 478 in
1348 452 1429 479 rebus
1442 451 1588 478 maximam
1604 459 1698 478 curam
1709 460 1771 487 ges-

985 501 1020 528 sit
1041 508 1047 527 :
1063 504 1119 526 tum
1136 499 1260 533 proprias
1274 498 1341 532 ipsis
1355 498 1459 524 litteras
1473 497 1649 532 excogitavit.
1667 502 1694 524 et
1708 497 1771 524 uni-

984 553 1079 572 versos
1111 552 1198 571 sacrae
1229 543 1376 578 Scripturaa
1406 543 1493 570 libros
1528 544 1616 576 patrio
1648 544 1770 577 ipsorum

984 598 1111 619 sermone
1121 591 1316 625 interpretatus
1323 594 1375 622 est,
1387 589 1589 623 exceptislihris
1603 589 1771 624 Regnorum,

983 646 1016 665 eo
1034 638 1105 669 quod
1124 637 1161 663 illi
1195 645 1237 664 res
1251 637 1322 664 bello
1342 640 1432 670 gestas
1447 636 1615 668 contineant,
1638 644 1705 671 gens
1720 643 1770 662 au-

984 690 1037 711 tem
1055 684 1100 710 illa
1125 683 1203 710 bellis
1223 683 1342 709 maxime
1358 683 1519 714 delectetur,
1540 687 1566 709 et
1583 682 1660 709 freno
1680 682 1772 717 potius

984 738 1052 764 opus
1074 729 1171 757 haheat
1198 730 1231 756 ad
1256 729 1369 756 bellicos
1390 729 1508 764 impetus
1533 729 1770 763 comprimendos.

984 783 1065 809 quam
1087 774 1185 801 calcari
1205 782 1258 808 quo
1277 775 1310 801 ad
1332 774 1424 808 prtelia
1441 774 1599 801 inciteutur.
1624 773 1769 804 Maximam

984 828 1064 855 porro
1083 820 1213 847 incitandi
1228 820 1281 846 vim
1297 820 1399 846 habent
1417 819 1478 846 libri
1494 820 1542 851 illi,
1558 823 1649 854 ntpotc
1662 819 1708 854 qui
1726 827 1772 846 ve~

985 867 1120 893 nerabiles
1138 866 1256 893 maxime
1269 866 1469 898 existimentur,
1486 871 1513 892 et
1525 865 1694 892 eredenlium
1711 865 1771 892 ani-

140 910 232 945 λέγειν
247 913 310 947 περὶ
326 913 419 940 αὑτοῦ.
435 913 502 938 Λίαν
517 912 546 938 δὲ
563 910 639 943 οὗτος
655 913 701 938 τὸν
716 913 798 948 ἄνδρα
815 912 927 944 θειάζει,

986 921 1042 939 mos
1060 913 1092 939 ad
1119 913 1167 949 Dei
1187 913 1291 940 cultum
1309 913 1468 939 informem.
1489 911 1565 939 Hanc
1583 913 1665 947 igitur
1683 917 1772 939 trans-

139 958 187 983 καὶ
203 958 252 992 τῆς
265 959 408 993 αἱρετικῆς
422 958 504 984 αὐτοῦ
518 958 596 994 δόξης
613 958 731 994 ἐραστὴν
746 959 825 985 αὐτόν
840 967 869 984 τε
884 959 930 984 καὶ

140 1003 203 1035 τοὺς
218 1004 264 1029 ὑπ’
278 1004 359 1030 αὐτὸν
372 1004 535 1039 ἀναγράφει.

984 958 1107 992 fugarum
1131 959 1332 986 multitudinem
1349 959 1492 993 imperator
1516 959 1543 985 in
1565 958 1632 986 locis
1661 958 1771 991 Mtesize,

984 1009 1065 1038 prout
1083 1004 1182 1039 cuique
1205 1005 1292 1032 visum
1307 1009 1358 1037 est,
1379 1005 1541 1037 collocavit;
1558 1009 1584 1031 et
1602 1003 1773 1039 Urlilam-ip-

141 1057 201 1076 eum
212 1051 346 1085 magnoin
358 1051 460 1078 honore
469 1051 575 1083 habuit,
588 1052 656 1078 adeo
668 1051 737 1078 utde
748 1051 793 1078 illo
802 1051 927 1086 loquens,
949 1058 1020 1085 stepe
1032 1059 1095 1078 eum
1113 1051 1199 1078 nostri
1213 1051 1344 1085 temporis
1361 1051 1464 1078 Mosem
1499 1051 1655 1084 appellaret.
1686 1051 1773 1078 (Stete-

139 1104 200 1123 rum
217 1097 414 1132 Philostorgius
432 1098 504 1125 hunc
518 1097 629 1125 Urlilam
649 1098 725 1125 miris
740 1098 866 1124 laudibus
886 1097 1002 1131 extollit,
1027 1097 1153 1132 aitqueet
1165 1097 1253 1130 illum,
1269 1101 1295 1125 et
1304 1105 1351 1125 eos
1363 1098 1409 1132 qui
1437 1097 1489 1124 sub
1500 1097 1545 1124 illo
1562 1101 1640 1124 erant
1657 1096 1772 1126 Gothos.

139 1143 260 1177 ejusdem
279 1151 339 1170 cum
358 1144 417 1177 ipso
435 1144 569 1171 hatreSeos
585 1149 733 1172 sectatores
747 1143 842 1171 fuisse.

176 1191 212 1220 ς’.
230 1188 290 1214 Ὀτι
306 1189 368 1220 τοὺς
383 1188 516 1215 ἐνδοτάτω
534 1189 641 1220 Ἰνδοὺς,
652 1190 707 1216 ὅσοι
726 1189 843 1224 Χριστὸν
856 1189 931 1224 ἔμα-

140 1234 187 1260 θον
199 1235 282 1269 τιμᾷν
296 1235 327 1260 ὲκ
342 1235 391 1269 τῆς
408 1235 610 1270 Βαρθολομαίου
631 1235 678 1262 τοῦ
693 1235 843 1262 ἀποστόλου
860 1235 932 1262 διδα-

141 1280 266 1311 σκαλίας,
279 1280 309 1306 τὸ
322 1281 491 1315 ὲτεροούσιον
505 1281 666 1316 πρεσϐεύειν
681 1282 694 1307 ὁ
708 1281 841 1316 δυσσεϐὴς
854 1290 930 1317 φησι.

140 1325 197 1351 Καὶ
213 1324 258 1351 τὸν
273 1324 403 1359 Θεόφιλον
417 1325 521 1359 εἰσάγει
538 1325 582 1351 τὸν
600 1326 679 1351 Ἰνδὸν
694 1325 750 1361 (16)
768 1325 797 1352 τὸ
812 1325 931 1352 τοιοῦτον

140 1369 330 1406 ἀσπαζόμενον
346 1372 485 1407 φρόνημα,
504 1372 707 1407 παραγενέσθαι
726 1381 755 1398 τε
772 1373 812 1403 εἰς
833 1373 931 1404 αὐτοὺς

140 1418 189 1443 καὶ
205 1417 253 1452 τὴν
267 1417 356 1444 αὐτῶν
374 1417 558 1452 ἐκδιηγεῖσθαι
578 1418 666 1451 δόξαν.
683 1419 718 1445 Τὸ
729 1419 758 1445 δὲ
772 1418 826 1444 τῶν
845 1419 932 1445 Ἰνδῶν

141 1463 217 1494 ἔθνος
241 1463 330 1494 τοῦτο,
349 1463 423 1489 Σάόα
443 1464 492 1498 μὲν
518 1464 601 1490 πάλαι
621 1464 692 1498 (17),
711 1464 764 1490 ἀπὸ
787 1465 837 1499 τῆς
859 1465 933 1492 Σὰϐα

144 1508 348 1542 μητροπόλεως,
366 1509 400 1535 τὰ
416 1509 463 1535 νῦν
475 1509 503 1535 δὲ
524 1509 674 1545 Ὀμηρίτας
692 1510 843 1536 καλεῖσθαι.

178 1594 209 1626 ζ’.
227 1594 288 1620 ’Ὁτι
305 1595 374 1629 μετὰ
384 1597 458 1631 τρεῖς
468 1596 544 1627 ὅλους
559 1595 698 1627 ἐνιαυτούς
711 1605 792 1631 φησιν
805 1596 932 1622 Εὺσέὃιον

142 1641 190 1666 καὶ
215 1641 305 1676 Πάριν
321 1642 367 1667 καὶ
388 1641 515 1675 Θέογνιν,
539 1642 620 1677 ψήφῳ
638 1642 770 1677 βασιλέως
787 1642 833 1669 τοῦ
855 1644 934 1670 Κων-

144 1688 284 1713 σταντίνου
309 1687 438 1714 ἐπανόδου
455 1688 595 1722 τυχόντας,
611 1689 728 1720 πίστεώς
752 1698 781 1715 τε
800 1689 933 1724 σύμϐολον

143 1732 286 1767 αἱρετικῆς
303 1733 433 1763 ἐκθεῖναι,
458 1735 505 1760 καὶ
529 1734 682 1769 πανταχόσε
704 1734 865 1770 διαπέμψαι,
889 1736 932 1761 ἐπ’

143 1779 282 1814 ἀνατροπῇ
300 1779 351 1814 τῆς
365 1781 393 1805 ἐν
418 1780 520 1815 Νικαίᾳ
537 1780 662 1807 συνόδου·
679 1781 726 1807 καὶ
740 1782 786 1807 τὸν
807 1782 932 1815 Ἀλεξαν-

143 1825 236 1860 δρείας
265 1825 437 1861 Ἀλέξανδρον
463 1826 586 1853 καθελεῖν
601 1827 638 1862 (ιι)
663 1836 692 1853 τε
722 1828 767 1853 καὶ
793 1827 933 1863 ἀποκηρύ-

145 1871 253 1903 Εασθαι,
279 1871 338 1897 ἀνθ’
365 1869 402 1898 ὦν
425 1873 470 1898 ἐπὶ
485 1872 514 1898 τὸ
538 1873 679 1907 ὁμοούσιον
708 1874 933 1909 παλιντραπέλως

144 1917 356 1953 ἑπανέστρεφεν,
379 1918 457 1944 Ἀλλὰ
473 1919 519 1944 καὶ
534 1918 682 1945 Εὑστάθιον
694 1919 739 1945 τὸν
756 1920 932 1954 Ἀντιοχείας,

144 1964 290 1999 παιδίσκης
306 1964 378 1999 μίξιν
392 1966 438 1991 καὶ
451 1966 567 2001 αἰσχρᾶς
576 1964 673 2000 ἡδονῆς
683 1965 833 1992 ἀπόλαυσιν
844 1966 933 1992 αἰτίαν

145 2010 401 2046 ἐπιγραψαμένους.
429 2011 517 2047 φυγὴν
548 2010 621 2046 αὐτῷ
650 2011 775 2046 βασιλεὺς
801 2012 934 2047 ἐτιμήσα-

1019 1186 1045 1213 6.
1063 1185 1102 1212 De
1115 1185 1244 1212 Indorum
1257 1186 1411 1212 interierunt
1426 1186 1601 1212 conversione.
1615 1200 1650 1205 —
1664 1186 1709 1214 Ait
1722 1187 1773 1214 im-

982 1232 1044 1267 pius
1058 1231 1277 1266 Philostorgius,
1297 1231 1440 1258 interiores
1464 1231 1544 1258 Indos
1564 1231 1610 1265 qui
1631 1230 1774 1258 Bartholo-

985 1277 1046 1304 ιιιίεί
1066 1276 1184 1311 apostoli
1206 1275 1400 1310 praedicatione
1418 1276 1451 1302 ad
1468 1275 1570 1303 Christi
1585 1277 1687 1304 cultum
1707 1285 1774 1304 con-

984 1324 1055 1351 versi
1065 1327 1136 1355 sunt,
1147 1321 1308 1349 dissimilem
1318 1320 1378 1348 Filii
1386 1321 1566 1348 substantiam
1575 1321 1705 1356 proﬁteri.
1716 1322 1773 1358 (l5)

983 1369 1136 1404 Narratque
1153 1368 1333 1403 Theophilum
1349 1367 1456 1402 ludum,
1469 1368 1515 1403 qui
1525 1368 1595 1395 hanc
1609 1369 1773 1396 sententiam

986 1415 1210 1450 amplectebatur,
1226 1415 1259 1441 ad
1274 1415 1335 1441 illos
1347 1415 1464 1447 venisse,
1478 1418 1590 1442 etsuam
1604 1414 1658 1441 illis
1666 1414 1773 1448 opinio—

985 1470 1046 1488 nem
1064 1461 1220 1488 tradidisse.
1237 1460 1291 1488 llos
1302 1465 1391 1487 autem
1411 1459 1490 1488 ludos
1505 1461 1568 1487 olim
1595 1460 1705 1495 quidem
1722 1460 1773 1487 Sa-

986 1508 1058 1534 baeos
1083 1507 1121 1534 ait
1135 1515 1196 1534 esse
1210 1506 1299 1534 dictos
1312 1507 1345 1533 ab
1365 1507 1432 1534 urbe
1453 1506 1524 1533 Saba
1534 1527 1542 1539 ,
1558 1514 1619 1541 quae
1639 1511 1721 1542 caput
1732 1513 1773 1535 est

945 1547 966 1575 (ἶ
983 1553 1067 1580 totius
1083 1553 1185 1587 gentis;
1205 1561 1277 1580 nunc
1294 1560 1358 1579 vero
1376 1551 1530 1579 llomeritas
1547 1552 1651 1579 vocari.

1022 1598 1047 1624 7.
1066 1599 1227 1625 Arianorum
1244 1598 1360 1632 synodus
1371 1619 1377 1630 ,
1391 1602 1415 1624 et
1432 1597 1567 1623 Eustathii
1585 1598 1722 1631 depositio.
1737 1612 1771 1618 —

987 1645 1032 1671 Ait
1043 1644 1253 1679 Philostorgius,
1269 1644 1427 1677 Eusebium,
1443 1643 1536 1671 Marim
1551 1649 1577 1671 et
1590 1644 1772 1679 Theoguium.

987 1696 1050 1726 post
1073 1691 1220 1718 triennium
1243 1691 1414 1718 Constantini
1441 1691 1613 1724 imperatoris
1636 1691 1716 1725 jussu
1739 1691 1773 1718 ab

987 1737 1082 1763 exsilio
1095 1741 1246 1767 revocatos,
1259 1736 1413 1771 symbolum
1426 1736 1560 1763 haeretica:
1573 1736 1634 1763 lidei
1642 1735 1772 1767 edidisse,

987 1786 1014 1808 et
1036 1789 1256 1816 quaquaversum
1287 1781 1396 1808 misisse
1423 1782 1457 1808 ad
1482 1782 1650 1809 eversionem
1677 1781 1773 1816 synodi

987 1828 1120 1860 Mra-nae;
1140 1828 1324 1855 Alexandrum
1341 1836 1450 1863 quoque
1475 1828 1633 1863 episcopum
1654 1828 1774 1856 Alexan-

987 1875 1052 1901 driae
1068 1875 1101 1901 ab
1112 1875 1207 1902 iisdem
1220 1875 1374 1909 depositum
1386 1882 1446 1902 esse
1455 1879 1482 1901 et
1495 1874 1773 1906 exeonnnunieatum,

987 1928 1019 1947 eo
1035 1921 1108 1955 quod
1128 1921 1160 1947 ad
1182 1921 1426 1948 consubstantialis
1446 1920 1526 1947 Iidem
1541 1920 1632 1947 denuo
1646 1927 1774 1948 reversus

987 1972 1071 1993 esset.
1092 1966 1145 2001 (18)
1161 1966 1214 1993 Sed
1226 1971 1252 1994 et
1264 1966 1434 1994 Eustathium
1447 1966 1657 1993 Antiochensem
1667 1965 1774 2000 episco-

987 2020 1051 2047 pum
1068 2013 1180 2046 perinde
1193 2012 1228 2039 ah
1242 2012 1336 2040 iisdem
1349 2012 1503 2047 depositum
1517 2020 1588 2044 esse,
1604 2020 1665 2040 cum
1678 2013 1775 2048 puellae

760 2098 798 2119 VA
803 2098 879 2119 LESII
900 2097 1138 2120 ANNOTATIONES
1143 2112 1149 2119 .

181 2177 236 2213 (I5)
256 2177 415 2205 Theodorit.
431 2178 478 2205 lib.
494 2187 513 2209 ι,
529 2187 553 2206 c.
572 2179 617 2206 25.

182 2213 238 2248 (16)
255 2214 401 2248 θεόφιλον
422 2213 533 2246 εἰσάγει
547 2215 597 2240 τὸν
623 2214 724 2241 Ἰνδόν.
747 2213 823 2240 Hunc
841 2213 929 2239 Theo-

146 2249 251 2283 philum
270 2247 469 2282 Philostorgius
484 2254 614 2283 perpetuo
628 2249 722 2276 lndtun
738 2253 827 2280 vocat.
844 2254 873 2274 ιιι
890 2249 928 2274 vi-

146 2284 263 2318 dereiest
276 2283 301 2310 in
311 2284 446 2318 excerptis
456 2292 487 2310 ex
498 2284 543 2310 lib.
558 2292 587 2311 ιιι
596 2289 623 2311 et
635 2293 670 2314 iv.
684 2284 728 2311 Sic
740 2288 829 2310 autem
841 2284 930 2310 dictus

147 2322 190 2345 est
203 2317 385 2352 Theophilus,
403 2327 450 2345 seu
467 2319 540 2352 quod
558 2320 691 2346 oriundus
705 2324 778 2346 esset
796 2326 827 2344 ex
847 2319 931 2347 ludia,

147 2360 195 2380 seu
217 2353 278 2387 quia
299 2354 402 2387 legatus
424 2354 456 2380 ad
477 2354 567 2385 ludos.
586 2355 642 2381 sive
664 2353 806 2388 xELIIiOpRS
832 2355 933 2380 missus

147 2388 238 2414 fuerat
258 2396 273 2415 a
288 2388 460 2421 Constantio,
476 2389 705 2423 quemadmodum
726 2390 805 2416 docet
840 2388 932 2414 Philo-

148 2423 370 2458 storgius.Certe
395 2423 542 2458 Gregorius
566 2424 703 2458 Nyssenus
727 2425 753 2450 in
774 2424 820 2450 lib.
847 2424 934 2458 primo

147 2463 240 2485 contra
247 2457 418 2494 Ennomium,
427 2457 604 2492 Theophilum
614 2460 686 2486 hunc
696 2459 836 2494 Blemmyn
845 2457 934 2490 vocat,

147 2493 241 2527 aitque
256 2493 415 2520 familiarem
436 2494 509 2520 illum
525 2493 609 2521 fuisse
622 2494 737 2521 Caesaris
751 2494 820 2521 Galli
837 2503 843 2520 :
860 2494 933 2528 quod

146 2529 257 2563 quidem
272 2532 386 2555 testatur
396 2529 476 2555 etiam
491 2528 689 2563 Philostorgius
705 2529 730 2556 in
747 2529 815 2556 libro
830 2537 866 2555 Iv.
881 2529 934 2555 Lo-

148 2562 198 2590 cus
211 2562 333 2599 Gregorii
345 2562 458 2598 Nysseni
474 2564 512 2589 sic
527 2565 607 2591 habet
623 2562 773 2599 εΊἺνώσκει
784 2564 832 2599 τὴν
845 2573 936 2590 καινο-

149 2598 252 2634 φωνίαν
260 2596 361 2633 ταύτην
370 2596 450 2634 παὶνὸ
466 2599 591 2633 Βλέμμυς
603 2599 740 2633 Θεόφιλος,
757 2596 778 2632 ᾧ
794 2596 936 2634 σὺνηθείας

147 2633 221 2665 τινὸς
237 2634 301 2669 περὶ
313 2633 363 2669 τὸν
372 2633 469 2659 Γάλλον
488 2634 727 2669 προϋπαρχούσης.
743 2635 758 2660 ὁ
780 2634 880 2665 ’Δὲτιος
897 2635 936 2665 εἱς

147 2668 183 2696 τὰ
196 2668 320 2704 βασίλεια
332 2668 365 2694 δι’
383 2668 465 2694 αὑτοῦ
483 2668 639 2704 παρεδύετο.
659 2668 714 2696 Nisi
731 2669 799 2696 forte
813 2670 936 2696 dicamus

947 2183 971 2212 ι)
986 2178 1138 2213 Blemmyas
1154 2179 1266 2212 perinde
1279 2186 1310 2205 ac
1323 2178 1466 2212 [Ethiopas
1477 2178 1591 2209 vicinos,
1608 2185 1622 2204 a
1635 2179 1774 2207 veteribus

985 2212 1065 2239 Indos
1082 2212 1142 2240 esse
1156 2214 1315 2247 appellatos.
1333 2213 1404 2239 Sane
1419 2213 1572 2248 Blemmyes
1591 2213 1677 2243 Mauri
1691 2215 1774 2241 etiam

985 2249 1049 2275 dicti
1066 2253 1139 2278 sunt,
1154 2249 1191 2274 uti
1206 2249 1337 2274 discimus
1346 2257 1377 2275 ex
1387 2248 1533 2276 Ammonio
1548 2249 1575 2275 in
1590 2248 1636 2275 lib.
1650 2248 1689 2276 De
1706 2251 1776 2279 caldo

986 2283 1098 2309 Patrum
1114 2284 1141 2309 in
1156 2289 1242 2309 monte
1257 2283 1332 2310 Sina.

1019 2318 1074 2352 (17)
1099 2318 1178 2345 stitia
1197 2318 1255 2352 μὲν
1277 2318 1381 2344 πάλαι.
1404 2319 1430 2344 lu
1450 2327 1502 2346 ms.
1521 2319 1613 2346 codice
1638 2319 1775 2347 Samuelis

984 2353 1113 2379 Boeharti
1134 2353 1265 2380 scribitur
1283 2353 1379 2380 Σάϐαι.
1401 2353 1488 2386 Quam
1509 2354 1653 2381 lectionem
1677 2355 1775 2382 conﬁr-

984 2393 1041 2415 mat
1067 2388 1222 2422 Stephanus
1241 2389 1386 2423 Byzantius
1400 2409 1406 2418 ,
1428 2390 1472 2422 qui
1492 2390 1663 2423 metropolim
1687 2391 1773 2424 ipsam

984 2424 1021 2450 ita
1030 2423 1129 2450 dictam
1143 2431 1203 2450 esse
1215 2428 1329 2450 testatur
1341 2425 1367 2449 in
1378 2431 1443 2452 voce
1456 2424 1550 2451 Σάϐαι.
1564 2423 1703 2451 Arrianus
1711 2433 1777 2452 vero

985 2459 1020 2495 iur
1032 2459 1134 2493 periplo
1149 2459 1232 2495 maris
1247 2458 1400 2495 Erythraei,
1419 2459 1512 2485 urbem
1529 2460 1614 2493 ipsam
1634 2461 1708 2495 Σάὃη
1723 2468 1771 2487 no-

984 2494 1085 2530 minat,
1101 2494 1215 2530 populos
1230 2501 1295 2530 vero
1309 2493 1444 2530 Sabaitas,
1456 2495 1505 2530 qui
1521 2496 1610 2522 eidem
1622 2498 1676 2530 regi
1695 2493 1774 2530 pare-

984 2529 1050 2556 bant
1065 2531 1108 2556 cui
1133 2528 1289 2555 “emeritas.
1309 2529 1426 2555 Proinde
1446 2529 1556 2557 Sabaeos
1578 2531 1612 2556 ab
1629 2528 1775 2558 llonieritis

985 2564 1129 2599 distinguit
1143 2563 1286 2590 Arrianus.
1305 2564 1421 2591 Uranius
1435 2572 1546 2599 quoque
1562 2565 1587 2591 in
1607 2565 1653 2592 lib.
1670 2574 1676 2591 ι
1704 2564 1775 2591 Ara-

988 2597 1102 2626 bitoruin
1118 2619 1124 2626 .
1152 2598 1261 2625 Sabatos
1278 2599 1312 2626 ab
1330 2597 1475 2625 ilomeritis
1491 2597 1616 2633 separat,
1635 2605 1663 2626 ut
1686 2602 1777 2627 \idere

986 2639 1026 2660 est
1040 2634 1115 2670 apud
1126 2633 1293 2667 Stephanum
1316 2634 1341 2660 iu
1359 2641 1424 2670 voce
1435 2635 1624 2670 χατραμῶται.

1024 2669 1078 2703 (18)
1095 2668 1252 2696 Theodorit.
1270 2670 1287 2695 l.
1305 2678 1322 2701 I,
1341 2677 1365 2697 c.
1387 2669 1432 2695 2i.

885 2762 1057 2784 VARIORUM.

180 2824 220 2861 (ις)
238 2824 292 2861 Καὶ
309 2824 361 2861 τον
387 2826 612 2860 Ἀλεξανδρείας
640 2826 838 2861 Ἀλέξανδρον
867 2828 935 2853 καθ-

146 2859 242 2899 ελεζν.
262 2859 319 2887 Hoc
333 2860 509 2899 falsissimum
523 2859 562 2899 est
581 2871 585 2888 :
601 2863 670 2888 inter
681 2859 864 2899 Δοηιιιρδίειιίιιι
894 2862 934 2899 lii-

148 2897 268 2923 Stot'icos
284 2900 398 2928 constat,
417 2897 600 2924 Alexandrum
613 2897 686 2924 brevi
705 2898 832 2932 temporis
847 2897 934 2932 spatio

990 2828 1105 2854 concilio
1129 2827 1239 2855 Nicmno
1256 2828 1451 2862 superrixisse.
1473 2828 1576 2861 Quinto
1597 2831 1658 2862 post
1684 2835 1776 2854 meum

989 2863 1151 2923 p‘liiitLjuxllu
1170 2863 1370 2897 Athanasium,
1389 2864 1466 2899 Apol.
1497 2872 1527 2896 ιι,
1548 2871 1607 2898 pag.
1627 2863 1686 2895 biit"),
1709 2865 1775 2890 ed.t.

1027 2917 1032 2923 .
1071 2904 1147 2924 Olt‘ll.

1027 2917 1032 2923 .
1049 2907 1135 2924 Loll‘lll
1141 2917 1147 2924 .
