1978 3075
141 174 194 204 ζ.Ἷῖ

660 177 938 205 ECCLESIASTICIE
959 175 1133 203 IllSTOlllrE
1153 173 1216 201 LIB.
1239 174 1272 200 ll.

1711 171 1766 198 473

142 232 240 264 ἄλλους
259 232 383 268 μαθητὰς
406 234 569 269 ἀναγράφει.
597 232 636 266 οἷς
664 235 709 261 καὶ
731 235 860 261 Εὐσέϐιον
884 235 927 260 τὸν

985 241 1042 260 cum
1059 233 1160 259 multos
1172 232 1241 258 alios
1255 229 1406 264 disciputos
1418 233 1541 256 recenset
1554 228 1764 264 Philostorgius.

142 278 336 313 Νικομηδείας,
363 280 411 306 καὶ
438 280 529 315 Μάριν
551 280 596 306 τὸν
621 281 799 315 Χαλχηδόνος,
818 280 864 307 καὶ
884 281 929 306 τὸν

142 323 258 356 Νικαίας
273 324 384 359 Θέογνιν
405 325 555 357 συντάττει,
571 326 618 352 καὶ
635 326 770 358 Λεόντιον,
787 326 833 352 τὸν
851 326 929 352 ὓστε-

144 377 190 405 ρον
213 370 343 403 γεγονότα
365 371 413 406 τῆς
445 372 609 406 Ἀντιοχείας
631 372 787 404 ἐπίσκοπον,
804 372 850 398 καὶ
871 372 930 397 Ἀν-

144 415 237 443 τὼνιον
253 417 299 443 τὸν
323 417 430 452 Ταρσοῦ
444 418 493 453 τῆς
518 418 654 449 Κιλικίας,
678 419 724 444 καὶ
741 418 928 453 Μηνόφαντον,

144 463 191 488 καὶ
219 462 380 498 Νεομήνιον,
408 465 455 490 καὶ
481 464 621 496 Εὐδόξιον·
650 465 681 491 οὐ
714 465 766 500 μὴν
791 465 858 492 ἀλλὰ
883 467 930 491 καὶ

151 507 324 544 Ἀλέξανδρον
348 509 396 535 καὶ
424 509 560 544 Ἀστέριον
581 509 627 536 τὸν
653 509 858 544 Καππαδόκηνο
883 510 929 541 οὒς

143 555 191 580 καὶ
211 554 363 589 Ἐλληνίσαι
376 555 443 590 φησὶ
457 556 583 587 ἐνδόντας
600 557 631 590 τῇ
649 556 704 582 τῶν
716 556 853 591 τυράννων
866 555 910 591 βίᾳ
921 565 927 570 -

146 599 260 635 ὕστερον
287 599 314 626 δὲ
334 601 553 627 ἀνακαλέσασθαι
577 601 625 637 τὴν
650 599 745 637 ἧτταν,
777 603 929 637 συμϐαλλο-

145 645 226 680 μένου
241 646 333 678 αὐτοῖς
351 647 418 681 πρὸς
437 646 486 682 τὴν
502 648 645 682 μετάνοιαν
662 648 708 674 τοῦ
723 648 892 675 διδασκάλου.

181 694 210 716 ιε’
243 691 305 717 ’Ότι
326 691 380 717 τῶν
397 692 548 727 εἰρημένων
566 693 705 719 ’Λντώνιον
723 693 772 728 μὲν
789 694 836 720 καὶ
850 693 929 719 Λεόν-

143 743 210 764 τιον,
228 736 425 772 ἁπαράτρωτον
444 738 493 773 τὴν
516 739 655 765 εὐσέϐειαν
672 740 726 774 (3'2)
746 739 928 766 διασώσασθαι

143 780 233 816 λέγει·
252 782 381 809 Εὑσέϐιον
397 783 425 809 δὲ
449 784 496 810 καὶ
510 784 599 819 Μάριν
612 785 656 810 καὶ
679 785 800 818 Θέογνιν,
828 793 928 811 συναπ-

142 827 260 863 αχθῆναι
275 828 323 862 μὲν
338 830 371 864 τῇ
381 829 450 855 κατὰ
460 829 576 855 Νίκαιαν
591 829 700 864 συνόδῳ,
717 830 889 865 ἀνενεχθῆναι
901 830 929 856 δὲ

144 873 194 907 τῆς
215 872 375 907 μεταϐολῆς.
398 873 450 899 Τὸν
464 872 491 899 δὲ
513 874 603 907 Μάριν
620 873 723 899 ἐκεῖθεν
741 873 928 907 ἀνενεχθέντα,

983 284 1038 305 ttnn
1060 277 1194 312 prtecipue
1224 275 1372 303 Eusebium
1399 275 1557 309 episcopum
1584 274 1766 308 Nicomediae.

982 322 1076 349 Mat-im
1095 321 1273 349 (Ihalcedonis
1285 340 1292 350 .
1313 319 1464 355 Tlieognim
1482 318 1592 351 Nicataa;
1621 320 1766 346 Leontium

981 373 1109 402 praeterea
1123 367 1169 402 qui
1195 367 1368 401 postmodum
1389 365 1533 400 episcopus
1557 365 1709 392 Antiochiae
1725 365 1766 393 fa-

982 419 1041 440 ctus
1055 419 1105 445 est,
1119 418 1145 440 et
1161 413 1307 439 Antonium
1325 411 1402 438 Tarsi
1421 410 1539 442 Ciliciaa;
1555 410 1766 444 Menophantnm

982 460 1044 487 item
1062 465 1088 486 et
1104 459 1268 486 Numenium
1287 464 1368 492 atque
1387 457 1557 487 Eudoxium;
1583 457 1766 484 Alexandrum

981 512 1089 539 quoque
1114 508 1141 530 et
1156 503 1293 530 Asterium
1316 502 1504 536 Cappadocem
1520 511 1525 528 :
1547 510 1615 537 quos
1631 502 1713 528 etiam
1730 502 1769 528 ait

981 553 1157 583 tyrannorum
1181 549 1306 574 cedentes
1326 547 1478 579 violenlite,
1498 547 1549 574 diis
1566 546 1707 581 gentilium
1721 553 1767 573 sa-

981 596 1133 626 criﬁcasse;
1151 600 1242 629 postea
1262 598 1352 620 tamen
1370 593 1475 628 lapsum
1495 601 1574 619 suum
1592 593 1767 625 emendasse,

981 642 1111 676 magistro
1127 641 1193 674 ipsis
1213 641 1245 667 ad
1263 640 1449 674 pcenitentiam
1470 640 1632 674 opitulante.

1015 688 1058 713 4.5.
1079 687 1117 713 Ex
1136 686 1299 720 supradictis
1317 692 1406 713 autem
1420 705 1427 717 ,
1443 686 1590 713 Antonium
1609 685 1718 720 quidem
1735 693 1768 713 ac

980 734 1122 761 Leontium
1145 734 1277 768 integram
1301 737 1382 767 atque
1405 733 1536 759 illibatam
1560 733 1687 767 pietatem
1710 740 1768 759 ser-

979 786 1058 806 vasse
1074 778 1152 811 dicit;
1170 778 1318 805 Eusebium
1334 786 1399 805 vero
1414 783 1440 805 et
1456 778 1606 812 Theognim
1623 786 1654 805 ac
1668 777 1764 804 Marim

981 832 996 850 a
1014 825 1120 851 Merena
1136 824 1246 858 quidem
1268 824 1373 858 synodo
1392 824 1419 850 in
1437 829 1622 851 transversum
1638 823 1766 858 abreptos

980 878 1039 897 esse
1051 892 1056 901 .
1070 876 1163 905 postea
1177 878 1241 897 vero
1255 870 1286 897 ad
1303 871 1445 904 pristinam
1460 870 1623 897 sententiam
1642 870 1765 897 rediisse.

144 919 184 949 είς
205 917 300 953 ἑτέραν
318 917 395 950 αὖθις
421 919 614 953 κατολισθῆσαι
630 919 752 950 ἀτοπίαν,
776 919 822 945 καὶ
836 918 868 954 δὴ
881 919 927 944 καὶ

985 917 1074 944 lim-im
1104 922 1194 944 tamen
1219 917 1264 950 qui
1292 917 1324 943 ad
1349 923 1443 942 sanam
1464 915 1617 942 doctrinam
1639 923 1768 942 reversus

143 963 189 989 τὸν
203 963 314 997 Θέογνιν
324 971 331 978 ·
347 962 376 994 ὃς
390 963 435 989 τὺν
451 963 516 989 Θεὸν
532 964 578 990 καλ¹
599 964 652 998 πρὸ
668 964 714 989 τοῦ
730 964 859 997 γεννῆσαι
882 963 927 989 τὸν

144 1007 208 1034 Υἱὸν
226 1008 333 1044 Πατέρα
358 1008 453 1040 οἴεται,
471 1008 518 1035 ἆτε
533 1008 564 1043 δὴ
583 1009 631 1043 τὴν
643 1008 755 1043 δύναμιν
770 1008 863 1043 ἔχοντα
881 1007 925 1034 τοῦ

144 1055 282 1089 γεννῆσαι.
303 1054 383 1080 Ἀλλὰ
407 1054 439 1090 δὴ
457 1054 503 1080 καὶ
525 1054 568 1080 τὸν
588 1054 724 1089 Ἀστέριον
754 1054 926 1090 παρατρέψαι

143 1101 173 1128 τὸ
184 1101 320 1137 φρόνημα,
331 1101 539 1136 ἀπαράλλακτον
555 1101 689 1135 εἰκόνα(α)
699 1101 748 1135 τῆς
763 1102 809 1126 τοῦ
822 1100 927 1135 Πατρὸς

143 1146 236 1178 οὐσίας
246 1145 314 1173 εἶναι.
328 1146 373 1173 τὸν
388 1146 451 1172 Υίὸν
464 1147 492 1172 ὲν
514 1147 570 1177 τοῖς
584 1145 664 1172 αὐτοῦ
678 1145 766 1179 λόγοις
782 1146 828 1172 καὶ
842 1146 928 1180 γράμ-

145 1201 210 1228 μασι
225 1192 477 1228 διαμαρτυράμενον
494 1193 560 1228 (55).

179 1326 226 1355 ις’.
248 1323 308 1349 Ὅτι
329 1323 360 1349 τὸ
374 1323 533 1358 τριακοστὸν
547 1322 672 1358 δεύτερον
695 1323 754 1354 ἔτος
775 1323 926 1349 ἐπιϐαίνον-

143 1378 187 1401 τος
199 1369 249 1404 τῆς
265 1368 402 1404 βασιλείας
423 1369 505 1395 αὑτοῦ
522 1369 738 1400 Κωνσταντίνου,
757 1370 785 1395 ὲν
805 1370 927 1404 Νικομη-

142 1414 200 1450 Bst;
214 1414 369 1449 φαρμάκοις
384 1414 434 1440 ὑπὸ
454 1413 509 1440 τῶν
531 1413 652 1448 ἀδελφῶν
668 1414 792 1440 τεθνάναι
808 1415 843 1449 (b)
860 1415 928 1450 γρά-

143 1469 203 1494 φειο
220 1461 303 1494 ἐγγὺς
325 1460 353 1486 δὲ
374 1459 420 1486 τοῦ
435 1460 527 1491 τέλους
545 1460 675 1494 γεγονότα
700 1461 745 1486 καὶ
768 1460 926 1495 αἰσθόμενον

142 1506 192 1540 τῆς
207 1506 362 1540 ὲπιῧουλῆς,
380 1505 509 1541 διαθήκας
522 1514 551 1532 τε
567 1506 680 1541 γράψαι,
695 1506 829 1541 τιμωρίαν
843 1507 924 1533 ἀπαι-

142 1551 240 1583 τούσας
256 1552 317 1583 τοὺς
332 1551 484 1582 ἀνελόντας,
499 1551 544 1577 καὶ
560 1551 660 1586 ταύτην
671 1551 867 1586 εἰσπράξασθαι
879 1552 925 1578 τὸν

983 962 1087 992 iuerat.
1111 963 1138 989 in
1161 963 1243 988 alium
1265 961 1354 988 denuo
1378 969 1498 988 errorem
1521 961 1676 995 prolapsum
1695 968 1767 988 esse.

984 1008 1044 1035 Pari
1059 1009 1140 1035 modo
1154 1008 1234 1035 etiam
1251 1007 1399 1042 Theognim
1411 1027 1418 1038 ,
1435 1008 1482 1041 qui
1496 1007 1580 1033 Deum
1596 1007 1676 1034 etiam
1692 1011 1769 1033 ante-

983 1062 1064 1088 quam
1082 1054 1219 1089 genuisset
1234 1054 1316 1080 lilium
1328 1074 1334 1084 ,
1353 1053 1459 1079 Patrem
1480 1052 1566 1080 fuisse
1580 1052 1746 1079 existimavit
1759 1071 1767 1083 ,

984 1104 1076 1134 tttpote
1090 1100 1135 1134 qui
1151 1099 1276 1134 gignendi
1303 1098 1356 1125 vim
1376 1099 1498 1125 haberet.
1517 1097 1569 1124 Sed
1585 1101 1611 1124 et
1630 1097 1768 1124 Asterium

984 1145 1096 1172 Lueiani
1120 1145 1271 1172 doctrinam
1288 1144 1466 1178 interpolasse
1484 1143 1588 1175 scribit,
1609 1143 1707 1177 quippe
1721 1151 1770 1177 qut

983 1191 1010 1218 in
1025 1191 1133 1226 scriptis
1148 1196 1175 1217 et
1190 1190 1358 1217 orationibus
1375 1189 1433 1216 suis
1447 1188 1571 1219 afﬁrmet.
1591 1188 1689 1215 Filium
1705 1189 1770 1216 sub-

983 1237 1089 1264 stantia:
1103 1235 1193 1263 Patris
1210 1236 1356 1270 imaginem
1372 1242 1432 1262 esse
1455 1233 1530 1260 nulla
1552 1233 1580 1260 in
1596 1240 1626 1260 re
1643 1233 1771 1260 diﬂcren-

983 1286 1047 1310 tcm.

1019 1328 1062 1355 16.
1083 1327 1250 1354 Constantini
1265 1328 1304 1354 M.
1320 1327 1405 1353 obitus
1420 1332 1444 1353 et
1463 1331 1655 1354 testamentum.
1672 1341 1708 1346 —
1725 1326 1771 1353 Ait

982 1372 1210 1405 Constantinum,
1236 1380 1297 1399 cum
1315 1373 1483 1399 tricesimum
1501 1380 1534 1400 ae
1554 1373 1705 1400 secundum
1721 1379 1771 1399 an-

982 1426 1046 1445 nutn
1063 1419 1168 1453 imperii
1183 1419 1224 1445 sui
1238 1419 1377 1452 ingressus
1391 1423 1473 1450 esset,
1490 1426 1595 1446 veneno
1609 1426 1623 1444 a
1635 1417 1769 1444 fratribus

983 1464 1041 1492 suis
1056 1469 1181 1491 necatum
1196 1472 1256 1491 esse
1270 1463 1445 1490 Nicomediae.
1462 1463 1587 1498 Cumque
1602 1464 1692 1490 exitus
1705 1463 1768 1490 vita:

982 1511 1038 1546 jam
1055 1511 1179 1541 instaret,
1195 1510 1343 1544 compertis
1363 1509 1470 1537 insidiis
1488 1513 1680 1537 testamentum
1701 1508 1770 1536 scri-

982 1556 1144 1591 psisse,quo
1159 1555 1315 1588 mandabat,
1329 1555 1393 1582 utin
1409 1559 1534 1582 auctores
1547 1554 1630 1582 caidis
1641 1554 1769 1581 animad-

143 1597 383 1633 προκαταλαϐόντα
403 1597 457 1624 τῶν
473 1596 576 1623 παίδων
594 1597 730 1629 κελεῦσαι,
753 1597 807 1623 δέει
823 1597 868 1624 τοῦ
886 1597 923 1632 μή

985 1606 1140 1633 verteretur;
1168 1601 1339 1636 jussisseque
1363 1606 1393 1628 ut
1421 1609 1454 1628 ex
1485 1600 1580 1628 liberis
1605 1600 1663 1628 suis
1685 1601 1709 1627 is
1722 1600 1769 1635 qui

142 1653 168 1670 τι
183 1643 324 1674 κάκείνους
337 1643 392 1678 (54)
407 1644 452 1669 ὑπ’
471 1642 559 1670 αὐτῶν
574 1644 666 1678 ὅμοιον
683 1643 832 1678 ὑποστῆναι
844 1652 850 1658 ·
867 1643 927 1669 δοῦ-

142 1689 184 1716 ναί
197 1698 226 1716 τε
241 1690 291 1721 τὰς
301 1689 429 1725 διαθήκας
452 1689 573 1724 Εὑσεῧίῳ
583 1689 621 1723 τῷ
639 1689 829 1724 Νικομηδείας.
838 1689 889 1715 Τὸν
899 1689 927 1715 δὲ

142 1736 315 1770 ὑφορώμενον
328 1735 391 1766 τοὺς
399 1735 445 1763 τοῦ
458 1735 587 1770 βασιλέως
599 1735 737 1769 ἀδελφοὺς,
756 1736 792 1771 μή
807 1744 870 1762 ποτε
881 1735 928 1771 ζη-

142 1782 253 1815 τήσειαν
265 1781 359 1813 αὑτὰς,
369 1782 415 1808 καὶ
428 1781 577 1816 ἀναμαθεῖν
590 1781 623 1807 τὰ
641 1782 821 1816 γεγραμμένα
835 1781 928 1816 βουλη-

144 1827 228 1859 θεῖεν,
251 1827 366 1854 ὲνθεῐναι
388 1829 420 1863 τῇ
447 1828 519 1863 χειρὶ
538 1827 584 1854 τοῦ
601 1827 696 1863 νεκροῦ
711 1827 740 1854 τὸ
757 1827 867 1862 βιϐλίον,
884 1828 929 1854 καὶ

142 1874 299 1909 παραϐύεται
310 1876 365 1906 τοῖς
376 1874 503 1909 ἱματίοις.
520 1873 757 1908 Ἑπιξητησάντων
768 1874 801 1905 δ’,
828 1873 864 1904 ὡς
878 1874 930 1900 ὐπ-

143 1920 387 1955 ενόει(ἰ¹›5),λα6εῖν
399 1920 449 1955 μὲν
463 1919 556 1955 φάναι,
567 1919 792 1955 ἀντιπαραδοῦναι
806 1920 834 1946 δὲ
848 1919 928 1945 πάλιν

142 1966 183 1996 εἰς
206 1967 298 2001 χεῖρας
314 1966 491 2001 ὁμολογῆσαι.
514 1963 582 1991 Εἶτα
601 1965 670 2000 μετὰ
688 1965 774 1992 ταῦτα
797 1965 927 2000 ἀνελόμε-

142 2020 202 2043 νον,
235 2012 414 2046 Κωνσταντίῳ
438 2011 476 2047 τῷ
501 2011 583 2038 αὑτοῦ
612 2011 686 2038 παιδὶ
718 2012 867 2046 ἐγχειρίσαι
897 2011 927 2038 τὸ

141 2057 259 2092 γράμμα
283 2057 468 2092 προφθάσαντι
494 2057 555 2089 τοὺς
573 2057 684 2088 ἄλλους·
707 2057 752 2083 τὸν
774 2057 802 2082 δὲ
823 2057 880 2091 μετ’
895 2058 925 2083 οὺ

980 1649 1086 1683 primus
1097 1647 1260 1679 advenisset,
1279 1655 1374 1681 poenas
1385 1647 1418 1674 de
1434 1647 1487 1674 illis
1501 1652 1632 1679 sumeret,
1647 1654 1681 1674 ne
1696 1646 1768 1674 forte

980 1692 1032 1727 ipsi
1052 1699 1162 1726 quoque
1180 1691 1263 1717 simili
1282 1692 1378 1718 fraude
1393 1691 1427 1718 ab
1445 1691 1500 1718 illis
1515 1692 1770 1726 exstinguerentur.

981 1738 1066 1765 Porro
1092 1737 1247 1764 testamenti
1270 1737 1379 1764 tabulas
1404 1745 1419 1763 a
1446 1736 1627 1764 Constantino
1657 1738 1771 1765 traditas

981 1791 1041 1811 esse
1053 1783 1169 1810 Eusebio
1182 1782 1381 1810 Nicomediensi
1392 1784 1531 1818 episcopo.
1546 1783 1624 1810 Hunc
1639 1791 1702 1810 vero
1715 1790 1771 1810 me-

982 1833 1102 1855 tuentem
1118 1836 1151 1855 ne
1167 1829 1343 1863 imperatoris
1363 1829 1462 1856 fratres
1478 1837 1524 1856 eas
1541 1829 1731 1864 requirerent,
1744 1833 1772 1857 et

982 1874 1045 1909 quid
1064 1875 1090 1900 in
1114 1875 1168 1901 illis
1191 1875 1323 1909 scriptum
1340 1879 1412 1902 esset
1435 1882 1600 1909 cognoscere
1622 1878 1772 1909 cuperent,

982 1920 1088 1947 tabulas
1110 1920 1136 1946 in
1153 1921 1253 1946 mortui
1273 1928 1354 1947 manu
1372 1921 1546 1955 reposuisse,
1563 1925 1590 1947 et
1604 1921 1631 1947 in
1649 1920 1772 1949 vestibus

980 1966 1040 2000 eius
1059 1967 1223 1994 occultasse.
1245 1966 1314 1994 Cum
1339 1967 1420 2002 igitur
1436 1967 1492 1999 liii,
1517 1968 1590 1995 sicut
1612 1968 1770 2001 suspicatus

981 2011 1070 2039 fuerat
1087 2012 1221 2040 Eusebius
1233 2033 1240 2045 ,
1256 2014 1412 2040 testamenti
1436 2013 1544 2041 tabulas
1557 2014 1767 2048 requisiissent,

981 2058 1129 2086 Eusebium
1156 2060 1330 2094 respondisse
1347 2067 1353 2086 :
1371 2067 1401 2087 se
1426 2060 1536 2094 quidem
1552 2067 1597 2088 eas
1614 2060 1749 2095 accepisse
1762 2079 1771 2093 ,

757 2133 876 2154 VALESII
896 2133 1147 2158 ANNOTATIONES.

180 2195 236 2235 (5f!)
258 2196 482 2235 ἶΑπαράτρῳτοις
495 2197 551 2231 τὴν
566 2197 830 2235 ἀσέϐειαν-..Ρι-οοιιι
844 2197 927 2235 dubio

985 2199 1025 2225 'm'
1041 2199 1129 2226 αὐτῶν
1143 2201 1235 2234 ὅμοιον
1259 2200 1417 2235 ὑποστῆναι.
1441 2199 1486 2226 Sie
1505 2199 1585 2226 etiam
1603 2198 1690 2224 Lucas
1709 2196 1772 2223 Πιιέ-

142 2231 319 2293 ῗςιςωῒωικίυιιι
341 2238 382 2260 est
397 2232 549 2264 εὐσέϐειαν,
568 2237 597 2259 ιιι
611 2233 708 2267 legitur
722 2233 748 2259 in
765 2240 815 2260 ms.
835 2233 928 2261 codice

166 2275 199 2293 oe
211 2272 282 2293 iam.

166 2272 282 2294 OCl|aﬂl.

179 2303 235 2337 (55)
250 2302 535 2336 Διαμαρτυρομένης.
565 2301 633 2335 Quis
648 2310 700 2330 non
716 2302 789 2330 videt
807 2304 929 2330 scriben-

143 2337 208 2373 dum
227 2337 271 2364 hic
287 2345 347 2364 esse
363 2337 627 2373 διαμαρτυρόμενονῐ)
637 2337 715 2365 Certe
725 2338 752 2364 in
768 2345 820 2365 ms.
835 2339 929 2366 codice

142 2371 270 2408 Bocharti
285 2372 383 2408 legitur
397 2371 656 2408 διαμαρτυρόμενος.

180 2407 238 2442 (54)
258 2407 407 2434 Κελεῦσαι
425 2407 458 2433 δὲ
471 2408 497 2433 εί
510 2407 564 2439 τοῦ(
574 2407 615 2441 μή
623 2416 651 2443 ξι
663 2407 831 2441 κάκείνους.
843 2407 930 2443 Hujus

142 2442 196 2469 loci
213 2443 368 2469 emendatio
384 2442 497 2469 debetur
512 2442 598 2469 codici
622 2442 813 2475 Bochartiano,
830 2444 857 2470 in
876 2442 930 2478 quo

143 2478 181 2513 ita
193 2478 320 2513 scribitur
332 2487 337 2504 :
350 2478 403 2503 Καὶ
420 2477 520 2512 ταύτην
531 2477 780 2513 είσπράξασθαιτὸν
794 2487 932 2513 προκατα-

143 2511 261 2538 λαϐόντα
279 2512 332 2538 τῶν
352 2513 455 2539 παίδων
479 2511 616 2544 κελεῦσαι,
632 2513 685 2539 δέει
704 2514 740 2549 μή
750 2522 776 2540 τι
790 2511 932 2545 κάκείνους

982 2235 1086 2262 steuius
1101 2235 1134 2261 ad
1155 2236 1224 2262 latus
1240 2236 1281 2262 sui
1300 2236 1401 2262 codicis
1415 2235 1583 2266 emendarat,
1602 2238 1707 2260 retento
1728 2239 1770 2259 ta-

983 2278 1043 2295 men
1062 2270 1176 2296 articulo
1195 2270 1251 2296 τοῦ.
1275 2269 1373 2296 Verum
1391 2270 1413 2296 si
1438 2270 1569 2297 articulus
1588 2269 1638 2295 iste
1653 2268 1770 2294 retinea-

983 2309 1038 2335 tur,
1060 2306 1268 2339 expungendum
1285 2306 1336 2331 erit
1352 2305 1510 2332 adverbium
1529 2305 1576 2339 μή,
1593 2307 1631 2339 ειή
1642 2303 1719 2339 locus
1734 2303 1771 2329 ita

982 2337 1111 2373 legendus
1128 2348 1134 2366 :
1152 2337 1207 2366 δέει
1223 2340 1270 2365 τοῦ
1289 2340 1431 2371 κάκείνως
1451 2349 1477 2365 τι
1500 2337 1544 2365 οπ·
1559 2337 1652 2364 ἀὐτῶν
1677 2338 1770 2372 ὅμοιον

985 2374 1145 2409 ὑποστῆναι.

1021 2410 1077 2442 (55)
1103 2410 1151 2442 Ὠς
1171 2410 1297 2436 ἐπενόει.
1324 2409 1430 2435 Dudum
1455 2409 1624 2442 conjceeram
1649 2408 1772 2434 scriben-

985 2444 1047 2470 dum
1065 2452 1135 2475 esse,
1153 2444 1189 2476 ὡς
1206 2445 1324 2471 ὑπενόει.
1352 2443 1543 2478 Coujecturam
1569 2451 1655 2469 meum
1681 2448 1771 2477 postea

987 2479 1156 2505 confirmavit
1172 2480 1254 2506 codex
1275 2480 1411 2511 Bocbarti,
1431 2480 1457 2506 in
1473 2487 1528 2513 quo
1542 2479 1578 2505 ita
1589 2479 1689 2505 diserte
1705 2478 1772 2504 scri-

988 2519 1064 2548 ptum
1081 2514 1182 2540 inveni.

873 2593 913 2614 VA
917 2592 1047 2615 RIORUM.

182 2647 221 2680 (a)
254 2646 500 2681 Ἀπιιράλλακτον
524 2647 636 2673 εἰκόνα.
663 2646 725 2674 Haec
745 2647 870 2674 Asterius
897 2655 930 2674 ex

143 2681 260 2709 Luciani
278 2682 401 2717 symbolo
421 2682 533 2708 totidem
560 2683 650 2708 verbis
672 2687 810 2709 mutuatus
832 2687 887 2713 est,
903 2687 932 2708 ut

143 2724 178 2744 ex
199 2716 345 2744 collatione
358 2717 506 2751 apparebit,
523 2716 610 2751 inquit
622 2717 655 2743 cl.
669 2717 700 2744 G.
717 2717 810 2744 Bullus
822 2717 930 2751 Defens.

144 2751 194 2786 βά.
211 2751 271 2779 Nic.
287 2756 353 2779 sect.
369 2752 396 2783 2,
412 2759 472 2786 cap.
491 2752 537 2783 15,
562 2760 588 2777 ιι.
606 2752 637 2784 6;
659 2760 739 2786 quem
760 2753 792 2779 de
810 2752 930 2780 Luciano

143 2787 261 2821 ejusque
272 2787 400 2821 Symbolo
412 2787 467 2813 vid.
482 2786 552 2820 apud
566 2787 628 2813 Soz.
643 2788 689 2814 lib.
705 2795 745 2818 Ill,
758 2795 817 2821 cap.
832 2788 857 2819 5,
871 2793 927 2813 not.

145 2829 172 2850 ι.
193 2822 326 2848 Baronius
339 2822 419 2848 etiam
435 2821 586 2848 Lucianum
601 2822 694 2848 haeresi
715 2822 829 2849 liberare
847 2830 930 2849 cona-

146 2863 202 2892 tnr.
219 2858 288 2882 notis
311 2856 337 2882 in
356 2856 590 2892 Martyrologium,
607 2862 631 2884 et
648 2858 798 2885 Annalibus
816 2858 848 2884 ad
865 2865 928 2884 ann.

146 2891 196 2919 5H
219 2896 245 2918 et
262 2892 324 2919 518.

1024 2647 1057 2683 (b)
1070 2647 1237 2683 φαρμάκοις
1247 2646 1305 2672 ὑπὸ
1321 2645 1380 2672 τῶν
1390 2645 1528 2683 ἀδελφῶν
1539 2644 1684 2683 τεθνὰρςαζ.
1700 2642 1771 2670 Idem

986 2680 1058 2716 quod
1073 2682 1272 2716 PliilOstorgius
1285 2701 1291 2712 ,
1309 2683 1424 2715 produnt
1442 2681 1562 2708 Zonaras
1578 2680 1769 2716 etVCedrrnus.

987 2714 1101 2756 zonam:
1117 2718 1197 2743 verba
1214 2714 1283 2756 sunt
1298 2714 1466 2756 ξψάιρμοικόν
1479 2716 1594 2756 ’τιήπιεῖν
1609 2714 1771 2756 δηλητήριον

983 2753 1092 2785 λέγεται
1111 2753 1185 2786 παρὰ
1199 2751 1253 2777 τῶν
1275 2748 1441 2786 ἐτεροθαλῶν
1457 2751 1530 2785 αὐτῷ
1549 2748 1682 2786 κερασθὲν
1694 2748 1771 2775 ἁδελ-

985 2788 1060 2821 φὼν·
1076 2785 1192 2813 toxicum
1208 2795 1223 2812 α
1239 2785 1367 2820 fratribus
1383 2792 1457 2820 patre
1472 2787 1603 2812 duntaxat
1619 2785 1708 2812 eodem
1721 2791 1770 2821 Itq-

985 2818 1017 2848 t'is
1036 2827 1206 2855 temperatum
1223 2818 1340 2848 hausisse
1356 2818 1448 2855 fertur.
1465 2823 1498 2847 At
1511 2821 1577 2848 nihil
1592 2821 1644 2847 tale
1661 2820 1695 2846 ab
1711 2818 1770 2845 aliis

984 2858 1191 2887 liistoricis.si\'e
1203 2857 1318 2884 ethnicis
1331 2857 1386 2883 sive
1397 2856 1572 2889 Christianis,
1588 2859 1770 2882 memoratum

984 2900 1142 2926 l‘CpCl‘llllllS.
