1978 3075
129 161 177 191 431

659 156 940 185 ΕΕΕΕΕΞΙΑΞΤΙΟΛΕ
962 156 1136 184 1115ΤοΙῖιῶ
1157 156 1220 185 LIB.
1245 156 1289 184 Ill.

1705 158 1759 186 ηδτ

129 217 276 254 ὶκκλησίαν
300 217 383 252 φησὶν
407 217 487 243 αὐτὸν
512 214 684 252 δομήσασθαι
707 215 758 250 τὴν
784 215 813 241 ὲν
839 215 917 241 Κων-

972 215 1031 249 fert.
1047 230 1083 234 —
1102 214 1194 242 Multis
1213 214 1340 242 laudibus
1357 214 1546 242 Constantium
1572 213 1649 242 eﬂ‘ert
1664 213 1758 242 Philo-

129 264 269 291 σταντίνου
292 263 380 296 πόλει,
401 263 448 289 καὶ
470 260 552 289 οὖσαν
573 262 621 289 καὶ
643 261 816 296 καλουμένην
834 260 918 295 μεγά-

128 311 187 347 λην.
206 311 261 337 Καὶ
286 310 318 346 δὴ
344 309 392 337 καὶ
423 309 552 345 Ἀνδρέαν
577 309 622 335 τὸν
649 307 798 334 ἀπόστολον
820 308 851 333 ὲκ
867 307 918 342 τῆς

134 358 244 392 Ἀχαΐας
259 356 441 392 μετακομίσαι
456 356 502 382 ὲπὶ
525 356 571 382 τὸν
597 354 660 381 ναὸν
672 354 702 381 ὃν
720 350 798 386 οὗτος
819 354 918 388 ἐξῳκο-

127 403 273 438 δομήσατο,
289 402 320 428 τὸ
334 402 421 429 κοινὸν
437 402 491 428 τῶν
515 400 683 427 ’Δποστόλων
696 400 737 435 (ιι)
750 400 916 435 ἐπιφερόμε-

128 459 171 477 νον
188 451 282 486 ὄνομα,
295 446 325 476 οὗ
339 449 453 484 πλησίον
473 448 519 474 καὶ
532 448 577 474 τὸν
592 446 718 483 πατρῴον
738 447 822 482 τάφον
844 446 917 482 ἱδρύ-

129 496 227 523 σασθαι
237 505 244 511 ·
263 496 307 523 ναὶ
320 495 352 531 δὴ
367 496 413 522 καὶ
428 496 535 522 Λουκᾱν
552 494 596 520 τὸν
611 493 806 528 εὐαγγελιστὴν
822 494 853 519 ἐκ
866 493 917 528 τῆς

129 541 214 576 αὐτῆς
248 541 359 575 Ἀχαΐας
384 541 424 572 είς
447 540 478 566 τὸ
503 539 568 566 αὐτὸ
595 539 765 574 μετενεγκεῖν
788 538 915 573 τέμενος·

129 587 196 615 ἀλλᾶ
213 588 261 614 καὶ
275 586 406 622 Τιμόθεον
419 586 465 612 τὸν
483 585 632 612 ἀπόστολον
646 584 777 615 ὡσαύτως
789 583 818 617 ἐξ
838 583 916 617 Ἐφέ-

129 642 175 660 ceu
189 633 239 667 τῆς
260 633 363 663 Ἰωνίας
377 633 417 663 εἰς
431 632 477 657 τὸν
500 631 580 658 αὐτὸν
603 630 767 665 ἀνακομίσαι
784 629 918 665 περιώνυ-

131 689 179 716 μον
196 680 243 706 xli.
264 679 411 713 σεὸόισμιον
426 675 508 704 οἶκον.

163 772 198 803 γ’.
220 769 281 794 ’Ότι
303 769 372 802 φησὶ
384 767 422 798 ὡς
441 768 455 793 ὁ
478 766 664 797 Κωνστάντιος
697 766 778 799 γνοὺς
802 765 916 792 Ἀθανά-

129 824 185 842 σιον
213 815 258 841 τὸν
288 813 490 849 Ἀλεξανδρείας
515 812 609 848 θρόνον
633 812 788 844 ἀναλαϐεῖν,
814 813 917 838 ἐκεῖνον

130 862 178 896 μὲν
201 860 306 887 ἐλαύνει
321 860 372 895 τῆς
399 859 612 894 Ἀλεξανδρείας,
634 858 916 895 ἀντιχειροτονηθῆναι

127 908 156 934 δὲ
170 907 282 943 γνώμην
295 907 440 941 ἀποφαίνει
457 905 592 941 Γεώργιον
604 905 650 932 τὸν
664 905 696 931 ὲκ
706 905 915 936 Καππαδοκίας.
933 897 954 925 η

134 954 164 980 '0
185 953 213 980 δὲ
245 952 401 984 Ἀθανάσιος
422 952 514 984 δείσας
539 952 586 978 καὶ
601 951 650 983 τὰς
669 951 785 983 ἀπειλὰς
804 951 851 978 καὶ
869 952 916 978 τὸν

129 1000 158 1032 ἐξ
174 999 319 1034 ὲπιόουλῆς
334 999 458 1032 θάνατον,
477 999 547 1034 πρὸς
558 998 604 1025 τὸν
620 997 747 1033 ἑσπέριον
762 998 918 1032 ἀφικνεῖται

129 1045 210 1072 πάλιν
229 1045 351 1080 βασιλέα.

162 1135 193 1162 δ’.
215 1135 276 1161 Ὅτι
291 1134 479 1161 Κωνστάντιόν
494 1143 561 1170 φησι
575 1134 838 1169 διαπρεσϐεύσασθαι
850 1134 918 1170 πρὸς

127 1181 191 1213 τοὺς
214 1181 297 1208 πάλαι
325 1181 374 1216 μὲν
397 1181 531 1212 Σαϐαίους
556 1181 611 1215 (b),
632 1180 679 1207 νῦν
707 1180 736 1207 δὲ
768 1180 918 1216 Ὀμηρίτας

128 1227 322 1262 καλουμένους.
345 1227 423 1253 Ἔστι
440 1226 468 1252 δὲ
483 1227 514 1253 τὸ
535 1225 612 1257 ἔθνος
633 1226 688 1252 τῶν
708 1227 740 1253 ὲκ
762 1226 919 1262 Χεττούρας

127 1272 166 1307 τῷ
193 1273 318 1308 Ἀῦραὰμ
332 1273 496 1307 γενομένων.
522 1273 577 1306 Τὴν
594 1272 623 1298 δὲ
640 1271 731 1308 χώραν
753 1272 873 1308 μεγάλην
887 1281 917 1299 τε

136 1318 264 1354 ’Δραθίαν
281 1318 422 1345 καλεῖσθαι
436 1318 483 1345 καὶ
498 1318 645 1353 εὐδαίμονα
660 1319 727 1354 πρὸς
745 1319 800 1345 τῶν
825 1319 918 1354 Ἐλλή-

128 1375 199 1392 νων·
220 1366 351 1401 καθήκειν
372 1365 401 1391 δὲ
428 1365 474 1391 ἐπὶ
495 1365 541 1391 τὸν
564 1364 698 1397 ἐξώτατον
723 1365 858 1392 ὠκεανόν·
884 1362 918 1400 ἧς

130 1412 327 1448 μητρόπολιςὴ
350 1411 440 1438 Σάϐα·
469 1411 499 1443 ἐξ
521 1409 555 1446 ἧς
572 1411 619 1437 καὶ
641 1411 657 1446 ἡ
684 1411 792 1446 βασιλὶς
809 1412 918 1438 καὶτὸν

128 1457 290 1493 Σδλομῶντα
313 1456 496 1492 παραγεγόνει
515 1456 580 1491 (57).
612 1457 812 1492 Ἑμπερίτομον
838 1457 866 1483 δὲ
888 1457 918 1483 τὸ

127 1504 204 1535 ἔθνος
215 1504 282 1536 (58η,
294 1502 364 1530 κατὰ
378 1503 427 1538 τὴν
441 1502 536 1537 ὀγδόην
552 1512 585 1529 πε
589 1511 646 1538 ριτε
651 1503 784 1538 μνὸμενον
796 1503 917 1539 ἡμέραν⁸

128 1550 176 1576 καὶ
189 1549 297 1576 θύουσιν
313 1549 379 1584 ἡλίῳ
402 1549 448 1575 καὶ
475 1549 574 1584 σελήνῃ
599 1548 644 1574 καὶ
664 1548 789 1583 δαίμοσιν
816 1549 913 1583 ἐπιχωι

130 1597 208 1631 ρίοις.
233 1596 290 1622 Οὐκ
307 1595 396 1628 ὀλίγον
418 1595 446 1621 δὲ
473 1594 574 1629 πλῆθος
597 1595 643 1621 καὶ
672 1594 804 1621 Ἰουδαίων
826 1594 917 1627 αὐτοῖς
932 1583 952 1611 C

127 1641 331 1676 ἀναπέφυρται.
349 1641 421 1675 Πρὸς
440 1639 543 1670 τούτοις
560 1637 606 1666 οὖν
620 1639 846 1675 διαπρεσϐεύεται
862 1639 917 1674 (59)

127 1688 328 1719 Κωνστάντιος,
351 1688 397 1713 ἐπὶ
413 1686 461 1722 τὴν
478 1686 618 1712 εὐσέϐειαν
641 1685 740 1712 σκοπὸν
759 1685 919 1720 ποιούμενος

128 1734 226 1765 αὐτοὺς
245 1733 410 1768 μεταθέσθαι
423 1741 429 1748 ·
456 1732 554 1767 δώροις
569 1740 598 1757 τε
621 1730 667 1758 οὖν
683 1731 918 1766 μεγαλοπρεπέσι,

128 1781 176 1807 καὶ
201 1779 299 1814 πλήθει
315 1779 381 1813 (Ml),
407 1778 451 1804 τὸν
474 1777 678 1812 καθηγούμενον
693 1777 740 1803 τοῦ
763 1777 858 1810 ἔθνους
880 1778 919 1803 οἰ-

128 1826 295 1854 κειώσασθαι
314 1827 460 1852 διενοεῖτο·
488 1825 615 1851 κάκεῖθεν
643 1825 704 1851 αὐτὶ
731 1824 779 1850 καὶ
805 1823 839 1850 τὰ
863 1823 919 1859 (Μ)

128 1874 178 1909 τῆς
198 1871 338 1904 εὐσεϐείας
354 1871 500 1907 σπέρματα
515 1872 606 1906 χώραν
623 1871 713 1906 εὑρεῖν
729 1871 918 1899 ὲναποθέσθαι.

135 1920 219 1953 Ἀξιοῖ
235 1919 263 1945 δὲ
284 1918 332 1945 καὶ
348 1919 499 1953 παρασχεῖν
521 1917 668 1952 ἐκκλησίας
687 1918 743 1948 τοῖς
758 1917 847 1943 ἐκεῖσε
865 1916 919 1943 τῶν

134 1964 279 2000 Ῥωμαίων
294 1964 504 1998 ἀφικνουμένοις
519 1963 792 1998 ἀνοικοδομήσασθαι,
803 1963 849 1989 καὶ
859 1963 918 1989 εἴτι

129 2010 193 2037 ἄλλο
207 2010 261 2037 τῶν
276 2009 445 2045 αὐτοχθόνων
460 2009 507 2035 ἐπὶ
520 2009 569 2044 τὴν
582 2008 723 2035 εὐσέϐειαν
736 2008 917 2036 ἀποκλίνοιεν.

135 2055 235 2083 Ἐδίδου
250 2055 278 2082 δὲ
293 2056 340 2082 καὶ
363 2055 455 2090 φέρειν
477 2054 625 2089 φιλοτίμως
643 2055 704 2086 τοὺς
728 2055 857 2090 πρέσϐεις
873 2056 921 2082 καὶ

969 261 1102 296 storgius,
1130 261 1224 296 aitque
1251 269 1313 288 eum
1347 260 1583 295 Constantinopoli
1613 261 1757 289 ecclesiam

968 308 1126 339 mdiﬁcasse.
1142 316 1203 343 qua:
1215 315 1312 335 revera
1328 312 1356 335 et
1371 312 1413 335 est
1426 313 1452 334 et
1466 308 1566 335 dicitur
1579 314 1689 341 magna.
1706 306 1760 334 Re-

969 353 1067 388 liquias
1076 354 1157 380 etiam
1170 354 1284 380 Andreae
1295 353 1408 387 apostoli
1424 361 1457 380 ex
1473 353 1574 380 Achaia
1589 360 1652 380 eum
1669 357 1759 380 trans-

968 400 1067 427 tulisse
1096 399 1192 426 scrihit
1216 399 1243 426 in
1259 399 1402 426 ecclesiam
1421 406 1502 433 quam
1520 398 1576 432 ipse
1593 398 1757 426 absolverat.

968 453 1029 480 qum
1044 445 1234 480 Apostolorum
1249 449 1372 472 vocatur.
1391 445 1423 472 Et
1437 445 1514 479 juxta
1532 452 1592 471 eam
1611 444 1756 472 ecclesiam

969 493 1054 526 patris
1081 492 1123 519 sui
1146 493 1280 519 tumulum
1309 493 1477 524 collocasse;
1501 491 1603 519 Lucam
1628 496 1758 526 praeterea

968 538 1161 573 evangelistam
1185 546 1218 564 ex
1242 539 1335 565 eadem
1356 539 1459 565 Achaia
1481 538 1516 564 ab
1539 545 1571 564 eo
1595 537 1757 564 translatum

969 591 1029 611 esse
1040 584 1066 610 in
1078 583 1262 618 supradiclam
1278 583 1439 616 ecclesiam;
1454 583 1627 610 Timotheum
1640 581 1758 616 denique

968 630 1120 664 apostolum
1139 630 1173 656 ab
1190 630 1257 656 urbe
1272 629 1352 656 Ioniae
1368 629 1475 664 Epheso
1493 629 1521 656 in
1536 629 1669 655 celebrem
1683 628 1756 654 illam

969 682 1002 701 ac
1012 674 1194 701 venerabilem
1213 675 1353 702 basilicam
1368 675 1448 710 jussu
1464 675 1587 710 ejusdem
1602 673 1756 702 Constantii

969 721 1141 754 deportatum
1157 720 1254 748 fuisse.

1004 767 1028 793 5.
1051 766 1216 793 Athanasius
1234 767 1313 802 fugit.
1335 782 1373 789 —
1395 766 1441 794 Ait
1461 766 1659 800 Philostorgius
1684 765 1757 792 Con-

969 812 1114 843 stantium,
1140 820 1202 839 cum
1225 813 1406 840 Athanasium
1429 812 1640 839 Alexandrinam
1664 811 1755 839 sedem

969 858 1136 892 postliminio
1152 865 1326 892 recuperasse
1342 858 1491 889 didicisset,
1508 865 1569 884 eum
1584 857 1692 892 quidem
1707 863 1757 883 ex-

970 904 1071 938 pulisse
1094 904 1276 936 Alexandria,
1304 904 1450 931 mandasse
1473 911 1539 930 vero
1565 908 1594 930 ut
1623 903 1757 938 Georgius

971 949 1115 983 Cappadox
1127 950 1187 984 ejus
1201 949 1259 976 loco
1269 950 1450 976 ordinaretur.
1462 949 1641 976 Athanasium
1654 949 1755 982 itaque,

969 1003 1031 1022 cum
1048 996 1221 1030 imperatoris
1242 996 1331 1023 minas
1347 1000 1372 1023 et
1389 996 1562 1023 inimicorum
1581 995 1693 1023 insidias
1714 1002 1754 1021 re-

970 1041 1140 1075 formidaret,
1154 1043 1188 1069 ad
1209 1042 1401 1077 imperatorem
1423 1043 1469 1077 qui
1487 1047 1543 1069 tum
1560 1042 1587 1068 in
1604 1042 1758 1070 Occidentis

968 1089 1093 1123 partibus
1111 1089 1251 1124 regnabat,
1265 1089 1355 1116 denuo
1368 1097 1397 1117 se
1410 1089 1570 1116 contulisse.

1003 1135 1031 1162 4.
1051 1135 1091 1161 Διί
1108 1135 1260 1162 llomeritas
1272 1135 1379 1170 legatio.
1394 1135 1549 1170 Theophilus
1564 1135 1657 1162 Indus.
1669 1135 1758 1163 —Ait

968 1180 1178 1216 Philostorgius,
1195 1181 1384 1208 Constantium
1407 1182 1510 1217 legatos
1530 1182 1638 1209 misisse
1654 1183 1688 1209 ad
1711 1190 1758 1210 eos

968 1227 1015 1261 qui
1032 1227 1097 1254 olim
1113 1227 1222 1262 quidem
1240 1227 1337 1259 Sabaei,
1350 1235 1423 1255 nunc
1440 1233 1529 1255 autem
1550 1227 1695 1256 llomcritte
1711 1236 1759 1255 vo-

969 1278 1075 1300 cantur.
1094 1273 1142 1300 Est
1156 1273 1213 1300 luec
1227 1281 1293 1308 gens
1307 1282 1402 1301 eorum
1425 1275 1471 1309 qui
1495 1282 1528 1301 ex
1549 1275 1679 1302 Chettura
1702 1277 1758 1302 nali

969 1324 1033 1346 sunt
1046 1319 1171 1347 Ahralne.
1184 1319 1331 1355 Reginncm
1349 1326 1439 1347 autem
1453 1329 1534 1356 quam
1549 1321 1680 1355 incolunt,
1692 1322 1759 1349 Ara-

968 1365 1040 1392 biam
1053 1374 1177 1400 magnam
1191 1371 1217 1394 ct
1244 1367 1347 1393 lelicem
1364 1375 1378 1393 a
1395 1367 1497 1394 Gra-cis
1508 1368 1636 1402 appellari
1653 1367 1757 1399 scribit,

968 1417 995 1439 et
1016 1413 1048 1439 ad
1065 1413 1194 1440 extimum
1217 1412 1356 1439 Oceanum
1379 1413 1549 1448 pertingere;
1566 1413 1680 1448 ejusque
1701 1421 1759 1441 me-

970 1459 1095 1493 tropolitn
1118 1467 1178 1486 csse
1194 1458 1304 1490 Sabam,
1319 1467 1351 1485 cx
1372 1467 1425 1493 qua
1441 1459 1508 1486 urbe
1526 1459 1590 1486 olim
1609 1460 1701 1495 regina
1722 1461 1757 1487 ad

970 1503 1142 1531 Salomonem
1166 1505 1307 1532 visendum
1333 1505 1452 1540 profecta
1477 1510 1528 1532 est.
1549 1505 1597 1532 Est
1621 1513 1710 1533 autem
1725 1514 1757 1534 ea

970 1558 1036 1585 gens
1051 1559 1082 1577 cx
1098 1551 1318 1583 circumcisione,
1331 1556 1357 1578 et
1368 1557 1464 1578 octavo
1478 1552 1521 1578 die
1534 1553 1756 1586 circumciditur;

969 1595 1125 1623 sacriﬁcant
1143 1596 1224 1623 etiam
1242 1597 1292 1623 soli
1309 1602 1335 1623 et
1354 1597 1422 1624 luna:
1441 1603 1466 1624 et
1480 1598 1532 1625 diis
1548 1598 1693 1633 indigenis.
1710 1598 1758 1625 Ju-

968 1641 1089 1668 da:orum
1108 1649 1217 1676 quoque
1233 1649 1286 1668 non
1302 1642 1398 1677 exigua
1413 1643 1559 1670 multitudo
1581 1644 1614 1670 iis
1629 1645 1757 1678 permista

967 1691 1018 1713 est.
1034 1687 1075 1713 Ad
1089 1686 1138 1713 hos
1155 1687 1237 1722 igitur
1249 1687 1411 1722 legationem
1433 1689 1507 1714 misit
1521 1687 1709 1720 Constantius,
1725 1697 1758 1716 eo

968 1731 1085 1758 consilio
1100 1737 1129 1758 ut
1142 1732 1176 1758 ad
1188 1739 1279 1759 veram
1299 1733 1425 1767 pietatem
1439 1733 1500 1759 illos
1514 1734 1663 1760 traduceret
1675 1742 1681 1766 ;
1700 1741 1759 1768 pro-

969 1778 1032 1805 inde
1046 1778 1198 1813 magniﬁcis
1214 1779 1374 1806 muneribus
1387 1783 1414 1806 et
1426 1779 1524 1806 blanda
1539 1780 1683 1807 verborum
1696 1788 1758 1815 per-

969 1824 1100 1851 suasione
1117 1832 1208 1859 regem
1223 1825 1298 1852 illius
1311 1826 1399 1860 gentis
1421 1825 1475 1852 sibi
1491 1826 1637 1853 conciliare
1652 1827 1756 1854 statuit.

970 1875 1050 1904 atquc
1061 1878 1093 1897 ex
1106 1878 1138 1898 eo
1151 1871 1242 1897 statim
1258 1872 1488 1905 opportunitatem
1500 1878 1606 1905 nactus,
1619 1873 1758 1909 religionis

969 1916 1073 1943 semina
1090 1916 1126 1942 ibi
1143 1924 1279 1951 spargere.
1296 1916 1447 1944 Postulavit
1468 1920 1560 1950 etiam,
1573 1923 1602 1946 ut
1625 1919 1759 1947 Romanis

969 1961 1035 1990 illuc
1048 1963 1250 1997 navigantibus,
1264 1968 1291 1990 et
1305 1964 1425 1998 regionis
1442 1965 1538 1992 incolis
1550 1966 1596 2000 qui
1613 1966 1645 1993 ad
1657 1966 1759 1995 Christi

969 2008 1050 2035 ﬁdem
1071 2009 1193 2036 converti
1216 2009 1326 2042 vellent,
1342 2010 1473 2038 ecclesias
1498 2011 1632 2039 aediﬁcare
1656 2012 1758 2040 liceret.

970 2053 1050 2081 Dedit
1073 2054 1155 2081 etiam
1178 2055 1273 2090 legatis
1298 2063 1423 2091 magnam
1447 2056 1501 2083 vim
1525 2057 1655 2092 pecuniae,
1677 2066 1759 2093 quam

743 2122 865 2144 VALESII
885 2122 1132 2145 ANNOTATIONES.

166 2178 222 2213 (37)
249 2177 381 2214 Kaljdr
407 2176 814 2214 Σολομῶντα-ςταραγεγένει.
840 2176 917 2214 Νἱοοτ

972 2184 1031 2214 meo
1055 2176 1280 2214 periculo,_rrpbg
1304 2177 1433 2209 τούτους”
1460 2178 1501 2206 sic
1525 2179 1598 2206 enim
1620 2180 1760 2214 postulant

150 2211 234 2241 hortis
247 2213 274 2240 in
292 2212 361 2239 libro
380 2217 476 2239 octavo
491 2213 578 2246 capite
593 2212 638 2247 553
657 2212 726 2239 hunc
741 2211 917 2247 Philostorgii

150 2222 234 2241 IIOI'US
247 2222 274 2240 ΙΙ]
292 2222 361 2239 HD“)
380 2222 476 2239 υειὲινο
491 2222 578 2246 οιιριιε
593 2222 638 2239 οι).
657 2222 726 2239 IlllllL‘
741 2222 917 2247 l'llllUSlUl‘gll

128 2222 218 2276 limum
233 2247 398 2277 describens.
412 2248 445 2274 ita
461 2248 523 2282 legit
536 2257 541 2262 -
561 2247 604 2280 Ἐξ
618 2245 651 2282 ἧς
661 2246 815 2281 Σολομῶντι
828 2256 917 2280 mpu-

127 2283 270 2318 γεγονέναι
284 2282 362 2317 λόγος
380 2283 436 2317 ἔχει
451 2281 500 2317 τὴν
514 2282 562 2309 τοῦ
578 2281 847 2318 Νότουγβασίλισσαν.
862 2282 918 2318 Ego

128 2317 255 2346 Photium
274 2318 416 2351 scripsisse
433 2323 498 2352 puto
509 2319 578 2353 πρὸς
591 2317 636 2343 τὸν
656 2317 827 2353 Σολομῶντα,

166 2355 223 2389 (58)
250 2354 460 2389 Ἐκπερίτομοι·
471 2353 504 2379 δὲ
516 2352 549 2379 τι)
567 2352 664 2384 ἔθνος.
687 2352 865 2389 Scribendum
878 2357 919 2389 est

129 2387 225 2424 procul
246 2389 329 2416 dubio
351 2387 546 2424 ἐμπερίτομον,
569 2388 917 2424 qttentatlmodumhpraefe-

127 2422 195 2452 i'unt
209 2424 301 2458 scripti
317 2422 434 2454 codices,
452 2422 636 2449 Seoriacensis
648 2423 751 2449 scilicet
761 2422 919 2458 etBochar-

129 2462 232 2486 tianus.
249 2457 334 2491 Quarti
348 2459 510 2492 scripturam
527 2458 671 2484 conﬁrmat
680 2458 762 2484 etiam
781 2457 917 2492 Nicepho-

127 2502 179 2521 rus
196 2495 224 2521 in
241 2495 310 2521 libro
325 2501 383 2523 vni.
399 2494 486 2527 capite
496 2493 591 2527 rcitato.

167 2530 223 2565 (59)
244 2529 322 2563 Πρὸς
339 2526 456 2561 τούτοις
471 2526 528 2555 οὖν
542 2528 795 2562 διαπρεσϐεύεται.
823 2527 918 2555 Scribe

972 2213 1044 2243 leges
1059 2212 1252 2246 grammaticas.

1008 2247 1063 2282 (40)
1082 2247 1136 2274 Καὶ
1160 2246 1279 2281 πλήθει,
1302 2246 1479 2274 Scribendum
1500 2248 1566 2275 mihi
1588 2249 1694 2276 videtur
1713 2250 1760 2276 καὶ

972 2283 1055 2313 πιθοῖ,
1070 2289 1151 2317 quam
1169 2284 1330 2316 scripturam
1354 2282 1380 2308 in
1399 2283 1621 2317 interpretatione
1635 2292 1694 2312 mea
1711 2294 1759 2312 cx-

972 2317 1069 2353 pressi.
1086 2317 1286 2353 CerteAvnlgata
1304 2318 1382 2344 lectio
1394 2318 1459 2344 l'crri
1475 2326 1527 2345 non
1545 2324 1642 2353 potest.

1009 2352 1065 2386 (41)
1085 2351 1312 2379 Κάκεῖθεναύτὶ
1329 2353 1378 2379 καὶ
1403 2353 1447 2380 τά.
1476 2353 1503 2380 lu
1528 2351 1580 2380 uis.
1598 2355 1690 2382 codice
1707 2355 1760 2382 Bo-

974 2387 1061 2414 charti
1085 2387 1217 2421 scriptum
1241 2388 1341 2420 inveni,
1360 2388 1486 2414 κάκεῖθεν
1507 2389 1592 2423 αὐτῆς
1618 2397 1666 2423 per
1682 2397 1759 2417 com-

971 2423 1110 2456 pendium.
1130 2422 1206 2455 Quod
1228 2430 1288 2450 cum
1307 2431 1360 2449 non
1382 2424 1543 2458 intelligeret
1563 2422 1759 2458 Gothofredus,

970 2458 1061 2494 edidit
1079 2458 1151 2490 αὐτί,
1170 2465 1230 2494 (ιυῲ
1246 2465 1297 2484 vox
1320 2458 1397 2484 nihili
1419 2464 1469 2494 est.
1491 2460 1542 2486 Sed
1567 2461 1660 2494 procul
1675 2461 1759 2487 dubio

969 2493 1111 2530 legendum
1131 2498 1175 2530 est
1189 2493 1304 2530 ναύτοίςκ
1325 2493 1419 2530 supple
1437 2493 1612 2530 ξομηρίταις.
1630 2494 1761 2523 Scriben—

969 2528 1034 2555 dum
1051 2529 1132 2555 etiam
1151 2529 1257 2555 videtur
1272 2527 1362 2564 χώραν
1379 2527 1478 2563 εὑρὼνέ

861 2595 1035 2618 VARIORUM.

167 2656 206 2690 (a)
235 2654 296 2682 Τῶν
324 2654 526 2690 ’.ιυιόο-λνυλιιννἶ
541 2651 605 2690 _SS.
629 2652 820 2690 Apostolorum
848 2656 917 2678 tem-

127 2687 215 2727 plum,
234 2690 356 2717 omnium
379 2693 440 2723 post
465 2688 631 2727 sophianum
655 2687 860 2727 celeberrimum
884 2694 916 2713 ac

148 2721 355 2756 ulcherrimum,
379 2721 514 2750 exstruxit
536 2723 731 2750 Constantinus
753 2721 866 2756 Magnus
886 2727 916 2748 ut

127 2758 157 2790 in
173 2770 206 2788 eo
220 2761 397 2795 imperatores
413 2759 559 2795 Christiani
575 2763 634 2795 post
652 2758 756 2795 obi_t_um
771 2758 918 2795 hutnaren-

127 2803 186 2825 tur.
203 2792 383 2829 Theophanes
399 2802 458 2828 pag.
475 2793 521 2826 2|;
538 2793 672 2829 Eusebius
690 2792 746 2829 lit.
765 2792 856 2829 Const.
868 2793 915 2829 lib.

127 2840 168 2864 tv,
184 2839 245 2866 cap.
265 2827 316 2862 58;
339 2827 407 2866 Socr
433 2827 479 2866 lib.
503 2838 521 2860 ι,
538 2836 598 2866 cap.
621 2827 664 2866 t6.
690 2827 757 2866 Yide
780 2827 864 2866 multa
884 2828 917 2866 de

128 2862 182 2895 hoc
211 2862 311 2900 templo
340 2865 409 2899 apud
435 2862 603 2900 Ducaugiu'm
635 2864 662 2891 in
688 2862 917 2897 Constantinopoli

126 2899 296 2932 Christiano.
313 2900 360 2928 lib.
379 2907 415 2932 tv,
431 2907 490 2935 cap.

1007 2652 1043 2687 (ὁ)
1063 2651 1142 2685 Πρὸς
1156 2651 1226 2685 τοὺς
1239 2650 1332 2678 πάλαι
1345 2652 1404 2686 μὲν
1420 2653 1574 2687 Σαϐαίους.
1594 2651 1704 2679 Peracta
1721 2657 1761 2680 est

971 2686 1029 2715 haec
1043 2688 1141 2721 legatio
1155 2695 1227 2713 anno
1247 2687 1309 2717 556,
1327 2692 1356 2713 ιιι
1372 2687 1511 2713 existimat
1529 2686 1712 2714 Gothofredus
1734 2689 1760 2714 in

972 2723 1117 2750 Comment.
1133 2722 1223 2756 Leg.2
1239 2722 1298 2748 cod.
1314 2721 1419 2748 Thcod.
1439 2722 1474 2749 De
1487 2722 1591 2756 Legatis
1609 2723 1670 2748 data
1684 2731 1748 2749 xvttt

972 2757 1036 2785 Kal.
1050 2758 1115 2784 Fel).
1130 2758 1285 2784 Constantio
1308 2758 1374 2791 Aug.
1408 2756 1477 2783 VIII
1503 2765 1527 2783 ct
1558 2757 1668 2783 Iuliano
1692 2758 1760 2784 C038.

971 2802 1052 2824 εοεε..
1076 2794 1101 2819 in
1118 2801 1170 2827 qua
1186 2793 1254 2820 dicit
1285 2793 1433 2826 imperator
1462 2792 1585 2820 :Nullus
1610 2793 1645 2818 ad
1660 2799 1761 2828 gentem

971 2830 1158 2856 AIumitarum
1170 2834 1194 2854 et
1211 2828 1408 2854 "emeritorum
1433 2828 1471 2854 ire
1484 2833 1640 2862 prwcejitus,
1658 2832 1707 2854 etc.
1733 2827 1760 2854 ld

970 2869 1022 2897 est,
1041 2865 1168 2899 legatione
1183 2863 1258 2899 fungi
1270 2863 1373 2897 jussus,
1392 2867 1421 2890 ut
1435 2858 1551 2898 explicat
1565 2858 1760 2890 Gothofredus.
