1978 3075
110 150 163 179 189

619 147 898 178 ECCLESIASTIC/E
919 149 1092 178 illSTOlilgE
1113 151 1176 178 LIB.
1197 150 1240 177 lli.

1679 156 1731 184 430

111 211 199 236 ἐκεῖσε
218 207 467 242 καταστησάμενος,
482 206 530 242 τῆς
554 207 601 233 ἐπὶ
628 207 780 242 Ῥωμαίους
800 208 899 234 ἀνακο‹

954 207 1081 235 ditionem
1101 207 1189 235 redire
1205 208 1296 242 coepit.
1316 207 1405 235 Multis
1420 209 1516 236 deinde
1536 209 1684 238 honoribus
1697 211 1731 239 ab

111 255 192 290 μιδῆς
214 254 310 288 είχετο.
332 252 438 286 Πολλῆς
455 252 484 278 δέ
502 252 553 288 τῆς
564 252 647 287 τιμῆς
669 252 744 288 παρὰ
757 252 804 279 ams
823 252 900 287 βασι-

111 301 180 332 λέως
206 299 275 334 μετὰ
295 300 345 334 τὴν
367 298 496 325 ἐπάνοδον
510 298 646 330 ἀξιωθεὶς,
671 298 749 325 πόλιν
766 299 814 333 μὲν
834 298 901 325 ίδίαν

110 347 213 382 ὲφορᾷν
228 346 278 372 οὐκ
291 344 481 380 ἐκληρώσατο*
499 344 587 371 κοινὸν
603 344 625 370 δ’
638 344 732 380 ὥσπερ
744 344 855 379 ἄγαλμα
866 344 900 371 δι’

110 392 212 428 ἀρετὴν
224 393 280 423 τοῖς
296 390 432 426 ὁμοδόξοις
443 390 582 417 ἐσλέπετο.

145 438 177 470 ζ’.
198 437 258 464 Ὀτι
273 437 319 463 ἐπὶ
335 435 374 471 τῷ
393 436 506 471 στόματι
525 435 575 470 τῆς
595 435 731 470 Περσικῆς
750 434 899 470 θαλάσσης,

108 473 142 519 ἢν
159 483 270 518 όταύτῃ
290 482 411 514 ὠκεανὸς
432 481 546 516 εἰσέχων
565 480 702 512 ἀποτελεῖ,
724 481 854 516 μεγίστην
870 489 900 507 τε

109 529 203 560 οὖσαν,
219 529 267 555 καὶ
278 528 341 564 ἔθνη
354 527 444 563 κύκλῳ
460 527 546 554 πολλὰ
565 526 807 562 περιδαλλομένην,
825 526 899 553 ἄλλοι

108 583 138 600 τε
155 574 278 609 μέγιστοι
298 573 426 608 ποταμοὶ,
446 573 520 599 καὶὸ
534 572 629 607 Τίγρις
645 572 699 603 τοῖς
718 571 836 607 ῥείθροις
850 572 900 606 ἐμ-

109 620 214 651 ϐάλλει,
228 619 257 650 ὃς
274 619 341 654 πρὸς
357 617 527 653 ’Λπηλιώτην
539 618 586 644 καὶ
599 617 720 644 κάτωθεν
733 618 784 652 τῆς
799 617 901 652 ’Υρκα-

109 666 170 697 νίας
185 665 332 701 θαλάσσης,
345 666 373 691 ἐν
383 664 536 700 Κορδιαίοις
550 664 598 699 μὲν
608 664 657 695 τὰς
668 665 798 698 ἐμφανεῖς
808 663 901 690 ἀναδό-

111 717 169 743 σεις
182 711 318 747 λαμϐάνει
344 710 421 746 παρὰ
435 711 484 745 τὴν
497 710 597 745 Συρίαν
616 710 768 744 ἐλκὸμενος.
790 709 865 736 Ἐπεὶ
878 709 900 735 δ’

111 758 144 784 ἂν
158 757 265 792 γένοιτο
282 756 351 784 κατὰ
374 757 423 792 τὴν
438 756 551 782 Σουσίδα
567 756 630 791 γῆν,
650 755 769 782 ἐνταῦθα
788 754 836 781 τοῦ
852 755 901 780 Εὐ-

109 804 215 839 φράτου
231 804 261 830 τὸ
277 803 382 840 ῥεῖθρον
400 802 474 837 αὺτῷ
496 802 650 838 μιγνύντος,
669 802 755 837 μέγας
776 801 826 837 ἤδη
845 801 900 832 τοῖς

110 850 230 885 χεύμασι
252 849 380 885 χωρήσας
406 848 514 884 πρόεισι
538 847 703 882 παφλάζων-
730 847 791 873 ὅθεν
819 846 899 873 αὐτόν

952 253 1114 288 imperatore
1135 257 1196 288 post
1221 253 1336 280 reditum
1357 253 1480 287 aﬂ'eclus,
1505 255 1604 283 nullius
1622 257 1730 291 quidem

952 298 1028 331 urbis
1044 298 1208 332 peculiarem
1225 299 1336 326 sortitus
1352 304 1393 326 est
1411 299 1613 334 episcopatum;
1635 309 1731 329 verum

951 345 986 371 ab
997 344 1155 370 hominibus
1171 351 1226 371 suae
1242 350 1332 376 sectae,
1353 345 1424 371 velut
1440 345 1576 379 pub’licum
1596 346 1732 381 quoddam

951 390 1058 417 virtutis
1075 389 1249 417 simulacrum
1267 395 1409 425 suspectus
1425 390 1484 418 fuit.

985 436 1012 462 Ἰ.
1034 435 1121 470 Tigris
1136 437 1242 469 ﬂuvius.
1254 451 1287 456 -—
1303 437 1348 463 Ait
1363 437 1567 472 Philostorgius,
1583 438 1616 465 ad
1633 439 1731 467 ostium

951 482 1034 508 maris
1061 482 1161 509 Persici
1177 482 1249 517 quod
1272 481 1396 510 Oceanus
1423 483 1486 511 illuc
1515 484 1629 512 inﬂuens
1641 485 1731 519 eﬂicit,

950 528 1079 562 quodque
1095 529 1242 555 maximum
1255 534 1306 562 est,
1324 533 1351 556 et
1366 536 1380 555 a
1395 529 1520 564 plurimis
1534 531 1660 565 gentibus
1677 532 1732 559 cir-

951 573 1074 599 cumsitis
1095 574 1235 604 accolitur,
1256 579 1312 600 tum
1337 574 1404 602 alios
1426 578 1560 603 maximos
1581 577 1732 604 amnesin-

949 618 1043 650 ﬂuere,
1061 623 1117 645 tum
1138 620 1273 654 praecipue
1291 619 1404 654 Tigrim,
1421 621 1468 655 qui
1484 621 1517 648 ad
1533 622 1733 656 Apeliotem,ct

950 663 1020 690 infra
1035 671 1108 690 mare
1119 663 1273 699 Hyrcanum
1291 664 1317 690 in
1329 664 1481 692 Corduenis
1497 667 1646 701 conspicuo
1658 667 1732 694 fonte

950 714 1037 741 ortus,
1055 717 1102 744 per
1115 709 1221 745 Syriam
1237 710 1348 736 labitur.
1374 709 1423 737 Ubi
1446 719 1510 738 vero
1532 712 1565 739 ad
1586 711 1730 740 Susianam

949 755 1085 790 regionem
1103 755 1232 789 pervertit,
1253 755 1332 790 aquis
1356 755 1501 790 Euphratis
1525 758 1550 784 ci
1569 759 1731 792 commistis,

950 808 1064 835 magnus
1080 800 1206 835 deinceps
1220 800 1306 828 ﬂuens
1328 806 1354 828 et
1376 802 1497 836 rapidus,
1523 803 1624 838 ingenti
1639 804 1731 830 sonitu

950 847 977 873 in
991 846 1118 873 ulteriora
1141 847 1321 881 progreditur.
1348 846 1425 875 Umle
1458 853 1485 874 et
1513 849 1671 876 vocabulum
1696 850 1732 876 ti-

109 904 177 930 φασι
194 895 242 922 καὶ
254 895 300 921 τοῦ
311 895 406 930 θηρίου
429 894 476 920 τοῦ
493 894 621 929 τίγρητος
635 893 727 920 λαϐεῖν
745 892 775 919 τὸ
792 891 898 918 ἐπώνυ-

954 891 1032 926 gridis
1044 890 1108 918 ferte
1122 892 1145 918 ei
1159 891 1314 926 impositum
1336 899 1396 919 esse
1408 892 1558 926 perhibent.
1570 892 1730 928 Priusquam

111 950 162 976 μον
175 941 223 976 (α).
238 940 306 978 Πρὶν
319 940 335 975 ἢ
348 940 370 966 δ’
386 940 432 966 ἐπὶ
445 939 578 966 θάλατταν
593 939 762 971 καταὸαίνει,
778 938 898 973 σχίζεται

108 988 150 1019 είς
171 986 217 1013 δύο
235 986 368 1022 μεγάλους
387 984 542 1020 ποταμούς·
559 985 652 1011 ἔπειτα
671 984 732 1011 δυσὶ
747 985 802 1016 τοῖς
818 984 900 1019 ὲσχάι-

110 1041 169 1064 τοις
186 1033 316 1067 στόμασιν
329 1031 452 1067 ἀλλήλων
467 1031 673 1067 διειργομένοις,
697 1032 738 1062 είς
759 1030 808 1066 τὴν
830 1030 900 1065 Περ-

111 1079 192 1114 σικὴν
204 1077 336 1105 θάλατταν
353 1078 469 1104 ποιεῖται
486 1077 536 1109 τὰς
551 1076 677 1107 ἐκϐολὰς.
700 1076 751 1110 γῆν
775 1076 804 1101 ἐν
824 1075 899 1110 μέσῳ

112 1124 241 1159 πλείστην
262 1122 501 1158 περιτεμνόμενος,
524 1122 572 1149 καὶ
592 1122 672 1157 νῆσον
693 1122 778 1156 αὐτὴν
803 1121 897 1154 ποιῶν,

110 1169 249 1204 ποταμίαν
272 1177 301 1195 τε
320 1169 378 1204 ἅμα
397 1169 444 1195 καὶ
465 1167 620 1199 θαλαττίαν,
646 1167 679 1202 ἢν
700 1167 774 1199 ἔθνος
802 1167 901 1192 ἐνοικεῖ

110 1213 167 1240 τῶν
178 1213 310 1249 Μεσηνῶν
321 1212 544 1247 ἐπικαλούμενον.

148 1258 183 1295 η’.
206 1259 235 1285 '0
252 1259 280 1285 δὲ
301 1258 445 1293 Εὐφράτης
465 1257 586 1293 ποταμὸς
603 1257 632 1289 ἐξ
661 1257 809 1292 Ἀρμενίων
830 1255 900 1282 κατὰ

111 1305 142 1331 τὸ
157 1304 293 1339 προφανὲς
312 1303 466 1335 ἀνατέλλει,
484 1302 548 1329 ἔνθα
558 1302 589 1328 τὸ
604 1302 667 1338 ὅρος
683 1301 742 1327 ἐστὶ
758 1301 788 1327 τὸ
815 1301 897 1336 Ἀρα-

112 1350 228 1386 ρὰτ,ἔτι
243 1349 289 1376 καὶ
309 1349 378 1385 πρὸς
407 1348 556 1384 Ἀρμενίων
579 1347 649 1374 οὕτω
669 1346 844 1382 καλούμενον,
857 1346 899 1380 ἐφ’

111 1393 145 1423 οὗ
163 1396 210 1423 καὶ
230 1396 280 1431 τὴν
297 1395 412 1422 κιϐωτὸν
435 1394 573 1430 ἱδρυθῆναί
595 1402 677 1429 φησιν
699 1394 715 1429 ἡ
735 1393 829 1429 Γραφή
841 1401 847 1407 ·
866 1390 901 1429 ἦς

113 1442 179 1478 ἄχρι
199 1443 247 1469 καὶ
263 1441 309 1469 νῦν
331 1439 400 1468 εἷναί
422 1449 503 1475 φασιν
517 1441 548 1467 οὐ
563 1440 650 1476 μικρὰ
666 1439 781 1474 λείψανα
799 1439 854 1465 τῶν
870 1447 900 1465 τε

114 1487 203 1520 ξύλων
229 1487 275 1514 καὶ
304 1486 358 1514 τῶν
382 1486 455 1521 ἥλων
472 1487 561 1513 ἐκεῖσε
588 1485 739 1521 σωζόμενα.
761 1485 900 1512 Ἐντεῦθεν

114 1533 164 1560 καὶ
179 1534 193 1559 ὁ
206 1532 351 1568 Εὐφράτης
360 1531 449 1566 ὀλίγος
465 1531 499 1558 τὰ
520 1531 616 1565 πρῶτα
637 1531 721 1565 ῥυεὶς,
747 1530 901 1566 προϐαίνων

113 1579 161 1605 ἀεὶ
186 1578 292 1612 γίνεται
319 1578 428 1613 μείζων,
453 1577 594 1609 πλείστους
619 1576 803 1612 ἐμϐάλλοντας
826 1576 901 1612 αὐτῷ

115 1625 260 1660 ποταμοὺς
278 1625 319 1656 είς
333 1625 383 1659 τὴν
394 1623 491 1650 ἑαυτοῦ
504 1623 689 1659 προσηγορίαν
702 1622 901 1658 συνεφελκόμε-

114 1679 172 1701 νος.
187 1669 241 1704 Τὴν
262 1669 406 1705 ’Λρμενίαν
422 1669 460 1700 δὲ,
479 1669 529 1704 τήν
542 1677 572 1695 τε
589 1668 711 1703 μεγάλην
731 1668 779 1694 καὶ
794 1668 843 1703 τὴν
857 1677 902 1702 μι‹

115 1715 187 1751 κρὰν
197 1714 317 1747 διελθὼν,
335 1714 429 1741 ἔπειτα
448 1715 565 1750 πρόεισι,
583 1713 689 1749 τέμνων
705 1714 754 1749 μὲν
769 1714 901 1749 πρότερον

114 1760 167 1796 τὴν
191 1761 289 1796 Συρίαν
312 1761 361 1796 τὴν
391 1760 464 1792 ἰδίως
488 1760 681 1795 Εὑφρατησίαν
710 1760 899 1795 καλουμένην·

113 1807 213 1833 ἔπειτα
239 1806 329 1841 μέντοι
357 1807 403 1833 καὶ
426 1806 474 1842 τὴν
501 1806 585 1842 ἄλλην
606 1806 663 1841 (55)
678 1806 900 1842 διαμειψάμενος,

114 1853 165 1879 καὶ
196 1853 273 1879 ἕλικα
303 1852 424 1879 διασπῶν
452 1851 520 1888 (56),
551 1849 588 1879 ὧν
613 1852 693 1878 δίεισι
704 1852 902 1886 ποικιλωτάτην

114 1897 255 1929 κλασθεὶς.
269 1898 386 1933 ὁπηνίκα
401 1899 434 1933 τῇ
464 1897 579 1932 Ἀραϐίᾳ
599 1897 722 1929 πελάσει,
738 1896 853 1924 ἐνταῦθα
869 1897 901 1933 δὴ

114 1943 289 1978 κυκλοτερῶς
310 1944 369 1970 κατ’
395 1944 508 1979 ἀντικρὺ
533 1943 584 1978 τῆς
606 1943 738 1979 Ἐρυθρᾶς
766 1943 903 1979 θαλάσσης

115 1988 306 2025 παρενεχθεὶς,
323 1989 369 2016 καὶ
380 1988 471 2025 χώραν
485 1989 535 2016 οὐκ
545 1989 638 2024 ὀλίγην
650 1989 901 2024 ἐγκολπωσάμενος,

115 2035 214 2061 ἔπειτα
229 2035 295 2070 πρὸς
311 2035 442 2062 Καικείαν
456 2035 555 2070 ἄνεμον
570 2035 728 2071 ἐπιστρέφει
738 2035 769 2061 τὸ
785 2034 901 2071 ῥεῖθρον,

114 2081 188 2116 ὅπερ
201 2078 247 2107 οὖν
259 2080 353 2116 βορέου
368 2089 396 2107 τε
407 2081 454 2107 καὶ
464 2080 618 2116 ἀπηλιώτου
634 2081 715 2116 μέσος
726 2081 838 2117 ἔστηκε.
849 2081 904 2108 Καὶ

116 2125 189 2161 πρὸς
205 2126 326 2161 Τίγρητα
345 2127 465 2162 ποταμὸν
483 2128 624 2163 ὁρμήσας,
646 2127 695 2162 οὐχ
716 2125 771 2158 οἷός
785 2127 815 2153 τέ
830 2128 903 2154 ἐστιν

114 2171 194 2207 αὑτῷ
209 2171 276 2204 ὅλως
294 2172 438 2207 συμμίξαι,
453 2171 521 2199 ἀλλὰ
545 2172 653 2208 μοίραις
671 2173 743 2198 τισὶν
763 2173 792 2199 ἐν
807 2172 846 2207 τῷ
859 2172 904 2199 διὰ

949 942 1038 964 autem
1054 937 1081 964 in
1098 944 1174 964 mare
1189 944 1250 964 sese
1265 938 1403 969 immittat,
1421 937 1449 965 in
1469 938 1537 966 duos
1551 946 1663 974 magnos
1675 948 1717 967 am

949 990 998 1009 nes
1015 982 1151 1009 dividitur.
1169 982 1270 1009 Deinde
1281 982 1388 1009 duobus
1405 984 1536 1011 extremis
1560 985 1638 1012 ostiis
1653 985 1732 1021 longe

949 1036 965 1054 a
986 1035 1014 1055 se
1032 1028 1146 1055 invicem
1165 1027 1269 1055 dissitis
1292 1028 1318 1054 in
1339 1027 1477 1056 Persicum
1498 1037 1572 1058 mare
1588 1032 1732 1064 evolvitur,

949 1073 1097 1100 maximum
1126 1079 1258 1100 terrarum
1296 1074 1429 1101 ambitum
1458 1083 1590 1109 aquarum
1617 1077 1734 1105 divortio

949 1118 1118 1152 complexus,
1136 1123 1163 1145 et
1179 1118 1296 1145 insulam
1314 1119 1432 1147 eﬂiciens
1454 1120 1590 1148 ﬂuvialem
1607 1123 1686 1150 simul
1701 1131 1734 1151 ac

951 1165 1095 1197 marinam,
1112 1172 1192 1200 quam
1211 1165 1305 1192 incolit
1330 1173 1396 1199 gens
1411 1165 1592 1195 Mesenorum.

985 1254 1011 1281 8.
1033 1254 1190 1289 Euphrates.
1212 1271 1247 1276 ο-
1271 1256 1422 1292 Euphrates
1450 1265 1514 1285 vero
1534 1266 1567 1286 ex
1597 1258 1734 1287 Armeniis

951 1301 1099 1336 conspicuo
1118 1301 1192 1329 fonte
1203 1302 1291 1329 oritur
1307 1312 1313 1329 :
1336 1310 1390 1337 quo
1403 1303 1463 1331 loco
1479 1312 1557 1332 mons
1570 1310 1612 1332 est
1627 1306 1734 1337 Arat-at.

951 1346 998 1380 qui
1018 1347 1167 1374 etiamnum
1184 1348 1219 1374 ab
1239 1348 1377 1375 Armeniis
1403 1349 1441 1375 ita
1460 1350 1629 1383 nominatur,
1653 1359 1734 1387 super

951 1401 1005 1428 quo
1019 1399 1110 1421 monte
1127 1401 1218 1421 arcam
1237 1395 1352 1429 positam
1366 1393 1451 1423 fuisse
1465 1397 1535 1424 sacri
1553 1397 1615 1424 libri
1631 1402 1734 1425 testan-

951 1444 1010 1473 tur;
1026 1440 1164 1475 multaque
1185 1441 1273 1468 adhuc
1299 1440 1449 1476 fragmenta
1476 1443 1611 1478 lignorum
1636 1448 1662 1471 ct
1676 1444 1733 1471 cla-

952 1492 1047 1512 vorum
1066 1485 1188 1520 ejusdem
1208 1494 1279 1514 arca:
1304 1495 1448 1522 superesse
1477 1489 1564 1521 aiunt,
1593 1497 1654 1523 quae
1679 1490 1734 1516 illic

953 1535 1107 1558 servantur.
1130 1531 1200 1559 Hinc
1224 1532 1307 1567 igitur
1327 1534 1478 1569 Euphrates
1504 1539 1580 1562 ortus
1602 1535 1735 1570 principio

952 1577 1062 1611 quidem
1081 1577 1196 1612 exiguus
1211 1578 1280 1609 ﬂuit,
1299 1579 1397 1606 deinde
1422 1579 1450 1606 in
1478 1580 1607 1607 ulteriora
1624 1587 1736 1615 progre-

952 1622 1029 1650 diens
1059 1623 1174 1650 subinde
1201 1629 1326 1658 augetur,
1353 1625 1484 1659 plurimos
1514 1633 1607 1653 anmes
1635 1626 1682 1660 qui
1708 1627 1734 1653 in

953 1667 1058 1694 alveum
1082 1668 1142 1702 ejus
1161 1667 1295 1700 inﬂuunt,
1323 1669 1349 1695 in
1370 1677 1468 1696 nomen
1491 1677 1570 1697 suum
1587 1671 1735 1698 asciscens.

953 1713 1101 1749 Postquam
1121 1718 1212 1741 autem
1229 1722 1276 1749 per
1292 1715 1449 1742 Armeniam
1466 1715 1594 1748 majorem
1603 1724 1634 1743 ac
1647 1717 1736 1744 mino-
1754 1718 1760 1726 '

954 1768 1010 1787 rem
1024 1760 1117 1794 lapsus
1130 1765 1182 1792 est,
1196 1760 1309 1788 ttlterius
1335 1761 1468 1795 procedit,
1491 1769 1522 1789 ac
1536 1762 1653 1796 primum
1673 1763 1737 1796 qui-

953 1806 1014 1833 dem
1030 1806 1136 1841 Syriam
1157 1810 1242 1839 secat,
1257 1813 1316 1833 eam
1330 1813 1391 1841 qua!
1413 1807 1520 1841 proprie
1542 1806 1736 1842 Euphratensis

954 1856 1081 1885 vocatur;
1095 1856 1189 1886 postea
1202 1858 1267 1879 vero
1278 1852 1358 1878 aliam
1374 1859 1483 1887 quoque
1495 1851 1599 1887 Syriam
1609 1860 1736 1887 permen-

954 1905 1012 1929 sus,
1029 1901 1057 1924 et
1081 1905 1128 1932 per
1153 1897 1278 1931 regiones
1304 1905 1373 1932 quas
1396 1902 1526 1932 permeat,
1543 1898 1569 1924 in
1587 1898 1689 1925 variam
1704 1907 1736 1926 ac

954 1943 1129 1978 multiplicem
1148 1944 1260 1970 helicem
1280 1943 1397 1976 fractus;
1416 1943 1462 1970 ubi
1482 1944 1604 1978 proxime
1617 1944 1650 1971 ad
1665 1945 1733 1971 Ara-

955 1989 1026 2015 biam
1055 1989 1180 2019 accessit.
1204 1994 1260 2016 tum
1289 1990 1316 2016 in
1337 1989 1429 2016 orbem
1457 1997 1491 2016 ex
1521 1989 1634 2017 adverso
1653 1991 1736 2018 maris

955 2034 1087 2069 Erythraei
1099 2039 1316 2068 praetergressus,
1326 2035 1519 2069 regionemque
1530 2034 1600 2062 haud
1611 2035 1737 2069 exiguam

955 2080 1016 2106 sinu
1034 2087 1085 2106 suo
1103 2080 1272 2114 complexus,
1296 2080 1329 2106 ad
1343 2080 1459 2107 Czeciam
1472 2080 1610 2115 deinceps,
1627 2081 1674 2115 qui
1693 2081 1737 2108 in-

955 2130 995 2152 ter
1026 2125 1137 2152 boream
1164 2130 1191 2152 et
1224 2125 1401 2152 subsolanum
1426 2130 1523 2153 ventos
1551 2126 1657 2153 medius
1685 2134 1738 2166 est,

955 2179 1088 2206 aquarum
1112 2179 1222 2198 cursum
1246 2171 1390 2199 convertit.
1416 2171 1540 2206 Cumque
1567 2171 1599 2198 ad
1627 2172 1737 2200 ﬂuvium

115 2217 205 2252 μέσου
219 2218 468 2254 παραναλοὺμενος,
482 2219 514 2254 τῇ
530 2218 728 2254 ὑπολειπομένη
744 2218 859 2254 μεγίστῃ
874 2226 900 2244 τε

956 2217 1058 2252 Tigrim
1072 2217 1234 2251 pervenerit,
1249 2221 1321 2244 totus
1337 2217 1362 2244 ei
1384 2218 1492 2246 misceri
1507 2226 1561 2245 non
1575 2223 1675 2253 potest,
1689 2219 1738 2246 sed

112 2263 196 2299 οὔσῃ,
212 2264 259 2290 καὶ
279 2263 384 2291 ναυτῶν
406 2263 570 2299 ἀνασχέσθαι
586 2263 641 2300 (57)
661 2264 846 2300 δυνατωτάτη,
863 2263 901 2298 τῷ

955 2263 1118 2298 quibusdam
1148 2262 1189 2289 sui
1210 2262 1332 2297 partibus
1357 2267 1436 2291 antea
1457 2265 1616 2299 assumptis,
1635 2265 1739 2300 reliqua

735 2349 855 2371 VALESII
876 2348 1110 2371 ΑΝΝΟΤΔΤΙΟΝΕΞ
1117 2363 1123 2369 .

165 2403 209 2431 55)
227 2405 345 2430 Ἔπειτα

153 2403 209 2439 (55)
227 2405 345 2430 Ἔπειτα
356 2403 459 2437 μέντοι
473 2403 522 2429 καὶ
531 2403 589 2436 τὴν
601 2403 710 2435 ἀλλην,
724 2403 774 2428 καί
788 2403 900 2432 ταύτην

109 2440 153 2467 δὲ
165 2440 215 2466 καί
227 2439 284 2471 τὴν
300 2438 410 2471 ἄλλην.
424 2438 470 2465 Sic
483 2438 564 2464 etiam
579 2438 709 2465 scribitur
723 2438 767 2464 hic
783 2437 859 2464 locus
873 2437 900 2462 in

108 2475 214 2503 codice
235 2473 360 2501 Bocharti
385 2479 413 2500 et
437 2473 508 2508 apud
534 2471 726 2508 Nicephorum.
745 2471 847 2508 VVerum
871 2472 900 2508 in

107 2509 212 2537 codice
241 2508 412 2535 Scoriacensi
437 2506 474 2535 ita
496 2506 608 2542 legitur;
623 2506 718 2533 ἔπειτα
741 2507 769 2533 δὲ
789 2507 837 2533 καὶ
852 2506 902 2541 τὴν

107 2545 201 2579 ἄλλην
233 2543 465 2579 διαμειψάμενος.
495 2547 559 2579 etc.,
600 2543 741 2579 eitpunctis
782 2542 903 2576 quinque

107 2577 309 2611 illis‘voeibu‘s,
329 2577 390 2613 quin
415 2585 528 2612 prorsus
552 2577 660 2604 inutiles
684 2581 747 2604 sunt
759 2584 791 2603 ac
807 2584 902 2611 supcr-

105 2616 187 2642 Ilum.

153 2649 209 2684 (56)
226 2647 281 2676 Καὶ
295 2647 381 2674 ἕλικα
396 2646 543 2674 διασπῶν.
564 2646 753 2674 Vetustissima
768 2651 809 2674 est
821 2645 903 2680 hujus

356 2403 459 2437 μέντοι
473 2402 522 2429 καὶ
531 2401 589 2436 τὴν
601 2401 710 2435 ἄλλην,
724 2402 774 2428 καὶ
788 2402 902 2432 ταύτην

955 2401 1004 2445 [οοί
1021 2401 1188 2445 depravatio,
1217 2409 1298 2442 quam
1324 2402 1435 2445 retinuit
1459 2403 1539 2444 etiam
1559 2403 1738 2445 Nicephorus.

953 2435 1012 2463 Non
1027 2436 1121 2462 dubito
1142 2435 1232 2463 tameu
1254 2437 1319 2471 quin
1341 2438 1486 2471 hicﬂlocus
1514 2439 1550 2465 ita
1579 2435 1741 2467 scribendns

953 2471 998 2510 sit,
1012 2471 1109 2510 {utsic
1121 2471 1198 2498 ἕλικα
1213 2469 1362 2499 amem»:
1382 2469 1419 2499 ὧν
1443 2473 1522 2499 δίεισι
1544 2474 1741 2510 ποικιλωτάτην

954 2506 1092 2537 κλασθείς.
1108 2511 1159 2533 elc.

991 2541 1047 2578 (57)
1062 2541 1118 2568 Καὶ
1142 2540 1260 2578 ’ναυτῶῖ
1282 2542 1480 2578 ἀνασχέσθαι.
1507 2544 1535 2570 ln
1556 2545 1741 2578 manuscripto

956 2577 1049 2611 codice
1073 2577 1208 2604 Samuelis
1235 2577 1360 2604 Bocharti
1389 2577 1485 2611 legitur
1516 2578 1562 2604 καὶ
1584 2578 1650 2604 ναῦν
1672 2577 1740 2606 ἀνα-

957 2610 1079 2650 σχέσθαι.
1121 2611 1174 2639 Sed
1214 2613 1312 2639 melius
1349 2610 1478 2640 scribitur
1522 2614 1549 2640 in
1587 2612 1742 2648 Nicephoro

956 2654 1031 2677 ναυς.

850 2712 1014 2734 VARIORUM
1017 2727 1024 2733 .

152 2768 193 2803 (α)
281 2765 453 2804 θηρίου-τοῦ
477 2766 613 2804 timurth
627 2765 729 2804 λαϐεῖν
745 2764 778 2791 τὸ
792 2764 905 2804 egestu-

102 2799 188 2839 μον-ξ
203 2803 237 2829 At
250 2801 361 2839 Curtius
443 2799 618 2839 _vr,_'St_ralIo
640 2800 691 2839 lib._
719 2807 776 2839 vni,
802 2799 905 2839 Plinius

105 2835 166 2868 iit).
182 2846 221 2868 τι,
236 2844 297 2870 cap.
314 2836 360 2867 ‘27,
376 2835 470 2870 Tigrin
490 2835 602 2862 ﬂuvium
620 2843 634 2862 a
654 2835 789 2870 celeritate
801 2835 905 2868 sagitta:

105 2876 205 2904 instar
226 2869 330 2899 dictum
355 2869 467 2902 volunt,
493 2870 557 2905 quia
576 2870 655 2905 tigrin
680 2869 749 2897 Medi
780 2870 906 2904 sagittam

217 2921 354 2952 PATROL.
366 2908 434 2948 ’Gn.
455 2919 544 2948 LXV.

960 2765 1140 2800 appellant....
1163 2765 1268 2801 Syriam
1290 2773 1370 2800 supra
1389 2774 1439 2800 pro
1463 2767 1573 2801 Assyria
1594 2765 1662 2793 dixit
1678 2765 1739 2793 Phi-

959 2800 1120 2841 lustorgius,
1156 2809 1248 2828 errore
1270 2808 1333 2828 cum
1363 2801 1424 2829 aliis
1459 2800 1638 2836 scriptoribus
1662 2809 1741 2828 com-

959 2843 1044 2862 lliulll.

1566 2918 1603 2947 16
