  <div class='ocr_page' id='page_1' title='image "/cluster/home/n/w/nwhite01/storage/ocr_20150623/65/njp.32101077772687/264.png"; bbox 0 0 1978 3075; ppageno 0'>
   <div class='ocr_carea' id='block_1_1' title="bbox 110 170 164 202">
    <p class='ocr_par' dir='ltr' id='par_1_1' title="bbox 110 170 164 202">
     <span class='ocr_line' id='line_1_1' title="bbox 110 170 164 202; baseline 0 0"><span class='ocrx_word' id='word_1_1' title='bbox 110 170 164 202; x_wconf 63' lang='grc'><strong>893</strong></span> 
     </span>
    </p>
   </div>
   <div class='ocr_carea' id='block_1_2' title="bbox 618 171 1242 201">
    <p class='ocr_par' dir='ltr' id='par_1_2' title="bbox 618 171 1242 201">
     <span class='ocr_line' id='line_1_2' title="bbox 618 171 1242 201; baseline -0.002 -2"><span class='ocrx_word' id='word_1_2' title='bbox 618 172 900 201; x_wconf 66' lang='lat' dir='ltr'><strong>ECCLESIASTICAS</strong></span> <span class='ocrx_word' id='word_1_3' title='bbox 918 171 1092 199; x_wconf 68' lang='lat' dir='ltr'><strong>IIISTORIE</strong></span> <span class='ocrx_word' id='word_1_4' title='bbox 1114 171 1178 198; x_wconf 89' lang='lat' dir='ltr'><strong>LIB.</strong></span> <span class='ocrx_word' id='word_1_5' title='bbox 1200 171 1242 198; x_wconf 87' lang='grc' dir='ltr'><strong>ΙΙΙ.</strong></span> 
     </span>
    </p>
   </div>
   <div class='ocr_carea' id='block_1_3' title="bbox 1683 172 1735 200">
    <p class='ocr_par' dir='ltr' id='par_1_3' title="bbox 1683 172 1735 200">
     <span class='ocr_line' id='line_1_3' title="bbox 1683 172 1735 200; baseline -0.038 0"><span class='ocrx_word' id='word_1_6' title='bbox 1683 172 1735 200; x_wconf 67' lang='grc'><strong>494</strong></span> 
     </span>
    </p>
   </div>
   <div class='ocr_carea' id='block_1_4' title="bbox 111 229 898 267">
    <p class='ocr_par' dir='ltr' id='par_1_4' title="bbox 111 231 896 267">
     <span class='ocr_line' id='line_1_4' title="bbox 111 231 896 267; baseline 0 -10"><span class='ocrx_word' id='word_1_7' title='bbox 111 231 254 267; x_wconf 84' lang='grc' dir='ltr'><strong>σιιυρίσας,</strong></span> <span class='ocrx_word' id='word_1_8' title='bbox 275 231 321 258; x_wconf 75' lang='grc' dir='ltr'><strong>καὶ</strong></span> <span class='ocrx_word' id='word_1_9' title='bbox 340 231 389 267; x_wconf 76' lang='grc' dir='ltr'><strong>τὴν</strong></span> <span class='ocrx_word' id='word_1_10' title='bbox 407 231 484 266; x_wconf 81' lang='grc' dir='ltr'>βάσιν</span> <span class='ocrx_word' id='word_1_11' title='bbox 505 232 596 263; x_wconf 69' lang='grc' dir='ltr'><strong>αὐτοῖς</strong></span> <span class='ocrx_word' id='word_1_12' title='bbox 620 232 825 266; x_wconf 81' lang='grc' dir='ltr'><strong>κρατυνάμενος</strong></span> <span class='ocrx_word' id='word_1_13' title='bbox 840 231 896 266; x_wconf 68' lang='grc' dir='ltr'><strong>(δε)</strong></span> 
     </span>
    </p>
   </div>
   <div class='ocr_carea' id='block_1_5' title="bbox 955 229 1737 267">
    <p class='ocr_par' dir='ltr' id='par_1_5' title="bbox 955 229 1737 266">
     <span class='ocr_line' id='line_1_5' title="bbox 955 229 1737 266; baseline 0 -8"><span class='ocrx_word' id='word_1_14' title='bbox 955 235 1004 258; x_wconf 76' lang='lat' dir='ltr'><strong>tam</strong></span> <span class='ocrx_word' id='word_1_15' title='bbox 1019 239 1152 266; x_wconf 88' lang='lat' dir='ltr'><strong>aquarum</strong></span> <span class='ocrx_word' id='word_1_16' title='bbox 1168 238 1228 265; x_wconf 66' lang='lat' dir='ltr'><strong>qua:</strong></span> <span class='ocrx_word' id='word_1_17' title='bbox 1251 231 1277 257; x_wconf 91' lang='lat' dir='ltr'><strong>iu</strong></span> <span class='ocrx_word' id='word_1_18' title='bbox 1292 237 1323 257; x_wconf 85' lang='lat' dir='ltr'><strong>ea</strong></span> <span class='ocrx_word' id='word_1_19' title='bbox 1342 229 1466 257; x_wconf 80' lang='lat' dir='ltr'><strong>feruntur</strong></span> <span class='ocrx_word' id='word_1_20' title='bbox 1487 230 1540 257; x_wconf 84' lang='lat' dir='ltr'><strong>vim</strong></span> <span class='ocrx_word' id='word_1_21' title='bbox 1564 237 1596 258; x_wconf 88' lang='lat' dir='ltr'><strong>ac</strong></span> <span class='ocrx_word' id='word_1_22' title='bbox 1614 231 1737 258; x_wconf 85' lang='lat' dir='ltr'><strong>multitu--</strong></span> 
     </span>
    </p>
   </div>
   <div class='ocr_carea' id='block_1_6' title="bbox 111 277 899 312">
    <p class='ocr_par' dir='ltr' id='par_1_6' title="bbox 111 277 899 312">
     <span class='ocr_line' id='line_1_6' title="bbox 111 277 899 312; baseline 0 -8"><span class='ocrx_word' id='word_1_23' title='bbox 111 277 180 312; x_wconf 80' lang='grc' dir='ltr'><strong>πρὸς</strong></span> <span class='ocrx_word' id='word_1_24' title='bbox 192 277 222 304; x_wconf 81' lang='grc' dir='ltr'><strong>τὸ</strong></span> <span class='ocrx_word' id='word_1_25' title='bbox 234 277 378 312; x_wconf 82' lang='grc' dir='ltr'><strong>ἀνέχεσθαι</strong></span> <span class='ocrx_word' id='word_1_26' title='bbox 389 277 514 304; x_wconf 83' lang='grc' dir='ltr'><strong>τοσοῦτον</strong></span> <span class='ocrx_word' id='word_1_27' title='bbox 526 277 608 312; x_wconf 70' lang='grc' dir='ltr'><strong>ὄγκον</strong></span> <span class='ocrx_word' id='word_1_28' title='bbox 623 279 670 304; x_wconf 79' lang='grc' dir='ltr'><strong>καὶ</strong></span> <span class='ocrx_word' id='word_1_29' title='bbox 685 277 787 310; x_wconf 85' lang='grc' dir='ltr'><strong>πλῆθος</strong></span> <span class='ocrx_word' id='word_1_30' title='bbox 801 278 856 304; x_wconf 84' lang='grc' dir='ltr'><strong>τῶν</strong></span> <span class='ocrx_word' id='word_1_31' title='bbox 871 279 899 304; x_wconf 85' lang='grc' dir='ltr'><strong>ὲν</strong></span> 
     </span>
    </p>
   </div>
   <div class='ocr_carea' id='block_1_7' title="bbox 108 323 900 359">
    <p class='ocr_par' dir='ltr' id='par_1_7' title="bbox 108 323 900 359">
     <span class='ocr_line' id='line_1_7' title="bbox 108 323 900 359; baseline 0.003 -11"><span class='ocrx_word' id='word_1_32' title='bbox 108 323 179 358; x_wconf 82' lang='grc' dir='ltr'><strong>αὐτῇ</strong></span> <span class='ocrx_word' id='word_1_33' title='bbox 193 323 364 358; x_wconf 62' lang='grc' dir='ltr'><strong>φερομένων</strong></span> <span class='ocrx_word' id='word_1_34' title='bbox 381 324 438 354; x_wconf 86' lang='grc' dir='ltr'><strong>τοῖς</strong></span> <span class='ocrx_word' id='word_1_35' title='bbox 449 323 477 349; x_wconf 83' lang='grc' dir='ltr'><strong>δὲ</strong></span> <span class='ocrx_word' id='word_1_36' title='bbox 492 325 624 358; x_wconf 82' lang='grc' dir='ltr'><strong>ποταμοῖς</strong></span> <span class='ocrx_word' id='word_1_37' title='bbox 635 323 685 359; x_wconf 86' lang='grc' dir='ltr'><strong>τὴν</strong></span> <span class='ocrx_word' id='word_1_38' title='bbox 701 323 816 355; x_wconf 81' lang='grc' dir='ltr'><strong>διέξοδον</strong></span> <span class='ocrx_word' id='word_1_39' title='bbox 833 324 900 350; x_wconf 82' lang='grc' dir='ltr'><strong>ἀπό-</strong></span> 
     </span>
    </p>
   </div>
   <div class='ocr_carea' id='block_1_8' title="bbox 109 368 900 404">
    <p class='ocr_par' dir='ltr' id='par_1_8' title="bbox 109 368 900 404">
     <span class='ocr_line' id='line_1_8' title="bbox 109 368 900 404; baseline 0.003 -10"><span class='ocrx_word' id='word_1_40' title='bbox 109 368 189 395; x_wconf 86' lang='grc' dir='ltr'><strong>λυτον</strong></span> <span class='ocrx_word' id='word_1_41' title='bbox 199 370 258 400; x_wconf 87' lang='grc' dir='ltr'><strong>ταῖς</strong></span> <span class='ocrx_word' id='word_1_42' title='bbox 269 369 436 404; x_wconf 81' lang='grc' dir='ltr'><strong>εύμηχάνοις</strong></span> <span class='ocrx_word' id='word_1_43' title='bbox 449 368 535 403; x_wconf 83' lang='grc' dir='ltr'><strong>αὐτῆς</strong></span> <span class='ocrx_word' id='word_1_44' title='bbox 548 368 684 395; x_wconf 79' lang='grc' dir='ltr'><strong>διαθέσεσι</strong></span> <span class='ocrx_word' id='word_1_45' title='bbox 698 369 760 400; x_wconf 81' lang='grc' dir='ltr'><strong>δοὺς</strong></span> <span class='ocrx_word' id='word_1_46' title='bbox 774 369 826 402; x_wconf 84' lang='grc' dir='ltr'><strong>ἀεὶ,</strong></span> <span class='ocrx_word' id='word_1_47' title='bbox 840 371 900 401; x_wconf 85' lang='grc' dir='ltr'><strong>ταῖς</strong></span> 
     </span>
    </p>
   </div>
   <div class='ocr_carea' id='block_1_9' title="bbox 109 414 900 450">
    <p class='ocr_par' dir='ltr' id='par_1_9' title="bbox 109 414 900 450">
     <span class='ocr_line' id='line_1_9' title="bbox 109 414 900 450; baseline 0 -9"><span class='ocrx_word' id='word_1_48' title='bbox 109 414 164 441; x_wconf 81' lang='grc' dir='ltr'><strong>τῶν</strong></span> <span class='ocrx_word' id='word_1_49' title='bbox 191 415 298 450; x_wconf 86' lang='grc' dir='ltr'><strong>χωρίων</strong></span> <span class='ocrx_word' id='word_1_50' title='bbox 323 415 484 449; x_wconf 85' lang='grc' dir='ltr'><strong>ὑπαγωγαῖς</strong></span> <span class='ocrx_word' id='word_1_51' title='bbox 508 424 538 441; x_wconf 83' lang='grc' dir='ltr'><strong>τε</strong></span> <span class='ocrx_word' id='word_1_52' title='bbox 563 415 610 441; x_wconf 76' lang='grc' dir='ltr'><strong>καὶ</strong></span> <span class='ocrx_word' id='word_1_53' title='bbox 634 415 827 450; x_wconf 74' lang='grc' dir='ltr'><strong>ταπεινότησιν</strong></span> <span class='ocrx_word' id='word_1_54' title='bbox 846 415 900 442; x_wconf 76' lang='grc' dir='ltr'><strong>ἀπὸ</strong></span> 
     </span>
    </p>
   </div>
   <div class='ocr_carea' id='block_1_10' title="bbox 107 459 898 496">
    <p class='ocr_par' dir='ltr' id='par_1_10' title="bbox 107 459 898 496">
     <span class='ocr_line' id='line_1_10' title="bbox 107 459 898 496; baseline 0.003 -11"><span class='ocrx_word' id='word_1_55' title='bbox 107 459 163 485; x_wconf 79' lang='grc' dir='ltr'><strong>τῶν</strong></span> <span class='ocrx_word' id='word_1_56' title='bbox 185 459 358 495; x_wconf 77' lang='grc' dir='ltr'><strong>ὑψηλοτέρων</strong></span> <span class='ocrx_word' id='word_1_57' title='bbox 387 460 433 487; x_wconf 77' lang='grc' dir='ltr'><strong>ἐπὶ</strong></span> <span class='ocrx_word' id='word_1_58' title='bbox 453 460 488 488; x_wconf 73' lang='grc' dir='ltr'><strong>τὰ</strong></span> <span class='ocrx_word' id='word_1_59' title='bbox 516 459 735 495; x_wconf 82' lang='grc' dir='ltr'><strong>χθαμαλώτερα,</strong></span> <span class='ocrx_word' id='word_1_60' title='bbox 762 461 844 487; x_wconf 82' lang='grc' dir='ltr'><strong>τόπον</strong></span> <span class='ocrx_word' id='word_1_61' title='bbox 865 462 898 496; x_wconf 84' lang='grc' dir='ltr'><strong>τῇ</strong></span> 
     </span>
    </p>
   </div>
   <div class='ocr_carea' id='block_1_11' title="bbox 109 505 688 542">
    <p class='ocr_par' dir='ltr' id='par_1_11' title="bbox 109 505 688 542">
     <span class='ocr_line' id='line_1_11' title="bbox 109 505 688 542; baseline 0 -10"><span class='ocrx_word' id='word_1_62' title='bbox 109 506 180 541; x_wconf 76' lang='grc' dir='ltr'><strong>ῥοπῇ</strong></span> <span class='ocrx_word' id='word_1_63' title='bbox 195 505 241 532; x_wconf 82' lang='grc' dir='ltr'><strong>τοῦ</strong></span> <span class='ocrx_word' id='word_1_64' title='bbox 262 506 401 541; x_wconf 83' lang='grc' dir='ltr'><strong>βρίθοντος</strong></span> <span class='ocrx_word' id='word_1_65' title='bbox 415 506 512 538; x_wconf 80' lang='grc' dir='ltr'><strong>ὓδατος</strong></span> <span class='ocrx_word' id='word_1_66' title='bbox 530 506 688 542; x_wconf 85' lang='grc' dir='ltr'><strong>παρασχών.</strong></span> 
     </span>
    </p>
   </div>
   <div class='ocr_carea' id='block_1_12' title="bbox 147 549 899 587">
    <p class='ocr_par' dir='ltr' id='par_1_12' title="bbox 147 549 899 587">
     <span class='ocr_line' id='line_1_12' title="bbox 147 549 899 587; baseline 0.001 -10"><span class='ocrx_word' id='word_1_67' title='bbox 147 550 175 577; x_wconf 90' lang='grc' dir='ltr'><strong>·ι¹.</strong></span> <span class='ocrx_word' id='word_1_68' title='bbox 193 551 254 577; x_wconf 82' lang='grc' dir='ltr'><strong>Ὀτι</strong></span> <span class='ocrx_word' id='word_1_69' title='bbox 280 551 386 578; x_wconf 78' lang='grc' dir='ltr'><strong>κεῖσθαι</strong></span> <span class='ocrx_word' id='word_1_70' title='bbox 416 551 462 578; x_wconf 81' lang='grc' dir='ltr'><strong>τὸν</strong></span> <span class='ocrx_word' id='word_1_71' title='bbox 478 551 645 587; x_wconf 85' lang='grc' dir='ltr'><strong>Παράδεισον</strong></span> <span class='ocrx_word' id='word_1_72' title='bbox 668 549 744 583; x_wconf 78' lang='grc' dir='ltr'><strong>οὗτος</strong></span> <span class='ocrx_word' id='word_1_73' title='bbox 763 552 899 583; x_wconf 85' lang='grc' dir='ltr'><strong>εὶκασίαις</strong></span> 
     </span>
    </p>
   </div>
   <div class='ocr_carea' id='block_1_13' title="bbox 108 595 897 632">
    <p class='ocr_par' dir='ltr' id='par_1_13' title="bbox 108 595 897 632">
     <span class='ocr_line' id='line_1_13' title="bbox 108 595 897 632; baseline 0.003 -11"><span class='ocrx_word' id='word_1_74' title='bbox 108 595 250 630; x_wconf 83' lang='grc' dir='ltr'><strong>χρώμενος</strong></span> <span class='ocrx_word' id='word_1_75' title='bbox 280 596 375 630; x_wconf 76' lang='grc' dir='ltr'><strong>λέγει,</strong></span> <span class='ocrx_word' id='word_1_76' title='bbox 407 596 479 623; x_wconf 82' lang='grc' dir='ltr'><strong>κατὰ</strong></span> <span class='ocrx_word' id='word_1_77' title='bbox 500 596 550 628; x_wconf 84' lang='grc' dir='ltr'><strong>τὰς</strong></span> <span class='ocrx_word' id='word_1_78' title='bbox 579 597 722 632; x_wconf 75' lang='grc' dir='ltr'><strong>ἰσημερίας</strong></span> <span class='ocrx_word' id='word_1_79' title='bbox 748 598 797 632; x_wconf 80' lang='grc' dir='ltr'><strong>τῆς</strong></span> <span class='ocrx_word' id='word_1_80' title='bbox 822 597 897 631; x_wconf 74' lang='grc' dir='ltr'><strong>ἠοῦς,</strong></span> 
     </span>
    </p>
   </div>
   <div class='ocr_carea' id='block_1_14' title="bbox 107 638 898 678">
    <p class='ocr_par' dir='ltr' id='par_1_14' title="bbox 107 638 898 678">
     <span class='ocr_line' id='line_1_14' title="bbox 107 638 898 678; baseline 0.003 -11"><span class='ocrx_word' id='word_1_81' title='bbox 107 641 217 676; x_wconf 82' lang='grc' dir='ltr'><strong>πρῶτον</strong></span> <span class='ocrx_word' id='word_1_82' title='bbox 232 641 280 676; x_wconf 84' lang='grc' dir='ltr'><strong>μὲν</strong></span> <span class='ocrx_word' id='word_1_83' title='bbox 301 641 330 674; x_wconf 76' lang='grc' dir='ltr'>ἐξ</span> <span class='ocrx_word' id='word_1_84' title='bbox 351 638 389 668; x_wconf 80' lang='grc' dir='ltr'><strong>ὧν</strong></span> <span class='ocrx_word' id='word_1_85' title='bbox 409 641 444 669; x_wconf 82' lang='grc' dir='ltr'><strong>τὰ</strong></span> <span class='ocrx_word' id='word_1_86' title='bbox 461 642 530 678; x_wconf 79' lang='grc' dir='ltr'><strong>πρὸς</strong></span> <span class='ocrx_word' id='word_1_87' title='bbox 552 642 725 678; x_wconf 79' lang='grc' dir='ltr'><strong>μεσημϐρίαν</strong></span> <span class='ocrx_word' id='word_1_88' title='bbox 749 642 817 677; x_wconf 81' lang='grc' dir='ltr'><strong>δῆλά</strong></span> <span class='ocrx_word' id='word_1_89' title='bbox 840 643 898 669; x_wconf 81' lang='grc' dir='ltr'><strong>ἐστι</strong></span> 
     </span>
    </p>
   </div>
   <div class='ocr_carea' id='block_1_15' title="bbox 108 687 896 723">
    <p class='ocr_par' dir='ltr' id='par_1_15' title="bbox 108 687 896 723">
     <span class='ocr_line' id='line_1_15' title="bbox 108 687 896 723; baseline 0.003 -11"><span class='ocrx_word' id='word_1_90' title='bbox 108 687 198 713; x_wconf 84' lang='grc' dir='ltr'><strong>πάντα</strong></span> <span class='ocrx_word' id='word_1_91' title='bbox 221 687 368 722; x_wconf 74' lang='grc' dir='ltr'><strong>οἰκούμενα</strong></span> <span class='ocrx_word' id='word_1_92' title='bbox 392 687 485 723; x_wconf 75' lang='grc' dir='ltr'><strong>σχεδὸν</strong></span> <span class='ocrx_word' id='word_1_93' title='bbox 510 688 589 723; x_wconf 81' lang='grc' dir='ltr'><strong>μέχρι</strong></span> <span class='ocrx_word' id='word_1_94' title='bbox 604 688 654 722; x_wconf 81' lang='grc' dir='ltr'><strong>τῆς</strong></span> <span class='ocrx_word' id='word_1_95' title='bbox 676 687 727 720; x_wconf 77' lang='grc' dir='ltr'>ἔξω</span> <span class='ocrx_word' id='word_1_96' title='bbox 753 687 896 722; x_wconf 82' lang='grc' dir='ltr'><strong>θαλάττης,</strong></span> 
     </span>
    </p>
   </div>
   <div class='ocr_carea' id='block_1_16' title="bbox 108 731 896 768">
    <p class='ocr_par' dir='ltr' id='par_1_16' title="bbox 108 731 896 768">
     <span class='ocr_line' id='line_1_16' title="bbox 108 731 896 768; baseline 0.001 -10"><span class='ocrx_word' id='word_1_97' title='bbox 108 733 142 767; x_wconf 79' lang='grc' dir='ltr'><strong>ἣν</strong></span> <span class='ocrx_word' id='word_1_98' title='bbox 165 731 298 759; x_wconf 85' lang='grc' dir='ltr'><strong>θάλατταν</strong></span> <span class='ocrx_word' id='word_1_99' title='bbox 323 734 338 759; x_wconf 83' lang='grc' dir='ltr'>ὁ</span> <span class='ocrx_word' id='word_1_100' title='bbox 362 732 437 768; x_wconf 76' lang='grc' dir='ltr'><strong>ἥλιος</strong></span> <span class='ocrx_word' id='word_1_101' title='bbox 463 732 512 768; x_wconf 72' lang='grc' dir='ltr'><strong>ἤδη</strong></span> <span class='ocrx_word' id='word_1_102' title='bbox 540 732 688 768; x_wconf 83' lang='grc' dir='ltr'><strong>ξυμφλέγει</strong></span> <span class='ocrx_word' id='word_1_103' title='bbox 709 733 832 764; x_wconf 81' lang='grc' dir='ltr'><strong>καθέτως</strong></span> <span class='ocrx_word' id='word_1_104' title='bbox 854 734 896 759; x_wconf 77' lang='grc' dir='ltr'><strong>ἐπ’</strong></span> 
     </span>
    </p>
   </div>
   <div class='ocr_carea' id='block_1_17' title="bbox 108 778 896 815">
    <p class='ocr_par' dir='ltr' id='par_1_17' title="bbox 108 778 896 815">
     <span class='ocr_line' id='line_1_17' title="bbox 108 778 896 815; baseline 0.001 -11"><span class='ocrx_word' id='word_1_105' title='bbox 108 779 178 814; x_wconf 78' lang='grc' dir='ltr'><strong>αὐτῇ</strong></span> <span class='ocrx_word' id='word_1_106' title='bbox 204 778 260 814; x_wconf 79' lang='grc'><strong>(65)</strong></span> <span class='ocrx_word' id='word_1_107' title='bbox 286 778 335 810; x_wconf 84' lang='grc' dir='ltr'><strong>τὰς</strong></span> <span class='ocrx_word' id='word_1_108' title='bbox 357 780 469 811; x_wconf 82' lang='grc' dir='ltr'><strong>ἀκτῖνας</strong></span> <span class='ocrx_word' id='word_1_109' title='bbox 492 779 619 814; x_wconf 69' lang='grc' dir='ltr'><strong>ἐρείδων*</strong></span> <span class='ocrx_word' id='word_1_110' title='bbox 636 780 683 807; x_wconf 72' lang='grc' dir='ltr'><strong>καὶ</strong></span> <span class='ocrx_word' id='word_1_111' title='bbox 706 781 723 815; x_wconf 88' lang='grc' dir='ltr'><strong>ἡ</strong></span> <span class='ocrx_word' id='word_1_112' title='bbox 745 779 788 806; x_wconf 85' lang='grc' dir='ltr'><strong>διὰ</strong></span> <span class='ocrx_word' id='word_1_113' title='bbox 815 780 896 815; x_wconf 80' lang='grc' dir='ltr'><strong>μέσου</strong></span> 
     </span>
    </p>
   </div>
   <div class='ocr_carea' id='block_1_18' title="bbox 107 825 896 861">
    <p class='ocr_par' dir='ltr' id='par_1_18' title="bbox 107 825 896 861">
     <span class='ocr_line' id='line_1_18' title="bbox 107 825 896 861; baseline 0.003 -11"><span class='ocrx_word' id='word_1_114' title='bbox 107 825 241 861; x_wconf 78' lang='grc' dir='ltr'><strong>λεγομένη</strong></span> <span class='ocrx_word' id='word_1_115' title='bbox 260 825 331 860; x_wconf 76' lang='grc' dir='ltr'><strong>ζώνη</strong></span> <span class='ocrx_word' id='word_1_116' title='bbox 344 825 423 852; x_wconf 76' lang='grc' dir='ltr'><strong>τοῦτό</strong></span> <span class='ocrx_word' id='word_1_117' title='bbox 447 827 529 852; x_wconf 75' lang='grc' dir='ltr'><strong>ἐστιν.</strong></span> <span class='ocrx_word' id='word_1_118' title='bbox 549 826 610 852; x_wconf 79' lang='grc' dir='ltr'><strong>Ἔτι</strong></span> <span class='ocrx_word' id='word_1_119' title='bbox 622 826 651 852; x_wconf 79' lang='grc' dir='ltr'><strong>δὲ</strong></span> <span class='ocrx_word' id='word_1_120' title='bbox 670 826 718 852; x_wconf 76' lang='grc' dir='ltr'><strong>καί¹</strong></span> <span class='ocrx_word' id='word_1_121' title='bbox 735 825 803 852; x_wconf 86' lang='grc' dir='ltr'><strong>διότι</strong></span> <span class='ocrx_word' id='word_1_122' title='bbox 819 826 833 852; x_wconf 80' lang='grc' dir='ltr'>ὁ</span> <span class='ocrx_word' id='word_1_123' title='bbox 849 825 896 852; x_wconf 84' lang='grc' dir='ltr'><strong>νῦν</strong></span> 
     </span>
    </p>
   </div>
   <div class='ocr_carea' id='block_1_19' title="bbox 109 870 895 906">
    <p class='ocr_par' dir='ltr' id='par_1_19' title="bbox 109 870 895 906">
     <span class='ocr_line' id='line_1_19' title="bbox 109 870 895 906; baseline 0.001 -10"><span class='ocrx_word' id='word_1_124' title='bbox 109 870 228 904; x_wconf 77' lang='grc' dir='ltr'><strong>’Ὕφασις</strong></span> <span class='ocrx_word' id='word_1_125' title='bbox 241 870 405 905; x_wconf 83' lang='grc' dir='ltr'><strong>καλούμενος</strong></span> <span class='ocrx_word' id='word_1_126' title='bbox 420 871 551 906; x_wconf 78' lang='grc' dir='ltr'><strong>ποταμὸς,</strong></span> <span class='ocrx_word' id='word_1_127' title='bbox 565 870 595 897; x_wconf 81' lang='grc' dir='ltr'><strong>ὃν</strong></span> <span class='ocrx_word' id='word_1_128' title='bbox 607 872 623 906; x_wconf 80' lang='grc' dir='ltr'>ἡ</span> <span class='ocrx_word' id='word_1_129' title='bbox 635 871 730 906; x_wconf 73' lang='grc' dir='ltr'><strong>Γραφὴ</strong></span> <span class='ocrx_word' id='word_1_130' title='bbox 744 870 845 897; x_wconf 80' lang='grc' dir='ltr'><strong>Φεισὼν</strong></span> <span class='ocrx_word' id='word_1_131' title='bbox 857 870 895 905; x_wconf 83' lang='grc' dir='ltr'><strong>(ιι)</strong></span> 
     </span>
    </p>
   </div>
   <div class='ocr_carea' id='block_1_20' title="bbox 107 913 898 953">
    <p class='ocr_par' dir='ltr' id='par_1_20' title="bbox 107 913 898 953">
     <span class='ocr_line' id='line_1_20' title="bbox 107 913 898 953; baseline 0.003 -11"><span class='ocrx_word' id='word_1_132' title='bbox 107 916 247 951; x_wconf 78' lang='grc' dir='ltr'><strong>ὀνομάζει,</strong></span> <span class='ocrx_word' id='word_1_133' title='bbox 271 917 316 944; x_wconf 85' lang='grc' dir='ltr'><strong>καὶ</strong></span> <span class='ocrx_word' id='word_1_134' title='bbox 333 918 413 949; x_wconf 71' lang='grc' dir='ltr'><strong>αὐτὸς</strong></span> <span class='ocrx_word' id='word_1_135' title='bbox 429 917 476 944; x_wconf 73' lang='grc' dir='ltr'><strong>τοῦ</strong></span> <span class='ocrx_word' id='word_1_136' title='bbox 496 913 660 953; x_wconf 73' lang='grc' dir='ltr'><strong>παραδείσου</strong></span> <span class='ocrx_word' id='word_1_137' title='bbox 681 917 848 950; x_wconf 74' lang='grc' dir='ltr'><strong>ὰναὸλύζων,</strong></span> <span class='ocrx_word' id='word_1_138' title='bbox 865 918 898 944; x_wconf 79' lang='grc' dir='ltr'><strong>ἐκ</strong></span> 
     </span>
    </p>
   </div>
   <div class='ocr_carea' id='block_1_21' title="bbox 108 962 898 998">
    <p class='ocr_par' dir='ltr' id='par_1_21' title="bbox 108 962 898 998">
     <span class='ocr_line' id='line_1_21' title="bbox 108 962 898 998; baseline 0.001 -10"><span class='ocrx_word' id='word_1_139' title='bbox 108 962 164 988; x_wconf 74' lang='grc' dir='ltr'><strong>τῶν</strong></span> <span class='ocrx_word' id='word_1_140' title='bbox 180 962 312 998; x_wconf 81' lang='grc' dir='ltr'><strong>ἀρκτῴων</strong></span> <span class='ocrx_word' id='word_1_141' title='bbox 333 963 432 997; x_wconf 82' lang='grc' dir='ltr'><strong>μᾶλλον</strong></span> <span class='ocrx_word' id='word_1_142' title='bbox 453 964 503 998; x_wconf 86' lang='grc' dir='ltr'><strong>τῆς</strong></span> <span class='ocrx_word' id='word_1_143' title='bbox 525 963 656 998; x_wconf 82' lang='grc' dir='ltr'><strong>ἀνατολῆς</strong></span> <span class='ocrx_word' id='word_1_144' title='bbox 677 963 767 998; x_wconf 87' lang='grc' dir='ltr'><strong>μερῶν</strong></span> <span class='ocrx_word' id='word_1_145' title='bbox 784 963 830 990; x_wconf 76' lang='grc' dir='ltr'><strong>ἐπὶ</strong></span> <span class='ocrx_word' id='word_1_146' title='bbox 850 963 898 998; x_wconf 83' lang='grc' dir='ltr'><strong>τὴν</strong></span> 
     </span>
    </p>
   </div>
   <div class='ocr_carea' id='block_1_22' title="bbox 110 1009 897 1045">
    <p class='ocr_par' dir='ltr' id='par_1_22' title="bbox 110 1009 897 1045">
     <span class='ocr_line' id='line_1_22' title="bbox 110 1009 897 1045; baseline 0 -10"><span class='ocrx_word' id='word_1_147' title='bbox 110 1009 283 1044; x_wconf 72' lang='grc' dir='ltr'><strong>μεσημϐρίαν</strong></span> <span class='ocrx_word' id='word_1_148' title='bbox 313 1010 437 1043; x_wconf 77' lang='grc' dir='ltr'><strong>φαίνεται</strong></span> <span class='ocrx_word' id='word_1_149' title='bbox 470 1010 557 1045; x_wconf 79' lang='grc' dir='ltr'><strong>ῥέων,</strong></span> <span class='ocrx_word' id='word_1_150' title='bbox 596 1010 642 1037; x_wconf 73' lang='grc' dir='ltr'><strong>καὶ</strong></span> <span class='ocrx_word' id='word_1_151' title='bbox 669 1010 709 1041; x_wconf 87' lang='grc' dir='ltr'><strong>εἰς</strong></span> <span class='ocrx_word' id='word_1_152' title='bbox 737 1009 783 1036; x_wconf 78' lang='grc' dir='ltr'><strong>τὸν</strong></span> <span class='ocrx_word' id='word_1_153' title='bbox 812 1009 897 1045; x_wconf 80' lang='grc' dir='ltr'><strong>ταύτῃ</strong></span> 
     </span>
    </p>
   </div>
   <div class='ocr_carea' id='block_1_23' title="bbox 108 1054 898 1092">
    <p class='ocr_par' dir='ltr' id='par_1_23' title="bbox 108 1054 898 1092">
     <span class='ocr_line' id='line_1_23' title="bbox 108 1054 898 1092; baseline 0.003 -12"><span class='ocrx_word' id='word_1_154' title='bbox 108 1054 230 1081; x_wconf 72' lang='grc' dir='ltr'><strong>ὠκεανὸν</strong></span> <span class='ocrx_word' id='word_1_155' title='bbox 256 1055 286 1081; x_wconf 80' lang='grc' dir='ltr'><strong>τὸ</strong></span> <span class='ocrx_word' id='word_1_156' title='bbox 315 1056 420 1091; x_wconf 70' lang='grc' dir='ltr'><strong>ῥεῖθρον</strong></span> <span class='ocrx_word' id='word_1_157' title='bbox 449 1056 684 1092; x_wconf 83' lang='grc' dir='ltr'><strong>εἰσερευγόμενος,</strong></span> <span class='ocrx_word' id='word_1_158' title='bbox 712 1056 827 1092; x_wconf 77' lang='grc' dir='ltr'><strong>ἀντικρὺ</strong></span> <span class='ocrx_word' id='word_1_159' title='bbox 848 1056 898 1090; x_wconf 82' lang='grc' dir='ltr'><strong>τῆς</strong></span> 
     </span>
    </p>
   </div>
   <div class='ocr_carea' id='block_1_24' title="bbox 108 1099 897 1138">
    <p class='ocr_par' dir='ltr' id='par_1_24' title="bbox 108 1099 897 1138">
     <span class='ocr_line' id='line_1_24' title="bbox 108 1099 897 1138; baseline 0.003 -12"><span class='ocrx_word' id='word_1_160' title='bbox 108 1101 192 1135; x_wconf 82' lang='grc' dir='ltr'><strong>νήσου</strong></span> <span class='ocrx_word' id='word_1_161' title='bbox 211 1101 400 1137; x_wconf 77' lang='grc' dir='ltr'><strong>Ταπροῦἀνης.</strong></span> <span class='ocrx_word' id='word_1_162' title='bbox 418 1099 454 1129; x_wconf 71' lang='grc' dir='ltr'><strong>Οὖ</strong></span> <span class='ocrx_word' id='word_1_163' title='bbox 466 1102 541 1138; x_wconf 83' lang='grc' dir='ltr'><strong>παρὰ.</strong></span> <span class='ocrx_word' id='word_1_164' title='bbox 553 1103 602 1134; x_wconf 76' lang='grc' dir='ltr'><strong>τὰς</strong></span> <span class='ocrx_word' id='word_1_165' title='bbox 615 1102 697 1137; x_wconf 76' lang='grc' dir='ltr'><strong>δχθας</strong></span> <span class='ocrx_word' id='word_1_166' title='bbox 708 1101 756 1128; x_wconf 76' lang='grc' dir='ltr'><strong>τοῦ</strong></span> <span class='ocrx_word' id='word_1_167' title='bbox 773 1101 897 1137; x_wconf 77' lang='grc' dir='ltr'><strong>ποταμοῦ</strong></span> 
     </span>
    </p>
   </div>
   <div class='ocr_carea' id='block_1_25' title="bbox 107 1146 897 1183">
    <p class='ocr_par' dir='ltr' id='par_1_25' title="bbox 107 1146 897 1183">
     <span class='ocr_line' id='line_1_25' title="bbox 107 1146 897 1183; baseline 0.001 -11"><span class='ocrx_word' id='word_1_168' title='bbox 107 1146 266 1182; x_wconf 73' lang='grc' dir='ltr'><strong>εὑρίσκεται</strong></span> <span class='ocrx_word' id='word_1_169' title='bbox 282 1147 313 1173; x_wconf 81' lang='grc' dir='ltr'><strong>τὸ</strong></span> <span class='ocrx_word' id='word_1_170' title='bbox 326 1147 471 1183; x_wconf 78' lang='grc' dir='ltr'><strong>λεγόμενον</strong></span> <span class='ocrx_word' id='word_1_171' title='bbox 487 1147 691 1182; x_wconf 79' lang='grc' dir='ltr'><strong>Καρυόφυλλον,</strong></span> <span class='ocrx_word' id='word_1_172' title='bbox 713 1147 766 1174; x_wconf 76' lang='grc' dir='ltr'><strong>εἴτε</strong></span> <span class='ocrx_word' id='word_1_173' title='bbox 781 1147 897 1182; x_wconf 83' lang='grc' dir='ltr'><strong>καρπὸς,</strong></span> 
     </span>
    </p>
   </div>
   <div class='ocr_carea' id='block_1_26' title="bbox 107 1191 898 1229">
    <p class='ocr_par' dir='ltr' id='par_1_26' title="bbox 107 1191 898 1229">
     <span class='ocr_line' id='line_1_26' title="bbox 107 1191 898 1229; baseline 0.003 -12"><span class='ocrx_word' id='word_1_174' title='bbox 107 1191 165 1218; x_wconf 69' lang='grc' dir='ltr'><strong>εἴτε</strong></span> <span class='ocrx_word' id='word_1_175' title='bbox 182 1193 210 1219; x_wconf 79' lang='grc' dir='ltr'><strong>δὲ</strong></span> <span class='ocrx_word' id='word_1_176' title='bbox 234 1196 281 1220; x_wconf 78' lang='grc' dir='ltr'><strong>καὶ</strong></span> <span class='ocrx_word' id='word_1_177' title='bbox 296 1193 376 1225; x_wconf 76' lang='grc' dir='ltr'><strong>ἄνθος</strong></span> <span class='ocrx_word' id='word_1_178' title='bbox 398 1194 538 1229; x_wconf 85' lang='grc' dir='ltr'><strong>τυγχάνει.</strong></span> <span class='ocrx_word' id='word_1_179' title='bbox 555 1193 611 1220; x_wconf 78' lang='grc' dir='ltr'><strong>Καὶ</strong></span> <span class='ocrx_word' id='word_1_180' title='bbox 637 1192 851 1219; x_wconf 82' lang='grc' dir='ltr'><strong>πεπιστεύκασιν</strong></span> <span class='ocrx_word' id='word_1_181' title='bbox 874 1193 898 1219; x_wconf 85' lang='grc' dir='ltr'><strong>οί</strong></span> 
     </span>
    </p>
   </div>
   <div class='ocr_carea' id='block_1_27' title="bbox 107 1237 896 1275">
    <p class='ocr_par' dir='ltr' id='par_1_27' title="bbox 107 1237 896 1275">
     <span class='ocr_line' id='line_1_27' title="bbox 107 1237 896 1275; baseline 0.001 -11"><span class='ocrx_word' id='word_1_182' title='bbox 107 1239 213 1274; x_wconf 80' lang='grc' dir='ltr'><strong>ἐκείνῃ,</strong></span> <span class='ocrx_word' id='word_1_183' title='bbox 226 1239 280 1266; x_wconf 79' lang='grc' dir='ltr'><strong>τῶν</strong></span> <span class='ocrx_word' id='word_1_184' title='bbox 294 1240 326 1266; x_wconf 78' lang='grc' dir='ltr'><strong>ἐκ</strong></span> <span class='ocrx_word' id='word_1_185' title='bbox 342 1239 389 1266; x_wconf 84' lang='grc' dir='ltr'><strong>τοῦ</strong></span> <span class='ocrx_word' id='word_1_186' title='bbox 403 1239 572 1275; x_wconf 85' lang='grc' dir='ltr'><strong>Παραδείσου</strong></span> <span class='ocrx_word' id='word_1_187' title='bbox 586 1239 666 1266; x_wconf 80' lang='grc' dir='ltr'><strong>τοῦτο</strong></span> <span class='ocrx_word' id='word_1_188' title='bbox 685 1239 792 1274; x_wconf 80' lang='grc' dir='ltr'><strong>δένδρον</strong></span> <span class='ocrx_word' id='word_1_189' title='bbox 817 1237 896 1266; x_wconf 77' lang='grc' dir='ltr'><strong>εἶναι,</strong></span> 
     </span>
    </p>
   </div>
   <div class='ocr_carea' id='block_1_28' title="bbox 107 1285 899 1321">
    <p class='ocr_par' dir='ltr' id='par_1_28' title="bbox 107 1285 899 1321">
     <span class='ocr_line' id='line_1_28' title="bbox 107 1285 899 1321; baseline 0 -10"><span class='ocrx_word' id='word_1_190' title='bbox 107 1285 166 1311; x_wconf 70' lang='grc' dir='ltr'><strong>Καὶ</strong></span> <span class='ocrx_word' id='word_1_191' title='bbox 179 1285 232 1320; x_wconf 80' lang='grc' dir='ltr'><strong>γὰρ</strong></span> <span class='ocrx_word' id='word_1_192' title='bbox 244 1286 290 1312; x_wconf 75' lang='grc' dir='ltr'><strong>καὶ</strong></span> <span class='ocrx_word' id='word_1_193' title='bbox 307 1286 323 1321; x_wconf 80' lang='grc' dir='ltr'>ἡ</span> <span class='ocrx_word' id='word_1_194' title='bbox 341 1285 411 1321; x_wconf 84' lang='grc' dir='ltr'><strong>ὑπὲρ</strong></span> <span class='ocrx_word' id='word_1_195' title='bbox 428 1286 528 1317; x_wconf 78' lang='grc' dir='ltr'><strong>αὐτοὺς</strong></span> <span class='ocrx_word' id='word_1_196' title='bbox 549 1286 595 1320; x_wconf 82' lang='grc' dir='ltr'><strong>γῆ,</strong></span> <span class='ocrx_word' id='word_1_197' title='bbox 609 1285 712 1321; x_wconf 82' lang='grc' dir='ltr'><strong>ἔρημός</strong></span> <span class='ocrx_word' id='word_1_198' title='bbox 729 1285 758 1311; x_wconf 81' lang='grc' dir='ltr'><strong>τέ</strong></span> <span class='ocrx_word' id='word_1_199' title='bbox 774 1286 831 1312; x_wconf 76' lang='grc' dir='ltr'><strong>ἐστι</strong></span> <span class='ocrx_word' id='word_1_200' title='bbox 842 1286 899 1312; x_wconf 87' lang='grc' dir='ltr'><strong>δει-</strong></span> 
     </span>
    </p>
   </div>
   <div class='ocr_carea' id='block_1_29' title="bbox 106 1330 899 1367">
    <p class='ocr_par' dir='ltr' id='par_1_29' title="bbox 106 1330 899 1367">
     <span class='ocr_line' id='line_1_29' title="bbox 106 1330 899 1367; baseline 0.001 -11"><span class='ocrx_word' id='word_1_201' title='bbox 106 1330 163 1362; x_wconf 81' lang='grc' dir='ltr'><strong>νῶς</strong></span> <span class='ocrx_word' id='word_1_202' title='bbox 177 1330 270 1357; x_wconf 73' lang='grc' dir='ltr'><strong>ἅπασα</strong></span> <span class='ocrx_word' id='word_1_203' title='bbox 279 1331 326 1358; x_wconf 77' lang='grc' dir='ltr'><strong>καὶ</strong></span> <span class='ocrx_word' id='word_1_204' title='bbox 342 1331 531 1367; x_wconf 81' lang='grc' dir='ltr'><strong>άκαρποτάτη.</strong></span> <span class='ocrx_word' id='word_1_205' title='bbox 561 1332 609 1358; x_wconf 84' lang='grc' dir='ltr'><strong>Ἐκ</strong></span> <span class='ocrx_word' id='word_1_206' title='bbox 626 1331 654 1358; x_wconf 84' lang='grc' dir='ltr'><strong>δὲ</strong></span> <span class='ocrx_word' id='word_1_207' title='bbox 673 1330 719 1357; x_wconf 79' lang='grc' dir='ltr'><strong>τοῦ</strong></span> <span class='ocrx_word' id='word_1_208' title='bbox 740 1330 833 1366; x_wconf 82' lang='grc' dir='ltr'><strong>φέρειν</strong></span> <span class='ocrx_word' id='word_1_209' title='bbox 854 1331 899 1357; x_wconf 85' lang='grc' dir='ltr'><strong>τὸν</strong></span> 
     </span>
    </p>
   </div>
   <div class='ocr_carea' id='block_1_30' title="bbox 105 1375 900 1413">
    <p class='ocr_par' dir='ltr' id='par_1_30' title="bbox 105 1375 900 1413">
     <span class='ocr_line' id='line_1_30' title="bbox 105 1375 900 1413; baseline 0.001 -10"><span class='ocrx_word' id='word_1_210' title='bbox 105 1377 232 1412; x_wconf 77' lang='grc' dir='ltr'><strong>ποταμὸν</strong></span> <span class='ocrx_word' id='word_1_211' title='bbox 246 1377 276 1403; x_wconf 72' lang='grc' dir='ltr'><strong>τὸ</strong></span> <span class='ocrx_word' id='word_1_212' title='bbox 290 1377 379 1409; x_wconf 74' lang='grc' dir='ltr'><strong>ἄνθος,</strong></span> <span class='ocrx_word' id='word_1_213' title='bbox 398 1377 521 1412; x_wconf 76' lang='grc' dir='ltr'><strong>ἐπίδηλον</strong></span> <span class='ocrx_word' id='word_1_214' title='bbox 531 1378 564 1405; x_wconf 81' lang='grc' dir='ltr'><strong>ἂν</strong></span> <span class='ocrx_word' id='word_1_215' title='bbox 579 1378 621 1413; x_wconf 74' lang='grc' dir='ltr'><strong>εἴη</strong></span> <span class='ocrx_word' id='word_1_216' title='bbox 637 1377 675 1409; x_wconf 81' lang='grc' dir='ltr'><strong>ὡς</strong></span> <span class='ocrx_word' id='word_1_217' title='bbox 692 1375 768 1409; x_wconf 77' lang='grc' dir='ltr'><strong>οὗτος</strong></span> <span class='ocrx_word' id='word_1_218' title='bbox 782 1379 796 1404; x_wconf 85' lang='grc' dir='ltr'>ὁ</span> <span class='ocrx_word' id='word_1_219' title='bbox 815 1386 900 1404; x_wconf 90' lang='grc' dir='ltr'><strong>ποτα-</strong></span> 
     </span>
    </p>
   </div>
   <div class='ocr_carea' id='block_1_31' title="bbox 106 1423 896 1459">
    <p class='ocr_par' dir='ltr' id='par_1_31' title="bbox 106 1423 896 1459">
     <span class='ocr_line' id='line_1_31' title="bbox 106 1423 896 1459; baseline 0 -10"><span class='ocrx_word' id='word_1_220' title='bbox 106 1423 161 1458; x_wconf 73' lang='grc' dir='ltr'><strong>μὺς</strong></span> <span class='ocrx_word' id='word_1_221' title='bbox 176 1423 230 1449; x_wconf 75' lang='grc' dir='ltr'><strong>ὑπὸ</strong></span> <span class='ocrx_word' id='word_1_222' title='bbox 246 1423 298 1458; x_wconf 85' lang='grc' dir='ltr'><strong>γῆς</strong></span> <span class='ocrx_word' id='word_1_223' title='bbox 309 1423 380 1455; x_wconf 69' lang='grc' dir='ltr'><strong>ἄπας</strong></span> <span class='ocrx_word' id='word_1_224' title='bbox 394 1425 436 1459; x_wconf 74' lang='grc' dir='ltr'><strong>ῥεῖ</strong></span> <span class='ocrx_word' id='word_1_225' title='bbox 447 1423 516 1458; x_wconf 66' lang='grc'><strong>(64),</strong></span> <span class='ocrx_word' id='word_1_226' title='bbox 535 1423 670 1459; x_wconf 76' lang='grc' dir='ltr'><strong>μηδαμόθι</strong></span> <span class='ocrx_word' id='word_1_227' title='bbox 683 1423 896 1458; x_wconf 82' lang='grc' dir='ltr'><strong>καταδυόμενος”</strong></span> 
     </span>
    </p>
   </div>
   <div class='ocr_carea' id='block_1_32' title="bbox 102 1468 898 1504">
    <p class='ocr_par' dir='ltr' id='par_1_32' title="bbox 102 1468 898 1504">
     <span class='ocr_line' id='line_1_32' title="bbox 102 1468 898 1504; baseline -0.001 -9"><span class='ocrx_word' id='word_1_228' title='bbox 102 1469 138 1495; x_wconf 77' lang='grc' dir='ltr'><strong>οὐ</strong></span> <span class='ocrx_word' id='word_1_229' title='bbox 168 1469 223 1504; x_wconf 77' lang='grc' dir='ltr'><strong>γὰρ</strong></span> <span class='ocrx_word' id='word_1_230' title='bbox 254 1468 287 1495; x_wconf 85' lang='grc' dir='ltr'><strong>ἂν</strong></span> <span class='ocrx_word' id='word_1_231' title='bbox 311 1469 342 1495; x_wconf 87' lang='grc' dir='ltr'><strong>τὺ</strong></span> <span class='ocrx_word' id='word_1_232' title='bbox 367 1469 471 1495; x_wconf 68' lang='grc' dir='ltr'><strong>ἐκεῖθεν</strong></span> <span class='ocrx_word' id='word_1_233' title='bbox 498 1469 631 1504; x_wconf 76' lang='grc' dir='ltr'><strong>φυόμενον</strong></span> <span class='ocrx_word' id='word_1_234' title='bbox 655 1468 772 1504; x_wconf 75' lang='grc' dir='ltr'><strong>ἠδύνατο</strong></span> <span class='ocrx_word' id='word_1_235' title='bbox 794 1469 898 1504; x_wconf 80' lang='grc' dir='ltr'><strong>φέρειν.</strong></span> 
     </span>
    </p>
   </div>
   <div class='ocr_carea' id='block_1_33' title="bbox 105 1514 898 1550">
    <p class='ocr_par' dir='ltr' id='par_1_33' title="bbox 105 1514 898 1550">
     <span class='ocr_line' id='line_1_33' title="bbox 105 1514 898 1550; baseline -0.001 -8"><span class='ocrx_word' id='word_1_236' title='bbox 105 1515 191 1550; x_wconf 81' lang='grc' dir='ltr'><strong>Ἔχει</strong></span> <span class='ocrx_word' id='word_1_237' title='bbox 207 1515 235 1541; x_wconf 84' lang='grc' dir='ltr'><strong>δέ</strong></span> <span class='ocrx_word' id='word_1_238' title='bbox 247 1524 273 1541; x_wconf 88' lang='grc' dir='ltr'><strong>τι</strong></span> <span class='ocrx_word' id='word_1_239' title='bbox 289 1516 335 1541; x_wconf 73' lang='grc' dir='ltr'><strong>καὶ</strong></span> <span class='ocrx_word' id='word_1_240' title='bbox 348 1514 412 1542; x_wconf 82' lang='grc' dir='ltr'><strong>ἄλλο</strong></span> <span class='ocrx_word' id='word_1_241' title='bbox 429 1515 561 1550; x_wconf 71' lang='grc' dir='ltr'><strong>σύμϐολον</strong></span> <span class='ocrx_word' id='word_1_242' title='bbox 578 1515 626 1550; x_wconf 82' lang='grc' dir='ltr'><strong>τῆς</strong></span> <span class='ocrx_word' id='word_1_243' title='bbox 652 1514 727 1550; x_wconf 79' lang='grc' dir='ltr'><strong>παρὰ</strong></span> <span class='ocrx_word' id='word_1_244' title='bbox 747 1515 792 1542; x_wconf 83' lang='grc' dir='ltr'><strong>τὸν</strong></span> <span class='ocrx_word' id='word_1_245' title='bbox 806 1515 898 1549; x_wconf 85' lang='grc' dir='ltr'><strong>Παρά-</strong></span> 
     </span>
    </p>
   </div>
   <div class='ocr_carea' id='block_1_34' title="bbox 101 1560 898 1596">
    <p class='ocr_par' dir='ltr' id='par_1_34' title="bbox 101 1560 898 1596">
     <span class='ocr_line' id='line_1_34' title="bbox 101 1560 898 1596; baseline 0 -10"><span class='ocrx_word' id='word_1_246' title='bbox 101 1561 198 1587; x_wconf 77' lang='grc' dir='ltr'><strong>δεισον</strong></span> <span class='ocrx_word' id='word_1_247' title='bbox 211 1561 314 1595; x_wconf 78' lang='grc' dir='ltr'><strong>γεηρᾶς</strong></span> <span class='ocrx_word' id='word_1_248' title='bbox 325 1560 466 1595; x_wconf 74' lang='grc' dir='ltr'><strong>ἐπιμιξίας</strong></span> <span class='ocrx_word' id='word_1_249' title='bbox 478 1569 484 1575; x_wconf 89' lang='grc'><strong>·</strong></span> <span class='ocrx_word' id='word_1_250' title='bbox 504 1561 570 1594; x_wconf 75' lang='grc' dir='ltr'><strong>φασὶ</strong></span> <span class='ocrx_word' id='word_1_251' title='bbox 586 1561 641 1596; x_wconf 82' lang='grc' dir='ltr'><strong>γὰρ</strong></span> <span class='ocrx_word' id='word_1_252' title='bbox 655 1560 692 1591; x_wconf 87' lang='grc' dir='ltr'><strong>ὡς</strong></span> <span class='ocrx_word' id='word_1_253' title='bbox 707 1560 754 1586; x_wconf 82' lang='grc' dir='ltr'><strong>ὲάν</strong></span> <span class='ocrx_word' id='word_1_254' title='bbox 766 1569 809 1592; x_wconf 84' lang='grc' dir='ltr'><strong>τις</strong></span> <span class='ocrx_word' id='word_1_255' title='bbox 821 1560 898 1595; x_wconf 84' lang='grc' dir='ltr'><strong>τύχοι</strong></span> 
     </span>
    </p>
   </div>
   <div class='ocr_carea' id='block_1_35' title="bbox 103 1606 900 1642">
    <p class='ocr_par' dir='ltr' id='par_1_35' title="bbox 103 1606 900 1642">
     <span class='ocr_line' id='line_1_35' title="bbox 103 1606 900 1642; baseline 0 -9"><span class='ocrx_word' id='word_1_256' title='bbox 103 1607 223 1642; x_wconf 81' lang='grc' dir='ltr'><strong>πυρετῷ</strong></span> <span class='ocrx_word' id='word_1_257' title='bbox 235 1607 327 1642; x_wconf 87' lang='grc' dir='ltr'><strong>λαύρῳ</strong></span> <span class='ocrx_word' id='word_1_258' title='bbox 348 1607 521 1642; x_wconf 74' lang='grc' dir='ltr'><strong>φλεγόμενος,</strong></span> <span class='ocrx_word' id='word_1_259' title='bbox 539 1608 580 1638; x_wconf 82' lang='grc' dir='ltr'><strong>εἰς</strong></span> <span class='ocrx_word' id='word_1_260' title='bbox 600 1607 646 1633; x_wconf 81' lang='grc' dir='ltr'><strong>τὸν</strong></span> <span class='ocrx_word' id='word_1_261' title='bbox 664 1607 786 1641; x_wconf 83' lang='grc' dir='ltr'><strong>ποταμὸν</strong></span> <span class='ocrx_word' id='word_1_262' title='bbox 802 1606 900 1641; x_wconf 83' lang='grc' dir='ltr'><strong>βαπτι-</strong></span> 
     </span>
    </p>
   </div>
   <div class='ocr_carea' id='block_1_36' title="bbox 102 1652 897 1688">
    <p class='ocr_par' dir='ltr' id='par_1_36' title="bbox 102 1652 897 1688">
     <span class='ocr_line' id='line_1_36' title="bbox 102 1652 897 1688; baseline -0.001 -9"><span class='ocrx_word' id='word_1_263' title='bbox 102 1653 241 1688; x_wconf 79' lang='grc' dir='ltr'><strong>σάμενος,</strong></span> <span class='ocrx_word' id='word_1_264' title='bbox 257 1653 413 1687; x_wconf 82' lang='grc' dir='ltr'><strong>παραυτίκα</strong></span> <span class='ocrx_word' id='word_1_265' title='bbox 439 1652 486 1679; x_wconf 83' lang='grc' dir='ltr'><strong>τοῦ</strong></span> <span class='ocrx_word' id='word_1_266' title='bbox 508 1653 660 1687; x_wconf 80' lang='grc' dir='ltr'><strong>νοσήματος</strong></span> <span class='ocrx_word' id='word_1_267' title='bbox 685 1652 897 1679; x_wconf 78' lang='grc' dir='ltr'><strong>ἀπαλλάττεται.</strong></span> 
     </span>
    </p>
   </div>
   <div class='ocr_carea' id='block_1_37' title="bbox 107 1698 900 1734">
    <p class='ocr_par' dir='ltr' id='par_1_37' title="bbox 107 1698 900 1734">
     <span class='ocr_line' id='line_1_37' title="bbox 107 1698 900 1734; baseline -0.001 -9"><span class='ocrx_word' id='word_1_268' title='bbox 107 1699 141 1725; x_wconf 84' lang='grc' dir='ltr'>Ὀ</span> <span class='ocrx_word' id='word_1_269' title='bbox 162 1698 192 1724; x_wconf 88' lang='grc' dir='ltr'><strong>δὲ</strong></span> <span class='ocrx_word' id='word_1_270' title='bbox 208 1698 313 1734; x_wconf 82' lang='grc' dir='ltr'><strong>Τῖγρης</strong></span> <span class='ocrx_word' id='word_1_271' title='bbox 336 1699 384 1725; x_wconf 76' lang='grc' dir='ltr'><strong>καὶ</strong></span> <span class='ocrx_word' id='word_1_272' title='bbox 404 1699 561 1734; x_wconf 77' lang='grc' dir='ltr'><strong>Εὐφράτης,</strong></span> <span class='ocrx_word' id='word_1_273' title='bbox 585 1699 652 1725; x_wconf 83' lang='grc' dir='ltr'><strong>διότι</strong></span> <span class='ocrx_word' id='word_1_274' title='bbox 671 1699 834 1725; x_wconf 82' lang='grc' dir='ltr'><strong>καταδύουσι</strong></span> <span class='ocrx_word' id='word_1_275' title='bbox 854 1698 900 1725; x_wconf 79' lang='grc' dir='ltr'><strong>καὶ</strong></span> 
     </span>
    </p>
   </div>
   <div class='ocr_carea' id='block_1_38' title="bbox 100 1741 901 1778">
    <p class='ocr_par' dir='ltr' id='par_1_38' title="bbox 100 1741 901 1778">
     <span class='ocr_line' id='line_1_38' title="bbox 100 1741 901 1778; baseline -0.002 -9"><span class='ocrx_word' id='word_1_276' title='bbox 100 1743 191 1769; x_wconf 78' lang='grc' dir='ltr'><strong>πάλιν</strong></span> <span class='ocrx_word' id='word_1_277' title='bbox 202 1743 366 1778; x_wconf 82' lang='grc' dir='ltr'><strong>ἀνίσχουσιν,</strong></span> <span class='ocrx_word' id='word_1_278' title='bbox 376 1743 451 1769; x_wconf 79' lang='grc' dir='ltr'><strong>οὐδὲν</strong></span> <span class='ocrx_word' id='word_1_279' title='bbox 462 1742 565 1769; x_wconf 77' lang='grc' dir='ltr'><strong>ἐκεῖθεν</strong></span> <span class='ocrx_word' id='word_1_280' title='bbox 576 1742 702 1768; x_wconf 80' lang='grc' dir='ltr'><strong>δύνανται</strong></span> <span class='ocrx_word' id='word_1_281' title='bbox 714 1742 836 1777; x_wconf 78' lang='grc' dir='ltr'><strong>κομίζειν</strong></span> <span class='ocrx_word' id='word_1_282' title='bbox 843 1741 879 1772; x_wconf 88' lang='grc' dir='ltr'><strong>ὼς</strong></span> <span class='ocrx_word' id='word_1_283' title='bbox 887 1742 901 1768; x_wconf 75' lang='grc' dir='ltr'>ὁ</span> 
     </span>
    </p>
   </div>
   <div class='ocr_carea' id='block_1_39' title="bbox 101 1786 901 1824">
    <p class='ocr_par' dir='ltr' id='par_1_39' title="bbox 101 1786 901 1824">
     <span class='ocr_line' id='line_1_39' title="bbox 101 1786 901 1824; baseline -0.005 -8"><span class='ocrx_word' id='word_1_284' title='bbox 101 1790 244 1823; x_wconf 55' lang='grc' dir='ltr'><strong>’Υφασις</strong></span> <span class='ocrx_word' id='word_1_285' title='bbox 262 1789 328 1816; x_wconf 85' lang='grc' dir='ltr'><strong>Οὐδὲ</strong></span> <span class='ocrx_word' id='word_1_286' title='bbox 336 1798 367 1824; x_wconf 87' lang='grc' dir='ltr'><strong>γε</strong></span> <span class='ocrx_word' id='word_1_287' title='bbox 381 1790 394 1816; x_wconf 81' lang='grc' dir='ltr'>ὁ</span> <span class='ocrx_word' id='word_1_288' title='bbox 404 1789 509 1820; x_wconf 82' lang='grc' dir='ltr'><strong>Νεῖλος·</strong></span> <span class='ocrx_word' id='word_1_289' title='bbox 525 1789 572 1815; x_wconf 82' lang='grc' dir='ltr'><strong>καὶ</strong></span> <span class='ocrx_word' id='word_1_290' title='bbox 582 1789 636 1824; x_wconf 85' lang='grc' dir='ltr'><strong>γὰρ</strong></span> <span class='ocrx_word' id='word_1_291' title='bbox 644 1788 689 1814; x_wconf 69' lang='grc' dir='ltr'><strong>καὶ</strong></span> <span class='ocrx_word' id='word_1_292' title='bbox 697 1789 789 1814; x_wconf 75' lang='grc' dir='ltr'><strong>τοῦτον</strong></span> <span class='ocrx_word' id='word_1_293' title='bbox 798 1786 901 1813; x_wconf 76' lang='grc' dir='ltr'><strong>ἐκεῖθεν</strong></span> 
     </span>
    </p>
   </div>
   <div class='ocr_carea' id='block_1_40' title="bbox 99 1831 902 1872">
    <p class='ocr_par' dir='ltr' id='par_1_40' title="bbox 99 1831 902 1872">
     <span class='ocr_line' id='line_1_40' title="bbox 99 1831 902 1872; baseline -0.006 -10"><span class='ocrx_word' id='word_1_294' title='bbox 99 1837 164 1872; x_wconf 79' lang='grc' dir='ltr'><strong>ῥεῖν</strong></span> <span class='ocrx_word' id='word_1_295' title='bbox 177 1836 195 1871; x_wconf 83' lang='grc' dir='ltr'><strong>ή</strong></span> <span class='ocrx_word' id='word_1_296' title='bbox 210 1836 331 1867; x_wconf 76' lang='grc' dir='ltr'><strong>Μωσέως</strong></span> <span class='ocrx_word' id='word_1_297' title='bbox 348 1835 475 1861; x_wconf 73' lang='grc' dir='ltr'><strong>ἐπίπνοια</strong></span> <span class='ocrx_word' id='word_1_298' title='bbox 495 1834 578 1868; x_wconf 84' lang='grc' dir='ltr'><strong>λέγει,</strong></span> <span class='ocrx_word' id='word_1_299' title='bbox 604 1832 681 1868; x_wconf 83' lang='grc' dir='ltr'><strong>Γηὼν</strong></span> <span class='ocrx_word' id='word_1_300' title='bbox 700 1832 780 1859; x_wconf 74' lang='grc' dir='ltr'><strong>αὐτὸν</strong></span> <span class='ocrx_word' id='word_1_301' title='bbox 804 1831 902 1867; x_wconf 76' lang='grc' dir='ltr'><strong>ὀνομά-</strong></span> 
     </span>
    </p>
   </div>
   <div class='ocr_carea' id='block_1_41' title="bbox 99 1874 902 1918">
    <p class='ocr_par' dir='ltr' id='par_1_41' title="bbox 99 1874 902 1918">
     <span class='ocr_line' id='line_1_41' title="bbox 99 1874 902 1918; baseline -0.007 -8"><span class='ocrx_word' id='word_1_302' title='bbox 99 1883 210 1916; x_wconf 81' lang='grc' dir='ltr'><strong>ζουσα·</strong></span> <span class='ocrx_word' id='word_1_303' title='bbox 229 1883 258 1909; x_wconf 81' lang='grc' dir='ltr'><strong>ὃν</strong></span> <span class='ocrx_word' id='word_1_304' title='bbox 274 1883 299 1909; x_wconf 75' lang='grc' dir='ltr'><strong>οἱ</strong></span> <span class='ocrx_word' id='word_1_305' title='bbox 314 1883 378 1918; x_wconf 80' lang='grc' dir='ltr'><strong>παρ’</strong></span> <span class='ocrx_word' id='word_1_306' title='bbox 393 1882 521 1917; x_wconf 85' lang='grc' dir='ltr'><strong>Ἕλλησιν</strong></span> <span class='ocrx_word' id='word_1_307' title='bbox 545 1880 693 1915; x_wconf 79' lang='grc' dir='ltr'><strong>Αἰγύπτιον</strong></span> <span class='ocrx_word' id='word_1_308' title='bbox 713 1879 837 1906; x_wconf 76' lang='grc' dir='ltr'><strong>ἐκάλουν.</strong></span> <span class='ocrx_word' id='word_1_309' title='bbox 850 1874 902 1905; x_wconf 78' lang='grc' dir='ltr'><strong>Οὗ-</strong></span> 
     </span>
    </p>
   </div>
   <div class='ocr_carea' id='block_1_42' title="bbox 96 1924 899 1963">
    <p class='ocr_par' dir='ltr' id='par_1_42' title="bbox 96 1924 899 1963">
     <span class='ocr_line' id='line_1_42' title="bbox 96 1924 899 1963; baseline -0.007 -7"><span class='ocrx_word' id='word_1_310' title='bbox 96 1938 162 1960; x_wconf 81' lang='grc' dir='ltr'><strong>τος,</strong></span> <span class='ocrx_word' id='word_1_311' title='bbox 182 1929 223 1960; x_wconf 80' lang='grc' dir='ltr'><strong>ὡς</strong></span> <span class='ocrx_word' id='word_1_312' title='bbox 240 1928 296 1955; x_wconf 76' lang='grc' dir='ltr'><strong>ἐστι</strong></span> <span class='ocrx_word' id='word_1_313' title='bbox 323 1928 480 1963; x_wconf 74' lang='grc' dir='ltr'><strong>συμϐαλεῖν,</strong></span> <span class='ocrx_word' id='word_1_314' title='bbox 507 1926 629 1962; x_wconf 77' lang='grc' dir='ltr'><strong>ἐξορμῶν</strong></span> <span class='ocrx_word' id='word_1_315' title='bbox 652 1925 697 1953; x_wconf 81' lang='grc' dir='ltr'><strong>τοῦ</strong></span> <span class='ocrx_word' id='word_1_316' title='bbox 722 1924 899 1961; x_wconf 80' lang='grc' dir='ltr'><strong>Παραδείσου,</strong></span> 
     </span>
    </p>
   </div>
   <div class='ocr_carea' id='block_1_43' title="bbox 98 1970 901 2011">
    <p class='ocr_par' dir='ltr' id='par_1_43' title="bbox 98 1970 901 2011">
     <span class='ocr_line' id='line_1_43' title="bbox 98 1970 901 2011; baseline -0.009 -9"><span class='ocrx_word' id='word_1_317' title='bbox 98 1976 173 2011; x_wconf 81' lang='grc' dir='ltr'><strong>πρὶν</strong></span> <span class='ocrx_word' id='word_1_318' title='bbox 186 1974 236 2001; x_wconf 72' lang='grc' dir='ltr'><strong>ἐπὶ</strong></span> <span class='ocrx_word' id='word_1_319' title='bbox 247 1974 277 2001; x_wconf 77' lang='grc' dir='ltr'><strong>τὸ</strong></span> <span class='ocrx_word' id='word_1_320' title='bbox 288 1974 443 2009; x_wconf 73' lang='grc' dir='ltr'><strong>οἰκούμενον</strong></span> <span class='ocrx_word' id='word_1_321' title='bbox 458 1973 569 2007; x_wconf 76' lang='grc' dir='ltr'><strong>φθάσαι,</strong></span> <span class='ocrx_word' id='word_1_322' title='bbox 582 1971 790 2006; x_wconf 82' lang='grc' dir='ltr'><strong>καταδυόμενος,</strong></span> <span class='ocrx_word' id='word_1_323' title='bbox 807 1970 901 1996; x_wconf 81' lang='grc' dir='ltr'><strong>ἔπειτα</strong></span> 
     </span>
    </p>
   </div>
   <div class='ocr_carea' id='block_1_44' title="bbox 95 2017 900 2056">
    <p class='ocr_par' dir='ltr' id='par_1_44' title="bbox 95 2017 900 2056">
     <span class='ocr_line' id='line_1_44' title="bbox 95 2017 900 2056; baseline -0.006 -9"><span class='ocrx_word' id='word_1_324' title='bbox 95 2022 154 2056; x_wconf 83' lang='grc' dir='ltr'><strong>τὴν</strong></span> <span class='ocrx_word' id='word_1_325' title='bbox 173 2019 293 2055; x_wconf 81' lang='grc' dir='ltr'><strong>Ἰνδικὴν</strong></span> <span class='ocrx_word' id='word_1_326' title='bbox 313 2019 446 2046; x_wconf 77' lang='grc' dir='ltr'><strong>θάλατταν</strong></span> <span class='ocrx_word' id='word_1_327' title='bbox 468 2018 591 2045; x_wconf 86' lang='grc' dir='ltr'><strong>ὑπελθὼν</strong></span> <span class='ocrx_word' id='word_1_328' title='bbox 607 2018 656 2050; x_wconf 74' lang='grc' dir='ltr'><strong>ἔτι,</strong></span> <span class='ocrx_word' id='word_1_329' title='bbox 685 2018 732 2044; x_wconf 76' lang='grc' dir='ltr'><strong>καὶ</strong></span> <span class='ocrx_word' id='word_1_330' title='bbox 756 2017 847 2051; x_wconf 87' lang='grc' dir='ltr'><strong>κύκλῳ</strong></span> <span class='ocrx_word' id='word_1_331' title='bbox 869 2024 900 2049; x_wconf 82' lang='grc' dir='ltr'><strong>γε</strong></span> 
     </span>
    </p>
   </div>
   <div class='ocr_carea' id='block_1_45' title="bbox 94 2061 901 2102">
    <p class='ocr_par' dir='ltr' id='par_1_45' title="bbox 94 2061 901 2102">
     <span class='ocr_line' id='line_1_45' title="bbox 94 2061 901 2102; baseline -0.006 -9"><span class='ocrx_word' id='word_1_332' title='bbox 94 2067 194 2102; x_wconf 83' lang='grc' dir='ltr'><strong>αὐτὴν</strong></span> <span class='ocrx_word' id='word_1_333' title='bbox 208 2065 400 2101; x_wconf 81' lang='grc' dir='ltr'><strong>περιελιχθεὶς,</strong></span> <span class='ocrx_word' id='word_1_334' title='bbox 411 2066 448 2097; x_wconf 84' lang='grc' dir='ltr'><strong>ὡς</strong></span> <span class='ocrx_word' id='word_1_335' title='bbox 463 2065 570 2091; x_wconf 82' lang='grc' dir='ltr'><strong>εἰκάσαι</strong></span> <span class='ocrx_word' id='word_1_336' title='bbox 582 2064 653 2099; x_wconf 75' lang='grc'><strong>(65),</strong></span> <span class='ocrx_word' id='word_1_337' title='bbox 668 2063 719 2099; x_wconf 85' lang='grc' dir='ltr'><strong>(τίς</strong></span> <span class='ocrx_word' id='word_1_338' title='bbox 727 2063 781 2098; x_wconf 84' lang='grc' dir='ltr'><strong>γὰρ</strong></span> <span class='ocrx_word' id='word_1_339' title='bbox 797 2061 901 2097; x_wconf 76' lang='grc' dir='ltr'><strong>ἀνθρώ-</strong></span> 
     </span>
    </p>
   </div>
   <div class='ocr_carea' id='block_1_46' title="bbox 94 2108 900 2148">
    <p class='ocr_par' dir='ltr' id='par_1_46' title="bbox 94 2108 900 2148">
     <span class='ocr_line' id='line_1_46' title="bbox 94 2108 900 2148; baseline -0.009 -8"><span class='ocrx_word' id='word_1_340' title='bbox 94 2122 164 2140; x_wconf 79' lang='grc' dir='ltr'><strong>πων</strong></span> <span class='ocrx_word' id='word_1_341' title='bbox 181 2112 350 2148; x_wconf 78' lang='grc' dir='ltr'><strong>ἀκριϐώσειε</strong></span> <span class='ocrx_word' id='word_1_342' title='bbox 360 2111 438 2138; x_wconf 78' lang='grc' dir='ltr'><strong>τοῦτο</strong></span> <span class='ocrx_word' id='word_1_343' title='bbox 450 2119 456 2143; x_wconf 89' lang='grc'>;</span> <span class='ocrx_word' id='word_1_344' title='bbox 468 2111 477 2146; x_wconf 94' lang='grc'>)</span> <span class='ocrx_word' id='word_1_345' title='bbox 494 2111 540 2137; x_wconf 75' lang='grc' dir='ltr'><strong>καὶ</strong></span> <span class='ocrx_word' id='word_1_346' title='bbox 553 2110 606 2137; x_wconf 78' lang='grc' dir='ltr'><strong>ὑπὸ</strong></span> <span class='ocrx_word' id='word_1_347' title='bbox 620 2111 710 2136; x_wconf 79' lang='grc' dir='ltr'><strong>πᾶσαν</strong></span> <span class='ocrx_word' id='word_1_348' title='bbox 719 2109 768 2144; x_wconf 78' lang='grc' dir='ltr'><strong>τὴν</strong></span> <span class='ocrx_word' id='word_1_349' title='bbox 783 2109 811 2134; x_wconf 80' lang='grc' dir='ltr'><strong>ὲν</strong></span> <span class='ocrx_word' id='word_1_350' title='bbox 827 2108 900 2142; x_wconf 77' lang='grc' dir='ltr'><strong>μέσῳ</strong></span> 
     </span>
    </p>
   </div>
   <div class='ocr_carea' id='block_1_47' title="bbox 93 2153 900 2195">
    <p class='ocr_par' dir='ltr' id='par_1_47' title="bbox 93 2153 900 2195">
     <span class='ocr_line' id='line_1_47' title="bbox 93 2153 900 2195; baseline -0.009 -9"><span class='ocrx_word' id='word_1_351' title='bbox 93 2160 154 2195; x_wconf 82' lang='grc' dir='ltr'><strong>τῆν</strong></span> <span class='ocrx_word' id='word_1_352' title='bbox 166 2158 294 2194; x_wconf 74' lang='grc' dir='ltr'><strong>ἐνεχθεὶς</strong></span> <span class='ocrx_word' id='word_1_353' title='bbox 304 2158 384 2193; x_wconf 83' lang='grc' dir='ltr'><strong>μέχρι</strong></span> <span class='ocrx_word' id='word_1_354' title='bbox 397 2158 446 2192; x_wconf 75' lang='grc' dir='ltr'><strong>τῆς</strong></span> <span class='ocrx_word' id='word_1_355' title='bbox 467 2156 600 2193; x_wconf 81' lang='grc' dir='ltr'><strong>Ἐρυθρᾶς</strong></span> <span class='ocrx_word' id='word_1_356' title='bbox 616 2156 763 2190; x_wconf 77' lang='grc' dir='ltr'><strong>θαλάσσης,</strong></span> <span class='ocrx_word' id='word_1_357' title='bbox 775 2154 822 2181; x_wconf 81' lang='grc' dir='ltr'><strong>καὶ</strong></span> <span class='ocrx_word' id='word_1_358' title='bbox 834 2153 900 2179; x_wconf 83' lang='grc' dir='ltr'><strong>ταύ-</strong></span> 
     </span>
    </p>
   </div>
   <div class='ocr_carea' id='block_1_48' title="bbox 913 1582 934 1611">
    <p class='ocr_par' dir='ltr' id='par_1_48' title="bbox 913 1582 934 1611">
     <span class='ocr_line' id='line_1_48' title="bbox 913 1582 934 1611; baseline 0 0"><span class='ocrx_word' id='word_1_359' title='bbox 913 1582 934 1611; x_wconf 89' lang='lat' dir='ltr'><strong>C</strong></span> 
     </span>
    </p>
   </div>
   <div class='ocr_carea' id='block_1_49' title="bbox 951 275 1738 308">
    <p class='ocr_par' dir='ltr' id='par_1_49' title="bbox 951 275 1738 308">
     <span class='ocr_line' id='line_1_49' title="bbox 951 275 1738 308; baseline -0.001 -4"><span class='ocrx_word' id='word_1_360' title='bbox 951 277 1042 304; x_wconf 85' lang='lat' dir='ltr'><strong>dinem</strong></span> <span class='ocrx_word' id='word_1_361' title='bbox 1063 277 1269 308; x_wconf 72' lang='lat' dir='ltr'><strong>sustinendam;</strong></span> <span class='ocrx_word' id='word_1_362' title='bbox 1289 275 1448 303; x_wconf 90' lang='lat' dir='ltr'><strong>ﬂuminibus</strong></span> <span class='ocrx_word' id='word_1_363' title='bbox 1462 283 1526 302; x_wconf 90' lang='lat' dir='ltr'><strong>vero</strong></span> <span class='ocrx_word' id='word_1_364' title='bbox 1545 276 1661 303; x_wconf 87' lang='lat' dir='ltr'><strong>liberum</strong></span> <span class='ocrx_word' id='word_1_365' title='bbox 1674 284 1738 303; x_wconf 81' lang='lat' dir='ltr'><strong>cur-</strong></span> 
     </span>
    </p>
   </div>
   <div class='ocr_carea' id='block_1_50' title="bbox 951 321 1738 356">
    <p class='ocr_par' dir='ltr' id='par_1_50' title="bbox 951 321 1738 356">
     <span class='ocr_line' id='line_1_50' title="bbox 951 321 1738 356; baseline -0.001 -7"><span class='ocrx_word' id='word_1_366' title='bbox 951 330 1012 350; x_wconf 88' lang='lat' dir='ltr'><strong>sum</strong></span> <span class='ocrx_word' id='word_1_367' title='bbox 1039 326 1171 356; x_wconf 89' lang='lat' dir='ltr'><strong>perpetuo</strong></span> <span class='ocrx_word' id='word_1_368' title='bbox 1187 322 1310 356; x_wconf 73' lang='lat' dir='ltr'><strong>prtcbens</strong></span> <span class='ocrx_word' id='word_1_369' title='bbox 1334 321 1512 355; x_wconf 79' lang='lat' dir='ltr'><strong>dispositione</strong></span> <span class='ocrx_word' id='word_1_370' title='bbox 1537 321 1738 349; x_wconf 87' lang='lat' dir='ltr'><strong>solerti:loco—</strong></span> 
     </span>
    </p>
   </div>
   <div class='ocr_carea' id='block_1_51' title="bbox 955 367 1738 402">
    <p class='ocr_par' dir='ltr' id='par_1_51' title="bbox 955 367 1738 402">
     <span class='ocr_line' id='line_1_51' title="bbox 955 367 1738 402; baseline 0 -8"><span class='ocrx_word' id='word_1_371' title='bbox 955 376 1017 395; x_wconf 84' lang='lat' dir='ltr'><strong>rum</strong></span> <span class='ocrx_word' id='word_1_372' title='bbox 1033 367 1256 402; x_wconf 85' lang='lat' dir='ltr'><strong>depressionibus</strong></span> <span class='ocrx_word' id='word_1_373' title='bbox 1273 374 1304 394; x_wconf 89' lang='lat' dir='ltr'><strong>ae</strong></span> <span class='ocrx_word' id='word_1_374' title='bbox 1324 367 1478 394; x_wconf 80' lang='lat' dir='ltr'><strong>declivitate</strong></span> <span class='ocrx_word' id='word_1_375' title='bbox 1498 374 1512 393; x_wconf 92' lang='lat' dir='ltr'><strong>a</strong></span> <span class='ocrx_word' id='word_1_376' title='bbox 1530 367 1738 395; x_wconf 75' lang='lat' dir='ltr'><strong>sublimioribus</strong></span> 
     </span>
    </p>
   </div>
   <div class='ocr_carea' id='block_1_52' title="bbox 952 412 1737 447">
    <p class='ocr_par' dir='ltr' id='par_1_52' title="bbox 952 412 1737 447">
     <span class='ocr_line' id='line_1_52' title="bbox 952 412 1737 447; baseline 0 -7"><span class='ocrx_word' id='word_1_377' title='bbox 952 413 985 440; x_wconf 84' lang='lat' dir='ltr'><strong>ad</strong></span> <span class='ocrx_word' id='word_1_378' title='bbox 1006 412 1134 439; x_wconf 79' lang='lat' dir='ltr'><strong>inferiora</strong></span> <span class='ocrx_word' id='word_1_379' title='bbox 1145 416 1280 447; x_wconf 74' lang='lat' dir='ltr'><strong>vergente,</strong></span> <span class='ocrx_word' id='word_1_380' title='bbox 1291 412 1341 440; x_wconf 85' lang='lat' dir='ltr'><strong>iter</strong></span> <span class='ocrx_word' id='word_1_381' title='bbox 1356 413 1459 439; x_wconf 81' lang='lat' dir='ltr'><strong>faciens</strong></span> <span class='ocrx_word' id='word_1_382' title='bbox 1474 412 1587 447; x_wconf 87' lang='lat' dir='ltr'><strong>impetui</strong></span> <span class='ocrx_word' id='word_1_383' title='bbox 1603 413 1737 440; x_wconf 85' lang='lat' dir='ltr'><strong>currentis</strong></span> 
     </span>
    </p>
   </div>
   <div class='ocr_carea' id='block_1_53' title="bbox 950 458 1040 486">
    <p class='ocr_par' dir='ltr' id='par_1_53' title="bbox 950 458 1040 486">
     <span class='ocr_line' id='line_1_53' title="bbox 950 458 1040 486; baseline -0.022 0"><span class='ocrx_word' id='word_1_384' title='bbox 950 458 1040 486; x_wconf 80' lang='lat' dir='ltr'><strong>undze.</strong></span> 
     </span>
    </p>
   </div>
   <div class='ocr_carea' id='block_1_54' title="bbox 985 547 1736 583">
    <p class='ocr_par' dir='ltr' id='par_1_54' title="bbox 985 547 1736 583">
     <span class='ocr_line' id='line_1_54' title="bbox 985 547 1736 583; baseline 0.005 -9"><span class='ocrx_word' id='word_1_385' title='bbox 985 547 1030 574; x_wconf 81' lang='grc'><strong>10.</strong></span> <span class='ocrx_word' id='word_1_386' title='bbox 1045 547 1172 575; x_wconf 77' lang='lat' dir='ltr'><strong>Paradisi</strong></span> <span class='ocrx_word' id='word_1_387' title='bbox 1187 549 1266 580; x_wconf 74' lang='lat' dir='ltr'><strong>situs,</strong></span> <span class='ocrx_word' id='word_1_388' title='bbox 1287 548 1395 583; x_wconf 80' lang='lat' dir='ltr'><strong>ejusque</strong></span> <span class='ocrx_word' id='word_1_389' title='bbox 1411 550 1495 582; x_wconf 78' lang='lat' dir='ltr'><strong>fluuii.</strong></span> <span class='ocrx_word' id='word_1_390' title='bbox 1517 564 1553 570; x_wconf 86' lang='lat'><strong>——</strong></span> <span class='ocrx_word' id='word_1_391' title='bbox 1575 550 1736 579; x_wconf 87' lang='lat' dir='ltr'><strong>Paradisutn</strong></span> 
     </span>
    </p>
   </div>
   <div class='ocr_carea' id='block_1_55' title="bbox 949 593 1738 627">
    <p class='ocr_par' dir='ltr' id='par_1_55' title="bbox 949 593 1738 627">
     <span class='ocr_line' id='line_1_55' title="bbox 949 593 1738 627; baseline 0.004 -7"><span class='ocrx_word' id='word_1_392' title='bbox 949 593 984 620; x_wconf 87' lang='lat' dir='ltr'><strong>ad</strong></span> <span class='ocrx_word' id='word_1_393' title='bbox 1002 593 1197 627; x_wconf 68' lang='lat' dir='ltr'><strong>aequinoctium</strong></span> <span class='ocrx_word' id='word_1_394' title='bbox 1223 594 1336 621; x_wconf 84' lang='lat' dir='ltr'><strong>orientis</strong></span> <span class='ocrx_word' id='word_1_395' title='bbox 1365 594 1449 621; x_wconf 85' lang='lat' dir='ltr'><strong>situm</strong></span> <span class='ocrx_word' id='word_1_396' title='bbox 1475 603 1536 622; x_wconf 84' lang='lat' dir='ltr'><strong>esse</strong></span> <span class='ocrx_word' id='word_1_397' title='bbox 1554 596 1649 623; x_wconf 85' lang='lat' dir='ltr'><strong>scribit</strong></span> <span class='ocrx_word' id='word_1_398' title='bbox 1673 596 1738 623; x_wconf 82' lang='lat' dir='ltr'><strong>Phi-</strong></span> 
     </span>
    </p>
   </div>
   <div class='ocr_carea' id='block_1_56' title="bbox 938 640 1738 680">
    <p class='ocr_par' dir='ltr' id='par_1_56' title="bbox 938 640 1738 680">
     <span class='ocr_line' id='line_1_56' title="bbox 938 640 1738 680; baseline 0.005 -14"><span class='ocrx_word' id='word_1_399' title='bbox 938 640 1108 680; x_wconf 84' lang='lat' dir='ltr'><strong>llostorgius,</strong></span> <span class='ocrx_word' id='word_1_400' title='bbox 1139 640 1326 675; x_wconf 85' lang='lat' dir='ltr'><strong>conjecturam</strong></span> <span class='ocrx_word' id='word_1_401' title='bbox 1355 641 1477 676; x_wconf 87' lang='lat' dir='ltr'><strong>capiens,</strong></span> <span class='ocrx_word' id='word_1_402' title='bbox 1509 642 1626 676; x_wconf 90' lang='lat' dir='ltr'><strong>primum</strong></span> <span class='ocrx_word' id='word_1_403' title='bbox 1650 650 1682 670; x_wconf 86' lang='lat' dir='ltr'><strong>ex</strong></span> <span class='ocrx_word' id='word_1_404' title='bbox 1704 650 1738 670; x_wconf 90' lang='lat' dir='ltr'><strong>eo</strong></span> 
     </span>
    </p>
   </div>
   <div class='ocr_carea' id='block_1_57' title="bbox 949 687 1738 722">
    <p class='ocr_par' dir='ltr' id='par_1_57' title="bbox 949 687 1738 722">
     <span class='ocr_line' id='line_1_57' title="bbox 949 687 1738 722; baseline 0.003 -8"><span class='ocrx_word' id='word_1_405' title='bbox 949 688 1019 722; x_wconf 85' lang='lat' dir='ltr'><strong>quod</strong></span> <span class='ocrx_word' id='word_1_406' title='bbox 1047 692 1143 715; x_wconf 92' lang='lat' dir='ltr'><strong>cuncta</strong></span> <span class='ocrx_word' id='word_1_407' title='bbox 1161 687 1217 715; x_wconf 82' lang='lat' dir='ltr'><strong>fere</strong></span> <span class='ocrx_word' id='word_1_408' title='bbox 1242 687 1301 714; x_wconf 87' lang='lat' dir='ltr'><strong>loca</strong></span> <span class='ocrx_word' id='word_1_409' title='bbox 1332 688 1365 715; x_wconf 88' lang='lat' dir='ltr'><strong>ad</strong></span> <span class='ocrx_word' id='word_1_410' title='bbox 1384 688 1524 715; x_wconf 87' lang='lat' dir='ltr'><strong>meridiem</strong></span> <span class='ocrx_word' id='word_1_411' title='bbox 1554 689 1605 716; x_wconf 84' lang='lat' dir='ltr'><strong>sita</strong></span> <span class='ocrx_word' id='word_1_412' title='bbox 1630 693 1738 716; x_wconf 81' lang='lat' dir='ltr'><strong>constat</strong></span> 
     </span>
    </p>
   </div>
   <div class='ocr_carea' id='block_1_58' title="bbox 949 732 1738 770">
    <p class='ocr_par' dir='ltr' id='par_1_58' title="bbox 949 732 1738 770">
     <span class='ocr_line' id='line_1_58' title="bbox 949 732 1738 770; baseline 0.003 -10"><span class='ocrx_word' id='word_1_413' title='bbox 949 740 1010 760; x_wconf 89' lang='lat' dir='ltr'><strong>esse</strong></span> <span class='ocrx_word' id='word_1_414' title='bbox 1030 732 1198 765; x_wconf 81' lang='lat' dir='ltr'><strong>habitabilia,</strong></span> <span class='ocrx_word' id='word_1_415' title='bbox 1221 741 1308 768; x_wconf 84' lang='lat' dir='ltr'><strong>usque</strong></span> <span class='ocrx_word' id='word_1_416' title='bbox 1322 734 1355 761; x_wconf 84' lang='lat' dir='ltr'><strong>ad</strong></span> <span class='ocrx_word' id='word_1_417' title='bbox 1372 734 1521 767; x_wconf 78' lang='lat' dir='ltr'><strong>Oceanum,</strong></span> <span class='ocrx_word' id='word_1_418' title='bbox 1542 743 1622 770; x_wconf 91' lang='lat' dir='ltr'><strong>quem</strong></span> <span class='ocrx_word' id='word_1_419' title='bbox 1639 735 1738 762; x_wconf 89' lang='lat' dir='ltr'><strong>deinde</strong></span> 
     </span>
    </p>
   </div>
   <div class='ocr_carea' id='block_1_59' title="bbox 949 778 1738 814">
    <p class='ocr_par' dir='ltr' id='par_1_59' title="bbox 949 778 1738 814">
     <span class='ocr_line' id='line_1_59' title="bbox 949 778 1738 814; baseline 0.004 -9"><span class='ocrx_word' id='word_1_420' title='bbox 949 778 989 806; x_wconf 87' lang='lat' dir='ltr'><strong>sol</strong></span> <span class='ocrx_word' id='word_1_421' title='bbox 1006 779 1107 811; x_wconf 79' lang='lat' dir='ltr'><strong>adurit,</strong></span> <span class='ocrx_word' id='word_1_422' title='bbox 1133 779 1226 806; x_wconf 87' lang='lat' dir='ltr'><strong>radios</strong></span> <span class='ocrx_word' id='word_1_423' title='bbox 1249 787 1314 807; x_wconf 88' lang='lat' dir='ltr'><strong>suos</strong></span> <span class='ocrx_word' id='word_1_424' title='bbox 1339 780 1537 814; x_wconf 86' lang='lat' dir='ltr'><strong>perpendiculo</strong></span> <span class='ocrx_word' id='word_1_425' title='bbox 1555 781 1582 807; x_wconf 85' lang='lat' dir='ltr'><strong>in</strong></span> <span class='ocrx_word' id='word_1_426' title='bbox 1606 789 1668 808; x_wconf 84' lang='lat' dir='ltr'><strong>eum</strong></span> <span class='ocrx_word' id='word_1_427' title='bbox 1686 781 1738 808; x_wconf 91' lang='lat' dir='ltr'><strong>im-</strong></span> 
     </span>
    </p>
   </div>
   <div class='ocr_carea' id='block_1_60' title="bbox 948 825 1732 860">
    <p class='ocr_par' dir='ltr' id='par_1_60' title="bbox 948 825 1732 860">
     <span class='ocr_line' id='line_1_60' title="bbox 948 825 1732 860; baseline 0.004 -9"><span class='ocrx_word' id='word_1_428' title='bbox 948 825 1067 852; x_wconf 91' lang='lat' dir='ltr'><strong>mittens.</strong></span> <span class='ocrx_word' id='word_1_429' title='bbox 1089 826 1176 860; x_wconf 83' lang='lat' dir='ltr'><strong>Atque</strong></span> <span class='ocrx_word' id='word_1_430' title='bbox 1195 825 1252 852; x_wconf 77' lang='lat' dir='ltr'><strong>haec</strong></span> <span class='ocrx_word' id='word_1_431' title='bbox 1274 830 1316 852; x_wconf 90' lang='lat' dir='ltr'><strong>est</strong></span> <span class='ocrx_word' id='word_1_432' title='bbox 1338 834 1399 860; x_wconf 71' lang='lat' dir='ltr'><strong>quae</strong></span> <span class='ocrx_word' id='word_1_433' title='bbox 1417 827 1503 853; x_wconf 84' lang='lat' dir='ltr'><strong>media</strong></span> <span class='ocrx_word' id='word_1_434' title='bbox 1528 827 1628 854; x_wconf 89' lang='lat' dir='ltr'><strong>dicitur</strong></span> <span class='ocrx_word' id='word_1_435' title='bbox 1653 835 1732 854; x_wconf 84' lang='lat' dir='ltr'><strong>zona.</strong></span> 
     </span>
    </p>
   </div>
   <div class='ocr_carea' id='block_1_61' title="bbox 948 869 1736 907">
    <p class='ocr_par' dir='ltr' id='par_1_61' title="bbox 948 869 1736 907">
     <span class='ocr_line' id='line_1_61' title="bbox 948 869 1736 907; baseline 0.005 -11"><span class='ocrx_word' id='word_1_436' title='bbox 948 869 1050 897; x_wconf 83' lang='lat' dir='ltr'><strong>Deinde</strong></span> <span class='ocrx_word' id='word_1_437' title='bbox 1063 878 1096 896; x_wconf 80' lang='lat' dir='ltr'><strong>ex</strong></span> <span class='ocrx_word' id='word_1_438' title='bbox 1114 877 1147 896; x_wconf 89' lang='lat' dir='ltr'><strong>eo</strong></span> <span class='ocrx_word' id='word_1_439' title='bbox 1171 871 1243 904; x_wconf 88' lang='lat' dir='ltr'><strong>quod</strong></span> <span class='ocrx_word' id='word_1_440' title='bbox 1260 869 1358 897; x_wconf 84' lang='lat' dir='ltr'><strong>ﬂuvius</strong></span> <span class='ocrx_word' id='word_1_441' title='bbox 1380 872 1425 904; x_wconf 78' lang='lat' dir='ltr'><strong>qui</strong></span> <span class='ocrx_word' id='word_1_442' title='bbox 1451 880 1524 899; x_wconf 88' lang='lat' dir='ltr'><strong>nunc</strong></span> <span class='ocrx_word' id='word_1_443' title='bbox 1545 871 1679 907; x_wconf 84' lang='lat' dir='ltr'><strong>Hyphasis</strong></span> <span class='ocrx_word' id='word_1_444' title='bbox 1694 873 1736 900; x_wconf 88' lang='lat' dir='ltr'><strong>di-</strong></span> 
     </span>
    </p>
   </div>
   <div class='ocr_carea' id='block_1_62' title="bbox 914 910 1736 951">
    <p class='ocr_par' dir='ltr' id='par_1_62' title="bbox 914 910 1736 951">
     <span class='ocr_line' id='line_1_62' title="bbox 914 910 1736 951; baseline 0.006 -9"><span class='ocrx_word' id='word_1_445' title='bbox 914 910 934 937; x_wconf 83' lang='grc' dir='ltr'><strong>Β</strong></span> <span class='ocrx_word' id='word_1_446' title='bbox 949 917 1030 947; x_wconf 85' lang='lat' dir='ltr'><strong>citur,</strong></span> <span class='ocrx_word' id='word_1_447' title='bbox 1043 917 1070 943; x_wconf 91' lang='lat' dir='ltr'><strong>in</strong></span> <span class='ocrx_word' id='word_1_448' title='bbox 1082 917 1167 943; x_wconf 86' lang='lat' dir='ltr'><strong>sacris</strong></span> <span class='ocrx_word' id='word_1_449' title='bbox 1178 922 1267 943; x_wconf 84' lang='lat' dir='ltr'><strong>autem</strong></span> <span class='ocrx_word' id='word_1_450' title='bbox 1281 917 1358 944; x_wconf 82' lang='lat' dir='ltr'><strong>libris</strong></span> <span class='ocrx_word' id='word_1_451' title='bbox 1367 916 1466 945; x_wconf 83' lang='lat' dir='ltr'><strong>Phison</strong></span> <span class='ocrx_word' id='word_1_452' title='bbox 1481 919 1647 951; x_wconf 83' lang='lat' dir='ltr'><strong>nominatur.</strong></span> <span class='ocrx_word' id='word_1_453' title='bbox 1660 925 1736 947; x_wconf 88' lang='lat' dir='ltr'><strong>ortus</strong></span> 
     </span>
    </p>
   </div>
   <div class='ocr_carea' id='block_1_63' title="bbox 950 962 1736 999">
    <p class='ocr_par' dir='ltr' id='par_1_63' title="bbox 950 962 1736 999">
     <span class='ocr_line' id='line_1_63' title="bbox 950 962 1736 999; baseline 0.004 -10"><span class='ocrx_word' id='word_1_454' title='bbox 950 967 977 989; x_wconf 88' lang='lat' dir='ltr'><strong>et</strong></span> <span class='ocrx_word' id='word_1_455' title='bbox 991 963 1050 997; x_wconf 87' lang='lat' dir='ltr'><strong>ipse</strong></span> <span class='ocrx_word' id='word_1_456' title='bbox 1064 970 1097 990; x_wconf 78' lang='lat' dir='ltr'><strong>ex</strong></span> <span class='ocrx_word' id='word_1_457' title='bbox 1115 962 1254 997; x_wconf 81' lang='lat' dir='ltr'><strong>paradiso,</strong></span> <span class='ocrx_word' id='word_1_458' title='bbox 1267 970 1299 989; x_wconf 83' lang='lat' dir='ltr'><strong>ex</strong></span> <span class='ocrx_word' id='word_1_459' title='bbox 1315 963 1415 990; x_wconf 88' lang='lat' dir='ltr'><strong>arctois</strong></span> <span class='ocrx_word' id='word_1_460' title='bbox 1427 964 1513 998; x_wconf 79' lang='lat' dir='ltr'><strong>magis</strong></span> <span class='ocrx_word' id='word_1_461' title='bbox 1529 965 1640 992; x_wconf 89' lang='lat' dir='ltr'><strong>orientis</strong></span> <span class='ocrx_word' id='word_1_462' title='bbox 1653 966 1736 999; x_wconf 88' lang='lat' dir='ltr'><strong>parti-</strong></span> 
     </span>
    </p>
   </div>
   <div class='ocr_carea' id='block_1_64' title="bbox 949 1009 1733 1042">
    <p class='ocr_par' dir='ltr' id='par_1_64' title="bbox 949 1009 1733 1042">
     <span class='ocr_line' id='line_1_64' title="bbox 949 1009 1733 1042; baseline 0.004 -7"><span class='ocrx_word' id='word_1_463' title='bbox 949 1009 1001 1036; x_wconf 92' lang='lat' dir='ltr'><strong>bus</strong></span> <span class='ocrx_word' id='word_1_464' title='bbox 1014 1009 1154 1036; x_wconf 87' lang='lat' dir='ltr'><strong>meridiem</strong></span> <span class='ocrx_word' id='word_1_465' title='bbox 1166 1017 1262 1036; x_wconf 87' lang='lat' dir='ltr'><strong>versus</strong></span> <span class='ocrx_word' id='word_1_466' title='bbox 1278 1009 1362 1036; x_wconf 83' lang='lat' dir='ltr'><strong>ﬂuere</strong></span> <span class='ocrx_word' id='word_1_467' title='bbox 1378 1009 1496 1042; x_wconf 86' lang='lat' dir='ltr'><strong>videtur,</strong></span> <span class='ocrx_word' id='word_1_468' title='bbox 1514 1016 1541 1037; x_wconf 89' lang='lat' dir='ltr'><strong>et</strong></span> <span class='ocrx_word' id='word_1_469' title='bbox 1557 1011 1582 1037; x_wconf 95' lang='lat' dir='ltr'><strong>in</strong></span> <span class='ocrx_word' id='word_1_470' title='bbox 1595 1011 1733 1038; x_wconf 85' lang='lat' dir='ltr'><strong>Oceanum</strong></span> 
     </span>
    </p>
   </div>
   <div class='ocr_carea' id='block_1_65' title="bbox 949 1055 1735 1090">
    <p class='ocr_par' dir='ltr' id='par_1_65' title="bbox 949 1055 1735 1090">
     <span class='ocr_line' id='line_1_65' title="bbox 949 1055 1735 1090; baseline 0.005 -9"><span class='ocrx_word' id='word_1_471' title='bbox 949 1056 995 1088; x_wconf 87' lang='lat' dir='ltr'><strong>qui</strong></span> <span class='ocrx_word' id='word_1_472' title='bbox 1011 1055 1066 1083; x_wconf 90' lang='lat' dir='ltr'><strong>illic</strong></span> <span class='ocrx_word' id='word_1_473' title='bbox 1081 1060 1123 1083; x_wconf 87' lang='lat' dir='ltr'><strong>est</strong></span> <span class='ocrx_word' id='word_1_474' title='bbox 1136 1063 1223 1090; x_wconf 86' lang='lat' dir='ltr'><strong>aquas</strong></span> <span class='ocrx_word' id='word_1_475' title='bbox 1235 1063 1300 1083; x_wconf 90' lang='lat' dir='ltr'><strong>suas</strong></span> <span class='ocrx_word' id='word_1_476' title='bbox 1311 1056 1445 1087; x_wconf 81' lang='lat' dir='ltr'><strong>evolvere.</strong></span> <span class='ocrx_word' id='word_1_477' title='bbox 1462 1064 1493 1083; x_wconf 76' lang='lat' dir='ltr'><strong>ex</strong></span> <span class='ocrx_word' id='word_1_478' title='bbox 1506 1057 1621 1084; x_wconf 85' lang='lat' dir='ltr'><strong>adverso</strong></span> <span class='ocrx_word' id='word_1_479' title='bbox 1638 1059 1735 1086; x_wconf 55' lang='lat' dir='ltr'><strong>insulae</strong></span> 
     </span>
    </p>
   </div>
   <div class='ocr_carea' id='block_1_66' title="bbox 950 1101 1736 1139">
    <p class='ocr_par' dir='ltr' id='par_1_66' title="bbox 950 1101 1736 1139">
     <span class='ocr_line' id='line_1_66' title="bbox 950 1101 1736 1139; baseline 0.004 -12"><span class='ocrx_word' id='word_1_480' title='bbox 950 1101 1126 1136; x_wconf 76' lang='lat' dir='ltr'><strong>Taprobanae.</strong></span> <span class='ocrx_word' id='word_1_481' title='bbox 1141 1101 1191 1128; x_wconf 89' lang='lat' dir='ltr'><strong>Ubi</strong></span> <span class='ocrx_word' id='word_1_482' title='bbox 1206 1102 1239 1129; x_wconf 87' lang='lat' dir='ltr'><strong>ad</strong></span> <span class='ocrx_word' id='word_1_483' title='bbox 1253 1102 1324 1136; x_wconf 85' lang='lat' dir='ltr'><strong>ripas</strong></span> <span class='ocrx_word' id='word_1_484' title='bbox 1335 1101 1410 1129; x_wconf 87' lang='lat' dir='ltr'><strong>ﬂuvii</strong></span> <span class='ocrx_word' id='word_1_485' title='bbox 1426 1102 1562 1130; x_wconf 86' lang='lat' dir='ltr'><strong>invenitur</strong></span> <span class='ocrx_word' id='word_1_486' title='bbox 1574 1103 1736 1139; x_wconf 81' lang='lat' dir='ltr'><strong>Caryophyl-</strong></span> 
     </span>
    </p>
   </div>
   <div class='ocr_carea' id='block_1_67' title="bbox 948 1147 1738 1183">
    <p class='ocr_par' dir='ltr' id='par_1_67' title="bbox 948 1147 1738 1183">
     <span class='ocr_line' id='line_1_67' title="bbox 948 1147 1738 1183; baseline 0.003 -9"><span class='ocrx_word' id='word_1_487' title='bbox 948 1147 1016 1178; x_wconf 78' lang='lat' dir='ltr'><strong>lum,</strong></span> <span class='ocrx_word' id='word_1_488' title='bbox 1029 1147 1085 1174; x_wconf 87' lang='lat' dir='ltr'><strong>sive</strong></span> <span class='ocrx_word' id='word_1_489' title='bbox 1100 1148 1122 1175; x_wconf 90' lang='lat' dir='ltr'><strong>is</strong></span> <span class='ocrx_word' id='word_1_490' title='bbox 1137 1147 1253 1179; x_wconf 76' lang='lat' dir='ltr'><strong>fructus,</strong></span> <span class='ocrx_word' id='word_1_491' title='bbox 1273 1149 1331 1175; x_wconf 89' lang='lat' dir='ltr'><strong>sive</strong></span> <span class='ocrx_word' id='word_1_492' title='bbox 1346 1147 1395 1176; x_wconf 89' lang='lat' dir='ltr'><strong>ﬂos</strong></span> <span class='ocrx_word' id='word_1_493' title='bbox 1410 1152 1462 1175; x_wconf 87' lang='lat' dir='ltr'><strong>est.</strong></span> <span class='ocrx_word' id='word_1_494' title='bbox 1475 1148 1651 1183; x_wconf 81' lang='lat' dir='ltr'><strong>Creduntque</strong></span> <span class='ocrx_word' id='word_1_495' title='bbox 1663 1150 1738 1177; x_wconf 89' lang='lat' dir='ltr'><strong>inco-</strong></span> 
     </span>
    </p>
   </div>
   <div class='ocr_carea' id='block_1_68' title="bbox 953 1193 1736 1230">
    <p class='ocr_par' dir='ltr' id='par_1_68' title="bbox 953 1193 1736 1230">
     <span class='ocr_line' id='line_1_68' title="bbox 953 1193 1736 1230; baseline 0.003 -10"><span class='ocrx_word' id='word_1_496' title='bbox 953 1193 987 1220; x_wconf 72' lang='lat' dir='ltr'><strong>lae</strong></span> <span class='ocrx_word' id='word_1_497' title='bbox 1002 1193 1061 1226; x_wconf 85' lang='lat' dir='ltr'><strong>ejus</strong></span> <span class='ocrx_word' id='word_1_498' title='bbox 1076 1193 1140 1225; x_wconf 80' lang='lat' dir='ltr'><strong>loci,</strong></span> <span class='ocrx_word' id='word_1_499' title='bbox 1167 1194 1238 1221; x_wconf 88' lang='lat' dir='ltr'><strong>hanc</strong></span> <span class='ocrx_word' id='word_1_500' title='bbox 1260 1194 1385 1221; x_wconf 82' lang='lat' dir='ltr'><strong>arborem</strong></span> <span class='ocrx_word' id='word_1_501' title='bbox 1408 1202 1489 1221; x_wconf 87' lang='lat' dir='ltr'><strong>uuam</strong></span> <span class='ocrx_word' id='word_1_502' title='bbox 1504 1202 1565 1222; x_wconf 85' lang='lat' dir='ltr'><strong>esse</strong></span> <span class='ocrx_word' id='word_1_503' title='bbox 1580 1202 1612 1221; x_wconf 85' lang='lat' dir='ltr'><strong>ex</strong></span> <span class='ocrx_word' id='word_1_504' title='bbox 1628 1195 1662 1222; x_wconf 89' lang='lat' dir='ltr'><strong>iis</strong></span> <span class='ocrx_word' id='word_1_505' title='bbox 1675 1202 1736 1230; x_wconf 65' lang='lat' dir='ltr'><strong>quae</strong></span> 
     </span>
    </p>
   </div>
   <div class='ocr_carea' id='block_1_69' title="bbox 949 1240 1736 1276">
    <p class='ocr_par' dir='ltr' id='par_1_69' title="bbox 949 1240 1736 1276">
     <span class='ocr_line' id='line_1_69' title="bbox 949 1240 1736 1276; baseline 0.004 -10"><span class='ocrx_word' id='word_1_506' title='bbox 949 1244 1026 1267; x_wconf 87' lang='lat' dir='ltr'><strong>erant</strong></span> <span class='ocrx_word' id='word_1_507' title='bbox 1046 1240 1071 1266; x_wconf 94' lang='lat' dir='ltr'><strong>in</strong></span> <span class='ocrx_word' id='word_1_508' title='bbox 1084 1240 1219 1274; x_wconf 84' lang='lat' dir='ltr'><strong>paradiso.</strong></span> <span class='ocrx_word' id='word_1_509' title='bbox 1236 1240 1341 1267; x_wconf 86' lang='lat' dir='ltr'><strong>Etenim</strong></span> <span class='ocrx_word' id='word_1_510' title='bbox 1359 1240 1485 1268; x_wconf 84' lang='lat' dir='ltr'><strong>universa</strong></span> <span class='ocrx_word' id='word_1_511' title='bbox 1495 1248 1557 1275; x_wconf 67' lang='lat' dir='ltr'><strong>qua:</strong></span> <span class='ocrx_word' id='word_1_512' title='bbox 1571 1248 1653 1276; x_wconf 85' lang='lat' dir='ltr'><strong>supra</strong></span> <span class='ocrx_word' id='word_1_513' title='bbox 1675 1242 1736 1269; x_wconf 87' lang='lat' dir='ltr'><strong>illos</strong></span> 
     </span>
    </p>
   </div>
   <div class='ocr_carea' id='block_1_70' title="bbox 949 1285 1739 1322">
    <p class='ocr_par' dir='ltr' id='par_1_70' title="bbox 949 1285 1739 1322">
     <span class='ocr_line' id='line_1_70' title="bbox 949 1285 1739 1322; baseline 0.003 -9"><span class='ocrx_word' id='word_1_514' title='bbox 949 1290 992 1313; x_wconf 84' lang='lat' dir='ltr'><strong>est</strong></span> <span class='ocrx_word' id='word_1_515' title='bbox 1024 1286 1110 1321; x_wconf 83' lang='lat' dir='ltr'><strong>regio,</strong></span> <span class='ocrx_word' id='word_1_516' title='bbox 1135 1285 1282 1312; x_wconf 86' lang='lat' dir='ltr'><strong>admodum</strong></span> <span class='ocrx_word' id='word_1_517' title='bbox 1310 1286 1426 1318; x_wconf 86' lang='lat' dir='ltr'><strong>deserta,</strong></span> <span class='ocrx_word' id='word_1_518' title='bbox 1454 1294 1622 1322; x_wconf 85' lang='lat' dir='ltr'><strong>prorsusque</strong></span> <span class='ocrx_word' id='word_1_519' title='bbox 1649 1287 1739 1315; x_wconf 82' lang='lat' dir='ltr'><strong>infru-</strong></span> 
     </span>
    </p>
   </div>
   <div class='ocr_carea' id='block_1_71' title="bbox 950 1331 1738 1367">
    <p class='ocr_par' dir='ltr' id='par_1_71' title="bbox 950 1331 1738 1367">
     <span class='ocr_line' id='line_1_71' title="bbox 950 1331 1738 1367; baseline 0.001 -7"><span class='ocrx_word' id='word_1_520' title='bbox 950 1338 1045 1360; x_wconf 86' lang='lat' dir='ltr'><strong>ctuosa</strong></span> <span class='ocrx_word' id='word_1_521' title='bbox 1060 1337 1111 1359; x_wconf 85' lang='lat' dir='ltr'><strong>est.</strong></span> <span class='ocrx_word' id='word_1_522' title='bbox 1134 1331 1173 1358; x_wconf 78' lang='lat' dir='ltr'><strong>Ex</strong></span> <span class='ocrx_word' id='word_1_523' title='bbox 1203 1340 1236 1359; x_wconf 88' lang='lat' dir='ltr'><strong>eo</strong></span> <span class='ocrx_word' id='word_1_524' title='bbox 1256 1340 1320 1359; x_wconf 84' lang='lat' dir='ltr'><strong>vero</strong></span> <span class='ocrx_word' id='word_1_525' title='bbox 1341 1333 1413 1367; x_wconf 87' lang='lat' dir='ltr'><strong>quod</strong></span> <span class='ocrx_word' id='word_1_526' title='bbox 1443 1332 1542 1360; x_wconf 81' lang='lat' dir='ltr'><strong>ﬂuvius</strong></span> <span class='ocrx_word' id='word_1_527' title='bbox 1564 1334 1616 1360; x_wconf 88' lang='lat' dir='ltr'><strong>iste</strong></span> <span class='ocrx_word' id='word_1_528' title='bbox 1644 1333 1738 1361; x_wconf 86' lang='lat' dir='ltr'><strong>ﬂorem</strong></span> 
     </span>
    </p>
   </div>
   <div class='ocr_carea' id='block_1_72' title="bbox 950 1378 1736 1414">
    <p class='ocr_par' dir='ltr' id='par_1_72' title="bbox 950 1378 1736 1414">
     <span class='ocr_line' id='line_1_72' title="bbox 950 1378 1736 1414; baseline 0.005 -10"><span class='ocrx_word' id='word_1_529' title='bbox 950 1379 1045 1414; x_wconf 77' lang='lat' dir='ltr'><strong>gignit,</strong></span> <span class='ocrx_word' id='word_1_530' title='bbox 1075 1378 1253 1406; x_wconf 84' lang='lat' dir='ltr'><strong>manifestum</strong></span> <span class='ocrx_word' id='word_1_531' title='bbox 1279 1378 1309 1405; x_wconf 82' lang='lat' dir='ltr'><strong>ﬁt</strong></span> <span class='ocrx_word' id='word_1_532' title='bbox 1331 1386 1393 1406; x_wconf 84' lang='lat' dir='ltr'><strong>eum</strong></span> <span class='ocrx_word' id='word_1_533' title='bbox 1418 1387 1500 1414; x_wconf 88' lang='lat' dir='ltr'><strong>supra</strong></span> <span class='ocrx_word' id='word_1_534' title='bbox 1527 1384 1626 1406; x_wconf 87' lang='lat' dir='ltr'><strong>terram</strong></span> <span class='ocrx_word' id='word_1_535' title='bbox 1651 1385 1736 1408; x_wconf 88' lang='lat' dir='ltr'><strong>totum</strong></span> 
     </span>
    </p>
   </div>
   <div class='ocr_carea' id='block_1_73' title="bbox 949 1423 1736 1460">
    <p class='ocr_par' dir='ltr' id='par_1_73' title="bbox 949 1423 1736 1460">
     <span class='ocr_line' id='line_1_73' title="bbox 949 1423 1736 1460; baseline 0.004 -10"><span class='ocrx_word' id='word_1_536' title='bbox 949 1423 1044 1455; x_wconf 81' lang='lat' dir='ltr'><strong>ﬂuere,</strong></span> <span class='ocrx_word' id='word_1_537' title='bbox 1068 1431 1156 1457; x_wconf 88' lang='lat' dir='ltr'><strong>neque</strong></span> <span class='ocrx_word' id='word_1_538' title='bbox 1177 1423 1282 1457; x_wconf 82' lang='lat' dir='ltr'><strong>uspiam</strong></span> <span class='ocrx_word' id='word_1_539' title='bbox 1307 1423 1359 1450; x_wconf 92' lang='lat' dir='ltr'><strong>sub</strong></span> <span class='ocrx_word' id='word_1_540' title='bbox 1385 1427 1457 1450; x_wconf 89' lang='lat' dir='ltr'><strong>terra</strong></span> <span class='ocrx_word' id='word_1_541' title='bbox 1483 1425 1626 1452; x_wconf 86' lang='lat' dir='ltr'><strong>cuniculos</strong></span> <span class='ocrx_word' id='word_1_542' title='bbox 1641 1433 1736 1460; x_wconf 82' lang='lat' dir='ltr'><strong>agere;</strong></span> 
     </span>
    </p>
   </div>
   <div class='ocr_carea' id='block_1_74' title="bbox 951 1468 1736 1505">
    <p class='ocr_par' dir='ltr' id='par_1_74' title="bbox 951 1468 1736 1505">
     <span class='ocr_line' id='line_1_74' title="bbox 951 1468 1736 1505; baseline 0.003 -9"><span class='ocrx_word' id='word_1_543' title='bbox 951 1469 1053 1503; x_wconf 86' lang='lat' dir='ltr'><strong>alioqui</strong></span> <span class='ocrx_word' id='word_1_544' title='bbox 1068 1468 1162 1496; x_wconf 90' lang='lat' dir='ltr'><strong>ﬂorem</strong></span> <span class='ocrx_word' id='word_1_545' title='bbox 1180 1469 1234 1495; x_wconf 90' lang='lat' dir='ltr'><strong>illic</strong></span> <span class='ocrx_word' id='word_1_546' title='bbox 1244 1472 1338 1495; x_wconf 83' lang='lat' dir='ltr'><strong>natum</strong></span> <span class='ocrx_word' id='word_1_547' title='bbox 1353 1468 1472 1503; x_wconf 80' lang='lat' dir='ltr'><strong>perferre</strong></span> <span class='ocrx_word' id='word_1_548' title='bbox 1487 1470 1562 1496; x_wconf 91' lang='lat' dir='ltr'><strong>nullo</strong></span> <span class='ocrx_word' id='word_1_549' title='bbox 1580 1471 1660 1497; x_wconf 91' lang='lat' dir='ltr'><strong>modo</strong></span> <span class='ocrx_word' id='word_1_550' title='bbox 1671 1479 1736 1505; x_wconf 88' lang='lat' dir='ltr'><strong>pos-</strong></span> 
     </span>
    </p>
   </div>
   <div class='ocr_carea' id='block_1_75' title="bbox 950 1514 1736 1552">
    <p class='ocr_par' dir='ltr' id='par_1_75' title="bbox 950 1514 1736 1552">
     <span class='ocr_line' id='line_1_75' title="bbox 950 1514 1736 1552; baseline 0.004 -11"><span class='ocrx_word' id='word_1_551' title='bbox 950 1518 1002 1541; x_wconf 85' lang='lat' dir='ltr'><strong>set.</strong></span> <span class='ocrx_word' id='word_1_552' title='bbox 1023 1514 1108 1541; x_wconf 86' lang='lat' dir='ltr'><strong>l’orro</strong></span> <span class='ocrx_word' id='word_1_553' title='bbox 1123 1514 1169 1541; x_wconf 90' lang='lat' dir='ltr'><strong>hic</strong></span> <span class='ocrx_word' id='word_1_554' title='bbox 1187 1514 1285 1541; x_wconf 90' lang='lat' dir='ltr'><strong>ﬂuvius</strong></span> <span class='ocrx_word' id='word_1_555' title='bbox 1298 1514 1370 1541; x_wconf 89' lang='lat' dir='ltr'><strong>aliud</strong></span> <span class='ocrx_word' id='word_1_556' title='bbox 1388 1522 1498 1549; x_wconf 85' lang='lat' dir='ltr'><strong>quoque</strong></span> <span class='ocrx_word' id='word_1_557' title='bbox 1522 1515 1651 1543; x_wconf 88' lang='lat' dir='ltr'><strong>indicium</strong></span> <span class='ocrx_word' id='word_1_558' title='bbox 1667 1525 1736 1552; x_wconf 76' lang='lat' dir='ltr'><strong>pra:-</strong></span> 
     </span>
    </p>
   </div>
   <div class='ocr_carea' id='block_1_76' title="bbox 952 1559 1736 1593">
    <p class='ocr_par' dir='ltr' id='par_1_76' title="bbox 952 1559 1736 1593">
     <span class='ocr_line' id='line_1_76' title="bbox 952 1559 1736 1593; baseline 0.004 -7"><span class='ocrx_word' id='word_1_559' title='bbox 952 1559 1005 1587; x_wconf 82' lang='lat' dir='ltr'><strong>fert</strong></span> <span class='ocrx_word' id='word_1_560' title='bbox 1020 1560 1121 1587; x_wconf 85' lang='lat' dir='ltr'><strong>terreni</strong></span> <span class='ocrx_word' id='word_1_561' title='bbox 1135 1567 1197 1586; x_wconf 91' lang='lat' dir='ltr'><strong>cum</strong></span> <span class='ocrx_word' id='word_1_562' title='bbox 1213 1559 1337 1592; x_wconf 87' lang='lat' dir='ltr'><strong>paradiso</strong></span> <span class='ocrx_word' id='word_1_563' title='bbox 1362 1560 1535 1593; x_wconf 84' lang='lat' dir='ltr'><strong>commercii;</strong></span> <span class='ocrx_word' id='word_1_564' title='bbox 1555 1562 1632 1588; x_wconf 84' lang='lat' dir='ltr'><strong>aiunt</strong></span> <span class='ocrx_word' id='word_1_565' title='bbox 1652 1562 1736 1593; x_wconf 85' lang='lat' dir='ltr'><strong>enim.</strong></span> 
     </span>
    </p>
   </div>
   <div class='ocr_carea' id='block_1_77' title="bbox 955 1605 1737 1641">
    <p class='ocr_par' dir='ltr' id='par_1_77' title="bbox 955 1605 1737 1641">
     <span class='ocr_line' id='line_1_77' title="bbox 955 1605 1737 1641; baseline 0.003 -8"><span class='ocrx_word' id='word_1_566' title='bbox 955 1606 979 1633; x_wconf 88' lang='lat' dir='ltr'><strong>si</strong></span> <span class='ocrx_word' id='word_1_567' title='bbox 992 1606 1054 1641; x_wconf 90' lang='lat' dir='ltr'><strong>quis</strong></span> <span class='ocrx_word' id='word_1_568' title='bbox 1066 1606 1256 1633; x_wconf 86' lang='lat' dir='ltr'><strong>ardentissima</strong></span> <span class='ocrx_word' id='word_1_569' title='bbox 1270 1605 1345 1633; x_wconf 82' lang='lat' dir='ltr'><strong>febre</strong></span> <span class='ocrx_word' id='word_1_570' title='bbox 1358 1612 1509 1640; x_wconf 87' lang='lat' dir='ltr'><strong>correptus,</strong></span> <span class='ocrx_word' id='word_1_571' title='bbox 1532 1607 1559 1634; x_wconf 89' lang='lat' dir='ltr'><strong>in</strong></span> <span class='ocrx_word' id='word_1_572' title='bbox 1581 1608 1633 1635; x_wconf 91' lang='lat' dir='ltr'><strong>hoc</strong></span> <span class='ocrx_word' id='word_1_573' title='bbox 1653 1608 1737 1636; x_wconf 87' lang='lat' dir='ltr'><strong>ﬂuvio</strong></span> 
     </span>
    </p>
   </div>
   <div class='ocr_carea' id='block_1_78' title="bbox 957 1651 1740 1688">
    <p class='ocr_par' dir='ltr' id='par_1_78' title="bbox 957 1651 1740 1688">
     <span class='ocr_line' id='line_1_78' title="bbox 957 1651 1740 1688; baseline 0.004 -10"><span class='ocrx_word' id='word_1_574' title='bbox 957 1657 1106 1687; x_wconf 79' lang='lat' dir='ltr'><strong>mergatur,</strong></span> <span class='ocrx_word' id='word_1_575' title='bbox 1125 1660 1188 1679; x_wconf 89' lang='lat' dir='ltr'><strong>eum</strong></span> <span class='ocrx_word' id='word_1_576' title='bbox 1213 1651 1357 1679; x_wconf 83' lang='lat' dir='ltr'><strong>confestim</strong></span> <span class='ocrx_word' id='word_1_577' title='bbox 1384 1652 1481 1680; x_wconf 87' lang='lat' dir='ltr'><strong>morbo</strong></span> <span class='ocrx_word' id='word_1_578' title='bbox 1509 1652 1629 1680; x_wconf 89' lang='lat' dir='ltr'><strong>liberari.</strong></span> <span class='ocrx_word' id='word_1_579' title='bbox 1651 1653 1740 1688; x_wconf 79' lang='lat' dir='ltr'><strong>Tigris</strong></span> 
     </span>
    </p>
   </div>
   <div class='ocr_carea' id='block_1_79' title="bbox 955 1697 1737 1734">
    <p class='ocr_par' dir='ltr' id='par_1_79' title="bbox 955 1697 1737 1734">
     <span class='ocr_line' id='line_1_79' title="bbox 955 1697 1737 1734; baseline 0.001 -8"><span class='ocrx_word' id='word_1_580' title='bbox 955 1703 1049 1726; x_wconf 84' lang='lat' dir='ltr'><strong>contra</strong></span> <span class='ocrx_word' id='word_1_581' title='bbox 1085 1702 1113 1725; x_wconf 89' lang='lat' dir='ltr'><strong>et</strong></span> <span class='ocrx_word' id='word_1_582' title='bbox 1144 1697 1308 1732; x_wconf 83' lang='lat' dir='ltr'><strong>Euphrates.</strong></span> <span class='ocrx_word' id='word_1_583' title='bbox 1342 1703 1484 1732; x_wconf 82' lang='lat' dir='ltr'><strong>propterea</strong></span> <span class='ocrx_word' id='word_1_584' title='bbox 1519 1699 1593 1734; x_wconf 88' lang='lat' dir='ltr'><strong>quod</strong></span> <span class='ocrx_word' id='word_1_585' title='bbox 1635 1704 1737 1727; x_wconf 87' lang='lat' dir='ltr'><strong>terram</strong></span> 
     </span>
    </p>
   </div>
   <div class='ocr_carea' id='block_1_80' title="bbox 955 1743 1741 1777">
    <p class='ocr_par' dir='ltr' id='par_1_80' title="bbox 955 1743 1741 1777">
     <span class='ocr_line' id='line_1_80' title="bbox 955 1743 1741 1777; baseline 0.001 -7"><span class='ocrx_word' id='word_1_586' title='bbox 955 1743 1074 1771; x_wconf 89' lang='lat' dir='ltr'><strong>subeunt</strong></span> <span class='ocrx_word' id='word_1_587' title='bbox 1098 1750 1130 1769; x_wconf 86' lang='lat' dir='ltr'><strong>ac</strong></span> <span class='ocrx_word' id='word_1_588' title='bbox 1154 1750 1251 1770; x_wconf 87' lang='lat' dir='ltr'><strong>rursus</strong></span> <span class='ocrx_word' id='word_1_589' title='bbox 1277 1747 1430 1777; x_wconf 78' lang='lat' dir='ltr'><strong>emergunt.</strong></span> <span class='ocrx_word' id='word_1_590' title='bbox 1460 1743 1528 1770; x_wconf 90' lang='lat' dir='ltr'><strong>nihil</strong></span> <span class='ocrx_word' id='word_1_591' title='bbox 1546 1743 1609 1770; x_wconf 85' lang='lat' dir='ltr'><strong>inde</strong></span> <span class='ocrx_word' id='word_1_592' title='bbox 1634 1744 1741 1771; x_wconf 79' lang='lat' dir='ltr'><strong>deferre</strong></span> 
     </span>
    </p>
   </div>
   <div class='ocr_carea' id='block_1_81' title="bbox 955 1787 1741 1823">
    <p class='ocr_par' dir='ltr' id='par_1_81' title="bbox 955 1787 1741 1823">
     <span class='ocr_line' id='line_1_81' title="bbox 955 1787 1741 1823; baseline 0.003 -9"><span class='ocrx_word' id='word_1_593' title='bbox 955 1793 1070 1823; x_wconf 86' lang='lat' dir='ltr'><strong>possunt</strong></span> <span class='ocrx_word' id='word_1_594' title='bbox 1097 1788 1209 1822; x_wconf 88' lang='lat' dir='ltr'><strong>perinde</strong></span> <span class='ocrx_word' id='word_1_595' title='bbox 1236 1795 1268 1814; x_wconf 92' lang='lat' dir='ltr'><strong>ae</strong></span> <span class='ocrx_word' id='word_1_596' title='bbox 1291 1787 1436 1822; x_wconf 75' lang='lat' dir='ltr'><strong>Hyphasis.</strong></span> <span class='ocrx_word' id='word_1_597' title='bbox 1463 1787 1516 1815; x_wconf 81' lang='lat' dir='ltr'><strong>Sed</strong></span> <span class='ocrx_word' id='word_1_598' title='bbox 1538 1796 1627 1823; x_wconf 89' lang='lat' dir='ltr'><strong>neque</strong></span> <span class='ocrx_word' id='word_1_599' title='bbox 1646 1789 1741 1822; x_wconf 76' lang='lat' dir='ltr'><strong>Nilus;</strong></span> 
     </span>
    </p>
   </div>
   <div class='ocr_carea' id='block_1_82' title="bbox 955 1834 1739 1868">
    <p class='ocr_par' dir='ltr' id='par_1_82' title="bbox 955 1834 1739 1868">
     <span class='ocr_line' id='line_1_82' title="bbox 955 1834 1739 1868; baseline 0 -8"><span class='ocrx_word' id='word_1_600' title='bbox 955 1841 1019 1860; x_wconf 86' lang='lat' dir='ltr'><strong>nam</strong></span> <span class='ocrx_word' id='word_1_601' title='bbox 1047 1834 1119 1860; x_wconf 83' lang='lat' dir='ltr'><strong>hunc</strong></span> <span class='ocrx_word' id='word_1_602' title='bbox 1148 1841 1256 1868; x_wconf 87' lang='lat' dir='ltr'><strong>quoque</strong></span> <span class='ocrx_word' id='word_1_603' title='bbox 1283 1841 1314 1860; x_wconf 83' lang='lat' dir='ltr'><strong>ex</strong></span> <span class='ocrx_word' id='word_1_604' title='bbox 1342 1834 1468 1867; x_wconf 81' lang='lat' dir='ltr'><strong>paradiso</strong></span> <span class='ocrx_word' id='word_1_605' title='bbox 1493 1834 1578 1861; x_wconf 85' lang='lat' dir='ltr'><strong>ﬂuere</strong></span> <span class='ocrx_word' id='word_1_606' title='bbox 1603 1839 1739 1862; x_wconf 81' lang='lat' dir='ltr'><strong>testantur</strong></span> 
     </span>
    </p>
   </div>
   <div class='ocr_carea' id='block_1_83' title="bbox 955 1879 1739 1915">
    <p class='ocr_par' dir='ltr' id='par_1_83' title="bbox 955 1879 1739 1915">
     <span class='ocr_line' id='line_1_83' title="bbox 955 1879 1739 1915; baseline 0.004 -9"><span class='ocrx_word' id='word_1_607' title='bbox 955 1879 1057 1915; x_wconf 82' lang='lat' dir='ltr'><strong>Moysis</strong></span> <span class='ocrx_word' id='word_1_608' title='bbox 1075 1880 1196 1911; x_wconf 83' lang='lat' dir='ltr'><strong>oracula.</strong></span> <span class='ocrx_word' id='word_1_609' title='bbox 1214 1887 1275 1914; x_wconf 60' lang='lat' dir='ltr'><strong>qum</strong></span> <span class='ocrx_word' id='word_1_610' title='bbox 1290 1880 1364 1906; x_wconf 88' lang='lat' dir='ltr'><strong>illum</strong></span> <span class='ocrx_word' id='word_1_611' title='bbox 1382 1879 1451 1907; x_wconf 86' lang='lat' dir='ltr'><strong>Gion</strong></span> <span class='ocrx_word' id='word_1_612' title='bbox 1476 1881 1630 1915; x_wconf 88' lang='lat' dir='ltr'><strong>appellant;</strong></span> <span class='ocrx_word' id='word_1_613' title='bbox 1652 1881 1739 1909; x_wconf 81' lang='lat' dir='ltr'><strong>Graeci</strong></span> 
     </span>
    </p>
   </div>
   <div class='ocr_carea' id='block_1_84' title="bbox 955 1923 1741 1961">
    <p class='ocr_par' dir='ltr' id='par_1_84' title="bbox 955 1923 1741 1961">
     <span class='ocr_line' id='line_1_84' title="bbox 955 1923 1741 1961; baseline 0.005 -11"><span class='ocrx_word' id='word_1_614' title='bbox 955 1931 1019 1951; x_wconf 90' lang='lat' dir='ltr'><strong>vero</strong></span> <span class='ocrx_word' id='word_1_615' title='bbox 1035 1923 1190 1959; x_wconf 58' lang='lat' dir='ltr'><strong>[Egyptium</strong></span> <span class='ocrx_word' id='word_1_616' title='bbox 1205 1924 1269 1951; x_wconf 91' lang='lat' dir='ltr'><strong>olim</strong></span> <span class='ocrx_word' id='word_1_617' title='bbox 1282 1925 1468 1952; x_wconf 84' lang='lat' dir='ltr'><strong>nominarunt.</strong></span> <span class='ocrx_word' id='word_1_618' title='bbox 1489 1925 1550 1957; x_wconf 86' lang='lat' dir='ltr'><strong>Hic,</strong></span> <span class='ocrx_word' id='word_1_619' title='bbox 1564 1930 1594 1952; x_wconf 89' lang='lat' dir='ltr'><strong>ut</strong></span> <span class='ocrx_word' id='word_1_620' title='bbox 1605 1927 1741 1961; x_wconf 84' lang='lat' dir='ltr'><strong>conjicere</strong></span> 
     </span>
    </p>
   </div>
   <div class='ocr_carea' id='block_1_85' title="bbox 955 1970 1740 2008">
    <p class='ocr_par' dir='ltr' id='par_1_85' title="bbox 955 1970 1740 2008">
     <span class='ocr_line' id='line_1_85' title="bbox 955 1970 1740 2008; baseline 0.005 -12"><span class='ocrx_word' id='word_1_621' title='bbox 955 1970 1028 2002; x_wconf 83' lang='lat' dir='ltr'><strong>licet,</strong></span> <span class='ocrx_word' id='word_1_622' title='bbox 1044 1977 1077 1997; x_wconf 85' lang='lat' dir='ltr'><strong>ex</strong></span> <span class='ocrx_word' id='word_1_623' title='bbox 1093 1970 1218 2004; x_wconf 83' lang='lat' dir='ltr'><strong>paradiso</strong></span> <span class='ocrx_word' id='word_1_624' title='bbox 1243 1978 1400 2005; x_wconf 84' lang='lat' dir='ltr'><strong>erumpens,</strong></span> <span class='ocrx_word' id='word_1_625' title='bbox 1420 1971 1581 2006; x_wconf 87' lang='lat' dir='ltr'><strong>priusquam</strong></span> <span class='ocrx_word' id='word_1_626' title='bbox 1601 1973 1634 2000; x_wconf 89' lang='lat' dir='ltr'><strong>ad</strong></span> <span class='ocrx_word' id='word_1_627' title='bbox 1653 1973 1740 2008; x_wconf 81' lang='lat' dir='ltr'><strong>regio-</strong></span> 
     </span>
    </p>
   </div>
   <div class='ocr_carea' id='block_1_86' title="bbox 955 2015 1741 2051">
    <p class='ocr_par' dir='ltr' id='par_1_86' title="bbox 955 2015 1741 2051">
     <span class='ocr_line' id='line_1_86' title="bbox 955 2015 1741 2051; baseline 0.005 -9"><span class='ocrx_word' id='word_1_628' title='bbox 955 2023 1017 2043; x_wconf 87' lang='lat' dir='ltr'><strong>nem</strong></span> <span class='ocrx_word' id='word_1_629' title='bbox 1031 2015 1210 2043; x_wconf 84' lang='lat' dir='ltr'><strong>habitabilem</strong></span> <span class='ocrx_word' id='word_1_630' title='bbox 1221 2016 1371 2050; x_wconf 78' lang='lat' dir='ltr'><strong>perveniat,</strong></span> <span class='ocrx_word' id='word_1_631' title='bbox 1385 2021 1456 2044; x_wconf 88' lang='lat' dir='ltr'><strong>terra</strong></span> <span class='ocrx_word' id='word_1_632' title='bbox 1471 2017 1627 2051; x_wconf 83' lang='lat' dir='ltr'><strong>absorptus.</strong></span> <span class='ocrx_word' id='word_1_633' title='bbox 1642 2018 1741 2046; x_wconf 89' lang='lat' dir='ltr'><strong>deinde</strong></span> 
     </span>
    </p>
   </div>
   <div class='ocr_carea' id='block_1_87' title="bbox 955 2059 1742 2096">
    <p class='ocr_par' dir='ltr' id='par_1_87' title="bbox 955 2059 1742 2096">
     <span class='ocr_line' id='line_1_87' title="bbox 955 2059 1742 2096; baseline 0.005 -10"><span class='ocrx_word' id='word_1_634' title='bbox 955 2059 1078 2087; x_wconf 86' lang='lat' dir='ltr'><strong>Indicum</strong></span> <span class='ocrx_word' id='word_1_635' title='bbox 1094 2067 1169 2087; x_wconf 88' lang='lat' dir='ltr'><strong>mare</strong></span> <span class='ocrx_word' id='word_1_636' title='bbox 1182 2060 1302 2092; x_wconf 83' lang='lat' dir='ltr'><strong>subiens,</strong></span> <span class='ocrx_word' id='word_1_637' title='bbox 1318 2065 1344 2088; x_wconf 89' lang='lat' dir='ltr'><strong>et</strong></span> <span class='ocrx_word' id='word_1_638' title='bbox 1362 2061 1436 2089; x_wconf 89' lang='lat' dir='ltr'><strong>circa</strong></span> <span class='ocrx_word' id='word_1_639' title='bbox 1455 2061 1520 2089; x_wconf 90' lang='lat' dir='ltr'><strong>illud</strong></span> <span class='ocrx_word' id='word_1_640' title='bbox 1537 2063 1564 2089; x_wconf 91' lang='lat' dir='ltr'><strong>in</strong></span> <span class='ocrx_word' id='word_1_641' title='bbox 1584 2063 1689 2096; x_wconf 89' lang='lat' dir='ltr'><strong>orbem,</strong></span> <span class='ocrx_word' id='word_1_642' title='bbox 1710 2070 1742 2090; x_wconf 88' lang='lat' dir='ltr'><strong>ut</strong></span> 
     </span>
    </p>
   </div>
   <div class='ocr_carea' id='block_1_88' title="bbox 955 2106 1740 2141">
    <p class='ocr_par' dir='ltr' id='par_1_88' title="bbox 955 2106 1740 2141">
     <span class='ocr_line' id='line_1_88' title="bbox 955 2106 1740 2141; baseline 0.004 -8"><span class='ocrx_word' id='word_1_643' title='bbox 955 2106 1085 2133; x_wconf 90' lang='lat' dir='ltr'><strong>credibile</strong></span> <span class='ocrx_word' id='word_1_644' title='bbox 1108 2111 1160 2139; x_wconf 86' lang='lat' dir='ltr'><strong>est,</strong></span> <span class='ocrx_word' id='word_1_645' title='bbox 1177 2106 1403 2139; x_wconf 83' lang='lat' dir='ltr'><strong>circumvolutus,</strong></span> <span class='ocrx_word' id='word_1_646' title='bbox 1423 2106 1496 2141; x_wconf 83' lang='lat' dir='ltr'><strong>(quis</strong></span> <span class='ocrx_word' id='word_1_647' title='bbox 1511 2108 1583 2134; x_wconf 90' lang='lat' dir='ltr'><strong>enim</strong></span> <span class='ocrx_word' id='word_1_648' title='bbox 1601 2109 1740 2136; x_wconf 92' lang='lat' dir='ltr'><strong>hominum</strong></span> 
     </span>
    </p>
   </div>
   <div class='ocr_carea' id='block_1_89' title="bbox 956 2151 1741 2186">
    <p class='ocr_par' dir='ltr' id='par_1_89' title="bbox 956 2151 1741 2186">
     <span class='ocr_line' id='line_1_89' title="bbox 956 2151 1741 2186; baseline 0.004 -8"><span class='ocrx_word' id='word_1_649' title='bbox 956 2151 981 2178; x_wconf 92' lang='lat' dir='ltr'><strong>id</strong></span> <span class='ocrx_word' id='word_1_650' title='bbox 993 2156 1087 2178; x_wconf 82' lang='lat' dir='ltr'><strong>exacte</strong></span> <span class='ocrx_word' id='word_1_651' title='bbox 1100 2151 1284 2186; x_wconf 80' lang='lat' dir='ltr'><strong>cognoverit?)</strong></span> <span class='ocrx_word' id='word_1_652' title='bbox 1299 2152 1419 2186; x_wconf 72' lang='lat' dir='ltr'><strong>posthaec</strong></span> <span class='ocrx_word' id='word_1_653' title='bbox 1437 2153 1489 2179; x_wconf 87' lang='lat' dir='ltr'><strong>sub</strong></span> <span class='ocrx_word' id='word_1_654' title='bbox 1503 2153 1628 2181; x_wconf 83' lang='lat' dir='ltr'><strong>universa</strong></span> <span class='ocrx_word' id='word_1_655' title='bbox 1645 2154 1741 2182; x_wconf 83' lang='lat' dir='ltr'><strong>tellure</strong></span> 
     </span>
    </p>
   </div>
   <div class='ocr_carea' id='block_1_90' title="bbox 93 2192 898 2241">
    <p class='ocr_par' dir='ltr' id='par_1_90' title="bbox 93 2192 898 2241">
     <span class='ocr_line' id='line_1_90' title="bbox 93 2192 898 2241; baseline -0.007 -10"><span class='ocrx_word' id='word_1_656' title='bbox 93 2192 151 2241; x_wconf 67' lang='grc' dir='ltr'><strong>την</strong></span> <span class='ocrx_word' id='word_1_657' title='bbox 164 2192 349 2240; x_wconf 64' lang='grc' dir='ltr'><strong>ὑποδραμὼν,</strong></span> <span class='ocrx_word' id='word_1_658' title='bbox 361 2192 407 2230; x_wconf 66' lang='grc' dir='ltr'><strong>επὶ</strong></span> <span class='ocrx_word' id='word_1_659' title='bbox 424 2203 536 2239; x_wconf 80' lang='grc' dir='ltr'><strong>θάτερον</strong></span> <span class='ocrx_word' id='word_1_660' title='bbox 557 2202 643 2237; x_wconf 73' lang='grc' dir='ltr'><strong>αὐτῆς</strong></span> <span class='ocrx_word' id='word_1_661' title='bbox 655 2201 788 2228; x_wconf 79' lang='grc' dir='ltr'><strong>ἐκδίδοται</strong></span> <span class='ocrx_word' id='word_1_662' title='bbox 808 2200 898 2235; x_wconf 81' lang='grc' dir='ltr'><strong>μέρος,</strong></span> 
     </span>
    </p>
   </div>
   <div class='ocr_carea' id='block_1_91' title="bbox 955 2192 1740 2241">
    <p class='ocr_par' dir='ltr' id='par_1_91' title="bbox 955 2196 1740 2232">
     <span class='ocr_line' id='line_1_91' title="bbox 955 2196 1740 2232; baseline 0.003 -8"><span class='ocrx_word' id='word_1_663' title='bbox 955 2205 1015 2232; x_wconf 68' lang='lat' dir='ltr'><strong>quae</strong></span> <span class='ocrx_word' id='word_1_664' title='bbox 1029 2197 1056 2224; x_wconf 90' lang='lat' dir='ltr'><strong>in</strong></span> <span class='ocrx_word' id='word_1_665' title='bbox 1073 2196 1162 2224; x_wconf 86' lang='lat' dir='ltr'><strong>medio</strong></span> <span class='ocrx_word' id='word_1_666' title='bbox 1175 2201 1228 2229; x_wconf 88' lang='lat' dir='ltr'><strong>est,</strong></span> <span class='ocrx_word' id='word_1_667' title='bbox 1242 2204 1328 2232; x_wconf 87' lang='lat' dir='ltr'><strong>usque</strong></span> <span class='ocrx_word' id='word_1_668' title='bbox 1343 2197 1377 2224; x_wconf 86' lang='lat' dir='ltr'><strong>ad</strong></span> <span class='ocrx_word' id='word_1_669' title='bbox 1393 2197 1515 2224; x_wconf 77' lang='lat' dir='ltr'><strong>Rubrum</strong></span> <span class='ocrx_word' id='word_1_670' title='bbox 1528 2205 1603 2225; x_wconf 86' lang='lat' dir='ltr'><strong>mare</strong></span> <span class='ocrx_word' id='word_1_671' title='bbox 1616 2199 1740 2226; x_wconf 85' lang='lat' dir='ltr'><strong>occultus</strong></span> 
     </span>
    </p>
   </div>
   <div class='ocr_carea' id='block_1_92' title="bbox 732 2283 1119 2308">
    <p class='ocr_par' dir='ltr' id='par_1_92' title="bbox 732 2283 1119 2308">
     <span class='ocr_line' id='line_1_92' title="bbox 732 2283 1119 2308; baseline -0.01 0"><span class='ocrx_word' id='word_1_672' title='bbox 732 2285 852 2308; x_wconf 78' lang='lat' dir='ltr'><strong>VALESH</strong></span> <span class='ocrx_word' id='word_1_673' title='bbox 871 2283 1119 2306; x_wconf 75' lang='lat' dir='ltr'><strong>ANNOTATIONES.</strong></span> 
     </span>
    </p>
   </div>
   <div class='ocr_carea' id='block_1_93' title="bbox 91 2350 904 2385">
    <p class='ocr_par' dir='ltr' id='par_1_93' title="bbox 91 2350 904 2385">
     <span class='ocr_line' id='line_1_93' title="bbox 91 2350 904 2385; baseline -0.005 -5"><span class='ocrx_word' id='word_1_674' title='bbox 91 2351 201 2380; x_wconf 74' lang='lat' dir='ltr'><strong>raucis</strong></span> <span class='ocrx_word' id='word_1_675' title='bbox 235 2351 379 2378; x_wconf 83' lang='lat' dir='ltr'><strong>intellexit.</strong></span> <span class='ocrx_word' id='word_1_676' title='bbox 411 2350 595 2385; x_wconf 75' lang='lat' dir='ltr'><strong>Explicandus</strong></span> <span class='ocrx_word' id='word_1_677' title='bbox 617 2350 709 2385; x_wconf 86' lang='lat' dir='ltr'><strong>potius</strong></span> <span class='ocrx_word' id='word_1_678' title='bbox 739 2353 780 2376; x_wconf 86' lang='lat' dir='ltr'><strong>est</strong></span> <span class='ocrx_word' id='word_1_679' title='bbox 801 2356 904 2385; x_wconf 55' lang='lat' dir='ltr'><strong>versus</strong></span> 
     </span>
    </p>
   </div>
   <div class='ocr_carea' id='block_1_94' title="bbox 89 2383 903 2421">
    <p class='ocr_par' dir='ltr' id='par_1_94' title="bbox 89 2383 903 2421">
     <span class='ocr_line' id='line_1_94' title="bbox 89 2383 903 2421; baseline -0.006 -6"><span class='ocrx_word' id='word_1_680' title='bbox 89 2389 144 2415; x_wconf 87' lang='lat' dir='ltr'><strong>ille</strong></span> <span class='ocrx_word' id='word_1_681' title='bbox 170 2387 259 2421; x_wconf 81' lang='lat' dir='ltr'><strong>juxta</strong></span> <span class='ocrx_word' id='word_1_682' title='bbox 282 2386 443 2413; x_wconf 85' lang='lat' dir='ltr'><strong>sententiam</strong></span> <span class='ocrx_word' id='word_1_683' title='bbox 455 2383 594 2416; x_wconf 25' lang='lat' dir='ltr'><strong>Vveterum,</strong></span> <span class='ocrx_word' id='word_1_684' title='bbox 612 2383 658 2420; x_wconf 83' lang='lat' dir='ltr'><strong>qui</strong></span> <span class='ocrx_word' id='word_1_685' title='bbox 678 2390 777 2412; x_wconf 85' lang='lat' dir='ltr'><strong>terram</strong></span> <span class='ocrx_word' id='word_1_686' title='bbox 794 2383 903 2421; x_wconf 61' lang='lat' dir='ltr'><strong>Oceano</strong></span> 
     </span>
    </p>
   </div>
   <div class='ocr_carea' id='block_1_95' title="bbox 89 2419 903 2456">
    <p class='ocr_par' dir='ltr' id='par_1_95' title="bbox 89 2419 903 2456">
     <span class='ocr_line' id='line_1_95' title="bbox 89 2419 903 2456; baseline -0.006 -6"><span class='ocrx_word' id='word_1_687' title='bbox 89 2419 180 2451; x_wconf 74' lang='lat' dir='ltr'><strong>velut.</strong></span> <span class='ocrx_word' id='word_1_688' title='bbox 214 2421 394 2448; x_wconf 80' lang='lat' dir='ltr'><strong>fundamento</strong></span> <span class='ocrx_word' id='word_1_689' title='bbox 427 2427 582 2456; x_wconf 86' lang='lat' dir='ltr'><strong>superstare</strong></span> <span class='ocrx_word' id='word_1_690' title='bbox 616 2419 800 2447; x_wconf 79' lang='lat' dir='ltr'><strong>crediderunt.</strong></span> <span class='ocrx_word' id='word_1_691' title='bbox 830 2419 903 2446; x_wconf 86' lang='lat' dir='ltr'><strong>Idem</strong></span> 
     </span>
    </p>
   </div>
   <div class='ocr_carea' id='block_1_96' title="bbox 89 2456 856 2494">
    <p class='ocr_par' dir='ltr' id='par_1_96' title="bbox 89 2456 856 2494">
     <span class='ocr_line' id='line_1_96' title="bbox 89 2456 856 2494; baseline -0.008 -8"><span class='ocrx_word' id='word_1_692' title='bbox 89 2462 180 2494; x_wconf 75' lang='lat' dir='ltr'><strong>certe</strong></span> <span class='ocrx_word' id='word_1_693' title='bbox 197 2457 337 2494; x_wconf 71' lang='lat' dir='ltr'><strong>repetitur</strong></span> <span class='ocrx_word' id='word_1_694' title='bbox 350 2457 377 2494; x_wconf 80' lang='lat' dir='ltr'><strong>iu</strong></span> <span class='ocrx_word' id='word_1_695' title='bbox 389 2456 497 2494; x_wconf 83' lang='lat' dir='ltr'><strong>psalmo</strong></span> <span class='ocrx_word' id='word_1_696' title='bbox 510 2463 609 2494; x_wconf 54' lang='lat' dir='ltr'><strong>crxxv,</strong></span> <span class='ocrx_word' id='word_1_697' title='bbox 625 2456 652 2482; x_wconf 87' lang='lat'><strong>6.</strong></span> <span class='ocrx_word' id='word_1_698' title='bbox 697 2490 702 2494; x_wconf 89' lang='lat'>_</span> <span class='ocrx_word' id='word_1_699' title='bbox 817 2488 835 2494; x_wconf 44' lang='grc' dir='ltr'><em>η</em></span> <span class='ocrx_word' id='word_1_700' title='bbox 850 2489 856 2494; x_wconf 81' lang='lat'>_</span> 
     </span>
    </p>
   </div>
   <div class='ocr_carea' id='block_1_97' title="bbox 131 2488 903 2529">
    <p class='ocr_par' dir='ltr' id='par_1_97' title="bbox 131 2488 903 2529">
     <span class='ocr_line' id='line_1_97' title="bbox 131 2488 903 2529; baseline -0.005 -10"><span class='ocrx_word' id='word_1_701' title='bbox 131 2493 199 2529; x_wconf 66' lang='lat'><strong>(62)</strong></span> <span class='ocrx_word' id='word_1_702' title='bbox 214 2488 275 2518; x_wconf 75' lang='grc' dir='ltr'><strong>Καὶ</strong></span> <span class='ocrx_word' id='word_1_703' title='bbox 288 2491 345 2529; x_wconf 55' lang='lat' dir='ltr'><strong>thr</strong></span> <span class='ocrx_word' id='word_1_704' title='bbox 353 2488 449 2529; x_wconf 66' lang='grc' dir='ltr'><strong>βάσιν</strong></span> <span class='ocrx_word' id='word_1_705' title='bbox 459 2492 560 2524; x_wconf 81' lang='grc' dir='ltr'><strong>αὐτοῖς</strong></span> <span class='ocrx_word' id='word_1_706' title='bbox 573 2490 803 2529; x_wconf 56' lang='grc' dir='ltr'><strong>ξιριιτυζάμενος.</strong></span> <span class='ocrx_word' id='word_1_707' title='bbox 815 2488 903 2529; x_wconf 76' lang='lat' dir='ltr'><strong>Etiam</strong></span> 
     </span>
    </p>
   </div>
   <div class='ocr_carea' id='block_1_98' title="bbox 87 2524 904 2560">
    <p class='ocr_par' dir='ltr' id='par_1_98' title="bbox 87 2524 904 2560">
     <span class='ocr_line' id='line_1_98' title="bbox 87 2524 904 2560; baseline -0.007 -5"><span class='ocrx_word' id='word_1_708' title='bbox 87 2524 150 2557; x_wconf 75' lang='lat' dir='ltr'><strong>hoc</strong></span> <span class='ocrx_word' id='word_1_709' title='bbox 180 2528 252 2554; x_wconf 91' lang='lat' dir='ltr'><strong>loco</strong></span> <span class='ocrx_word' id='word_1_710' title='bbox 281 2527 456 2554; x_wconf 83' lang='lat' dir='ltr'><strong>scribendum</strong></span> <span class='ocrx_word' id='word_1_711' title='bbox 490 2530 531 2553; x_wconf 88' lang='lat' dir='ltr'><strong>est</strong></span> <span class='ocrx_word' id='word_1_712' title='bbox 554 2524 649 2560; x_wconf 79' lang='grc' dir='ltr'><strong>αὐτῆς.</strong></span> <span class='ocrx_word' id='word_1_713' title='bbox 674 2524 776 2557; x_wconf 82' lang='lat' dir='ltr'><strong>Quodsi</strong></span> <span class='ocrx_word' id='word_1_714' title='bbox 809 2525 904 2558; x_wconf 82' lang='lat' dir='ltr'><strong>vulga-</strong></span> 
     </span>
    </p>
   </div>
   <div class='ocr_carea' id='block_1_99' title="bbox 87 2559 905 2596">
    <p class='ocr_par' dir='ltr' id='par_1_99' title="bbox 87 2559 905 2596">
     <span class='ocr_line' id='line_1_99' title="bbox 87 2559 905 2596; baseline -0.007 -6"><span class='ocrx_word' id='word_1_715' title='bbox 87 2571 151 2591; x_wconf 76' lang='lat' dir='ltr'><strong>tam</strong></span> <span class='ocrx_word' id='word_1_716' title='bbox 185 2563 360 2596; x_wconf 79' lang='lat' dir='ltr'><strong>scripturam</strong></span> <span class='ocrx_word' id='word_1_717' title='bbox 385 2561 501 2588; x_wconf 87' lang='lat' dir='ltr'><strong>retinere</strong></span> <span class='ocrx_word' id='word_1_718' title='bbox 525 2559 713 2596; x_wconf 82' lang='lat' dir='ltr'><strong>voluerimus,_</strong></span> <span class='ocrx_word' id='word_1_719' title='bbox 735 2567 787 2586; x_wconf 78' lang='lat' dir='ltr'><strong>vox</strong></span> <span class='ocrx_word' id='word_1_720' title='bbox 812 2559 905 2590; x_wconf 82' lang='grc' dir='ltr'><strong>αὐτοῖς</strong></span> 
     </span>
    </p>
   </div>
   <div class='ocr_carea' id='block_1_100' title="bbox 843 2602 905 2628">
    <p class='ocr_par' dir='ltr' id='par_1_100' title="bbox 843 2602 905 2628">
     <span class='ocr_line' id='line_1_100' title="bbox 843 2602 905 2628; baseline 0.032 -9"><span class='ocrx_word' id='word_1_721' title='bbox 843 2602 905 2628; x_wconf 55' lang='lat' dir='ltr'><strong>qua</strong></span> 
     </span>
    </p>
   </div>
   <div class='ocr_carea' id='block_1_101' title="bbox 87 2629 906 2666">
    <p class='ocr_par' dir='ltr' id='par_1_101' title="bbox 87 2629 906 2666">
     <span class='ocr_line' id='line_1_101' title="bbox 87 2629 906 2666; baseline -0.006 -5"><span class='ocrx_word' id='word_1_722' title='bbox 87 2635 165 2661; x_wconf 85' lang='lat' dir='ltr'><strong>nihil</strong></span> <span class='ocrx_word' id='word_1_723' title='bbox 184 2632 270 2660; x_wconf 85' lang='lat' dir='ltr'><strong>aliud</strong></span> <span class='ocrx_word' id='word_1_724' title='bbox 285 2639 368 2666; x_wconf 87' lang='lat' dir='ltr'><strong>quam</strong></span> <span class='ocrx_word' id='word_1_725' title='bbox 390 2632 480 2658; x_wconf 88' lang='lat' dir='ltr'><strong>siuttm</strong></span> <span class='ocrx_word' id='word_1_726' title='bbox 501 2639 548 2658; x_wconf 84' lang='lat' dir='ltr'><strong>seu</strong></span> <span class='ocrx_word' id='word_1_727' title='bbox 569 2631 702 2665; x_wconf 72' lang='lat' dir='ltr'><strong>gremium</strong></span> <span class='ocrx_word' id='word_1_728' title='bbox 722 2635 802 2657; x_wconf 51' lang='lat' dir='ltr'><strong>terra),</strong></span> <span class='ocrx_word' id='word_1_729' title='bbox 821 2629 906 2664; x_wconf 82' lang='lat' dir='ltr'><strong>signi-</strong></span> 
     </span>
    </p>
   </div>
   <div class='ocr_carea' id='block_1_102' title="bbox 87 2594 806 2630">
    <p class='ocr_par' dir='ltr' id='par_1_102' title="bbox 87 2594 806 2630">
     <span class='ocr_line' id='line_1_102' title="bbox 87 2594 806 2630; baseline -0.01 -4"><span class='ocrx_word' id='word_1_730' title='bbox 87 2594 261 2626; x_wconf 76' lang='lat' dir='ltr'><strong>referenda</strong></span> <span class='ocrx_word' id='word_1_731' title='bbox 287 2597 340 2623; x_wconf 88' lang='lat' dir='ltr'><strong>erit</strong></span> <span class='ocrx_word' id='word_1_732' title='bbox 363 2596 396 2623; x_wconf 87' lang='lat' dir='ltr'><strong>ad</strong></span> <span class='ocrx_word' id='word_1_733' title='bbox 430 2596 594 2623; x_wconf 88' lang='lat' dir='ltr'><strong>vocabulum</strong></span> <span class='ocrx_word' id='word_1_734' title='bbox 628 2594 806 2630; x_wconf 77' lang='grc' dir='ltr'><strong>κολπώμασι,</strong></span> 
     </span>
    </p>
   </div>
   <div class='ocr_carea' id='block_1_103' title="bbox 84 2673 168 2697">
    <p class='ocr_par' dir='ltr' id='par_1_103' title="bbox 84 2673 168 2697">
     <span class='ocr_line' id='line_1_103' title="bbox 84 2673 168 2697; baseline 0 -1"><span class='ocrx_word' id='word_1_735' title='bbox 84 2673 168 2697; x_wconf 82' lang='lat' dir='ltr'><strong>licat.</strong></span> 
     </span>
    </p>
   </div>
   <div class='ocr_carea' id='block_1_104' title="bbox 991 2345 1740 2382">
    <p class='ocr_par' dir='ltr' id='par_1_104' title="bbox 991 2345 1740 2382">
     <span class='ocr_line' id='line_1_104' title="bbox 991 2345 1740 2382; baseline 0.005 -10"><span class='ocrx_word' id='word_1_736' title='bbox 991 2347 1046 2382; x_wconf 77' lang='lat'><strong>(65)</strong></span> <span class='ocrx_word' id='word_1_737' title='bbox 1060 2345 1131 2373; x_wconf 79' lang='grc' dir='ltr'><strong>Κατ’</strong></span> <span class='ocrx_word' id='word_1_738' title='bbox 1147 2345 1213 2382; x_wconf 73' lang='grc' dir='ltr'><strong>ἔτος</strong></span> <span class='ocrx_word' id='word_1_739' title='bbox 1231 2347 1278 2373; x_wconf 79' lang='grc' dir='ltr'><strong>ἐπ’</strong></span> <span class='ocrx_word' id='word_1_740' title='bbox 1301 2347 1388 2381; x_wconf 81' lang='grc' dir='ltr'><strong>αὐτῇ.</strong></span> <span class='ocrx_word' id='word_1_741' title='bbox 1412 2348 1554 2376; x_wconf 82' lang='lat' dir='ltr'><strong>Assentior</strong></span> <span class='ocrx_word' id='word_1_742' title='bbox 1574 2349 1653 2376; x_wconf 79' lang='lat' dir='ltr'><strong>Lucae</strong></span> <span class='ocrx_word' id='word_1_743' title='bbox 1676 2348 1740 2376; x_wconf 90' lang='lat' dir='ltr'><strong>Hol-</strong></span> 
     </span>
    </p>
   </div>
   <div class='ocr_carea' id='block_1_105' title="bbox 956 2381 1740 2416">
    <p class='ocr_par' dir='ltr' id='par_1_105' title="bbox 956 2381 1740 2416">
     <span class='ocr_line' id='line_1_105' title="bbox 956 2381 1740 2416; baseline 0.003 -7"><span class='ocrx_word' id='word_1_744' title='bbox 956 2382 1055 2413; x_wconf 88' lang='lat' dir='ltr'><strong>stenio,</strong></span> <span class='ocrx_word' id='word_1_745' title='bbox 1074 2382 1119 2416; x_wconf 91' lang='lat' dir='ltr'><strong>qui</strong></span> <span class='ocrx_word' id='word_1_746' title='bbox 1137 2381 1170 2408; x_wconf 84' lang='lat' dir='ltr'><strong>ad</strong></span> <span class='ocrx_word' id='word_1_747' title='bbox 1188 2382 1259 2409; x_wconf 91' lang='lat' dir='ltr'><strong>latus</strong></span> <span class='ocrx_word' id='word_1_748' title='bbox 1276 2383 1317 2409; x_wconf 84' lang='lat' dir='ltr'><strong>sui</strong></span> <span class='ocrx_word' id='word_1_749' title='bbox 1340 2383 1441 2410; x_wconf 88' lang='lat' dir='ltr'><strong>codicis</strong></span> <span class='ocrx_word' id='word_1_750' title='bbox 1463 2385 1601 2410; x_wconf 80' lang='lat' dir='ltr'><strong>adnotavit</strong></span> <span class='ocrx_word' id='word_1_751' title='bbox 1617 2385 1740 2411; x_wconf 88' lang='lat' dir='ltr'><strong>scriben-</strong></span> 
     </span>
    </p>
   </div>
   <div class='ocr_carea' id='block_1_106' title="bbox 957 2416 1614 2452">
    <p class='ocr_par' dir='ltr' id='par_1_106' title="bbox 957 2416 1614 2452">
     <span class='ocr_line' id='line_1_106' title="bbox 957 2416 1614 2452; baseline 0 -7"><span class='ocrx_word' id='word_1_752' title='bbox 957 2418 1018 2445; x_wconf 83' lang='lat' dir='ltr'><strong>.lum</strong></span> <span class='ocrx_word' id='word_1_753' title='bbox 1027 2424 1091 2452; x_wconf 79' lang='lat' dir='ltr'><strong>esse</strong></span> <span class='ocrx_word' id='word_1_754' title='bbox 1106 2416 1237 2452; x_wconf 78' lang='grc' dir='ltr'><strong>καθέτως,</strong></span> <span class='ocrx_word' id='word_1_755' title='bbox 1251 2417 1276 2444; x_wconf 95' lang='lat' dir='ltr'><strong>id</strong></span> <span class='ocrx_word' id='word_1_756' title='bbox 1289 2422 1340 2449; x_wconf 82' lang='lat' dir='ltr'><strong>est.</strong></span> <span class='ocrx_word' id='word_1_757' title='bbox 1355 2419 1614 2452; x_wconf 79' lang='lat' dir='ltr'><strong>perpendiculariter.</strong></span> 
     </span>
    </p>
   </div>
   <div class='ocr_carea' id='block_1_107' title="bbox 991 2451 1738 2489">
    <p class='ocr_par' dir='ltr' id='par_1_107' title="bbox 991 2451 1738 2489">
     <span class='ocr_line' id='line_1_107' title="bbox 991 2451 1738 2489; baseline 0.005 -12"><span class='ocrx_word' id='word_1_758' title='bbox 991 2451 1046 2489; x_wconf 63' lang='grc'><strong>(64)</strong></span> <span class='ocrx_word' id='word_1_759' title='bbox 1068 2451 1135 2489; x_wconf 54' lang='lat' dir='ltr'><strong>Tag)</strong></span> <span class='ocrx_word' id='word_1_760' title='bbox 1151 2451 1209 2489; x_wconf 70' lang='grc' dir='ltr'><strong>γῆς</strong></span> <span class='ocrx_word' id='word_1_761' title='bbox 1221 2452 1300 2485; x_wconf 77' lang='grc' dir='ltr'><strong>ἅπας</strong></span> <span class='ocrx_word' id='word_1_762' title='bbox 1317 2454 1374 2487; x_wconf 76' lang='grc' dir='ltr'><strong>ῥεῖ.</strong></span> <span class='ocrx_word' id='word_1_763' title='bbox 1396 2453 1574 2480; x_wconf 86' lang='lat' dir='ltr'><strong>Scribendum</strong></span> <span class='ocrx_word' id='word_1_764' title='bbox 1588 2458 1630 2481; x_wconf 82' lang='lat' dir='ltr'><strong>est</strong></span> <span class='ocrx_word' id='word_1_765' title='bbox 1643 2455 1738 2489; x_wconf 88' lang='lat' dir='ltr'><strong>procul</strong></span> 
     </span>
    </p>
   </div>
   <div class='ocr_carea' id='block_1_108' title="bbox 955 2487 1739 2523">
    <p class='ocr_par' dir='ltr' id='par_1_108' title="bbox 955 2487 1739 2523">
     <span class='ocr_line' id='line_1_108' title="bbox 955 2487 1739 2523; baseline 0.003 -9"><span class='ocrx_word' id='word_1_766' title='bbox 955 2487 1053 2523; x_wconf 70' lang='lat' dir='ltr'><strong>dubio.</strong></span> <span class='ocrx_word' id='word_1_767' title='bbox 1082 2487 1152 2521; x_wconf 79' lang='grc' dir='ltr'><strong>ὑπὲρ</strong></span> <span class='ocrx_word' id='word_1_768' title='bbox 1168 2487 1248 2523; x_wconf 21' lang='grc' dir='ltr'><strong>γγῆς,</strong></span> <span class='ocrx_word' id='word_1_769' title='bbox 1276 2489 1504 2522; x_wconf 88' lang='lat' dir='ltr'><strong>quemadmodum</strong></span> <span class='ocrx_word' id='word_1_770' title='bbox 1539 2487 1650 2523; x_wconf 40' lang='lat' dir='ltr'><strong>legitur‘</strong></span> <span class='ocrx_word' id='word_1_771' title='bbox 1667 2490 1739 2523; x_wconf 80' lang='lat' dir='ltr'><strong>apud</strong></span> 
     </span>
    </p>
   </div>
   <div class='ocr_carea' id='block_1_109' title="bbox 955 2522 1739 2558">
    <p class='ocr_par' dir='ltr' id='par_1_109' title="bbox 955 2522 1739 2558">
     <span class='ocr_line' id='line_1_109' title="bbox 955 2522 1739 2558; baseline 0.001 -8"><span class='ocrx_word' id='word_1_772' title='bbox 955 2522 1150 2557; x_wconf 87' lang='lat' dir='ltr'><strong>Nicephorum.</strong></span> <span class='ocrx_word' id='word_1_773' title='bbox 1168 2522 1249 2556; x_wconf 89' lang='lat' dir='ltr'><strong>quue</strong></span> <span class='ocrx_word' id='word_1_774' title='bbox 1267 2530 1300 2550; x_wconf 86' lang='lat' dir='ltr'><strong>ex</strong></span> <span class='ocrx_word' id='word_1_775' title='bbox 1322 2524 1500 2558; x_wconf 89' lang='lat' dir='ltr'><strong>sequentibus</strong></span> <span class='ocrx_word' id='word_1_776' title='bbox 1515 2522 1658 2551; x_wconf 76' lang='lat' dir='ltr'><strong>manifeste</strong></span> <span class='ocrx_word' id='word_1_777' title='bbox 1671 2522 1739 2551; x_wconf 82' lang='lat' dir='ltr'><strong>con-</strong></span> 
     </span>
    </p>
   </div>
   <div class='ocr_carea' id='block_1_110' title="bbox 956 2558 1084 2584">
    <p class='ocr_par' dir='ltr' id='par_1_110' title="bbox 956 2558 1084 2584">
     <span class='ocr_line' id='line_1_110' title="bbox 956 2558 1084 2584; baseline 0 0"><span class='ocrx_word' id='word_1_778' title='bbox 956 2558 1084 2584; x_wconf 83' lang='lat' dir='ltr'><strong>vincitur.</strong></span> 
     </span>
    </p>
   </div>
   <div class='ocr_carea' id='block_1_111' title="bbox 991 2591 1739 2626">
    <p class='ocr_par' dir='ltr' id='par_1_111' title="bbox 991 2591 1739 2626">
     <span class='ocr_line' id='line_1_111' title="bbox 991 2591 1739 2626; baseline 0.003 -7"><span class='ocrx_word' id='word_1_779' title='bbox 991 2593 1049 2626; x_wconf 73' lang='lat'><strong>(65)</strong></span> <span class='ocrx_word' id='word_1_780' title='bbox 1087 2592 1133 2625; x_wconf 87' lang='grc' dir='ltr'><strong>Ὡς</strong></span> <span class='ocrx_word' id='word_1_781' title='bbox 1172 2591 1301 2620; x_wconf 75' lang='grc' dir='ltr'><strong>εἰκάσαι.</strong></span> <span class='ocrx_word' id='word_1_782' title='bbox 1340 2593 1437 2619; x_wconf 73' lang='lat' dir='ltr'><strong>lleesse</strong></span> <span class='ocrx_word' id='word_1_783' title='bbox 1473 2593 1580 2620; x_wconf 88' lang='lat' dir='ltr'><strong>videtur</strong></span> <span class='ocrx_word' id='word_1_784' title='bbox 1615 2601 1739 2621; x_wconf 86' lang='lat' dir='ltr'><strong>vernum.</strong></span> 
     </span>
    </p>
   </div>
   <div class='ocr_carea' id='block_1_112' title="bbox 957 2627 1739 2689">
    <p class='ocr_par' dir='ltr' id='par_1_112' title="bbox 957 2627 1739 2689">
     <span class='ocr_line' id='line_1_112' title="bbox 957 2627 1739 2689; baseline 0.001 -35"><span class='ocrx_word' id='word_1_785' title='bbox 957 2627 1034 2689; x_wconf 61' lang='grc' dir='ltr'><strong>ρέοιι</strong></span> <span class='ocrx_word' id='word_1_786' title='bbox 1060 2628 1179 2662; x_wconf 85' lang='lat' dir='ltr'><strong>suppleri</strong></span> <span class='ocrx_word' id='word_1_787' title='bbox 1205 2633 1292 2662; x_wconf 82' lang='lat' dir='ltr'><strong>potest</strong></span> <span class='ocrx_word' id='word_1_788' title='bbox 1316 2627 1368 2655; x_wconf 88' lang='lat' dir='ltr'><strong>hoc</strong></span> <span class='ocrx_word' id='word_1_789' title='bbox 1397 2628 1477 2655; x_wconf 88' lang='lat' dir='ltr'><strong>modo</strong></span> <span class='ocrx_word' id='word_1_790' title='bbox 1503 2637 1509 2654; x_wconf 88' lang='lat'><strong><em>:</em></strong></span> <span class='ocrx_word' id='word_1_791' title='bbox 1537 2628 1574 2660; x_wconf 84' lang='grc' dir='ltr'><strong>ὡς</strong></span> <span class='ocrx_word' id='word_1_792' title='bbox 1601 2628 1673 2655; x_wconf 73' lang='grc' dir='ltr'><strong>ἔστιν</strong></span> <span class='ocrx_word' id='word_1_793' title='bbox 1700 2630 1739 2655; x_wconf 77' lang='grc' dir='ltr'><strong>εί-</strong></span> 
     </span>
     <span class='ocr_line' id='line_1_113' title="bbox 957 2671 1050 2689; baseline 0 0"><span class='ocrx_word' id='word_1_794' title='bbox 957 2671 974 2689; x_wconf 88' lang='grc' dir='ltr'><strong>κ</strong></span> <span class='ocrx_word' id='word_1_795' title='bbox 997 2671 1050 2689; x_wconf 87' lang='grc' dir='ltr'><strong>σαι.</strong></span> 
     </span>
    </p>
   </div>
   <div class='ocr_carea' id='block_1_113' title="bbox 957 2671 1050 2690">
    <p class='ocr_par' dir='ltr' id='par_1_113' title="bbox 957 2671 1050 2690">
     <span class='ocr_line' id='line_1_114' title="bbox 957 2671 1050 2690; baseline 0.011 -1"><span class='ocrx_word' id='word_1_796' title='bbox 957 2671 1050 2690; x_wconf 84' lang='grc' dir='ltr'><strong>κασαι.</strong></span> 
     </span>
    </p>
   </div>
   <div class='ocr_carea' id='block_1_114' title="bbox 845 2731 1021 2753">
    <p class='ocr_par' dir='ltr' id='par_1_114' title="bbox 845 2731 1021 2753">
     <span class='ocr_line' id='line_1_115' title="bbox 845 2731 1021 2753; baseline -0.006 -1"><span class='ocrx_word' id='word_1_797' title='bbox 845 2731 1021 2753; x_wconf 62' lang='lat' dir='ltr'><strong>VARIORULL</strong></span> 
     </span>
    </p>
   </div>
   <div class='ocr_carea' id='block_1_115' title="bbox 125 2784 899 2825">
    <p class='ocr_par' dir='ltr' id='par_1_115' title="bbox 125 2784 899 2825">
     <span class='ocr_line' id='line_1_116' title="bbox 125 2784 899 2825; baseline -0.005 -11"><span class='ocrx_word' id='word_1_798' title='bbox 125 2789 170 2825; x_wconf 79' lang='grc' dir='ltr'><strong>(ιι)</strong></span> <span class='ocrx_word' id='word_1_799' title='bbox 192 2785 331 2825; x_wconf 57' lang='grc' dir='ltr'><strong>Φεισὼν.</strong></span> <span class='ocrx_word' id='word_1_800' title='bbox 343 2785 460 2825; x_wconf 75' lang='lat' dir='ltr'><strong>Aeacius</strong></span> <span class='ocrx_word' id='word_1_801' title='bbox 476 2785 657 2825; x_wconf 59' lang='lat' dir='ltr'><strong>Caesariensis</strong></span> <span class='ocrx_word' id='word_1_802' title='bbox 674 2785 701 2825; x_wconf 78' lang='lat' dir='ltr'><strong>in</strong></span> <span class='ocrx_word' id='word_1_803' title='bbox 717 2784 818 2811; x_wconf 84' lang='lat' dir='ltr'><strong>Catena</strong></span> 
     </span>
    </p>
   </div>
   <div class='ocr_carea' id='block_1_116' title="bbox 81 2819 897 2855">
    <p class='ocr_par' dir='ltr' id='par_1_116' title="bbox 81 2819 897 2855">
     <span class='ocr_line' id='line_1_117' title="bbox 81 2819 897 2855; baseline -0.011 0"><span class='ocrx_word' id='word_1_804' title='bbox 81 2819 195 2855; x_wconf 63' lang='lat' dir='ltr'><strong>coru&#39;m</strong></span> <span class='ocrx_word' id='word_1_805' title='bbox 215 2823 335 2849; x_wconf 79' lang='lat' dir='ltr'><strong>Patrum</strong></span> <span class='ocrx_word' id='word_1_806' title='bbox 351 2821 390 2848; x_wconf 89' lang='lat' dir='ltr'><strong>sic</strong></span> <span class='ocrx_word' id='word_1_807' title='bbox 402 2821 435 2848; x_wconf 88' lang='lat' dir='ltr'><strong>de</strong></span> <span class='ocrx_word' id='word_1_808' title='bbox 449 2825 566 2855; x_wconf 88' lang='lat' dir='ltr'><strong>quatuor</strong></span> <span class='ocrx_word' id='word_1_809' title='bbox 583 2819 741 2846; x_wconf 86' lang='lat' dir='ltr'><strong>ﬂuminibus</strong></span> <span class='ocrx_word' id='word_1_810' title='bbox 754 2820 873 2853; x_wconf 87' lang='lat' dir='ltr'><strong>paradisi</strong></span> <span class='ocrx_word' id='word_1_811' title='bbox 889 2829 897 2846; x_wconf 83' lang='lat'><strong>:</strong></span> 
     </span>
    </p>
   </div>
   <div class='ocr_carea' id='block_1_117' title="bbox 83 2855 898 2891">
    <p class='ocr_par' dir='ltr' id='par_1_117' title="bbox 83 2855 898 2891">
     <span class='ocr_line' id='line_1_118' title="bbox 83 2855 898 2891; baseline -0.01 -3"><span class='ocrx_word' id='word_1_812' title='bbox 83 2863 130 2889; x_wconf 79' lang='grc' dir='ltr'><strong>Τὰ</strong></span> <span class='ocrx_word' id='word_1_813' title='bbox 162 2859 228 2886; x_wconf 81' lang='grc' dir='ltr'><strong>τῶν</strong></span> <span class='ocrx_word' id='word_1_814' title='bbox 265 2857 405 2891; x_wconf 79' lang='grc' dir='ltr'><strong>τεσσάρων</strong></span> <span class='ocrx_word' id='word_1_815' title='bbox 432 2855 562 2890; x_wconf 79' lang='grc' dir='ltr'><strong>ποταμῶν</strong></span> <span class='ocrx_word' id='word_1_816' title='bbox 574 2855 694 2891; x_wconf 79' lang='grc' dir='ltr'><strong>ὀνόματα</strong></span> <span class='ocrx_word' id='word_1_817' title='bbox 720 2855 766 2881; x_wconf 68' lang='grc' dir='ltr'><strong>καὶ</strong></span> <span class='ocrx_word' id='word_1_818' title='bbox 789 2855 825 2891; x_wconf 73' lang='grc' dir='ltr'><strong>τὰ</strong></span> <span class='ocrx_word' id='word_1_819' title='bbox 850 2855 898 2891; x_wconf 79' lang='grc' dir='ltr'><strong>μὲν</strong></span> 
     </span>
    </p>
   </div>
   <div class='ocr_carea' id='block_1_118' title="bbox 87 2889 901 2932">
    <p class='ocr_par' dir='ltr' id='par_1_118' title="bbox 87 2889 901 2932">
     <span class='ocr_line' id='line_1_119' title="bbox 87 2889 901 2932; baseline -0.006 -11"><span class='ocrx_word' id='word_1_820' title='bbox 87 2894 250 2932; x_wconf 76' lang='grc' dir='ltr'><strong>Ἐϐραίως</strong></span> <span class='ocrx_word' id='word_1_821' title='bbox 271 2890 342 2917; x_wconf 76' lang='grc' dir='ltr'><strong>οὕτω</strong></span> <span class='ocrx_word' id='word_1_822' title='bbox 353 2889 476 2917; x_wconf 71' lang='grc' dir='ltr'><strong>καλεῖται</strong></span> <span class='ocrx_word' id='word_1_823' title='bbox 486 2899 492 2905; x_wconf 89' lang='grc'><strong>·</strong></span> <span class='ocrx_word' id='word_1_824' title='bbox 505 2889 520 2917; x_wconf 66' lang='grc' dir='ltr'>δ</span> <span class='ocrx_word' id='word_1_825' title='bbox 536 2891 584 2926; x_wconf 81' lang='grc' dir='ltr'><strong>μὲν</strong></span> <span class='ocrx_word' id='word_1_826' title='bbox 603 2889 709 2925; x_wconf 81' lang='grc' dir='ltr'><strong>πρῶτος</strong></span> <span class='ocrx_word' id='word_1_827' title='bbox 721 2889 832 2923; x_wconf 70' lang='grc' dir='ltr'><strong>Φεισὼν,</strong></span> <span class='ocrx_word' id='word_1_828' title='bbox 846 2891 860 2916; x_wconf 87' lang='grc' dir='ltr'><strong>ὁ</strong></span> <span class='ocrx_word' id='word_1_829' title='bbox 873 2890 901 2916; x_wconf 78' lang='grc' dir='ltr'><strong>δὲ</strong></span> 
     </span>
    </p>
   </div>
   <div class='ocr_carea' id='block_1_119' title="bbox 953 2782 1750 2822">
    <p class='ocr_par' dir='ltr' id='par_1_119' title="bbox 953 2782 1750 2822">
     <span class='ocr_line' id='line_1_120' title="bbox 953 2782 1750 2822; baseline 0.004 -13"><span class='ocrx_word' id='word_1_830' title='bbox 953 2783 1080 2822; x_wconf 74' lang='grc' dir='ltr'><strong>δεύτερος</strong></span> <span class='ocrx_word' id='word_1_831' title='bbox 1100 2782 1220 2822; x_wconf 48' lang='lat' dir='ltr'><strong>refoti:</strong></span> <span class='ocrx_word' id='word_1_832' title='bbox 1228 2784 1334 2822; x_wconf 41' lang='lat' dir='ltr'><strong>epiros;</strong></span> <span class='ocrx_word' id='word_1_833' title='bbox 1344 2783 1638 2822; x_wconf 42' lang='lat' dir='ltr'><strong>Qappﬂloféwgo;</strong></span> <span class='ocrx_word' id='word_1_834' title='bbox 1656 2785 1750 2822; x_wconf 74' lang='lat' dir='ltr'><strong>’E66:-_</strong></span> 
     </span>
    </p>
   </div>
   <div class='ocr_carea' id='block_1_120' title="bbox 953 2817 1729 2890">
    <p class='ocr_par' dir='ltr' id='par_1_120' title="bbox 953 2817 1729 2890">
     <span class='ocr_line' id='line_1_121' title="bbox 953 2817 1729 2880; baseline 0.005 -36"><span class='ocrx_word' id='word_1_835' title='bbox 953 2819 1022 2880; x_wconf 50' lang='grc' dir='ltr'><strong>ἴῗμ·</strong></span> <span class='ocrx_word' id='word_1_836' title='bbox 1035 2817 1112 2853; x_wconf 75' lang='grc' dir='ltr'><strong>παρὰ</strong></span> <span class='ocrx_word' id='word_1_837' title='bbox 1132 2818 1160 2845; x_wconf 80' lang='grc' dir='ltr'><strong>δὲ</strong></span> <span class='ocrx_word' id='word_1_838' title='bbox 1176 2817 1290 2854; x_wconf 83' lang='grc' dir='ltr'><strong>Ἕλλησι</strong></span> <span class='ocrx_word' id='word_1_839' title='bbox 1315 2817 1434 2855; x_wconf 52' lang='grc' dir='ltr'><strong>Γάγτης,</strong></span> <span class='ocrx_word' id='word_1_840' title='bbox 1461 2817 1729 2856; x_wconf 70' lang='grc' dir='ltr'><strong>Νεῖλος,Ἐύφράτη;</strong></span> 
     </span>
     <span class='ocr_line' id='line_1_122' title="bbox 987 2862 1065 2890; baseline 0.026 -2"><span class='ocrx_word' id='word_1_841' title='bbox 987 2862 1065 2890; x_wconf 68' lang='grc' dir='ltr'>γρηςο</span> 
     </span>
    </p>
   </div>
  </div>
