1978 3075
233 171 283 200 4ῠό

915 172 1159 201 PHILOSTORGII

1804 172 1855 201 ‘96

233 231 318 258 ﬂuens
329 239 361 258 ac
374 231 427 258 sub
440 232 500 266 ipso
514 232 596 260 etiam
612 233 682 260 mari
701 232 795 260 Rubro
817 232 1016 267 subterlapsus,

1072 232 1123 259 ὑπὸ
1138 232 1168 258 τὺ
1183 232 1233 268 τῆς
1246 232 1364 268 Σελήνης
1379 233 1544 268 καλούμενον
1556 232 1628 268 ὅρος.
1648 232 1692 259 Ἐν
1709 229 1730 265 ᾧ
1744 232 1791 258 δύο
1803 241 1856 268 πη-

233 278 265 304 ad
280 277 396 304 alterum
418 277 478 313 ejus
500 277 572 306 latus
585 279 714 314 erumpit,
741 279 792 306 sub
808 286 841 306 eo
857 283 949 306 monte
972 279 1020 313 qui

233 321 318 349 Lunae
335 328 457 351 vocatur.
475 323 515 351 lbi
523 323 592 352 duos
608 324 698 352 fontes
711 324 846 352 maximos
861 324 966 352 ellieere
979 324 1020 352 di-

233 368 314 402 citur,
329 377 383 396 non
399 369 506 397 modico
520 370 664 397 intervallo
688 378 703 398 a
728 378 758 398 se
782 370 900 398 invicem
916 371 1020 398 distan-

235 419 285 446 Ics,
299 415 344 449 qui
363 423 394 442 ex
411 415 466 443 imo
481 416 612 443 violenter
632 417 658 443 in
688 415 805 443 sublime
828 419 1019 451 prorumpunt.

231 459 303 487 ‘llinc
324 468 371 496 per
393 460 561 496 (Ethiopiam
586 462 678 496 lapsus
703 462 730 489 in
749 462 896 498 [Egyptum
922 462 1019 495 fertur,

234 515 282 542 per
295 508 424 542 abruptos
439 508 564 543 scopulos
578 508 772 543 praecipitatus.

271 553 314 579 Η.
336 552 473 579 Animalia
493 553 643 580 arientulia.
668 568 703 573 ——-
724 554 770 581 Ait
797 554 952 581 universam
978 562 1020 582 re-

233 597 341 632 gionem
358 605 419 633 qua:
433 598 466 625 ad
482 598 548 625 solis
568 603 658 626 ortum
677 604 704 626 et
725 599 797 626 circa
813 599 954 626 meridiem
968 599 1019 627 sita

233 648 285 674 est.
297 644 423 679 quamvis
447 644 596 672 immodico
619 649 686 672 aestu
705 650 851 677 torreatur,
867 650 965 673 cuncta
980 650 1020 672 ta-

233 697 295 716 tneu
308 697 369 725 qua:
381 695 452 717 terra
467 691 590 726 marique
611 692 770 727 gignuntur,
788 692 867 728 longe
881 693 983 727 optima
994 697 1021 720 et

233 736 351 762 maxima
367 736 527 770 producere.
548 737 614 764 Nam
642 742 670 764 et
698 738 817 765 balaenas
846 738 1020 766 incredibilis

233 783 428 817 magnitudinis
447 790 481 810 eo
505 783 532 810 in
549 784 617 810 mari
637 784 741 817 inesse,
758 792 818 820 quae
834 792 1020 820 saepenumero

232 838 281 864 per
295 829 433 857 Oceanum
451 831 526 858 illum
543 832 733 866 navigantibus
747 832 811 859 Visa:
832 837 897 859 sunt
916 840 931 859 e
946 832 1020 867 pela-

232 881 267 909 go
280 879 459 910 emergentes.
483 876 567 902 Terra
589 883 699 910 qttoque
721 876 766 903 illa
788 876 924 904 maximos
939 876 1020 904 habet

1070 277 1121 312 γὰς
1145 277 1253 312 λέγεται
1281 279 1369 304 ποιεῖν
1396 279 1526 313 μεγάλας,
1551 278 1673 314 ἀλλήλων
1698 277 1747 304 οὐκ
1769 278 1857 312 ὀλίγον

1069 323 1242 359 διεστηκυίας
1271 323 1393 351 κάτωθεν
1415 324 1510 359 βιαίως
1536 324 1786 361 ἀναρυϐδουμένας.
1804 325 1858 351 Καὶ

1069 369 1114 396 διὰ
1130 369 1180 404 τῆς
1198 369 1341 401 Αἰθιοπίας
1356 369 1476 405 ἐνεχθεὶς
1488 370 1535 396 ὲπὶ
1552 369 1601 405 τὴν
1614 369 1751 404 Αἴγυπτον
1764 371 1856 405 χωρεῖ,

1069 414 1113 441 διὰ
1129 414 1236 450 πετρῶν
1244 415 1418 451 ὑψηλοτάτων
1432 414 1678 450 καταραττόμενος.

1107 549 1152 572 ια’.
1170 546 1231 572 ’Ότι
1248 548 1331 581 φησιν
1346 547 1419 573 ἅπαν
1434 546 1464 573 τὸ
1478 546 1546 582 πρὸς
1565 546 1710 581 ἀνίσχοντα
1725 546 1801 580 ἥλιον
1813 546 1860 572 καὶ

1071 592 1135 626 περὶ
1147 591 1195 627 τὴν
1209 591 1383 627 μεσημϐρίαν
1404 591 1500 628 κλίμα,
1514 592 1603 619 καίτοι
1616 592 1687 627 πέρα
1695 592 1742 618 τοῦ
1759 592 1858 628 μέτρου

1070 637 1249 673 θαλπόμενον,
1262 638 1336 673 ὅμως
1353 639 1387 666 τὰ
1411 639 1544 674 κράτιστα
1566 639 1615 665 καὶ
1633 639 1751 674 μέγιστα
1766 639 1860 674 φέρειν

1069 683 1124 709 τῶν
1133 683 1184 710 ὅσα
1194 683 1231 718 γῆ
1244 684 1292 710 καὶ
1306 683 1426 710 θάλαττα
1439 684 1539 719 δυνατὴ
1557 684 1679 719 τρέφειν,
1698 684 1738 711 Τά
1753 692 1783 710 τε
1804 684 1860 720 γὰρ

1070 729 1140 764 κήτη
1155 729 1190 756 τὰ
1199 729 1376 765 ὑπερμεγέθη
1390 729 1478 766 ταύτῃ
1499 731 1600 757 ἐνεῖναι
1613 731 1646 766 τῇ
1665 730 1797 766 θαλάττῃ·
1812 730 1862 756 καὶ

1069 775 1120 810 ἤδη
1135 775 1213 810 ὤφθη
1233 775 1362 807 πολλάκις
1381 776 1586 803 έπιπολάσαντα
1603 777 1660 808 τοῖς
1676 776 1722 802 τὸν
1739 776 1861 803 ὠκεανὸν

1070 821 1172 847 ἐκεῖνον
1198 821 1426 856 ναυτιλλομένοις.
1456 821 1493 848 Ἥ
1516 830 1546 848 τε
1566 822 1602 857 γῆ
1629 823 1692 854 τοὺς
1711 822 1861 856 ἐλέφαντας

1070 866 1127 902 ἔχει
1139 867 1201 898 τοὺς
1215 867 1359 902 μεγίστους
1373 868 1420 894 καὶ
1436 869 1685 904 ὑπερφυεστάτους.
1698 869 1752 896 Καὶ
1765 869 1796 905 δὴ
1811 870 1859 896 καὶ

232 922 391 957 elephantos
412 929 444 949 ac
466 922 646 949 vastissimos.
667 921 721 949 Eos
744 922 808 949 item
833 923 879 957 qui
900 923 1018 950 taurele-

1072 913 1134 944 τοὺς
1148 913 1369 948 ταυρελέφαντας
1383 913 1546 949 λεγομένους
1556 923 1563 929 ·
1576 911 1613 941 ὧν
1626 915 1656 941 τὺ
1668 915 1717 950 μὲν
1734 916 1812 950 γένος
1825 916 1860 942 τά

231 968 326 1003 plianti
346 969 474 996 dicuntur
497 977 504 995 :
527 969 598 1003 quod
624 969 775 996 belluarum
802 976 898 1004 genus,
921 973 1018 997 caatera

231 1015 341 1050 quidem
359 1014 408 1042 bos
424 1019 465 1042 est
482 1015 618 1042 maximus
631 1034 638 1046 ,
663 1014 739 1042 corio
763 1019 853 1042 autem
875 1020 903 1042 et
925 1015 1017 1043 colore

231 1061 302 1088 cutis
323 1065 350 1088 et
361 1060 545 1095 magnitudine
566 1060 651 1087 ferme
667 1060 790 1095 elephas.
806 1059 862 1088 Hoc
874 1061 946 1088 enim
961 1062 1019 1088 ani-

232 1107 287 1135 mal
301 1108 358 1142 ipse
368 1107 434 1137 vidi,
449 1114 511 1133 cum
530 1106 562 1133 ad
585 1105 724 1133 Romanos
739 1106 858 1133 delatum
876 1111 964 1134 esset:
979 1106 1020 1133 id-

232 1162 285 1187 que
298 1153 371 1189 quod
383 1153 436 1180 vidi
453 1153 552 1180 scribo.
570 1151 640 1180 Sunt
655 1157 784 1187 praeterea
800 1153 872 1188 apud
885 1153 946 1180 illos
957 1154 1019 1180 dra-

232 1207 325 1232 cones,
346 1199 527 1227 crassitudine
541 1199 651 1233 quidem
671 1198 794 1226 trabibus
807 1199 925 1234 aequales
937 1208 945 1228 :
958 1199 1020 1226 lon-

231 1246 355 1280 gitudine
369 1253 432 1272 vero
443 1245 476 1272 ad
491 1244 645 1280 quindecim
662 1252 748 1279 usque
759 1245 867 1280 orgyias
879 1246 999 1280 protensi
1011 1255 1017 1278 ;

232 1299 294 1319 nam
315 1297 342 1318 et
368 1292 465 1318 horum
492 1290 576 1326 pelles
604 1291 638 1318 ad
671 1290 859 1318 Romanorum
890 1291 1019 1318 ditionem

231 1337 349 1371 perlatas
377 1337 442 1364 vidi.
464 1335 623 1363 Munoeeros
652 1335 715 1363 item
744 1336 845 1363 animal
872 1337 945 1371 apud
972 1344 1020 1364 eos

232 1383 364 1414 nascitur,
381 1385 462 1417 caput
480 1381 591 1417 quidem
607 1381 735 1409 draconis
748 1382 861 1415 habens,
876 1382 928 1409 nisi
948 1383 1019 1417 quod

231 1434 317 1454 cornu
341 1427 502 1459 ﬂexuosum,
525 1434 579 1454 non
599 1426 636 1453 ita
656 1434 784 1461 magnum
803 1427 829 1454 ei
847 1427 1018 1460 innascitur;

232 1477 352 1500 utentum
382 1473 442 1507 ejus
474 1473 610 1507 integrum
643 1473 728 1500 barba
761 1474 886 1500 vestitur.
922 1474 1020 1501 Qervix

232 1519 312 1553 longa
333 1519 359 1546 in
381 1518 496 1546 sublime
526 1523 666 1553 protensa.
694 1519 728 1546 ad
758 1519 886 1546 draconis
914 1524 1020 1547 tractus

230 1565 434 1592 similitudinem
461 1565 582 1599 proxime
609 1565 751 1592 accedens.
786 1564 929 1599 Reliquum
958 1573 1020 1592 cor-

1071 958 1120 994 μὲν
1132 959 1199 986 ἄλλα
1210 960 1299 986 πάντα
1314 959 1376 994 βοῦς
1401 961 1460 986 ἐστι
1483 961 1624 995 μέγιστος·
1640 962 1689 996 τὴν
1707 961 1735 988 δὲ
1756 962 1860 998 βύρσαν

1069 1005 1116 1031 καὶ
1129 1005 1158 1031 τὸ
1173 1005 1272 1040 χρῶμα
1286 1005 1384 1040 ἐλέφας
1400 1006 1447 1032 καὶ
1457 1006 1550 1041 σχεδον
1568 1007 1654 1033 εἰπεῖν
1671 1008 1718 1034 καὶ
1734 1007 1763 1034 τὸ
1775 1008 1858 1042 μέγε-

1069 1050 1124 1082 θος.
1138 1051 1193 1077 Καὶ
1206 1051 1261 1087 γὰρ
1272 1052 1311 1083 εἰς
1330 1051 1481 1086 Ῥωμαίους
1501 1052 1630 1087 κομισθὲν
1643 1053 1674 1079 τὸ
1689 1052 1758 1084 ζῶον
1782 1053 1860 1080 ἐθεα-

1070 1096 1174 1132 σάμην·
1196 1097 1288 1124 καὶτὸ
1309 1097 1397 1133 θέαμα
1419 1098 1526 1133 γράφω.
1549 1098 1630 1125 Ἀλλὰ
1643 1099 1690 1125 καὶ
1714 1099 1862 1135 δράκοντες

1070 1143 1098 1168 ὲν
1112 1143 1217 1175 τούτοις
1232 1143 1297 1176 εἰσὶ,
1311 1144 1396 1178 πάχος
1406 1143 1456 1178 μὲν
1470 1143 1555 1170 δοκῶν
1567 1145 1617 1171 οὐκ
1628 1144 1755 1176 ἐλάττους
1764 1153 1770 1160 ·
1787 1144 1817 1171 τὸ
1830 1145 1861 1171 δὲ

1071 1189 1158 1224 μῆκος
1182 1190 1222 1220 είς
1250 1189 1398 1216 δεκαπέντε
1418 1190 1647 1226 παρατεινόμενον
1671 1191 1787 1227 ὀργυιάς
1804 1191 1863 1226 (α)δ

1070 1236 1117 1262 καὶ
1133 1235 1187 1270 γὰρ
1196 1235 1357 1262 καὶτούτων
1365 1236 1413 1268 τὰς
1422 1237 1503 1272 δορὰς
1514 1238 1552 1269 εις
1565 1237 1716 1272 Ῥωμαίους
1727 1239 1864 1275 ἀποκομι-

1071 1280 1180 1312 σθείσας
1194 1278 1274 1309 εἶδον.
1290 1281 1324 1308 '0
1335 1290 1364 1308 τε
1386 1282 1541 1318 μονόκερως
1556 1283 1586 1309 τὸ
1606 1283 1675 1316 ζῶον
1691 1285 1755 1320 παρ’
1769 1285 1864 1318 αὐτοῖς

1072 1327 1140 1356 ἐστι,
1157 1325 1206 1361 τὴν
1229 1326 1278 1361 μὲν
1300 1326 1421 1363 κεφαλὴν
1441 1327 1588 1362 δράκοντος
1604 1328 1705 1366 φέρων,
1728 1330 1812 1367 κέρας
1829 1331 1862 1358 δὲ

1072 1371 1181 1398 σκολιὸν
1195 1372 1270 1408 αὐτῷ
1285 1373 1418 1407 πέφυκεν,
1439 1373 1498 1400 οὔτι
1521 1373 1624 1409 σφόδρα
1639 1375 1710 1409 μέγα
1720 1383 1726 1391 ·
1743 1377 1756 1402 ὁ
1771 1376 1800 1402 δὲ
1813 1377 1866 1403 ἀν-

1071 1416 1172 1452 θερεὼν
1183 1417 1257 1453 αὑτῷ
1271 1417 1400 1452 πώγωνος
1413 1419 1622 1454 ὑποπίμπλαται
1646 1421 1729 1453 ἄπας.
1749 1422 1866 1458 Μακρὸς

1070 1462 1099 1489 δὲ
1110 1464 1124 1489 ὁ
1140 1463 1273 1499 τράχηλος
1288 1465 1328 1495 εἰς
1343 1463 1409 1498 ὕψος
1424 1460 1643 1501 ἀνατεινόμενος,
1663 1466 1736 1502 ὁλκῷ
1749 1468 1866 1503 δράκον-

1070 1516 1117 1540 τος
1129 1508 1266 1542 ἐγγύτατα
1281 1509 1482 1545 παραπλήσιος.
1500 1511 1537 1537 Τὸ
1551 1511 1580 1538 δὲ
1594 1512 1659 1538 ἄλλο
1676 1512 1757 1548 σῶμα
1769 1513 1865 1550 ἐλάφῳ

1072 1554 1216 1589 προσέοικε
1235 1555 1351 1590 μᾶλλον·
1368 1556 1431 1587 τοὺς
1451 1556 1479 1583 δὲ
1500 1557 1585 1589 πόδας
1604 1558 1709 1591 λέοντος
1726 1559 1800 1594 ἔχει’
1814 1561 1866 1586 καὶ

462 1585 582 1599 γ..,......ν
609 1585 751 1592 “esse”...
786 1585 929 1599 ..c...,.......
958 1585 1000 1592 .,.,.

230 1618 282 1644 pus
302 1610 374 1637 cervi
393 1609 482 1645 potius
503 1609 710 1637 similitudinem
727 1609 811 1637 refert
827 1619 833 1637 :
848 1612 930 1645 pedes
956 1618 1018 1637 vero

1072 1598 1128 1625 ἐστι
1147 1607 1179 1634 γε
1193 1599 1276 1626 αὐτοῦ
1292 1599 1323 1626 τὺ
1344 1600 1496 1636 ὲκτύπωμα
1519 1602 1586 1637 ὀρᾷν
1605 1603 1634 1628 ὲν
1655 1604 1866 1632 Κωνσταντίνου

230 1656 317 1684 leonis
344 1655 441 1688 habet;
465 1655 525 1690 ejus
560 1655 674 1691 efﬁgiem
704 1655 942 1690 Constantinopoli
971 1655 1019 1683 dc-

231 1702 330 1735 pictam
357 1700 421 1728 licet
454 1707 575 1727 cernere.
609 1700 662 1727 Sed
682 1704 709 1727 et
741 1700 965 1735 camelopardalis
992 1701 1020 1728 in

230 1747 324 1773 eadem
342 1746 453 1780 regione
473 1746 604 1773 nascitur.
621 1745 688 1778 Quae
707 1751 804 1773 caatera
831 1746 938 1781 quidem
961 1754 1020 1774 cer-

231 1800 281 1818 vus
300 1797 341 1818 est
363 1792 515 1824 maximus;
534 1792 698 1826 proceritate
713 1799 778 1818 vero
795 1792 892 1819 cameli
920 1799 1020 1826 corpus

230 1837 338 1864 videtur
354 1837 473 1870 imitari;
501 1837 600 1864 collum
621 1837 730 1872 quidem
752 1837 952 1872 longissimum,
970 1846 1020 1866 nec

231 1881 327 1916 reliqui
363 1881 487 1916 corporis
513 1881 683 1916 proportioni
715 1881 896 1916 respondens,
918 1882 944 1908 in
971 1890 1018 1909 su-

231 1927 314 1954 blime
342 1932 462 1954 erectum
486 1931 590 1962 gestat;
616 1927 695 1962 pellis
717 1932 807 1954 autem
834 1932 888 1955 tota
909 1936 924 1955 a
942 1936 1018 1955 sunt-

231 1981 276 1999 l|l0
305 1974 406 2001 vertice
432 1981 519 2008 usque
544 1974 577 2001 ad
603 1973 673 2000 imos
702 1974 795 2007 pedes,
828 1974 957 2001 varietate
982 1974 1019 2000 si-

231 2019 344 2045 millima
360 2023 401 2046 est
425 2019 509 2054 pardo
523 2027 530 2051 ;
542 2019 624 2054 pedes
640 2019 804 2051 anteriores,
823 2019 1019 2054 posterioribus

230 2064 342 2092 altiores
363 2065 452 2092 liabet.
467 2064 515 2092 Est
537 2065 618 2092 etiam
640 2065 712 2099 apud
736 2065 798 2092 illos
823 2065 1018 2100 aegopitbecus.

231 2111 318 2138 simiae
331 2118 416 2146 genus
432 2111 569 2145 quoddam
583 2120 590 2138 :
611 2111 729 2145 plurima
750 2111 822 2138 enim
840 2116 904 2138 sunt
920 2119 1018 2146 genera

231 2156 384 2184 simiarum.
401 2156 468 2184 Nam
484 2162 510 2185 et
522 2157 689 2192 arcopitbcci
705 2162 770 2184 sunt
784 2162 811 2184 et
826 2158 1018 2192 leontopitlteci

230 2207 257 2230 et
274 2203 461 2238 cynocephali,
478 2203 539 2230 aliis
560 2208 643 2238 atque
666 2203 727 2230 aliis
747 2203 906 2230 animalium
924 2203 1018 2231 formis

230 2248 411 2283 permiscente
435 2255 464 2275 se
481 2248 623 2275 simiarum
640 2248 738 2282 ﬁgura.
755 2246 840 2282 quue
855 2251 968 2282 apparet
983 2255 1016 2273 ετ

230 2292 324 2320 multis
339 2292 497 2327 huiusmodi
517 2293 611 2319 bestiis
628 2300 689 2327 quae
712 2292 745 2319 ad
769 2300 819 2319 nos
843 2296 1019 2326 comportan-

231 2343 297 2365 tur:
315 2338 468 2372 cujusmodi
486 2338 567 2364 etiam
591 2343 633 2365 est
652 2338 675 2365 is
697 2337 744 2372 qui
766 2345 818 2372 pan
839 2342 961 2368 vocatur,
978 2345 1020 2364 ca-

231 2386 297 2418 pite,
317 2384 403 2415 vultu,
422 2387 450 2410 et
465 2383 596 2410 cornibus
614 2391 724 2418 capram
741 2383 873 2414 referens,
891 2385 925 2410 ab
937 2384 1019 2412 ilibus

229 2431 358 2458 deorsum
376 2437 472 2457 versus
486 2429 606 2464 caprinis
622 2429 749 2456 cruribus
766 2429 912 2462 insistens;
927 2435 1020 2456 ventre

1072 1644 1158 1672 πόλει.
1182 1644 1238 1671 Καὶ
1261 1644 1293 1680 δὴ
1316 1645 1363 1671 καὶ
1385 1647 1401 1681 ή
1424 1647 1663 1683 καμηλοπάρδαλις
1683 1649 1731 1684 τῆς
1754 1650 1868 1685 ἐκείνης

1070 1691 1192 1726 γέννημα
1214 1691 1316 1726 χώρας.
1341 1693 1375 1718 Ἣ
1402 1693 1435 1718 τὰ
1461 1693 1509 1728 μὲν
1533 1693 1602 1720 ἄλλα
1622 1694 1719 1728 ἕλαφός
1738 1696 1795 1721 ἐστι
1815 1704 1867 1731 με·

1071 1739 1149 1775 γίστη
1160 1747 1167 1753 ·
1184 1739 1307 1775 καμήλου
1320 1739 1349 1766 δὲ
1361 1739 1428 1774 ὕψος
1440 1740 1552 1767 ἐνέδωκε
1567 1741 1597 1767 τὸ
1613 1741 1692 1777 σῶμα
1706 1742 1865 1777 μιμεῖσθαι·

1069 1784 1114 1811 τὸν
1137 1785 1227 1820 μέντοι
1251 1785 1351 1820 αὐχένα
1373 1786 1503 1820 μήκιστον
1515 1807 1522 1818 ,
1548 1787 1594 1813 καὶ
1611 1787 1682 1822 ὑπὲρ
1700 1787 1748 1823 τὴν
1767 1787 1868 1814 ἀναλο-

1069 1831 1131 1865 γίαν
1144 1831 1190 1857 τοῦ
1207 1831 1300 1858 λοιποῦ
1316 1831 1441 1866 σώματος
1456 1832 1533 1868 φέρει
1548 1834 1589 1865 είς
1609 1833 1676 1868 ὕψος
1695 1835 1868 1870 ἀνορθούμε-

1069 1885 1114 1903 νον
1123 1885 1129 1892 ·
1148 1877 1215 1904 ἀλλὰ
1227 1878 1275 1904 καὶ
1284 1877 1333 1913 τὴν
1348 1878 1429 1913 δορὰν
1446 1879 1555 1906 ἃπασαν
1575 1880 1628 1906 ἀπὸ
1641 1881 1763 1916 κεφαλῆς
1773 1882 1868 1916 ἄκρας

1069 1924 1122 1956 ἕως
1136 1925 1259 1960 ἐσχάτων
1284 1925 1373 1952 ποδῶν
1397 1925 1530 1961 παρδάλει
1561 1927 1679 1962 μάλιστα
1701 1928 1750 1963 τὴν
1771 1937 1868 1955 ποικι-

1069 1969 1129 1998 λίαν
1142 1971 1198 2006 (66)
1213 1971 1456 2007 προσφερεστάτην
1473 1972 1545 2007 ἔχει’
1565 1975 1613 2000 καὶ
1627 1974 1690 2006 τοὺς
1707 1973 1871 2010 ἔμπροσθεν

1070 2017 1152 2048 πόδας
1169 2017 1354 2052 ὑψηλοτάτους
1371 2018 1425 2044 τῶν
1444 2019 1542 2046 ὀπίσω.
1566 2020 1634 2055 Παρ*
1647 2021 1738 2052 αὐτοῖς
1757 2021 1786 2047 δέ
1806 2022 1872 2048 ἐστι

1069 2063 1116 2089 καὶ
1129 2063 1143 2089 6
1154 2062 1301 2098 λεγόμενος
1317 2063 1506 2098 αἱγοπίϐηκος,
1520 2065 1636 2100 πίθηκός
1652 2074 1695 2096 τις
1706 2065 1743 2091 ὢν
1752 2074 1758 2081 ·
1779 2066 1873 2102 μυρία.

1069 2108 1123 2143 γάρ
1138 2109 1196 2135 ἐστι
1211 2108 1277 2144 γένη
1297 2109 1433 2144 πιθήκων.
1460 2111 1652 2146 Ἀρκοπίθηκοι
1674 2111 1728 2147 γάρ
1753 2112 1822 2138 εἰσιν
1835 2113 1873 2139 ὲν

1069 2155 1172 2187 αὐτοῖς,
1199 2156 1246 2182 καὶ
1276 2154 1488 2191 λεοντοπίθηκοι,
1517 2157 1563 2182 καὶ
1593 2157 1791 2190 κυνοκέφαλοι·
1816 2157 1873 2184 καὶ

1069 2199 1162 2231 ἄλλαις
1180 2200 1286 2226 πολλῶν
1301 2199 1379 2232 ζώων
1393 2201 1492 2232 εἰδέαις
1504 2201 1560 2236 (67)
1575 2202 1626 2236 τῆς
1640 2202 1785 2238 πιθηχείας
1797 2212 1876 2238 μορ-

1072 2245 1126 2279 φῆς
1144 2245 1371 2281 ὲπιμιγνυμένης.
1386 2248 1441 2273 Καὶ
1457 2247 1537 2281 δῆλον
1557 2247 1645 2274 ταῦτά
1665 2249 1736 2280 ἐστι,
1758 2248 1875 2276 πολλῶν

1073 2292 1112 2322 εἰς
1129 2291 1203 2326 ἡμᾶς
1230 2292 1436 2328 κομιζομένων·
1457 2291 1512 2325 οἷος
1528 2293 1560 2329 δὴ
1576 2295 1622 2320 καὶ
1645 2294 1660 2320 ὁ
1681 2295 1734 2321 πὰν
1750 2295 1876 2331 ἐπικλη-

1073 2337 1128 2368 θεὶς
1145 2337 1272 2373 ὑπάρχει,
1294 2339 1323 2370 ὃς
1347 2338 1396 2374 τὴν
1424 2340 1544 2376 κεφαλὴν
1570 2340 1779 2375 αἰγοπρόσωπός
1805 2342 1876 2368 ἐστι

1073 2383 1119 2409 καὶ
1137 2384 1298 2419 αἰγόκερως,
1314 2386 1362 2412 καὶ
1382 2387 1414 2412 ὲκ
1433 2386 1553 2420 λαγόνων
1579 2387 1613 2413 τὰ
1637 2387 1713 2413 κάτω
1736 2388 1878 2421 αἱγοσκε-

1072 2428 1131 2464 λὴς,
1149 2430 1199 2465 τὴν
1219 2430 1248 2457 δὲ
1268 2431 1372 2458 κοιλίαν
1389 2433 1436 2459 καὶ
1456 2432 1486 2458 τὸ
1508 2433 1616 2467 στέρνον
1635 2433 1684 2459 καὶ
1700 2432 1749 2464 τὰς
1769 2434 1879 2468 χεῖρας

847 2515 969 2537 VALESII
987 2515 1226 2538 ANNOTATIONES

268 2583 409 2622 (βω-Τὴν
436 2579 733 2622 ποικιλίανκξῐοιιιθιῃ
759 2579 878 2622 scribere
902 2579 935 2622 τῇ
954 2586 1020 2622 ,ποι-

228 2613 412 2682 τιλξὲιίΡουῖο
432 2622 493 2653 post
510 2618 591 2644 etiam
608 2615 792 2650 ὑψηλοτέρους
807 2614 866 2648 [ego
884 2621 932 2648 pro
951 2613 1021 2648 ὑψη-

229 2664 274 2682 Λοτ
296 2663 367 2687 τους.

1111 2578 1167 2612 (67)
1185 2578 1239 2605 Καὶ
1252 2578 1361 2611 ἄλλαις
1376 2579 1500 2606 πολλῶν
1514 2579 1594 2612 ζώων
1606 2580 1724 2613 εὶδέαις.
1741 2579 1800 2607 Non
1814 2581 1880 2608 du-

1075 2613 1132 2640 bito
1146 2614 1212 2648 qttin
1229 2614 1401 2641 scribendum
1418 2615 1464 2647 sit,
1478 2614 1571 2646 ἄλλαις
1587 2616 1633 2641 καὶ
1647 2616 1742 2647 ἄλλαις
1756 2616 1881 2644 πολλῶν

1076 2647 1280 2680 ζὼωνείδὲαις.
1298 2648 1324 2676 ld
1341 2649 1413 2676 enim
1432 2650 1510 2684 longe
1521 2650 1683 2685 elegantius.

965 2713 1130 2736 VARIORUM
1135 2729 1141 2735 .

266 2784 304 2818 (α)
329 2782 475 2817 Ὀργυιάς.
501 2781 597 2817 Orgyia
620 2787 754 2818 mensura.
780 2786 865 2818 genus
883 2783 941 2818 est“.
961 2785 1016 2818 __sex

230 2813 499 2852 cnt‘itiuens'pedes:
523 2813 614 2843 ulnam
640 2814 727 2841 Latini
753 2814 897 2854 appellant:
920 2813 1017 2854 Pollux

229 2854 341 2887 exponit
357 2849 475 2887 spatium
496 2856 627 2889 quantum
646 2849 910 2889 protensaﬂhominis
931 2849 1018 2889 utrin-

231 2883 284 2924 que
296 2883 417 2922 brachia,
436 2888 469 2914 ab
489 2883 573 2915 altero
594 2891 701 2913 summo
719 2883 807 2911 medio
828 2884 912 2918 digito
926 2884 959 2910 ad
973 2883 1013 2909 al-

1074 2784 1160 2816 terum
1177 2780 1287 2816 trajecta
1303 2787 1350 2814 per
1363 2785 1456 2816 peetus
1469 2780 1640 2815 longitudine
1655 2784 1756 2816 patent.
1775 2781 1806 2807 El
1823 2781 1883 2808 sic

1071 2813 1311 2850 lto-re‘scholiasLes
1334 2813 1550 2849 iu'0ppiaimrii:
1576 2813 1707 2850 Ὀργυιὰ,
1734 2815 1790 2842 ἀπὸ
1819 2817 1884 2842 τοῦ

1070 2848 1164 2889 ςρούω
1173 2850 1203 2876 τὸ
1217 2850 1312 2889 ῥρμῶ,-
1322 2850 1367 2877 καὶ
1382 2842 1429 2877 τόῧ
1440 2850 1553 2888 reici-‘1)
1569 2842 1644 2887 χείρ’·
1657 2852 1673 2886 ἡ
1690 2842 1744 2878 τ’ῶν
1763 2851 1887 2886 χειρῶν

1068 2883 1177 2914 Ezram;
1191 2883 1238 2910 καῖ
1251 2883 1347 2920 ὄρεξις.
