1978 3075
111 174 165 203 ιοπ

625 176 903 205 ECCLESIASTICE
922 177 1094 207 HISTORUE
1115 180 1178 209 LIB.
1194 181 1238 208 nr.

1679 185 1734 213 493'

111 233 231 269 καθαρὸς
253 233 377 269 πίθηκος.
404 235 451 260 Ὃν
473 235 520 261 καὶ
540 235 554 260 ὀ
576 235 629 262 τῶν
659 235 747 262 Ἰνδῶν
771 235 893 270 βασιλεὺς

947 245 1011 265 vero
1031 243 1057 266 et
1080 244 1189 274 pectore
1212 248 1244 268 ac
1269 240 1405 272 manibus,
1426 248 1518 268 merus
1540 241 1647 270 simius.
1675 242 1731 270 Hoc

112 279 292 315 Κωνσταντίῳ
312 280 484 307 ἀπεστάλκει.
503 280 588 307 Τοῦτο
605 281 633 307 δὲ
654 281 684 307 τὸ
699 281 766 313 ζῶον
781 281 828 316 ἔζη
848 281 897 316 μὲν

112 327 260 362 φερόμενον
278 327 341 362 ἄχρι
358 328 439 359 τινὸς,
460 327 489 354 ἐν
511 337 562 355 τινι
578 329 713 364 πλέγματι
733 329 776 355 διὰ
798 329 829 355 τὸ
849 329 898 364 θη-

76 392 78 395 .
111 371 207 407 ριῶδες
218 372 370 406 εἰργμένον.
392 373 467 398 Ἐπεὶ
484 372 512 398 δὲ
531 373 659 405 ἀπέθανε,
688 373 897 409 ταριχεύσαντες

110 418 177 444 αὐτὸ
195 419 219 444 οἱ
240 418 406 453 κομίζοντες,
427 419 560 454 θεάματος
578 421 729 455 παρασχεῖν
746 422 896 457 ἀσυνήθους

110 464 214 495 εἰκόνα,
231 465 310 500 μέχρι
325 465 373 498 τῆς
389 465 592 492 Κωνσταντίνου
607 466 770 493 διεσώσαντο
781 467 894 500 πόλεως.

111 510 167 536 Καί
178 518 224 545 μοι
239 510 346 537 δοκοῦσι
359 511 390 537 τὸ
404 511 472 542 ζῶον
486 511 564 538 τοῦτο
580 512 709 547 ’Έλληνες
723 513 806 540 πάλαι
822 513 894 545 ἰδεῖν,

111 556 160 582 καὶ
178 556 359 590 ἐκπλαγέντες
367 557 405 592 τῷ
415 558 482 593 ξένῳ
492 558 541 593 τῆς
556 558 619 590 θέας
627 578 634 590 ,
650 558 710 585 θεὸν
727 559 817 593 σφίσιν
825 560 897 594 νομί-

112 610 168 635 σαι,
181 602 333 638 εἰθισμένον
347 603 438 635 αὐτοῖς
452 603 485 630 τὰ
500 603 638 639 παράδοξα
652 603 793 637 θεοποιεῖν,
802 605 896 640 ὥσπερ

112 648 219 675 καὶτὸν
236 649 366 684 σάτυρον·
384 649 442 676 ἔστι
458 650 486 676 δὲ
509 650 555 676 καὶ
579 650 657 677 τοῦτο
685 651 810 686 πίθηκος,
831 653 895 687 ἐρυ-

111 693 175 729 θρὸς
189 694 220 721 τὸ
238 694 391 730 πρόσωπον,
409 696 456 721 καὶ
472 696 569 731 γοργὸς
585 696 633 731 τὴν
655 696 771 732 κίνησιν,
785 697 833 724 καὶ
849 698 894 724 οὒ-

111 740 162 775 ρὰν
181 739 260 775 ἔχων.
279 740 334 766 Καὶ
357 740 409 776 μὴν
429 741 475 767 καὶ
496 742 512 776 ή
535 742 616 776 σφὶγξ
635 742 712 776 γένος
736 743 793 769 ἐστὶ
813 743 894 778 πιθή-

110 793 182 812 κων·
197 786 263 812 αὺτὸ
276 786 331 821 γὰρ
346 786 513 822 θεασάμενος
527 788 635 822 γράφω.
653 785 708 820 *Ης
721 788 751 815 τὸ
769 789 818 824 μὲν
831 789 896 816 ἄλλο

110 831 190 866 σῶμα
203 832 294 859 λάσιόν
310 833 367 859 ἐστι
386 833 424 864 ὡς
447 834 502 865 τοῖς
522 833 625 866 λοιποῖς
649 834 793 869 πιθήκοις’
815 835 845 862 τδ
866 835 895 862 δὲ

110 877 221 913 στέρνον
231 878 295 914 ἄχρι
311 887 343 912 γε
361 878 443 905 αὑτοῦ
458 878 504 905 τοῦ
521 879 655 915 τραχήλου
674 879 802 914 ὲψίλωται
814 888 821 895 ο
843 889 895 915 μα-

947 284 1046 311 animal
1072 293 1119 313 rex
1140 286 1266 313 Indorum
1292 286 1365 314 dono
1385 287 1459 314 misit
1475 287 1510 314 ad
1534 288 1730 322 imperatorem

945 329 1145 359 Constantium.
1164 332 1237 360 Vixit
1248 337 1337 360 autem
1354 333 1521 368 aliquandiu,
1534 341 1595 361 cum
1608 335 1634 361 in
1648 343 1730 363 cavea

946 376 1063 409 quadam
1076 377 1210 405 inclusum
1220 379 1254 406 ob
1267 379 1432 408 ferocitatem
1444 380 1569 409 ferretur.
1581 381 1730 415 PGstquam

947 427 1037 449 autem
1061 430 1198 451 mortuum
1222 431 1274 459 est,
1299 426 1326 453 hi
1340 428 1386 462 qui
1400 427 1465 455 illud
1488 428 1646 459 efferebant,
1672 428 1739 455 sale~

946 467 1119 501 condierunt,
1140 471 1242 498 insoliti
1258 473 1403 506 spectaculi
1421 474 1574 501 ostentandi
1594 481 1689 506 causa,
1702 478 1730 500 et

946 511 1209 549 Constantinopolim
1238 525 1325 552 usque
1350 518 1484 553 integrum
1511 524 1662 546 servarunt.
1690 519 1729 544 Ac

946 558 1012 585 mihi
1030 560 1138 594 quidem
1167 561 1294 590 videntur
1321 562 1407 592 Graeci
1433 565 1505 592 istud
1533 564 1634 592 animal
1662 564 1728 592 olim

945 605 1057 637 vidisse,
1079 611 1106 633 et
1122 608 1269 642 spectaculi
1291 610 1410 636 novitate
1431 610 1622 645 obstupefacti,
1647 610 1728 637 deum

946 651 997 678 sibi
1011 651 1131 685 ﬁnxisse,
1147 661 1209 680 cum
1225 654 1344 681 solemne
1361 655 1401 682 eis
1421 661 1502 688 esset,
1524 664 1556 683 ex
1574 656 1655 683 rebus
1670 660 1728 683 stu-

946 697 1040 730 pendis
1065 702 1146 732 atque
1167 699 1334 728 admirandis
1349 701 1415 729 deos
1431 701 1530 734 facere,
1552 702 1731 736 quemadmo-

945 741 1010 768 dum
1024 742 1105 769 etiam
1125 742 1247 771 fecerunt
1261 744 1288 771 in
1304 750 1412 781 satyro;
1433 754 1496 774 nam
1520 750 1546 774 et
1569 747 1614 774 hic
1630 747 1738 775 simius.

945 792 997 819 est,
1017 787 1084 815 facie
1103 789 1196 820 ruber,
1208 793 1284 816 motu
1299 791 1434 823 concitus,
1451 795 1478 819 et
1487 791 1601 819 caudam
1615 792 1726 819 habens.

946 832 998 859 Sed
1015 838 1041 860 et
1056 833 1156 868 sphinx
1187 835 1273 862 simia:
1299 843 1385 871 genus
1404 842 1464 870 est;
1487 837 1514 865 id
1541 837 1613 864 enim
1644 841 1729 865 testor

945 878 1017 912 quod
1034 878 1092 913 ipse
1104 879 1168 906 vidi.
1185 879 1270 914 Cujus
1279 881 1414 916 reliquum
1429 882 1538 917 quidem
1556 890 1655 917 corpus
1670 882 1729 909 hir—

109 924 173 956 ζοὺς
189 924 218 950 δὲ
239 924 367 959 γυναικὸς
383 924 449 959 ἔχει,
467 924 582 961 ἐρυθροῦ
606 934 678 957 τινος
700 926 815 962 βραχέος
829 935 893 961 κεγ-

945 928 1037 950 sutum
1063 928 1115 957 est,
1139 924 1210 952 sicut
1235 926 1341 953 caeteris
1369 927 1474 959 simiis;
1491 932 1585 961 pectus
1607 935 1671 955 vero
1695 928 1728 954 ad

108 969 248 1005 χροειδοῦς
267 971 492 1006 ὲπαναστήματος
511 971 583 998 ἅπαν
599 972 628 999 ἐν
649 971 741 1007 κύκλῳ
759 972 790 999 τὺ
812 981 893 1007 γεγυ-

110 1015 251 1052 μνωμένον
266 1016 314 1042 τοῦ
329 1015 456 1051 σώματος
471 1017 653 1053 περιθέοντος,
674 1019 722 1045 καὶ
739 1019 779 1050 εις
793 1018 893 1054 πολλήν

107 1070 170 1089 τινα
193 1061 359 1098 εὐπρέπειαν
385 1062 593 1098 ἀνθρωποφανεῖ
615 1063 671 1090 ὄντι
699 1063 738 1100 τῷ
761 1065 790 1091 ὲν
818 1065 893 1100 μέσῳ

107 1108 250 1143 χρώματι,
298 1109 549 1144 συναρμοζομὲνου·
580 1110 641 1136 τότε
673 1110 817 1145 πρόσωπον
850 1111 894 1137 ὲν-

108 1153 328 1190 εστρογγύλωται
343 1154 452 1189 μᾶλλον,
467 1155 513 1182 καὶ
527 1156 565 1186 είς
580 1156 736 1190 γυναικείαν
745 1155 818 1182 ἕλκει
828 1165 894 1192 μορ-

108 1201 175 1236 φήν·
194 1200 212 1235 ἥ
228 1209 258 1227 τε
273 1201 349 1236 φωνὴ
368 1201 497 1233 ἐπιεικῶς
527 1201 701 1237 ἀνθρωπεία·
732 1203 804 1239 πλὴν
831 1204 893 1230 ὅσον

107 1246 159 1272 οὐκ
176 1247 216 1278 είς
237 1246 324 1282 ἄρθρα
346 1246 531 1283 διαιρουμένη,
553 1247 620 1274 ἀλλά
639 1257 691 1275 τινι
711 1248 826 1284 ταχέως,
847 1250 894 1276 καὶ

107 1289 164 1318 οἷον
180 1293 249 1328 μετά
262 1301 332 1324 τινος
349 1293 434 1328 ὀργῆς
446 1301 475 1319 τε
493 1294 539 1320 καὶ
560 1293 706 1329 ἀχθηδόνος
721 1294 816 1329 ἄσημα
830 1295 895 1322 ὑπο-

108 1337 281 1374 φθεγγομένη
310 1340 485 1374 προσεοικυῖα
520 1339 585 1374 (68).
606 1340 748 1376 Βαρυτέρα
773 1349 802 1367 τε
831 1341 895 1376 μᾶλ-

107 1384 153 1411 λόν
180 1386 252 1411 ἐστιν
273 1385 430 1421 όξυνομένη.
462 1385 573 1421 ’Ᾱγριόν
596 1385 626 1412 τὲ
659 1387 715 1412 ἐστι
747 1386 841 1418 δεινῶς
861 1387 892 1414 τὸ

108 1430 204 1466 θηρίον
229 1431 276 1457 καὶ
299 1431 534 1466 πανουργότατον,
568 1432 615 1458 κο.)⁸
637 1432 697 1458 οὐδὲ
731 1433 830 1468 ῥᾳδίως
858 1442 895 1460 τι-

108 1477 317 1512 θασσευόμενον.
348 1478 456 1514 Ταύτης
485 1480 524 1510 είς
550 1479 641 1514 Θήϐας
674 1489 718 1515 μοι
747 1480 818 1507 δοκῶ
845 1481 894 1513 τὰς

108 1523 238 1554 Βοιωτίας
265 1523 349 1550 πάλαι
378 1524 564 1560 κομισθείσης,
580 1526 626 1552 καί
648 1534 718 1553 τισιν
753 1526 818 1558 ἴσως
841 1527 894 1554 τῶν

108 1570 155 1595 ἐπὶ
167 1570 216 1606 θέᾳ
232 1570 452 1606 συνερρυηκότων
467 1571 661 1607 ὲφαλλομὲνης,
680 1573 726 1599 καὶ
740 1575 796 1604 τοῖς
810 1582 894 1608 προσ-

107 1614 193 1647 ώποις
217 1615 418 1652 λυμηναμένης,
436 1617 520 1644 δεινὸν
540 1619 721 1654 ποιησάμενος
738 1619 751 1645 ὁ
766 1619 894 1652 Οἰδίπους

107 1661 158 1693 τὰς
177 1661 231 1688 τῶν
252 1662 395 1698 ὁμοφύλων
417 1663 516 1696 λώῦας,
545 1665 742 1699 καταφονεῦσαι
764 1666 795 1693 τὸ
813 1666 892 1699 ζῶον,

107 1705 157 1731 καὶ
171 1705 255 1741 ὄνομα
267 1706 392 1742 λαμπρὸν
406 1708 511 1735 ἐκεῖθεν
530 1708 631 1736 λαϐεῖν.
645 1710 700 1736 Καὶ
717 1710 798 1737 αὑτὸν
812 1712 826 1737 ὁ
842 1711 893 1746 μῦ-

108 1749 155 1781 Θος
171 1751 211 1783 είς
229 1751 354 1787 ἀνδρείαν
371 1753 491 1788 κοσμῶν,
515 1754 666 1790 ὑπόπτερον
689 1755 738 1790 μὲν
755 1756 783 1782 τὸ
801 1756 894 1791 θηρίον

108 1797 289 1830 ἀναπλάττει,
320 1797 363 1824 διὰ
386 1798 417 1824 τὸ
444 1799 527 1831 ὀξέως
554 1801 707 1836 ὲπιπηδᾷν’
735 1802 844 1838 στέρνον
864 1802 894 1828 δὲ

108 1841 238 1875 γυναικὸς
255 1843 434 1878 ἑφαρμόττει,
451 1845 497 1870 καὶ
511 1844 542 1871 τὸ
560 1845 638 1881 σῶμα
657 1846 778 1878 λέοντος·
800 1855 894 1881 γυναι-

108 1888 158 1920 κὸς
172 1888 230 1923 μὲν,
242 1888 285 1915 διὰ
297 1889 327 1915 τὺ
343 1890 487 1926 πρόχειρον
500 1891 550 1925 τῆς
563 1900 596 1925 γυ
601 1891 738 1926 μνώσεως,
762 1893 808 1919 καὶ
826 1893 895 1928 πρὸς

107 1933 140 1960 τὸ
157 1936 312 1968 γυναικεῖον
336 1933 405 1968 εἶδος
426 1935 596 1971 ὁμοιώσεως·
619 1937 722 1969 λέοντος
743 1938 781 1971 δὲ,
804 1938 847 1965 διὰ
865 1939 894 1965 τδ

109 1980 251 2016 θηριῶδες,
278 1982 324 2008 καὶ
339 1982 380 2008 ὅτι
400 1981 471 2008 κατὰ
488 1982 518 2008 τὸ
540 1982 663 2009 πλεῖστον
678 1985 743 2015 ,τοῖς
767 1984 893 2020 τέτταρσι

108 2026 237 2062 τυγχάνει
253 2027 330 2054 ποσὶν
351 2028 525 2064 ἐρειδόμενον.
537 2029 622 2063 Λόγου
637 2029 666 2056 δὲ
679 2030 709 2055 τὸ
722 2029 814 2065 θηρίον
831 2039 894 2066 μετ-

108 2074 195 2100 έδωκε
208 2073 239 2099 τὸ
254 2073 375 2109 πλάσμα,
396 2074 440 2101 διὰ
456 2075 486 2101 τὸ
508 2075 557 2110 τῆς
571 2075 662 2110 φωνῆς
677 2075 874 2111 ἀνθρωποειὸές
885 2085 892 2092 ·

109 2118 324 2153 αίνιγματὼδους
347 2119 385 2151 δὲ,
407 2119 452 2145 διὰ
473 2120 503 2146 τὸ
525 2120 618 2156 ἄσημα
645 2120 820 2155 φθέγγεσθαι.
839 2122 894 2148 Καὶ

110 2164 264 2198 θαυμαστὸν
283 2164 358 2190 οὐδέν
369 2173 377 2180 ·
394 2164 477 2191 πολλά
500 2165 554 2201 γὰρ
567 2167 613 2192 καὶ
628 2166 694 2193 ἄλλα
711 2167 825 2203 σύνηθες
838 2170 894 2201 τοῖς

110 2209 225 2245 Ἕλλησι
242 2210 309 2245 πρὸς
323 2211 354 2237 τὸ
373 2211 493 2246 μυθῶδες
512 2211 690 2239 διαπλάττειν.
711 2214 764 2240 Καὶ
781 2214 848 2249 αὐτὴ
866 2214 893 2241 δὲ

945 970 1079 997 cervicem
1093 977 1178 1005 usque
1198 970 1321 1006 glabrum
1336 976 1391 1005 est;
1412 980 1545 1000 mammas
1564 980 1630 1000 vero
1649 973 1729 1000 habet

944 1015 1079 1048 mulieris,
1099 1020 1242 1051 totumque
1258 1022 1358 1052 corpus
1377 1025 1431 1052 qua
1447 1017 1551 1044 nudum
1571 1024 1624 1049 est,
1644 1018 1728 1045 rubra

945 1061 1068 1095 quaedam
1079 1061 1147 1088 milii
1159 1062 1276 1096 speciem
1288 1062 1408 1090 referens
1422 1063 1580 1095 eminentia,
1595 1063 1623 1090 in
1634 1063 1727 1090 orbem

944 1107 1051 1141 circuit,
1065 1112 1092 1134 et
1106 1108 1226 1135 humano
1250 1108 1335 1136 colori
1354 1109 1424 1136 cutis
1443 1117 1503 1144 quae
1523 1109 1550 1136 in
1571 1110 1661 1138 medio
1676 1115 1727 1143 est,

944 1152 1092 1187 plurimum
1107 1154 1201 1188 gratia:
1217 1158 1244 1181 et
1256 1154 1364 1181 decoris
1381 1154 1469 1182 all‘ert.
1492 1155 1588 1183 Facies
1607 1155 1664 1183 fere
1681 1162 1728 1183 ro—

945 1199 1028 1226 tunda
1049 1204 1100 1232 est,
1119 1204 1147 1227 et
1164 1200 1197 1227 ad
1221 1200 1381 1228 muliebrem
1402 1200 1518 1228 formam
1535 1201 1657 1234 accedit;
1675 1209 1729 1229 vox

945 1247 1072 1272 humanae
1087 1245 1172 1273 ferme
1189 1246 1298 1278 similis,
1315 1247 1367 1274 nisi
1384 1247 1457 1282 quod
1474 1247 1586 1274 minime
1605 1252 1646 1275 est
1661 1247 1727 1274 arti-

945 1291 1046 1322 culata,
1074 1292 1121 1318 sed
1143 1293 1216 1319 velut
1237 1292 1361 1320 mulieris
1385 1293 1540 1328 cujusdam,
1563 1293 1687 1321 celeriter
1703 1298 1730 1321 et

945 1345 1008 1365 cum
1025 1337 1066 1364 ira
1080 1344 1112 1364 ac
1129 1337 1221 1365 dolore
1238 1339 1356 1373 quodam
1376 1340 1456 1366 verba
1472 1339 1585 1367 minime
1604 1339 1729 1368 distincta

945 1382 1118 1418 proferentis.
1142 1382 1239 1411 Gravis
1259 1390 1339 1418 porro
1355 1389 1397 1411 est
1420 1384 1508 1419 magis
1530 1392 1610 1419 quam
1638 1390 1727 1412 acuta.

945 1428 1079 1456 Caeterum
1101 1429 1153 1456 hoc
1170 1428 1272 1455 animal
1288 1428 1375 1456 ferum
1396 1429 1543 1457 admodum
1565 1434 1607 1457 est
1630 1435 1657 1458 et
1680 1439 1728 1458 va-

945 1474 1027 1506 frum,
1053 1482 1103 1502 nec
1130 1474 1209 1502 facile
1238 1475 1414 1502 mansuescit.
1431 1475 1508 1508 Quod
1529 1483 1592 1503 cum
1620 1475 1730 1504 Thebas

946 1521 1041 1547 urbem
1055 1519 1165 1548 Bmotite
1180 1521 1244 1548 olim
1260 1520 1430 1555 deportatum
1445 1520 1553 1553 fuisset,
1568 1526 1595 1548 et
1607 1521 1634 1548 in
1647 1529 1730 1556 quos-

946 1567 1008 1594 dam
1025 1574 1119 1594 eorum
1138 1566 1185 1601 qui
1206 1567 1238 1594 ad
1255 1567 1440 1601 spectaculum
1455 1566 1515 1601 ejus
1531 1567 1732 1599 conﬂuxerant,

924 1619 931 1630 ι
945 1612 1107 1645 insiluisset,
1121 1613 1267 1647 vultusque
1280 1620 1375 1640 eorum
1391 1613 1548 1646 lacerasset,
1559 1613 1680 1648 ()Edipus
1693 1613 1729 1641 ci-

943 1660 1017 1686 vium
1036 1667 1149 1686 suorum
1175 1659 1358 1686 mutilationes
1372 1659 1485 1686 moleste
1499 1658 1600 1691 ferens,
1613 1659 1727 1686 bestiam

944 1704 1099 1732 interfecit:
1116 1709 1198 1739 atque
1211 1713 1244 1731 ex
1258 1713 1289 1732 ea
1303 1713 1343 1737 re,
1358 1709 1388 1732 ut:
1399 1705 1465 1732 mihi
1480 1705 1590 1739 quidem
1604 1705 1724 1736 videtur,

944 1751 1089 1778 maximam
1106 1750 1219 1786 gloriam
1231 1754 1273 1778 est
1287 1755 1461 1779 consecutus.
1475 1751 1608 1778 (laterum
1622 1749 1727 1782 fabula.

944 1802 973 1824 ut
987 1796 1154 1824 fortitudinis
1166 1797 1273 1824 laudem
1289 1797 1415 1824 conciliet
1429 1796 1543 1831 OEdipo,
1558 1796 1646 1831 ipsum
1662 1796 1725 1831 qui-

944 1841 1004 1869 dem
1020 1841 1120 1868 animal
1133 1841 1232 1868 alatum
1248 1841 1336 1874 ﬁnxit,
1354 1846 1497 1876 propterea
1511 1841 1584 1876 quod
1599 1841 1728 1869 velociter

944 1887 1074 1920 insiliret;
1101 1887 1187 1915 eidem
1216 1895 1281 1915 vero
1307 1893 1401 1922 pectus
1428 1887 1551 1915 mulieris
1576 1891 1604 1914 et
1627 1895 1728 1922 corpus

944 1934 1030 1961 leonis
1046 1934 1157 1969 aptavit.
1176 1933 1242 1961 Illud
1263 1934 1372 1969 quidem
1390 1935 1424 1961 ob
1442 1934 1593 1969 expositam
1616 1934 1726 1961 nudita—

944 1983 1009 2012 tem,
1032 1983 1059 2007 et
1081 1980 1115 2007 ob
1139 1979 1280 2007 muliebris
1303 1979 1398 2007 formae
1420 1979 1627 2007 similitudinem
1648 1988 1656 2006 :
1674 1980 1728 2007 hoc

943 2035 1009 2054 vero
1019 2032 1129 2062 propter
1144 2026 1288 2059 feritatem,
1304 2032 1331 2054 et
1353 2026 1426 2061 quod
1447 2030 1477 2053 ut
1496 2026 1641 2061 plurimum
1661 2033 1727 2060 qua—

945 2079 1006 2101 tuor
1022 2073 1137 2107 pedibus
1149 2073 1297 2100 insisteret.
1319 2072 1445 2100 Rationis
1462 2079 1572 2107 quoque
1591 2071 1729 2107 particeps

945 2119 1011 2147 illud
1027 2119 1126 2147 fabula
1141 2120 1246 2146 ﬁnxere
1256 2138 1264 2149 ,
1281 2119 1317 2145 ob
1333 2118 1538 2146 similitudinem
1551 2117 1728 2145 vocishuma<

944 2174 1000 2199 nae;
1020 2165 1163 2200 aenigmata
1182 2172 1247 2192 vero
1274 2165 1307 2191 ab
1330 2164 1424 2191 eodem
1452 2164 1567 2199 proponi
1589 2164 1727 2196 dixerunt,

944 2218 978 2238 eo
995 2211 1067 2246 quod
1086 2211 1193 2245 ignotas
1206 2217 1287 2237 voces
1300 2217 1332 2237 ac
1348 2210 1459 2237 minime
1472 2209 1615 2237 distinctas
1626 2209 1727 2236 ederet.

109 2255 187 2291 χώρα
208 2257 254 2282 καὶ
271 2257 348 2288 ὖνους
366 2257 478 2293 ἀγρίους
500 2258 643 2293 μεγίστους
665 2267 695 2286 τε
720 2260 760 2295 τῷ
782 2261 890 2296 μεγέθει

945 2257 1038 2292 Neque
1060 2265 1125 2284 vero
1149 2257 1176 2284 id
1205 2264 1368 2291 magnopere
1397 2257 1551 2284 mirandum
1584 2259 1643 2288 est,
1665 2263 1727 2282 cum

110 2301 200 2337 φέρει,
216 2303 262 2328 καὶ
281 2303 329 2338 τὴν
349 2303 430 2338 δορὰν
451 2304 521 2330 κατὰ
539 2304 569 2330 τὸ
595 2304 696 2337 ξενίζον
717 2307 893 2343 πεποικιλμέ-

109 2355 182 2378 νους,
197 2347 293 2374 λευκοῦ
318 2348 392 2382 σφίσι
418 2349 464 2374 καὶ
481 2349 594 2383 μέλανος
614 2350 757 2386 χρώματος
772 2352 804 2378 οὐ
823 2352 893 2379 κατὰ

112 2393 210 2428 μικρὸν
235 2394 506 2429 συμποικιλλομένου,
532 2395 600 2422 ἀλλὰ
624 2396 706 2428 ζῶναί
731 2397 804 2429 τινές
824 2399 893 2425 εἰσιν

110 2439 165 2466 ἀπὸ
184 2440 235 2474 τῆς
259 2441 362 2475 ῥάχεως
381 2442 427 2467 ἐπὶ
443 2441 490 2473 τὰς
511 2442 630 2477 πλευρὰς
653 2444 699 2469 καὶ
716 2444 764 2479 τὴν
788 2444 892 2472 κοιλίαν

110 2485 297 2520 καθήκουσαι·
321 2485 368 2512 καὶ
388 2485 503 2512 ἐνταῦθα
524 2486 738 2522 ἐπισχιζόμεναι,
759 2488 805 2514 καὶ
822 2488 894 2515 κατά

107 2540 185 2562 τινας
206 2531 381 2566 περιφερείας
405 2531 531 2566 ἀλλήλαις
556 2532 763 2567 ἐνελιττόμεναι,
789 2533 894 2569 θαυμα-

110 2577 178 2612 στήν
192 2585 252 2603 τινα
266 2578 313 2603 καὶ
333 2577 410 2612 ξένην
433 2577 633 2612 ἀπεργάζονται
653 2578 755 2614 πλοκὴν
772 2581 819 2606 καὶ
834 2589 894 2607 ποι-

108 2623 211 2650 κιλίαν.
233 2623 314 2650 Ἀλλά
336 2631 367 2657 γε
385 2623 417 2658 δὴ
434 2623 480 2650 καὶ
494 2624 508 2650 ὁ
522 2623 618 2658 φοῖνιξ,
633 2623 664 2650 τὸ
678 2624 894 2660 πολυθρὺλλητον

107 2669 222 2705 πτηνὸν,
242 2669 408 2705 παράὐτοῖς
420 2669 547 2704 τυγχάνει
560 2669 708 2704 γινόμενος.
724 2671 779 2698 Καὶ
797 2672 846 2707 μὲν
862 2673 894 2709 δὴ

947 2304 1033 2332 Graeci
1049 2304 1134 2331 multa
1151 2311 1261 2338 quoque
1276 2303 1330 2330 alia
1346 2303 1373 2329 in
1385 2302 1491 2330 fabulas
1513 2302 1619 2329 soleant
1638 2302 1730 2329 detor-

947 2358 1041 2386 quere.
1065 2351 1198 2378 Cteterum
1230 2349 1325 2376 eadem
1355 2348 1428 2384 regio
1457 2348 1509 2375 fert
1532 2348 1612 2375 etiam
1637 2347 1730 2375 asinos

947 2401 1077 2432 agrestes,
1105 2401 1210 2423 statura
1227 2395 1371 2426 maximos,
1387 2399 1414 2422 et
1429 2395 1497 2429 pelle
1513 2395 1612 2421 mirum
1629 2395 1656 2421 in
1671 2401 1731 2421 mo-

947 2444 1011 2471 dum
1029 2443 1176 2476 variegata,
1196 2441 1257 2469 albo
1273 2449 1305 2468 ac
1324 2441 1401 2476 nigro
1425 2440 1515 2468 colore
1537 2440 1588 2467 sibi
1613 2440 1730 2467 invicem

946 2490 1023 2517 valde
1040 2488 1169 2524 permislo
1187 2497 1194 2514 :
1212 2487 1312 2522 quippe
1335 2495 1420 2514 zonas
1434 2487 1565 2522 quasdam
1583 2487 1694 2518 habent,
1715 2495 1730 2514 a

946 2536 1024 2571 spina
1038 2535 1112 2562 dorsi
1128 2535 1159 2562 ad
1180 2535 1263 2561 latera
1281 2538 1309 2562 et
1327 2534 1359 2561 ad
1377 2539 1498 2561 ventrem
1521 2541 1608 2569 usque
1629 2533 1731 2561 demis-

946 2590 1001 2613 sas,
1015 2582 1106 2616 ibique
1125 2580 1239 2612 divisas,
1255 2587 1317 2614 quae
1330 2587 1378 2614 per
1395 2579 1513 2607 circulos
1526 2579 1659 2614 quosdam
1678 2579 1731 2606 sibi

945 2628 1060 2655 invicem
1080 2628 1195 2658 innexae,
1209 2625 1359 2653 mirabilem
1377 2625 1523 2661 quamdam
1547 2630 1680 2655 texturam
1691 2625 1732 2654 ef-

945 2673 1042 2700 ficiunt
1057 2680 1090 2700 ac
1103 2672 1273 2699 varietatem.
1288 2669 1404 2697 Phoenix
1416 2670 1492 2704 item,
1508 2671 1566 2698 avis
1581 2673 1729 2700 munitorum

721 2758 842 2781 VALESII
857 2760 1098 2784 ANNOTATIONES

144 2821 201 2856 (68)
236 2821 507 2855 Ὺτοςρθεγγομένης
535 2822 735 2855 προσεοικυῖα.
763 2823 891 2851 Scriben-

109 2858 172 2884 .1um
187 2860 255 2890 puto
271 2857 507 2891 ὑποφθεγγομένῃ.
523 2856 648 2884 Refertur
664 2857 736 2883 enim
750 2859 783 2885 ad
797 2867 891 2886 vocem

107 2900 168 2928 qua:
180 2892 331 2927 przeccssit,
349 2893 401 2918 τινί
420 2892 531 2919 scilicet.
550 2892 611 2919 Mox
634 2892 775 2927 legendum
797 2894 892 2922 existi-

940 2833 984 2852 mo
997 2825 1148 2862 Bapucspa
1161 2833 1190 2851 τε
1214 2823 1314 2862 μᾶλλόν
1332 2823 1405 2862 ἑστι-ν
1418 2822 1440 2862 ἣ¹
1457 2822 1617 2861 diuvant-Evn,
1638 2823 1732 2862 addito

941 2858 1072 2887 vocabulo
1087 2858 1111 2894 ἦ⁷
1124 2860 1150 2887 id
1167 2865 1207 2888 est
1215 2858 1228 2891 ’,
1262 2859 1315 2885 Vox
1335 2858 1453 2892 splu'ugis
1475 2858 1562 2892 gravis
1580 2858 1663 2894 magis
1690 2865 1732 2887 t'aL

942 2903 1020 2930 quant
1039 2900 1130 2922 acuta.
