1978 3075
202 155 254 183 699

892 155 1136 184 PHILOSTORGH

1782 154 1840 184 500

200 217 328 240 sermone
347 211 492 244 celebrata,
508 212 580 247 apud
607 220 654 240 eos
679 213 812 241 nascitur.
841 213 991 241 Psittacum

1046 212 1092 239 καὶ
1107 212 1156 247 τὴν
1173 211 1288 247 σιτάκην
1307 211 1415 238 ἐκεῖθεν
1434 211 1514 246 ἴσμεν
1536 209 1731 246 κομιζομένην,
1750 211 1764 238 ὃ
1780 212 1834 240 τῶν

200 264 312 292 quoque
323 257 386 284 inde
400 257 513 285 allatum
525 257 590 289 vidi,
609 259 682 293 quod
700 262 785 294 genus
804 259 863 286 avis
885 264 927 286 est
949 259 990 286 lo-

200 303 410 337 quacissimum,
431 309 457 331 et
474 304 507 331 ad
531 305 607 332 vocis
634 305 762 332 humana:
785 305 991 333 similitudinem

201 350 326 383 proxime
345 350 489 382 accedens;
513 351 666 384 variegatas
683 356 811 386 praeterea
831 359 863 379 ac
883 351 992 386 punctis

204 394 350 423 distinctas
367 403 442 428 aves,
460 404 529 430 quas
543 396 625 431 vulgo
648 397 852 432 garamantidas
882 403 992 431 vocant,

202 442 314 469 nomine
327 442 368 470 eis
384 442 470 469 indito
484 450 516 469 ex
534 448 625 478 gente,
639 451 671 470 ex
685 451 738 478 qua
757 444 881 478 plurimae
895 444 928 471 ad
942 451 992 472 nos

203 487 390 522 deportantur.
405 487 464 514 Alia
479 487 597 522 denique
617 489 757 522 complura
776 489 904 517 animalia
924 490 991 517 citra

203 533 418 560 controversiam
433 534 533 561 eximia
550 534 586 560 ibi
602 534 776 568 proveniunt.
790 543 905 569 quorum
919 536 991 564 mul—

203 579 345 606 titudinem
367 586 509 606 recensere
532 587 651 614 praesens
674 581 795 608 narratio
820 581 990 609 reformidat.

204 624 256 652 Sed
271 629 298 651 et
307 632 405 652 aurum
421 625 598 659 purissimum
613 626 668 653 illic
679 626 808 661 gignitur,
821 628 913 655 aureis
924 636 992 663 qua-

203 670 225 697 si
241 670 316 698 libris
340 675 437 706 sponte
461 678 496 697 ex
521 678 552 698 ea
568 676 640 698 terra
666 674 852 708 surgentibus,
877 674 992 710 aliisque

203 725 286 753 super
305 718 372 746 alias
385 718 549 753 iacentibus,
564 723 591 746 et
609 719 668 746 auri
686 719 762 746 illius
782 720 991 754 productionem

203 769 324 798 apertam
359 771 391 791 ac
430 764 604 792 manifestam
642 764 837 799 prabentibus.
865 764 936 798 Quin
965 770 992 793 et

203 810 309 837 fructus
323 810 394 845 apud
407 810 469 838 illos
482 810 657 845 pulcherrimi
681 814 745 838 sunt
766 814 794 837 et
809 811 933 842 maximi,
957 818 991 838 ex

203 856 303 890 quibus
325 856 476 883 notissimae
499 860 564 884 sunt
584 864 679 884 nuces.
718 855 849 883 Universa
874 856 991 891 denique

1041 259 1142 293 δρνεων
1154 258 1212 284 ἐστὶ
1225 258 1395 289 λαλίστατον,
1407 257 1515 292 καὶτῆς
1526 257 1700 293 ἀνθρωπίνης
1711 257 1835 294 γλώττης

1043 303 1281 340 μιμητικώτατον·
1301 304 1349 330 καὶ
1365 304 1428 335 τοὺς
1443 303 1581 335 ποικίλους
1597 303 1626 329 δὲ
1641 303 1688 329 καὶ
1703 312 1832 334 καταστι-

1041 350 1100 382 γεῖς
1120 348 1220 383 ὄρνεις,
1238 348 1285 380 οὒς
1298 348 1477 384 γαράμαντας
1501 347 1661 374 ἐπικαλοῦσί
1678 356 1760 380 τινες,
1779 350 1835 376 ἀπὸ

1042 394 1089 420 τοῦ
1112 394 1204 426 έθνους
1227 392 1258 421 οὗ
1281 395 1399 430 μάλιστα
1433 395 1552 421 πλεῖστοι
1585 394 1762 430 κομίζονται,
1785 396 1836 431 τὴν

1043 441 1200 477 ἐπωνυμίαν
1218 442 1337 477 θέμενοι.
1358 441 1414 468 Καὶ
1431 441 1498 468 ἄλλα
1521 441 1549 467 δὲ
1566 441 1679 468 πλεῖστα
1697 441 1835 476 διαφανῶς

1043 488 1253 524 ὑπερφυέστατα
1276 487 1384 522 φύεται,
1417 485 1454 514 ὧν
1486 487 1517 514 τὸ
1539 487 1641 523 πλῆθος
1668 488 1687 523 η
1706 487 1835 524 διήγησις

1043 533 1247 560 ὑποστέλλεται.
1273 533 1354 560 ’Λλλὰ
1371 533 1417 560 καὶ
1429 534 1443 560 ὁ
1457 533 1557 569 χρυσὸς
1572 533 1691 560 ἐνταῦθα
1705 535 1836 568 γεννᾶται

1043 578 1247 615 καθαρώτατος,
1271 579 1432 614 χρυσιτίδων
1461 579 1542 606 οἱονεὶ
1566 579 1668 615 τριχῶν
1692 579 1836 613 αὐτοφυῶν

1042 624 1091 660 τῆς
1102 624 1208 660 ἐκείνης
1220 625 1271 660 γῆς
1284 624 1492 658 ἀναδιδομένων,
1512 625 1559 650 καὶ
1574 625 1617 651 ἐπ’
1640 624 1768 660 ἀλλήλοις
1779 633 1838 651 κει-

1044 671 1143 706 μένων,
1157 671 1204 697 καὶ
1217 670 1343 705 ἐπίδηλον
1355 670 1438 696 αὑτοῦ
1450 670 1499 706 τὴν
1510 670 1616 705 γένεσιν
1630 671 1836 706 παρεχομένων.

1042 717 1096 742 Καὶ
1112 716 1216 752 καρποὶ
1231 716 1260 742 δὲ
1276 716 1415 742 κάλλιστοί
1433 725 1462 742 τε
1480 717 1526 743 καὶ
1551 716 1685 752 μέγιστοι,
1709 713 1746 743 ὧν
1766 716 1838 749 γνώ-

1043 773 1111 799 ριμα
1124 763 1218 790 καὶτὰ
1231 763 1331 798 κάρυα.
1351 762 1431 789 Ἀλλὰ
1446 763 1498 799 μὴν
1512 764 1557 789 καὶ
1572 763 1602 790 τὸ
1619 764 1664 790 ἐπὶ
1675 765 1733 795 τοίς
1754 764 1838 799 Tum.

1044 810 1132 845 ρίταις
1149 809 1234 844 κλίμα
1252 809 1305 836 πᾶν
1329 809 1410 844 μέχρι
1424 808 1474 844 τῆς
1493 808 1628 844 Ἐρυθρᾶς
1644 808 1781 843 θαλάσσης
1795 809 1838 840 δὶς

1042 855 1088 882 τοῦ
1112 855 1236 882 ἐνιαυτοῦ
1256 855 1399 882 ἀναδίδωσι
1421 856 1485 887 τοὺς
1507 854 1642 891 καρπούς.
1667 855 1712 888 Ἐξ
1738 852 1769 882 οὗ
1789 856 1841 881 καὶ

203 900 406 928 liomeritarum
422 902 496 936 regio
510 910 598 936 usque
610 902 642 929 ad
657 901 779 929 Rubrum
800 910 886 933 mare,
902 902 992 936 dupli-

1046 899 1092 934 τὴν
1123 899 1215 934 χώραν
1249 900 1379 935 Ἀραϐίαν
1408 900 1555 935 εὐδαίμονα
1592 901 1838 936 προσηγόρευσαν’

203 956 262 974 cem
280 948 428 982 quotannis
446 948 584 975 fructuum
610 953 771 984 proventum
796 949 895 976 reddit.
914 947 991 976 Unde

203 993 284 1020 etiam
299 993 398 1020 Arabia
415 993 477 1020 felix
499 994 690 1029 cognominata
713 999 772 1027 est;
797 994 844 1022 sed
869 999 896 1021 et
915 1002 992 1029 gene-

203 1041 312 1072 raliter,
338 1040 428 1068 omnis
450 1048 482 1068 ea
507 1041 581 1074 regio
603 1048 665 1075 quae
691 1040 724 1068 ad
750 1040 884 1067 orientem
906 1041 990 1067 solem

203 1087 300 1122 vergit.
317 1087 429 1122 reliquis
450 1087 608 1122 regionibus
629 1087 702 1115 omni
717 1095 751 1115 ex
774 1092 851 1122 parte
874 1087 990 1114 multum

203 1137 324 1168 praestat.
342 1133 488 1160 Paradisus
505 1141 579 1164 vero,
598 1141 659 1160 cum
682 1134 766 1161 totius
781 1133 900 1161 Orientis
922 1141 991 1168 pra:-

203 1180 391 1207 stantissimus
418 1187 450 1206 ac
472 1179 637 1214 purissimus
660 1179 697 1206 sit
716 1183 829 1209 tractus.
845 1184 872 1206 et
893 1179 992 1206 coelum

203 1225 304 1252 habeat
319 1223 514 1251 nitidissimum
531 1231 564 1250 ac
578 1223 803 1257 pulcherrimum,
820 1222 898 1257 aquis
916 1221 993 1249 dcui-

205 1277 259 1305 que
281 1269 479 1304 limpidissimis
503 1267 648 1302 irrigetur,
676 1267 770 1302 procul
798 1267 882 1294 dubio
909 1267 993 1294 totius

203 1321 338 1342 terrarum
349 1314 424 1342 orbis
435 1313 541 1341 cunctis
556 1313 581 1339 iu
600 1313 682 1339 rebus
704 1313 782 1347 longe
798 1311 992 1346 praestantissi-

1044 946 1091 972 καὶ
1108 944 1204 981 ὅλωςή
1224 945 1292 981 πρὸς
1315 946 1459 981 ἀνίσχοντα
1476 946 1550 982 ἥλιον
1572 947 1666 974 ἅπασα
1685 947 1720 982 γῆ
1739 946 1840 982 μακρῷ

1043 992 1093 1026 τῆς
1109 991 1192 1027 ἄλλης
1206 993 1235 1018 ὲν
1248 993 1315 1018 πᾶσι
1330 993 1464 1028 διαφέρει.
1485 994 1514 1019 '0
1528 993 1557 1020 δὲ
1572 994 1749 1030 Παρὰδεισος,
1765 994 1838 1021 ἀπά-

1045 1045 1094 1072 σης
1119 1037 1170 1072 τῆς
1196 1037 1269 1073 ἑῴας
1296 1037 1326 1064 τὸ
1348 1039 1494 1074 κράτιστόν
1517 1048 1546 1066 τε
1571 1040 1619 1066 καὶ
1642 1041 1839 1076 καθαρώτατον

1045 1083 1186 1119 ὑπάρχων,
1204 1083 1326 1115 καὶτοὺς
1340 1084 1425 1120 ἀέρας
1442 1085 1695 1120 ἀκραιφνεστάτους
1707 1086 1755 1113 καὶ
1770 1086 1837 1112 καλ-

1045 1127 1151 1160 λίστους
1167 1128 1236 1164 ἔχων
1249 1148 1257 1159 ,
1278 1129 1325 1155 καὶ
1351 1131 1408 1161 τοῖς
1424 1130 1646 1164 διαφανεστάτοις
1667 1131 1743 1158 ὕδασι
1770 1140 1838 1158 κατ-

1044 1175 1202 1210 αρδόμενος,
1226 1174 1306 1210 δῆλον
1327 1175 1365 1207 ὡς
1379 1176 1565 1212 ἀπαραϐλήτῳ
1591 1177 1711 1213 ὑπεροχῇ
1724 1178 1773 1213 τῆς
1793 1177 1839 1212 ὑφ’

1043 1221 1111 1256 ἡλίῳ
1131 1221 1221 1256 πάσης
1232 1221 1261 1247 έν
1274 1221 1350 1258 πάσῃ
1365 1221 1396 1248 τὸ
1414 1223 1536 1258 κρεῖττον
1558 1222 1654 1258 φέρει·
1675 1224 1724 1259 τῆς
1737 1223 1840 1256 ἔξωθεν

1045 1266 1183 1302 θαλάσσης
1195 1267 1255 1293 κατ’
1268 1267 1411 1302 ἀνίσχοντα
1434 1267 1482 1294 τὸν
1504 1268 1580 1303 ἥλιον
1606 1269 1680 1305 αὑτῷ
1696 1269 1842 1305 παρακλν-

1045 1312 1172 1347 ζομένης.

204 1370 264 1390 mus
288 1367 330 1390 est
353 1362 440 1393 locus,
455 1361 501 1395 qui
513 1360 546 1388 ad
567 1360 634 1388 solis
652 1364 743 1387 ortum
768 1359 868 1386 Oceani
895 1359 1022 1387 fluctibus
1037 1359 1158 1387 alluitur.

239 1424 282 1446 12.
312 1422 474 1446 Athanasius
502 1418 655 1445 Constantis
678 1422 766 1453 gratta
788 1418 936 1444 restitutus.
956 1432 991 1438 —

204 1467 248 1493 Ait
268 1465 465 1500 Philostorgius
485 1465 681 1497 Athanasium,
703 1472 765 1491 cum
787 1464 819 1490 ad
837 1464 993 1490 occidenta-

1081 1417 1124 1452 ιβ’.
1140 1418 1213 1450 Ὂτι,
1229 1419 1322 1454 φησὶν,
1340 1418 1499 1450 Ἀθανάσιος
1508 1419 1576 1456 πρὸς
1586 1419 1631 1445 τὸν
1645 1418 1772 1453 ἑσπέριον
1787 1419 1843 1453 ἀφ-

1046 1464 1170 1498 ικόμενος
1188 1463 1300 1499 βασιλέα
1311 1485 1318 1497 ,
1337 1466 1383 1492 καὶ
1402 1465 1496 1502 δώρων
1513 1467 1577 1497 τοὺς
1592 1465 1667 1500 αὑτῷ
1683 1465 1842 1500 παραδυνα-

204 1512 270 1539 lium
287 1511 404 1547 partium
422 1511 612 1546 imperatorem
629 1509 757 1542 venisset,
770 1509 885 1544 ejusque
898 1509 991 1543 palatii

1046 1511 1190 1542 στεύοντας
1202 1511 1352 1546 ὑπαγαγὼν
1363 1511 1490 1547 ἀφθονίᾳ,
1504 1511 1622 1547 μάλιστα
1635 1511 1664 1538 δὲ
1676 1511 1841 1540 Εὑστάθιον.

204 1565 330 1592 proceres
341 1578 349 1590 ,
364 1565 396 1584 ac
411 1557 546 1591 praecipue
560 1555 733 1583 Eustalhium
755 1554 881 1581 comitem
901 1561 992 1580 rerum

205 1604 384 1638 privatarum,
395 1602 441 1637 qui
459 1602 620 1629 auctoritate
638 1600 784 1635 plurimum
801 1599 908 1626 valebat
922 1599 994 1633 apud

205 1650 370 1684 principem.
392 1648 473 1675 donis
496 1655 528 1674 ac
552 1647 710 1674 muneribus
733 1646 784 1672 sibi
805 1645 996 1677 conciliasset,

205 1697 309 1724 litteras
327 1704 341 1722 a
353 1695 502 1722 Constante
517 1693 550 1720 ad
564 1693 756 1720 Constantium
771 1691 914 1723 attulisse,
927 1698 996 1725 qua-

205 1749 267 1769 rum
283 1742 340 1768 haec
354 1744 432 1768 erant
451 1739 533 1766 verba
549 1748 555 1766 :
570 1738 735 1765 Athanasius
748 1737 782 1764 ad
803 1745 854 1764 nos
865 1738 995 1769 veniens,

205 1788 391 1822 episcopatum
413 1785 585 1813 Alexandriae
598 1785 631 1812 ad
645 1785 734 1819 ipsum
754 1783 891 1818 pertinere
906 1783 996 1810 mani-

207 1833 284 1861 festis
304 1832 512 1868 probationibus
535 1831 664 1859 ostendit.
689 1830 780 1863 Quare
807 1830 882 1856 illum
906 1836 954 1864 per
971 1833 997 1855 te

207 1883 399 1913 consequatur,
421 1883 468 1915 aut
491 1883 565 1906 certe
581 1877 648 1904 meis
666 1876 750 1903 armis
767 1875 892 1902 eumdem
919 1882 997 1901 recu-

209 1925 323 1960 perabit.
336 1925 422 1952 Porro
435 1925 478 1952 his
494 1924 592 1951 litteris
605 1914 723 1957 acceptis
734 1943 741 1954 ,
757 1921 795 1948 ait
806 1921 997 1949 Constantium

208 1970 351 2005 episcopos
365 1977 552 2001 convocasse,
572 1973 602 1996 ut
627 1977 679 1995 una
699 1976 760 1995 cum
776 1968 830 1995 illis
845 1967 910 2002 quid
926 1966 998 1994 facto

209 2024 278 2052 opus
298 2021 371 2044 esset
387 2016 566 2049 deliberaret;
581 2023 629 2042 eos
653 2022 717 2042 vero
738 2015 763 2041 id
780 2014 925 2042 consilium
950 2013 998 2040 de-

209 2062 283 2090 disse
294 2062 472 2091 Constantio.
494 2062 581 2089 satius
597 2068 658 2088 esse
677 2066 707 2088 ut
730 2060 895 2087 Alexandria
915 2061 999 2089 Atha-

210 2109 281 2136 nasii
303 2109 370 2144 jugo
394 2108 507 2135 minime
532 2108 710 2139 liberaretur,
733 2114 815 2141 quam
837 2111 867 2133 ut
895 2107 996 2134 bellum

209 2156 340 2182 adversus
363 2153 474 2181 fratrem
500 2153 662 2187 susciperet.
687 2152 877 2180 Constantium
906 2153 998 2186 itaque

209 2199 369 2234 permisisse
393 2198 557 2231 Athanasio,
587 2202 617 2225 ut
641 2197 825 2232 episcopatum
848 2198 996 2232 reciperet,

209 2246 356 2280 Georgium
377 2252 443 2272 vero
462 2252 510 2279 per
532 2244 677 2279 epistolam
698 2243 732 2271 ad
754 2251 784 2270 se
806 2251 944 2271 evocasse.
959 2245 998 2272 Ac

210 2291 343 2325 Georgius
355 2291 464 2326 quidem
481 2290 507 2316 in
523 2290 738 2324 Cappadociam,
755 2297 788 2316 cx
799 2297 852 2323 qua
866 2289 998 2317 oriundus

209 2342 284 2371 erat,
303 2344 429 2364 reversus
454 2340 510 2369 est,
527 2335 619 2370 ibique
638 2335 739 2370 degens
759 2335 864 2370 privata
890 2336 997 2371 negotia

210 2383 420 2411 administravit.
443 2381 610 2409 Athanasius
631 2388 711 2414 vero,
738 2380 843 2415 majore
869 2381 998 2416 deinceps

1045 1556 1074 1588 ὃς
1089 1557 1177 1592 κόμης
1191 1555 1224 1592 ἦν
1243 1557 1298 1584 τῶν
1315 1558 1469 1592 λεγομένων
1486 1558 1657 1593 πριουάτων,
1673 1558 1721 1584 καὶ
1734 1557 1774 1592 τῷ
1789 1557 1842 1592 βα-

1047 1603 1116 1629 σιλεῖ
1131 1602 1327 1636 πιθανώτατος,
1341 1603 1487 1639 ἐπιστολὴν
1504 1604 1574 1640 πρὸς
1587 1603 1778 1630 Κωνστὰντιον
1795 1604 1835 1639 (a)

1046 1648 1200 1684 κομίζεται,
1216 1648 1349 1683 λέγουσαν
1360 1645 1426 1676 ὦδε·
1447 1649 1607 1680 Ἀθανὰσιος
1619 1647 1688 1684 ἦκεν
1702 1649 1739 1681 ὡς
1754 1650 1841 1684 ἡμᾶς,

1047 1694 1135 1729 ἑαυτῷ
1155 1695 1304 1730 προσήκειν
1318 1695 1367 1730 τὴν
1383 1696 1536 1731 ἐπισκοπὴν
1554 1696 1604 1731 τῆς
1635 1695 1841 1729 Ἀλεξανδρείας

1047 1742 1216 1773 ἀποδεικνύς.
1233 1742 1398 1777 Τυγχανέτω
1410 1742 1501 1770 τοίνυν
1520 1742 1564 1769 διὰ
1578 1742 1626 1769 σοὖ
1638 1742 1758 1778 ταύτης,
1779 1743 1845 1768 ἐπεὶ

1047 1789 1104 1819 Ιτοῖς
1119 1788 1195 1823 ἐμοῖς
1211 1796 1243 1822 γε
1258 1788 1343 1823 αὐτὴν
1361 1789 1543 1824 ἀνακτήσεται
1566 1788 1668 1820 ὅπλοις.
1685 1787 1841 1823 Δεξάμενον

1047 1832 1076 1858 δὲ
1093 1832 1142 1868 τὴν
1156 1833 1299 1869 επιστολὴν
1315 1834 1361 1860 τὸν
1373 1834 1574 1866 Κωνστάντιον,
1590 1835 1637 1861 καὶ
1652 1835 1715 1866 τοὺς
1729 1835 1842 1860 ἐπισκό-

1048 1887 1115 1910 πους
1134 1879 1180 1905 ἐπὶ
1204 1879 1332 1915 κοινωνίᾳ
1353 1879 1451 1915 βουλῆς
1477 1880 1703 1914 συγκαλέσαντα,
1727 1880 1843 1916 γνώμην

1049 1925 1113 1960 παρ’
1130 1925 1219 1951 αὐτῶν
1235 1925 1339 1958 λαϐεῖν,
1353 1925 1465 1960 ἄμεινον
1482 1924 1552 1953 εἶναι
1570 1926 1607 1962 μὴ
1623 1927 1741 1962 πόλεμον
1756 1927 1842 1962 ἀναῤ-

1050 1969 1130 2004 ρῆξαι
1144 1969 1182 2005 τῷ
1201 1970 1317 2005 ἀδελφῷ,
1338 1971 1354 2005 ἢ
1374 1971 1424 2006 τῆς
1444 1970 1605 1998 Ἀθανασίου
1625 1970 1776 2007 βαρύτητος
1791 1971 1842 2006 τὴν

1055 2014 1257 2051 Ἀλεξάνδρειαν
1272 2016 1435 2049 ἀπαλλάξαι.
1453 2016 1498 2043 Διὸ
1519 2017 1565 2043 xui.
1580 2017 1685 2051 ἐφιέναι
1703 2017 1777 2052 αὑτῷ
1792 2017 1842 2052 τὴν

1049 2061 1202 2097 ἐπισκοπὴν
1215 2062 1271 2097 (69)
1297 2063 1453 2094 ἀναλαϐεῖν,
1481 2063 1530 2090 καὶ
1551 2063 1599 2089 τὸν
1624 2063 1761 2099 Γεώργιον
1781 2063 1841 2098 μετ’

1048 2107 1193 2142 ἐπιστολῆς
1218 2107 1259 2139 εἰς
1275 2108 1370 2134 ἑαυτὸν
1395 2108 1638 2144 μεταπέμψασθαι.
1668 2108 1738 2135 Ἀλλ’
1754 2110 1768 2135 ὁ
1792 2109 1845 2144 μὲν

1049 2152 1090 2184 είς
1110 2153 1158 2188 τὴν
1180 2153 1279 2180 ἑαυτοῦ
1296 2154 1413 2190 πατρίδα
1427 2154 1477 2190 τὴν
1498 2155 1696 2182 Καππαδοκίαν
1715 2156 1842 2190 ἀφίκετο,

1049 2199 1130 2225 κάκεῖ
1151 2199 1228 2233 διῆγε
1245 2200 1279 2226 τὰ
1292 2199 1353 2226 καθ’
1375 2201 1470 2227 ἑαυτὸν
1492 2201 1737 2236 ἐπισκοπούμενος.
1763 2201 1795 2227 ’0
1813 2202 1843 2228 δὲ

1053 2245 1225 2279 Ἀθανάσιος,
1247 2246 1317 2282 μετὰ
1345 2247 1468 2282 μείζονος
1496 2248 1546 2284 ήδη
1577 2249 1751 2284 φρονήματος
1767 2248 1845 2278 διιὼν

1045 2290 1096 2322 τὰς
1112 2292 1214 2324 πόλεις,
1231 2292 1292 2319 καθ’
1309 2292 1356 2324 οὓς
1373 2292 1474 2326 γίνοιτο
1492 2293 1547 2320 τῶν
1564 2295 1734 2326 ἐπισκόπων,
1752 2294 1843 2328 λόγοις

1047 2337 1148 2368 αὐτοὺς
1163 2337 1318 2370 ἐξεκαλεῖτο
1334 2338 1402 2373 πρὸς
1418 2338 1447 2365 τὸ
1462 2339 1605 2374 ὑμοούσιον
1617 2348 1623 2353 ·
1648 2340 1694 2366 καὶ
1711 2340 1774 2371 τοὺς
1794 2340 1846 2374 μὲν

1047 2382 1143 2414 ἄλλους
1163 2383 1201 2419 μὴ
1219 2384 1421 2419 προσδέχεσθαι
1434 2384 1504 2420 (70).
1522 2385 1624 2412 Ἀέτιον
1643 2386 1671 2412 δὲ
1685 2386 1731 2412 τὸν
1746 2385 1845 2421 ἔφορον

823 2459 943 2482 VALESII
959 2460 1206 2484 ANNOTATIONES.

248 2516 304 2552 (69)
327 2515 452 2552 Ἑνιέναι
476 2513 556 2552 αὐτῷ
575 2513 633 2552 τῂν
647 2513 830 2552 exigam-m7.
854 2512 934 2552 llunc
957 2514 1000 2540 lo«

211 2549 274 2579 cuin
287 2550 428 2578 emendavi
442 2558 475 2578 ex
492 2550 586 2576 codice
598 2549 733 2576 Samuelis
746 2549 885 2580 Bocharti,
900 2549 927 2576 in
942 2557 998 2584 quo

210 2587 312 2615 diserte
325 2587 454 2620 scriptum
469 2585 583 2612 habetur
594 2585 710 2620 ἐφιέναι,
728 2585 839 2620 optime.

246 2622 304 2658 (70)
331 2619 388 2649 Καῐ
416 2620 486 2654 τοὺς
512 2620 571 2655 μὲν
599 2619 715 2652 ἄλλους
749 2619 792 2654 μὴ
831 2619 998 2654 προσδέχε-

1053 2516 1133 2542 σθαι.
1148 2514 1226 2543 Hunc
1239 2516 1328 2544 locum
1340 2525 1394 2544 non
1414 2517 1547 2545 intellexit
1560 2517 1756 2549 Gothofredus,
1772 2518 1846 2545 sicut

1054 2552 1243 2587 exﬁversione
1271 2556 1297 2578 et
1320 2552 1392 2579 notis
1417 2553 1479 2587 ejus
1500 2557 1621 2587 apparet.
1648 2552 1755 2580 Putavit
1769 2553 1844 2580 enim

1054 2585 1266 2623 Pliilostorgium
1282 2587 1309 2623 id
1323 2585 1630 2619 dicerefAthariésium,
1643 2588 1708 2615 dum
1727 2596 1777 2623 per
1797 2587 1845 2615 Pa-

1036 2620 1342 2655 _lazstinam’transiret,
1359 2628 1475 2651 cunctos
1499 2624 1644 2658 episcopos
1666 2625 1699 2650 ad
1724 2620 1844 2651 consub-

947 2690 1122 2712 VARIORUM.

246 2746 284 2782 (a)
307 2745 488 2782 Ἐπιστολὴν
517 2745 590 2782 πρὸς
618 2745 837 2782 Κιιιγνοντάιζτιονξἶ
866 2745 907 2782 De
929 2745 999 2773 Cou-

212 2780 311 2809 stantis
327 2782 360 2808 ad
381 2781 493 2808 fratrem
518 2780 710 2808 Constantium
729 2781 881 2808 minacibus
901 2781 998 2809 litteris

211 2816 267 2844 vid.
282 2816 360 2843 Socr.
373 2816 420 2843 lib.
438 2824 468 2849 ιι,
481 2823 540 2849 cap.
553 2816 598 2851 22,
612 2816 665 2848 25;
682 2816 743 2842 θοι.
760 2815 807 2843 lib.
823 2817 863 2847 i'n,
877 2823 937 2851 cap.
952 2817 998 2844 9.0.

214 2852 250 2878 lle
265 2851 343 2878 Aetio
360 2851 432 2886 quod
453 2852 496 2878 hic
507 2850 575 2878 dicit
587 2850 795 2886 Philostorgius,
808 2852 902 2885 procul
915 2851 999 2879 dubio

211 2886 412 2915 calumniosum
421 2894 492 2921 esse,
500 2893 618 2920 eumque
626 2886 678 2914 hoc
687 2891 808 2920 tempore
818 2886 1001 2915 orthodoxam

1053 2746 1148 2778 fuisse.
1164 2755 1320 2782 quanquam
1335 2747 1398 2775 olim
1415 2748 1514 2775 Ariana
1532 2748 1592 2775 labe
1608 2747 1749 2777 infectum.
1764 2748 1844 2775 docet

1052 2781 1178 2818 {ambus
1189 2782 1386 2814 Gothofredus,
1407 2783 1516 2811 dissert.
1538 2791 1564 2818 p.
1586 2783 1647 2810 1M.
1665 2783 1702 2810 De
1725 2783 1846 2810 Maximo

1054 2817 1187 2845 Hierosol.
1201 2826 1257 2852 ep.,
1270 2818 1407 2853 quomodo
1417 2827 1446 2846 se
1455 2817 1642 2852 gessit’versus
1649 2818 1846 2852 Athanasium,

1054 2852 1108 2880 vid.
1127 2853 1205 2880 Socr.
1222 2853 1271 2881 lib.
1281 2852 1313 2887 ιι,
1331 2861 1392 2890 cap.
1412 2854 1458 2888 ﬁt,
1474 2858 1530 2882 not.
1543 2862 1569 2882 c.
