1978 3075
100 169 150 199 BM

614 169 892 198 ECCLESlASTlCIE
916 170 1089 198 HISTORHE
1107 170 1173 198 LIB.
1195 169 1239 196 lll.

1668 169 1730 198 ὅθεν

97 227 148 262 τῆς
165 225 345 261 Παλαιστίνης
362 225 408 252 ἐπὶ
431 226 544 262 πορνείᾳ
562 227 824 263 καταγγελλόμενον,
841 231 887 255 καὶ

942 228 1102 256 conﬁdentia
1123 235 1169 263 per
1183 227 1265 254 urbes
1280 227 1431 259 transiens,
1446 227 1566 262 singulos
1581 227 1723 262 episcopos

100 272 264 309 βουληθέντα
279 273 312 307 τῇ
333 271 402 306 πρὸς
426 271 582 299 Ἀθανάσιον
606 273 774 309 ἐπιχωρήσει
789 274 820 300 τὸ
844 272 887 300 αἷ-

98 328 162 354 σχος
177 317 396 352 ὲπικαλύψασθαι
407 337 414 348 ,
435 318 503 353 πρὸς
516 318 566 353 τὴν
587 319 692 345 ἐκείνου
708 319 788 351 δόξαν
805 321 886 346 αὺτο-

97 364 215 400 μολῆσαι
226 372 233 379 ·
251 363 343 390 δοῦναι
355 363 377 390 δ’
389 359 435 390 οὖν
451 364 525 399 ὅμως
536 364 592 399 (71)
604 364 720 396 ὀξύτατα
734 364 784 400 τὴν
796 365 884 400 δίκην,

95 411 143 437 τοῦ
167 411 266 437 αἰδοίου
288 411 466 442 διασαπέντος
486 411 535 438 καὶ
557 411 701 447 σκώληκας
721 412 884 447 βρύσαντος,

95 457 142 482 καὶ
158 457 229 483 οὕτω
244 456 291 483 τοῦ
307 457 356 492 ζῇν
372 456 512 484 ὲλαθὲντα.
534 457 615 484 Ἀλλὰ
630 458 678 484 καὶ
692 457 819 493 Μάξιμον
831 459 885 485 τῶν

101 502 296 538 Ἰεροσολύμων
311 503 469 535 ἐπίσκοπον,
484 503 553 538 πρὸς
565 504 615 539 τὴν
634 504 794 531 Ἀθανασίου
807 505 885 537 δόξαν

95 548 255 582 ἀποκλίναι,
276 549 377 584 καίπερ
389 551 403 576 ὀ
422 550 492 577 κατὰ
508 550 680 585 Μαξιμιανὸν
693 551 811 586 διωγμὸς
828 551 884 586 (72)

98 595 226 631 μάρτυρα
240 595 332 623 τοῦτον
345 596 463 628 ἐδείκνυ,
481 596 528 623 καὶ
544 596 589 623 τὸν
603 597 697 632 ἕτερον
713 596 768 623 τῶν
784 596 885 630 ὀφθαλ-

99 641 157 676 μῶν
190 642 260 677 ὑπὲρ
283 642 334 677 τῆς
353 643 494 674 εὐσεϐείας
516 643 634 677 φέροντα.
654 643 882 678 διορωρυγμένον.

97 687 153 714 Καὶ
167 687 280 719 πολλοὺς
296 688 392 719 ἄλλους
409 689 476 723 μετὰ
501 689 598 724 μικρὸν
611 690 651 721 εἰς
664 689 714 724 τὴν
727 689 824 715 ἑαυτοῦ
843 688 885 714 δό-

98 731 146 764 ξαν
159 732 205 759 τὸν
231 733 386 761 Ἀθανάσιον
400 734 600 770 ὑποσύρασθαι.

939 274 972 301 ad
986 281 1055 309 quos
1073 276 1244 304 accesserat,
1264 272 1297 299 ad
1313 272 1556 300 consubstantialis
1571 272 1651 300 tidem
1666 281 1724 301 ser-

939 321 1066 348 monibus
1084 320 1141 347 suis
1162 318 1312 350 excitabat,
1328 322 1355 346 et
1377 317 1443 345 alios
1459 318 1567 353 quidem
1582 319 1724 353 episcopos

940 366 1028 393 verbis
1043 364 1185 392 Athanasii
1200 371 1254 390 non
1270 363 1474 398 obtemperasse
1485 363 1598 397 scribit;
1613 363 1721 391 Aetium

939 419 1003 440 vero
1023 411 1179 447 episcopum
1197 409 1358 442 Palaestina,
1382 410 1429 444 qui
1453 409 1642 437 fornicationis
1660 418 1724 438 reus

938 458 1044 486 delatus
1065 456 1168 489 fuerat,
1183 463 1246 484 cum
1265 463 1313 491 per
1335 455 1557 483 communionem
1581 456 1723 483 Athanasii

938 503 964 530 id
979 503 1108 536 probrum
1122 501 1259 528 occultare
1270 500 1365 533 vellet,
1385 501 1419 528 ad
1438 500 1496 534 ejus
1508 501 1670 528 sententiam
1695 509 1724 529 se

937 547 1127 579 transtulisse;
1147 547 1273 574 eumdem
1296 551 1386 574 tamen
1404 547 1479 574 brevi
1495 554 1590 581 pmnas
1603 547 1722 579 dedisse,

938 594 1079 621 tabefactis
1094 593 1272 629 genitalibus,
1297 600 1329 619 ac
1351 593 1489 620 vermibus
1511 593 1722 624 scaturientem,

938 644 1019 674 atque
1037 639 1074 665 ita
1087 646 1120 665 ex
1142 638 1193 664 hac
1210 637 1271 665 luce
1285 637 1431 665 sublatum.
1449 637 1596 665 Maximum
1615 645 1724 673 quoque

938 685 1188 719 Hierosolymorum
1213 683 1370 718 episcopum
1393 683 1425 710 ad
1454 684 1617 711 sententiam
1637 683 1722 711 Atha-

937 730 1007 758 nasii
1024 729 1175 757 declinasse
1202 729 1312 760 scribit,
1330 728 1438 755 tametsi
1459 729 1520 761 hic,
1545 729 1572 755 in
1596 736 1736 764 persecu-.

98 778 173 805 tione
188 777 354 811 Maximiani,
364 779 544 807 confessionis
557 781 642 815 gloria
655 780 769 808 illustris
782 779 888 810 fuisset,
907 784 933 805 et
948 777 1063 804 alterum
1077 775 1186 802 oculum
1201 773 1331 803 eli'ossum
1353 775 1475 802 haberet.
1494 775 1577 802 Addit
1590 780 1722 810 praeterea

97 825 276 853 Athanasium
303 827 432 861 paulatim
456 828 557 855 inultos
577 828 646 856 alios
668 828 701 856 ad
731 828 888 863 opinionem
907 832 985 854 suam
999 823 1177 859 pertraxisse.

135 877 179 908 ιγ’.
201 873 261 901 Ὅτι
280 875 347 909 φησὶ
359 875 404 901 τὸν
428 876 591 910 Ἀντιοχείας
604 876 765 908 Φλαὸιανὸν,
783 875 886 910 πλῆθος
902 881 922 908 Β

99 919 224 956 μοναχιῗω
249 921 462 957 συναγείραντᾳ,
484 922 592 958 πρῶτον
613 922 777 957 ἀναϐοῆσαι’
807 921 885 953 Δόξα

98 967 190 1000 Πατρὶ
207 967 255 993 καὶ
278 967 331 999 Υἱῷ
347 968 396 993 καὶ
415 968 487 1002 ἁγίῳ
507 968 665 1002 Πνεύματι.
682 968 742 994 Τῶν
764 968 818 1002 γὰρ
833 967 885 1003 πρὸ

98 1011 201 1044 αὑτοῦ,
229 1013 292 1044 τοὺς
315 1012 376 1047 μὲν,
401 1013 479 1044 Δόξα
499 1013 589 1047 Πατρί
608 1013 644 1039 δι’
673 1013 740 1041 Υίοῦ
758 1014 793 1040 ἐν·
813 1014 885 1048 ἁγίῳ

98 1059 247 1094 Πνεύματι
262 1059 362 1093 λέγειν,
376 1059 423 1086 καὶ
436 1059 536 1095 ταύτην
553 1059 651 1095 μᾶλλον
667 1059 716 1094 τὴν
731 1056 884 1095 ὲκφώνησιν

97 1105 283 1137 ἐπιπολάζειν·
296 1107 359 1138 τοὺς
376 1106 415 1140 δὲ,
437 1106 515 1139 Δόξα
525 1107 615 1140 Πατρὶ
629 1107 662 1134 ἐν
676 1107 731 1139 Υῖῷ
745 1107 792 1134 καὶ
812 1107 885 1140 ἁγιῳ

97 1151 258 1186 Πνεύματι.

134 1239 176 1267 ιδ’.
196 1240 268 1272 Ὅτι,
286 1240 379 1276 φησὶν,
395 1241 419 1267 εἰ
435 1241 481 1268 καὶ
491 1241 645 1278 διεφέροντο
657 1241 729 1268 κατὰ
744 1242 793 1273 τὰς
807 1241 885 1275 δόξας

96 1287 154 1317 τοῖς
167 1285 198 1312 τὸ
209 1285 349 1321 ὁμοούσιον
364 1287 560 1322 πρεσΰεύουσιν
579 1289 604 1313 οἱ
620 1286 650 1319 ἐξ
674 1288 778 1322 Ἀρείου
789 1307 795 1319 ,
812 1288 885 1323 ὅμως

96 1331 146 1357 καὶ
162 1330 259 1366 εὐχῶν,
284 1332 332 1358 καὶ
354 1331 457 1367 ὕμνων,
481 1332 529 1359 καὶ
551 1332 752 1368 βουλευμάτων,
773 1332 885 1359 καὶτῶν

97 1375 186 1402 ἄλλων
199 1376 290 1410 σχεδὸν
306 1376 442 1409 ἁπάντων,
464 1377 532 1412 πλὴν
545 1377 596 1412 τῆς
621 1377 755 1413 μυστικῆς
776 1378 886 1404 ἐκοινώ-

100 1430 161 1447 νουν
177 1421 281 1453 θυσίας.
298 1421 508 1458 Ἐπιγενομένου
521 1423 550 1449 δὲ
569 1422 616 1449 τοῦ
640 1423 754 1455 Ἀετίου,
773 1424 820 1450 καὶ
837 1424 886 1459 τῆς

98 1468 127 1493 ὲν
143 1467 248 1499 τούτοις
260 1468 425 1501 διαστάσεως
446 1468 590 1504 ἄρξαντος,
606 1469 655 1504 τὴν
677 1469 804 1504 ὁμόδοξον
822 1479 886 1496 συν-

98 1513 211 1549 αγωγὴν
231 1514 287 1548 (75)
300 1535 307 1547 ,
324 1515 426 1547 πάντας
441 1515 557 1550 δεσμοὺς
575 1516 623 1542 καὶ
645 1515 736 1550 φιλίας
759 1515 805 1542 καὶ
823 1524 886 1542 συν-

974 873 1018 899 l3.
1034 871 1160 898 Flaviani
1183 870 1334 904 dozologia.
1358 884 1392 891 ~—
1414 869 1460 896 Ait
1487 868 1647 897 Flavianum
1669 869 1725 896 An-

939 919 1119 949 tiochenum,
1156 916 1268 943 collecta
1305 915 1501 942 monachorum
1535 916 1725 947 multitudine,

938 965 1056 1000 primum
1072 962 1194 990 omnium
1203 961 1370 989 acclamasse
1383 971 1389 988 :
1400 961 1492 988 Gloria
1503 961 1591 993 Patri,
1603 965 1628 988 et
1644 960 1723 992 Filio,

938 1015 961 1038 et
976 1009 1090 1045 Spiritui
1099 1014 1190 1036 sancto
1199 1007 1267 1043 (76).
1279 1007 1345 1034 Nam
1355 1008 1432 1034 exiis
1442 1007 1574 1042 quimtate
1587 1007 1662 1034 illum
1678 1015 1726 1034 an-

938 1059 1103 1084 tecesserant
1115 1075 1122 1087 ,
1137 1055 1205 1082 alios
1218 1054 1327 1088 quidem
1340 1053 1441 1080 dixisse
1459 1062 1466 1080 :
1481 1053 1573 1080 Gloria
1588 1053 1666 1080 Patri
1680 1061 1726 1089 per

939 1102 1040 1129 Filium
1060 1102 1087 1128 in
1111 1105 1201 1127 sancto
1227 1099 1343 1134 Spiritu,
1363 1105 1444 1134 atque
1465 1099 1534 1127 banc
1554 1099 1727 1126 acclamatio—

938 1155 1000 1177 nem
1017 1155 1068 1174 usu
1093 1145 1180 1180 magis
1203 1149 1338 1179 receptam
1362 1151 1440 1176 esse;
1462 1144 1530 1172 alios
1553 1152 1618 1171 vero
1637 1145 1727 1172 dicere

938 1193 1034 1220 solitos
1055 1201 1061 1219 :
1081 1191 1174 1219 Gloria
1191 1190 1268 1217 Patri
1282 1191 1310 1217 in
1327 1189 1400 1216 Filio
1416 1194 1441 1216 et
1457 1189 1559 1224 Spiritu
1583 1195 1687 1217 sancto.

974 1239 1017 1265 14,
1028 1238 1122 1265 Ariani
1131 1246 1146 1263 a
1155 1236 1298 1264 Catholicis
1307 1236 1410 1270 penitus
1422 1235 1591 1262 recedunt.—
1599 1235 1643 1262 Ait
1650 1235 1728 1263 Aria-

938 1292 1007 1317 nos,
1028 1284 1153 1319 quamvis
1176 1283 1202 1310 in
1226 1283 1287 1310 tidei
1308 1282 1431 1310 doctrina
1450 1283 1624 1310 dissentirent
1647 1283 1680 1310 ab
1694 1282 1728 1310 iis

938 1331 984 1368 qui
1004 1330 1263 1359 consubstantialem
1283 1329 1382 1357 Filium
1402 1329 1599 1365 praedicabant,
1618 1330 1646 1356 in
1666 1337 1728 1364 pre-

939 1377 1092 1405 cationibus
1106 1381 1197 1404 tamen
1209 1381 1290 1410 atque
1300 1375 1409 1412 hymnis
1422 1379 1449 1402 et
1461 1375 1734 1408 consultationibus,

939 1423 1054 1458 aliisque
1080 1422 1137 1450 fere
1164 1421 1316 1453 omnibus,
1345 1425 1526 1456 praeterquam
1554 1421 1580 1447 in
1610 1421 1726 1455 mystico

939 1468 1094 1501 sacriﬁcio,
1118 1475 1180 1495 cum
1203 1467 1299 1495 iisdem
1326 1467 1554 1494 communicasse.
1577 1465 1726 1501 Postquam

938 1522 1003 1541 vero
1034 1513 1143 1541 advenit
1168 1513 1279 1546 Aetius,
1307 1517 1334 1540 et
1360 1512 1541 1540 dissensionis
1572 1512 1643 1540 circa
1669 1513 1726 1540 haec

99 1560 206 1601 ηρείας,
217 1559 257 1592 οἷς
266 1563 321 1593 τοῖς
330 1562 373 1588 ὲτε
378 1561 492 1597 ροδόξοις
504 1562 887 1598 συνήπτοντο,διαρῤήξαντας,

942 1566 1050 1594 quoque
1076 1563 1172 1586 auctor
1199 1558 1266 1592 fuit,
1292 1559 1427 1593 persuasit
1454 1557 1534 1586 coetui
1561 1566 1654 1586 eorum
1679 1559 1727 1594 qui

98 1606 141 1637 εἰς
160 1606 306 1633 ἀντίπαλον
322 1606 427 1639 τούτοις
447 1607 565 1643 μάλιστα
579 1607 789 1644 παρασκευάσαι
804 1616 889 1635 κατα.-

99 1652 200 1688 στῆσίιι
215 1652 264 1679 τίην
281 1654 386 1689 μοῖραν.

136 1790 177 1814 ιε’.
202 1786 266 1814 Ὅτι
294 1788 392 1824 πατρὶς
422 1788 517 1822 Ἀετίῳ
538 1789 554 1823 ή
576 1789 605 1815 ὲν
629 1788 703 1824 κοίλῃ
719 1788 815 1823 γέγονε
838 1789 888 1814 Συ-

100 1832 148 1867 ρίᾳ.
160 1831 233 1867 (74)·
251 1832 298 1859 τοῦ
313 1833 342 1860 δὲ
359 1833 461 1869 πατρὸς
471 1833 552 1859 αὑτοῦ
568 1834 622 1861 τῶν
640 1836 668 1861 ὲν
684 1834 812 1870 στρατείᾳ.
825 1834 888 1860 δυσ-

99 1878 289 1914 πραγέστερον
313 1880 501 1915 ὲνηνεγμένων
521 1879 587 1914 (75),
611 1881 666 1908 Καὶ
692 1881 737 1907 τὸν
771 1880 827 1915 βίον
858 1881 888 1907 ὲν

940 1605 1011 1632 idem
1028 1613 1089 1632 cum
1106 1605 1165 1639 ipso
1180 1604 1344 1637 sentiebant,
1359 1608 1397 1636 ut,
1414 1605 1502 1639 ruptis
1517 1604 1642 1631 omnibus
1658 1604 1728 1631 ami-

940 1651 1010 1678 citiae
1033 1655 1060 1678 et
1081 1649 1287 1678 consuetudinis
1299 1650 1433 1682 vinculis,
1454 1650 1554 1685 quibus
1569 1654 1647 1678 antea
1664 1658 1726 1678 cum

940 1695 1130 1724 homousianis
1147 1696 1286 1731 conjuncti
1306 1700 1394 1728 erant,
1411 1696 1464 1723 illis
1487 1696 1605 1723 maxime
1629 1697 1726 1723 adver-

940 1750 999 1770 sam
1013 1741 1157 1769 factionem
1174 1741 1381 1770 constituerent.

977 1787 1020 1814 15.
1035 1786 1125 1814 Aetius
1142 1787 1291 1814 hlereticus.
1307 1803 1341 1807 —
1354 1788 1399 1815 Ait
1416 1787 1524 1815 Aetium
1540 1793 1630 1815 ortum
1643 1788 1727 1816 fuisse

940 1841 973 1861 ex
989 1832 1171 1869 Caele-Syria;
1186 1838 1263 1868 pater
1277 1841 1341 1861 vero
1365 1834 1441 1869 ejus,
1456 1841 1518 1862 cum
1536 1834 1562 1861 in
1581 1834 1727 1870 praesidiali

941 1880 1029 1908 obicio
1046 1880 1198 1914 militasset,
1211 1881 1282 1908 male
1295 1889 1351 1908 rcm
1367 1881 1460 1916 gessit.
1478 1880 1601 1916 Cumque
1612 1880 1639 1908 in
1654 1881 1726 1916 ejus-

716 1966 837 1988 VALESII
856 1966 1096 1989 ANNOTATIONES
1101 1982 1106 1987 .

98 2016 238 2046 stantialis
261 2016 340 2043 [idem
365 2015 603 2051 prmdicationihus
637 2015 694 2043 suis
720 2015 885 2042 traduxisse.

99 2053 186 2087 Atqui
202 2051 660 2087 contrariumidicitPhilostorgius
679 2060 685 2077 ι
707 2051 886 2087 Athanasium

99 2086 209 2115 scilicet
226 2091 340 2114 cunctos
368 2086 517 2113 Palmstinaa
540 2086 682 2120 episcopos
695 2086 728 2113 ad
746 2093 817 2120 quos
839 2093 887 2112 ae-

99 2126 235 2153 cesserat,
250 2122 385 2148 hortatum
401 2129 472 2153 esse,
500 2126 529 2148 ut
547 2121 788 2148 consubstantialis
805 2121 886 2148 ﬁdem

98 2158 357 2192 amplecterentur,
372 2155 421 2192 sed
445 2157 547 2192 nullum
568 2157 679 2183 monitis
700 2156 766 2192 ejus
780 2155 884 2182 obtem~

99 2190 215 2228 perasse
231 2197 327 2228 praeter
345 2191 462 2228 Aetium.
480 2191 514 2218 Et
528 2191 585 2219 haec
595 2191 711 2228 ‘quidem
733 2190 800 2218 falsa
827 2198 887 2218 esse

99 2225 355 2261 iestatur’synodus
377 2227 568 2261 episcoporum
593 2225 753 2257 Palaestinae,
778 2233 839 2260 quae
855 2234 888 2253 eo

99 2254 227 2297 tempore
240 2254 259 2288 εἰ
269 2254 657 2297 ΜεχὶιηοἨίετὸδοΙγῐηοτιιηι
682 2254 810 2295 episcopo
833 2261 889 2288 col-
903 2254 926 2282 Ῐ)

99 2299 174 2325 lecta
191 2302 243 2328 est,
258 2301 288 2323 ut
305 2297 400 2324 scribit
413 2297 579 2324 Athanasius
596 2297 623 2323 in
639 2296 819 2331 Apologetico.

138 2332 197 2368 (7-1)
209 2332 316 2359 Δοῦναι
337 2331 437 2368 δοκεῖν
453 2331 543 2368 ὅμως..
562 2331 738 2368 Huncilocnm
753 2331 890 2368 praeclare

99 2366 211 2395 restitui
230 2375 261 2394 ex
287 2375 338 2394 ms.
361 2366 454 2394 codice
475 2366 614 2401 Samuelis
635 2366 771 2396 Bocbarti.
792 2366 818 2392 in
836 2374 890 2401 quo

98 2404 205 2431 diserte
222 2403 257 2428 ita
276 2402 413 2433 scribitur,
436 2402 527 2428 δοῦναι
549 2401 571 2428 δ’
586 2399 632 2437 οὖν
656 2402 730 2437 ὅμως
757 2399 889 2436 ago-rei.qu

98 2438 192 2472 δίκην,
208 2443 260 2464 etc.
274 2437 358 2464 Porro
371 2438 503 2471 interpres
518 2445 595 2465 suam
612 2436 711 2464 Graecae
724 2437 823 2472 linguae
840 2437 891 2463 im-

99 2471 231 2508 peritiam
247 2473 290 2508 rin
311 2474 375 2508 hoc
403 2473 538 2507 praecipue
564 2473 623 2499 loco
656 2471 799 2508 patefecit,
825 2472 889 2498 dum

99 2507 213 2535 Actium
228 2507 263 2534 ob
283 2507 408 2534 adulterii
431 2507 534 2534 crimen
556 2508 583 2534 in
610 2515 718 2534 crucem
741 2507 889 2539 sublatum,

100 2543 200 2570 fractis
214 2542 340 2570 cruribus
361 2542 496 2569 interiisse
511 2546 614 2570 censet.
633 2541 694 2569 Mox
717 2549 767 2576 pro
783 2541 889 2576 σκώληο

99 2586 155 2609 κας
175 2577 324 2612 βρύσαντα,
342 2578 368 2604 in
386 2577 511 2604 Bocharti
525 2578 619 2604 codice
632 2585 683 2605 ms.
701 2577 832 2605 scriptum
850 2577 891 2603 in-

100 2613 165 2640 veni
185 2612 344 2647 βρύσαντος,
359 2613 432 2646 quod
446 2613 532 2647 magis
548 2612 643 2646 probo.

139 2646 209 2681 (72(
220 2648 246 2673 Ὀ
260 2647 334 2674 κατὰ
346 2646 531 2681 Μαξιμιανὸν
542 2647 678 2681 διωγμός.
694 2646 889 2674 Maximianum

100 2691 158 2718 prop
171 2682 320 2718 Maximino
331 2684 420 2718 posuit
434 2682 642 2718 Philostorgius.

139 2717 200 2752 (75)
219 2717 279 2750 Τὴν
301 2717 447 2751 ὁμόδοξον
463 2716 656 2752 συναγωγήν.
673 2717 733 2744 Non
755 2716 890 2743 assentior

100 2752 285 2783 Gothofredo,
299 2752 347 2786 qui
357 2752 405 2786 τὴν
413 2751 539 2787 ὁμόδοξον
550 2753 721 2787 συναγωγήν,
731 2752 889 2787 art/toidoxas

100 2789 163 2816 sive
197 2787 400 2813 ltomoousianos
425 2794 486 2814 esse
510 2787 633 2814 credidit.
662 2786 772 2814 Rectius
802 2786 890 2813 Lucas

102 2823 265 2850 Ilolstcnius
288 2821 346 2848 haec
361 2822 442 2849 verba
456 2824 488 2849 de
502 2822 611 2848 Arianis
628 2822 768 2852 intellexit,
789 2822 889 2856 quibus

100 2862 204 2885 auctor
219 2857 269 2883 fuit
289 2857 393 2889 Aetius,
416 2861 445 2883 ut
464 2857 552 2892 ruptis
571 2857 697 2892 omnibus
718 2857 843 2892 amicitiai
862 2861 889 2883 et

101 2892 263 2921 concordia
278 2891 404 2925 vinculis,
419 2892 519 2927 quibus
533 2892 664 2920 hactenus
677 2891 764 2927 juncti
781 2891 888 2920 fuerant

940 2023 1002 2043 cum
1030 2017 1201 2054 orthodoxis,
1234 2018 1454 2054 peculiaremrac
1472 2019 1608 2054 propriam
1630 2018 1726 2046 factio-

940 2058 1002 2077 nem
1031 2053 1238 2080 constituerent.
1265 2052 1345 2080 Certe
1364 2052 1530 2082 Holsten’ius'
1540 2054 1575 2081 ad
1592 2062 1667 2081 oram
1684 2054 1725 2081 sui

940 2085 1042 2123 codicis
1070 2087 1142 2114 lnmc
1171 2088 1260 2115 locum
1287 2089 1322 2115 ita
1341 2089 1556 2123 interpretatur:
1578 2089 1611 2115 In
1636 2090 1726 2115 eadem

940 2121 991 2158 ﬁde
1003 2123 1174 2158 consentienti
1189 2123 1238 2149 sibi
1253 2124 1400 2154 concentui,
1412 2121 1505 2158 'rupu‘s
1518 2124 1649 2154 omnibus,
1666 2125 1726 2158 qui-

941 2157 987 2194 bus
1006 2164 1064 2182 cum
1089 2157 1359 2194 aliterrsenlienlibus
1384 2159 1616 2194 cottjuttgebatttur,
1633 2157 1725 2185 amici-

941 2192 985 2228 tia:
999 2196 1023 2218 et
1037 2193 1233 2219 consuetudinis
1256 2193 1376 2224 uinculis,
1401 2192 1564 2221 contrariam
1593 2194 1663 2220 lu'sce
1683 2194 1726 2228 [a-

940 2227 1052 2262 ctionem
1070 2232 1098 2253 ut
1113 2229 1290 2261 constitueret,
1307 2234 1398 2255 auctor
1413 2229 1475 2262 fuit.

978 2261 1034 2304 (74)
1115 2263 1150 2304 ἐν
1176 2263 1269 2304 κοίλῃ,
1287 2261 1515 2304 γέγξονρξ’Συρίᾳἒ
1541 2263 1680 2303 Articulus
1709 2264 1726 2299 ὴ

941 2297 1008 2324 satis
1021 2296 1123 2332 indicat
1135 2306 1234 2325 nomen
1247 2296 1365 2325 civitatis
1382 2298 1427 2325 hic
1441 2296 1600 2331 desiderari,
1623 2306 1656 2324 ex
1673 2296 1727 2332 qua

942 2331 1076 2359 oriundus
1088 2338 1147 2359 erat
1160 2333 1264 2360 Aetius.
1281 2333 1360 2360 Certe
1373 2332 1472 2360 Suidas
1487 2334 1513 2360 in
1528 2340 1594 2360 voce
1612 2331 1725 2366 Ἀἐτιος,

941 2366 1114 2401 Philostorgii
1142 2368 1232 2395 locum
1261 2369 1333 2395 hunc
1360 2368 1528 2399 describens,
1553 2368 1726 2395 Antiochiam

941 2402 1017 2428 Aetio
1029 2403 1147 2437 patriam
1166 2404 1288 2436 assignat
1312 2412 1319 2429 :
1345 2401 1457 2437 Niceph.
1481 2410 1544 2430 vero
1572 2404 1599 2430 in
1624 2403 1672 2430 lib.
1687 2411 1725 2433 tv.

942 2409 1017 2428 aeuo
1027 2409 1147 2463 lpatriam
1166 2409 1288 2436 aSSIgnat
1312 2412 1319 2429 :
1345 2409 1457 2437 mcepn.
1481 2410 1544 2430 vero
1572 2411 1599 2430 llI
1625 2409 1672 2430 nn.
1687 2411 1725 2433 IL

942 2437 1014 2473 hunc
1051 2437 1202 2473 liilostorgii
1226 2439 1316 2473 locum
1339 2438 1376 2465 ita
1399 2438 1533 2473 expressit
1554 2447 1562 2465 ε
1583 2439 1684 2473 πατρὶς
1697 2439 1726 2465 δὲ

941 2471 1015 2508 αὐτῷ
1022 2472 1047 2508 -ὴ
1060 2472 1136 2508 κοίλη
1155 2471 1239 2508 Συρία
1253 2471 1296 2508 ἦν.
1313 2472 1398 2505 Quem
1419 2471 1528 2500 secutus
1541 2471 1727 2500 Gothofredus

941 2507 999 2543 haec
1022 2506 1200 2542 Philostbrgii
1222 2506 1302 2534 verba
1325 2509 1359 2535 ita
1385 2509 1577 2543 interpretatus
1598 2512 1661 2535 est:
1683 2509 1727 2534 Att

941 2542 1016 2578 Aetio
1032 2543 1147 2576 patriam
1162 2543 1243 2577 fuisse
1251 2543 1336 2570 Coelen
1350 2542 1466 2578 Syriam.
1478 2542 1576 2570 Verum
1588 2544 1644 2570 haec
1655 2543 1729 2570 locu-

941 2577 979 2603 tio
994 2577 1142 2612 impropria
1155 2582 1210 2610 est;
1223 2579 1310 2612 patria
1319 2579 1390 2605 cnim
1405 2579 1537 2612 cujusque
1550 2578 1659 2609 dicitur.
1673 2586 1727 2605 non

941 2612 1080 2647 provincia
1095 2620 1128 2639 ex
1143 2621 1197 2647 qua
1211 2613 1344 2640 oriundus
1356 2618 1408 2644 est,
1423 2614 1468 2640 sed
1481 2614 1578 2640 civitas
1593 2617 1640 2640 aut
1651 2613 1729 2640 vicus

940 2646 1000 2683 ejus
1014 2646 1169 2680 provinciis.
1182 2647 1329 2675 Observari
1346 2652 1435 2675 tamen
1451 2649 1564 2683 patriam
1581 2648 1670 2675 vocari
1683 2657 1726 2675 so-

940 2681 1021 2718 lerea
1030 2683 1212 2718 Philostorgio
1223 2683 1401 2717 provinciam,
1411 2691 1444 2710 ex
1452 2681 1506 2718 qua
1515 2684 1577 2718 quis
1590 2688 1666 2710 ortus
1674 2687 1726 2710 est.

942 2716 1025 2753 δίο-ἰῇ
1041 2717 1134 2753 (δειρβ,
1145 2716 1192 2744 lib.
1206 2716 1242 2750 ιν,
1258 2718 1443 2753 Philostorgii,
1457 2716 1484 2745 et
1495 2716 1726 2753 ill-cap.5,lib.w.

977 2751 1033 2787 (75)
1046 2787 1049 2788 ν
1063 2751 1126 2779 Τῶν
1143 2753 1190 2788 γὲν
1215 2753 1356 2787 στρατείᾳ
1390 2751 1653 2788 δυσπρίιγέσὶνερον
1677 2753 1726 2780 ὲν-

940 2787 1122 2821 ηινεῃιένων.
1140 2787 1249 2815 llectins
1263 2789 1334 2822 apud
1344 2787 1454 2815 Suidam
1468 2787 1510 2816 hic
1525 2789 1601 2815 locus
1612 2787 1728 2814 refertur

941 2821 993 2848 hoc
1014 2823 1094 2850 modo
1111 2833 1118 2850 ι
1133 2824 1146 2849 ὁ
1164 2823 1192 2849 δὲ
1213 2821 1302 2859 πατὴρ
1318 2823 1392 2858 αὐτῷ
1407 2823 1461 2850 τῶν
1479 2825 1507 2851 ἐν
1528 2824 1643 2859 στρατιᾷ
1663 2823 1728 2849 δυσ-

1543 2858 1733 2894 πραγέστερον.

976 2892 1030 2928 (76)
1048 2892 1204 2922 Theodorit.
1224 2894 1270 2922 lib.
1285 2901 1316 2926 ιι,
1332 2902 1356 2922 c.
1372 2893 1416 2923 24.
