1978 3075
122 154 175 183 505

619 158 899 187 εεειΕδῐΑετιοΑῑ
919 157 1093 186 HISTORIA}
1113 157 1178 185 LIB.
1200 157 1247 184 lli.

1697 157 1750 185 506

125 219 165 237 ιον
177 208 262 246 εἶχεν,
276 211 316 243 εἰς
328 211 379 247 τὴν
388 212 471 239 αὑτοῦ
482 213 597 250 δύναμιν
608 215 764 243 ἐπανελθὼν
776 217 790 243 ὁ
803 216 910 252 φθόνος,

966 221 1096 248 mortuus,
1112 220 1139 243 et
1155 215 1277 243 Eulalius
1292 214 1318 241 in
1336 214 1395 249 ejus
1409 215 1499 242 locum
1515 214 1679 242 substitutus
1694 221 1746 247 est,

125 258 191 283 κινεῖ
204 257 249 283 τὸν
263 257 392 286 Εὑλάλιον
408 259 456 294 τῆς
477 260 642 295 Ἀντιοχείας
666 263 712 289 τὸν
732 263 834 289 Ἀέτιον
858 263 910 289 ἀπ-

122 302 229 329 ελάσαι.
254 302 284 330 '0
299 303 338 337 δὲ,
353 305 393 336 εἰς
407 305 457 341 τὴν
473 306 523 341 τῆς
535 307 660 340 Κιλικίας
680 308 846 344 ’Λναζαρὸὺν
861 310 911 343 ἀνρ-

123 348 259 382 ικὸμενος,
339 351 420 386 τέχνῃ
441 352 522 379 πάλιν
546 353 613 389 πρὸς
635 353 666 380 τὸ
685 355 734 390 ζῇν
753 355 910 391 ἁπεχρῆτο,

122 394 183 420 οὐδὲ
199 394 249 429 τῆς
263 395 292 422 ὲν
312 396 402 430 λόγοις
420 397 602 434 ἀφιστάμενος
619 400 685 436 πρὸς
705 402 767 432 τοὺς
782 402 912 436 ἐντυγχά-

122 447 218 472 νοντας
243 441 368 478 ἁμίλλης.
394 443 590 479 Γραμματικοῦ
613 446 641 472 δέ
660 455 732 478 τινος
754 448 803 483 τὴν
831 448 912 482 φύσιν

124 484 206 511 αὐτοῦ
222 485 370 520 ἀγαμένου,
387 488 434 514 καὶ
458 488 617 523 μεταδοῦναι
640 490 688 525 τῆς
703 490 800 525 τέχνης
822 492 911 527 ὀρμη-

126 531 223 565 μὲνου,
243 532 257 557 ὁ
281 531 380 563 Ἀἐτιος
396 533 462 567 παρ’
481 533 562 560 αὑτὸν
578 535 750 566 εἰσοικισθεὶς
771 536 908 571 ἐθήτευεν,

124 575 174 608 τὰς
196 577 333 609 οἰκετικὰς
353 578 427 614 αὐτῷ
446 578 530 605 τελῶν
552 579 731 615 λειτουργίας.
753 581 808 607 Καὶ
828 582 843 607 ὁ
864 582 912 616 μὲν

124 619 174 655 τὴν
192 622 387 658 γραμματικὴν
401 623 549 658 προθύμως
560 624 642 651 αὑτὸν
659 625 808 657 ἐδιδάξατο.
829 626 859 651 ’0
872 626 911 658 δὲ,

124 665 171 692 τοῦ
182 666 342 694 διδασκάλου
356 668 473 704 δημοσίᾳ
484 669 540 702 (81)
554 671 619 696 ποτὲ
632 670 769 702 καταστὰς
781 672 822 703 εἰς
835 671 912 705 ἔλεγ-

124 719 187 745 χον,
206 712 247 738 ὄτι
273 713 310 748 μὴ
331 713 384 740 τῶν
401 714 480 740 θείων
499 714 597 748 λογίων
617 715 699 751 ὀρθὴν
719 717 837 743 ἐποιεῖτο
863 717 914 752 τὴν

125 755 260 791 διήγησιν,
277 758 324 784 καὶ
341 757 441 794 πολλὴν
455 759 537 786 αὐτοῦ
560 759 609 795 τὴν
630 761 673 786 ἐπ’
691 761 810 797 ἀμαθείᾳ
826 762 913 788 τοιού-

125 810 180 828 των
198 802 329 839 αἰσχύνην
350 805 574 840 καταχεάμενος,
590 805 764 841 ἀντιμισθίαν
785 803 849 842 εὗρε
863 806 912 843 τὴν

125 846 297 882 ἀποκήρυξιν
311 848 360 883 τῆς
374 848 572 884 εὐεργετούσης
583 849 662 876 αὑτὸν
677 850 774 881 οἰκίας.
794 849 913 876 Ἐκεῖθεν

942 280 945 281 ν
960 266 1017 289 tum
1029 269 1092 289 vero
1104 261 1211 288 invidite
1225 261 1305 293 livor,
1320 260 1464 296 pristinum
1478 260 1560 287 robur
1572 267 1746 295 recuperatis,

961 306 1094 334 Eulalium
1108 307 1239 338 incitavit,
1259 310 1288 333 ut
1301 306 1408 333 Aetium
1425 305 1570 333 Antiochia
1591 306 1747 340 expelleret.

961 353 1045 388 igitur
1067 353 1160 380 Aetius
1183 353 1372 385 Anazarbum,
1398 360 1459 387 qua:
1488 352 1589 380 Cilicia:
1608 352 1673 379 urbs
1692 357 1747 384 est,

961 399 1117 434 profectus,
1140 403 1226 426 artem
1244 407 1321 426 suam
1342 399 1432 426 denuo
1452 399 1576 426 exercuit
1596 398 1628 425 ad
1647 398 1747 425 victum

962 444 1014 471 sibi
1037 444 1268 479 comparandum;
1291 452 1341 471 nec
1364 448 1454 471 tamen
1481 453 1496 472 a
1517 443 1747 478 disputationibus

962 489 1093 517 adversus
1104 497 1152 517 cos
1163 490 1209 524 qui
1226 498 1287 517 cum
1302 489 1362 524 ipso
1378 490 1505 524 congredi
1519 490 1627 523 vellent,
1641 490 1750 524 penitus

962 534 1102 561 abstinuit.
1119 534 1204 561 Pet-ro
1219 543 1280 562 cum
1295 535 1490 570 grammaticus
1502 535 1633 570 quidam,
1648 535 1748 570 ingenii

962 579 1020 614 ejus
1045 580 1224 607 admiratione
1248 585 1361 615 captus,
1390 586 1475 608 artem
1501 581 1526 608 ei
1548 589 1626 608 suam
1642 580 1749 608 tradere

962 631 1107 658 aggressus
1129 630 1217 658 esset,
1231 625 1327 653 Aetius
1350 626 1377 652 in
1406 626 1516 653 domum
1533 625 1593 660 ejus
1611 625 1750 653 admissus

963 670 986 696 ei
1013 670 1192 703 ministravit,
1216 671 1329 698 serviles
1352 678 1449 706 operas
1479 674 1622 706 praestans.
1648 669 1681 696 Et
1704 669 1752 696 ille

962 714 1070 749 quidem
1100 715 1194 742 libenti
1226 716 1317 743 anitno
1343 716 1449 743 Aetium
1473 717 1540 744 artis
1567 715 1750 751 grammatica:

963 762 1103 795 przeceptis
1130 761 1259 788 instituit.
1284 761 1378 789 Aetius
1404 769 1486 793 vero,
1513 769 1575 789 cum
1603 761 1752 796 aliquando

963 808 1123 843 magistrum
1139 816 1218 836 suum
1235 808 1342 842 publice
1358 808 1537 843 coarguisset,
1559 812 1688 841 tanquam
1706 806 1749 833 di-

964 854 1026 881 vina
1047 855 1156 881 oracula
1180 854 1270 881 minus
1284 857 1357 881 recte
1374 854 1571 888 explicantem,
1597 859 1751 887 magnoque

125 890 155 917 δὲ
168 891 274 924 ἐλαθεὶς
296 893 445 929 Ἀθανασίῳ
467 894 640 928 συγγίνεται,
657 895 687 926 ὃς
709 895 763 922 τῶν
781 895 829 930 μὲν
843 896 911 922 Λου-

966 907 1023 926 ευιη
1038 899 1140 933 pudore
1154 898 1189 925 ob
1201 898 1333 933 ejusmodi
1349 898 1511 933 imperitiam
1527 897 1670 927 atl'ecisset.
1680 897 1751 923 hanc

125 937 222 965 κιανοῦ
241 938 288 964 τοῦ
310 939 448 975 μάρτυρος
472 940 609 976 ὁμιλητῶν
631 938 672 972 εἷς
696 941 839 975 ἐγεγόνει,
861 942 911 977 τὴν

125 983 293 1019 Ἀναΰαρζὸν
307 985 444 1011 διεσκόπει
460 985 534 1021 (82)·
553 987 618 1022 παρ’
643 984 665 1020 ᾧ
685 987 745 1018 τοὺς
768 987 913 1021 εὐαγγελι-

128 1029 194 1061 στὰς
205 1030 346 1064 ἀναγνοὺς,
360 1031 408 1057 καὶ
422 1032 480 1063 τοῖς
497 1031 557 1058 καθ’
577 1032 691 1059 ἕκαστον
705 1032 786 1059 αὐτὸν
799 1033 914 1068 ἐπιστή-

128 1082 189 1106 σας,
211 1075 257 1101 ἐπὶ
279 1075 328 1110 τὴν
353 1076 459 1111 Ταρσὸν
482 1076 557 1112 παρὰ
587 1077 727 1104 Ἀντώνιον
747 1078 912 1112 ἀφικνεῖται.

127 1119 189 1146 Τῶν
205 1121 354 1148 Λουκιανοῦ
378 1121 406 1148 δὲ
422 1123 469 1149 καὶ
483 1119 559 1155 οὗτος
580 1121 614 1157 ἦν
630 1123 787 1160 γνωρίμων.
808 1124 868 1158 Ὑφ’
883 1120 913 1151 οὖ

125 1166 176 1198 τὰς
192 1166 238 1193 τοῦ
264 1167 424 1194 Ἀποστόλου
441 1168 628 1204 ἀναδιδαχθεὶς
657 1170 815 1202 Ἐπιστολὰς
827 1190 835 1203 ,
855 1170 914 1196 ἱκα-

125 1211 171 1238 νὸν
188 1212 263 1247 αὐτῷ
280 1213 445 1249 συνδιέτριϐε
462 1214 569 1249 χρόνον,
590 1214 639 1249 τὴν
659 1214 707 1242 τοῦ
730 1215 913 1251 πρεσϐυτέρου

125 1257 203 1289 τάξιν
218 1258 378 1294 πληροῦντι.
400 1260 475 1286 Ἐπεὶ
489 1260 512 1287 δ’
527 1261 541 1286 ὁ
555 1260 697 1292 Ἀντώνιος
710 1260 805 1297 ἔφορος
820 1261 910 1295 ἐγεγό-

126 1312 179 1336 νει,
196 1305 242 1331 καὶ
258 1305 308 1340 οὐχ
319 1303 374 1337 οἷός
392 1314 422 1332 τε
437 1304 472 1341 ἦν
493 1306 697 1342 ὲνασχολεῖσθαι
716 1308 750 1342 τῇ
768 1307 916 1344 σοφιζούσῃ

126 1349 174 1375 τὸν
201 1349 301 1377 Ἀέτιον
323 1350 493 1387 διδασκαλίᾳ,
517 1352 557 1384 εἰς
579 1351 628 1387 τὴν
652 1353 790 1387 Ἀντιόχου
808 1353 888 1380 πάλιν
901 1354 915 1379 ὁ

133 1395 237 1428 ’Λέτιος
248 1397 397 1430 ἐπάνεισιν,
411 1398 612 1434 ἀκροασόμενος
623 1399 750 1425 Λεοντίου
763 1399 818 1434 (85)
827 1405 833 1412 ·
850 1407 915 1434 πρε-

127 1441 259 1477 σϐύτερος
275 1442 304 1468 δὲ
318 1440 352 1478 ἦν
375 1443 389 1469 ό
409 1443 534 1474 Λεόντιος
552 1444 612 1470 κατ’
635 1444 724 1470 ἐκεῖνο
738 1443 850 1480 καιροῦ,
869 1444 916 1470 καὶ

126 1488 208 1520 αὐτὸς
220 1489 275 1515 τῶν
289 1489 417 1524 μαθητῶν
429 1489 577 1517 Λουκιανοῦ
593 1490 764 1526 χρηματίσας
777 1499 783 1505 ·
799 1490 828 1522 ὃς
842 1489 916 1526 αὑτῷ

127 1535 177 1561 κα)⁸
191 1535 255 1566 τοὺς
271 1536 412 1571 προφήτας
428 1535 592 1571 ἐξηγήσατο,
608 1536 654 1563 καὶ
673 1536 790 1572 μάλιστα
803 1537 849 1563 τὸν
870 1537 917 1563 Ἰε-

127 1580 234 1616 ζεκιήλ.
268 1581 349 1608 Ἀλλὰ
366 1582 493 1608 κάκεῖθεν
515 1582 596 1609 αὐτὸν
611 1583 626 1608 ὁ
650 1582 746 1617 φθόνος
767 1580 862 1614 αὖθις,
879 1581 917 1613 ὡς

126 1627 315 1663 Φιλοστόργιος
327 1627 414 1663 ληρεῖ,
427 1628 465 1659 ὡς
479 1628 500 1654 δ’
513 1629 545 1655 ἄν
559 1637 601 1660 τις
617 1627 755 1664 ἀληθεύων
769 1629 852 1661 εἴποι,
865 1628 914 1663 τῆς

126 1672 253 1708 γλώσσης
269 1674 285 1708 ἡ
304 1674 423 1709 ἀκρασία
433 1693 439 1704 ,
458 1674 505 1700 καὶ
519 1674 548 1700 τὺ
564 1674 611 1701 τοῦ
628 1674 800 1709 φρονήματος
818 1673 914 1700 δυσσε-

129 1719 176 1749 ϐὲς
190 1719 347 1747 ἀπελαύνει.
368 1719 488 1746 Ἐκεῖθεν
503 1717 549 1747 οὖν
564 1719 613 1756 τὴν
631 1719 759 1746 Κιλικίαν
773 1718 915 1754 καταλαμ-

129 1765 206 1791 ϐάνει
215 1773 222 1779 ·
238 1765 285 1792 καί
298 1774 340 1797 τις
353 1766 406 1793 τῶν
419 1765 606 1802 Βορϐοριανῶν
618 1766 655 1802 (a)
671 1765 761 1800 λόγοις
775 1765 849 1800 αὐτῷ
862 1765 915 1792 ὑπὸ

127 1812 179 1846 τῆς
194 1811 262 1844 ιδίας
276 1812 355 1848 δόξης
371 1812 542 1848 συμπλακεὶς
557 1812 625 1848 (Si),
649 1813 689 1844 είς
708 1812 827 1848 ἐσχάτην
849 1820 916 1838 κατ-

129 1856 244 1892 έστησεν
255 1855 350 1893 ἧτταν.
371 1857 428 1893 Ἐφ’
444 1855 466 1893 ᾧ
481 1858 585 1893 ἀθυμία
596 1867 626 1885 τε
640 1858 721 1885 αὐτὸν
733 1859 854 1892 κατεῖχε,
869 1857 917 1884 καὶ

128 1902 161 1928 τὸ
175 1901 226 1938 ζῇν
239 1903 289 1930 οὐκ
305 1903 418 1930 ἀνεκτὸν
431 1904 538 1940 ἠγεῖτο,
550 1904 621 1939 ὁρῶν
631 1903 661 1931 τὸ
677 1903 779 1939 ψεῦδος
789 1903 840 1938 τῆς
852 1903 918 1938 ἀλη-

962 943 1113 971 mercedem
1130 943 1239 975 retulit,
1255 948 1285 968 ut
1295 950 1329 969 ex
1343 942 1425 969 domo
1441 942 1509 969 bene
1523 942 1556 969 de
1571 942 1630 976 ipso
1652 941 1750 968 merita

962 989 1118 1024 ejicerctur.
1152 989 1215 1016 lude
1245 988 1328 1023 igitur
1358 989 1488 1023 expulsus
1513 996 1574 1014 cum
1601 987 1749 1014 Athanasio

963 1039 1086 1061 versatus
1103 1039 1154 1065 est,
1168 1033 1283 1060 Luciani
1305 1033 1433 1068 martyris
1454 1033 1602 1067 discipulo,
1621 1032 1668 1067 qui
1687 1037 1751 1059 tunc

962 1079 1096 1106 Auazarbi
1125 1079 1310 1114 episcopatum
1338 1079 1457 1114 regebat.
1485 1078 1563 1113 Apud
1584 1086 1664 1112 quem
1686 1085 1748 1104 cum

963 1125 1143 1160 evangelistas
1157 1124 1282 1159 legisset,
1297 1128 1324 1152 et
1338 1124 1445 1159 singula
1460 1131 1521 1158 quae
1543 1123 1569 1150 in
1583 1123 1635 1150 illis
1654 1130 1751 1149 occur—

964 1175 1028 1198 runt
1049 1176 1174 1198 accurate
1195 1170 1384 1202 observassct,
1399 1168 1515 1197 Tarsum
1533 1169 1595 1195 inde
1616 1168 1754 1203 perrexit,

964 1217 1072 1244 visurus
1088 1216 1253 1248 Antonium,
1267 1216 1314 1250 qui
1331 1221 1358 1243 et
1380 1216 1437 1250 ipse
1454 1223 1525 1242 unus
1540 1219 1600 1242 erat
1619 1222 1650 1241 ex
1669 1213 1751 1240 disci-

964 1262 1035 1297 pulis
1049 1262 1173 1289 Luciani.
1189 1261 1211 1287 A
1226 1269 1281 1296 quo
1296 1269 1358 1288 cum
1373 1260 1553 1295 Epistolarum
1568 1259 1644 1286 Pauli
1660 1258 1752 1293 expla-

965 1308 1102 1335 nationem
1128 1307 1284 1340 didicisset,
1305 1307 1373 1334 satis
1397 1306 1442 1333 diu
1467 1314 1528 1333 Clllll
1558 1313 1591 1332 eo
1615 1305 1699 1338 vixit,
1724 1304 1753 1331 in

965 1354 1181 1389 presbyterorum
1201 1352 1296 1379 ordine
1317 1351 1407 1379 adhuc
1428 1351 1589 1379 constituto.
1611 1349 1661 1378 Ubi
1687 1358 1753 1378 veto

966 1400 1102 1427 Antonius
1116 1398 1149 1426 ad
1162 1398 1347 1433 episcopatum
1361 1401 1469 1424 evectus
1477 1401 1528 1430 est,
1545 1405 1594 1424 nec
1604 1396 1755 1424 erudiendo

966 1447 1043 1474 Aetio
1060 1454 1157 1474 vacare
1179 1445 1296 1480 amplius
1322 1448 1444 1479 poterat,
1458 1444 1557 1471 iterum
1580 1443 1674 1470 Aetius
1695 1442 1752 1468 An—

967 1493 1096 1520 tiochiam
1114 1493 1267 1523 revertitur,
1284 1491 1427 1518 Leontium
1444 1491 1608 1521 auditurus,
1623 1490 1669 1524 qui
1688 1494 1754 1516 tunc

967 1539 1098 1574 temporis
1118 1541 1258 1574 presbyter
1273 1543 1332 1565 erat
1349 1537 1517 1569 Antiochiae,
1541 1541 1567 1564 et
1581 1544 1652 1563 unus
1666 1535 1755 1562 fuerat

967 1594 1000 1612 ex
1017 1584 1186 1611 auditoribus
1202 1583 1315 1610 Lueiaui
1332 1593 1338 1610 :
1356 1583 1400 1610 hic
1411 1582 1566 1618 prophetas,
1577 1588 1608 1608 ac
1621 1580 1755 1615 praecipuo

968 1631 1136 1658 Ezechielem
1154 1630 1282 1665 exposuit
1300 1630 1378 1657 Actio
1388 1649 1395 1656 .
1420 1628 1472 1656 Sed
1487 1636 1581 1655 rursus
1596 1626 1695 1654 invidia
1705 1647 1712 1658 ,
1726 1629 1756 1653 ut

968 1676 1086 1703 somniat
1102 1675 1315 1710 Pliilostorgius,
1337 1674 1385 1702 sed
1407 1678 1437 1701 ut
1459 1674 1548 1701 verius
1566 1673 1665 1707 aliquis
1677 1671 1755 1699 dixi:-

968 1722 1019 1756 rit,
1045 1722 1145 1757 lingua:
1174 1721 1380 1756 intemperantia
1404 1724 1431 1747 et
1453 1720 1609 1754 dogtnatum
1630 1719 1756 1753 impietas

968 1768 1031 1796 inde
1051 1776 1112 1794 eum
1134 1768 1223 1802 eiecit.
1250 1767 1328 1794 Illinc
1350 1766 1434 1801 igitur
1457 1766 1551 1793 Aetius
1578 1765 1605 1792 in
1629 1764 1754 1791 Ciliciam

968 1810 1106 1846 profectus
1125 1814 1167 1838 est
1183 1820 1190 1837 :
1207 1810 1251 1837 ubi
1267 1809 1376 1845 quidam
1401 1817 1434 1836 ex
1454 1808 1550 1835 lneresi
1574 1807 1754 1834 Borboriano-

969 1865 1042 1887 rum,
1057 1864 1106 1891 pro
1119 1856 1278 1883 defensione
1291 1855 1425 1890 dogmatis
1442 1855 1484 1881 sui
1500 1862 1561 1881 cum
1577 1861 1610 1881 eo
1627 1861 1751 1887 congres-

971 1910 1034 1934 sus,
1050 1902 1160 1937 penitus
1174 1909 1235 1929 etnn
1254 1901 1319 1928 vicit
1341 1905 1423 1935 atque
1448 1900 1593 1935 oppressit.
1618 1898 1705 1932 Quam
1721 1899 1756 1926 ob

742 1988 864 2010 V'ALESII
884 1987 1126 2010 ANNOTATIONES
1131 2003 1137 2008 .

130 2046 221 2073 clesiae
236 2045 380 2079 episcopos
395 2051 568 2075 enumerans.
587 2051 641 2070 non
656 2042 741 2070 solius
756 2041 850 2079 Marci,
865 2042 914 2079 sed

131 2077 293 2114 generaliter
306 2077 490 2114 apostolorum
502 2086 676 2106 successores
690 2077 827 2114 nominat;
845 2077 915 2114 idem

130 2111 242 2150 quoque
263 2111 390 2142 observat
404 2114 431 2140 in
455 2114 589 2150 episcopis
600 2112 764 2150 Antiochia;
782 2111 818 2150 Ita
833 2113 915 2139 etiam

131 2146 250 2177 lienieus
262 2150 287 2176 in
299 2150 369 2176 libro
382 2150 481 2184 primo.
494 2149 528 2175 de
539 2146 644 2184 Hygino
657 2149 772 2184 loquens
787 2146 917 2184 Romana!

132 2185 210 2212 urbis
224 2185 361 2219 episeopo,
375 2182 437 2211 eum
454 2182 915 2219 nonum'locumrepiscopalissue-

132 2216 266 2247 cessionis
283 2216 403 2246 tenuisse
416 2219 481 2246 dicit
493 2223 554 2253 post
568 2216 706 2253 apostolos
710 2226 723 2253 5
739 2216 786 2243 sed
797 2223 826 2253 et
842 2217 916 2244 Lati-

131 2263 184 2282 nos
198 2255 291 2281 eodem
307 2255 387 2281 modo
403 2251 508 2281 locutos
523 2251 687 2280 invenimus.
704 2252 783 2279 Certe
797 2251 914 2280 Ruﬁnus

131 2290 172 2317 De
185 2289 377 2316 adulteratione
402 2289 448 2315 lib.
470 2289 590 2323 Origenis
614 2289 651 2316 ita
674 2287 740 2323 dici_t
763 2295 778 2323 :A
792 2286 911 2314 Clemens

973 2042 1102 2069 Bocliarti
1117 2047 1208 2069 autem
1223 2041 1318 2069 codice
1333 2041 1425 2068 nescio
1442 2040 1504 2075 quis
1522 2039 1671 2071 adnotavit,
1688 2039 1758 2066 forte

969 2078 1144 2104 scribendum
1169 2084 1230 2104 esse
1245 2076 1273 2102 δὲ
1292 2076 1441 2102 διεσκόπει.
1457 2075 1514 2111 Ego
1530 2075 1636 2102 mallem
1657 2075 1755 2110 legere,

968 2113 1018 2148 τὴν
1041 2111 1207 2147 Ἀνάζαρὸον
1221 2111 1245 2148 δ’
1260 2111 1419 2137 ἐπεσκόπει.

1004 2147 1059 2183 (85)
1093 2143 1337 2183 Ἆκροασᾴμενος-
1358 2146 1513 2173 Λεοντίου.
1548 2144 1645 2183 Procul
1673 2143 1756 2183 dubio

969 2179 1144 2210 scribendum
1161 2186 1203 2208 est
1217 2179 1432 2216 ἀκροασόμενος,
1446 2180 1677 2216 quemadmodum
1690 2179 1756 2213 legi-

969 2222 1014 2244 tur
1028 2218 1055 2244 in
1073 2225 1125 2244 ms.
1147 2216 1241 2244 codice
1256 2216 1392 2242 Bocharti.

1002 2252 1057 2287 (Si)
1087 2252 1194 2286 Λόγοις
1214 2249 1298 2287 αὑτῷγ
1317 2250 1376 2287 ὑπὸ
1398 2250 1454 2284 τῆς
1477 2249 1554 2287 ἰδίας
1567 2249 1667 2287 ’δόξης
1681 2256 1757 2287 σψμ-

965 2284 1103 2319 πλακὲις.
1121 2284 1264 2314 Assentior
1275 2286 1333 2312 viro
1347 2286 1438 2317 docto,
1455 2286 1499 2320 qui
1517 2285 1550 2311 ad
1567 2285 1638 2320 latus
1652 2284 1756 2311 codicis

132 2325 315 2360 apostolorum
334 2324 492 2358 discipulus.
508 2319 552 2358 qui
573 2323 697 2360 Romana:
714 2320 841 2349 Ecclesia
856 2328 913 2357 post
930 2322 953 2351 D
966 2322 1138 2360 Bochartiapi
1156 2321 1189 2348 ad
1211 2328 1304 2360 vocem
1330 2320 1390 2352 ὑπό,
1415 2319 1555 2360 adnotavit
1581 2319 1754 2360 scribendum

132 2360 265 2394 apostolos
278 2360 413 2393 episcopus
425 2364 453 2394 eli
465 2364 567 2394 martyr
582 2359 701 2393 praefuit.

168 2395 224 2431 (81)
247 2395 301 2422 Τοῦ
326 2393 514 2431 διδᾳσκᾴῑου
539 2394 701 2431 δνιιμοονίουἱ
724 2393 802 2431 Hunc
827 2395 917 2431 locum

131 2429 273 2458 emendavi
283 2437 316 2456 ex
326 2430 420 2466 codice
435 2429 571 2466 Bocharti,
585 2430 611 2456 in
623 2429 808 2466 (ιιιονδημοσίᾳ
819 2430 919 2457 diserte

132 2466 286 2527 sctiitéitp’ro:
302 2470 329 2492 et
341 2465 423 2500 paulo
438 2469 512 2500 post,
528 2465 571 2492 ἐπ’
586 2464 839 2501 ἀμαθείᾳζυριίιηε
855 2472 918 2499 pro-

132 2510 165 2527 cu
212 2509 228 2527 ιι
248 2508 255 2526 ι
278 2521 284 2526 .

131 2507 175 2528 Clll
192 2507 284 2527 (lllUlO.

168 2535 225 2571 (82)
239 2534 303 2571 Τὴν
324 2533 498 2571 Ἀναεαρῷῂ
517 2534 681 2571 διεσκόπει.
701 2533 790 2571 μίσος
806 2533 919 2571 _Holst_e-

130 2569 195 2598 nius
213 2570 246 2597 ad
260 2571 331 2597 latus
351 2570 395 2597 sui
408 2569 512 2597 codicis
523 2570 688 2601 emendavit,
704 2569 733 2596 δὲ
747 2569 870 2596 ἐσκόπει.
889 2569 917 2595 In

971 2358 1055 2385 videri
1067 2357 1136 2391 ὑπὲρ
1146 2365 1153 2371 ·
1171 2364 1225 2390 qua
1241 2356 1348 2391 quidem
1364 2356 1553 2391 emcmlatiune
1563 2354 1629 2391 nihil
1642 2354 1754 2391 certius.

973 2393 1107 2426 lnterpres
1118 2389 1228 2425 quidem
1240 2389 1424 2417 Gothofredus
1438 2391 1463 2416 in
1476 2389 1559 2426 hujus
1569 2389 1621 2416 loci
1632 2389 1756 2426 versione

973 2424 1088 2461 turpiter
1108 2424 1290 2453 hallucinatus
1310 2429 1363 2461 est,
1383 2425 1467 2461 cujus
1491 2424 1756 2461 versionem_Lt_iras

972 2458 1131 2489 Holstenius
1155 2462 1182 2488 in
1207 2469 1256 2488 suo
1271 2460 1365 2487 codice
1381 2458 1589 2487 itaremeudavit
1611 2468 1617 2485 :
1640 2458 1674 2486 Et
1690 2459 1757 2485 Bor-

972 2497 1143 2524 borianorum
1164 2495 1262 2529 aliquis
1283 2495 1430 2521 rationibus
1454 2496 1591 2529 propriam
1606 2495 1758 2528 opinionem

970 2539 1150 2567 propugnans,
1172 2539 1233 2557 cum
1248 2538 1278 2557 eo
1302 2537 1456 2564 congressus
1476 2529 1580 2564 penitus
1594 2531 1681 2564 ipsum
1695 2536 1758 2555 con-

971 2567 1080 2602 Ῑιιιιιυὶι.

866 2638 1030 2660 VABIORUM
1036 2651 1043 2658 .

169 2691 207 2725 (ιι)
227 2693 274 2724 Τις
288 2691 348 2718 τῶν
362 2691 577 2726 Βορόοριανῶν.
592 2692 764 2725 Borboriaui,
782 2699 830 2720 seu
851 2692 919 2720 Bor-

131 2726 239 2757 boritte.
264 2726 382 2762 haeretici
407 2727 494 2754 exorti
520 2727 688 2762 temporibus
712 2727 825 2754 Adriani
851 2727 915 2762 imp.

132 2762 206 2788 circa
223 2768 269 2787 an.
286 2761 352 2797 Chr.
368 2761 429 2795 ης),
443 2762 499 2797 qui,
516 2766 546 2789 ut
560 2763 599 2789 ait
610 2761 772 2790 Philastrius
788 2763 815 2789 in
826 2761 915 2789 Catal.

135 2797 275 2827 "teretia,
296 2796 367 2823 vitiis
388 2797 520 2832 implicati
538 2797 641 2830 swculi,
657 2802 682 2824 et
700 2797 779 2824 malis
793 2799 916 2832 concupi—

133 2831 240 2859 scentiis
257 2831 407 2862 servientes,
421 2831 553 2866 judicium
564 2841 616 2859 non
631 2836 770 2866 sperarunt
785 2831 915 2866 futurum,

135 2866 179 2894 uti
192 2867 282 2902 potius
299 2867 432 2894 carnalem
452 2867 543 2895 swculi
567 2867 804 2902 concupiscentiam
820 2867 915 2895 lauda.

966 2695 1040 2718 runt.
1058 2689 1104 2717 Sic
1116 2689 1179 2717 dicti
1191 2697 1223 2716 ex
1233 2687 1326 2716 Graeco
1340 2687 1479 2723 βόρϐορος,
1495 2695 1605 2723 omnum.
1623 2686 1675 2723 Sic
1681 2685 1755 2723 enim

967 2727 1037 2753 idem
1053 2735 1059 2752 :
1077 2725 1113 2752 Hi
1129 2725 1219 2760 itaque
1238 2724 1265 2750 in
1273 2721 1380 2760 Acwnuni
1394 2721 1495 2760 euntes,
1517 2727 1541 2748 et
1558 2722 1619 2748 inde
1632 2721 1708 2760 obliti
1722 2721 1754 2747 dc

966 2769 1037 2788 cazno
1053 2761 1136 2795 facies
1156 2756 1181 2787 el
1199 2758 1316 2795 membra
1335 2767 1392 2795 sua;
1404 2758 1599 2795 ιίιςιονιτιαηιεεἸ
1612 2756 1703 2783 eadem
1725 2764 1753 2781 re

965 2792 1067 2823 cunctis
1086 2795 1156 2822 velut
1170 2793 1393 2829 culpandamADci
1409 2798 1560 2829 creaturam
1583 2792 1752 2829 demonstra-

965 2832 1039 2862 bant.
1064 2826 1304 2858 Vide‘Tbeodorit.
1320 2827 1422 2854 (Iterat.
1446 2827 1501 2862 fab.
1520 2828 1566 2854 lib.
1592 2834 1611 2859 ι,
1627 2835 1686 2862 cap.
1709 2826 1751 2858 I3.

964 2871 990 2894 et
1003 2866 1134 2902 Epiphan.
1152 2865 1249 2892 haeres.
1267 2862 1458 2891 Guosticorum
1469 2862 1518 2897 26,
1530 2871 1556 2890 ιι,
1572 2862 1599 2889 5.
