1978 3075
195 150 249 178 501

887 146 1131 176 PHILOSTORGIX

1778 143 1831 172 508

195 215 308 236 causam
332 207 501 242 despondere
523 207 646 234 animum
671 207 771 243 ccepit,
789 215 840 234 nec
858 207 909 235 sibi
929 216 990 234 am-

1046 207 1118 238 θείας
1139 205 1381 241 ἐπικρατέστερον.
1407 203 1484 232 Οὕτω
1506 203 1535 230 δὲ
1553 202 1592 238 τῷ
1615 202 1710 238 ’Δετίῳ
1732 202 1834 230 διακει-

195 254 267 288 plius
286 254 431 281 vivendum
446 261 507 281 esse
523 253 713 286 existimabat,
733 261 794 281 cum
812 254 986 281 mendacium

194 304 309 327 veritate
333 300 471 334 potentius
496 307 557 327 esse
579 305 710 327 cerneret.
740 300 807 327 Dum
832 300 873 327 sic
895 300 988 327 animo

194 346 310 373 affectus
325 349 398 373 esset
411 345 518 377 Aetius,
539 345 609 372 visio
625 346 767 379 quaedam,
784 350 814 372 ut
828 345 905 380 ﬁiigit
924 344 988 372 Phi-

195 391 359 426 lostorgius,
375 391 400 418 ei
415 391 506 418 oblata
525 396 583 423 est,
603 399 664 426 qua:
680 391 800 418 animum
825 391 884 426 ejus
903 391 989 419 erexit

195 443 227 462 ac
241 436 423 470 conﬁrmavit,
438 436 524 471 signis
535 437 698 471 quibusdam
712 437 843 464 exhibens
860 438 987 465 invictam

195 482 250 508 vim
269 482 418 517 sapienlim,
433 491 494 517 qua:
506 483 544 510 illi
562 484 690 518 deinceps
705 484 833 511 adfutura
850 489 931 512 esset.
949 485 990 512 Ex.

195 535 230 555 eo
245 533 369 564 tempore
390 529 415 556 id
432 530 525 557 datum
542 536 585 557 est
599 530 731 558 divinitus
751 531 847 563 Aetio,
863 535 892 558 ut
908 539 923 558 a
941 539 989 558 ne-

197 575 269 602 mine
304 576 332 602 in
373 575 606 610 disputationibus
633 577 798 603 vinceretur.
824 576 879 604 Nec
903 577 990 604 multo

196 626 258 656 post
291 622 468 657 Aphthonius
499 622 610 657 quidam
639 622 851 650 Manichaeorum
869 624 991 652 insania

196 668 369 703 prmpositus,
382 672 409 695 et
422 672 479 695 tum
494 669 645 703 sapientiae,
664 673 719 695 tum
731 668 895 704 eloquentia:
906 677 989 697 causa

197 721 322 748 magnam
339 713 410 748 apud
431 713 532 740 multos
547 713 662 747 gloriam
680 719 859 746 consecutus,
877 714 903 741 in
923 715 991 742 urbe

195 760 358 786 Alexandria
373 767 435 786 cum
453 767 487 786 eo
509 767 674 795 congressus
694 765 746 787 est.
770 760 875 788 Etenim
896 761 991 788 Aetius

195 813 228 832 ex
244 805 310 832 urbe
331 805 475 833 Antiochia
493 806 527 833 ad
549 813 611 833 eum
636 811 761 839 verterat,
783 806 855 834 fama
872 807 991 836 hominis

196 846 311 878 excitus.
335 851 385 878 Ulii
411 859 475 879 vero
498 852 531 879 ad
559 857 696 879 certamen
718 857 827 880 ventum
853 858 912 884 est.
935 861 990 880 non

196 897 273 924 valde
291 898 395 931 prolixa
424 898 612 932 disputatione
636 899 731 936 habita
756 899 848 926 Aetius
869 881 992 934 Aphtlio-
1008 881 1027 907 Β

195 944 272 970 nium
307 943 340 970 ad
368 945 502 971 sermonis
525 944 643 979 inopiam
666 945 822 978 redactum,
841 952 872 972 ex
895 952 990 980 magna

196 989 281 1024 gloria
302 989 329 1015 in
351 997 491 1016 summum
508 990 628 1017 dedecus
647 995 729 1025 atque
747 991 924 1024 ignominiam
943 990 992 1017 de-

196 1036 304 1070 pressit.
330 1035 421 1068 Quare
446 1036 618 1070 Aphthonius
644 1042 741 1072 printer
761 1037 991 1071 exspectationem

196 1082 297 1107 victum
314 1089 343 1108 se
369 1089 440 1115 aegre
459 1082 569 1114 ferens,
590 1083 616 1109 in
648 1083 840 1117 gravissimum
865 1083 990 1110 morbum

196 1126 301 1158 incidit,
319 1134 399 1161 quem
420 1135 494 1154 mors
515 1127 589 1154 brevi
608 1128 756 1156 subsecuta
770 1134 829 1160 est,
843 1136 905 1156 cum
922 1130 992 1156 ultra

198 1178 300 1207 septem
317 1173 376 1200 dies
393 1178 452 1208 post
476 1174 547 1202 hanc
573 1179 712 1209 acoeptam
738 1175 842 1202 cladem
866 1176 992 1209 supervi-

197 1225 261 1244 vere
288 1218 399 1245 miniinc
427 1219 574 1253 potuisset.
605 1219 700 1247 Aetius
733 1228 799 1247 vero
822 1221 992 1248 adversarios

197 1270 264 1290 suos
287 1264 461 1291 sermonibus
488 1264 590 1299 ubique
613 1266 777 1299 superabat,
803 1271 830 1293 et
860 1267 991 1293 illustrem

199 1309 341 1336 victoriam
363 1311 528 1344 rcportnbat.
555 1310 607 1337 Per
633 1311 705 1338 idem
724 1316 831 1346 tempus
852 1312 993 1339 medicina:

199 1363 308 1389 quoque
329 1363 438 1389 operarii
456 1357 547 1390 dedit,
568 1364 624 1391 quo
640 1365 694 1384 non
713 1358 800 1385 solum
817 1359 990 1391 animorum,

198 1408 292 1427 verum
325 1401 406 1428 etiam
440 1409 586 1436 corporum
622 1404 734 1430 morbos
760 1411 858 1430 curare
889 1408 991 1438 posset.

200 1445 299 1473 llabuit
317 1452 405 1474 autem
423 1448 448 1474 in
465 1455 496 1475 ea
508 1448 652 1483 disciplina
669 1449 829 1483 magistrum
853 1449 992 1484 Sopolim,

200 1493 286 1519 viruin
315 1494 341 1519 in
358 1493 408 1521 hac
440 1499 498 1521 arte
517 1495 585 1521 nulli
609 1495 773 1522 secundum.
798 1495 884 1522 Porro
898 1495 993 1523 Aetius

1041 253 1114 288 μένῳ
1127 251 1245 278 ὁπτασία
1261 260 1314 285 τις,
1337 252 1376 284 ὡς
1394 248 1472 283 οὗτος
1486 249 1676 285 τερατολογεῖ,
1690 249 1834 283 ἐφίσταται

1039 298 1141 326 λύουσα
1152 298 1203 333 τὴν
1210 297 1341 333 ἀθυμίαν,
1353 297 1497 332 συμῦόλοις
1510 295 1685 332 παρεχομένη
1697 295 1728 321 τὸ
1738 295 1833 321 ἀναντ-

1039 345 1190 379 αγώνιστον
1207 344 1257 379 τῆς
1269 344 1320 380 ήδη
1342 343 1534 379 παρεχομένης
1554 342 1637 369 αὐτοῦ
1652 341 1749 376 σοφίας
1765 340 1832 376 (85).

1040 391 1172 418 Κάκεῖθεν
1185 391 1369 425 παραγεγόνει
1383 389 1422 425 τῷ
1441 390 1536 424 Ἀετίῳ
1550 389 1581 415 τὸ
1597 387 1709 424 μηδενὸς
1723 388 1751 414 ἐν
1767 396 1834 422 συμ-

1040 437 1154 468 πλοκαῖς
1167 436 1302 472 ἡττᾶσθαι
1317 435 1414 469 λόγων.
1432 435 1499 461 Μετ’
1517 435 1548 461 οὺ
1565 433 1632 460 πολὺ
1652 433 1718 467 γοῦν
1739 432 1834 466 Ἀφθό-

1041 483 1098 514 νιός
1113 491 1154 514 τις
1173 482 1222 517 τῆς
1236 481 1395 516 Μανιχαίων
1415 479 1517 515 λύσσης
1541 478 1699 516 προεστὼς,
1722 479 1769 506 καὶ
1787 488 1833 514 με-

1043 529 1129 564 γάλην
1149 528 1224 563 παρά
1241 527 1350 558 πολλοῖς
1365 527 1412 553 ἐπὶ
1429 527 1511 562 σοφίᾳ
1533 527 1580 553 καὶ
1596 526 1731 560 δεινότητι
1747 525 1833 559 λόγων

1042 575 1132 610 φέρων
1148 574 1198 609 τὴν
1217 573 1307 607 δόξαν,
1328 574 1356 600 ἐν
1379 575 1412 608 τῇ
1433 573 1493 599 κατ’
1508 573 1647 606 Αἴγυπτον
1663 573 1738 608 αὐτῷ
1759 571 1827 598 Ἀλε-

1043 621 1169 657 ξανδρείᾳ
1186 620 1384 656 συμπλέκεται.
1409 621 1463 647 Καὶ
1479 620 1534 656 γὰρ
1549 618 1600 656 ἧκε
1623 621 1692 656 πρὸς
1708 619 1788 646 αὑτὸν
1805 619 1833 652 ἐξ

1049 667 1213 702 Ἀντιοχείας
1234 668 1248 693 ό
1273 667 1375 698 Ἀέτιος
1388 687 1395 698 ,
1415 667 1468 693 ὑπὸ
1481 667 1531 702 τῆς
1549 667 1632 693 αὑτοῦ
1648 667 1742 702 φήμης
1755 666 1834 693 ἑλκό-

1045 721 1134 748 μενος.
1155 713 1198 744 Ὧς
1214 713 1237 738 δ’
1254 713 1295 743 είς
1307 712 1423 747 ἅμιλλαν
1436 712 1562 747 ἀλλήλοις
1577 712 1759 747 κατέστησαν,
1774 712 1833 738 οὐδὲ

1043 759 1151 790 πολλοῖς
1161 757 1399 793 καταναλωθείσης
1408 758 1562 791 διαλέξεως,
1579 759 1619 790 είς
1635 759 1755 792 ἀφωνίαν
1772 766 1834 784 συν-

1044 805 1144 836 ελάσας
1157 806 1171 831 ὁ
1192 805 1294 836 Ἀέτιος
1315 805 1361 831 τὸν
1390 805 1540 839 Ἀφθόνιον,
1560 807 1592 832 ἐκ
1619 806 1739 841 μεγάλης
1756 806 1833 841 δόξης

1044 852 1084 883 εἰς
1101 851 1221 887 μεγάλην
1233 851 1365 886 αἰσχύνην
1379 851 1542 886 κατήνεγκε.
1554 851 1600 878 Διὸ
1615 852 1662 878 καὶ
1678 851 1717 887 τῷ
1732 853 1827 887 ἀπροσι

1042 898 1148 933 δοκήτῳ
1162 896 1358 933 βαρυθυμήσας
1366 897 1416 932 τῆς
1427 898 1522 932 ἥττης,
1532 898 1607 924 νόσον
1618 906 1648 924 τε
1661 899 1834 926 ἐπεσπάσατο

1042 944 1174 980 χαλεπὴν,
1190 944 1237 970 καὶ
1259 945 1292 979 τῇ
1307 944 1378 979 νόσῳ
1391 944 1478 979 πέρας
1489 945 1503 970 ὀ
1519 944 1633 976 θάνατος
1647 942 1692 976 ἦν,
1707 945 1768 972 οὐδὲ
1784 954 1833 972 πε-

1044 990 1161 1025 ραιτέρω
1176 989 1231 1015 τῶν
1247 989 1317 1016 ἑπτὰ
1334 989 1446 1025 ἡμερῶν
1469 989 1662 1025 διαρκέσαντος
1677 990 1724 1016 τοῦ
1742 990 1829 1025 σῶμα⁴

1042 1045 1087 1067 τος
1103 1035 1157 1062 ἀπὸ
1170 1036 1219 1071 τῆς
1236 1035 1355 1070 πληγῆς.
1380 1035 1482 1067 Ἀέτιος
1499 1035 1527 1061 δὲ
1541 1035 1585 1062 διὰ
1598 1036 1707 1063 πάντων
1725 1036 1834 1072 ἐχώρει,

1042 1083 1098 1112 τοῖς
1119 1081 1209 1115 λόγοις
1227 1081 1291 1112 τοὺς
1309 1080 1474 1112 ἀντιπάλους
1496 1080 1566 1107 κατὰ
1592 1081 1693 1117 κράτος
1719 1081 1834 1116 βάλλων,

1043 1127 1089 1153 καὶ
1105 1126 1153 1162 τὴν
1165 1127 1243 1161 νίκην
1257 1127 1387 1162 λαμπρὰν
1400 1126 1590 1162 ἀναδούμενος.
1603 1127 1670 1153 Τότε
1685 1126 1712 1154 δὲ
1726 1128 1771 1153 καὶ
1787 1127 1834 1162 τῆς

1045 1173 1168 1208 ἰατρικῆς
1185 1172 1287 1206 ἐξῆπτο
1301 1172 1357 1206 (86)
1369 1193 1376 1205 ,
1392 1172 1429 1204 ὡς
1444 1172 1478 1199 ἂν
1499 1172 1536 1208 μὴ
1552 1172 1631 1207 μόνον
1648 1173 1754 1208 ψυχῶν.
1769 1173 1835 1200 ἀλλὰ

1043 1218 1091 1244 καὶ
1108 1218 1241 1252 σωμάτων
1255 1218 1311 1252 ἔχοι
1326 1217 1376 1249 τὰς
1399 1217 1494 1249 νόσους
1515 1217 1616 1244 ἰᾶσθαι.
1633 1217 1752 1250 Σώπολις
1766 1218 1788 1244 δ’
1802 1216 1836 1253 ἦν

1043 1263 1118 1299 αὐτῷ
1132 1264 1180 1290 τοῦ
1199 1263 1360 1299 μαθήματος
1380 1265 1394 1290 ό
1411 1263 1588 1296 διδάσκαλος,
1604 1264 1673 1299 ἀνὴρ
1691 1265 1718 1290 ἐν
1735 1265 1767 1299 τῇ
1790 1264 1834 1290 τέ-

1043 1318 1093 1345 χνῃ
1110 1309 1222 1344 μηδενὸς
1235 1309 1305 1343 ἔχων
1321 1309 1355 1336 τὰ
1367 1309 1483 1343 δεύτερα
1495 1317 1502 1324 ·
1529 1309 1682 1345 ἀριστεύων
1701 1309 1730 1335 δὲ
1748 1310 1776 1335 ἐν
1793 1309 1835 1335 ια-

1042 1358 1123 1391 τρικῇ
1140 1357 1154 1382 ό
1176 1356 1294 1388 Ἀέτιος,
1309 1356 1425 1391 ἄμισθον
1446 1357 1557 1391 παρεῖχε
1571 1357 1627 1388 τοῖς
1635 1355 1773 1391 δεομένοις
1787 1355 1837 1391 τὴν

1043 1402 1203 1438 θεραπείαν.
1216 1403 1248 1428 Et
1262 1402 1291 1428 δέ
1305 1410 1370 1428 ποτε
1386 1402 1495 1437 ἐδέησεν
1511 1401 1585 1437 αύτῷ
1597 1402 1652 1428 τῶν
1666 1402 1836 1436 ἀναγκαίων,

1044 1449 1120 1483 παρά
1134 1457 1186 1475 τινι
1200 1448 1255 1474 τῶν
1269 1448 1424 1483 ὁμοτέχνων
1437 1447 1544 1483 νύκτωρ
1562 1447 1672 1482 φοιτῶν,
1687 1448 1729 1474 ἵνα
1748 1447 1786 1483 μὴ
1801 1448 1838 1474 δι’

1043 1494 1152 1529 ἡμέρας
1169 1494 1303 1527 ἀπάγοιτο
1315 1494 1369 1520 τῶν
1382 1493 1609 1529 σπουδαιοτέρων,
1627 1494 1688 1520 ὅσον
1708 1493 1756 1520 τοῦ
1771 1503 1836 1529 χρυο

199 1546 261 1565 eum
274 1538 300 1565 in
316 1539 366 1565 hac
383 1544 441 1566 arte
461 1540 564 1566 medica
579 1540 740 1573 excelleret,
760 1541 907 1576 gratuitam
921 1541 992 1567 iniii-

1046 1542 1104 1567 σίου
1118 1541 1319 1576 τεχνικωτέρας
1333 1540 1418 1566 ἐδεῖτο
1433 1539 1540 1574 χειρὸς,
1555 1538 1635 1565 τοῦτο
1648 1539 1677 1565 δὲ
1694 1539 1748 1574 ἄρα
1762 1539 1826 1572 ἑξερ

200 1584 326 1618 gentibus
355 1592 465 1619 operam
497 1587 653 1620 praestabat.
686 1586 764 1622 Quod
786 1588 807 1613 si
838 1586 907 1614 forte
936 1587 992 1622 ipse

1046 1587 1197 1623 γαξόμενος
1211 1588 1267 1622 (87)
1281 1587 1388 1619 ϐᾶττον,
1404 1587 1481 1622 παρά
1497 1586 1544 1613 τοῦ
1559 1586 1705 1621 ὁμοτέχνου
1720 1587 1764 1613 τὸν
1789 1596 1838 1622 μι-

200 1631 282 1657 rebus
293 1631 324 1657 ad
339 1631 419 1657 vitam
432 1633 594 1658 necessariis
606 1640 674 1666 opus
689 1633 811 1664 haberet,
823 1633 856 1660 ad
873 1633 990 1668 aliquem

200 1674 322 1708 ejusdem
344 1676 410 1702 artis
423 1676 547 1710 opiﬁcem
563 1682 646 1704 noctu
660 1676 804 1710 accedens,
820 1685 854 1705 ne
874 1678 992 1705 interdiu

201 1730 215 1746 :l
245 1720 418 1755 gravioribus
457 1721 572 1756 negotiis
599 1727 770 1756 avocaretur,
807 1724 992 1758 quodcunque

201 1774 298 1794 aurum
326 1769 463 1802 peritioris
489 1768 603 1796 artiﬁcis
629 1768 768 1804 indigebat
798 1778 896 1803 manu,
926 1770 992 1797 illud

201 1813 326 1839 celeriter
338 1814 493 1846 elaboratis,
509 1814 661 1841 mercedem
678 1815 712 1841 ab
733 1815 846 1842 auriﬁce
859 1815 994 1842 referebat

1047 1633 1109 1660 σοὺν
1124 1634 1279 1668 ἐκομίζετο,
1302 1634 1349 1660 καὶ
1363 1633 1409 1659 τὸν
1424 1632 1522 1659 ἐαυτοῦ
1539 1631 1595 1667 βίον
1611 1634 1729 1667 συνεῖχε.
1744 1633 1836 1658 Ταῦτα

1044 1680 1072 1706 δὲ
1086 1680 1145 1706 κατ’
1165 1680 1285 1712 ἐκείνους
1304 1680 1417 1716 καιροὺς
1434 1681 1481 1707 τοῦ
1501 1680 1693 1707 Κωνσταντίου
1714 1677 1759 1715 ἦν,
1773 1680 1838 1706 καθ’

1045 1726 1091 1758 οὓς
1108 1727 1154 1753 καὶ
1171 1727 1186 1752 ὁ
1201 1726 1330 1760 Θεόφιλος
1351 1727 1383 1753 ἐκ
1396 1726 1451 1753 τῶν
1466 1726 1556 1754 Ἰνδῶν
1571 1726 1726 1753 ἐπανελθὼν
1746 1726 1837 1762 διῆγεκ

1045 1771 1074 1796 ἐν
1094 1771 1254 1806 Ἀντιοχείᾳ..
1267 1766 1273 1771 ’

1006 1836 1014 1848 ,
1039 1823 1128 1851 eoque
1152 1817 1235 1844 modo
1263 1817 1346 1845 vitam
1374 1820 1556 1847 sustentabat.
1579 1817 1642 1847 Haec
1669 1826 1733 1846 vero
1762 1819 1823 1853 prin

202 1859 294 1894 eipatu
317 1858 469 1886 Constantii
505 1860 678 1892 acciderunt,
701 1861 797 1888 eodem
831 1866 953 1896 tempore
972 1869 1027 1896 quo
1046 1862 1215 1897 Theophilus
1246 1871 1279 1891 ex
1307 1863 1384 1892 ludia
1408 1872 1536 1894 reversus
1563 1866 1716 1894 Antioohiae
1745 1872 1836 1892 mora-

203 1908 294 1936 batur.

239 1954 283 1983 16.
296 1954 469 1986 AitAetium,
489 1962 549 1982 cum
566 1955 698 1983 adversus
717 1955 847 1983 Bastiiuin
869 1955 994 1990 Ancyrae,

203 2006 231 2029 ε,ι
246 2000 418 2028 Eustathiiim
437 2001 568 2028 Sebastiie
591 2002 748 2036 episcopum
763 2002 796 2028 die
813 2002 995 2028 consubstan-

205 2044 261 2071 tiali
286 2044 446 2078 disputans,
471 2044 593 2071 omnium
625 2045 765 2071 hominum
796 2044 994 2072 infantissimus

205 2099 253 2118 cos
270 2091 451 2122 ostendisset,
472 2096 501 2118 ut
523 2091 633 2125 quidem
659 2091 710 2118 iste
731 2091 876 2126 conﬁngit,
899 2091 995 2125 impla-

206 2137 286 2164 cabili
301 2137 364 2164 odio
386 2138 420 2164 ab
435 2137 489 2164 illis
501 2137 629 2171 deinceps
647 2138 815 2172 exagitatum
830 2136 927 2164 fuisse.

242 2182 285 2209 l7.
305 2181 430 2208 Leontius
459 2190 500 2216 ep.
516 2182 637 2208 Antioch.
656 2196 691 2202 -ρ-
707 2182 837 2210 Leontius
860 2184 896 2215 is,
913 2190 994 2217 quem

206 2228 394 2264 presbyterum
423 2236 455 2255 ac
481 2232 673 2263 praeceptorem
702 2228 772 2256 Aetii
799 2229 883 2256 luisse
913 2236 994 2263 supra

206 2274 366 2308 retulimus,
390 2282 452 2302 cum
479 2275 512 2302 ad
535 2274 722 2310 episcopatum
746 2274 822 2302 urbis
844 2274 996 2302 Antiochia).

1085 1956 1133 1984 ις’,
1159 1953 1220 1980 Ὅτι
1249 1953 1367 1985 Ἀέτιος,
1388 1954 1469 1989 φησὶ,
1490 1956 1547 1986 τοῖς
1567 1956 1631 1991 περὶ⁷
1645 1955 1780 1990 βασίλειον
1793 1956 1836 1984 τυ

1048 1998 1186 2034 Ἀγκύρας
1197 2019 1203 2031 ,
1224 2001 1271 2026 καὶ
1284 2000 1433 2027 Εὑστάθιον
1449 2001 1494 2027 τὸν
1516 2001 1696 2034 Σεὸαστείας,
1715 2003 1754 2034 είς
1775 2004 1839 2035 τοὺς

1048 2045 1174 2081 περὶτοῦ
1193 2047 1337 2081 ὁμοουσίου
1360 2047 1457 2081 λόγους
1480 2048 1635 2081 καταστὰς,
1658 2050 1705 2076 καὶ
1728 2050 1839 2076 πάντων

1047 2091 1198 2127 ἀνθρώπων
1211 2093 1309 2124 αὐτοὺς
1331 2093 1470 2127 διελέγξας
1491 2094 1680 2128 ἀφωνοτάτους
1690 2114 1698 2126 ,
1710 2095 1748 2127 ὡς
1761 2093 1838 2128 οὗτος

1047 2136 1231 2171 τερατολογεῐ,
1247 2137 1287 2168 είς
1302 2138 1379 2172 μῖσος
1391 2137 1483 2169 αὐτοῖς
1496 2138 1628 2165 ἄσπονδον
1640 2139 1770 2175 κατέστη.

1085 2182 1127 2214 ιζ’.
1154 2183 1215 2209 ’Ὁτι
1236 2183 1375 2217 Λεόντιος,
1392 2184 1485 2219 φησιν,
1500 2184 1530 2210 ὃν
1553 2185 1567 2210 ὁ
1586 2184 1741 2220 ἔμπροσθεν
1759 2185 1838 2220 λόγος

1048 2229 1232 2264 πρεσϐύτερόν
1255 2238 1285 2255 τε
1301 2230 1348 2256 καὶ
1373 2229 1532 2256 διδάσκαλον
1556 2231 1660 2257 ’Δετίου
1685 2231 1838 2265 ὑπέδειξεν,

1048 2275 1196 2307 ἐπίσκοπος
1216 2275 1382 2311 Ἀντιοχείας
1401 2277 1538 2308 καταστὰς
1550 2297 1558 2309 ,
1574 2278 1613 2308 είς
1631 2277 1767 2305 διακονίαν
1791 2278 1839 2305 τὸν

826 2361 949 2384 VALESII
965 2361 1213 2384 ANNOTATIONES.

255 2414 299 2453 $5)
318 2414 544 2453 ΔΠαριεχοινιἐινηΔς⁸
566 2414 659 2453 αὑτοῦ
672 2415 811 2453 μορίας,
828 2415 938 2453 Rectius
967 2416 992 2442 in

1048 2415 1135 2453 verba
1145 2415 1275 2453 _G_regc_irii
1288 2414 1472 2453 ‘Nyssenisic
1487 2416 1590 2453 habent
1603 2425 1609 2442 :
1633 2416 1763 2453 Ἑκδύντα
1780 2417 1838 2453 γὰρ

243 2415 299 2476 ηξξέἰ)
330 2415 544 2455 Παρεχομέινης.
566 2415 659 2459 αὐτος)
672 2415 811 2455 ..σοφίαςη
828 2415 938 2456 Rectius
967 2416 994 2442 in

207 2459 250 2478 om
262 2457 302 2477 ice
318 2449 443 2485 Bgcharti
464 2450 595 2477 scribitur
616 2458 700 2485 αυτῳ,
718 2450 772 2477 Nec
786 2450 912 2484 displicet
928 2458 994 2477 con-

207 2487 313 2521 jectura
328 2483 471 2521 [lolstenii,
492 2485 537 2521 qui
555 2483 721 2521 inﬁmargine
735 2485 777 2512 sui
789 2483 892 2513 codicis
907 2493 995 2513 anno-

211 2519 467 2556 iavitiscribendum
484 2520 536 2547 sibi
551 2520 640 2556 videri
652 2520 853 2556 παρεσομένης.

245 2554 368 2591 (86iqu
382 2553 436 2588 τῆς
451 2554 582 2591 ζατρίκῆς
591 2553 714 2589 ἐξῆπτο.
732 2553 839 2583 Aetium
855 2556 996 2584 medicinae

211 2589 403 2626 artenilcviter
414 2590 536 2625 attigisse
550 2595 664 2618 testatur
672 2591 754 2618 etiam
768 2591 914 2625 Gregorius
929 2591 996 2626 Nys-

211 2625 339 2662 senus'in
353 2625 429 2662 libro
438 2627 525 2662 primo
556 2630 649 2662 contra
667 2626 840 2662 Eunomittm,
856 2635 917 2662 pag.
931 2625 993 2653 295.

210 2661 296 2695 Cujus
309 2659 393 2686 libros
409 2660 431 2687 si
447 2660 556 2695 legisset
569 2660 689 2688 Jacobus
706 2659 903 2696 Gothofredus;
916 2662 997 2696 pluri-

212 2703 285 2722 inum
308 2702 340 2722 ex
357 2695 541 2731 reorutilitatis
568 2697 708 2730 percipere
733 2697 884 2731 potuisset;
910 2695 993 2723 multa

211 2731 284 2757 enim
299 2731 333 2766 d_e
349 2730 438 2766 Actio,
453 2731 565 2765 ejusque
579 2731 678 2758 studiis
693 2730 775 2766 atque
791 2732 922 2759 institutis
941 2732 995 2758 illic

213 2766 294 2801 refert
305 2764 530 2801 Grifgorinsﬂpuﬁ
545 2774 597 2792 non
616 2764 742 2800 leguntur
753 2766 780 2793 in
794 2766 993 2801 Philostorgio:

214 2800 366 2834 cuiusmodi
387 2800 451 2827 illud
469 2805 521 2831 est,
537 2801 644 2828 Aetium
663 2802 752 2835 primo
769 2802 878 2836 quidem
902 2800 998 2836 Ampe-

213 2835 277 2863 lidis
293 2835 434 2869 cujusdam
460 2843 568 2862 servum
594 2836 694 2868 fuisse,
713 2837 811 2863 deinde
825 2844 889 2864 vero
905 2837 998 2863 nescio

215 2879 270 2907 qua
283 2875 341 2898 arte
357 2871 556 2898 manumissum
578 2871 684 2899 labrum
708 2872 834 2899 aerarium
850 2872 998 2900 exstitisse.

1047 2450 1192 2488 sormea};
1210 2449 1262 2488 τὴν
1283 2449 1408 2488 δούλείαν
1424 2449 1582 2488 ᾎμπελίδος
1592 2452 1686 2488 -ῠτῆς
1700 2449 1841 2488 κεκτημέ-

1047 2494 1097 2520 νης
1110 2485 1190 2512 αὐτόν
1201 2494 1207 2500 ·
1229 2485 1259 2511 τὸ
1280 2485 1308 2512 δέ
1325 2486 1398 2518 ὅπως
1413 2486 1489 2512 οὐδὲν
1506 2487 1602 2520 δέομαι
1626 2485 1725 2521 λέγειν,
1743 2485 1839 2519 ὡς”ἆν

1051 2521 1087 2557 μὴ
1097 2521 1204 2555 δόξαιμι
1218 2521 1435 2556 κακοηθέστερον
1444 2521 1491 2548 τοῦ
1502 2521 1672 2557 διηγήματος
1685 2522 1820 2550 ἅπτεσθαι
1830 2533 1836 2539 ·

1049 2555 1120 2583 εἶναι
1145 2557 1194 2591 μὲν
1219 2555 1398 2591 καμινευτήν,
1419 2560 1472 2583 etc.
1501 2555 1592 2589 Qnein'
1609 2557 1698 2584 locum
1722 2566 1838 2591 prorsus

1050 2591 1194 2618 illft‘iicllt‘l‘
1210 2591 1289 2617 venit
1310 2591 1455 2619 Gretserus
1479 2591 1531 2618 hoc
1550 2592 1632 2618 modo
1649 2601 1656 2619 z
1680 2591 1783 2626 Quippe
1800 2594 1839 2620 ἰί-

1050 2627 1115 2657 lum,
1130 2627 1223 2662 relicta
1239 2626 1344 2652 cultura
1353 2627 1433 2654 viuere
1448 2634 1527 2661 quam
1534 2626 1684 2660 possidebat
1703 2630 1741 2661 (at
1756 2636 1841 2662 quam

1045 2662 1129 2696 jiiste,
1144 2661 1243 2692 tacebo,
1263 2669 1293 2687 ne
1308 2662 1399 2687 videar
1412 2662 1530 2688 odiosius
1546 2663 1725 2688 narrationem
1743 2661 1839 2697 mpi—

1050 2697 1128 2729 cari),
1145 2697 1277 2731 principio
1292 2697 1396 2731 quidem
1404 2698 1504 2727 factum
1521 2705 1578 2723 esse
1594 2697 1698 2731 fabrum
1716 2699 1841 2724 caminu-

1050 2732 1129 2762 riuiii,
1149 2736 1200 2758 etc.
1219 2731 1294 2758 Hunc
1307 2732 1430 2766 Gregorii
1443 2731 1556 2766 Nysseni
1574 2733 1663 2759 locum
1677 2732 1742 2759 citat
1753 2735 1840 2760 etiam

1048 2766 1156 2802 Nicelas
1168 2767 1195 2792 in
1205 2766 1344 2802 Thesauro
1355 2767 1507 2794 orthodoxa:
1522 2767 1595 2798 ﬁdei,
1612 2767 1658 2794 lib.
1676 2775 1701 2796 v.
1717 2776 1778 2802 cap.
1789 2769 1838 2794 50.

1087 2801 1142 2837 (87)
1163 2801 1252 2828 Toiito
1273 2801 1307 2827 δὲ
1325 2801 1381 2837 ἅριι
1404 2802 1642 2836 ἐξεργαζόμενος.
1658 2801 1758 2829 Maliur
1770 2804 1842 2830 seri.

1052 2837 1115 2864 liere
1133 2837 1210 2862 τοῦτο
1223 2836 1254 2871 δή
1272 2841 1324 2864 etc.
1337 2836 1388 2863 Pro
1399 2836 1622 2872 ἐξεργαζόμενος,
1635 2838 1661 2864 in
1674 2838 1766 2866 codice
1780 2837 1840 2866 Bc-

1055 2872 1142 2900 charti
1157 2872 1287 2900 scribitur
1305 2872 1464 2908 simpliciter
1478 2872 1672 2910 ἐργαζόμενος.
