1978 3075
117 141 169 168 δο9

632 145 911 176 ECCLESIASTlC/E
933 149 1108 179 IHSTORIAE
1128 151 1193 179 LIB.
1214 150 1256 178 Ill.

1691 149 1746 178 5l0

119 198 242 234 μαθητὴν
266 201 488 236 προχειρίζεται,
509 201 556 229 καί
572 202 709 230 διδάσκειν
728 205 757 230 ὲν
780 205 912 242 ἐκκλησίᾳ

971 214 1104 236 ποιηοιιις
1125 208 1236 240 fuisset,
1259 207 1424 243 discipulum
1445 215 1524 236 suum
1550 207 1756 235 ad'diaconatul

115 246 150 273 τὰ
165 247 214 281 τῆς
241 247 404 283 Ἐκκλησίας
421 249 565 284 ἐπιτρέπει
584 250 717 285 δόγματα.
746 251 776 277 '0
794 251 822 278 δὲ
842 252 910 288 πρὸς

118 292 168 328 μὲν
181 294 213 320 τὸ
229 295 279 329 τῆς
297 295 434 327 διακονίας
455 296 536 332 ἔργον
554 297 693 333 ὑπεστάλη
704 307 711 313 ·
729 298 866 326 διδάσκειν
881 299 911 326 δὲ

115 339 268 372 ἀνεδέξατο,
281 340 383 376 Χρόνον
392 341 421 367 δὲ
429 341 584 377 διατρίψας,
595 343 626 375 ὃς
635 343 760 379 ἐνόμιζεν
770 345 844 380 αὐτῷ
853 345 909 381 (88)

116 386 157 416 εἰς
169 385 218 420 τὴν
230 385 285 412 τῶν
297 385 377 413 θείων
392 387 562 422 μαθημάτων
575 387 735 425 ἐξαρκέσειν
748 390 911 426 παράδοσιν,

118 431 165 457 ἐπὶ
177 430 226 466 τὴν
249 430 452 467 Ἀλεξάνδρειαν
466 431 544 465 αὖθις
560 434 752 470 παραγίνεται.
771 435 840 471 Ἤδη
856 435 910 471 γὰρ

117 475 146 502 ὲν
155 476 223 512 αὐτῇ
235 477 249 503 ὁ
270 477 426 509 Ἀθανάσιος
437 478 522 510 πολὺς
532 477 567 514 ἦν
577 479 623 506 ἐπὶ
637 480 685 506 τοῦ
695 481 839 516 ὁμοουσίου
852 481 908 517 (89)

119 521 198 556 ῥέων,
216 523 262 549 καὶ
275 523 358 558 ἐχρῆν
374 522 444 550 εἶναι
457 524 502 551 τὸν
515 525 704 553 ἀντιπνέοντα.

964 255 1078 289 gradum
1095 255 1194 287 evexit,
1215 255 1297 289 eique
1310 253 1433 289 permisit
1448 259 1477 281 ut
1499 253 1683 281 ecclesiastica
1705 253 1757 278 do-

964 305 1054 333 gmata
1068 300 1175 334 publice
1192 300 1217 326 in
1239 299 1360 327 Ecclesia
1383 299 1492 326 doceret
1506 299 1573 334 (93).
1588 297 1688 325 Verum
1704 297 1758 323 Ac-

963 347 1019 374 tius
1050 347 1159 374 diaconi
1186 346 1296 381 quidem
1320 345 1488 372 iunctionem
1513 343 1690 375 detrectavit,
1705 343 1757 369 do-

963 392 1041 419 cendi
1065 400 1129 420 vero
1151 400 1252 420 munus
1267 393 1384 420 libenter
1400 392 1542 426 amplexus
1562 395 1613 418 est.
1634 389 1758 423 Cumque

964 437 1018 464 illic
1035 438 1130 464 tandiu
1146 438 1308 471 mansisset,
1321 442 1456 473 quantum
1479 437 1529 465 sibi
1549 436 1672 464 sufﬁcere
1683 434 1757 470 judi-

963 484 1044 511 cabat
1057 484 1089 511 ad
1106 491 1248 512 sacrarum
1262 485 1468 520 disciplinarum
1484 484 1657 511 traditionem
1667 501 1674 514 ,
1693 488 1758 508 rur-

962 536 1009 556 sus
1033 529 1226 556 Alexandriam
1251 530 1380 564 perrexit.
1403 529 1463 556 Jam
1487 529 1560 556 enim
1584 528 1640 555 illic
1660 527 1758 562 agebat

117 571 302 603 Athanasius,
318 575 345 599 et
356 572 387 598 τὸ
416 571 558 608 ὁμοούσιον
585 575 692 609 magnis
716 574 822 603 viribus
844 575 1021 609 defendebat,
1053 584 1222 612 prorsusque
1246 585 1359 605 necesse
1395 581 1453 604 erat
1473 581 1502 604 ut
1517 576 1618 610 aliquis
1636 575 1660 602 ei
1685 573 1755 601 resi-

119 624 213 648 steret.

156 670 200 702 ιην.
232 667 295 693 ’Ότι
315 668 383 703 φησὶ
408 668 558 697 Φλαόιανὺν
581 670 628 697 καὶ
650 671 793 703 Παυλῖνον,
817 671 841 697 οἳ
864 672 911 697 καὶ

120 710 190 745 μετὰ
204 711 290 738 ταῦτα
304 712 349 738 τὸν
375 711 540 748 Ἀντιοχείας
563 713 655 750 θρόνον
677 712 749 750 εἶχον
770 715 911 750 διανειμά-

121 764 214 790 μενοι,
238 757 350 789 τούτους
372 757 419 786 τὸν
438 759 583 794 εἰρημένον
606 760 730 787 Λεόντιον
747 760 795 787 an;
818 760 849 796 δὴ
874 760 911 796 μὴ

119 801 313 837 ὀμοδοξοῦντας
325 803 462 830 καθελεῖν.
475 800 555 830 Οὗτοι
567 804 596 830 δὲ
610 802 678 840 ἦσαν
690 805 796 832 Εὐσταο
802 806 833 840 ίῳ
847 814 912 831 συν-

119 848 366 884 ακολουθήσαντες,
390 849 419 880 ες
440 849 488 885 τὴν
512 849 639 885 μεθόριον
662 851 839 887 ἀπαγομένῳ.
864 853 912 883 Ὃς

119 894 176 920 τῶν
194 894 275 930 ἱερῶν
294 895 344 931 τῆς
375 895 539 931 ’Δντιοχείας
557 896 704 932 φροντίδων
719 898 775 931 (90)
790 919 797 930 ,
814 897 913 933 μᾶλλον
928 887 949 914 Β

119 941 149 967 δὲ
170 942 220 977 τῆς
242 942 306 978 ὅλης
321 942 479 976 εὐσεῦείας,
496 943 572 970 οὐδὲν
588 943 717 978 ἠνέσχετο
730 945 787 976 τοῖς
808 945 914 980 καιροῖς

120 988 410 1022 συγκαπηλεύσασθαι.

157 1085 202 1113 ιϐ’.
226 1087 288 1113 Ὅτι
303 1086 449 1113 Σεκούνδου
468 1087 514 1114 καὶ
536 1086 624 1122 Σὲῥρα
638 1086 677 1122 (α)
700 1087 740 1118 εἰς
763 1085 914 1121 ἐπισκοπὴν

118 1133 167 1160 τὸν
189 1133 290 1160 Ἀέτιον
303 1133 560 1169 προχειριζομένων,
576 1133 668 1166 αὐτὸς,
692 1134 784 1168 φησὶν,
798 1133 847 1160 οὐκ
867 1134 915 1168 ὴν-

120 1180 230 1215 έσχετο,
256 1180 293 1215 μὴ
312 1179 440 1215 καθαρῶς
459 1179 560 1211 αὐτοὺς
576 1179 718 1215 ἱερᾶσθαι,
735 1178 779 1205 διὰ
792 1179 841 1214 τὴν
852 1179 914 1205 ὲπι-

123 1225 216 1260 μιξίαν
234 1225 289 1251 τῶν
308 1224 339 1252 τὸ
359 1225 505 1260 ὁμοούσιον
530 1225 587 1260 (9i)
613 1225 822 1260 θρησκευόντων
844 1224 913 1251 ἀπο-

121 1272 294 1307 φαινόμενος.

158 1363 193 1388 κ’.
217 1361 296 1393 Ὅτι,
310 1360 405 1395 φησὶν,
420 1360 554 1396 Εὑνόμιος
572 1359 645 1386 κατὰ
665 1359 763 1386 πύστιν
777 1359 827 1395 τῆς
857 1359 915 1386 Ἀε-

120 1405 180 1432 τίου
196 1405 291 1440 σοφίας
310 1407 349 1437 εἰς
371 1406 536 1441 Ἀντιόχειαν
559 1407 592 1432 ὲκ
606 1406 804 1437 Καππαδοκίας
817 1405 914 1440 ἀφικό-

124 1461 216 1488 μενος,
229 1452 268 1485 τῷ
284 1452 424 1488 Σεκούνδῳ
434 1452 588 1487 συνέμιξεν.
608 1452 638 1478 '0
652 1452 680 1478 δὲ
697 1452 778 1479 αὑτὸν
791 1452 819 1478 ὲν
839 1445 914 1478 Ἀλε-

124 1498 249 1535 Ξανδρεία
261 1499 321 1525 τότε
332 1498 372 1533 τῷ
394 1499 490 1533 Ἀετίῳ
502 1498 668 1534 διατρίϐοντι
683 1498 848 1533 συνέστηκε·
867 1498 914 1524 καὶ

123 1544 255 1578 συνέστην
268 1543 363 1578 ἄμφω,
378 1543 392 1569 ὁ
405 1543 453 1578 μὲν
470 1543 614 1575 διδάσκων,
635 1544 649 1570 ὁ
661 1543 690 1569 δὲ
703 1544 759 1574 τοῖς
781 1543 864 1578 ἱεροῖς
876 1541 913 1578 (υ)

124 1589 268 1625 μαθήμασι
284 1589 416 1616 συνασκού
421 1598 510 1625 μενος.

159 1681 210 1704 κα’.
231 1677 293 1704 ’Ὁτι
313 1678 448 1713 Εὑνομίου
467 1677 550 1713 φησὶν
566 1673 643 1709 οὗτος
663 1678 677 1704 ὁ
695 1677 842 1712 δυσσεϐὴς,
866 1678 916 1704 οὐκ

122 1723 329 1758 αἰσχυνόμενος,
345 1723 482 1758 ἐγκώμιον
498 1723 685 1757 ἀνατάξασθαι
699 1723 766 1758 (92).

160 1769 212 1803 κβκ
232 1769 292 1796 ’Ὁτι
304 1770 371 1804 φησὶ
383 1770 429 1796 τὸν
439 1770 616 1802 Κώνσταντα,
627 1770 673 1796 διὰ
684 1770 734 1805 τὴν
746 1770 816 1806 ὑπὲρ
837 1769 916 1797 Ἀθα-

123 1814 218 1841 νασίου
243 1814 360 1850 σπουδὴν
389 1815 441 1841 ὑπὸ
464 1815 602 1850 τυραννίδι
622 1816 655 1850 τῇ
676 1814 847 1849 Μαγνεντίου
866 1814 916 1850 τὴν

123 1859 199 1896 ζωὴν
211 1860 463 1896 καταστρέψασθαι.
479 1861 699 1896 Τελευτήσαντος
712 1860 741 1886 δὲ
755 1860 850 1893 αὑτοῦ,
868 1861 916 1887 καὶ

123 1907 172 1933 τοῦ
192 1907 240 1942 μὲν
257 1907 446 1934 Κωνσταντίου
469 1907 541 1934 κατὰ
556 1907 605 1942 τὴν
622 1907 736 1933 Ἔδεσαν
758 1907 808 1941 τῆς
829 1907 918 1934 Meco-

124 1953 263 1988 ποταμίας
281 1953 465 1988 διατρίϐοντος
489 1953 585 1987 (τοῦτο
603 1953 657 1989 γὰρ
674 1955 688 1980 ὁ
705 1953 840 1988 Περσικὸς
864 1954 918 1979 ἁπ-

123 1997 186 2034 ῄτει
204 1998 351 2034 πόλεμος),
367 1999 383 2034 ὴ
399 1998 573 2035 πρεσϐυτάτη
597 1999 699 2026 τούτων
720 1999 822 2034 ἀδελφὴ
840 2000 916 2026 Κων-

999 670 1042 697 18.
1061 669 1207 696 Flavianus
1224 674 1249 696 et
1267 668 1397 695 Paulinus
1416 675 1432 693 ιι
1447 666 1556 693 Leontio
1580 665 1704 700 depositi.
1721 681 1759 687 ~—

963 715 1008 742 Ait
1032 715 1230 750 Philostorgius
1259 714 1420 741 Flavianum
1455 721 1487 741 ac
1520 713 1686 745 Paulinum,
1710 712 1757 747 qui

963 761 1164 789 Antiochenum
1188 761 1377 795 episcopatum
1401 760 1470 786 inter
1492 767 1522 786 se
1538 764 1632 793 postea
1658 758 1755 785 divise—

964 812 1044 839 runt,
1065 815 1080 834 a
1101 807 1259 842 supradicto
1280 806 1411 838 Leontio,
1436 810 1530 839 utpote
1550 804 1688 832 contraria
1705 804 1756 838 ipsi

964 854 1127 885 sentientes.
1145 853 1287 888 depositos
1304 860 1375 880 esse.
1392 852 1424 878 lli
1440 859 1504 879 vero
1521 851 1694 878 Eustathium
1715 858 1758 877 se-

964 900 1019 926 cuti
1033 899 1156 931 fuerant,
1172 907 1234 926 cum
1251 899 1274 925 is
1293 899 1321 925 in
1341 898 1468 925 exsilium
1496 897 1686 924 abduceretur.
1705 896 1757 929 Qui

964 946 1073 982 quidem
1088 954 1121 973 ex
1144 945 1307 973 sacerdotali
1326 952 1439 972 munere
1458 943 1652 970 Antiochensis
1665 942 1758 970 Eccle-

965 993 1028 1023 siae,
1045 1000 1092 1019 seu
1112 992 1202 1026 potius
1212 999 1245 1018 ex
1265 991 1390 1018 universa
1406 990 1548 1025 religione,
1563 990 1631 1016 nihil
1645 990 1759 1016 omnino

965 1043 1118 1073 temporum
1134 1038 1324 1066 vicissitudine
1341 1045 1439 1072 passus
1457 1041 1496 1064 cst
1518 1036 1690 1070 interpolari.

1000 1086 1043 1112 19.
1061 1085 1152 1112 Aetius
1168 1085 1348 1119 episcopatum
1367 1088 1481 1110 recusat.
1494 1083 1585 1110 —-Ait
1604 1083 1758 1110 Philostor-

965 1131 1152 1167 giusAetium,
1167 1139 1230 1159 cum
1246 1131 1389 1159 Secundus
1405 1135 1432 1158 et
1446 1131 1545 1159 Serras
1565 1129 1599 1157 ad
1614 1130 1758 1165 episcopa-

965 1181 1022 1204 tam
1037 1177 1185 1212 gerendum
1208 1184 1270 1204 eum
1286 1175 1448 1210 elegissent,
1468 1173 1597 1203 assentiri
1621 1173 1758 1206 noluisse,

965 1231 1027 1251 cum
1051 1223 1153 1251 diceret
1169 1230 1218 1250 eos
1235 1230 1289 1250 non
1305 1229 1375 1257 pure
1392 1229 1443 1250 nec
1466 1226 1560 1249 sancte
1580 1220 1672 1247 divina
1689 1220 1757 1247 cele-

966 1270 1046 1297 brare
1061 1269 1200 1305 mysteria,
1225 1273 1319 1304 utpote
1345 1269 1393 1304 qui
1415 1266 1610 1296 Homousianis
1636 1266 1759 1301 permisti

965 1321 1068 1345 essent.

1003 1362 1048 1388 ‘20.
1061 1359 1257 1387 Eunamius.—
1271 1359 1432 1393 Eunomius,
1450 1367 1511 1387 cum
1533 1359 1604 1387 fama
1621 1361 1654 1387 ad
1670 1360 1759 1395 ipsum

965 1409 1067 1444 perlata
1101 1411 1173 1434 esset
1194 1406 1228 1433 de
1253 1405 1322 1433 Aetii
1350 1406 1497 1440 sapientia,
1530 1413 1564 1432 ex
1589 1406 1759 1441 Cappadocia

965 1450 1137 1478 Antiochiam
1165 1449 1320 1485 prolectus,
1353 1450 1380 1476 in
1402 1449 1570 1484 colloquium
1598 1451 1673 1478 venit
1697 1459 1759 1478 cum

966 1496 1103 1524 Secundo.
1121 1494 1171 1522 Hic
1186 1502 1250 1522 vero
1273 1494 1364 1526 Aetio,
1378 1494 1425 1530 qui
1437 1499 1495 1521 tum
1519 1495 1691 1523 Alexandriae
1712 1497 1760 1523 de-

966 1543 1054 1578 gebat,
1071 1541 1235 1569 Eunomium
1252 1540 1463 1569 commendavit.
1484 1541 1572 1568 Ambo
1584 1541 1665 1576 igitur
1677 1542 1759 1569 simul

969 1589 1127 1616 habitarunt
1141 1597 1148 1614 :
1164 1587 1258 1615 Aetius
1270 1587 1379 1622 quidem
1393 1587 1506 1620 docens,
1528 1587 1680 1615 Eunomius
1696 1596 1760 1615 vero

970 1642 1064 1661 sacras
1080 1633 1240 1667 disciplinas
1252 1633 1416 1667 percipiens.

1003 1681 1048 1708 21.
1069 1680 1115 1706 Ait
1138 1679 1238 1714 impius
1255 1677 1456 1714 Philostorgius
1483 1686 1512 1706 Se
1530 1677 1687 1706 eneomium
1704 1677 1759 1704 Eu-

969 1727 1051 1754 nomii
1065 1726 1272 1760 conscripsisse,
1292 1732 1343 1752 nec
1360 1725 1497 1752 erubescit
1514 1724 1540 1751 id
1558 1724 1678 1759 proﬁteri

1003 1772 1047 1798 22.
1064 1771 1209 1804 Constans,
1221 1770 1391 1805 Magnentius
1403 1775 1426 1797 et
1443 1769 1582 1797 Veteranio
1600 1769 1760 1804 tyranni.—

967 1817 1012 1844 Ait
1032 1817 1226 1850 Constantem,
1248 1819 1283 1844 ob
1308 1816 1428 1844 studium
1449 1823 1513 1851 erga
1532 1816 1725 1846 Athanasium,
1745 1824 1760 1842 a

968 1862 1122 1897 Magnentio
1146 1867 1262 1898 tyranno
1284 1862 1449 1889 exstinctum
1478 1862 1572 1889 fuisse.
1596 1861 1662 1889 Post
1681 1861 1761 1895 cujus

967 1908 1086 1940 obitum,
1110 1916 1171 1935 cum
1189 1908 1366 1935 Constantius
1387 1907 1497 1935 Edessa:
1519 1908 1546 1934 in
1565 1908 1758 1942 Mesopotamia

969 1958 1137 1982 moraretur:
1154 1954 1180 1981 id
1196 1954 1268 1982 enim
1283 1955 1408 1989 exigebat
1423 1955 1522 1981 bellum
1536 1953 1676 1982 Persicum
1687 1954 1714 1989 (9
1721 1955 1759 1989 t);

968 2007 1062 2027 eorum
1083 2008 1160 2028 soror
1176 2004 1241 2027 natu
1256 2001 1376 2027 maxima
1395 2000 1592 2033 Constantina,
1605 2008 1666 2035 qua:
1680 1999 1760 2027 vidua

739 2087 780 2109 VA
784 2087 861 2109 LESII
879 2086 1118 2110 ANNOTATIONES
1123 2103 1130 2109 .

163 2149 219 2185 (88)
241 2149 290 2182 ⁸ος
305 2148 437 2183 ἐνόμιζε-ν
455 2147 621 2185 αὐτῷηΝοιι
640 2148 739 2185 dubito
766 2148 915 2185 quinrscri-

124 2183 245 2214 hendum
257 2186 293 2212 sit
307 2185 370 2211 ὅσον
383 2184 507 2219 ἐνόμιζεν
531 2184 606 2218 αὐτῷ
622 2184 662 2215 εἰς
680 2183 730 2219 τὴν
754 2184 807 2210 τῶν
834 2184 915 2211 θείων

126 2219 298 2257 μαθημάτων
308 2219 470 2257 εξαρκέσειν
482 2219 641 2257 παράδοσιν,
647 2223 707 2257 _etc.

964 2149 1057 2185 malim
1073 2149 1173 2185 legere.
1193 2149 1237 2176 διὰ
1248 2148 1297 2185 τὴν
1306 2148 1447 2184 ἐπιμιξίαν
1457 2149 1526 2184 πρὸς
1541 2150 1605 2180 τοὺς
1618 2148 1650 2185 τὸ
1660 2149 1759 2184 ὁμοού-

967 2193 1024 2211 σιον
1039 2184 1242 2219 θρησκεύοντας
1252 2193 1258 2200 ·
1272 2184 1428 2219 quanquam
1446 2192 1494 2218 pro
1508 2184 1642 2211 vocabulo
1661 2185 1760 2219 ὁμοού-

969 2228 1037 2252 σιον,
1052 2219 1182 2246 libentius
1200 2220 1250 2246 hoc
1265 2219 1325 2247 loco
1349 2220 1463 2254 legerem
1481 2219 1643 2253 ὀμοιοὺσιον.
1665 2219 1760 2246 Ariani

163 2252 219 2296 (89)
239 2255 340 2296 Πολὺς
352 2252 453 2296 quem
464 2252 698 2296 τοῦριιοουρ-ίρυ.
721 2254 854 2296 ln'codice
865 2254 913 2280 Bo-

971 2255 1054 2287 cnim,
1071 2261 1190 2289 quorum
1210 2252 1388 2296 antesignani:
1407 2252 1682 2296 erant‘Secunduls‘et
1696 2254 1761 2281 Ser-

123 2289 213 2318 charli
230 2289 368 2324 scriptum'
392 2290 481 2317 inveni
493 2310 501 2322 ,
518 2289 570 2315 ὑπὸ
584 2289 631 2315 τοῦ
649 2289 802 2324 όμοουσίου.
827 2289 917 2322 Quare

122 2334 182 2353 non
197 2325 292 2353 dubito
303 2327 369 2359 quin
387 2325 560 2352 scribendum
577 2325 613 2351 sit
627 2324 678 2351 hoc
690 2325 766 2356 loco,
781 2325 852 2359 ὑπὲρ
869 2324 915 2350 τοῦ

122 2361 279 2397 ὁμοουσίου.
296 2359 560 2397 Eumdem_errorem
574 2359 656 2394 paulo
668 2364 746 2397 antea
760 2360 915 2397 observavi.

162 2395 220 2431 (90)
241 2395 361 2431 Ὂςντῶν
375 2394 461 2429 ἱερῶν
479 2394 532 2429 τῆς
546 2395 723 2431 Ἀντιοχείας
739 2395 915 2429 φροντίδων.

124 2430 462 2466 Αεεοιιιίοιθνϐοιιιοῖιοθιίο,
480 2431 527 2466 qui
541 2430 598 2457 haec
609 2430 642 2466 de
655 2430 849 2466 Leontio,pon
864 2438 916 2466 au-

124 2471 181 2493 tem
209 2466 242 2492 de
260 2465 403 2493 Enstathio
431 2466 484 2493 dici
512 2470 584 2492 recte
601 2465 767 2492 observavit.
787 2465 914 2499 Ejusdem

122 2501 232 2528 Leontii
244 2501 438 2528 Antiochensis
448 2500 692 2535 episcopielogium
701 2505 789 2528 exstat
800 2501 826 2527 in
836 2500 916 2528 Chro-

121 2537 185 2563 nico
203 2536 394 2568 Alexandrino,
414 2544 440 2570 p.
463 2536 526 2562 672.

161 2571 218 2606 (9|)
240 2572 291 2598 Διὰ
304 2571 360 2605 τὴν
373 2571 530 2606 ἐπιμιξίαν-ν
546 2571 606 2598 τῶν
626 2571 659 2598 τὸ
674 2571 846 2606 ὀμορύσιον,
862 2575 915 2597 etc.

123 2606 153 2632 In
171 2607 363 2641 inanuscriptis
372 2607 512 2633 codicibus
522 2605 692 2634 Scoriaceusi
700 2611 727 2633 et
735 2605 914 2633 Bochartiano

121 2642 259 2677 scriptum
274 2647 315 2669 est
333 2642 388 2668 τῶν
403 2642 471 2677 πρὸς
496 2641 527 2668 τὺ
545 2641 699 2677 ὁμοούσιον,
726 2646 778 2669 etc.
798 2641 913 2668 Proinde

969 2297 1024 2322 ras,
1039 2297 1094 2316 non
1111 2289 1351 2316 communicabant
1363 2289 1574 2319 Homousianis.
1588 2290 1634 2316 sed
1650 2289 1684 2316 iis
1701 2297 1760 2316 tan-

970 2329 1026 2351 tum
1042 2325 1088 2359 qui
1104 2324 1135 2350 τὸ
1148 2324 1303 2360 ὁμοιούσιον
1320 2325 1527 2359 prolitehantur.
1547 2323 1659 2360 Verum,
1674 2333 1703 2351 re
1717 2330 1759 2351 at-

970 2360 1071 2386 tentius
1090 2360 1255 2390 examinata,
1287 2359 1355 2386 nihil
1382 2359 1427 2386 hic
1459 2359 1616 2386 "uitandum
1649 2367 1758 2387 censen.

969 2395 1063 2421 Ariani
1092 2395 1164 2421 enim
1195 2393 1391 2422 Homousianis
1412 2402 1444 2420 eo
1463 2395 1572 2428 quidem
1591 2399 1710 2428 tempore
1733 2396 1759 2422 in

970 2429 1081 2457 Oriente
1094 2429 1347 2491 cerémmunicabaut,
1374 2434 1403 2456 ut
1424 2430 1503 2456 docet
1518 2429 1647 2456 Socrates
1665 2431 1692 2456 in
1712 2430 1759 2457 lili.

971 2473 1002 2491 ιι.
1020 2472 1080 2491 can.
1135 2485 1142 2491 .

971 2473 1002 2497 ιι,
1020 2472 1080 2499 cap.
1096 2472 1142 2491 zz.

1006 2498 1062 2535 (92)
1087 2499 1250 2534 Ἐγκώμιον
1267 2499 1497 2535 ἀνατάξασθαιη
1517 2498 1698 2527 Scribcndum
1720 2504 1763 2526 est

970 2533 1225 2571 συντάξασθαι,ξι”ει
1238 2540 1310 2571 certe
1322 2533 1542 2571 ἀναγρᾴψασθαι.

1004 2571 1061 2605 (95)
1082 2570 1238 2597 Theodorit.
1258 2570 1276 2596 Ι.
1296 2578 1326 2601 ιι,
1344 2578 1369 2597 c.
1389 2570 1435 2596 2L

1005 2605 1061 2641 (94)
1079 2605 1144 2633 Soz.
1157 2605 1205 2633 lib.
1220 2613 1257 2639 iv,
1271 2613 1330 2640 cap.
1344 2606 1369 2632 1.

864 2727 1037 2750 VARIORUM.

161 2792 201 2833 (α)
221 2793 392 2834 ξεκούνρου
403 2793 571 2834 καὶ-Σέρίξῑ.
586 2793 832 2834 ErantnhiAriani
857 2793 914 2829 epi-

122 2828 213 2862 scopi,
233 2827 377 2855 Secundus
395 2827 508 2863 quidem
535 2829 708 2857 Ptolemaidis
726 2830 753 2856 in
784 2827 912 2865 {Egyptm

123 2861 227 2891 Serras
242 2871 308 2890 vero
321 2862 462 2891 Parattonii
480 2865 505 2891 iu
523 2864 616 2897 Libya.

1004 2793 1041 2828 (ὁ)
1068 2791 1211 2828 08321071:
1228 2791 1327 2826 ἱεροῖς.
1346 2791 1497 2820 Eunomius
1518 2792 1587 2820 Aetii
1602 2800 1654 2820 non
1675 2791 1759 2828 modo

966 2827 1119 2863 discipulus
1138 2827 1201 2860 fuit,
1212 2835 1306 2854 verum
1321 2829 1405 2855 etiam
1425 2828 1611 2861 amauuensis,
1629 2833 1657 2855 ut
1674 2827 1757 2854 habet

967 2862 1044 2891 Socr.
1057 2863 1105 2891 lib.
1117 2870 1147 2898 ιι,
1167 2869 1227 2898 cap.
1241 2863 1286 2897 55,
1302 2863 1329 2889 in
1343 2862 1391 2890 lin.
