1978 3075
201 160 250 188 5H

883 159 927 186 PH
931 159 1125 188 lLOSTORGlI

1766 152 1820 180 5B

200 223 262 247 erat
279 217 490 251 llanniballiani,
507 219 606 246 timens
621 227 655 246 ne
670 218 840 254 Magnentius
853 223 985 254 tyrannus
999 227 1007 249 Α

1062 218 1162 245 ταντίνα
1177 216 1232 252 (98)
1243 217 1251 250 (
1260 213 1462 242 Ἀναϐιλλιανοῦ
1469 214 1496 240 δὲ
1502 211 1536 248 ἦν
1541 210 1721 248 κεχηρωμένη
1729 210 1819 244 γυνὴ).

202 265 361 290 universum
387 264 530 298 imperium
556 264 608 291 sub
629 268 788 298 potestatem
817 271 894 290 suam
914 263 987 290 redi-

202 313 291 343 geret,
308 307 526 339 Veteranionem,
553 315 637 334 unum
661 314 694 334 ex
719 307 856 342 magistris
875 306 987 338 militiae,

201 354 337 381 Caesarem
352 353 528 380 renuntiavit.
552 352 699 379 Videbatur
715 357 805 379 autem
823 352 868 379 illa
890 352 916 378 id
939 359 990 379 suo

201 401 264 432 λιιι-ο
281 398 385 430 facere,
406 403 547 433 propterea
568 399 640 434 quod
660 398 815 426 communis
830 405 923 424 eorum
943 405 991 432 pa-

205 450 257 476 ter,
277 444 342 470 dum
365 444 484 474 viveret,
513 443 664 471 diademate
680 451 740 470 eam
755 447 948 479 coronaverat,
964 447 992 469 ct

206 491 354 524 Angustam
369 494 582 524 nuncupaverat.
597 489 774 516 Constantius
794 495 868 521 vero,
891 488 933 515 his
945 495 993 514 co-

207 535 307 570 gnitis,
323 537 413 563 statim
429 535 552 562 diadema
572 535 647 562 misit
660 535 693 561 ad
709 534 928 565 Veteranionem,
942 534 993 560 im-

209 582 370 615 peratoriam
386 582 411 609 ei
426 581 586 616 dignitatem
605 580 733 615 suil'ragio
749 588 800 607 suo
812 580 992 612 conﬁrmans;

209 632 302 662 postea
329 635 395 654 vero
418 627 550 654 adversus
576 625 759 661 Magnentium
787 626 815 652 in
841 625 995 653 Occidentis

210 678 300 707 partes
318 680 381 699 cum
398 672 518 699 exercitu
535 671 690 706 profectus,
707 672 758 699 sub
780 672 891 699 obtentu
913 671 995 698 collo-

211 719 267 753 quii
281 719 352 753 quod
368 725 428 745 cum
440 717 617 744 Veteranione
632 718 719 744 amice
731 717 800 744 inire
816 717 947 749 voluerat,
963 724 1011 743 eo.

211 763 285 798 quod
304 764 327 791 is
350 763 510 790 defectionis
536 763 719 797 suspicionem
745 763 918 797 prmbuisset,
935 769 996 788 eum

213 810 432 844 comprehendit,
463 813 490 836 et
516 809 688 844 imperatoria
714 814 788 836 veste
810 809 895 836 exuit.
919 808 998 835 Nullo

213 861 303 882 tamen
320 855 374 882 alio
395 855 519 882 aﬂ'ectum
539 855 730 886 incommodo,
748 854 803 881 imo
816 862 882 881 vero
898 861 999 881 mensa:

214 908 271 927 sua:
283 901 451 932 adhibitum,
468 900 581 927 Prusam
597 899 730 935 Bithynia:
750 900 923 931 amandavit,
941 907 1000 926 am-
1014 891 1036 918 Β

215 947 274 981 plos
293 954 325 973 ac
347 947 504 981 magniﬁcos
521 950 646 980 sumptus
660 945 685 972 ci
709 946 895 977 constituens.
908 945 1000 980 provi-

215 994 336 1027 densqne
361 1001 395 1019 ne
419 993 567 1027 quidquam
591 999 686 1020 eorum
709 991 809 1026 quibus
833 991 1000 1026 privatorum

217 1038 357 1064 hominum
375 1037 429 1064 vita
450 1038 526 1064 beate
539 1037 710 1071 transigitur,
723 1037 748 1064 ei
763 1036 878 1064 deesset.

251 1083 296 1110 25.
309 1082 424 1110 Iacobus
441 1083 583 1110 Nisibenus
599 1083 668 1118 (95).
683 1097 719 1102 -
734 1083 776 1109 Ait
789 1081 1001 1117 Philostorgins,

219 1128 348 1163 Saporem
361 1127 504 1156 Persarum
517 1136 606 1163 regem
616 1127 745 1154 Romanis
758 1127 857 1154 bellum
867 1127 1001 1158 intulisse,

217 1180 246 1203 et
260 1175 362 1202 Nisibin
390 1175 484 1202 urbem
510 1182 696 1210 oppugnasse;
721 1182 814 1202 verum
835 1182 864 1202 re
887 1174 1001 1205 infecta,

218 1226 315 1256 praeter
331 1221 452 1248 omnium
472 1221 625 1256 opinionem
650 1221 752 1255 pudore
772 1219 899 1247 allectum
915 1227 1005 1247 reces-

219 1266 300 1297 sisse,
317 1274 378 1293 cum
393 1265 521 1298 Jacobus,
545 1265 620 1293 urbis
634 1265 708 1292 illius
725 1265 885 1300 episcopus,
901 1264 1006 1291 civibus

220 1311 284 1344 quid
303 1311 453 1338 iaciendum
467 1315 540 1338 esset
556 1313 818 1342 commonstrasset,
841 1313 868 1336 et
882 1309 960 1336 ﬁrma
978 1309 1004 1335 in

221 1355 305 1383 Deum
321 1363 369 1391 spe
381 1364 413 1383 ac
428 1356 526 1384 ﬁducia
541 1363 590 1391 pro
605 1355 693 1383 salute
712 1355 793 1383 urbis
811 1355 1007 1382 admirabiliter

222 1406 429 1436 propugnassct.

257 1447 301 1473 24.
321 1446 397 1481 Alpes
417 1447 495 1474 Succi
515 1452 539 1474 et
561 1446 643 1474 Julia:
659 1446 728 1479 (96).
747 1462 783 1466 —
802 1446 904 1482 Alpes,
921 1450 951 1474 ut
970 1446 1009 1473 ait

223 1493 432 1529 Philostorgius,
452 1498 505 1520 tam
524 1492 619 1525 Succi,
636 1501 718 1528 quam
739 1492 780 1520 hae
796 1500 857 1527 quae
868 1491 946 1519 Iuliae
959 1499 1008 1519 vo-

222 1543 329 1570 cantur,
350 1539 481 1566 transitus
503 1543 566 1565 sunt
590 1538 712 1573 angusti,
729 1538 856 1565 maximis
883 1538 1009 1572 utrinque

224 1583 362 1611 montibus
385 1591 466 1610 unum
484 1583 510 1610 in
530 1583 637 1615 locum,
655 1583 691 1610 ita
714 1586 744 1609 ut
767 1582 823 1610 fere
838 1583 890 1609 sibi
914 1587 1010 1609 mutuo

223 1629 381 1664 juttgantur,
417 1629 590 1656 coeuntibus.
623 1628 709 1656 Porro
744 1629 876 1656 transitus
907 1629 1011 1656 similes

225 1675 426 1710 quodammodo
445 1679 508 1703 sunt
533 1675 665 1710 angustiis
688 1674 943 1710 Thermopylarum.
959 1674 1010 1702 Sed

226 1720 305 1747 Julia».
317 1721 426 1755 quidem
442 1721 523 1755 Alpes
539 1721 640 1748 Gallias
655 1725 736 1755 atque
751 1720 853 1747 Italiam
870 1720 1011 1753 dividunt;

228 1765 308 1794 Sncci
335 1774 399 1793 vero
426 1766 496 1793 inter
516 1765 624 1793 Daciam
647 1766 691 1793 siti
716 1770 780 1793 sunt
803 1770 831 1793 et
847 1764 1011 1792 Thraciam:

228 1820 344 1847 quorum
368 1813 508 1847 angustias
531 1819 594 1839 cum
616 1819 749 1846 occupare
778 1815 911 1838 tentasset
938 1809 1015 1837 Vete-

230 1858 324 1889 ranio,
339 1857 497 1884 defectionis
513 1857 696 1891 suspicionem
716 1856 876 1884 Constantio
890 1855 1014 1891 praebuit.

264 1903 309 1931 25.
333 1902 425 1929 Gallus
441 1901 509 1929 Ca's.
525 1917 560 1922 —
587 1903 654 1928 Dum
684 1901 859 1928 Constantius
886 1901 1015 1928 adversus

231 1949 413 1983 Magnentium
438 1953 580 1984 tyrannum
596 1948 794 1981 expeditionem
808 1951 930 1982 pararet,
947 1955 1016 1973 nnn-

231 1995 285 2022 tius
311 1995 343 2021 ad
365 2002 426 2021 eum
444 1994 562 2029 perlatus
588 1999 643 2026 est,
665 1993 763 2020 Persas
777 2000 840 2020 cum
860 1992 1017 2027 ingentibus

232 2040 319 2075 copiis
342 2040 473 2067 adversus
489 2039 606 2066 Orientis
621 2038 774 2074 provincias
795 2038 910 2065 moveri.
926 2036 1017 2070 Quare

234 2093 344 2112 necesse
376 2084 471 2112 habuit
497 2084 603 2112 Gallum
630 2084 764 2110 Cassarem
792 2089 966 2116 nuncupare,
990 2086 1017 2109 et

234 2135 327 2158 contra
351 2130 449 2157 Persas
473 2130 500 2156 in
527 2129 664 2156 Orientem
692 2129 808 2155 mittere.
835 2127 900 2154 Erat
926 2132 1016 2154 autem

234 2176 328 2203 Gallus
357 2175 440 2202 frater
467 2175 527 2209 ejus
552 2174 699 2209 patruelis;
722 2173 822 2200 etenim
850 2171 918 2200 Galli
942 2177 1019 2207 pater

235 2221 412 2249 Constantius
443 2220 526 2247 frater
559 2220 609 2246 fuit
638 2219 810 2247 Constantini
843 2218 960 2254 Magni:
985 2226 1017 2245 ex

235 2272 290 2300 quo
305 2264 357 2291 orti
375 2268 452 2291 erant
466 2264 642 2291 Colustantius
657 2268 684 2290 et
700 2263 796 2290 fratres
813 2263 882 2298 ejus.

270 2310 315 2337 26.
337 2310 410 2337 Crux
432 2309 622 2344 Hierosolymis
640 2310 667 2336 in
695 2308 758 2336 coelo
771 2309 826 2335 visa
853 2308 966 2343 (97).—
988 2307 1019 2335 Et

235 2355 413 2383 Constantius
432 2355 540 2390 quidem
562 2355 702 2382 victoriam
720 2354 754 2381 de
768 2359 884 2389 tyranno
902 2359 1023 2389 reporta-

237 2403 286 2435 vit,
301 2409 364 2428 cum
379 2402 486 2436 signum
500 2401 590 2428 crucis
603 2401 658 2428 illic
670 2408 779 2435 qumque
791 2400 879 2427 visum
897 2404 979 2432 esset,
988 2399 1021 2426 ad

237 2447 426 2483 longissimum
449 2447 567 2482 spatium
590 2452 766 2482 protensum,
789 2451 817 2474 et
835 2446 962 2473 diurnam
978 2445 1021 2471 lu-

1037 262 1148 288 δείσασα
1171 262 1208 296 μὴ
1230 261 1357 295 φθάσειεν
1379 261 1393 285 ὁ
1414 258 1584 294 τυραννήσας
1608 255 1777 290 Μαγνέντιος
1792 254 1826 280 τδ

1039 308 1147 334 πάντων
1172 305 1374 342 ἀναρτήσασθαι
1394 305 1509 339 κράτος,
1535 301 1740 336 Οὗετερανίωνά
1762 308 1823 326 τινα

1039 352 1093 378 τῶν
1108 351 1330 387 στρατηγούντων
1341 351 1389 376 ἕνα
1406 349 1549 384 καθίστησι
1563 348 1701 382 Καίσαρα.
1722 345 1824 372 Ἐδόκει

1039 399 1068 424 δὲ
1085 397 1214 425 δύνασθαι
1237 397 1286 431 τὴν
1308 396 1418 431 πρᾶξιν,
1436 395 1502 421 διότι
1524 395 1611 428 Ci;va
1629 391 1686 427 (99)
1703 393 1717 418 ὁ
1736 390 1825 420 κοινὸς

1041 444 1132 472 αὐτῶν
1157 443 1248 478 πατὴρ
1269 441 1413 476 διαδήματί
1435 449 1465 466 τε
1494 439 1578 474 αὐτὴν
1600 437 1752 466 ὲταινίωσε,
1777 435 1826 461 καὶ

1041 489 1198 524 Δὺγοῦσταν
1217 487 1402 521 ἐπωνόμασεν.
1428 486 1456 512 '0
1482 485 1510 511 δὲ
1527 483 1711 513 Κωνστάντιος
1739 480 1827 507 ταῦτα

1045 535 1139 571 μαΘὼν
1163 532 1321 569 παραυτίκα
1347 531 1398 566 μὲν
1428 529 1625 564 υύετερανίωνι
1649 527 1679 553 τὸ
1706 526 1829 560 διάδημα

1044 582 1166 617 πέμπει,
1192 578 1379 614 συνεπικυρῶν
1402 576 1476 611 αὐτῷ
1492 575 1540 602 καὶ
1564 575 1595 602 τὸ
1615 574 1665 609 τῆς
1690 572 1829 606 βασιλείας

1044 628 1152 662 ἀξίωμα
1161 635 1168 642 ·
1185 626 1279 652 ἔπειτα
1293 625 1323 651 δὲ
1340 624 1406 660 πρὸς
1419 622 1561 657 ἑσπερίους
1575 621 1646 647 κατὰ
1661 618 1829 653 Μαγνεντίου

1046 672 1274 708 στρατευόμενος,
1291 671 1339 698 καὶ
1358 668 1491 704 συμμίξαι
1515 667 1610 702 φιλίως
1631 665 1670 700 τῷ
1695 666 1832 699 Οὺετερα-

1046 719 1120 745 νίωνι
1136 717 1275 753 βουληθεὶς
1285 737 1293 749 ,
1312 716 1427 750 ἐπείπερ
1441 715 1544 745 ἐκεῖνος
1561 712 1697 748 παρέσχεν
1712 710 1832 744 ὑποψίαν

1047 763 1267 794 ἐπαναστάσεως,
1278 760 1417 797 χειροῦται
1433 760 1482 795 μὲν
1495 759 1541 786 τὸν
1555 756 1769 792 Οὐετερανίωνα,
1785 755 1833 781 καὶ

1047 810 1098 845 τῆς
1113 808 1255 844 βασιλικῆς
1268 807 1379 834 ἀποδύει
1393 805 1504 840 στολῆς·
1521 804 1603 840 μηδὲν
1616 803 1644 829 δὲ
1657 801 1741 828 κακὸν
1752 802 1835 836 snsp-

1049 855 1202 890 γασάμενος
1214 853 1294 885 ἄλλο,
1314 853 1382 879 ἀλλὰ
1399 852 1446 878 καὶ
1463 849 1601 886 τραπέζης
1615 847 1688 883 αὑτῷ
1703 846 1836 880 κοινωνή-

1050 910 1114 933 σας,
1136 902 1176 932 είς
1191 899 1315 936 Προῦσαν
1331 899 1382 932 τῆς
1401 896 1527 927 Βιθυνίας
1544 894 1692 929 εκτιέμπει,
1705 891 1837 927 λαμπρὰς

1050 946 1097 973 καὶ
1123 945 1340 981 μεγαλοπρεπεῖς
1365 942 1498 978 ἀφορίσας
1520 939 1594 975 αὐτῷ
1615 939 1664 970 τὰς
1693 937 1836 973 χορηγίας,

1052 992 1163 1028 μηδενὸς
1187 990 1351 1026 ὑστερῆσθαι
1361 1010 1369 1021 ,
1383 986 1420 1017 ὧν
1432 988 1576 1024 ἀνθρώπου
1594 986 1650 1021 βίος
1666 985 1703 1017 ὡς
1717 985 1747 1011 ὲν
1765 982 1838 1010 ἰδιώ-

1050 1045 1111 1068 ταις
1129 1037 1298 1071 εὐδαιμονεῖ,
1313 1034 1542 1070 προνοησάμενος.

1087 1085 1140 1116 κγ’.
1165 1081 1227 1107 Ὅτι
1245 1079 1380 1116 Σαπώρην
1394 1079 1439 1106 τὸν
1457 1077 1567 1113 βασιλέα
1585 1074 1698 1110 Περσῶν
1716 1072 1839 1108 ἀναγρά-

1053 1135 1097 1161 φει
1115 1126 1278 1162 στρατεῦσαι
1297 1125 1367 1152 κατὰ
1383 1124 1432 1159 τῆς
1447 1122 1598 1153 Νισίϐιδος,
1614 1121 1661 1147 καὶ
1675 1119 1715 1151 εἰς
1728 1118 1838 1154 πολιορ-

1053 1173 1115 1200 κίαν
1126 1172 1211 1206 αὐτῆς
1224 1171 1407 1205 καταστῆναι·
1422 1170 1562 1204 ἄπρακτον
1572 1167 1600 1194 δὲ
1613 1167 1660 1194 καὶ
1670 1165 1746 1200 παρὰ
1760 1164 1842 1196 δόξαν

1054 1218 1259 1254 κατῃσχυμένον
1281 1216 1466 1252 ὑποστρέψαι,
1495 1213 1622 1241 Ἰακώϐου
1645 1211 1694 1239 τοῦ
1719 1211 1769 1246 τῆς
1792 1210 1842 1236 πόα

1054 1265 1122 1296 λεως
1145 1263 1294 1290 ἐπισκόπου
1309 1263 1340 1289 τό
1364 1271 1394 1289 τε
1414 1261 1550 1297 πρακτέον
1569 1261 1626 1291 τοῖς
1646 1257 1768 1288 πολίταις
1785 1257 1842 1282 εἱσ-

1054 1310 1219 1346 ηγουμένου,
1231 1309 1278 1336 καὶ
1288 1310 1321 1344 τῇ
1332 1309 1400 1344 πρὸς
1412 1308 1477 1334 Θεὸν
1495 1306 1646 1343 παρρησίᾳ,
1667 1304 1738 1331 κατὰ
1750 1302 1780 1330 τὸ
1793 1303 1842 1329 ἁν-

1056 1357 1224 1393 υπὲρελητον
1236 1357 1286 1392 τῆς
1297 1356 1401 1387 πόλεως
1415 1353 1689 1390 ὑπερμαχεσαμένου.

1091 1437 1140 1464 κδ’.
1160 1437 1222 1463 Ὅτι
1238 1436 1266 1462 αί
1288 1434 1412 1465 Ἀλπεις,
1435 1433 1508 1459 αἵτε
1527 1431 1639 1462 Σούκεις
1656 1429 1845 1464 καλούμεναι,

1058 1484 1106 1510 καὶ
1123 1483 1152 1509 αἱ
1175 1481 1301 1513 Ίούλιαι,
1322 1479 1402 1506 δίοδοί
1424 1479 1477 1505 είσι
1496 1477 1589 1504 στεναὶ
1614 1475 1750 1511 μεγίστων
1773 1473 1847 1508 ὀρῶν

1059 1528 1238 1564 ἑκατέρωθεν,
1247 1518 1301 1554 καὶ
1315 1526 1359 1562 ὑφ’
1371 1526 1401 1552 ἓν
1414 1525 1512 1560 χωρίον
1520 1523 1604 1558 ἐγγὺς
1617 1522 1663 1548 τοῦ
1673 1518 1847 1556 συμπτὺσσε-

1062 1576 1122 1602 σθαι
1138 1573 1364 1609 συγκλειομένων.
1380 1572 1500 1599 Ἑοίκασι
1511 1570 1539 1596 δὲ
1554 1570 1582 1596 αἱ
1599 1569 1680 1595 δίοδοι
1695 1564 1775 1594 αὗται
1790 1568 1848 1597 τοῖς

1062 1623 1090 1648 ὲν
1100 1620 1291 1657 Θερμοπύλαις
1313 1620 1426 1649 στενοῖς.
1449 1617 1518 1644 Ἀλλ’
1536 1617 1564 1643 αί
1582 1617 1630 1650 μὲν
1653 1614 1762 1641 Ἰούλιαι
1779 1612 1847 1638 Ἀλ-

1063 1677 1124 1700 πεις
1151 1668 1200 1699 τὰς
1227 1667 1342 1697 Γαλλίας
1370 1666 1418 1692 καὶ
1440 1664 1553 1695 Ἰταλίας
1576 1661 1720 1698 διορίζουσι
1739 1658 1776 1695 (Ι)
1793 1658 1851 1686 τῶν

1069 1714 1177 1741 Ἰταλῶν
1188 1723 1194 1729 ·
1212 1714 1241 1740 αί
1255 1713 1284 1739 δὲ
1301 1712 1413 1743 Σούκεις
1433 1710 1534 1746 μεταξὺ
1550 1709 1600 1744 τῆς
1615 1708 1716 1739 Δακίας
1732 1705 1786 1732 eici.
1800 1705 1850 1732 καὶ

1063 1763 1112 1796 τῆς
1126 1761 1252 1797 Θρᾴκης,
1266 1758 1298 1790 ἃς
1312 1759 1359 1785 καὶ
1374 1757 1537 1785 καταλαὸεῖν
1555 1754 1733 1789 ἐπειγόμενος
1749 1753 1850 1797 Οὐετι-

1066 1806 1164 1842 ρανίων
1191 1805 1239 1840 τὴν
1267 1803 1393 1830 ὑπόνοιαν
1420 1802 1470 1836 τῆς
1493 1799 1703 1830 ἐπαναστάσεως
1727 1796 1851 1832 παρέσχε

1065 1851 1254 1886 Κωνσταντίῳ.

1100 1899 1147 1922 κε’.
1165 1896 1224 1921 Ὀτι
1239 1896 1268 1921 ἐν
1279 1890 1301 1928 ᾧ
1309 1893 1496 1924 Κωνστάντιος
1509 1891 1578 1918 κατὰ
1585 1889 1754 1924 Μαγνεντίου
1766 1896 1852 1923 παρε-

1067 1942 1212 1974 σκευάζετο
1228 1941 1275 1968 τοῦ
1291 1940 1438 1976 τυράννου,
1454 1940 1485 1966 τὸ
1498 1938 1631 1974 Περσικὸν
1643 1937 1764 1967 ἀκούσας
1780 1935 1854 1961 κατὰ

1066 1989 1114 2024 τῆς
1127 1988 1197 2023 ὲῲας
1212 1987 1349 2023 βαρυτέρᾳ
1362 1986 1433 2021 χειρὶ
1444 1985 1590 2016 κινεῖσθαι,
1607 1984 1647 2015 εἰς
1662 1983 1785 2017 ἀνάγκην
1799 1978 1854 2018 ἧκε

1067 2033 1168 2060 ἴαλλον
1184 2033 1311 2068 Καίσαρα
1334 2031 1539 2067 χειροτονῆσαι,
1561 2030 1608 2056 καὶ
1624 2029 1667 2054 ἐπ’
1684 2027 1782 2058 αὐτοὺς
1807 2027 1854 2052 ὲκ-

1069 2080 1186 2116 πέμψαι.
1201 2078 1323 2112 Ἀνεψιὸς
1337 2077 1365 2104 δὲ
1382 2075 1415 2112 ἦν
1430 2077 1444 2102 ὁ
1459 2076 1574 2106 Γάλλος*
1590 2074 1637 2101 καὶ
1652 2073 1705 2109 γὰρ
1721 2074 1736 2100 ὁ
1750 2072 1854 2098 Γάλλου

1069 2126 1159 2161 πατὴρ
1179 2125 1364 2155 Κωνστάντιος
1390 2123 1503 2157 ἁδελφὸς
1526 2120 1560 2157 ἦν
1582 2119 1784 2147 Κωνσταντίνου
1807 2117 1854 2145 τοῦ

1072 2171 1188 2207 μεγάλου
1199 2191 1207 2204 ,
1225 2170 1254 2202 ὃς
1277 2170 1400 2204 ἐγείνατο
1412 2168 1601 2196 Κωνστάντιον
1622 2166 1670 2193 καὶ
1686 2167 1750 2197 τοὺς
1770 2163 1854 2192 αὑτοῦ

1071 2218 1212 2253 ἀδελφούς.

1105 2307 1161 2340 κς’.
1181 2308 1209 2334 Ὀ
1223 2307 1270 2342 μὲν
1285 2304 1331 2333 οὖν
1345 2306 1534 2337 Κωνςτάντιος
1547 2304 1684 2340 ἐγκρατὴς
1699 2303 1746 2330 τοῦ
1760 2302 1856 2338 τυράνη

1071 2362 1117 2380 νου
1131 2353 1233 2388 γίνεται
1242 2373 1249 2385 ,
1265 2352 1404 2379 κάνταῦθα
1427 2351 1473 2378 τοῦ
1489 2351 1604 2386 σημείου
1617 2349 1664 2376 τοῦ
1680 2348 1797 2384 σταυροῦ
1810 2348 1858 2374 ἐπὶ

1073 2399 1201 2435 μέγιστόν
1214 2407 1244 2425 τε
1264 2398 1458 2434 προφανέντος,
1478 2398 1524 2424 καὶ
1546 2395 1856 2431 καταπληκτικωτάταις

1072 2446 1180 2480 αι’γλαις
1195 2445 1450 2481 ὑπεραστράψαντος
1460 2444 1490 2470 τὺ
1502 2443 1550 2478 τῆς
1563 2442 1670 2478 ἡμέρας
1684 2441 1752 2476 φῶς.
1768 2439 1858 2474 Ὠφϐη

847 2531 968 2554 VALESII
989 2531 1234 2554 ANNOTATIONES.

276 2589 330 2624 (95)
350 2589 507 2618 Theodorit.
525 2589 543 2615 l.
562 2597 592 2622 ιι,
607 2595 631 2616 c.
648 2587 691 2615 30.

276 2625 332 2659 (96)
353 2625 430 2652 Socr.
444 2633 505 2659 pag.
523 2624 583 2654 108.
600 2624 666 2659 nll.

276 2657 331 2694 (97)
349 2660 412 2687 Soz.
429 2657 492 2694 pag:
510 2657 646 2696 l34,_157.
673 2692 689 2696 __
738 2692 757 2696 μ
794 2692 801 2696 _
857 2691 862 2696 Ι

278 2691 333 2730 (98)
348 2691 569 2730 Κωνάτίῇλτίνα.
584 2693 612 2719 1η
631 2692 724 2730 codice
738 2691 863 2719 Bocharti
879 2691 1026 2730 ξςωνστανο

241 2727 287 2758 τία
302 2731 440 2758 scribitur.
466 2729 518 2756 Sed
535 2736 627 2756 verum
644 2728 704 2762 ejus
722 2735 819 2754 nomen
831 2731 871 2753 est
880 2727 1025 2762 Ιςωνσταν-

241 2765 312 2797 τίνα,
325 2770 355 2792 ut
368 2765 393 2792 in
414 2763 643 2791 Annotationibus
654 2760 687 2790 ad
703 2762 875 2790 Ammianum
890 2760 1024 2787 Mareelli-

243 2809 307 2828 num
319 2800 469 2827 observavi.

279 2835 334 2870 (99)
354 2835 430 2862 Διότι
456 2834 560 2867 ζήνων.
575 2832 660 2860 Nemo
677 2841 730 2870 non
759 2832 831 2870 videt
851 2829 1023 2858 scribendum

244 2867 306 2898 eséc
322 2870 386 2903 ζῶν,
406 2870 532 2905 quamvis
548 2869 724 2903 manuscripti
742 2867 849 2896 codices
864 2870 1022 2900 repugnent.

1110 2586 1147 2621 (l)
1169 2586 1225 2618 Τὰς
1245 2585 1381 2621 Γαλλίας
1401 2583 1449 2610 καὶ
1475 2583 1609 2621 Ἰζαλὶαν
1634 2581 1806 2621 ᾇιορίζσυσι.
1830 2581 1859 2621 [η

1076 2616 1268 2654 man'uscriptis
1281 2616 1419 2647 codicibus
1433 2619 1534 2646 nostris
1545 2618 1619 2654 hunc
1634 2616 1725 2654 locum
1740 2616 1858 2654 ita__scri-

1075 2662 1150 2691 ptum
1171 2651 1260 2691 inveni
1275 2665 1282 2682 :
1295 2654 1354 2691 Ii;
1381 2654 1496 2691 Γαλλίας
1509 2653 1556 2679 καὶ
1580 2651 1702 2691 Ἰταλίας¹
1712 2651 1860 2686 διορίζουσι

1075 2686 1128 2718 ῖιῶν
1147 2690 1276 2718 Ἰταλιῶν.
1295 2689 1395 2716 Verum
1413 2690 1453 2716 hie
1467 2695 1546 2715 voces
1560 2687 1608 2713 καὶ
1623 2686 1737 2717 Ἰταλίας
1746 2693 1860 2720 prorsus

1078 2727 1261 2761 expungendae
1275 2729 1348 2761 sunt,
1367 2730 1392 2750 nl
1410 2723 1562 2761 superﬂuae.
1590 2722 1669 2761 Certe
1685 2721 1862 2761 _Nicephprus

1078 2762 1105 2788 in
1114 2755 1189 2788 libro
1200 2768 1272 2787 nono
1284 2760 1372 2794 capite
1390 2755 1525 2786 tricesimo
1537 2757 1756 2794 secundo,_ln_mc
1771 2755 1862 2781 Philo-

1078 2796 1173 2831 storgii
1187 2796 1276 2824 locum
1288 2791 1457 2826 describens,
1473 2793 1527 2821 duo
1540 2793 1596 2820 haec
1605 2791 1734 2820 vocabula
1749 2796 1865 2826 praeter-

1078 2831 1161 2859 misit.
