1978 3075
142 161 194 189 513

653 153 933 184 ECCLESIASTICAE
955 155 1128 183 lllSTORl/E
1149 155 1212 182 LIB.
1233 155 1276 182 ΙΙΙ.

1707 155 1761 183 5M

138 218 166 245 δὲ
181 218 228 244 ἐπὶ
238 217 292 244 τῶν
313 216 508 253 Ἰεροσολύμων
524 215 588 251 περί
604 216 653 251 τὴν
672 215 768 251 τρίτην
780 215 854 251 ὥραν
872 215 924 250 μά-

987 222 1033 242 :em
1070 214 1299 249 splendidissimis
1331 214 1364 241 ad
1395 219 1533 250 stuporem
1561 222 1647 250 usque
1677 215 1762 243 radiis

138 264 216 291 λιστα
224 264 274 298 τῆς
281 263 395 298 ἡμέρας.
406 263 502 298 ἑορτῆς
512 261 562 297 τῆς
574 261 725 297 λεγομένης
736 261 926 296 Πεντηκοστῆς

137 309 329 346 ἐνισταμένης.
361 309 390 336 '0
416 310 445 336 δὲ
464 309 616 344 θεόγραφος
635 308 722 340 τύπος
747 309 851 339 ἐκεῖνος
872 307 926 333 ἀπὸ

137 357 185 384 τοῦ
208 357 355 391 λεγομένου
372 355 488 391 Κρανίου
506 355 587 390 μέχρι
607 355 655 381 καὶ
676 353 724 380 τοῦ
741 354 795 380 τῶν
814 352 926 380 Ἐλαιῶν

140 402 218 437 ὅρους
238 401 339 435 διήκων
356 399 456 435 ώρᾶτο,
477 398 560 433 ἴριδος
575 397 695 434 μεγάλης
714 396 846 431 στεφάνου
867 395 928 431 τρό-

141 457 192 474 πον
215 446 382 481 πανταχόθεν
405 445 486 472 αὐτδν
509 443 742 480 περιελιττούσης.
767 442 877 477 Ἐδήλου
899 441 927 468 δὲ

141 494 195 529 ἄρα
218 494 235 529 ἡ
256 493 305 526 μὲν
330 492 383 528 ἶρις
405 492 454 527 τὴν
473 491 520 517 τοῦ
538 489 739 526 σταυρωθέντος
755 490 802 516 καὶ
826 489 926 523 ἀναλη-

141 539 254 572 φθέντος
270 538 413 573 εὐμένειαν
423 546 430 552 ·
448 538 462 563 ό
475 537 503 563 δὲ
517 537 649 571 στέφανος
667 536 718 571 τὴν
733 535 779 562 τοῦ
797 534 928 570 βασιλέως

141 585 231 619 νίκην.
247 584 283 610 Τὸ
295 584 324 610 δὲ
338 583 504 618 σελασφόρον
519 583 607 609 ἐκεῖνο
620 582 667 608 καὶ
679 580 825 616 σεϐάσμιον
839 580 928 615 θέαμα

140 631 202 657 οὐδὲ
217 631 273 661 τοῖς
293 629 340 656 ἐπὶ
352 628 399 656 τοῦ
414 628 596 664 στρατοπέδου
611 627 726 654 ἀθέατον
741 625 786 662 ἦν,
799 626 856 653 ἀλλ’
869 627 930 652 ὲπι-

140 678 229 713 δήλως
243 676 390 712 ὁρώμενον,
407 676 576 708 Μαγνέντιον
594 674 643 709 μὲν
658 673 780 705 καὶτοὺς
793 673 841 700 σὺν
855 671 929 707 αὐτῷ

141 723 189 750 ἅτε
207 724 239 758 τῇ
261 724 316 748 τῶν
339 721 473 757 δαιμόνων
497 720 630 756 θεραπείᾳ
646 718 929 754 προσανακειμένους,

141 768 183 798 εἰς
207 767 347 802 ἀμήχανον
367 766 427 797 δέος
450 765 618 800 κατέστησε·
637 764 824 790 Κωνστάντιον
837 761 865 788 δὲ
882 762 930 789 καὶ

141 813 204 845 τοὺς
221 812 287 848 περὶ
298 811 378 838 αὑτὸν
391 811 431 842 είς
444 811 543 846 θάρσος
553 810 658 845 ἄμαχον
671 809 846 842 ἀνεκτήσατο.
868 807 931 833 Ἤτ-

141 858 234 893 τηθεὶς
248 858 275 884 δὲ
295 857 329 883 τὰ
345 858 441 892 πρῶτα
462 856 630 890 Μαγνέντιος
642 875 648 885 ,
665 853 724 881 εἶτα
738 853 809 880 κατὰ
834 853 929 888 μικρὸν

142 902 285 929 ἀναλαϐὼν
303 902 408 934 ἑαυτὸν,
427 903 474 928 καὶ
494 900 665 936 συμπλακεὶς
688 900 720 926 ἐκ
744 898 870 934 δευτέρου
892 897 930 932 τῷ
947 893 967 919 Β

144 949 267 984 πολέμῳ,
283 948 330 975 καὶ
343 948 414 974 κατὰ
427 947 457 974 τὸ
470 946 665 983 κραταιότατον
685 943 930 978 καταπολεμηθεὶς,

143 995 192 1021 καὶ
207 995 270 1025 τοὺς
288 994 336 1020 σὺν
358 992 432 1028 αὐτῷ
453 991 552 1028 μικροῦ
568 991 671 1022 πάντας
694 988 848 1019 ἀποϐαλὼν,
864 988 932 1023 πρὸς

142 1040 192 1076 τὴν
221 1039 392 1073 Λουγδούνων
415 1037 608 1073 ἀποδιδράσκει
631 1036 717 1062 πόλιν.
747 1035 803 1061 Καὶ
827 1034 861 1061 τὰ
884 1034 932 1069 μὲν

144 1086 241 1122 πρῶτα
255 1086 316 1113 κατ’
332 1083 440 1111 εὔνοιαν
457 1083 538 1118 δῆθεν
555 1083 600 1110 τὸν
615 1083 715 1109 οἰκεῖον
735 1081 848 1115 ἀδελφὺν
864 1081 932 1107 ἁποο

146 1132 273 1167 σφάττει,
293 1129 426 1166 πολεμίας
443 1129 629 1165 προαρπάζων
647 1127 752 1163 ὕϐρεως
764 1127 812 1153 καὶ¹
829 1126 929 1161 χειρός.

148 1179 263 1205 Ἔπειτα
275 1179 322 1204 καὶ
334 1176 412 1208 εἴτις
426 1176 505 1207 ἄλλος
516 1175 608 1210 παρῆν
620 1174 674 1200 τῶν
687 1173 868 1200 οἰκειοτάτων.
882 1172 932 1198 Τε-

145 1223 268 1250 λευταῖον
281 1223 326 1253 δὲ,
342 1222 371 1249 τὺ
389 1222 465 1256 ξίφος
478 1221 634 1256 ὑποστήσας
657 1220 756 1255 ἑαυτῷ,
772 1219 933 1254 ὲηρῤάχθη

144 1277 176 1295 τε
193 1269 241 1295 καὶ
255 1268 389 1299 διελαθεὶς
405 1267 477 1294 κατὰ
497 1267 528 1293 τὸ
542 1266 712 1302 μετάφρενον
727 1265 865 1300 ἐξέψυξεν.
879 1265 933 1291 οὐδ’

146 1314 195 1340 ὅλα
210 1314 333 1349 τέσσαρα
345 1313 515 1348 τυραννήσας
531 1311 589 1346 ἐτη.

184 1443 235 1475 κζ’.
252 1442 314 1469 Ὀτι
328 1441 395 1476 φησὶ
411 1441 473 1473 τοὺς
487 1441 553 1476 περὶ
568 1440 707 1467 Βασίλειον
723 1440 771 1467 καὶ
786 1440 935 1467 Εὑστάθιον

149 1489 183 1516 δι’
196 1488 297 1524 ἔχθρας
313 1487 459 1522 γεγονότας
481 1487 521 1522 τῷ
543 1486 665 1522 Ἀετίῳ,,
676 1487 801 1518 διαϐολὰς
819 1487 935 1518 ἀτόπους

150 1535 299 1571 συρράψαι,
313 1534 362 1561 καὶ
382 1533 428 1560 τὸν
447 1533 547 1560 Γάλλον
560 1533 607 1560 ἐπὶ
622 1533 704 1560 ταυτδ
722 1533 871 1568 παροξύναι
881 1533 936 1568 (2)'

149 1580 221 1607 ὥστε
240 1581 343 1607 ἐκεῖνον
360 1579 398 1611 ὡς
418 1579 578 1610 ἐπισκόποις
601 1578 784 1605 πιστεύσαντα
806 1578 853 1604 καλ¹
871 1578 938 1614 πρὸς

149 1627 234 1663 ὀργὴν
246 1625 458 1661 ἐκταραχθέντα,
474 1624 601 1652 κελεῦσαι
618 1623 664 1650 τὸν
686 1624 787 1650 Ἀέτιον
801 1623 938 1659 ἀναζητη-

151 1672 244 1706 θῆναι,
262 1671 309 1698 καὶ
324 1671 424 1706 ἀμφοῖν
436 1672 492 1697 τοῖν
504 1670 608 1697 σκελοῖν
623 1671 800 1705 κατεαγῆναι.
813 1669 939 1696 Λεοντίου

150 1719 178 1745 δὲ
200 1718 247 1744 τοῦ
270 1717 419 1744 ἐπισκόπου
448 1716 612 1751 Ἀντιοχείας
633 1715 762 1743 τάναντία
779 1715 884 1747 τούτοις
895 1717 940 1742 τὸν

153 1763 280 1799 Καίσαρα
305 1762 495 1798 διδαξαμένου,
518 1762 536 1796 ἥ
557 1770 586 1788 τε
614 1761 832 1794 καταδικάζουσα
852 1762 941 1797 ψῆφος

151 1809 298 1845 ἁνεϐλήθη,
315 1809 362 1835 καὶ
382 1809 422 1840 εἰς
445 1808 507 1835 θέαν
524 1809 538 1834 ὀ
555 1807 655 1839 Γάλλος
675 1807 734 1843 μετ’
747 1808 776 1834 οὺ
803 1807 869 1834 πολὺ
893 1807 941 1834 τοῦ

159 1855 262 1882 Ἀετίου
286 1854 416 1889 κατέστη,
445 1854 492 1881 καὶ
516 1854 592 1888 φίλος
615 1853 721 1888 ἐκρίθη.
739 1852 791 1880 Καὶ
813 1853 942 1885 πολλάκις

155 1902 223 1936 πρὸς
251 1901 395 1928 Ἰουλιανόν
419 1900 568 1935 ἀπεστάλη,
587 1900 635 1927 καὶ
652 1899 768 1934 μάλιστα
792 1899 873 1935 ἡνίκα
901 1899 937 1926 δι-

154 1946 319 1973 επυνθάνετο
340 1946 409 1982 πρὸς
425 1946 471 1972 τὸν
492 1945 668 1981 Ἐλληνισμδν
684 1946 698 1971 ὸ
712 1945 824 1980 ἁδελφὸς
841 1947 943 1972 ἐκεῖνον

155 1993 325 2019 ἀποκλίνειν·
341 1992 482 2018 ἐστέλλετο
499 1991 538 2023 δὲ,
552 1992 600 2027 τῆς
620 1992 747 2023 ἀσεόείας
767 1992 838 2018 κατά
856 1992 886 2018 τὸ
899 1992 940 2018 δυ-

155 2039 234 2065 νατὸν
259 2038 340 2065 αὑτὸν
359 2037 562 2065 ἀνασώσασθαι.
590 2038 628 2064 Οὺ
653 2037 706 2073 μὴν
732 2037 799 2064 ἀλλὰ
822 2038 868 2065 καὶ
890 2038 944 2064 τῶν

156 2083 235 2111 θείων
253 2084 422 2119 μαθημάτων
442 2084 457 2110 ὁ
476 2083 576 2115 Γάλλος
593 2083 751 2110 διδάσκαλον
772 2083 819 2110 τὸν
843 2084 945 2111 Ἀέτιον

155 2130 284 2157 ἐποιεῖτο.

977 261 1055 295 longe
1068 268 1211 295 superans.
1226 260 1358 295 Apparuit
1373 265 1464 288 autem
1486 260 1694 296 Hierosolymis,
1710 261 1763 288 cir-

976 311 1007 331 ca
1021 304 1115 330 horam
1129 303 1233 330 tertiam
1257 303 1316 337 ejus
1333 304 1385 330 diei
1405 311 1464 338 qua:
1483 304 1564 339 vulgo
1580 303 1679 331 dicitur
1694 303 1765 330 Pen-

978 355 1086 377 tecoste.
1101 349 1186 376 Porro
1205 349 1256 376 hoc
1272 349 1380 383 signum
1402 349 1532 377 divinitus
1554 350 1654 384 pictum
1676 357 1691 375 a
1704 350 1765 375 Cal-

978 394 1059 421 varire
1070 398 1163 422 monte
1178 402 1265 429 usque
1276 395 1309 421 ad
1323 399 1444 421 montem
1462 393 1600 422 Olivarum
1614 394 1765 429 pertingere

976 439 1133 471 videbatur,
1149 447 1246 474 magna
1264 439 1331 467 iride
1343 440 1428 467 instar
1441 447 1548 467 coronae
1560 440 1626 466 illud
1646 440 1765 473 undique

978 484 1122 511 atnhientc.
1152 484 1185 512 Et
1211 485 1259 512 iris
1289 486 1397 520 quidem
1421 485 1521 513 Christi
1549 485 1672 513 crucifixi
1690 489 1717 512 et
1737 485 1764 511 in

977 530 1075 556 ccelum
1101 531 1234 566 assumpti
1259 531 1430 558 clementiam
1463 532 1641 566 designabat;
1665 540 1765 559 corona

978 583 1053 607 vero,
1068 575 1239 611 imperatoris
1252 578 1405 605 vict0riam.
1415 577 1500 604 Porro
1515 578 1684 612 splendidum
1694 578 1765 605 istud

979 629 1010 648 ac
1027 622 1211 650 venerandum
1235 624 1341 659 signum
1367 632 1399 651 ne
1418 624 1535 651 militum
1549 624 1656 659 quidem
1671 624 1766 651 oculoe

978 666 1080 701 effugit,
1091 667 1137 694 sed
1155 668 1189 695 ab
1205 674 1321 704 utroque
1338 670 1461 697 exercitu
1479 670 1553 697 clare
1569 674 1745 704 conspectum
1758 689 1765 699 .

979 715 1162 750 Magnentium
1175 717 1285 752 quidem
1295 722 1321 744 et
1335 726 1383 745 eos
1399 718 1445 753 qui
1461 726 1475 744 a
1489 718 1610 752 partibus
1626 718 1698 744 illius
1711 723 1767 745 ειυς

979 761 1060 793 bant,
1079 766 1172 796 utpote
1191 763 1344 790 daemonum
1358 764 1443 790 cullui
1459 764 1592 793 addictos.
1608 772 1690 798 supra
1711 772 1767 790 ino-

979 807 1043 833 dum
1067 807 1181 841 terruit;
1199 807 1360 836 Constantio
1380 817 1444 836 vero
1468 816 1495 837 et
1519 810 1551 837 iis
1574 810 1619 844 qui
1639 818 1701 837 cum
1723 811 1767 836 illo

979 858 1065 884 erant,
1082 853 1209 880 invictam
1225 855 1368 888 quamdam
1386 855 1511 882 fiduciam
1527 857 1638 883 addidit.
1660 856 1693 882 At
1713 857 1768 882 Ma-

980 899 1106 934 gnentius
1118 908 1179 927 cum
1197 908 1212 927 a
1236 900 1396 928 Constantio
1420 902 1536 936 primum
1552 902 1638 929 victus
1659 902 1767 934 luisset,

981 949 1072 978 postea
1092 945 1195 972 viribus
1210 946 1339 980 paulatim
1360 947 1520 980 resumptis,
1535 947 1655 973 secundo
1671 947 1768 981 prmlio

981 997 1155 1025 congressus.
1168 991 1274 1025 penitus
1282 992 1432 1019 debellatus
1443 997 1494 1024 est,
1507 992 1664 1027 amissoque
1675 1000 1770 1027 prope-

982 1037 1091 1063 modum
1113 1037 1188 1064 omni
1207 1037 1326 1064 exercitu
1351 1045 1417 1070 suo,
1436 1038 1470 1065 ad
1497 1039 1589 1065 urbem
1607 1039 1769 1074 Lugdunum

982 1081 1112 1117 profugit.
1137 1083 1177 1110 Ac
1201 1083 1289 1117 primo
1319 1083 1428 1118 quidem
1455 1083 1650 1112 benevolentiae
1681 1086 1771 1120 specie

983 1127 1094 1154 fratrem
1107 1135 1186 1154 suum
1200 1127 1349 1158 interfecit,
1368 1132 1397 1154 ut
1413 1128 1530 1155 hostiunt
1549 1130 1675 1157 inanibus
1687 1134 1714 1157 et
1731 1132 1772 1157 itt-

981 1171 1061 1206 juriis
1079 1179 1141 1198 eum
1158 1172 1284 1206 eriperet.
1307 1172 1407 1199 Deinde
1427 1180 1491 1199 vero
1516 1181 1549 1200 ex
1571 1174 1772 1208 propinquiori-

983 1217 1034 1244 hus
1057 1225 1246 1251 quemcunque
1269 1217 1363 1244 adesse
1394 1218 1516 1250 viderat,
1541 1218 1636 1245 eodem
1661 1219 1773 1246 sustulit

983 1263 1073 1290 modo.
1090 1262 1230 1290 Postremo
1244 1263 1300 1298 ipse
1321 1263 1347 1290 lll
1371 1264 1488 1298 gladium
1506 1272 1588 1299 quem
1604 1265 1706 1299 pectori
1721 1272 1772 1292 suo

985 1312 1176 1343 smpposuerat,
1192 1309 1333 1341 incubuit,
1358 1311 1544 1344 translixoque
1559 1310 1640 1338 dorso
1653 1311 1773 1338 animam

985 1354 1131 1384 exhalavit.
1143 1362 1204 1381 cum
1214 1362 1261 1389 per
1273 1362 1360 1382 annos
1377 1355 1461 1382 ferme
1471 1361 1592 1390 quatuor
1603 1357 1774 1392 tyrannidem

985 1401 1164 1427 exercuisset.

1019 1446 1064 1472 27.
1089 1446 1190 1472 Aetium
1214 1445 1306 1473 Gallus
1328 1447 1354 1473 in
1375 1447 1522 1474 amicitiam
1553 1449 1655 1483 recipit.
1680 1464 1714 1469 --
1730 1449 1774 1477 Ait

986 1491 1194 1526 Philostorgius,
1218 1491 1348 1519 Basilium
1374 1495 1401 1519 et
1424 1491 1614 1526 Enslathium,
1640 1495 1774 1530 susceptis

989 1537 1119 1566 adversus
1132 1537 1238 1566 Actium
1260 1538 1419 1571 inimicitiis,
1437 1539 1569 1567 absurdus
1583 1541 1715 1574 quasdatn
1728 1549 1774 1569 ca—

990 1583 1108 1610 lumnias
1118 1583 1292 1614 conﬁnxisse,
1304 1588 1330 1610 et
1338 1582 1444 1610 Gallum
1456 1588 1548 1610 contra
1560 1592 1622 1610 eum
1635 1584 1775 1612 incitasse:

990 1629 1057 1656 adeo
1073 1633 1102 1655 ut
1113 1628 1205 1656 Gallus
1216 1634 1345 1663 tanquam
1359 1629 1494 1664 episcopis
1513 1629 1591 1657 [idem
1609 1631 1722 1661 habens.
1744 1636 1771 1657 et

992 1673 1033 1699 ira
1048 1673 1258 1706 excandescens,
1275 1673 1381 1700 Aetium
1400 1675 1520 1709 perquiri
1535 1674 1658 1708 jusserit,
1676 1681 1703 1702 et
1718 1676 1773 1704 fra-

991 1719 1042 1746 ctis
1058 1719 1184 1746 cruribus
1206 1719 1303 1747 occidi.
1326 1719 1378 1746 Sed
1401 1727 1461 1747 cum
1477 1720 1604 1748 Leontius
1627 1722 1774 1756 episcopus

991 1765 1143 1791 Antiochia:
1164 1765 1301 1792 contraria
1325 1765 1359 1792 iis
1379 1773 1439 1800 quae
1454 1771 1548 1793 contra
1561 1767 1667 1793 Aetium
1687 1767 1775 1794 delata

991 1810 1099 1838 fuerant
1110 1809 1210 1837 Caesari
1226 1811 1373 1842 retulisset,
1388 1810 1570 1838 damnationis
1582 1812 1716 1839 sententia
1730 1820 1769 1839 re-

991 1861 1086 1883 vocata
1105 1860 1155 1887 est,
1171 1859 1198 1883 et
1208 1855 1301 1883 Aetius
1317 1864 1370 1883 non
1384 1857 1469 1884 multo
1487 1857 1584 1891 postin
1599 1863 1775 1892 conspectum

993 1901 1061 1928 Galli
1077 1901 1159 1934 venit,
1170 1906 1196 1929 et
1212 1902 1282 1928 inter
1292 1902 1394 1930 amicos
1409 1903 1470 1938 ejus
1485 1902 1594 1931 habitus
1607 1909 1659 1931 est.
1677 1903 1777 1932 Missus

993 1951 1034 1973 est
1051 1947 1130 1974 etiam
1146 1947 1245 1981 srepius
1261 1947 1294 1974 ad
1308 1947 1456 1982 Julianum,
1467 1956 1500 1976 ac
1512 1950 1646 1984 praecipue
1661 1957 1694 1976 eo
1708 1954 1776 1977 tem-

994 1999 1058 2026 pore
1085 2000 1139 2027 quo
1154 1992 1246 2020 Gallus
1267 1994 1377 2020 fratrem
1402 2002 1481 2022 suum
1506 1995 1540 2022 ad
1557 1996 1777 2030 superstitionem

994 2037 1135 2072 gentilium
1153 2038 1291 2065 declinare
1307 2038 1456 2071 didicerat;
1473 2039 1629 2067 mittebatur
1645 2046 1733 2067 autem
1745 2048 1779 2068 eo

995 2082 1120 2114 consilio.
1142 2088 1172 2110 ut
1185 2082 1322 2111 Julianum
1341 2085 1375 2112 ab
1394 2085 1532 2120 impietate
1548 2090 1695 2113 revocaret.
1726 2085 1778 2114 Sed

994 2135 1021 2156 et
1038 2129 1131 2157 Gallus
1140 2129 1247 2158 Aetium
1257 2138 1398 2159 sacrarunt
1407 2131 1611 2166 disciplinarum
1621 2134 1778 2168 magistratu

995 2175 1047 2202 sibi
1065 2176 1188 2203 adscivit.

193 2223 246 2256 κη’.
264 2221 326 2247 Ὅτι
347 2220 449 2247 Γάλλου
472 2218 543 2246 κατὰ
559 2219 674 2255 Περσῶν
687 2227 728 2252 εις
748 2219 779 2246 τὸ
800 2219 937 2256 κράτιστοι

1031 2221 1076 2248 28.
1097 2221 1188 2249 Gallus
1205 2222 1345 2249 calumniis
1367 2223 1507 2257 appetitus.
1517 2237 1554 2243 -—
1566 2223 1634 2251 Cum
1647 2223 1739 2251 Gallus
1752 2223 1780 2251 in

156 2266 423 2301 ἁνδραγαθήσαντος,
444 2266 484 2297 εἰς
506 2265 602 2300 φθόνον
616 2266 641 2292 οἱ
663 2267 722 2297 ταῖς
736 2265 872 2298 διαϐολαῖς
885 2267 945 2301 χαί-

159 2320 253 2348 ροντες
271 2312 452 2346 ἀναφλέγουσι
475 2311 520 2338 τὸν
537 2311 659 2347 βασιλέα.
685 2311 739 2338 Καὶ
753 2311 799 2338 τοῦ
813 2312 947 2348 Περσικοῦ

157 2358 279 2392 πολέμου
299 2359 358 2389 ταῖς
376 2357 422 2384 τοῦ
439 2357 577 2392 Καίσαρος
597 2357 746 2392 ἀριστείαις
761 2358 947 2393 πεπαυμένου,

158 2403 317 2431 ἀποστέλλει
341 2403 504 2438 Δομετιανὸν
536 2402 655 2438 ἔπαρχον
687 2402 741 2429 τῶν
776 2403 949 2438 καλουμένων

158 2449 336 2486 πραιτωρίων
349 2450 364 2476 ὁ
376 2449 576 2482 Κωνστάντιος,
592 2448 781 2484 ἐντειλάμενος
793 2448 866 2484 αὑτῷ
879 2448 949 2476 κατά

155 2497 190 2524 τὸ
207 2497 320 2531 ἀφανὲς.
331 2497 380 2528 τὰς
393 2496 440 2523 τοῦ
453 2495 554 2522 Γάλλου
569 2495 744 2531 περικόπτειν
759 2495 813 2521 ἀπὸ
825 2494 876 2530 τῆς
890 2495 950 2521 Ἀν-

156 2542 277 2577 στιοχείας
293 2542 409 2575 ἐξόδους,
428 2541 479 2577 τὴν
494 2541 537 2568 ἐπ’
555 2541 667 2576 ἀνδρείᾳ
681 2541 727 2567 καὶ
741 2542 774 2576 τῇ
785 2541 839 2568 τῶν
852 2541 950 2568 κοινῶν

156 2588 306 2624 ἐπιμελείᾳ
327 2587 405 2620 δόξαν
429 2587 512 2614 αὑτοῦ
534 2586 767 2622 κατασμικρύνειν
784 2586 869 2622 ταύτῃ
891 2587 949 2613 δια-

155 2635 314 2671 νοούμενος.
342 2635 371 2661 ’0
386 2634 414 2661 δὲ
435 2634 596 2669 Δομετιανὸς
611 2632 686 2660 οὐδὲν
699 2632 753 2659 τῶν
768 2633 951 2668 προσταχθέν-

997 2267 1067 2295 bello
1082 2267 1212 2295 adversus
1228 2267 1325 2295 Persas
1342 2268 1488 2295 admodum
1502 2273 1612 2296 strenue
1634 2276 1664 2296 se
1680 2269 1781 2303 gessis-

997 2317 1048 2344 set,
1063 2312 1275 2339 calumniatores
1288 2311 1478 2338 Constantium
1494 2312 1525 2338 ad
1542 2311 1670 2338 invidiam
1686 2313 1781 2338 conci-

997 2361 1102 2385 tarunt.
1128 2358 1302 2385 Constantius
1318 2357 1409 2392 igitur,
1427 2357 1497 2385 bello
1510 2357 1620 2385 Persico
1636 2358 1735 2384 virtute
1750 2365 1782 2385 ac

998 2403 1156 2430 fortitudine
1172 2403 1288 2430 Czesaris
1311 2402 1380 2431 Galli
1399 2403 1457 2438 jam
1482 2403 1581 2438 sopito,
1599 2402 1781 2430 Domitianum

997 2448 1153 2484 praefectum
1174 2450 1300 2484 praetorio
1323 2449 1406 2481 misit,
1431 2449 1482 2476 hoc
1500 2449 1525 2475 ei
1543 2449 1610 2475 dans
1627 2447 1735 2475 occulte
1755 2448 1780 2474 in

999 2495 1144 2526 mandatis.
1161 2500 1188 2521 ut
1202 2502 1327 2529 egressus
1338 2494 1406 2521 Galli
1422 2503 1453 2522 ex
1469 2495 1535 2522 urbe
1551 2494 1693 2521 Antiochia
1708 2502 1783 2521 com-

998 2540 1137 2575 primeret.
1155 2539 1211 2567 [lac
1231 2540 1303 2567 enim
1319 2540 1424 2567 ratione
1438 2541 1553 2575 gloriam
1575 2540 1644 2566 Galli
1658 2548 1689 2566 ex
1707 2540 1783 2566 toi-ti-

999 2585 1094 2613 tudine
1109 2586 1202 2621 reique
1226 2586 1340 2621 publica:
1363 2594 1429 2613 cura
1456 2586 1618 2612 imminurre
1637 2585 1783 2620 cogitabat.

1000 2631 1170 2660 Domitianus
1197 2640 1271 2666 vero,
1298 2640 1352 2659 non
1378 2632 1459 2660 tnodo
1485 2640 1537 2659 non
1562 2632 1728 2659 moderatius
1752 2631 1785 2658 iis

780 2719 819 2739 VA
823 2718 900 2740 LESII
920 2717 1169 2741 ANNOTATIONES.

198 2811 236 2846 (Ξ)
263 2809 330 2846 Ἐπὶ
348 2807 476 2846 τξιιὺτοῦ
497 2807 683 2846 παροξύναιἰ¹
701 2806 805 2846 Mallem
828 2806 948 2846 scrihfre

148 2841 222 2874 κατ’
242 2843 337 2872 αὑτοῦ.
361 2843 393 2870 'ln
416 2843 601 2876 ntanuscripto
624 2841 717 2868 codice
746 2841 881 2868 Samuelis
896 2841 948 2867 Bn-

150 2882 250 2912 charti
269 2881 374 2914 legitur.
391 2878 436 2905 ἐπὶ
450 2877 555 2904 ταυτὸν.
570 2877 634 2904 Post
651 2876 696 2904 ubi
714 2876 810 2911 legitur
823 2876 868 2903 τὸν
880 2876 947 2903 Καί-

1001 2814 1072 2842 σαρα
1099 2805 1300 2842 διαδεξαμένου.
1330 2806 1504 2833 scribendum
1529 2810 1583 2842 esti
1599 2804 1786 2841 διδαξαμένου,

1002 2847 1031 2869 ut
1044 2842 1071 2869 in
1091 2843 1184 2870 codice
1200 2842 1326 2870 Bucharti
1347 2842 1477 2877 scriptum
1496 2841 1596 2868 inverti.
