1978 3075
203 176 256 205 Si?»

891 172 1138 202 PiilLOSTORGll

1783 173 1834 199 ΰὶϐ

202 242 264 270 qure
275 234 326 268 ipsi
352 234 483 269 imperata
505 239 622 265 merant,
642 241 736 261 verum
763 233 845 260 etiam
862 232 993 260 audacius

1051 240 1098 258 των
1120 230 1313 266 μετριώτερον,
1332 229 1400 256 ἀλλὰ
1414 229 1461 256 καὶ
1481 229 1649 265 θρασύτερον
1666 228 1712 256 καί
1727 231 1834 265 φρονῶν

201 288 286 316 agens
297 288 329 306 ae
340 280 469 309 sentiens.
485 287 547 308 cum
566 281 684 307 venisset
699 279 881 311 Antiochiam,
897 279 923 305 in
938 285 992 313 qua

202 326 297 353 Gallus
319 326 486 356 morabatur.
512 333 546 353 ne
567 326 783 360 inconspectum
798 325 910 359 quidem
932 325 992 359 ejus

202 371 297 398 venire
311 371 452 398 sustinuit.
467 370 554 404 Quam
573 371 607 398 ob
622 378 744 402 causam,
761 375 788 397 et
804 370 838 397 ob
851 370 903 397 alia
919 378 988 405 quac-

200 416 263 443 dam
281 423 340 450 qum
365 416 528 448 inciderant,
543 415 637 444 Gallus
651 415 819 450 praefectum,
837 421 868 443 ut
879 416 994 443 insolen-

203 466 257 487 tem
279 466 306 488 et
321 466 521 494 contumacem,
536 466 658 488 extremo
677 461 811 496 supplicio
827 462 931 488 aliiccre
946 462 993 488 de-

203 508 299 540 crevit,
315 513 341 534 et
356 507 488 534 Montium
508 507 541 534 ad
567 507 649 541 hujus
661 507 757 541 judicii
775 507 932 534 societatem
949 514 994 534 as-

203 560 337 580 sessorem
350 553 402 580 sibi
413 553 572 588 assumpsit.
584 552 633 580 Hic
643 561 719 585 vero,
734 553 911 581 immoderata
927 561 994 580 usus

203 599 376 631 conﬁdentia,
389 599 495 626 Gallum
515 599 557 625 his
568 599 658 626 verbis
673 599 845 634 compellavit
858 607 864 624 :
894 597 932 626 Ne
946 606 994 625 cu-

205 649 324 671 ratorem
352 645 461 682 quidem
489 645 564 672 urbis
580 645 628 671 tibi
658 653 753 672 creare
770 645 843 673 licet.
869 645 994 678 Quonam

205 690 289 724 igitur
315 689 397 717 modo
413 689 571 724 prariectum
592 691 711 725 praetorii
730 698 824 725 pOSses
850 690 995 717 occidere?

156 762 161 766 ,
205 735 310 768 Quibus
335 735 427 762 verbis
448 741 609 769 exasperata
634 735 795 762 Constantia
823 743 892 762 uxor
911 735 992 767 Galli,

205 781 278 815 quod
290 780 396 812 Gallus,
414 781 459 815 qui
477 785 505 807 et
519 781 611 808 Caesar
625 786 652 808 ct
663 782 791 816 Augusta:
807 782 922 808 maritus
938 786 996 808 erat

211 827 293 859 (hanc
307 827 380 854 enim
396 827 553 861 dignitatem
568 835 583 854 a
597 832 672 862 patre
687 829 743 862 ipsa
753 828 996 862 acceperat),cjus-

210 873 283 900 Inodi
315 873 480 900 contutuelia
507 873 668 905 aiiiceretur,
695 874 753 908 ipsa
781 874 839 901 suis
869 874 994 901 manibus

1043 277 1089 303 καὶ
1106 276 1244 312 πράττων,
1270 275 1330 302 οὐδὲ
1347 275 1569 310 παραγενόμενος
1594 275 1635 307 είς
1659 275 1833 311 Ἀντιόχειαν,

1043 323 1107 349 ἔνθα
1127 322 1260 358 διέτριϐεν
1280 323 1294 348 ὁ
1306 321 1416 352 Γάλλος,
1432 321 1486 347 οὐδ’
1504 322 1543 352 εἰς
1563 320 1625 356 ὄψιν
1642 321 1724 347 αὐτοῦ
1748 321 1835 348 ἐλθεῖν

1043 369 1216 400 κατεδέξατο.
1240 368 1285 401 Ἐξ
1301 365 1335 404 ἧς
1349 367 1439 399 αίτίας
1453 367 1501 394 καὶ
1520 367 1622 403 ἐτέρων
1644 368 1836 404 συνεπιρῤυέν-

1045 423 1117 445 των,
1144 413 1251 449 Θανάτῳ
1276 413 1321 439 τὸν
1347 412 1476 448 ὑϐριστὴν
1499 412 1638 448 μετελθεῖν
1667 413 1834 442 ἐϐουλεύετο,

1043 460 1147 485 καὶτὸν
1166 459 1282 486 Μάντιον
1299 458 1336 494 (5)
1352 458 1479 485 κοινωνὸν
1502 458 1628 493 γενέσθαι
1649 458 1698 493 τῆς
1720 459 1837 494 κρίσεως

1044 504 1263 539 παρελάμδανεν.
1288 504 1316 530 '0
1330 504 1358 530 δὲ
1375 503 1491 539 θράσους
1505 505 1623 540 ἀμετρίᾳ
1643 505 1814 540 χρησάμενος
1826 512 1833 518 ·

1043 549 1112 576 Οὐδὲ
1139 549 1286 585 λογιστὴν,
1314 550 1458 583 ἀντεῖπεν,
1488 549 1576 582 ἔξεστί
1598 559 1638 577 σοι
1663 551 1838 586 προχειρίσα-

1045 595 1107 622 σθαι
1123 596 1172 630 (4),
1190 597 1237 622 καὶ
1263 595 1321 627 πῶς
1341 595 1373 622 ἂν
1389 596 1563 632 πραιτωρίων
1590 596 1709 632 ἔπαρχον
1733 596 1838 623 ἀνελεῖν

1044 641 1152 674 δύναιος
1171 642 1228 676 Ἐφ’
1242 639 1282 674 οἷς
1297 643 1313 677 ἡ
1325 641 1426 668 Γάλλου
1443 642 1511 676 γυνὴ
1525 642 1748 677 Κωνσταντία(α)
1760 651 1839 679 περι-

1045 687 1130 723 αλγὴς
1144 688 1285 722 γενομένη,
1301 689 1325 714 εἰ
1338 687 1424 719 οὕτως
1437 688 1451 714 ὁ
1462 687 1561 718 Γάλλος
1571 688 1681 723 Καῖσάρ
1694 696 1723 713 τε
1739 687 1776 714 ὢν
1791 687 1840 714 καὶ

1044 735 1203 770 Αὑγούστης
1219 735 1288 769 ἀνὴρ
1307 734 1435 770 (καὶγὰρ
1457 734 1526 769 αὕτη
1549 734 1684 769 πατρόθεν
1705 732 1739 770 ἦν
1761 734 1837 761 δεδε-

1045 782 1134 816 γμένη
1157 782 1186 808 τὺ
1205 781 1325 816 ἀξίωμα)
1343 780 1581 816 προπηλακίζοιτο,
1607 781 1675 815 αὑτὴ
1692 780 1724 806 δι’
1740 781 1840 815 ἑαυτῆς

1046 827 1255 862 ἐπισπασαμένη
1277 827 1321 853 τὸν
1341 827 1455 853 Μόντιον
1472 829 1528 858 τοῖς
1550 827 1708 862 δορυφόροις
1730 827 1840 853 ἐκδίδω-

1047 882 1099 900 σιν.
1109 873 1190 899 Ὥστε
1205 873 1254 908 τὴν
1266 873 1397 908 ταχίστην
1408 872 1562 908 ἀραμένους
1575 873 1644 908 πρὸς
1656 873 1701 898 τὸν
1712 874 1841 907 Δομετια-

207 918 340 946 Montium
356 926 388 945 ex
410 918 540 945 tribunali
556 919 708 945 detractum
724 919 924 953 protectoribus
941 924 995 946 tra-

1051 920 1089 946 νὺν
1103 919 1277 954 ἀποκομίσαι.
1293 920 1425 946 Κάκεῖνον
1441 920 1668 951 κατασπάσαντας
1679 918 1839 954 τοῦθρόνου,

205 965 286 991 didit.
309 963 361 997 Qui
383 963 527 991 confestim
543 972 604 990 eum
621 964 787 998 abripieutcs
803 964 834 991 ad
851 963 996 992 Domitiani

207 1010 365 1045 praetorium
380 1010 569 1044 deportarunt.
583 1008 707 1044 Cumque
720 1009 795 1036 illum
808 1009 890 1036 etiam
905 1017 936 1036 ex
949 1011 996 1037 tri-

207 1056 299 1083 bunali
321 1056 513 1085 detraxissent.
541 1055 637 1083 ambos
666 1055 776 1082 funibus
802 1056 835 1082 ad
856 1055 998 1090 utriusque

1045 966 1128 999 ἄμφω
1143 965 1258 1000 σχοίνοις
1277 965 1331 991 τῶν
1353 965 1442 991 ποδῶν
1459 965 1656 1000 ἐξαψαμένους,
1675 965 1776 996 κακοὺς
1791 974 1840 991 κα-

1046 1011 1101 1043 κῶς
1117 1011 1257 1038 ἀπολέσαι.
1275 1011 1330 1037 Καὶ
1358 1010 1437 1037 τοῦτο
1459 1010 1555 1037 θᾶττον
1576 1010 1711 1046 ἐπράχθη,
1730 1019 1841 1037 συνεπι-

1046 1056 1209 1092 ψηφίζοντος
1225 1057 1271 1084 καὶ
1286 1056 1332 1083 τοῦ
1347 1057 1458 1083 Γάλλου.

207 1102 290 1136 pedes
315 1102 439 1134 adnuis,
455 1101 638 1129 miserandum
657 1102 684 1128 in
714 1101 825 1129 modum
851 1102 1057 1130 interemerunt.
1074 1103 1156 1138 idque
1179 1104 1304 1131 celeriter
1332 1103 1432 1131 factum
1457 1108 1515 1136 est,
1539 1103 1728 1130 consentiente
1759 1102 1841 1130 etiam

206 1150 295 1177 Gallo.

436 1205 481 1232 EX
497 1204 598 1232 LIBRO
614 1204 767 1238 QUARTO.

243 1263 270 1290 i.
287 1262 358 1289 Galli
373 1263 466 1290 credes.
479 1277 512 1282 —
526 1261 711 1294 Constantius,
724 1270 785 1289 cum
799 1270 829 1289 ea
846 1270 906 1296 qua:
919 1262 994 1289 Mnn~

209 1308 246 1336 tio
258 1316 290 1336 ac
301 1308 456 1335 Domitiano
470 1309 634 1339 accideranl,
644 1309 830 1342 comperisset,
842 1309 881 1335 ira
896 1317 995 1335 excau-

207 1355 322 1381 deseens
341 1353 446 1380 Gallum
469 1354 502 1381 ad
518 1362 546 1380 se
561 1354 693 1381 evocavit.
711 1353 759 1380 ilic
774 1362 849 1386 vero,
862 1355 912 1382 etsi
929 1355 995 1381 nihil

210 1400 273 1426 boui
295 1399 328 1427 de
355 1400 404 1426 hac
426 1400 584 1427 evocatione
609 1399 804 1432 suspicaretur,
829 1405 918 1426 tamen
938 1408 995 1427 me-

209 1451 290 1472 tuens
304 1453 347 1477 ue,
371 1445 392 1472 si
410 1449 574 1476 recusasset,
593 1445 693 1472 bellum
714 1445 792 1472 civile
809 1452 995 1472 commovere-

209 1496 264 1523 tur,
288 1490 422 1517 mandatis
439 1490 647 1524 obtemperavit.
668 1490 831 1526 Antegressa
847 1498 936 1517 autem
956 1494 998 1517 est

208 1535 379 1568 Constantia,
393 1535 467 1570 prior
484 1534 596 1562 fratrem
609 1535 755 1562 convenire
771 1536 892 1564 studens.
907 1541 934 1562 et
950 1543 998 1570 pro

1183 1205 1228 1231 EK
1250 1205 1318 1231 ΤΗΣ
1333 1204 1516 1231 ΤΕΤΛΡΤΗΣ
1536 1205 1702 1231 ΙΣΤΟΡΙΑΣ.

1083 1264 1117 1288 α’.
1131 1261 1191 1287 Ὅτι
1201 1261 1215 1287 ὁ
1225 1260 1414 1292 Κωνστάντιος
1431 1260 1524 1296 μαθὼν
1541 1261 1576 1287 τὰ
1593 1261 1779 1296 περἰΜὸντιον
1794 1262 1842 1288 καὶ

1048 1307 1210 1342 Δομετιανὸν
1236 1306 1438 1341 συνενεχθέντα,
1469 1308 1517 1334 καὶ
1543 1308 1627 1344 ὀργῆς
1645 1307 1840 1342 ἀναπλησθεὶς,

1050 1353 1224 1388 μετεκαλεῖτο
1247 1353 1293 1379 τὸν
1308 1353 1419 1380 Γάλλον.
1446 1353 1475 1380 '0
1488 1353 1528 1386 δὲ,
1549 1354 1599 1389 τὴν
1616 1353 1664 1387 μὲν
1682 1353 1777 1388 κλῆσιν
1791 1354 1842 1380 οὐκ

1047 1398 1090 1424 ἐπ’
1113 1397 1208 1432 ἀγαθῷ
1226 1397 1364 1424 συλλαϐὼν
1377 1398 1426 1432 (5),
1452 1398 1652 1432 εὐλαϐούμενος
1663 1398 1691 1425 δὲ
1706 1399 1743 1434 μὴ
1759 1399 1842 1425 πόλε-

1049 1452 1099 1478 μος
1115 1443 1310 1479 ἀπειθήσαντος
1322 1445 1462 1480 συῤῥαγῇ.
1479 1444 1526 1470 τοῦ
1541 1445 1751 1480 προστάγματος
1769 1445 1843 1478 γίνε-

1047 1490 1148 1524 ται(6).
1158 1489 1327 1525 Προεξώρμα
1341 1490 1369 1516 δὲ
1383 1490 1429 1516 καὶ
1440 1490 1456 1525 ἡ
1468 1491 1655 1522 Κωνσταντία,
1665 1492 1840 1526 προεντυχεῖν

1049 1535 1203 1562 σπεύδουσα
1217 1535 1255 1570 τῷ
1266 1535 1383 1571 ἀδελφῷ,
1395 1537 1442 1562 καὶ
1451 1536 1609 1563 αἰδέσασθαι
1624 1536 1703 1563 αὑτὸν
1715 1537 1784 1572 ὑπὲρ
1794 1537 1841 1563 τοῦ

210 1581 308 1608 marito
323 1588 383 1607 eum
401 1588 526 1608 exorare.
552 1579 605 1607 Sed
619 1588 681 1607 cum
699 1579 853 1616 Bithyniam
867 1582 996 1614 venisset,

1051 1581 1155 1616 ἀνδρός.
1183 1581 1253 1608 Ἀλλ’
1276 1581 1346 1616 αὕτη
1372 1582 1431 1617 μὲν,
1458 1582 1528 1608 κατὰ
1548 1582 1675 1609 Βιθυνίαν
1695 1583 1840 1618 γενομένη,

210 1628 259 1654 vise
271 1627 353 1654 simul
368 1634 400 1654 ac
409 1627 471 1653 vitae
483 1626 541 1661 ejus
555 1634 665 1653 cursum
676 1627 816 1661 repentina
828 1635 901 1654 mors
915 1627 997 1654 inter-

210 1671 293 1705 rupit.
310 1669 370 1703 Quo
386 1678 451 1697 casu
467 1669 571 1703 Gallus,
589 1670 616 1696 in
639 1671 791 1705 graviorem
815 1677 917 1699 metum
932 1679 997 1699 con-

211 1716 308 1750 iectus,
333 1716 451 1750 priorem
486 1720 575 1742 tamen
602 1716 766 1743 sententiam
792 1724 845 1743 non
870 1718 996 1744 mutavit.

211 1761 351 1788 Proiectus
368 1766 410 1789 est
424 1767 513 1788 autem
532 1770 585 1788 una
600 1770 662 1789 cum
679 1762 725 1789 illo
736 1762 817 1789 etiam
830 1761 997 1796 Theophilus

211 1809 302 1836 huius.
329 1807 414 1835 Porro
428 1815 489 1835 cum
506 1807 599 1835 Gallus
627 1808 653 1834 in
671 1807 799 1835 Noricum
817 1809 944 1839 venisset,
965 1816 996 1835 ex

211 1855 278 1881 urbe
291 1853 442 1881 Mediolano
468 1854 495 1880 in
515 1861 568 1888 qua
594 1857 651 1880 tum
680 1854 793 1888 degebat
809 1853 997 1886 ConstantiusI

212 1900 313 1927 missus
330 1904 372 1927 est
393 1899 519 1927 Barbatio
536 1899 666 1934 magister
680 1899 808 1932 militum,
832 1899 878 1934 qui
896 1904 922 1926 et
936 1899 998 1926 Gai-

1050 1627 1184 1663 ὲπεσχὲθη
1198 1627 1238 1662 τῷ
1252 1627 1361 1663 θανάτῳ
1377 1630 1424 1655 καὶ
1443 1629 1493 1664 τῆς
1507 1629 1566 1656 ὁδοῦ
1584 1630 1631 1656 καὶ
1646 1630 1692 1656 τοῦ
1708 1630 1776 1664 βίου.
1795 1630 1842 1663 Ἐξ

1049 1670 1079 1699 οὗ
1102 1674 1149 1700 καὶ
1166 1674 1179 1699 ὁ
1194 1673 1294 1704 Γάλλος
1311 1674 1411 1708 μᾶλλον
1426 1675 1472 1701 τοῦ
1484 1675 1560 1707 δέους
1574 1676 1728 1710 γενόμενος,
1742 1677 1791 1711 τὴν
1811 1676 1842 1709 ἐξ

1050 1719 1136 1754 ἀρχῆς
1151 1719 1263 1754 γνώμην
1281 1720 1356 1754 ὅμως
1375 1720 1405 1746 οὺ
1423 1720 1539 1756 μεθίετο.
1566 1721 1702 1756 Συναπῄει
1721 1721 1744 1747 δ’
1767 1721 1843 1756 αὐτῷ

1050 1765 1097 1790 και
1113 1764 1240 1797 Θεόφιλος
1261 1766 1276 1790 ὁ
1296 1765 1383 1796 Ἰνδός.
1404 1765 1480 1792 Ἐπεὶ
1495 1765 1523 1791 δὲ
1537 1766 1600 1797 τοὺς
1610 1766 1750 1800 Νωρικοὺς
1765 1767 1842 1792 κατέ-

1050 1808 1141 1841 λαϐεν,
1164 1809 1282 1836 ἐνταῦθα
1304 1810 1336 1845 δὴ
1361 1811 1394 1836 ὲκ
1416 1810 1588 1837 Μεδιολάνων
1605 1832 1612 1844 ,
1635 1811 1700 1838 ἔνθα
1719 1811 1811 1846 διῆγεν
1828 1813 1842 1839 ὁ

1050 1854 1249 1886 Κωνστὰντιος,
1275 1855 1486 1890 καταπέμπεται
1509 1856 1679 1891 Βαρϐατίων,
1708 1857 1776 1891 ἀνὴρ
1793 1858 1842 1892 τὴν

1051 1899 1235 1934 στρατηγικὴν
1249 1899 1318 1935 ἔχων
1340 1900 1438 1936 ἀρχὴν,
1459 1901 1500 1935 ἐφ’
1568 1901 1613 1928 τὸν
1630 1901 1730 1928 Γάλλον
1743 1902 1842 1936 ἀφελέ-

824 1985 945 2007 VALESII
964 1984 1216 2008 ANNOTATIONES.

248 2049 286 2085 (5)
298 2050 353 2076 Καὶ
372 2049 427 2076 τὸν
442 2051 582 2077 Μάντιον.
603 2049 718 2077 Fallitur
732 2049 774 2076 vir
786 2048 895 2085 doctus,
911 2049 957 2084 qui
973 2050 999 2076 iu

212 2085 335 2119 margine
359 2085 463 2112 codicis
477 2085 603 2112 Boeharti
621 2085 761 2112 annotavit
782 2084 852 2111 forte
877 2085 1000 2111 scriben—

212 2121 277 2146 dum
296 2127 357 2146 esse
372 2121 506 2146 Λεόντιον.
522 2119 569 2147 ilic
592 2121 664 2147 enim
689 2125 729 2147 est
747 2119 867 2146 Montius
881 2124 1002 2154 quaestor

212 2156 283 2182 sacri
298 2154 404 2187 Palatii,
424 2156 457 2182 de
476 2163 530 2190 quo
546 2156 706 2182 Ammianus
721 2154 893 2182 Marcellinus
909 2155 999 2188 loqui-

214 2196 258 2216 tur
276 2190 302 2216 iu
321 2191 390 2217 libro
404 2190 511 2217 decimo
526 2195 633 2224 quarto.
648 2190 775 2224 Ejusdem
797 2190 920 2217 meminit
935 2190 1001 2217 Gre-

213 2226 307 2261 gorius
325 2225 464 2261 Nysaenus
481 2226 507 2252 iu
522 2225 699 2261 librorprimo
715 2230 807 2252 contra
829 2224 999 2256 Elmomium,

1054 2050 1160 2077 Gallum
1175 2051 1310 2078 Czcsarem
1325 2051 1361 2078 ita
1380 2051 1562 2079 admonebat:
1595 2053 1656 2079 Non
1673 2054 1733 2081 licet
1751 2055 1798 2081 tibi
1812 2063 1843 2082 ne

1054 2091 1202 2124 curulore‘m
1217 2086 1323 2121 quidem
1330 2087 1407 2124 urbis
1423 2095 1582 2124 p_rom0vere,
1594 2094 1692 2124 quanto
1706 2091 1792 2116 minus
1810 2091 1841 2116 li-

1055 2125 1094 2147 cet
1109 2121 1263 2158 prrefectum
1279 2123 1417 2150 occidere?
1429 2122 1575 2158 sciendum
1595 2121 1677 2158 porro
1691 2130 1742 2155 est,
1761 2133 1843 2152 cura-

1054 2161 1128 2194 tores
1150 2157 1290 2183 civitatum
1302 2157 1431 2194 _ab»ipsis
1453 2156 1665 2194 imperatoribus
1685 2160 1842 2194 promoveri

1055 2192 1161 2223 solitos,
1175 2196 1204 2218 ut
1219 2191 1309 2218 notavi
1323 2192 1355 2218 ad
1369 2191 1459 2218 Amm.
1476 2191 1625 2220 Marcellin.
1651 2191 1767 2222 Proinde
1779 2195 1843 2222 Gal-

1054 2226 1107 2257 lus.
1133 2227 1233 2261 quippe
1256 2227 1302 2261 qui
1323 2228 1471 2261 imperator
1497 2236 1550 2255 non
1573 2234 1658 2261 esset,
1683 2230 1730 2256 sed
1749 2230 1844 2257 Caesar

214 2268 274 2303 pag.
291 2260 359 2303 294‘:
383 2260 436 2286 Τοῦ
453 2261 481 2286 δὲ
498 2261 561 2300 περὶ
580 2260 624 2286 τὸν
636 2260 762 2303 κῦπαρχον
778 2260 940 2303 Δομετιανὸν
954 2261 997 2286 καὶ

1051 2260 1239 2303 ᾱιιιιιιιιιριίὶιι
1265 2260 1319 2294 est,
1347 2260 1519 2303 imperatoris
1542 2264 1676 2296 minister,
1704 2270 1843 2293 curatoris

213 2296 329 2322 Μάντιον
344 2296 427 2330 ἄγους
443 2295 591 2330 τηνικαῦτα
606 2295 795 2330 τολμηθέντος,
810 2301 862 2322 etc.

250 2331 289 2366 (4)
307 2331 384 2357 Οὐδὲ
397 2330 544 2365 λογιστὴν
560 2331 661 2362 ἒξεστί
673 2338 729 2366 σοι
740 2331 998 2366 προχειρίσασθαι.

214 2365 293 2393 Hunc
310 2366 400 2393 locum
415 2368 468 2392 n‘ou
486 2366 617 2392 intellexit
629 2365 822 2392 Gothofredus.
838 2365 905 2392 Nam
932 2366 1001 2399 logi-

214 2406 284 2428 stam
309 2401 431 2436 quidem,
450 2401 630 2427 rationarium
650 2400 768 2434 pra'l‘ecti
783 2402 910 2436 praetorio
922 2400 1001 2426 intel-

213 2437 292 2472 lexit:
303 2435 528 2472 προχειρίσασθαι
540 2444 604 2472 vero
616 2435 720 2472 accepit
729 2443 777 2472 pro
787 2435 998 2472 διαχρήσασθαι,

213 2471 239 2498 id
257 2477 308 2501 est,
326 2470 487 2505 interficere.
507 2470 562 2498 Nos
574 2471 629 2504 jam
644 2471 747 2505 pridem
766 2471 792 2496 in
807 2470 1000 2497 Aunotationi-

213 2505 264 2533 bus
277 2506 311 2532 ad
332 2506 430 2533 librum
445 2513 489 2532 xtv
504 2506 639 2532 Ammiani
655 2505 812 2536 Marcellini,
831 2513 891 2540 pag.
910 2506 956 2532 '56.
972 2509 999 2531 et

214 2541 240 2568 in
256 2542 486 2568 Aunotationibus
503 2542 536 2568 ad
551 2540 699 2567 Historiam
714 2541 921 2566 ecclesiasticam
945 2540 1000 2566 Eu-

213 2577 292 2607 sebii,
307 2576 513 2604 observavimus
531 2576 642 2610 logistas
661 2583 722 2602 esse
742 2580 882 2602 curatores
904 2575 1000 2602 civita-

213 2616 282 2638 tum.
296 2611 524 2646 Προχειρίσασθαι
553 2618 618 2637 vero
644 2611 713 2646 idem
733 2618 792 2637 esse
807 2610 880 2646 quod
894 2618 1000 2644 promo-

212 2655 280 2677 vere,
296 2645 337 2673 vel
354 2645 453 2679 creare,
470 2653 550 2674 nemo
565 2650 607 2672 est
624 2646 651 2672 in
667 2645 768 2672 Grzncis
782 2645 878 2672 litteris
896 2646 1000 2672 medio-

213 2682 295 2709 criter
309 2686 433 2709 versatus
454 2683 500 2716 qui
517 2681 630 2708 nesciat.
662 2680 781 2707 Montius
800 2687 865 2715 ergo
881 2686 1001 2715 quzestor

1052 2297 1160 2323 creandi
1179 2301 1336 2330 potestatem
1351 2305 1404 2324 non
1420 2297 1547 2326 habebat.

1086 2332 1124 2392 (δὲ
1141 2332 1203 2373 Οζηι
1273 2332 1371 2366 ἀγαθῴ
1384 2333 1559 2373 συλλαϐών.
1579 2333 1760 2362 Seribendum
1776 2340 1844 2370 puto

1088 2375 1107 2392 ιι
1126 2366 1207 2392 αλιυν.
1225 2367 1250 2392 id
1268 2372 1318 2392 est.
1335 2372 1493 2392 coniectans.

1052 2366 1207 2401 συμϐαλών,
1225 2367 1250 2393 id
1268 2372 1318 2399 est,
1335 2367 1493 2398 coniectans.

1090 2402 1127 2439 (ti)
1144 2402 1199 2439 Τοῦ
1211 2401 1440 2439 προστάγματος
1454 2403 1577 2437 γίνεται.
1593 2404 1621 2430 in
1633 2405 1757 2439 margine
1771 2404 1845 2431 codi-

1051 2437 1092 2472 cis
1110 2437 1281 2463 Bochartiani
1296 2437 1455 2464 adnotatum
1472 2443 1514 2465 est
1529 2439 1623 2466 eadem
1639 2437 1733 2472 mauu,
1746 2440 1845 2467 deesse

1052 2471 1097 2508 hic
1108 2472 1227 2508 aliquid:
1242 2472 1388 2508 statimque
1403 2472 1456 2499 alia
1471 2481 1553 2500 manu
1568 2474 1703 2508 adjectqu
1718 2479 1760 2501 est
1773 2474 1845 2502 forte

1052 2507 1214 2544 πληρωθείς.
1242 2506 1330 2544 Quam
1355 2513 1444 2544 tamen
1466 2506 1651 2542 conjecturam
1674 2517 1727 2536 non
1746 2510 1845 2544 probe.

1052 2540 1147 2579 ijeque
1158 2542 1303 2579 eni_m_haac
1317 2542 1418 2579 locutio
1431 2540 1622 2579 satisrelegans
1638 2545 1706 2571 mihi
1721 2540 1843 2571 videtur.

1052 2576 1186 2603 Existimo
1204 2577 1287 2611 igitur
1298 2577 1366 2604 nihil
1378 2578 1484 2605 deesse.
1502 2576 1637 2606 Est‘enim
1651 2580 1753 2607 locutio
1764 2580 1845 2606 iami-

1052 2611 1503 2649 liaris_Pl_t_il0storgio._§ic‘iui'ra
1526 2615 1553 2641 in
1572 2614 1624 2641 hoc
1641 2615 1731 2649 capite
1748 2615 1782 2642 de
1799 2623 1843 2641 eo-

1053 2647 1113 2685 dem
1130 2646 1206 2685 Gallo
1227 2644 1307 2673 dicit:
1336 2647 1384 2679 Ἐξ
1398 2644 1428 2674 οὗ
1448 2650 1495 2676 καὶ
1513 2650 1528 2676 ὁ
1548 2649 1648 2682 Γάλλος
1673 2644 1774 2685 μᾶλλον
1797 2649 1846 2676 τοῦ

1052 2681 1129 2713 δέους
1141 2681 1294 2716 γενόμενος.

944 2758 1109 2781 VARIORUM
1114 2773 1122 2781 .

245 2824 283 2859 (ιι)
297 2824 419 2852 Γάλλου
437 2823 514 2858 γυνὴ
528 2823 731 2859 Κωνσταντία.
746 2822 916 2849 Constantini
935 2822 1000 2859 iilia,

216 2858 342 2894 ideoque,
361 2865 390 2887 ut
405 2859 522 2890 videtur,
544 2859 666 2894 Augusta
679 2858 723 2884 hic
739 2858 892 2894 appellata;
916 2858 1002 2884 Anni"

221 2892 337 2923 balliano
359 2895 435 2930 prius
456 2899 549 2929 nupta.
572 2892 647 2921 Hanc
671 2893 783 2921 alteram
804 2892 943 2928 Megaram
957 2900 1003 2920 vo-

1056 2827 1100 2864 cat
1117 2823 1277 2864 Ammianus
1295 2824 1468 2854 Marcellinus
1491 2825 1538 2854 lib.
1569 2835 1614 2854 xiv
1637 2828 1736 2856 initio:
1763 2836 1848 2864 quem

1057 2859 1125 2886 vide.
1135 2859 1178 2888 ιγ,
1193 2858 1290 2887 ιοιυιΙι.
