1978 3075
139 150 189 178 ΚΠ

649 145 930 175 ECCLES'ASTICIE
951 144 1126 174 HISTORle
1146 147 1212 176 ΗΒ.
1226 149 1270 176 ιν.

1713 152 1767 180 518

137 209 199 236 υθαι
213 208 262 244 μὲν
276 208 325 243 τῆς
340 207 507 242 άλουργίδος,
520 208 664 243 ὑπερόριον
678 208 707 234 δὲ
719 208 790 234 κατά
804 217 864 234 τινα
878 207 923 242 νῆ-

986 216 1031 235 um
1040 216 1175 244 purpurea
1186 215 1260 238 veste
1270 216 1392 243 exueret,
1404 211 1463 238 etiu
1473 211 1619 246 quamdam
1629 211 1768 240 Dalmatiae

137 262 182 280 σον
200 253 237 287 (α)
259 253 307 287 τῆς
329 252 485 287 Δαλματίας
505 253 681 288 ποιήσασθαι.
703 253 731 279 '0
751 253 779 280 δὲ
803 253 930 288 Θεόφιλος

135 298 231 334 παρὼν
247 299 298 325 οὐκ
313 299 355 325 εἴα
370 298 512 333 προελθεῖν
530 299 579 334 τὴν
602 300 711 335 πρᾶξιν.
729 300 784 326 Καὶ
801 300 854 335 γὰρ
868 300 929 327 καθ’

134 344 164 372 ὃν
179 345 275 382 καιρὸν
288 347 397 381 Καῖσαρ
412 346 426 372 ό
445 345 545 377 Γάλλος
561 345 789 381 κεχειροτόνηται,
806 345 860 372 τῶν
880 354 929 380 με-

136 392 204 425 ταξὺ
225 391 307 418 αὑτοῦ
330 391 377 418 καὶ
408 392 598 418 Κωνσταντίου
622 391 806 427 προελθόντων
828 392 928 427 ὅρκων,

137 440 162 465 οἳ
175 439 224 474 τὴν
236 439 267 464 ὲν
281 439 382 474 ἀμφοῖν
398 438 489 472 φιλίαν
509 439 556 465 καὶ
567 438 598 465 τὺ
609 439 674 474 παρ’
687 439 817 474 ἑκατέρου
837 439 928 465 ἀνεπι-

139 486 282 512 ϐούλευτον
306 484 429 520 ἑκατέρῳ
448 485 602 518 διετίθεντο,
623 485 706 517 αὐτὸς
723 486 737 511 ὁ
761 485 873 520 μεσίτης
883 483 926 519 ἦν,

138 532 186 558 καὶ
209 533 224 558 ὁ
240 532 359 567 συνέχων
381 531 471 558 αὐτῶν
492 532 541 567 τὴν
561 532 698 567 ὁμόνοιαν.
719 532 793 567 Πλὴν
811 532 879 558 ἀλλά
896 540 928 565 γε

139 577 232 612 μαθὼν
252 578 266 604 ὁ
280 577 466 609 Κωνστάντιος
482 577 530 613 τὴν
545 577 592 604 τοῦ
603 577 733 611 Θεοφίλου
745 577 927 610 ὰποκώλυσιν,

138 624 241 650 ἐκεῖνον
258 623 308 658 μὲν
328 624 473 659 ὑπερόριον
493 623 606 657 ἄγεσθαι
630 622 747 656 κελεύει,
770 624 816 650 τὸν
829 623 928 650 Γάλλον

138 669 178 699 είς
198 669 304 705 ἰδιώτην
321 669 358 704 (7)
380 669 623 704 ἀπογυμνωθέντα,
646 669 866 704 φρουρησόμενον
882 669 928 695 ὲκ-

138 715 295 750 πέμπεσθαι
310 714 380 741 κατὰ
397 715 447 749 τὴν
466 714 556 749 νῆσον.
574 714 703 746 Εὐσέϐιος
717 714 746 741 δὲ
761 715 775 741 ὁ
791 714 926 749 εὐνοῦχος,

137 761 167 792 ὃς
183 761 223 792 εἰς
238 760 288 795 τὴν
300 759 347 786 τοῦ
365 759 545 795 πραιποσίτου
560 759 643 795 τιμὴν
655 759 801 794 ἐκϐεεήκει
815 759 863 794 (8),
882 757 929 785 καὶ

138 807 162 832 οἰ
181 807 228 832 σὺν
239 805 323 841 αὐτῷ,
332 806 378 832 τὸν
392 806 581 832 Κωνστάντιον
594 805 633 832 ἔτι
648 805 844 839 συνανέφλεγον
858 805 928 832 κατὰ

137 851 185 878 τοῦ
201 852 312 884 Γάλλου,
331 852 448 883 δεδιότες
465 852 511 887 μὴ.
529 851 584 878 τῶν
599 852 687 887 ὅρκων
707 853 747 883 εἰς
762 851 928 886 ἐπιστροφὴν

139 897 235 930 ἐλθὼν,
247 898 262 933 ἧ
272 880 363 924 τὶ),τοῦ
373 880 487 933 αἷμα-τος
495 880 627 933 ,δμόγνιον
637 880 930 933 αἰδεσθεὶς,ὰνήσειτδν
947 880 966 906 Β

139 946 267 980 Καίσαρα
282 945 331 979 τῆς
346 945 505 980 ὑπερορίας,
523 944 570 971 καὶ
584 945 654 979 σφᾶς
666 944 769 975 ἐκεῖνος
782 944 827 970 τὸν
842 943 931 969 κίνδυ-

139 1001 184 1018 νον
196 990 333 1025 διαφυγὼν
346 992 445 1023 κακοὺς
457 991 549 1023 κακῶς
559 991 696 1017 ἀπολέσει.
711 990 868 1017 Στέλλονται
881 990 932 1016 τοί-

138 1038 228 1073 νυντῇ
244 1037 346 1064 τούτων
363 1037 523 1073 παραδρομῇ
539 1037 577 1071 (9)
594 1038 618 1063 οἰ
642 1036 688 1063 τὸν
703 1036 803 1063 Γάλλον
819 1037 932 1072 ἀναιρή-

140 1092 247 1115 σοντες·
272 1083 348 1110 οὕπω
361 1083 389 1110 δὲ
403 1084 450 1110 τοῦ
469 1084 571 1116 πάθους
589 1083 777 1118 προελθόντος,
794 1084 833 1115 εἰς
849 1084 930 1118 μετά-

139 1138 215 1157 νοιαν
236 1130 415 1165 ἐπιστραφεὶς
431 1131 446 1157 ὁ
462 1131 652 1161 Κωνστάντιος
667 1130 776 1165 ἑτέρους
796 1130 931 1165 ἐκπέμπει

139 1175 187 1201 τὸν
202 1175 281 1209 φόνον
295 1175 480 1206 κωλύσοντας’
495 1175 559 1207 τοὺς
569 1175 597 1202 δὲ
611 1176 634 1201 οἱ
649 1176 713 1210 περὶ
728 1175 855 1202 Εὐσέϐιον
869 1176 932 1202 ὑπο-

140 1220 290 1252 ποιοῦνται,
308 1221 345 1255 μὴ
359 1221 423 1256 πρὶν
442 1220 647 1256 παραγενέσθαι
662 1220 694 1256 τῇ
708 1221 793 1256 νήσῳ.
810 1221 872 1256 μηδ’
884 1222 933 1257 ἑμ-

140 1267 253 1300 ιξανίσαι
269 1267 322 1293 τινὶ
341 1266 390 1298 τὰς
409 1266 598 1298 ἀνακαλούσας
617 1267 663 1293 τὸν
686 1267 800 1294 θάνατον
814 1267 930 1302 ψήφους,

140 1313 206 1347 πρὶν
219 1313 251 1339 ἂν
267 1313 281 1338 ὁ
299 1312 475 1348 κατακριθεὶς
490 1312 529 1348 τῷ
544 1313 615 1347 ξίφει
630 1313 680 1348 τὴν
693 1313 765 1349 ζωήν
777 1313 930 1350 ἀπορρήξῃ.

141 1359 196 1385 Καὶ
206 1359 317 1393 γέγονεν
329 1359 366 1390 ὡς
377 1359 556 1386 ἐσπούδασαν.
565 1359 615 1386 Διὰ
625 1359 703 1386 τοῦτο
716 1359 764 1385 καὶ
781 1360 931 1392 Ἰουλιανὸς,

142 1404 256 1440 ὕστερον
271 1405 301 1431 τὸ
311 1405 360 1440 τῆς
373 1405 512 1440 βασιλείας
524 1405 747 1440 περιζωσάμενος
762 1406 872 1440 κράτος,
884 1406 934 1432 Εὐ.

142 1451 232 1478 σὲϐιόν
243 1460 272 1478 τε
293 1451 422 1483 καὶ“τοϋς
446 1452 495 1478 σὺν
517 1451 591 1487 αὐτῷ
613 1452 663 1487 τῆς
682 1452 746 1479 πεοὶ
759 1452 804 1479 τὸν
820 1452 935 1487 ἀδελφὺν

142 1498 318 1534 παρανομίας
333 1498 411 1534 δίκην
426 1498 618 1533 εἰσεπράξατο.
656 1514 663 1520 -

179 1587 211 1623 βε.
229 1588 265 1615 Τὸ
285 1588 376 1624 μέντοι
392 1597 424 1622 γε
440 1587 522 1623 βάρος
535 1588 586 1623 τῆς
602 1588 690 1623 ἀρχῆς
705 1587 932 1623 ὑπολογιζόμενος

142 1636 157 1661 ὀ
169 1634 367 1666 Κωνστάντιος,
385 1635 431 1661 καὶ
445 1634 482 1665 ὡς
496 1634 545 1668 οὐχ
557 1631 613 1665 οἷός
628 1642 657 1659 τε
674 1634 716 1668 εἴη
734 1634 813 1668 μόνος
827 1633 931 1668 φέρειν,

144 1680 288 1708 Ἰουλιανὸν
307 1681 352 1707 τὸν
369 1680 482 1715 ἀδελφὺν
495 1680 595 1707 Γάλλου
612 1681 661 1715 τῆς
675 1680 778 1711 Ἰωνίας
792 1689 932 1715 μεταπεμ-

142 1727 274 1763 ψάμενος,
303 1728 451 1762 χειροτονεῖ
482 1726 620 1762 Καίσαρα,
650 1726 758 1760 Ἑλένην
781 1725 855 1761 αὐτῷ
883 1726 933 1760 τὴν

145 1775 214 1800 ἰδίαν
238 1774 356 1810 ἀδελφὴν
377 1775 416 1805 εἰς
442 1775 559 1807 γυναῖκα
577 1772 847 1807 κατεγγυησάμενος.
878 1772 933 1798 Καὶ

142 1821 189 1847 τὸν
207 1821 256 1855 μὲν
273 1820 323 1852 τὰς
348 1820 462 1851 Γαλλίας
487 1819 633 1853 φυλάττειν
647 1818 804 1854 ἐκπέμπει·
818 1819 865 1845 καὶ
879 1818 933 1854 γὰρ

141 1867 203 1894 λίαν
218 1867 381 1903 ἐτετάρακτο
394 1866 428 1893 τὰ
446 1866 520 1901 τῇδε.

179 1959 214 1990 γ’.
230 1956 315 1988 Αὐτὸς
329 1956 357 1982 δὲ
373 1957 401 1982 ὲν
417 1956 523 1991 Σιρμίῳ
533 1956 766 1992 παραγενόμενος,
781 1957 873 1992 διῆγεν
884 1967 890 1973 ·
905 1958 934 1984 ἐν

144 1999 168 2036 ᾧ
182 2003 230 2029 καὶ
243 2002 288 2029 τὸν
300 2002 408 2038 Ῥώμης
421 2003 711 2039 ἐπίσκοπονΛιϐέριον,
726 2003 778 2030 ὑπὸ
792 2004 934 2040 Ῥωμαίων

146 2048 360 2084 ἐπιζητούμενον
375 2048 488 2084 σφόδρα,
504 2049 554 2084 τῆς
568 2049 658 2084 φυγῆς
672 2050 786 2083 κατάγει
801 2050 849 2077 καὶ
866 2051 934 2077 ἀπο-

144 2093 238 2120 δίδωσι
249 2096 306 2125 τοῖς
319 2094 522 2129 αἰτησαμένοις.
548 2095 704 2130 Τηνικαῦτα
719 2095 747 2121 δὲ
763 2092 840 2127 οὗτός
857 2105 934 2131 φησι,

147 2140 195 2167 καὶ
214 2140 340 2175 Λιϐἐριον
363 2140 434 2167 κατὰ
452 2140 499 2167 τοῦ
521 2141 664 2176 όμοουσίου
680 2142 735 2177 (10)
753 2142 800 2168 καὶ
819 2142 870 2178 μὴν
888 2144 935 2170 καὶ

981 253 1097 281 insulam
1115 255 1256 290 relegarct.
1280 256 1380 283 Verum
1396 256 1573 291 Theophilus,
1597 258 1642 292 qui
1664 258 1768 291 aderat,

980 307 1038 326 rem
1061 301 1093 328 ad
1109 302 1211 328 exitum
1237 302 1349 337 perduci
1369 302 1581 338 haudquaquam
1605 311 1703 338 passus
1716 309 1768 330 est.

979 343 1046 372 Nam
1069 353 1124 380 quo
1147 351 1269 381 tempore
1292 347 1385 375 Gallus
1407 348 1499 375 Ctesar
1519 349 1608 376 factus
1632 353 1685 381 est,
1712 349 1771 384 ipse

979 391 1157 426 jurisjurandi
1176 393 1249 428 quod
1268 393 1338 420 inter
1352 394 1461 421 Gallttm
1478 399 1504 422 et
1522 394 1713 422 Constantium
1727 394 1765 421 in-

979 442 1151 470 tercesserat,
1174 447 1228 473 quo
1249 445 1370 467 mutuam
1401 441 1470 467 inter
1497 449 1526 468 se
1542 441 1703 472 amicitiam,
1719 448 1771 468 nec

979 482 1093 510 alterum
1118 484 1196 511 alteri
1213 493 1333 520 unquam
1354 485 1546 513 insidiaturum
1569 494 1630 514 esse
1649 494 1770 522 spopon-

979 529 1086 562 derant,
1103 530 1237 564 interpres
1254 531 1352 565 fuerat,
1371 536 1398 559 et
1414 537 1537 559 mutuam
1555 532 1625 559 inter
1639 540 1687 560 eos
1703 540 1769 560 con-

979 576 1273 606 cordiamfcontinebat.
1284 577 1462 605 Constantius
1476 578 1570 613 igitur,
1580 579 1613 606 de
1624 577 1769 613 Theophili

979 622 1177 650 intercessione
1189 624 1288 650 certior
1301 624 1398 656 factus,
1408 632 1469 651 eum
1480 625 1589 658 quidem
1601 624 1627 650 in
1643 625 1771 652 exsilium

980 669 1048 696 mitti
1065 670 1203 704 praecepit,
1221 669 1328 697 Gallum
1344 678 1408 698 vero
1422 679 1540 705 purpura
1558 671 1699 703 uudatum,
1713 672 1770 706 pri-

978 715 1033 741 vati
1059 715 1152 742 habitu
1171 716 1198 742 in
1221 717 1338 743 insulam
1354 717 1502 751 deportari,
1529 717 1584 743 illic
1601 725 1616 744 a
1638 717 1771 745 militibus
1803 741 1806 744 .

979 761 1197 788 custodiendum.
1230 761 1316 788 Porro
1338 762 1471 789 Eusebius
1502 765 1645 789 eunttchus
1664 763 1711 796 qui
1736 762 1772 790 ad

979 807 1118 841 prazpositi
1140 808 1298 841 dignitatem
1316 813 1424 835 evectus
1438 807 1536 840 fuerat,
1558 814 1584 836 et
1607 809 1624 836 ii
1642 809 1689 843 qui
1705 817 1768 836 cum

980 851 1027 877 illo
1045 856 1132 882 erant.
1155 851 1307 879 Constantii
1322 853 1443 879 animum
1465 853 1553 880 adhuc
1575 854 1661 888 magis
1674 854 1770 880 incita—

981 902 1045 923 runt
1059 898 1190 925 adversus
1207 897 1312 924 Gallum
1330 906 1335 923 :
1353 903 1504 925 metuentes
1520 900 1631 931 scilicet,
1647 907 1681 926 ne
1699 899 1772 931 Con-

980 944 1096 971 stantius
1111 949 1160 971 aut
1178 944 1371 978 jusjurandum
1397 944 1423 970 in
1448 945 1608 972 memoriam
1626 953 1773 977 revocans.

981 990 1266 1024 autpropiuquitatem
1278 989 1421 1024 sanguinis
1432 991 1575 1021 reveritus,
1587 990 1723 1018 Czcsarem
1736 991 1772 1017 ab

980 1037 1077 1065 exsilio
1093 1040 1245 1068 revocaret,
1256 1044 1324 1063 neve
1342 1036 1435 1063 Gallus
1450 1043 1482 1063 ex
1497 1044 1529 1063 eo
1541 1036 1699 1064 discrimine
1709 1039 1772 1064 ela-

982 1093 1058 1120 psus,
1075 1085 1148 1118 ipsos
1164 1084 1250 1110 malos
1261 1084 1330 1110 male
1344 1084 1478 1118 perderet.
1494 1083 1596 1110 Horum
1608 1083 1774 1118 igiturirau-

983 1130 1065 1157 dibus
1078 1135 1159 1164 atque
1171 1130 1290 1161 insidiis,
1301 1129 1378 1157 missi
1388 1135 1450 1156 sntit
1462 1130 1508 1164 qui
1523 1128 1629 1156 Gallum
1640 1130 1776 1156 interﬁce-

984 1180 1053 1202 rent.
1072 1175 1151 1202 Ca-de
1173 1180 1261 1202 tamen
1281 1175 1400 1201 nonduin
1425 1179 1589 1209 perpetrata,
1613 1174 1774 1208 pmnitentia

984 1222 1082 1249 ductus
1105 1221 1282 1248 Constantius
1306 1221 1374 1248 alios
1397 1221 1472 1247 misit
1490 1220 1537 1254 qui
1560 1220 1660 1247 caedem
1685 1220 1775 1254 prohi-

985 1268 1088 1295 berent.
1101 1267 1199 1294 Verum
1217 1266 1349 1293 Eusebius
1363 1266 1423 1293 istis
1451 1265 1584 1300 persuasit
1602 1273 1635 1292 ne
1649 1265 1682 1291 ad
1701 1273 1775 1292 Insu—

986 1314 1038 1341 lam
1055 1314 1224 1345 accederent,
1241 1320 1306 1339 neve
1325 1313 1457 1347 principis
1476 1312 1638 1346 rescriptum
1653 1318 1708 1345 quo
1720 1319 1775 1338 ca:-

985 1360 1032 1387 des
1053 1360 1121 1387 Galli
1148 1359 1331 1390 iuhibeliatur,
1353 1359 1481 1392 cuiquam
1505 1358 1665 1393 evulgarent
1689 1356 1774 1391 prius,

984 1415 1065 1442 quam
1082 1406 1173 1434 Gallus
1185 1406 1274 1440 gladio
1288 1406 1370 1431 vitam
1384 1405 1508 1432 iiuiissct.
1524 1404 1605 1439 idque
1620 1404 1655 1430 ita
1669 1408 1775 1438 gestum

985 1458 1028 1481 est
1050 1458 1079 1479 ut
1107 1452 1157 1487 ipsi
1183 1451 1270 1478 moliti
1295 1450 1412 1477 fuerant.
1445 1449 1627 1482 Quamobrem
1651 1448 1775 1475 Julianus

986 1503 1080 1534 postea
1102 1497 1246 1532 imperium
1268 1497 1393 1530 adeptus,
1416 1495 1563 1522 Eusebium
1578 1502 1610 1521 ac
1635 1494 1724 1522 socios
1741 1494 1776 1521 ob

943 1549 964 1578 ο
983 1545 1111 1578 injustam
1130 1543 1198 1571 Galli
1216 1543 1316 1570 caulem
1333 1542 1440 1576 capitali
1454 1542 1586 1576 supplicio
1599 1542 1696 1568 alfeeit.

1020 1591 1047 1618 2.
1072 1589 1199 1616 Julianus
1213 1588 1300 1615 Cwsar
1331 1587 1357 1614 in
1375 1586 1477 1614 Gallias
1502 1587 1608 1614 missus.
1634 1602 1667 1607 -—
1690 1586 1776 1614 Porro

985 1636 1163 1665 Constantius
1180 1635 1279 1662 molem
1299 1634 1383 1661 totius
1405 1634 1512 1668 imperii
1533 1634 1719 1665 considerans,
1749 1641 1776 1661 et

985 1683 1058 1713 quod
1074 1683 1148 1710 solus
1166 1682 1222 1713 ipse
1240 1681 1264 1708 ei
1287 1680 1472 1708 sustentandae
1487 1680 1697 1714 haudquaquam
1719 1681 1777 1707 sul-

985 1731 1086 1760 ticerct,
1107 1727 1245 1755 Iulianum
1263 1726 1332 1754 Galli
1358 1726 1480 1757 fratrem,
1504 1733 1535 1752 ex
1558 1726 1632 1752 lonia
1646 1726 1775 1756 accitum,

984 1777 1119 1804 C:rsarem
1138 1773 1288 1811 constituit,
1308 1770 1407 1800 llelena
1427 1779 1522 1800 sorore
1537 1780 1586 1798 sua
1597 1772 1621 1799 ei
1635 1772 1661 1798 in
1674 1772 1772 1804 conju—

985 1823 1060 1857 gium
1076 1821 1150 1848 data.
1172 1821 1208 1847 At
1221 1820 1360 1847 Juliauum
1375 1818 1484 1853 quidem
1500 1818 1533 1844 ad
1549 1818 1701 1844 custodiam
1715 1817 1778 1844 Gal—

986 1868 1084 1894 liarutn
1100 1865 1226 1900 protinus
1237 1865 1328 1897 misit;
1346 1871 1406 1891 nam
1421 1863 1448 1890 in
1464 1863 1517 1890 illis
1532 1863 1655 1898 partibus
1669 1871 1713 1890 res
1728 1862 1774 1889 ad-

987 1914 1098 1941 modum
1112 1912 1275 1947 perturbatze
1289 1916 1377 1938 erant.

1022 1961 1048 1987 ὅ.
1069 1959 1166 1986 Libet-ii
1187 1958 1294 1992 Osiique
1313 1957 1414 1992 lapsus.
1433 1971 1470 1978 —
1485 1956 1544 1991 Ipse
1559 1964 1624 1984 vero
1646 1956 1777 1985 Sirmium

990 2006 1128 2041 profectus
1143 2005 1198 2032 illic
1212 2004 1351 2032 consedit:
1367 2010 1423 2038 quo
1439 2003 1549 2037 quidem
1565 2007 1685 2037 tempore
1696 2004 1776 2030 etiam

990 2051 1126 2078 Liberium
1150 2050 1307 2084 episcopum
1326 2048 1403 2075 urbis
1426 2048 1529 2079 Romae,
1555 2055 1636 2082 quem
1661 2047 1778 2075 Romani

989 2106 1098 2125 summo
1106 2097 1197 2124 studio
1205 2096 1371 2130 ﬂagitabant,
1387 2095 1421 2121 ab
1433 2095 1528 2122 exsilio
1538 2099 1693 2122 revocatum
1709 2094 1778 2122 civi-

989 2145 1040 2172 bus
1065 2145 1123 2172 suis
1142 2143 1258 2170 reddidit
1279 2143 1345 2176 (Η).
1369 2141 1446 2168 Tune
1460 2141 1541 2168 etiam
1561 2141 1686 2167 eumdem
1701 2140 1779 2167 Libe-

147 2186 219 2214 κατά
232 2195 264 2221 γε
279 2187 326 2214 τοῦ
351 2187 511 2214 Ἀθανασίου
528 2187 701 2224 ὑπογράψαι·
727 2189 827 2224 ὁμοίως
846 2190 874 2216 δὲ
888 2190 932 2216 καὶ

988 2192 1069 2222 rium,
1093 2196 1119 2218 ct
1143 2196 1196 2216 uua
1218 2196 1280 2216 curn
1303 2188 1348 2215 illo
1371 2187 1466 2214 Osium
1489 2186 1658 2221 episcopum,
1683 2192 1777 2213 contra

763 2277 884 2299 VALESII
905 2277 1154 2300 ANNOTATIONES.

184 2339 223 2374 (7)
242 2339 298 2366 Τὸν
308 2339 432 2366 Γάλλον
447 2341 492 2374 εἰς
506 2337 635 2372 ἰδιώτην.
653 2338 752 2366 Procul
767 2339 851 2367 dubio
867 2341 937 2368 scri-

149 2375 266 2401 bendum
279 2379 330 2406 est.
355 2375 400 2402 τὸν
414 2374 442 2401 δὲ
457 2373 568 2407 Γάλλον,
592 2379 623 2401 ut
643 2374 670 2401 in
694 2376 818 2410 margine
833 2376 937 2404 codicis

147 2409 321 2437 Bochartiani
337 2410 492 2437 adnotatur.

183 2445 224 2480 (8)
239 2446 291 2480 ιζὶς
305 2445 363 2479 τὴν
375 2445 428 2472 τοῦ
443 2445 642 2478 πραιποσίτου
664 2444 755 2479 τιμὴν
773 2445 938 2480 ἐκϐεϐήκει.

147 2479 239 2508 Codex
254 2479 379 2515 Bocharti
396 2480 477 2507 habet
491 2480 628 2515 €656'fpt5t.

185 2515 226 2551 (9)7
238 2514 276 2548 Τῇ
295 2516 408 2542 τούτων
423 2514 606 2551 παραδρομῇ.
623 2514 803 2542 Scribeudum
819 2519 860 2542 est
872 2523 936 2550 pro-

146 2551 192 2580 cul
212 2550 296 2577 dubio
313 2551 475 2585 πεοιδρομῇ.
490 2550 538 2576 Est
553 2554 643 2576 autem
655 2551 807 2585 περιδρομή
820 2551 938 2577 circurn-

146 2559 192 2580 cut
212 2559 296 2577 aumo
313 2559 475 2612 πεοιορομῃ.
490 2559 538 2576 nsr
553 2559 643 2576 autem
655 2559 807 2585 περιορομη
820 2559 938 2577 οιι-ευιιι-

146 2586 280 2618 cursatio,
294 2586 336 2613 vel
349 2594 391 2612 am
414 2586 477 2612 itus.
505 2584 609 2612 Glossa:
623 2590 738 2620 veteres,
757 2585 939 2620 περιδρομεύς

145 2621 316 2652 ιιυιὺἰιὶυιιη,
340 2621 502 2657 περιδρομή,
527 2620 651 2647 ambitus.
679 2619 764 2647 Recte
788 2619 939 2655 igiturLu—

990 2348 1037 2368 cas
1050 2339 1207 2366 llolsteuius
1229 2337 1389 2365 Gothofredi
1413 2337 1665 2371 interpretationem
1685 2343 1778 2362 eruen-

990 2377 1068 2406 dans,
1082 2382 1131 2408 pro
1150 2374 1285 2400 velocitate
1308 2377 1466 2407 reposuerat
1488 2373 1627 2408 instantia.
1656 2372 1780 2408 Stunitur

990 2411 1072 2437 etiam
1082 2407 1140 2436 hoc
1151 2409 1264 2436 verbum
1278 2416 1326 2443 pro
1342 2408 1437 2435 fraude
1453 2413 1480 2434 et
1495 2407 1603 2434 insidiis
1615 2414 1647 2434 ac
1660 2407 1779 2433 cireum-

991 2450 1129 2472 venttone.

1027 2479 1083 2514 (10)
1107 2479 1242 2513 Λιϐέριον
1264 2477 1340 2506 κατὰ
1357 2477 1410 2514 τοῦ
1429 2477 1603 2514 όμοονσίοφ.
1625 2476 1662 2514 De
1678 2476 1779 2514 Liberii

991 2512 1192 2548 subscriptione
1209 2514 1234 2541 iu
1249 2514 1353 2549 synodo
1368 2513 1532 2549 Sirmieusiz‘
1544 2512 1615 2543 vide,
1642 2512 1664 2539 si
1683 2513 1780 2549 placet,

993 2557 1054 2584 quae
1072 2547 1161 2576 notavi
1185 2550 1218 2576 ad
1240 2547 1323 2584 caput
1340 2549 1373 2576 15
1389 2548 1451 2575 libri
1469 2556 1495 2575 iv
1509 2547 1637 2575 Historia:
1654 2547 1764 2574 ecclesia
1792 2560 1794 2562 -

993 2586 1068 2611 sticw
1080 2585 1234 2611 Sozomeni.

1030 2619 1085 2655 (ll)
1104 2619 1168 2647 Soz.
1182 2619 1201 2647 Ι.
1218 2628 1255 2654 tv,
1273 2627 1297 2647 c.
1314 2619 1358 2647 15.

885 2710 1060 2732 VARIORUM.

181 2780 220 2813 (α)
245 2775 328 2813 Κᾳτά
348 2783 416 2813 mra
433 2774 542 2813 νῇιγον.
569 2775 716 2813 Flano_neru
741 2779 839 2813 vocant
855 2774 934 2813 Socr.

144 2813 164 2840 l.
181 2807 216 2844 [1,,
229 2820 254 2840 c.
272 2807 318 2842 54,
335 2816 362 2838 et
377 2811 440 2838 Soz.
455 2807 502 2837 lib.
519 2819 555 2843 Iv,
569 2818 629 2844 cap.
644 2811 669 2837 7.
688 2810 772 2836 Porro
787 2809 935 2837 Eusebium

144 2848 304 2876 eunuchum
324 2847 350 2872 in
367 2854 449 2874 causa
463 2846 558 2876 fuisse.
575 2851 605 2872 ut
619 2845 713 2872 Gallus
728 2845 934 2878 interﬁceretur,

145 2884 242 2912 scribit
260 2882 388 2911 Julianus
407 2882 470 2916 imp.
489 2883 515 2909 in
532 2881 652 2916 lt'pisloln
667 2881 701 2908 ad
717 2885 836 2907 senatum
852 2888 935 2914 υυριι-

989 2775 1095 2809 lumque
1107 2775 1301 2806 Atheniensem,
1314 2783 1375 2810 pag.
1389 2775 1450 2806 501,
1474 2781 1536 2801 cum
1548 2773 1596 2810 ait.
1614 2773 1720 2810 Gallum
1734 2779 1782 2810 0c-

989 2808 1077 2837 cisuin
1097 2811 1123 2836 in
1143 2811 1223 2837 unius
1238 2808 1368 2844 spadonis
1381 2815 1408 2837 et
1423 2809 1584 2844 cubicularii
1601 2809 1726 2843 gratiam.
1740 2808 1781 2844 εἰς

989 2845 1139 2884 χάριν-ἑνὸς
1150 2843 1314 2884 ἀνδρογῦνου
1323 2846 1370 2884 καί
1378 2853 1480 2872 κατακο
1484 2843 1598 2881 μαστοῦ,
1609 2844 1655 2871 καὶ
1668 2843 1780 2877 πρυῑὲτι

990 2880 1036 2907 τοῦ
1049 2880 1104 2906 τῶν
1118 2881 1255 2917 μαγείρων
1268 2881 1427 2916 ἐπιτρόπου.
