1978 3075
224 133 280 165 -3Ξ3

916 136 1159 165 PHILOSTORG"

1801 139 1855 171 κει

220 204 303 228 -σιον,
322 195 348 223 id
365 200 405 224 est
430 196 527 224 similis
545 197 704 225 substantia:
727 197 889 225 vocabulum
915 198 1014 225 conﬁr-

1070 197 1193 233 εκρὸτουν
1202 206 1209 212 ’
1225 198 1273 224 καὶ
1284 197 1389 225 πολλῶν
1401 197 1580 233 πειθομένων,
1594 198 1642 225 καὶ
1654 198 1699 224 τὸν
1709 198 1855 227 Κωνστανι-

216 247 338 270 ~‘marunt
366 242 431 277 (l8).
459 242 589 277 Multique
618 243 645 270 in
662 251 758 271 eorum
776 243 939 270 sententiam
953 251 1019 270 con-

230 287 404 318 cedentibus.
436 287 624 316 Macedonium
652 296 761 324 quoque
785 288 1018 324 Constantinopo-

230 333 286 360 leos
321 334 500 368 episcopum,
536 335 662 369 quamvis
695 339 775 362 antea
802 335 829 362 in
856 335 1018 362 sententiam

226 376 357 404 'Eunomii
376 382 449 405 esset
475 379 650 413 propensior,
679 379 706 406 in
734 387 813 406 suam
838 379 1019 406 nihilominus

226 423 391 450 sententiam
408 427 608 457 pertraxerunt.
634 422 734 450 Multos
759 423 840 450 etiam
864 423 933 451 alios
960 425 1019 458 epi-

228 475 339 502 scopos.
357 471 455 502 partim
472 469 561 496 verbis
578 469 744 501 allicientes,
760 469 858 504 partim
878 470 932 496 vim
956 477 1020 496 sua-

231 513 358 540 sionibus
371 512 570 545 admiscentes,
584 514 616 541 ad
633 522 698 541 suas
712 518 802 549 partes
812 515 966 542 traduxere.

268 558 309 584 10.
329 557 498 592 Palrophilus
514 564 538 585 et
562 559 704 586 Narcissus
725 559 859 586 Basilium
881 568 924 592 ap.
947 559 1018 594 Imp.

229 609 363 632 accusant.
387 604 508 639 Synodus
533 606 657 632 Arimini.
681 605 776 632 Clu/les
798 605 1019 633 Nicomedia.—

232 651 277 677 Ait
297 649 482 684 Patrophilum
498 650 694 686 Scytliopoleos
710 656 737 678 et
750 651 910 678 Narcissum
927 651 1019 678 lreno-

230 697 324 731 poleos
346 696 520 731 episcopum,
537 704 591 723 una
607 704 669 724 cum
691 697 795 731 aliquot
813 696 874 723 aliis
894 695 1018 731 Singidu-

232 752 295 770 num
322 742 423 770 Moesia:
451 743 545 769 urbem
574 742 770 773 adventantes,
798 741 925 769 retulisse
946 741 1020 768 Con-

231 789 332 816 stantio
348 796 379 816 ea
394 796 455 823 quae
467 795 515 823 per
536 788 658 814 fraudem
681 792 785 822 patrata
809 787 920 814 fuerant
937 785 951 814 a
967 785 1018 813 Ba-

231 835 301 862 silio.
323 834 514 862 Constantium
542 842 606 860 vero
633 833 851 868 obstupefactum
874 838 901 860 et
922 833 1018 860 dolore

1072 245 1249 276 τινουπόλεως
1280 244 1455 276 Μακεδόνιον,
1471 245 1560 271 καίτοι
1573 245 1630 276 τοῖς
1647 245 1711 280 περὶ
1726 245 1856 281 Εὐνόμιον

1070 290 1340 325 προαποκεκλιμένον
1361 290 1429 325 (20).
1456 291 1496 322 εἰς
1520 291 1570 326 τὴν
1596 291 1700 317 ἑαυτῶν
1722 291 1797 326 ὅμως
1810 292 1857 319 ὲπ-

1069 335 1223 362 εσπάσαντο
1246 335 1325 368 δόξαν
1355 342 1363 349 “
1381 335 1449 363 ἀλλὰ
1471 337 1518 363 καὶ
1544 336 1658 368 πολλοὺς
1679 337 1788 373 ἐτέρους
1803 337 1857 364 τῶν

1070 382 1236 414 ἐπισκόπων,
1256 383 1318 414 τοὺς
1335 382 1384 418 μὲν
1400 383 1550 417 ὑπάγοντες
1560 383 1660 417 λόγοις,
1677 383 1740 415 τοὺς
1753 383 1792 417 δὲ,
1808 383 1857 420 τὴν

1071 427 1157 454 πειθὼ
1171 428 1446 464 συνεπικεραννύντες
1459 430 1492 465 τῇ
1509 429 1564 465 βίᾳ.

1107 561 1132 585 ι’.
1149 558 1387 594 ’ὉτιΠατρόφιλον
1398 559 1444 585 τὸν
1459 559 1660 592 Σκυθοπόλεως,
1678 561 1724 587 καὶ
1735 561 1858 597 Νάρκισ-

1071 611 1116 628 σον
1133 602 1179 629 τὴν
1192 603 1404 639 Εἰρηνοπόλεως,
1432 605 1479 632 καὶ
1501 605 1611 640 ἑτέρους
1639 606 1686 633 σὺν
1710 606 1810 640 αὐτοῖς,
1828 609 1858 634 ὲν

1069 648 1207 682 Σεγγιδόνι
1218 649 1267 684 τῆς
1277 649 1384 681 Μυσίας
1399 651 1646 686 παραγενομένους,
1657 651 1703 678 τὸν
1715 653 1860 680 Κωνστάν-

1070 694 1126 720 τιόν
1141 703 1223 729 φησιν
1239 695 1395 727 ἀναδιδάξαι
1409 696 1444 722 τὰ
1460 696 1534 732 παρὰ
1551 697 1597 723 τοῦ
1609 698 1747 724 Βασιλείου
1761 699 1858 735 δεδρα-

1071 739 1290 774 ματουργημένα.
1303 740 1357 766 Καὶ
1367 740 1413 766 τὸν
1423 741 1630 775 καταπλαγέντα
1643 742 1689 768 καὶ
1701 743 1841 779 ὑπεραλγῆ
1851 759 1859 764 -

1071 792 1164 816 σαντα,
1191 785 1245 811 τῶν
1280 785 1329 820 μὲν
1357 786 1490 821 μεθορίων
1519 787 1583 818 τοὺς
1604 788 1860 824 κατεψηφισμένους

1070 830 1183 861 ἀνεῖναι,
1199 831 1324 862 συνόδους
1337 831 1365 857 δὲ
1378 831 1503 866 γενέσθαι
1517 833 1666 868 προστάξαι
1676 834 1732 868 δύο,
1745 835 1795 871 τὴν
1810 836 1860 871 μὲν

229 886 407 913 commotum,
437 887 483 907 eos
500 880 608 914 quidem
634 880 680 914 qui
704 879 825 906 damnati
853 878 961 906 fuerant
983 879 1016 906 ab

1070 877 1097 902 ἐν
1109 875 1241 911 Ἀριμίνῳ
1263 877 1327 908 τοὺς
1351 877 1405 903 ἀπὸ
1425 877 1528 908 δύσεως
1545 879 1752 912 συναλίζουσαν,
1768 880 1818 916 τὴν
1830 880 1860 907 δὲ

228 925 326 952 exsilio
342 932 502 957 revocasse;
516 924 585 951 duas
602 932 667 951 vero
684 925 805 959 synodos
817 924 947 951 celebrari
959 924 1018 959 jus-

230 972 299 998 sisse
322 981 328 998 :
346 971 460 998 alteram
487 970 624 1001 Arimini,
647 971 679 997 ad
700 977 783 1003 quam
805 969 1016 997 Occidentalium

231 1017 346 1048 partium
363 1015 482 1050 episcopi
500 1015 688 1047 convenirent;
708 1016 821 1042 alteram
837 1015 1015 1047 Nicomediae,

229 1069 290 1095 qua:
307 1061 449 1095 episcopos
465 1068 499 1087 ex
512 1059 623 1087 Oriente
645 1064 672 1086 et
694 1059 778 1095 Libya
795 1067 828 1088 ac
840 1060 954 1087 Thracia
973 1068 1018 1087 es-

221 1111 271 1134 set
286 1106 429 1137 habitura;
447 1109 476 1132 ut
491 1105 517 1132 in
534 1105 576 1132 his
602 1105 714 1140 synodis
730 1113 762 1132 ea
778 1113 839 1140 qua:
854 1105 888 1132 ab
903 1110 1017 1139 utraque

229 1157 305 1186 parte
320 1151 491 1183 dicebantur,
509 1151 631 1185 diligenti
658 1151 784 1178 examine
805 1151 1013 1178 discuterentur.

229 1198 282 1224 Sed
306 1196 541 1224 Nicomediensem
561 1197 669 1230 quidem
686 1196 836 1231 synodum,
861 1200 891 1223 ut
917 1196 1015 1230 impius

229 1244 281 1271 iste
294 1243 487 1275 calumniatur,
507 1250 539 1270 eo
557 1243 630 1277 quod
654 1242 777 1277 plerique
796 1250 891 1270 eorum
909 1243 937 1270 in
949 1251 1015 1270 con-

229 1289 419 1317 substantialis
432 1289 511 1316 tidem
528 1288 655 1323 propensi
671 1293 760 1320 erant,
771 1292 848 1315 terra;
866 1293 956 1316 motus
969 1296 1014 1316 re-

230 1335 345 1368 pressit,
362 1334 409 1368 qui
429 1333 572 1368 episcopos
595 1333 749 1367 quindecim
764 1341 879 1360 numero
892 1334 937 1368 qui
953 1339 1016 1360 ante

229 1380 296 1407 alios
310 1380 490 1411 advenerant,
504 1386 557 1406 una
570 1386 633 1405 cum
653 1378 785 1413 Cecropio
804 1378 925 1412 ejusdem
942 1379 1015 1406 urbis

228 1424 355 1458 episcopo
369 1423 516 1455 exstinxit,
531 1431 664 1450 concussa
686 1423 802 1451 ecclesia
818 1423 844 1450 in
865 1432 919 1458 qua
937 1429 1016 1451 erant

228 1470 394 1505 congregati.
419 1469 601 1496 Ariminensis
622 1473 710 1496 autem
724 1471 859 1504 synodus,
874 1470 908 1496 ad
929 1478 1012 1504 quatit

1072 922 1134 953 τοὺς
1148 920 1178 953 εξ
1207 921 1276 956 ἑῴας
1287 922 1334 948 καὶ
1348 922 1449 958 Λιϐύης
1460 923 1505 949 καὶ
1513 923 1622 959 Θρᾴκης
1633 926 1661 951 ὲν
1675 925 1843 961 Νικομηδείᾳ
1851 933 1859 940 ·

1072 967 1100 994 αἳ
1116 967 1150 994 τὰ
1171 969 1236 1003 παρ’
1252 968 1381 1003 ἑκατέρου
1405 969 1504 1004 μέρους
1529 969 1672 1005 λεγόμενα,
1687 971 1858 1007 δοκιμασίαις

1072 1012 1183 1047 ἔμελλον
1200 1013 1394 1048 παραῦάλλειν.
1410 1014 1491 1041 Ἀλλὰ
1505 1014 1555 1049 τὴν
1571 1015 1620 1050 μὲν
1634 1015 1663 1041 ἐν
1677 1015 1859 1052 Νικομηδείᾳ,

1070 1058 1108 1090 ὼς
1121 1056 1197 1090 οὗτος
1220 1059 1234 1084 6
1250 1059 1382 1094 δυσσεϐὴς
1404 1060 1551 1095 δυσφημεῖ,
1574 1061 1628 1088 τῶν
1647 1061 1777 1088 πλειόνων
1789 1061 1862 1097 πρὸς

1070 1105 1100 1131 τὸ
1112 1105 1253 1139 ὁμοούσιον
1267 1106 1443 1138 νενευκότων,
1457 1106 1566 1141 σεισμὸς
1577 1107 1746 1138 ἀναστέλλει,
1763 1107 1792 1139 ὃς
1802 1109 1859 1139 τοῖς

1071 1150 1323 1185 προκαταλαὸοὖσιν
1335 1151 1374 1182 εἰς
1393 1150 1540 1178 δεκαπέντε
1559 1151 1605 1178 τὸν
1619 1151 1736 1187 ἀριθμὸν
1762 1152 1861 1187 ἀνηνε-

1070 1196 1178 1230 γμένοις
1186 1196 1221 1229 tu)
1230 1195 1287 1230 ἅμα
1299 1195 1345 1222 τοῦ
1356 1196 1456 1230 ταύτης
1469 1196 1617 1223 ἐπισκόπου
1627 1196 1792 1233 Κεκροπιου,
1800 1198 1861 1223 ἐπι-

1069 1242 1234 1274 κατασείσας
1255 1243 1300 1269 τὸν
1314 1242 1376 1269 ναὸν
1399 1243 1428 1269 ἑν
1450 1239 1472 1276 ᾧ
1494 1243 1677 1278 συνεδρῑαζον,
1695 1243 1859 1278 διαφθείρει.

1074 1288 1106 1314 Ἢ
1126 1288 1154 1314 δὲ
1179 1289 1208 1314 ὲν
1241 1288 1387 1323 Ἀριμινῳ,
1413 1289 1452 1319 εἰς
1475 1288 1646 1324 τριακοσίους
1671 1288 1770 1323 ἄνδρας
1795 1297 1860 1313 συν-

1069 1332 1193 1365 ελθοῦσα,
1220 1334 1251 1359 τὸ
1278 1334 1326 1368 μὲν
1349 1334 1399 1368 τῆς
1421 1333 1514 1365 οὐσίας
1533 1333 1618 1369 ὄνομα
1638 1335 1678 1365 εἰς
1704 1333 1733 1360 τὺ
1755 1342 1860 1360 παντες

1069 1378 1112 1410 ὶὲς
1134 1378 1260 1410 διώσατο,
1280 1379 1371 1413 ὅμοιον
1389 1379 1416 1405 δὲ
1429 1379 1474 1406 τὸν
1488 1379 1552 1406 Υἱὸν
1567 1379 1606 1414 τῷ
1621 1379 1707 1415 Πατρὶ
1721 1379 1792 1406 κατὰ
1808 1378 1861 1410 τὰς

1070 1424 1180 1460 Γραφὰς
1196 1424 1401 1460 ἀνακηρύξασα,
1420 1426 1592 1461 ὺπγραφαῖς
1602 1425 1680 1457 ἰδίαις
1692 1424 1861 1460 κατησφαλι-

1070 1478 1161 1496 σαντο.

226 1519 340 1546 trecenti
364 1521 551 1546 convenerunt
574 1517 712 1553 episcopi.
727 1517 889 1546 substantia:
904 1518 1014 1553 quidem
1035 1518 1198 1545 vocabulum
1213 1518 1322 1553 penitus
1339 1519 1444 1554 rejecit.
1478 1519 1577 1546 Filium
1608 1527 1673 1547 vero
1693 1518 1767 1547 Patri
1782 1519 1861 1547 simi-

228 1566 278 1594 lem
297 1565 445 1593 secuudum
471 1566 629 1601 Scripturas
650 1565 800 1601 praedicans
811 1587 818 1598 ,
835 1565 938 1594 additis
959 1565 1130 1600 singulorum
1144 1565 1393 1600 subscriptiouibus
1410 1566 1538 1593 ﬁrmavit.

261 1615 305 1641 Η.
336 1613 458 1648 Synodus
484 1613 619 1642 Seleucia.
638 1629 673 1634 —
695 1613 853 1642 Nicomedia
882 1615 956 1642 hunc
983 1613 1010 1642 in
1026 1619 1046 1649 ο

220 1661 337 1688 modum
355 1665 433 1687 terrae
457 1664 532 1686 motu
555 1665 582 1686 et
602 1660 727 1688 incendio
748 1668 779 1688 ac
799 1661 882 1688 maris
898 1661 1015 1688 inunda-

226 1707 313 1737 tione,
327 1710 358 1732 ιιι
376 1705 427 1732 iste
447 1706 494 1735 ait,
513 1713 606 1732 eversa
616 1727 623 1737 ,
637 1705 784 1740 multisque
797 1707 955 1734 hominibus
968 1715 1016 1734 ex-

223 1752 349 1782 -stinctis.
371 1752 491 1786 synodus
507 1750 636 1778 Seleucia:
655 1752 763 1779 tandem
780 1760 942 1787 congregata
955 1758 1012 1786 cst,

233 1806 294 1823 rmu
312 1797 427 1824 Basilius
440 1797 549 1831 quidem
562 1797 680 1824 Nicwam
697 1804 860 1830 recusasset,
876 1799 1016 1827 Eudoxius

227 1852 292 1870 vero
307 1848 334 1870 et
355 1843 449 1870 Aetius
465 1843 582 1870 Tarsum
606 1843 750 1871 admittere
773 1845 927 1872 noluissent
946 1844 1013 1880 (l9).

225 1890 410 1920 AtBasiliani,
425 1897 487 1916 cum
501 1890 635 1924 synodum
653 1890 816 1925 quibusdam
831 1890 1014 1917 machinatio-

227 1936 307 1963 nibus
325 1936 350 1962 in
364 1936 432 1962 duas
446 1935 578 1964 [actiones
594 1936 762 1967 divisissent,
772 1941 798 1963 et
813 1943 934 1962 seorsum
949 1944 1015 1962 eon-

227 1982 381 2013 venissent,
400 1982 517 2009 similem
541 1982 650 2016 quidem
668 1982 818 2009 secundum
831 1981 1012 2008 substantiam

226 2028 444 2059 conﬁrmarunt;
461 2035 508 2055 eos
529 2035 593 2054 vero
605 2027 650 2062 qui
670 2033 765 2054 contra
783 2027 916 2054 sentirent
932 2027 1015 2061 depo-

225 2076 351 2103 suerunt,
370 2072 512 2099 dissimilis
527 2072 688 2099 substantite
705 2072 832 2106 dogmate
848 2074 1015 2099 condemna-

227 2123 264 2143 to.
281 2116 388 2152 Ipsique
399 2125 447 2152 per
462 2125 522 2145 sese
531 2118 688 2144 Annianum
698 2117 848 2144 Antiochia:
856 2117 1013 2152 episcopum

226 2163 398 2190 ordinarunt.
419 2163 559 2190 Eudoxius
582 2167 672 2190 autent
690 2168 717 2190 et
731 2163 841 2196 Aetius,
855 2171 917 2191 cum
934 2163 1016 2191 dissi-

225 2210 298 2238 milis
334 2210 494 2237 substantiae
528 2209 624 2244 dogma
659 2209 760 2244 scripto
788 2209 1014 2240 confirmassent,

224 2254 329 2282 litteras
342 2263 406 2282 suas
421 2262 641 2290 quaquaversum
655 2255 798 2282 miserunt.

239 2337 241 2340 ⁴
260 2301 304 2329 19..
332 2301 454 2336 Synodus
477 2299 872 2335 Constantinopoli.—Verum
890 2301 1010 2336 impera-

222 2350 267 2374 tor
283 2347 325 2374 his
347 2347 380 2374 de
397 2347 478 2374 rebus
491 2347 592 2374 certior
604 2346 706 2379 iactus,
720 2347 862 2374 uniVersos
873 2346 1009 2374 Constan-

1101 1617 1144 1640 ια’.
1171 1614 1234 1640 Ὅτι
1257 1614 1307 1649 τῆς
1321 1613 1505 1649 Νικομηδείας
1529 1612 1634 1648 σεισμῷ
1659 1614 1706 1640 καὶ
1728 1614 1796 1648 πυρὶ
1811 1616 1859 1642 καὶ

1063 1659 1202 1696 θαλάσσης
1221 1659 1362 1686 ἐπικλύσει
1384 1659 1644 1694 κατερειπωθείσης,
1666 1659 1704 1691 ὡς
1720 1656 1797 1692 οὗτος
1814 1660 1858 1687 λέ-

1062 1714 1115 1739 γει,
1135 1707 1182 1732 καὶ
1197 1706 1301 1732 πολλῶν
1320 1704 1471 1741 ἀνθρώπων
1492 1704 1701 1742 διαφθαρέντων,
1719 1706 1736 1740 ἡ
1750 1705 1858 1738 σύνοδος

1062 1751 1091 1777 ὲν
1107 1751 1249 1786 Σελευκείᾳ
1262 1751 1312 1786 τὴν
1329 1751 1458 1777 σύστασιν
1472 1751 1622 1785 λαμϐάνει”
1650 1751 1704 1779 τῶν
1720 1751 1769 1787 μὲν
1792 1751 1859 1788 περὶ

1063 1797 1201 1824 Βασίλειον
1212 1797 1260 1833 τὴν
1267 1797 1384 1824 Νικαιαν
1397 1798 1654 1833 παραιτησαμένων,
1674 1798 1727 1825 τῶν
1741 1798 1770 1825 δὲ
1785 1799 1858 1834 ἀμφὶ

1063 1844 1108 1871 τὸν
1124 1844 1247 1877 Εὑδόξιον
1264 1845 1312 1871 καὶ
1326 1844 1429 1871 Ἀέτιον
1448 1844 1498 1880 τὴν
1513 1845 1619 1881 Ταρσὸν
1632 1844 1663 1872 οὐ
1679 1846 1858 1881 προσηκαμέ-

1063 1898 1126 1917 νων.
1141 1891 1173 1916 Οἱ
1186 1891 1215 1917 δὲ
1233 1891 1297 1925 περὶ
1310 1890 1450 1917 Βασίλειον
1465 1892 1600 1926 μηχαναῖς
1615 1891 1664 1926 τὴν
1678 1891 1787 1919 σύνοδον
1798 1892 1858 1918 δια-

1065 1938 1221 1972 στήσαντες,
1236 1937 1283 1963 καὶ
1295 1937 1356 1964 καθ’
1367 1937 1479 1968 ἑαυτοὺς
1495 1937 1728 1972 συνεδριάσαντες,
1741 1937 1857 1972 κυροῦσι

1065 1981 1114 2017 μὲν
1132 1982 1162 2008 τὸ
1185 1982 1246 2008 κατ’
1262 1982 1355 2008 οὐσίαν
1377 1982 1480 2017 ὅμοιον,
1501 1981 1565 2013 τοὺς
1587 1981 1609 2008 δ’
1627 1982 1857 2016 ὰντιφερομένους

1064 2027 1249 2062 καθαιροῦσιν,
1264 2026 1487 2062 ἀποκηρύξαντες
1501 2027 1532 2053 τὸ
1545 2027 1724 2062 ἐτεροούσιον,
1738 2028 1785 2054 καὶ
1798 2036 1857 2062 χει-

1065 2073 1217 2108 ροτονοῦσιν
1234 2073 1311 2099 αὐτοὶ
1331 2072 1391 2099 καθ’
1403 2073 1516 2104 ἑαυτοὺς
1528 2073 1675 2099 ἐπίσκοπον
1690 2073 1738 2107 τῆς
1751 2073 1855 2099 Ἀντιο-

1064 2118 1140 2154 χείας
1161 2119 1291 2145 ’Λνιανόν.
1310 2119 1384 2153 Πλήν
1407 2127 1439 2153 γε
1461 2120 1508 2146 καὶ
1532 2120 1557 2146 οἱ
1585 2120 1649 2156 περὶ
1667 2118 1792 2152 Εὺδὸξιον
1807 2119 1855 2146 καὶ

1064 2164 1176 2196 Ἀέτιον,
1190 2164 1220 2191 τὸ
1233 2165 1400 2200 ὲτεροούσιον
1414 2165 1560 2201 ἐγγράφως
1571 2165 1780 2200 κρατυνάμενοι,
1790 2174 1857 2192 παν-

1063 2210 1146 2246 ταχοῦ
1160 2211 1206 2238 τὸν
1219 2211 1301 2246 τόμον
1315 2211 1525 2246 διαπέμπουσιν.

1100 2298 1143 2332 ιβ’.
1177 2298 1207 2326 '0
1228 2299 1257 2325 δὲ
1281 2298 1407 2334 βασιλεὺς
1432 2298 1519 2326 ταῦτα
1548 2299 1658 2334 μαθὼν,
1685 2300 1856 2336 προσέταξεν

1063 2346 1185 2376 ἅπαντας
1203 2346 1243 2377 εἰς
1264 2346 1313 2380 τὴν
1329 2345 1611 2373 Κωνσταντινούπολιν
1635 2346 1768 2382 ἀπαντᾷν.
1797 2347 1855 2375 Καὶ

837 2439 961 2462 VALESII
982 2439 1231 2461 ANNOTATIONES.

223 2513 257 2533 ex
283 2505 404 2540 sequenti
435 2503 568 2531 vocabulo
592 2511 732 2540 perperam
756 2504 903 2540 geminata.
927 2503 1010 2530 Paulo

224 2545 285 2574 post
298 2539 345 2574 pro
362 2539 503 2575 ὁμοούσιον
516 2560 522 2572 ,
549 2539 642 2574 procul
664 2539 748 2575 dubio
773 2539 948 2575 scribendum
968 2544 1010 2565 est

222 2573 385 2616 ομοιρύριονζ
406 2575 484 2608 Quod
503 2576 642 2602 conﬁrmat
664 2573 863 2610 Philostorgius
880 2574 906 2600 in
923 2574 1010 2609 capite

224 2611 268 2642 1⁵2,
285 2610 364 2637 infra.

259 2647 313 2679 (18)
330 2645 498 2675 Theodorit..
515 2645 533 2671 l.
552 2653 579 2677 ιι,
589 2652 614 2672 c.
631 2644 657 2671 6.

272 2648 313 2679 18)
330 2648 498 2675 'l‘heodorit..
515 2648 533 2671 Ι.
552 2653 579 2677 ιι,
589 2652 614 2672 c.
631 2648 657 2671 6.

259 2648 314 2716 ἓ19)
329 2680 498 2712 Theodorit.,
512 2681 528 2707 l.
550 2689 579 2712 ιι,
597 2688 620 2707 c.
636 2679 681 2707 26.

1100 2500 1560 2537 (20)Προαποκεκλιμένον.11υιιιι
1577 2502 1666 2529 locum
1690 2502 1796 2529 restitui
1819 2510 1852 2529 ex

1065 2546 1116 2564 ms.
1137 2538 1230 2564 codice
1248 2537 1384 2564 Samuelis
1399 2536 1524 2564 Bocharti
1537 2558 1543 2568 ,
1556 2537 1600 2564 cui
1617 2538 1752 2563 consentit
1767 2538 1851 2564 etiam

1065 2572 1260 2599 ScoriaCensis.
1286 2571 1538 2607 lnterpre‘tatiouem
1561 2578 1651 2599 autem
1671 2571 1850 2607 Gothofredi.

1064 2607 1221 2635 Holstenius
1235 2608 1267 2634 ad
1283 2606 1406 2634 latus’sui
1422 2607 1525 2634 codicis
1536 2607 1571 2634 ita
1583 2611 1739 2634 correxerat
1752 2616 1760 2633 :
1775 2606 1853 2634 ιηιει-

1063 2643 1130 2669 alios
1158 2642 1342 2669 Macedonium
1370 2642 1706 2676 Conriaminapolitanum,
1728 2644 1852 2677 quamria

1064 2683 1125 2704 ante
1138 2678 1164 2704 in
1184 2677 1306 2703 Eunumii
1322 2682 1409 2712 partes
1433 2678 1602 2710 inclinatum,
1616 2678 1643 2703 in
1662 2685 1737 2703 suam
1751 2677 1851 2704 nihilo-

1064 2713 1151 2739 minus
1164 2714 1317 2740 sententiam
1329 2717 1522 2747 pertraxerunl.

959 2779 997 2800 VA
1002 2779 1123 2805 RIORUM
1128 2795 1133 2800 .

258 2844 294 2878 (α)
310 2843 383 2878 Τοῖςῗ
404 2840 956 2876 προκαταλαϐοῦσιν-ἀνηνεῃιένοις.
985 2840 1095 2869 Videtur
1109 2841 1252 2876 legendum
1276 2841 1340 2872 τοὺς
1369 2838 1851 2875 προκαταλαϐοὖντας-ὰγηνιτμζ-

224 2877 294 2912 δουςζ
309 2878 354 2906 ιγ.
370 2877 471 2905 Lowui.
