1978 3075
83 197 136 225 525

597 194 877 223 ECCLESIASTICJE
895 194 1069 223 HISTORl/E
1085 196 1149 224 LIB.
1168 195 1212 223 IV.

1656 197 1708 226 59.6

82 254 114 289 δὴ
128 251 350 288 συναθροίζονται
365 251 399 278 ἐκ
414 260 443 278 τε
458 251 511 278 τῶν
526 252 661 288 ἑσπερίων
677 253 724 279 καὶ
738 252 787 287 τῆς
802 252 872 288 ὲῲας

929 254 1066 289 tinopolim
1079 254 1226 281 convenire
1237 253 1330 288 jussit.
1349 252 1520 280 Conveniunt
1535 253 1636 289 itaque.
1650 258 1709 282 tum

84 300 132 326 καὶ
147 299 250 333 Λιϐύης
271 298 370 334 μικροῦ
396 297 561 333 σύμπαντες.
586 299 820 334 -Προειστήκεισαν
843 300 872 326 δὲ

83 346 138 374 τῶν
154 345 203 381 μὲν
217 344 277 373 κατ’
294 344 388 371 οὐσίαν
401 345 492 379 ὅμοιον
505 344 720 379 πρεσϐευόντων,
734 345 872 376 Βασίλειός

83 399 115 418 τε
135 391 182 417 καὶ
197 389 358 421 Εὑστάθιος·
381 387 422 421 οἷς
433 389 506 416 ἄλλοι
523 399 551 416 τε
568 390 615 417 καὶ
629 390 766 422 Βασίλειος
780 390 873 426 ἕτερος

86 436 177 471 παρῆν
190 434 372 466 συνασπίζων,
387 435 518 462 διακόνων
530 435 571 461 ἔτι
582 436 658 469 τάξιν
669 435 748 470 ἔχων,
760 435 873 471 δυνάμει

86 481 136 517 μὲν
148 482 195 508 τοῦ
215 482 304 516 λέγειν
321 481 427 508 πολλῶν
453 482 597 517 προφέρων
609 502 617 514 ,
645 481 684 517 τῷ
696 482 725 509 δὲ
735 484 785 517 τῆς
801 482 873 515 γνώ-

86 536 141 563 μης
156 527 270 562 ἁθαρσεῖ
284 526 340 561 (2|)
357 528 426 563 πρὸς
442 528 504 559 τοὺς
523 528 629 559 κοινοὺς
646 528 873 564 ὑποστελλόμενος

84 572 204 604 ἀγῶνας.
220 571 280 598 Ἰῶν
294 572 322 598 δὲ
334 571 364 598 τὺ
381 572 558 608 ὲτεροούσιον,
574 573 677 603 Ἀέτιος
695 573 744 608 μὲν
762 573 809 599 καὶ
822 573 874 599 Εὑ-

85 618 178 653 νόμιος
190 618 322 654 ὑπῆρχον,
333 618 358 645 οἳ
370 618 420 654 τὴν
433 618 549 653 δύναμιν
563 618 653 654 ἄκροι,
667 619 796 646 διακόνων
808 619 873 646 ἐκά-

84 672 163 699 τερος
177 664 279 699 βαθμὸν
295 664 374 699 ἔχων.
403 664 562 691 Ἑπίσκοποι
577 665 605 691 δὲ
620 665 874 701 δευτεραγωνιστιῖη

84 710 164 745 χορὸν
185 709 394 745 ἐκπληροῦντες,
408 710 507 746 Μάρης
527 719 557 736 τε
573 710 620 736 καὶ
633 710 767 742 Εὐδόξιος,
786 711 799 736 ό
813 710 874 736 τότε

85 756 304 791 τῆςἈντιοχείας
314 756 513 792 ὲπισκοπήσας,
525 756 637 792 ὕστερον
647 756 677 783 δὲ
690 757 738 782 καὶ
748 757 794 783 τὸν
800 757 874 783 Κων-

85 802 332 834 σταντινουπόλεως
346 801 469 828 ὑπελθὼν
486 801 590 836 θρόνον.
618 802 673 828 Καὶ
687 801 718 837 δὴ
731 802 777 828 καὶ
794 801 876 828 Ἀκά-

85 855 143 878 κιος
155 847 170 873 ὁ
179 847 226 882 τῆς
238 847 423 874 Παλαιστίνων
432 840 609 882 Κάισαρείας,
618 846 667 882 τὴν
676 847 743 882 πρὸς
755 847 875 878 ἐκείνους

85 893 300 928 ὑποκρινόμενος
315 893 466 928 ὀμοδοξίαν,
481 893 524 928 ἐφ’
540 890 562 927 ᾧ
576 893 638 924 τοὺς
654 893 718 928 περὶ
735 892 875 919 Βασίλειον

922 307 956 327 ex
987 300 1141 327 Occidentis
1168 300 1310 334 partibus,
1338 304 1394 326 tum
1422 307 1454 327 ex
1475 298 1585 327 Oriente
1604 307 1636 327 ac
1662 299 1709 327 Li—

924 346 975 381 bya
989 345 1044 373 fere
1066 345 1185 373 universi
1203 345 1270 379 (ἓό).
1287 344 1321 372 Ει
1344 352 1439 372 eorum
1464 345 1574 380 quidem
1596 345 1642 380 qui
1665 344 1711 372 Εἰς

924 392 990 418 lium
1007 392 1123 418 similem
1139 393 1289 419 secundum
1306 391 1484 418 substantiam
1501 390 1708 425 proﬁtebantur,

925 437 1098 472 antesignani
1124 444 1201 464 erant
1227 436 1344 464 Basilius
1367 440 1394 464 et
1414 436 1582 464 Eustathius.
1605 436 1711 469 Quibus

925 487 981 510 tum
1002 483 1047 509 alii
1070 483 1182 510 aderant
1199 483 1337 517 suppetias
1356 482 1490 514 ferentes,
1518 487 1575 510 tum
1593 482 1711 510 Basilius

925 529 1004 560 alter,
1024 529 1093 555 intra
1110 529 1217 556 diaconi
1235 529 1347 562 gradum
1369 529 1449 555 etiam
1469 533 1525 555 tum
1540 529 1710 562 subsistens;

925 572 1033 600 dicendi
1047 573 1154 607 quidem
1169 572 1297 600 facultate
1311 573 1403 600 multis
1418 573 1553 608 superior,
1566 581 1660 600 verum
1675 573 1711 600 ob

926 618 1100 645 timiditatem
1118 626 1150 645 ac
1164 618 1293 653 pusillum
1313 618 1434 645 animum
1450 619 1572 654 publicas
1587 620 1712 655 disputa-

926 664 1014 690 tiones
1027 664 1192 691 detrectans.
1209 663 1310 690 Eorum
1330 672 1395 691 vero
1406 665 1451 699 qui
1471 664 1630 692 dissimilem
1646 666 1713 694 sub-

926 709 1056 736 stantiam
1066 709 1258 744 pra-dicabant,
1270 709 1363 736 Aetius
1380 710 1490 744 quidem
1507 715 1533 736 et
1549 710 1710 742 Eunomius.

926 758 1058 789 quantum
1080 754 1113 781 ad
1140 755 1192 781 vim
1214 763 1245 782 ac
1271 756 1420 789 potentiam
1446 756 1559 788 attinet,
1583 757 1712 792 praecipui

926 804 1015 832 erant,
1033 805 1148 834 uterque
1161 799 1269 826 diaconi
1286 800 1419 826 duntaxat
1441 800 1568 828 obtinens
1584 801 1709 835 gradum.

927 845 1068 873 Secundas
1085 849 1175 872 autem
1191 846 1226 872 ab
1241 846 1283 872 liis
1299 849 1390 880 partes
1407 846 1555 880 implebant
1570 847 1690 882 episcopi
1703 867 1712 880 ,

926 892 1008 919 Maris
1026 897 1054 919 et
1077 891 1232 924 Eudoxius,
1251 892 1296 927 qui
1317 897 1371 919 tum
1390 893 1500 927 quidem
1525 893 1711 928 episcopatum

85 937 276 973 ἀντιλυπῆσαι,
292 937 358 964 διότι
373 938 494 964 κάκεῖνοι
508 937 641 972 Κύριλλον
654 937 708 963 τῶν
729 937 875 972 Ἰεροσολύ-

929 943 1047 974 gesserat
1061 937 1223 969 Antiochiae,
1239 942 1332 972 postea
1350 945 1414 964 vero
1432 937 1465 964 ad
1481 938 1713 974 Constantinopo-

85 992 147 1019 μων
167 984 211 1010 ὑπ’
233 983 315 1010 αὑτοῦ
340 983 478 1010 παυθέντα
500 983 547 1010 τοῦ
574 983 709 1018 ἱερᾶσθαι,
732 982 777 1009 διὰ
791 983 875 1017 τιμῆς

83 1030 196 1065 ἔφερον.
208 1028 263 1057 Ἶιν
276 1030 304 1057 δὲ
317 1030 465 1062 ό¹Ακάκιος
478 1030 627 1066 θαρσαλέος
642 1030 690 1065 μὲν
703 1030 731 1056 ὲν
741 1030 797 1061 τοῖς
807 1029 876 1063 ἀγῶ-

87 1084 125 1107 σι,
141 1075 314 1110 διανοηθῆναί
332 1084 362 1102 τε
377 1076 540 1111 πράγματος
556 1074 637 1109 φύσιν
658 1074 731 1106 ὀξὺς,
746 1075 793 1101 καὶ
805 1074 876 1109 λόγῳ

84 1121 206 1156 δηλῶσαι
221 1121 251 1147 τὸ
265 1120 367 1155 γνωθὲν
379 1121 480 1152 ἱκανός.
510 1121 554 1153 Ἐξ
565 1117 595 1147 οὗ
610 1120 658 1147 καὶ
669 1120 704 1146 τὰ
715 1119 817 1154 ταύτης
828 1120 876 1154 τῆς

87 1166 198 1192 συνόδου
220 1167 373 1201 γράμματα
388 1166 460 1201 (22),
486 1165 570 1192 πολλὰ
587 1165 616 1192 δέ
639 1166 722 1196 ἐστιν,
744 1162 820 1196 οὗτος
843 1163 877 1200 ἦν

85 1211 170 1247 μόνος
184 1212 198 1238 ὁ
209 1211 404 1247 διατιθέμενος.
418 1212 465 1244 Εἰς
478 1211 593 1247 ἅμιλλαν
603 1209 649 1238 οὖν
659 1211 801 1246 δογμάτων
815 1212 877 1237 ἑκα-

85 1257 170 1292 τέρας
191 1257 289 1292 μοίρας
313 1257 499 1291 καταστάσης,
522 1257 537 1283 ὁ
557 1257 605 1292 μὲν
626 1256 765 1288 Βασίλειος
781 1256 834 1282 τῶν
848 1256 878 1282 τὸ

84 1303 229 1338 ὁμοούσιον
256 1303 420 1335 δοξαζόντων
444 1302 609 1338 προηγόρει,
628 1303 651 1328 οἱ
672 1301 700 1327 δὲ
718 1300 763 1327 τοῦ
788 1302 879 1336 ἑτερο-

84 1348 179 1375 ουσίου
193 1349 262 1384 ὑπὲρ
277 1349 404 1375 ἁπάντων
419 1348 508 1381 λέγειν
519 1348 565 1374 τὸν
577 1347 676 1373 Ἀέτιον
693 1346 876 1382 προῦστησαν,

86 1394 300 1426 συνασπίζοντος
323 1394 396 1430 αὐτῷ
419 1394 466 1420 καὶ
483 1394 628 1429 Εὐνομίου.
651 1394 694 1425 Ὠς
715 1393 744 1419 δὲ
763 1391 832 1419 εἶδον
854 1394 878 1419 οἰ

84 1442 160 1476 ἀμφὶ
179 1441 225 1468 τὸν
242 1441 380 1467 Βασίλειον
400 1440 619 1476 προδεὸλημένον
639 1440 729 1470 αὐτοῖς
750 1440 791 1471 εἰς
806 1440 879 1466 ἀντι-

83 1486 182 1521 λογίαν
197 1487 243 1513 τὸν
259 1486 371 1517 Ἀέτιον,
388 1486 525 1517 δείσαντες
540 1485 621 1511 αὑτοῦ
635 1484 684 1520 τὴν
696 1484 811 1520 δύναμιν
823 1485 879 1510 τῶν

83 1533 186 1567 λόγων,
205 1533 254 1559 οὐκ
275 1532 378 1567 ἔφασαν
399 1532 454 1558 δεῖν
475 1531 642 1563 ἐπισκόπους
662 1531 743 1563 όντας
761 1531 878 1565 διακόνῳ

84 1579 154 1614 περὶ
168 1578 309 1613 δογμάτων
329 1579 368 1610 είς
389 1577 483 1612 λόγους
501 1573 692 1604 καθίστασθαι.
726 1576 880 1603 Ἀντειπόν-

84 1632 144 1650 των
157 1624 186 1650 δὲ
194 1623 246 1650 τῶν
257 1623 468 1659 διαφερομένων,
480 1622 517 1654 ὡς
527 1623 578 1649 οὐκ
590 1622 668 1655 ἀξίας
684 1622 732 1649 νῦν
743 1623 802 1648 ἐστι
818 1621 880 1657 κρί-

85 1678 150 1702 σις,
176 1669 233 1696 ἀλλ’
253 1669 381 1704 ἀληθείας
403 1668 576 1703 ἐπιζήτησις,
611 1668 732 1703 δέχονται
762 1667 810 1702 μὲν
833 1668 881 1693 καὶ

84 1717 203 1746 ἄκοντες
217 1716 242 1742 οἱ
258 1715 321 1751 περὶ
337 1715 476 1741 Βασίλειον
491 1714 529 1750 (a)
544 1714 590 1740 τὸν
603 1714 695 1747 ἀγῶνα
705 1722 712 1728 ·
723 1713 770 1740 καὶ
785 1713 823 1744 ὡς
837 1710 881 1739 οὗ-

84 1771 137 1794 τος
148 1762 232 1796 λέγει,
248 1762 319 1788 κατὰ
331 1761 431 1797 κράτος
446 1762 479 1797 τῇ
492 1761 539 1787 τοῦ
555 1760 658 1787 Ἀετίου
675 1759 785 1795 γλώσσῃ
798 1759 881 1794 ἡττή-

84 1809 188 1845 θησαν,
204 1808 242 1839 ὼς
268 1808 304 1843 μὴ
328 1807 408 1843 μόνον
428 1806 603 1842 ὁμολογῆσαι,
619 1804 808 1840 παρηλλάχθαι
832 1803 882 1837 τὴν

85 1854 137 1881 τοῦ
151 1853 327 1888 γεννηθέντος
339 1853 432 1879 οὐσίαν
445 1851 512 1888 πρὸς
524 1851 572 1887 τὴν
586 1850 633 1878 τοῦ
648 1850 819 1885 γειναμένου,
834 1849 881 1875 καὶ

84 1898 162 1925 κατὰ
178 1898 260 1933 μηδὲν
275 1899 423 1929 κοινωνεῖν,
436 1897 502 1924 ἀλλὰ
514 1897 561 1924 καὶ
572 1897 643 1932 χειρὶ
656 1897 744 1932 οἰκείᾳ
757 1897 806 1931 τὴν
817 1897 882 1930 ὁμο-

84 1944 196 1979 λογίαν,
208 1944 313 1970 ’Λετίου
329 1943 406 1970 τοῦτο
429 1943 712 1979 προσαπαιτήσαντος,
730 1941 881 1976 βεϐαιώσα-

85 1990 167 2016 σθαι.
191 1989 320 2016 Μαθόντα
336 1989 365 2015 δὲ
381 1988 468 2015 ταῦτα
481 1988 527 2014 τὸν
551 1987 674 2022 βασιλέα,
691 1987 738 2013 καὶ
753 1987 787 2022 ἢν
799 1987 882 2014 πάλαι

85 2036 235 2066 Βασίλειος
252 2035 323 2061 κατὰ
335 2035 439 2061 ’Δετίου
456 2033 582 2069 διαῧολὴν
597 2032 800 2064 συνεσκευάκει,
812 2033 882 2059 κατὰ

86 2082 182 2117 μέσης
195 2081 246 2116 τῆς
261 2081 375 2116 καρδίας
390 2080 568 2115 ἀκμάζουσαν
590 2078 716 2114 φέροντα,
732 2077 762 2104 τὸ
775 2086 881 2104 συνενε-

83 2128 155 2164 χθὲν
171 2127 293 2164 ἁρπάσαι
305 2127 373 2162 πρὸς
385 2126 434 2162 τὴν
445 2126 495 2161 τῆς
514 2125 600 2161 ὀργῆς
613 2125 796 2160 ἐκπλήρωσιν.
825 2124 884 2150 Διό.

84 2183 145 2210 περ
169 2174 254 2209 ἄμφω
269 2174 318 2209 μὲν
343 2174 382 2205 εἰς
404 2173 468 2199 θέαν
490 2173 649 2208 παρίστησι,
671 2170 883 2198 δια-πυνθάνεται

82 2220 117 2247 δὲ
138 2219 188 2247 τοῦ
210 2219 361 2252 Βασιλειου,
384 2220 445 2246 τίνα
462 2219 495 2246 ἂν
527 2219 581 2254 εἵη,
603 2215 645 2250 οἷς
664 2218 821 2244 ἐπαιτιᾶται
837 2216 883 2243 τὸν

927 984 1038 1011 litanam
1052 983 1142 1010 sedem
1157 987 1300 1018 promotus
1319 988 1371 1016 est,
1391 984 1509 1018 itemque
1523 985 1640 1012 Aeacius
1656 986 1714 1020 epi-

926 1037 1028 1065 scopus
1041 1029 1173 1057 Caesarea:
1188 1028 1341 1056 Palaestinae
1353 1030 1399 1064 qui
1416 1037 1445 1057 se
1462 1038 1522 1057 cum
1534 1031 1587 1058 illis
1598 1039 1714 1059 consen-

926 1076 978 1104 tire
994 1076 1157 1107 simulabat,
1181 1080 1210 1102 ut
1223 1075 1353 1103 Basilium
1375 1076 1494 1104 vicissim
1515 1076 1610 1104 dolore
1624 1077 1714 1105 allice—

927 1126 980 1152 ret.
1006 1125 1147 1156 propterea
1172 1121 1245 1155 quod
1262 1119 1382 1147 Basilius
1407 1121 1538 1155 Cyrillum
1557 1120 1714 1157 Hierosoly-

928 1175 1036 1194 morum
1049 1167 1206 1201 episcopum
1218 1167 1252 1193 ab
1272 1166 1332 1201 ipso
1351 1166 1503 1200 depositum
1515 1188 1522 1199 ,
1536 1167 1715 1195 nihilominus

928 1213 1033 1240 honore
1061 1212 1206 1240 alliciebat.
1234 1211 1299 1239 Erat
1323 1219 1405 1247 porro
1428 1213 1546 1240 Aeacius
1576 1214 1664 1240 audax
1687 1214 1716 1241 in

928 1258 1169 1293 disputationibus,
1184 1258 1254 1284 idem
1265 1258 1293 1284 in
1308 1258 1503 1294 dignoscendis
1516 1259 1634 1294 negotiis
1647 1267 1712 1286 acu-

929 1302 1064 1333 tissimus,
1080 1305 1107 1328 et
1130 1302 1163 1328 ad
1181 1302 1358 1336 exponendas
1378 1302 1463 1329 animi
1476 1303 1518 1329 sui
1533 1310 1632 1330 sensus
1649 1304 1717 1332 satis

929 1347 1058 1374 disertus.
1078 1346 1154 1374 Unde
1173 1348 1255 1374 etiam
1278 1351 1337 1375 acta
1359 1347 1441 1382 hujus
1462 1348 1574 1383 synodi,
1587 1357 1648 1383 qua:
1661 1358 1716 1376 non

929 1400 1014 1427 pauca
1032 1398 1105 1425 sunt,
1118 1393 1152 1419 ab
1166 1393 1218 1420 hoc
1233 1401 1289 1419 uno
1307 1393 1411 1428 digesta
1433 1401 1466 1421 ac
1479 1394 1611 1428 disposita
1628 1394 1715 1422 fuere.

929 1439 998 1465 Cum
1013 1439 1095 1473 igitur
1116 1438 1203 1465 ambae
1217 1443 1308 1473 partes
1325 1439 1352 1466 in
1373 1443 1511 1466 certamen
1534 1440 1567 1466 de
1583 1439 1718 1475 dogmati-

929 1485 981 1512 bus
1007 1485 1065 1512 suis
1090 1484 1241 1517 venissent,
1260 1492 1355 1512 eorum
1372 1485 1481 1520 quidem
1497 1485 1544 1520 qui
1562 1485 1665 1513 Filium
1679 1486 1718 1513 si-

930 1531 1023 1558 milem
1041 1530 1191 1558 secundum
1203 1531 1383 1558 substantiam
1400 1530 1610 1566 proﬁtebantur,
1626 1536 1718 1566 patro-

932 1586 983 1605 nus
1000 1582 1059 1605 erat
1070 1577 1197 1604 Basilius.
1214 1577 1266 1610 Qui
1281 1584 1347 1604 vero
1358 1576 1519 1604 dissimilem
1536 1576 1717 1604 substantiam

932 1623 1104 1654 asserebant,
1117 1623 1224 1649 Aetium
1239 1629 1329 1649 causze
1344 1630 1401 1649 sua:
1411 1627 1556 1657 patronum
1571 1622 1720 1649 constitue-

932 1673 1013 1701 runt,
1035 1668 1165 1703 adjuncto
1190 1669 1215 1696 ei
1230 1667 1378 1695 Eunomio.
1393 1667 1478 1695 Porro
1493 1667 1611 1694 Basilius
1626 1672 1654 1694 et
1668 1668 1717 1703 qui

932 1722 994 1742 cum
1015 1714 1061 1742 illo
1076 1719 1173 1747 erant,
1188 1721 1251 1741 cum
1269 1714 1377 1741 Aetium
1392 1714 1578 1741 adversarium
1595 1714 1646 1741 sibi
1668 1721 1718 1748 op-

932 1761 1051 1795 positum
1067 1759 1211 1790 vidissent,
1231 1759 1291 1793 ejus
1313 1758 1421 1786 dicendi
1445 1759 1498 1786 vim
1521 1758 1718 1790 formidantes.

932 1805 1090 1832 indecorum
1105 1811 1166 1831 esse
1180 1803 1308 1831 dixerunt
1329 1807 1358 1830 ut
1374 1803 1495 1838 episcopi
1521 1804 1557 1831 de
1582 1803 1718 1838 dogmati-

933 1852 983 1878 bus
998 1850 1060 1878 tidei
1076 1857 1137 1877 cum
1157 1850 1274 1877 diacono
1288 1854 1435 1877 certarent.
1452 1849 1505 1877 Sed
1523 1857 1586 1877 cum
1599 1849 1720 1877 adversae

933 1897 1016 1932 partis
1048 1896 1184 1923 antistites
1212 1895 1417 1927 reclamassent,
1450 1895 1566 1922 nonvde
1588 1895 1720 1930 dignitate

934 1950 1053 1977 praesens
1070 1940 1219 1975 judicium,
1240 1940 1287 1967 sed
1306 1940 1431 1967 veritatis
1448 1940 1617 1975 inquirenda:
1636 1948 1720 1968 causa

934 1988 1089 2016 institutum
1114 1995 1174 2015 esse
1198 1987 1321 2014 dicentes
1333 2006 1341 2018 ,
1360 1986 1478 2014 Basilius
1495 1986 1558 2014 licet
1575 1987 1677 2014 invitus
1692 1987 1720 2014 in

933 2037 1072 2060 certamen
1085 2033 1242 2066 descendit;
1259 2037 1287 2060 et
1300 2033 1529 2068 quemadmodum
1547 2034 1598 2060 iste
1613 2034 1719 2064 scribit,

934 2080 968 2107 ab
985 2079 1054 2106 Aetii
1075 2079 1167 2114 lingua
1192 2078 1299 2113 penitus
1325 2078 1448 2105 devictus
1463 2083 1522 2110 est,
1539 2080 1607 2106 adeo
1623 2083 1653 2106 ut
1666 2087 1719 2106 non

934 2126 1025 2153 solum
1043 2124 1186 2152 confessus
1199 2123 1290 2156 fuerit,
1310 2124 1491 2151 substantiam
1509 2124 1591 2159 geniti
1611 2124 1721 2152 ditl'erre

935 2179 951 2198 a
971 2171 1124 2198 substantia
1142 2170 1292 2204 genitoris,
1320 2177 1371 2197 nec
1392 2169 1446 2197 ulla
1465 2170 1491 2196 in
1510 2177 1540 2196 re
1559 2171 1720 2201 convenire,

935 2224 1030 2244 verum
1046 2216 1128 2243 etiam
1149 2215 1265 2250 propriae
1291 2222 1388 2242 manus
1408 2215 1627 2250 subscriptione,
1651 2216 1720 2243 sicut

90 2267 214 2294 ’Δέτιον.
236 2267 264 2293 '0
285 2266 328 2299 δὲ,
348 2267 392 2298 Ὠς
403 2266 544 2301 ἀνόμοιον,
567 2265 636 2299 ἔφη,
661 2264 700 2300 τῷ
726 2264 814 2299 Ιῐατρὶ
838 2263 878 2290 rex

935 2263 1030 2290 Aetius
1055 2261 1251 2296 postulaverat,
1278 2260 1480 2288 confessionem
1503 2268 1580 2287 suam
1596 2260 1722 2288 ﬁrmave-

83 2313 158 2339 Υιδν
169 2312 331 2347 εἰσηγεῖται.
349 2310 528 2347 Ἀμείψασθαι
543 2311 571 2337 δὲ
586 2310 654 2346 πρὸς
665 2310 753 2337 ταῦτα
767 2310 812 2336 τὸν
823 2309 882 2335 Ἀέ-

81 2367 148 2385 τιον
161 2367 169 2374 ι
197 2357 324 2385 τοσοῦτον
343 2358 428 2385 ἐνδεῖν
445 2357 483 2393 τῷ
504 2358 592 2393 Πατρὶ
611 2357 657 2384 τὸν
674 2356 738 2383 Υἱὺν
757 2355 882 2390 ἀνόμοιον

935 2309 980 2335 rit.
996 2307 1062 2341 Quae
1077 2315 1140 2334 cum
1159 2306 1301 2333 didicisset
1317 2305 1464 2340 imperator
1475 2325 1482 2337 ,
1502 2309 1530 2332 et
1553 2305 1720 2333 calumniam

936 2362 1018 2389 quam
1034 2353 1151 2380 Basilius
1168 2352 1195 2378 in
1211 2350 1319 2378 Aetium
1333 2351 1512 2383 conﬂuxerat,
1527 2350 1617 2378 adhuc
1630 2351 1720 2386 vigen-

708 2419 830 2441 VALESII
850 2416 1100 2441 ANNOTATIONES.

123 2480 189 2520 (τε)
212 2478 254 2520 ΤΦ
276 2478 310 2520 «ἷξε
334 2478 529 2520 εῆς..τ’νώμης
542 2476 680 2520 ρθφρεεεῖι
698 2475 882 2520 sese???

80 2509 270 2544 timiditatem
281 2509 385 2541 Basilio
392 2509 487 2548 Magno
505 2509 607 2547 objicit
623 2509 821 2545 Pliilostorgius
832 2509 883 2536 Eu-

81 2548 290 2579 nomiauus.ln
305 2549 355 2576 hoc
375 2548 537 2575 Eunomium
550 2549 646 2575 ducem
661 2554 741 2574 suum
759 2548 880 2574 secutus,

79 2586 135 2617 qui
158 2584 236 2611 idem
256 2584 350 2610 vitium
363 2583 464 2610 Basilio
478 2583 702 2617 exprobraverat,
721 2585 749 2607 ut
765 2583 881 2617 testatur

75 2614 246 2655 Gregorius
260 2617 399 2655 Nyssenus
415 2618 442 2645 in
461 2614 530 2655 libro
545 2618 634 2652 primo
652 2617 776 2643 adversus
794 2614 881 2655 Euno-

80 2651 195 2685 ηιὶιιῖη,
217 2651 358 2688 ρθείὸιὸ.
377 2652 474 2689 Verum
492 2651 713 2689 Nyssenuseam
731 2651 883 2689 accusatio-

80 2697 153 2718 nem
176 2684 315 2722 ele'ga'nter
331 2696 363 2715 ac
375 2684 626 2722 luculenteirel‘utat
641 2686 667 2722 in
693 2684 880 2722 sequentibus.

122 2723 192 2761 (2‘2)
217 2718 330 2756 Ῠαύτης
353 2722 407 2756 τῆς
438 2721 570 2749 συνόδου
596 2718 760 2756 γράμματα.
788 2718 883 2753 Suspi-

936 2478 1013 2501 catus
1043 2479 1104 2498 sum
1132 2469 1280 2505 aliquando
1305 2469 1478 2496 scribendum
1502 2468 1546 2505 hic
1564 2475 1626 2496 esse
1647 2469 1720 2505 στρά-

935 2516 1039 2543 γματα,
1051 2506 1127 2543 Ferri
1139 2504 1229 2532 tamen
1242 2510 1331 2543 potest
1345 2505 1451 2543 vulgata
1462 2504 1612 2543 scriptura,
1620 2504 1722 2543 quippe

935 2538 996 2578 quae
1010 2542 1135 2578 eumdem
1157 2538 1268 2578 sensum
1287 2540 1377 2566 habet.
1399 2539 1554 2578 Γράμματα
1570 2538 1642 2565 enim
1670 2539 1722 2578 hoc

935 2574 996 2605 loco
1010 2585 1063 2604 non
1077 2576 1207 2610 epistolas
1223 2575 1366 2606 duntaxat,
1385 2581 1484 2610 verum?
1502 2574 1583 2610 etiam
1606 2578 1669 2610 acta.
1680 2577 1722 2599 to—

935 2613 989 2640 tius
1016 2607 1111 2647 synodi
1133 2610 1292 2647 _designant.
1324 2610 1415 2647 Certe_
1430 2609 1542 2647 verbum
1561 2607 1723 2647 pugnasse.

935 2656 979 2679 νος
997 2643 1069 2681 quod
1084 2643 1218 2680 sequitur,
1228 2652 1288 2681 ruon
1302 2643 1430 2681 convenit
1444 2644 1511 2671 solis
1526 2643 1657 2678 epistolis.

971 2678 1027 2717 (23)
1045 2678 1214 2713 Theodorit.,
1228 2680 1246 2706 ι.
1261 2686 1291 2711 ιι,
1307 2686 1331 2706 c.
1344 2678 1388 2705 27.

841 2778 1008 2802 VARIORUM
1013 2793 1019 2799 .

123 2846 168 2881 (α)
200 2845 232 2870 Ol
253 2842 320 2876 περὶ
336 2842 506 2881 Βασιλείας.
528 2840 586 2867 Duo
601 2838 705 2881 Basilii.
719 2838 746 2881 in
764 2837 818 2881 hoc
833 2843 887 2881 pca-

81 2871 354 2917 pite-lnemgraiitur
367 2886 374 2909 ;
388 2876 452 2916 scil.
461 2872 708 2917 thagnpus‘illerqui
720 2871 888 2917 PES-18:»??-

81 2908 182 2946 ἱπειε
199 2914 227 2940 in
240 2912 411 2946 Cappadocia
423 2908 536 2938 antistes
548 2909 616 2942 fuit,
633 2916 704 2936 nunc
720 2914 783 2935 vero
797 2908 887 2934 diaco-

937 2841 988 2861 nus
1007 2841 1014 2859 :
1030 2837 1057 2860 et
1069 2831 1187 2859 Basilius
1204 2832 1317 2866 Ancyrae
1336 2830 1494 2864 episcopus.
1516 2827 1553 2856 De
1569 2828 1619 2855 hoc
1636 2833 1720 2862 postc-

937 2869 1003 2896 riori
1020 2868 1063 2894 hic
1077 2875 1169 2895 sermo
1183 2871 1234 2893 est.
