1978 3075
267 199 319 226 527

953 197 1197 227 PHILOSTORGII

1839 196 1892 224 528

266 262 320 285 tem
335 258 363 285 in
379 258 472 286 animo
482 265 534 286 suo
547 258 748 291 circumferret.
760 266 874 287 eventus
889 259 961 287 illius
973 266 1052 286 occa-

1106 258 1191 284 είπείν
1205 256 1221 293 ἢ
1238 256 1358 289 δοξάσαι,
1371 255 1442 282 ὥστε
1455 256 1502 283 καὶ
1515 255 1732 292 ἀπαραλλάκτως
1746 257 1838 292 ὅμοιον
1848 257 1890 283 αὐ-

266 304 372 331 sionem
394 304 426 331 ad
445 305 606 339 explendam
625 305 696 332 iram
712 313 790 333 suam
807 305 933 340 arripuit.
949 306 1052 333 Ambo-

267 350 317 376 bus
335 349 419 385 igitur
433 351 459 377 in
473 355 653 386 conspectum
669 359 749 378 suum
767 352 859 379 venire
870 352 966 386 jussis,
980 351 1055 378 Basi-

266 394 333 421 lium
349 395 529 430 interrogavit
539 403 664 430 qumnam
677 401 767 423 essent
781 396 824 422 illa
836 396 869 423 de
884 396 984 431 quibus
998 396 1053 423 Ae-

267 440 334 466 tium
350 439 500 467 incusaret.
518 439 669 475 Respondit
686 440 819 472 Basilius.
840 441 912 476 quod
933 441 956 467 is
968 441 1052 468 dissi-

267 486 360 513 milem
391 485 464 513 Patri
493 486 592 513 Filium
620 491 765 514 assereret.
789 487 829 514 Ad
859 487 916 513 haec
938 486 1052 514 Aetius:

267 531 384 559 Tantum
400 533 495 564 abest,
516 532 622 567 inquit,
641 537 671 559 ut
689 531 787 559 Filium
804 532 877 559 Patri
894 532 1054 559 dissimilem

266 578 356 606 dicam
372 583 419 605 aut
432 578 547 606 sentiam
559 599 566 610 ,
583 578 648 613 quin
663 579 754 613 potius
769 578 872 613 absque
889 578 944 605 ullo
957 578 1055 605 discri-

267 625 340 652 mine
354 625 470 652 similem
494 625 633 659 profiteor.
645 624 679 652 At
701 624 879 652 Constantius
891 624 1054 652 vocabulum

267 670 333 698 illud
348 670 557 706 ἀπαράλλακτος
573 670 747 702 insimulans,
762 678 812 698 nec
823 670 929 698 discere
937 671 1054 698 omnino

267 716 407 743 sustinens
435 724 554 751 quonam
581 724 663 743 sensu
691 724 751 744 eam
777 724 871 744 vocem
895 720 1056 752 usurpasset

266 762 374 793 Aetius.
402 770 464 789 eum
497 762 598 796 palatio
623 762 721 797 expelli
745 762 837 797 jussit.
863 761 960 789 Postea
991 770 1056 790 vero

266 808 359 836 Aeacii
372 816 453 843 opera
472 808 599 843 perfecit,
611 812 641 835 ut
656 808 727 835 idem
743 808 838 835 Aetius
853 808 1001 843 episcopali
1011 808 1055 842 ju-

266 854 337 881 dicio
351 854 541 888 deponeretur,
562 853 799 881 subscribentibus
816 853 876 888 ejus
891 853 1054 888 depositiom

266 907 320 928 non
345 901 433 928 solum
461 900 632 932 orthodoxis,
658 908 752 927 verum
772 900 854 927 etiam
879 900 913 927 iis
930 900 996 935 ipsis
1007 901 1054 935 qui

1104 303 1150 329 τὸν
1173 302 1328 337 κηρύττειν.
1359 302 1415 337 Τῆς
1440 302 1469 328 δὲ
1489 301 1535 328 τοῦ
1565 302 1774 338 ἀπαραλλάκτου
1802 303 1892 338 φωνῆς

1106 349 1328 385 ὑποδραξάμενος
1345 350 1358 375 ὁ
1377 348 1576 380 Κωνστάντιος,
1604 349 1652 375 καὶ
1670 349 1730 384 μηδ’
1744 349 1893 385 ἀνασχόμε-

1105 403 1148 426 νος
1163 394 1230 425 ὄλως
1246 394 1287 420 ἔτι
1307 394 1486 428 καταμαθεῖν,
1502 394 1562 420 κατ’
1576 393 1607 420 ὃν
1621 395 1724 425 ἐκεῖνος
1735 394 1834 429 τρόπον
1849 395 1894 421 ἀν-

1105 439 1256 474 εφθέγξατο
1267 439 1297 466 τὸ
1308 439 1527 476 ἀπαράλλακτον,
1547 439 1713 475 ἐκϐληθῆναι
1729 440 1779 475 μὲν
1790 439 1894 466 κελεύει

1104 485 1159 511 τῶν
1178 485 1321 520 βασιλείων
1337 485 1383 511 τὸν
1399 485 1513 511 Ἀέτιοψ
1530 485 1642 522 ὕστερον
1656 485 1695 518 δὲ,
1711 487 1744 521 τῇ
1760 486 1894 521 συνδρομῇ

1105 532 1245 562 Ἀκακίου,
1264 531 1311 558 καὶ
1332 531 1517 567 καθαιρέσεως
1534 531 1719 567 ὑποϐληθῆναι
1742 532 1852 567 ψήφοις,
1865 532 1895 558 οὐ

1105 577 1158 604 τῶν
1168 577 1379 612 ὀρθοδοξούντων
1394 579 1481 613 μόνων
1494 578 1747 613 ὑποσημηναμένων
1759 580 1790 614 τῇ
1805 578 1897 606 καθαι-

1107 623 1190 658 ρέσει,
1207 623 1274 650 ἀλλὰ
1289 624 1336 650 καὶ
1355 624 1444 650 αὐτῶν
1459 623 1514 650 τῶν
1528 625 1568 656 εἰς
1586 624 1620 650 τὰ
1642 624 1758 659 μάλιστα
1775 624 1814 659 τῷ
1829 632 1897 660 φρο-

1106 669 1206 705 νήματι
1230 669 1444 696 κοινωνούντων
1465 670 1520 696 τῶν
1533 670 1583 705 μὲν
1597 671 1643 696 καὶ
1656 670 1706 706 τὴν
1718 670 1831 706 γνώμην
1847 679 1897 706 με-

1106 715 1304 750 ταϐληθέντων,
1315 715 1368 742 τῶν
1387 715 1415 742 δὲ
1428 715 1476 751 τὴν
1489 716 1616 743 ἀκούσιον
1630 716 1727 752 πρᾶξιν
1741 717 1898 752 οἰκονομίας

1107 762 1208 797 ῥήματι
1226 761 1533 797 κατασχηματιζόντων.
1553 763 1582 789 ’0
1595 763 1623 789 δὲ
1637 763 1835 795 Κωνστάντιος,
1852 763 1899 790 τὸν

1106 807 1160 833 τῶν
1175 808 1310 842 ἐσπερίων
1324 808 1408 843 τόμον
1420 809 1669 844 προκομισάμενος,
1680 809 1773 836 τοῦτον
1785 810 1832 836 καὶ
1843 809 1900 836 τῶν

1106 854 1247 889 παρόντων
1262 855 1492 890 ὑποσημήνασθαι
1504 856 1576 891 χειρὶ
1595 855 1683 891 οἰκείᾳ
1699 855 1899 884 διεκελεύσατο.

1107 901 1264 936 Περιείχετο
1278 901 1306 928 δὲ
1326 901 1365 936 τῷ
1384 902 1471 937 τόμῳ,
1488 902 1580 937 ὅμοιον
1601 902 1638 937 τῷ
1650 903 1737 938 Πατρὶ
1756 902 1826 929 κατὰ
1848 902 1900 933 τὰς

266 943 388 980 ejusdem
420 953 484 972 eum
511 946 558 973 illo
584 945 721 980 opinionis
742 951 820 973 erant
844 954 987 982 :quorum
1005 947 1051 974 alii

1107 935 1217 981 Γραφὰς
1228 935 1401 982 ἀνομολονεῑν
1468 935 1540 975 Υἱόν.
1550 947 1606 974 Καὶ
1618 935 1698 975 πάλιν
1710 935 1826 975 ἐνταῦθα
1837 956 1900 974 συν-

265 992 384 1027 priorem
402 992 565 1020 sententiam
581 996 766 1024 mutaverant,
782 992 827 1019 alii
842 992 867 1019 id
883 992 956 1027 quod
973 991 1051 1019 inviti

266 1035 398 1066 fecerant.
408 1036 619 1071 dispensationis
635 1037 745 1064 nomine
757 1037 951 1071 praetexebant.
966 1036 1052 1065 Porro

265 1081 443 1111 Constantius
471 1081 689 1111 Occidentalium
712 1083 855 1118 epistolam
878 1084 906 1111 in
932 1084 1051 1111 medium

1105 992 1192 1028 δρομῇ
1206 992 1253 1018 τοῦ
1265 992 1404 1026 Ἀκακίου,
1416 994 1446 1025 ὃς
1459 993 1551 1029 ἕτερος
1564 994 1612 1029 μὲν
1623 991 1657 1029 ἦν
1669 993 1719 1029 τὴν
1736 993 1825 1026 δόξαν,
1839 993 1900 1020 ἓτε-

1108 1047 1152 1073 ρος
1166 1038 1195 1064 δὲ
1214 1038 1263 1073 τὴν
1288 1039 1422 1072 γλῶτταν,
1440 1039 1629 1075 ὑπογράφουσι
1648 1039 1747 1071 πάντες
1758 1039 1814 1065 ὅσοι
1825 1045 1899 1075 παρι-

1106 1085 1186 1119 ἦσαν,
1204 1083 1253 1110 καῖ
1266 1084 1323 1110 ὅσοι
1338 1085 1404 1119 πρὶν
1415 1085 1582 1120 ἐπρέσϐευον
1594 1085 1624 1111 τὸ
1633 1084 1811 1120 ὲτεροοὺσιον.

264 1131 417 1167 proferens.
437 1132 612 1168 praesentium
642 1133 831 1168 episcOporum
861 1131 1107 1167 subscriptionibus
1134 1132 1237 1159 firmari
1256 1140 1317 1160 eam
1345 1132 1440 1164 jussit.
1463 1133 1663 1161 Continebatur
1688 1137 1776 1161 autem
1800 1132 1827 1158 in
1846 1132 1901 1158 hac

265 1178 388 1212 epistola.
403 1177 501 1205 Filium
513 1178 588 1206 Patri
603 1179 720 1207 similem
733 1187 793 1207 esse
809 1179 959 1207 secundum
978 1178 1146 1214 Scripturas.
1158 1180 1228 1206 Tum
1266 1187 1330 1206 vero
1347 1187 1430 1214 opera
1458 1180 1539 1207 etiam
1571 1180 1693 1215 ejusdem
1715 1179 1822 1211 Acacii,
1850 1178 1900 1212 qui

264 1224 374 1258 quidem
401 1226 474 1253 aliud
497 1226 524 1253 in
541 1231 651 1260 pectore
663 1227 845 1257 reconditum,
864 1226 936 1254 aliud
960 1226 988 1253 in
1014 1226 1106 1260 lingua
1132 1230 1291 1260 promptum
1319 1226 1456 1260 habebat,
1475 1226 1594 1254 universi
1609 1226 1657 1261 qui
1681 1226 1803 1258 aderant,
1825 1228 1854 1251 et
1877 1223 1904 1252 ii

264 1274 440 1309 quoqueipsi
457 1275 504 1309 qui
517 1275 678 1302 dissimilem
701 1275 883 1302 substantiam
897 1280 977 1303 antea
990 1273 1105 1310 professi
1124 1273 1242 1307 fuerant,
1261 1274 1496 1309 subscripserunt.

395 1329 441 1357 EX
461 1329 564 1357 LIBRO
582 1329 714 1363 QUINTO
735 1329 921 1358 HISTORIIE.

300 1377 327 1404 1.
344 1376 456 1404 Aeacius
474 1375 626 1402 Basilianos
644 1381 668 1402 et
693 1377 819 1403 Aeliano:
840 1376 925 1411 pcllit.
953 1375 1052 1403 Homo-

265 1422 370 1448 ousiani
391 1421 518 1447 ordinati.
535 1419 658 1448 Heluius
678 1421 758 1455 cpite.
781 1421 904 1448 Antioch.
931 1435 966 1441 —-
987 1420 1053 1448 Post

266 1467 322 1494 haec
335 1467 462 1500 Aeacius,
475 1474 538 1494 cum
553 1466 743 1501 imperatorem
758 1468 784 1494 in
797 1475 875 1495 suam
887 1467 1051 1495 sententiam

265 1513 452 1548 pertraxisset,
466 1511 596 1539 Basilium
607 1518 634 1540 et
648 1513 820 1540 Eustathium
830 1513 1052 1548 aliosqueplures

265 1560 348 1588 variis
371 1559 609 1587 criminationibus
633 1559 784 1593 appetitos,
802 1566 835 1586 ex
860 1559 917 1586 suis
941 1559 1051 1586 sedibus

1246 1329 1293 1356 ΕΚ
1315 1329 1382 1355 ΤΗΣ
1401 1324 1570 1357 ΠΕΜΠἸἩΣ
1588 1329 1754 1357 ΙΣΤΟΡΙΑΣ.

1141 1378 1175 1401 α’.
1191 1375 1263 1407 Ὅτι,
1278 1375 1354 1410 φησὶ,
1368 1375 1436 1410 μετὰ
1447 1375 1534 1403 ταῦτα
1547 1376 1673 1408 Ἀκάκιος
1686 1377 1749 1408 τοὺς
1768 1377 1831 1413 περὶ
1846 1377 1904 1404 Βα-

1108 1421 1205 1448 σίλειον
1223 1422 1270 1448 καὶ
1283 1422 1443 1454 aeneam,
1462 1422 1572 1457 βασιλέα
1600 1424 1695 1455 πείσας
1723 1424 1770 1450 καὶ
1797 1425 1904 1457 αἰτίαις

1106 1467 1201 1499 ἄλλους
1214 1467 1308 1500 ἄλλαις
1323 1468 1475 1501 ὑποόαλὼν,
1489 1469 1615 1504 καθαιρεί
1627 1469 1681 1496 τῶν
1698 1469 1808 1505 θρόνων.
1826 1472 1904 1497 Καθ-

1105 1515 1178 1549 αιρεῖ
1201 1514 1229 1540 δὲ
1256 1515 1303 1541 καὶ
1327 1515 1492 1541 Μακεδόνιον
1515 1515 1560 1542 τὸν
1589 1515 1905 1548 Κωνσταντινουπόλεως

1106 1560 1265 1586 ἐπίσκοπον.
1283 1559 1436 1591 Παυθέντος
1454 1560 1482 1586 δὲ
1506 1559 1552 1587 τοῦ
1574 1560 1751 1593 Μακεδονίου,
1773 1561 1904 1594 Εὑδόξιος

265 1605 391 1641 deposuit
403 1605 469 1640 (24).
485 1603 575 1639 Ipsum
593 1611 701 1639 quoque
715 1603 901 1631 Macedonium
917 1604 1052 1632 Constan-

1106 1605 1135 1637 ὲξ
1154 1605 1319 1641 ’Δντιοχείας
1339 1606 1528 1633 Κωνσταντίου
1547 1607 1644 1643 γνώμῃ
1664 1607 1905 1642 ἀντικαθιδρύεται

265 1651 394 1686 tinopolis
410 1651 570 1685 episcopum
589 1649 745 1677 sacerdotio
762 1649 848 1677 exuit.
866 1649 951 1677 Porro
966 1650 1052 1685 depo-

265 1699 318 1726 sito
332 1697 502 1729 Macedonio,
518 1696 656 1724 Eudoxius
672 1704 704 1724 ex
721 1696 897 1724 Antiochensi
912 1698 1052 1731 episcopo,

265 1747 403 1770 annuente
423 1742 602 1774 Constantio,
630 1742 657 1768 in
685 1741 745 1776 ejus
774 1742 862 1769 locum
889 1742 1053 1777 subrogatus

265 1796 316 1818 est.
333 1791 352 1817 li
367 1797 432 1817 vero
446 1789 495 1825 qui
511 1788 627 1824 depositi
647 1788 773 1820 furerent,
791 1788 818 1815 in
833 1788 960 1816 exsilium
976 1788 1052 1815 missi

266 1837 465 1869 sunt,Basilius
480 1836 590 1871 quidem
608 1836 635 1862 in
654 1835 793 1871 Illyricum
810 1845 817 1862 :
835 1835 932 1870 reliqui
949 1839 1052 1866 autem,

266 1882 335 1908 alius
349 1881 402 1908 aiio
413 1880 528 1916 dispersi
545 1890 553 1907 :
565 1880 612 1915 qui
624 1888 686 1907 cum
703 1881 729 1907 in
739 1880 865 1908 exsilium
877 1881 1053 1911 ducerentur,

265 1926 480 1961 subscriptiones
509 1934 574 1953 suas
605 1925 706 1960 quibus
733 1925 915 1952 Ariminensis
944 1924 1053 1952 concilii

267 1972 345 1999 fidem
357 1971 597 2001 conﬁrmaverant,
612 1974 796 2000 revocarunt;
809 1974 891 2004 atque
905 1969 930 1996 hi
943 1969 1052 2004 quidem

266 2017 546 2046 consubstantialem,
563 2016 602 2043 illi
626 2023 691 2042 vero
716 2015 813 2043 similis
827 2015 985 2042 substantiae
1009 2015 1054 2042 Fio

267 2064 332 2091 lium
349 2063 446 2090 iterum
468 2062 661 2097 prtediearunt.
681 2062 776 2089 Aetius
792 2066 882 2088 autem
901 2061 1052 2095 depositus,

268 2115 408 2146 propterea
432 2109 504 2144 quod
520 2108 730 2145 ἀπαράλλακτον
751 2109 906 2138 invexerat,
923 2108 995 2142 quod
1011 2115 1054 2135 rc-

269 2156 350 2191 liquis
369 2156 428 2190 ejus
441 2154 614 2182 sermonibus
634 2162 666 2182 ac
683 2154 792 2188 scriptis
813 2153 956 2180 manifeste
973 2161 1053 2188 repu-

267 2202 378 2238 gnabat,
394 2200 588 2236 Mopsuestiam
606 2199 710 2228 Cilicia:
725 2200 871 2234 relegatur,
882 2206 945 2226 cum
957 2207 1053 2226 omnes

268 2256 351 2283 prope
375 2248 486 2275 modum
511 2248 570 2281 ejus
595 2246 719 2274 fautores
749 2253 780 2273 ac
805 2250 971 2278 sectatores,
998 2253 1052 2272 non

1106 1651 1144 1686 τῷ
1158 1651 1254 1687 θρόνῳ.
1273 1651 1494 1688 ’Υπερορίζονται
1514 1653 1542 1679 δὲ
1564 1653 1610 1679 καὶ
1632 1653 1656 1679 οἱ
1679 1653 1902 1689 καθαιρεθέντες,

1107 1696 1243 1729 Βασίλειος
1261 1696 1310 1731 μὲν
1321 1697 1361 1728 εἰς
1377 1697 1531 1732 Ἰλλυριοὺς,
1546 1699 1569 1724 οί
1583 1697 1611 1724 δὲ
1625 1697 1712 1724 λοιποῖ⁴
1725 1698 1803 1730 ἀλλος
1817 1698 1905 1724 ἀλλα.

1106 1743 1185 1778 χόσε·
1201 1743 1226 1769 οἳ
1243 1742 1310 1778 πρὸς
1325 1743 1375 1778 τὴν
1395 1743 1539 1778 ὑπερόριον
1562 1743 1748 1779 στελλόμενοι,
1772 1744 1906 1771 ἀθετοῦσι

1108 1787 1156 1822 μὲν
1170 1787 1218 1818 τὰς
1234 1786 1335 1818 οἰκείας
1349 1787 1520 1823 ὑπογραφὰς,
1538 1785 1582 1819 αἷς
1599 1789 1647 1823 τὴν
1666 1789 1695 1816 ἐν
1709 1790 1841 1824 Ἀριμίνῳ
1859 1790 1908 1816 πί-

1107 1841 1164 1858 στιν
1178 1833 1404 1868 ὺπεσημήναντοι
1422 1833 1637 1868 ἀνακηρύττουσι
1659 1834 1687 1861 δὲ
1711 1834 1790 1861 πάλιν
1806 1836 1831 1861 οἱ
1850 1835 1907 1870 μὲν

1106 1877 1136 1903 τὸ
1152 1877 1304 1912 ὁμοοὺσιον,
1318 1878 1342 1904 οἱ
1365 1878 1393 1904 δὲ
1409 1878 1440 1904 τὸ
1453 1879 1614 1913 ὀμοιούσιον.
1639 1880 1694 1906 Καὶ
1710 1879 1724 1904 ό
1740 1879 1844 1912 ’Δέτιος
1861 1880 1906 1912 ﬁt,

1106 1922 1279 1957 καθαιρεθεὶς
1296 1923 1362 1950 διότι
1378 1924 1408 1949 τὸ
1421 1924 1627 1959 ἀπαράλλακτον
1639 1926 1814 1961 εἰσηγήσατο,
1830 1926 1910 1962 ὅπερ

1107 1969 1187 1995 αὐτοῦ
1203 1971 1263 2000 ταῖς
1277 1969 1368 2001 ἄλλαις
1387 1970 1504 2005 ὁμιλίαις
1524 1971 1570 1998 καὶ
1597 1974 1768 2006 συγγραφαῖς
1784 1972 1909 2009 διαρρή-

1105 2015 1154 2050 δην
1169 2015 1335 2050 ἀπεμάχετο,
1354 2016 1497 2052 ὑπερόριος
1511 2018 1550 2048 είς
1573 2017 1759 2052 Μσέαουεστίαν
1777 2019 1828 2053 τῆς
1846 2020 1908 2045 Κι-

1106 2061 1195 2092 λικίας
1216 2062 1398 2096 ἐκπέμπεται,
1424 2063 1638 2098 ὑπογραψάντων
1666 2064 1725 2089 κατ’
1753 2064 1850 2095 αὑτοῦ,
1870 2066 1910 2092 οὐ

1108 2108 1187 2142 μόνον
1205 2107 1249 2139 δὲ,
1270 2107 1337 2134 ἀλλὰ
1356 2109 1402 2134 καὶ
1422 2109 1491 2135 κατὰ
1511 2110 1558 2144 τῆς
1575 2109 1691 2140 πίστεως
1706 2110 1739 2145 ἣν
1753 2110 1910 2145 ἐκήρυττε,

1107 2153 1205 2190 μικροῦ
1222 2155 1330 2181 πάντων
1349 2155 1430 2181 αὑτοῦ
1449 2155 1503 2181 τῶν
1517 2155 1639 2190 ὲραστῶν
1657 2156 1703 2182 καὶ
1721 2155 1890 2191 ὀμοφρόνων
1902 2165 1909 2170 ·

1105 2200 1160 2227 τῶν
1177 2200 1225 2235 μὲν
1243 2201 1276 2226 ἐκ
1293 2200 1443 2235 μεταϐολῆς
1465 2200 1518 2227 τῶν
1543 2201 1625 2227 παλαι
1648 2200 1825 2235 δεδογμένων,
1845 2202 1915 2227 τῶν

1106 2245 1134 2272 δὲ
1148 2247 1204 2277 τοῖς
1220 2247 1324 2281 καιροῖς
1339 2245 1476 2278 ἐνδόντων,
1493 2245 1538 2271 καὶ
1553 2245 1601 2280 τὴν
1614 2245 1660 2271 τοῦ
1677 2245 1810 2280 βασιλέως
1829 2246 1915 2279 γνώ-

267 2295 356 2328 ipsum
372 2294 463 2325 modo,
479 2300 573 2320 verum
589 2293 669 2319 etiam
687 2292 766 2319 tidem
782 2299 863 2326 quam
876 2291 1048 2326 praedicabat,

1106 2299 1157 2325 μην
1171 2289 1287 2326 κρείττω
1297 2291 1346 2324 τῆς
1357 2289 1430 2324 παρά
1444 2290 1533 2324 σφίσιν
1548 2289 1675 2324 ἀληθείας
1690 2290 1915 2324 ποιησαμένων,

267 2340 469 2374 subscriptione
493 2346 542 2366 sua
560 2339 739 2365 damnassent
762 2347 768 2364 :
792 2338 836 2364 alii
861 2338 969 2372 quidem
995 2337 1053 2371 opi-

267 2387 377 2413 nionem
399 2393 479 2420 quam
508 2385 583 2419 prius
607 2384 726 2420 amplexi
745 2385 853 2411 fuerant
877 2384 1051 2417 abjicieutes;

267 2432 314 2459 alii
330 2438 394 2458 vero
411 2430 526 2464 tempori
544 2431 704 2463 servientes,
722 2434 749 2456 et
765 2430 937 2464 imperatoris
954 2429 1052 2455 volun-

268 2482 350 2504 tatem
363 2477 475 2504 veritate
489 2476 546 2510 ipsa
562 2475 694 2510 potiorem
708 2474 870 2509 judicantes.
886 2474 971 2501 Porro
983 2474 1051 2500 Aca-

267 2524 339 2554 cius,
354 2531 415 2551 cum
433 2522 562 2549 Basiliqu
577 2522 687 2555 quidem
705 2521 740 2547 ob
753 2521 873 2555 privatas
886 2519 1053 2550 inimicitias,

1112 2335 1142 2363 '0
1155 2337 1184 2363 δὲ
1204 2337 1329 2368 Ἀκάκιος
1343 2337 1405 2367 τοὺς
1421 2336 1486 2371 περὶ
1502 2336 1640 2362 Βασίλειον
1653 2335 1686 2361 δι’
1705 2335 1772 2362 ἰδίαν
1786 2335 1919 2371 ἔχθραν,

1106 2383 1152 2410 καὶ
1165 2383 1210 2410 τὸν
1228 2383 1328 2409 ’Δέτιον
1342 2383 1385 2409 διὰ
1392 2383 1421 2408 τὸ
1436 2382 1597 2416 ἑτεροδοξεῖν
1613 2381 1744 2413 καθελὼν,
1757 2383 1804 2408 καὶ
1818 2383 1924 2418 ὑπερ-

1106 2429 1196 2464 ορίους
1213 2429 1405 2464 ποιησάμενος,
1417 2428 1574 2464 ἀνατρέχων
1591 2427 1637 2454 ἐπὶ
1652 2428 1701 2463 τὴν
1716 2427 1921 2462 Καισάρειαν,

1105 2476 1166 2506 ταῖς
1181 2474 1360 2510 χηρευούσαις
1377 2475 1548 2509 Ἐκκλησίαις
1570 2474 1708 2509 ἀρχιερεῖς
1728 2474 1868 2510 καθίστη,
1884 2478 1924 2503 τὸ

1104 2521 1245 2556 ὁμοούσιον
1262 2521 1476 2556 θρησκεύοντας·
1495 2521 1541 2547 καὶ
1564 2520 1708 2555 καθίστησι
1731 2520 1781 2555 μὲν
1803 2521 1837 2547 ἐν
1858 2522 1923 2548 Νι-

267 2570 374 2596 Aetium
390 2576 454 2596 vero
468 2567 503 2595 ob
516 2568 675 2602 dogmatum
690 2566 900 2600 discrepantimn
913 2566 1055 2599 deposuis-

267 2621 320 2649 set,
330 2610 364 2644 ἐι
378 2615 405 2642 in
421 2614 548 2642 exsilium
562 2613 700 2645 trusisset,
716 2612 867 2640 Cresarcam
885 2611 991 2638 rediens
1001 2632 1009 2643 ,
1026 2612 1053 2638 in

1105 2568 1234 2604 κομηδεία
1247 2568 1307 2594 ἀντὶ
1324 2568 1488 2603 Κεκροπίου,
1506 2567 1667 2602 Ὀνήσιμον
1682 2567 1742 2593 ἀντὶ
1764 2567 1794 2593 δὲ
1816 2567 1925 2595 Βασι-

1104 2613 1174 2640 λείου
1194 2615 1228 2648 τῇ
1245 2613 1377 2648 ’Δγκύρᾳ,
1393 2612 1551 2641 Ἀθανάσιον
1567 2611 1635 2646 (25).
1653 2612 1779 2639 ’Δκάκιον
1796 2613 1829 2639 δὲ
1850 2614 1925 2641 ἓτε-

881 2689 919 2710 ΥΔ
925 2689 1001 2710 LESII
1022 2689 1270 2712 ANNOTATXONES.

305 2744 360 2780 (2L)
378 2743 537 2780 Tbeodorit.
550 2742 568 2770 l.
582 2748 650 2780 _l|,_c.
661 2740 708 2780 26.

380 2776 419 2811 Τῇ
438 2777 561 2815 ᾉτκύρᾳ
582 2775 763 2815 Ἆθανάςιογ.
775 2775 820 2815 De
837 2773 1051 2815 liochAtbgnasio

267 2808 382 2848 Ancyra:
404 2808 552 2847 Episcopo;
570 2815 667 2848 prteter
682 2810 825 2848 _Soeraterii
847 2808 1052 2848 etuBzusiliuma

268 2843 435 2875 tjotl'iofredo
450 2843 701 2877 citatosfmeminit
712 2844 859 2878 Gregorius
872 2843 1010 2878 Nyssenus
1025 2843 1052 2870 in

269 2886 338 2911 nbro
353 2883 440 2917 primo
452 2888 542 2918 contra
556 2880 725 2918 Ermomiun},
738 2887 765 2913 p.
777 2879 829 2918 '25)“)
841 2887 848 2906 :
862 2879 902 2918 Τᾲ
915 2879 968 2918 γ-αρ
983 2878 1054 2918 κατὰ

268 2919 314 2946 τὸν
342 2914 442 2944 ’Ᾱέτιον
459 2917 552 2943 τοῦτον
582 2914 740 2941 Ἀθανασίου
766 2915 830 2941 ποτὲ
854 2914 901 2940 τοῦ
923 2914 1050 2941 Γαλατῶν

1106 2741 1398 2780 ἐπισκόπουιλὲγοντος
1416 2741 1536 2780 ηκουσα,
1563 2739 1661 2780 ἀνδρος
1678 2740 1728 2780 οὑκ
1748 2739 1781 2780 ἀν
1798 2749 1831 2767 τι
1860 2743 1928 2780 πρὸ

1105 2775 1156 2810 τῆς
1172 2775 1300 2812 ἀληθείας
1311 2774 1619 2812 προτιμήσαντοςηοίοζ
1635 2775 1662 2801 lii
1680 2779 1731 2812 est.
1750 2774 1828 2802 Nam
1852 2774 1927 2812 qn'is

1106 2809 1225 2845 etqualis
1239 2811 1318 2844 fuerit
1333 2809 1374 2837 llic
1389 2809 1589 2839 Aetiumaudiri
1600 2809 1733 2844 quondam
1744 2809 1927 2840 narrantem

1107 2846 1283 2872 Athanasium
1294 2847 1443 2880 episcopum
1457 2845 1581 2875 Galaula,
1601 2845 1683 2872 uirum
1701 2845 1745 2872 cui
1759 2845 1836 2873 nihil
1856 2856 1929 2876 κη-

1107 2888 1185 2915 quant
1196 2877 1367 2916 veritate/itit
1380 2877 1525 2916 antiquius.
