1978 3075
97 157 150 185 553

601 156 880 185 ECCLESlASTICAE
903 155 1076 185 HISTORIA:
1099 156 1162 185 LIB.
1185 157 1227 184 Vl.

1668 158 1729 185 δη.

95 213 155 239 σιειν
169 211 200 238 οὗ
220 213 345 248 προσίετο
355 221 362 228 ·
377 213 433 240 [σον
449 214 488 245 είς
507 213 680 250 βλασφημίαν
703 215 790 249 λέγων
807 213 886 247 εῖναι,

949 215 1033 242 tabuit
1050 214 1240 248 concionibus,
1255 220 1394 248 nunquam
1410 213 1597 248 deprehensus
1611 218 1653 241 est
1667 214 1725 241 dis-

93 259 184 293 ὄμοιον
196 259 255 286 κατ’
268 258 362 285 οὐσίαν
374 259 462 294 λέγειν
476 260 516 295 τῷ
529 261 616 296 Πατρὶ
635 261 680 287 τὸν
696 261 770 293 Υἱδν,
783 262 830 289 καὶ
846 262 884 297 μὴ

93 304 250 335 ὁμοιότατον
274 306 382 340 φρονεῖν
405 305 476 332 κατὰ
501 305 564 337 τοὺς
588 308 727 341 μονογενεῐ
742 307 801 342 Θεῷ
818 308 885 343 πρὸς

93 348 138 374 τὴν
153 347 265 380 ἀπαθῶς
292 350 473 385 γεγεννηκότα
489 350 599 386 Πατέρα
622 352 809 388 προσήκοντας
828 353 884 388 (55)

95 392 198 427 λόγους.
215 393 251 419 Οὐ
267 393 346 429 μόνον
359 393 387 419 δὲ
403 394 447 420 τὸν
460 393 560 429 κλῆρον
581 394 652 421 οὕτω
669 395 803 430 διέθηκεν,
818 395 887 422 ἀλλὰ

95 438 143 465 καὶ
162 438 302 474 πάνδημον
318 439 381 473 ὅλην
398 439 570 474 Ἐκκλησίαν,
590 439 623 466 τὰ
643 440 712 467 αὐτὰ
725 441 884 476 διαλεχθεὶς.

96 485 136 516 εὶς
150 484 222 519 μέγα
237 485 284 511 καὶ
301 484 387 518 γλυκὺ
407 484 499 520 Θαῦμα
515 485 562 512 καὶ
576 486 671 520 σοφίας
687 487 736 513 καὶ
746 487 886 519 εὐσεὸείας

96 529 248 556 εἱλκύσατο.
267 529 311 563 Ἐξ
332 526 362 556 οὗ
380 530 426 557 καὶ
446 530 492 556 τὸν
514 531 637 564 Εὑδόξιον
662 532 885 568 ὑπεραγασθὲντα

96 574 261 610 ἀναϐοῆσαι,
281 575 313 601 Ἦ
339 575 392 611 ἐμὴ
419 576 550 610 ἀπολογία
575 578 630 608 τοῖς
655 577 705 612 ἐμὲ
727 577 887 612 ἀνακρίνου-

97 629 140 647 σιν
148 620 203 655 (56)
217 620 285 656 αὕτη
300 621 388 648 ἐστίν·
408 622 454 648 καὶ
479 621 574 657 κρότον
593 623 703 658 ἀγεῖραι
721 622 761 658 τῷ
778 623 885 659 πλήθει,

96 666 133 698 ὡς
147 665 177 693 εὖ
193 667 240 693 καὶ
259 667 328 694 κατὰ
341 667 433 703 καιρὸν
446 668 495 703 τὴν
519 667 593 703 ἱερὰν
609 668 763 700 ἀνειπόντος
778 669 886 705 χρῆσιν.

939 261 1054 289 similem
1072 261 1144 288 Patri
1159 260 1258 287 Filium
1283 267 1423 290 asserere,
1442 259 1497 286 imo
1518 266 1584 286 vero
1605 258 1724 286 similem

939 307 1088 334 secundum
1101 306 1268 341 Scripturas,
1282 306 1431 340 praedicare
1443 313 1472 334 se
1486 305 1572 332 libere
1584 304 1725 339 professus

939 357 990 379 est.
1008 352 1129 380 Similem
1148 353 1256 388 quidem
1274 353 1423 380 secundum
1441 352 1621 379 substantiam
1636 350 1726 377 neuti-

940 407 1021 433 quam
1039 399 1197 426 admittebat
1216 408 1222 425 :
1239 398 1360 432 ejusdem
1377 399 1525 433 impietatis
1540 404 1601 424 esse
1618 397 1724 427 dicens,

940 445 1055 471 similem
1069 443 1217 471 secundum
1230 444 1410 471 substantiam
1425 445 1516 472 dicere
1530 443 1629 470 Filium
1641 441 1731 473 Patri,

939 494 1031 517 etnon
1051 489 1220 517 simillimum
1243 490 1364 524 proﬁteri
1380 491 1457 523 juxta
1486 489 1606 516 rationes
1630 487 1726 521 unige-

939 535 998 562 uito
1017 535 1087 562 Filio
1110 535 1304 562 convenientes
1326 535 1359 562 ad
1382 535 1488 562 Patrem
1508 535 1554 569 qui
1580 534 1639 561 sine
1663 539 1727 566 pas-.

939 581 1016 608 sione
1030 581 1133 616 genuit.
1150 581 1244 616 Neque
1258 589 1322 608 varo
1340 581 1443 609 clerum
1463 581 1595 608 duntaxat
1610 579 1645 606 ita
1661 578 1732 605 οπο-μ

940 627 992 659 cit,
1019 635 1113 654 verum
1134 627 1214 654 etiam
1242 627 1402 654 universum
1431 626 1559 654 Ecclesiae
1583 625 1724 660 populum.

941 680 1004 699 cum
1036 672 1093 699 haec
1113 672 1301 705 disseruisset,
1325 672 1427 707 ingenti
1457 671 1639 698 admiratione
1667 673 1732 695 tum.

98 714 256 749 sapientiae,
280 719 336 742 tum
354 715 462 750 pietatis
479 723 536 743 suae
561 716 686 750 perculit.
708 715 891 749 Quamobrem
915 718 1054 747 Eudoxins
1080 727 1163 754 supra
1189 720 1300 747 modum
1322 720 1432 755 gavisus
1462 718 1624 746 exclamavit
1648 725 1655 743 :
1675 715 1729 742 De-

98 759 187 787 fensio
200 769 259 788 mea
279 761 348 796 apud
365 768 413 788 eos
428 761 473 794 qui
496 769 538 788 me
565 762 749 796 interrogant,
781 763 839 790 hzec
854 769 911 798 est;
944 771 970 793 et
991 767 1106 801 populus
1129 766 1265 801 applausit
1292 765 1431 797 Eudoxio,
1455 766 1527 800 quod
1553 765 1621 792 bene
1644 766 1730 796 atque,

97 810 249 841 opportune
264 815 348 834 sacrze
360 806 506 842 Scriptura:
519 808 600 834 verba
615 809 829 842 pronuntiasset.

135 852 167 886 β’.
182 852 243 878 ’Ότι
265 852 279 878 ὁ
295 852 426 887 δυσσεϐὴς
444 849 521 884 οὗτος
536 852 668 888 Εὐνόμιον
689 854 734 879 τὸν
757 854 888 889 θεοστυγῆ
907 859 925 884 Β

97 897 158 924 κατ’
172 896 321 933 ἐπιτροπὴν
341 897 466 930 Εὺδοξίου
479 897 668 933 δημηγορῆσαι
682 899 720 934 τῷ
737 899 834 935 πλήθει
846 900 890 926 λέ-

97 951 152 977 γει,
175 943 223 978 τῆς
244 942 297 969 τῶν
321 943 489 977 Θεοφανείων
508 943 604 978 ἑορτῆς
625 944 813 980 ἐνισταμένης.
830 943 890 982 ἐνῇ

97 988 129 1015 τὸ
156 984 287 1020 δυσσεϐὲς
302 989 389 1016 αὐτῶν
411 989 458 1016 καὶ
482 989 560 1016 ἄθεον
581 989 696 1025 μάλιστα
718 992 890 1026 ἀπογυμνοῦ-

97 1041 154 1060 ται.
167 1033 217 1059 Τόν
226 1042 255 1059 τε
269 1033 322 1068 γὰρ
336 1034 434 1069 Ἰωσὴφ
450 1034 475 1059 οἱ
489 1033 646 1069 κατάρατοι,
661 1034 729 1069 μετά
742 1034 792 1068 τὴν
804 1035 891 1070 ἄφρα-

98 1087 162 1105 στον
171 1079 326 1114 κυοφορίαν,
342 1079 485 1105 συνάπτειν
496 1079 526 1105 οὐ
537 1079 686 1114 πεφρίκασι
698 1081 730 1115 τῇ
750 1080 889 1115 Παρθένῳ.

98 1124 148 1151 καὶ
169 1123 214 1150 τὸν
235 1124 299 1151 Υἱὸν
323 1124 511 1159 ἀναιδέστερον
533 1124 580 1151 τοῦ
608 1124 712 1160 Πατρός
732 1124 823 1151 δοῦλον
844 1126 891 1152 καὶ

98 1169 249 1206 ὑπηρέτην,
265 1170 312 1196 καὶ
329 1170 359 1205 δὴ
375 1170 421 1196 καὶ
442 1170 471 1196 τὸ
491 1169 604 1205 Πνεῦμα
620 1170 666 1196 τοῦ
683 1170 758 1202 Υίοῦ,
776 1171 891 1207 φοϐερὸν

98 1214 175 1240 οὐδὲν
199 1213 313 1249 ἡγοῦντο
336 1215 425 1248 λέγειν
441 1215 506 1250 (57).
533 1216 608 1241 Ἔστι
632 1215 659 1242 δὲ
687 1215 734 1242 καὶ
759 1216 849 1248 αὐτοῖς
875 1217 890 1251 ὴ

100 1260 200 1294 φράσις
212 1261 240 1286 ὲν
254 1261 357 1292 τούτοις
373 1261 562 1296 πανηγυρικῆς
582 1261 691 1297 χάριτος
706 1261 891 1298 ἀπηλλοτριω-

101 1306 181 1341 μένη.
198 1306 314 1342 ἀσαφείᾳ
327 1306 356 1334 δὲ
373 1308 420 1334 καὶ
433 1307 633 1343 περιττολογίᾳ,
653 1308 700 1334 καὶ
713 1308 845 1343 ῥημάτων
860 1309 891 1334 οὐ

100 1351 229 1386 καθαρῶν
244 1353 415 1388 παραχρήσει
430 1354 469 1384 εὶς
486 1353 516 1379 τὸ
531 1353 730 1387 ἀτερπέστατον
743 1353 790 1379 καὶ
807 1361 891 1379 κατα-

100 1397 232 1431 γέλαστον
253 1398 299 1423 καὶ
323 1398 524 1433 τεταραγμένον
547 1396 615 1430 εἶδος
640 1398 825 1434 ἀνοιδουμένη,
846 1399 892 1425 καὶ

100 1442 149 1469 τὸν
162 1443 212 1478 τῆς
229 1443 319 1479 ψυχῆς
341 1444 438 1479 γνόφον
460 1445 507 1471 καὶ
533 1444 612 1472 σάλον
632 1445 678 1473 καὶ
699 1445 729 1471 τὺ
750 1445 892 1476 θεοδλαϐὲς

101 1487 303 1524 ἑνδεικνυμένη.

100 1613 102 1615 _
139 1578 239 1612 γ’.¹¹οτι
248 1579 316 1613 μετὰ
323 1579 385 1610 τοὺς
397 1578 510 1610 πολλοὺς
520 1578 646 1610 ἐπαίνους
657 1579 799 1614 Εὐνομίου,
809 1579 838 1605 οὑ
852 1579 896 1613 μό-

99 1623 150 1652 νυν
165 1624 240 1651 οὐδὲν
258 1622 294 1652 ὧν
310 1624 441 1660 ὑπέσχετο
459 1625 580 1660 διενοήθη
601 1625 738 1661 περαίνειν
762 1625 894 1657 Εὑδόξιος,

103 1670 174 1697 ἀλλὰ
188 1671 310 1697 κάκεῖνον
319 1671 454 1706 ἐπεχείρει
465 1671 577 1703 πείθειν,
590 1672 683 1709 Γραφῇ
694 1673 742 1708 τήν
757 1680 786 1698 τε
799 1671 896 1698 καθαί-

106 1724 182 1752 ρεσιν
200 1716 312 1748 Ἀετίου,
325 1718 370 1743 καὶ
380 1717 428 1752 τὴν
441 1718 469 1744 ὲν
487 1718 624 1753 Ἀριμήνῳ
639 1715 744 1745 ἔκθεσιν
758 1718 898 1753 ὑποσημή-

105 1762 217 1795 νασθαι,
233 1763 272 1794 εὶς
288 1763 319 1789 τὸ
333 1764 381 1798 τῆς
395 1764 550 1798 οἰκονομίας
565 1764 712 1800 πρόσχημα
730 1764 785 1800 (38)
808 1764 843 1790 ri).
857 1764 901 1790 ἐκ·

977 852 1004 878 2.
1020 852 1144 879 Eunomii
1164 852 1195 878 de
1214 852 1284 879 Filio
1302 853 1384 886 impia
1398 853 1479 878 dicta.
1503 868 1537 873 —
1556 851 1600 878 Ait
1625 853 1725 888 impius

941 897 1151 932 Philostorgius,
1170 897 1224 924 Deo
1241 897 1358 924 invisum
1378 896 1542 923 Eunomium
1560 896 1630 924 festo
1639 899 1723 926 Theo-

942 945 1103 980 phaniarum
1139 943 1199 975 die,
1213 943 1292 977 jussu
1309 942 1435 973 Eudoxii,
1454 949 1609 969 sermonem
1627 943 1659 969 ad
1676 950 1726 977 po-

942 990 1034 1024 pulum
1062 989 1207 1021 habuisse,
1233 988 1260 1014 in
1285 995 1340 1022 quo
1369 988 1452 1022 impia
1477 995 1570 1014 eorum
1600 987 1725 1014 doctrinm

941 1034 1112 1069 apertissime
1119 1034 1224 1061 detecta
1236 1038 1287 1061 est.
1300 1032 1367 1060 Nam
1377 1037 1404 1060 ct
1413 1032 1562 1068 Josephum
1574 1033 1724 1061 detestandi

942 1081 990 1113 illi,
1008 1084 1070 1115 post
1090 1079 1253 1107 incli‘abilem
1270 1084 1377 1111 partum
1397 1079 1513 1106 coivisse
1536 1087 1596 1105 cum
1616 1078 1725 1114 Virgine

942 1127 1000 1154 ausi
1018 1131 1081 1153 sunt
1101 1126 1200 1158 dicere,
1218 1130 1244 1153 et
1260 1126 1346 1152 multo
1367 1125 1456 1152 adhuc
1471 1125 1663 1159 impudentius.
1681 1123 1725 1152 Fi-

942 1173 1006 1199 lium
1027 1171 1115 1199 Patris
1138 1179 1246 1198 servum
1271 1179 1303 1198 ae
1322 1171 1490 1200 ministrum.
1509 1170 1638 1205 Spiritum
1660 1171 1724 1197 item

942 1217 1014 1249 Filii,
1029 1217 1207 1252 pronuntiare
1225 1223 1278 1243 non
1296 1216 1466 1243 dubitarunt.
1480 1215 1566 1242 Porro
1581 1224 1666 1250 genus
1683 1217 1726 1242 di—

941 1265 1018 1292 cendi
1029 1271 1083 1298 quo
1100 1264 1136 1290 illi
1149 1268 1214 1290 tunc
1226 1262 1268 1289 usi
1287 1267 1360 1294 sunt,
1376 1270 1390 1288 a
1405 1263 1567 1297 panegyrica
1584 1267 1726 1289 venustate

943 1311 1060 1337 alienum
1077 1310 1137 1342 fuit,
1153 1314 1179 1336 et
1195 1309 1362 1336 obscuritale
1377 1317 1408 1334 ac
1425 1308 1612 1342 superﬂuitate
1630 1309 1727 1335 verbo-

943 1364 1014 1388 rum,
1028 1360 1056 1382 et
1069 1355 1264 1382 vocabulorum
1282 1354 1451 1387 impurorum
1467 1361 1517 1380 usu
1532 1355 1677 1385 tumidum.
1692 1353 1725 1382 ad

942 1401 1077 1435 ingratum
1100 1408 1133 1427 ac
1153 1399 1299 1426 ridiculum
1321 1404 1347 1426 et
1369 1398 1513 1426 confusum
1539 1400 1726 1427 characterem

942 1447 1097 1481 pertinens,
1121 1447 1220 1474 mentis
1245 1454 1338 1473 eorum
1365 1445 1507 1480 caliginem
1533 1452 1565 1471 ac
1582 1445 1726 1479 perturba-

944 1493 1052 1525 tionem,
1069 1492 1253 1527 inllictamque
1268 1491 1335 1526 ipsis
1349 1499 1364 1518 a
1387 1490 1440 1517 Deo
1455 1497 1562 1524 poenam
1582 1489 1727 1524 perspicue

907 1538 927 1565 C
944 1539 1096 1566 declaratis.

980 1582 1006 1609 5.
1025 1581 1162 1608 Eudoxius
1179 1585 1203 1607 et
1220 1580 1366 1606 Eunomius
1378 1579 1515 1606 dissident.
1530 1594 1565 1598 —
1588 1578 1731 1606 Eudoxius

946 1633 1005 1662 post
1020 1627 1120 1654 multas
1141 1627 1235 1654 laudes
1252 1626 1278 1652 in
1304 1625 1467 1652 Eunomium
1495 1629 1655 1659 congestas.
1674 1632 1743 1654 non”

948 1672 1028 1699 modo
1042 1672 1109 1698 nihil
1123 1680 1217 1699 eorum
1229 1679 1289 1706 quae
1304 1670 1475 1705 promiserat,
1491 1670 1618 1705 perlicere
1631 1670 1656 1696 in
1670 1670 1728 1696 ani-

948 1726 1021 1745 mum
1036 1717 1152 1749 induxit,
1169 1717 1223 1743 imo
1236 1724 1300 1744 vero
1316 1716 1479 1751 persuadere
1494 1715 1531 1742 illi
1545 1718 1660 1742 conatus
1675 1718 1727 1746 est,

950 1769 979 1791 ut
991 1763 1154 1798 depositioni
1168 1763 1250 1795 Aetii,
1265 1768 1292 1790 et
1302 1761 1483 1789 Ariminensis
1495 1761 1556 1788 lidei
1567 1760 1735 1795 expositioni,

721 1850 842 1872 VALESII
863 1849 1113 1872 ANNOTATIONES.

108 1914 276 1943 mediocrcm
292 1914 378 1941 lucem
395 1914 509 1940 allatura
523 1914 577 1941 sint
593 1913 656 1940 huic
669 1913 738 1940 loco.
758 1913 833 1939 Ilnnc
847 1913 892 1939 Fi-

109 1952 176 1978 lium
193 1949 244 1976 Dei
255 1953 279 1975 et
293 1949 455 1983 unigenitum
471 1947 552 1975 Deum
566 1949 744 1981 agnoscimus;
758 1948 842 1975 solum
857 1950 892 1973 si-

108 1985 200 2012 milem
213 1984 290 2011 Patri
303 1985 333 2010 ob
344 1984 504 2018 praecipuam
513 1983 711 2018 similitudinem
721 1988 745 2010 et
757 1984 891 2017 propriam

109 2029 143 2047 ac
157 2020 315 2054 peculiarem
328 2019 555 2054 signiﬁcationem,
569 2027 618 2044 non
631 2023 658 2044 ut
674 2017 783 2054 lintrem
797 2018 891 2054 Iintri;

109 2051 195 2095 neque
208 2056 277 2081 enim
289 2051 340 2080 duo
353 2051 419 2094 sunt
437 2053 621 2095 l’atregjﬁon
636 2059 664 2079 ut
682 2052 783 2093 Filium
800 2053 870 2094 Filio
883 2061 894 2079 :7

109 2087 206 2125 quippe
220 2097 279 2116 cum
299 2097 350 2115 non
364 2089 485 2125 sintrduo
500 2087 592 2125 ‘Filii;
611 2096 689 2125 neque
703 2089 892 2125 tttdingenitunt

111 2122 229 2159 ingenito
240 2133 249 2151 :
259 2132 326 2150 unus
337 2124 406 2159 enim
418 2123 549 2158 ingenitus
559 2127 607 2159 est,
619 2122 892 2159 Deussciltcetromui—

111 2157 216 2194 potens,
232 2163 256 2194 et
271 2167 338 2186 unus
356 2157 454 2194 Ij'ilius,
470 2158 618 2194 unigenitus
633 2157 730 2194 scilicet
742 2158 807 2194 {sed
818 2158 893 2194 simi—

114 2196 176 2226 lem,
189 2198 218 2220 ut
235 2193 334 2220 Filium
355 2193 442 2225 Patri,
461 2194 554 2227 quippe
569 2193 613 2227 qui
629 2193 716 2227 imago
731 2193 763 2218 sit
780 2198 803 2218 et
820 2193 894 2226 aigil-

945 1914 1055 1948 λέγειν.
1072 1913 1169 1940 Veram
1184 1913 1265 1947 hujus
1283 1913 1334 1939 loci
1353 1915 1568 1943 emendationem
1590 1914 1668 1940 nobis
1689 1915 1729 1941 in-

947 1947 1047 1976 dicavit
1062 1948 1147 1985 codex
1164 1948 1299 1985 nguelis
1310 1947 1450 1985 _[_loc_harti,
1468 1951 1494 1976 in
1509 1958 1563 1985 quo
1578 1950 1612 1976 ita
1630 1950 1730 1985 scribi.

946 1989 990 2010 tur
1005 1993 1012 2010 :
1024 1985 1078 2019 Kal.
1085 1984 1116 2010 τὸ
1128 1983 1240 2017 Πνεῦμα
1250 1983 1296 2009 τοῦ
1310 1983 1384 2013 Υἱοῦ.
1398 1983 1602 2019 φοϐερὸνόὐδὲν
1613 1984 1728 2019 ἡγοῦντο

945 2019 1046 2053 λέγειν.
1057 2018 1174 2052 Optime.
1188 2019 1209 2044 si
1224 2025 1315 2044 vocem
1327 2026 1406 2045 unam
1417 2018 1551 2046 addideris
1565 2021 1614 2046 hoc
1624 2018 1705 2045 modo
1719 2029 1725 2045 :

946 2054 1000 2081 Καὶ
1009 2054 1039 2080 τὸ
1051 2054 1161 2088 Πνεῦμα
1170 2054 1249 2089 ἔργον
1259 2052 1308 2089 cog
1316 2053 1391 2085 Υίοῦ,
1406 2053 1518 2089 φοϐερὸν
1530 2055 1604 2080 οὐδὲν
1617 2054 1731 2088 ἡγοῦντο

945 2089 1044 2122 λέγειν,
1065 2089 1091 2115 id
1108 2087 1149 2115 est
1160 2110 1166 2120 ,
1184 2087 1234 2114 Sed
1248 2093 1272 2114 et
1289 2087 1418 2121 Spiritum
1436 2087 1556 2115 sanctum
1581 2087 1646 2115 Filii
1662 2098 1727 2123 opus

946 2125 1032 2150 dicere
1054 2131 1217 2158 nequaquam
1239 2123 1453 2156 reformidarunt.
1477 2124 1556 2151 Certe
1573 2125 1621 2151 hoc
1641 2124 1725 2151 fuisse

946 2160 1042 2194 dogma
1058 2158 1182 2194 Euno_mii
1200 2158 1277 2194 docet
1292 2158 1411 2194 ejusdem
1427 2160 1560 2194 expositio
1577 2159 1632 2192 jam
1649 2167 1663 2185 τι
1680 2166 1725 2185 no-

948 2192 993 2220 bis‘
1011 2194 1101 2221 citata.
1128 2192 1180 2219 Sed
1204 2193 1269 2219 nihil
1297 2193 1448 2219 addendum
1463 2192 1522 2220 Vest.
1541 2193 1724 2227 Supplendnm

113 2231 170 2256 tum
191 2230 275 2256 omnis
289 2229 447 2263 operationis
463 2236 494 2254 ac
512 2228 617 2254 virtutis
638 2232 764 2260 paterna,
779 2228 894 2263 sigillum
912 2229 932 2255 ι)
947 2229 1078 2260 duntaxat
1101 2227 1154 2253 ἀπὸ
1177 2227 1267 2263 κοινοῦ
1293 2228 1453 2255 vocabulum
1481 2229 1554 2262 quod
1578 2229 1727 2262 praecessit,

113 2265 232 2291 omnium
246 2271 350 2297 operum
364 2272 395 2290 ac
407 2271 555 2289 sermonum
571 2267 594 2288 et
608 2262 778 2288 consiliorum
792 2262 893 2290 Patris.

152 2299 209 2332 (35)
228 2299 450 2332 Προσήκοντας.
470 2297 497 2324 In
521 2298 639 2324 editione
653 2297 803 2324 Genevensi
824 2305 838 2323 a
862 2297 895 2323 li-

115 2334 226 2365 brariis,
239 2339 268 2360 ut
280 2334 386 2367 opinor,
399 2333 498 2359 omissa
510 2337 569 2358 erat
580 2340 630 2358 vox
641 2332 745 2365 λόγους,
757 2340 835 2365 quam
848 2339 897 2358 nos

114 2377 149 2409 ex
169 2369 361 2403 manuscriptis
377 2368 577 2402 exemplaribus
603 2369 703 2394 nostris
726 2367 770 2394 hic
789 2367 898 2401 supple-

113 2412 217 2431 VImllS.

153 2439 209 2472 (56)
233 2438 296 2471 Τοῖς
320 2438 373 2472 ἐμὲ
397 2438 625 2472 ἀποκρίνουσιν.
656 2436 833 2464 Scribendum
856 2441 899 2472 est

115 2471 374 2514 ἀναψίνρρσινζιξι
386 2473 484 2514 legitur
498 2473 524 2499 in
539 2471 726 2514 in'anu'scripto
740 2471 899 2514 codicehsa-

116 2506 218 2536 utuelis
232 2508 371 2535 Bocharti.
386 2508 473 2534 Verba
486 2511 548 2535 sunt
563 2507 638 2534 Pauli
654 2507 770 2540 apostoli
787 2515 818 2534 ex
834 2506 898 2541 Epi-

117 2544 188 2571 stola
202 2544 288 2578 prima
304 2543 337 2569 ad
351 2543 509 2570 Corinthios
522 2550 581 2576 cap.
596 2550 638 2578 Ix,
650 2541 750 2576 quibus
762 2550 828 2569 usus
841 2545 900 2569 erat

118 2577 260 2605 Eudoxius
271 2578 587 2612 Constantinopolitanus
598 2577 751 2611 episcopus,
762 2585 824 2604 eum
839 2584 900 2610 apo-

118 2613 218 2647 logiam
242 2612 367 2639 Eunomii
385 2613 412 2640 in
431 2613 546 2639 ecclesia
565 2611 706 2638 audiisset.
721 2612 782 2643 Quo
796 2612 898 2642 audito,

117 2646 265 2675 universus
280 2648 396 2682 populus
413 2648 459 2682 qui
479 2647 589 2678 aderat,
611 2646 744 2680 plaudens
765 2647 900 2682 acolama-

119 2683 170 2715 vit,
184 2683 252 2710 bene
265 2681 291 2709 ei
303 2681 445 2709 commode
458 2682 561 2709 dictum
578 2682 644 2708 illud
664 2682 786 2715 Apostoli
802 2682 836 2708 ab
850 2681 901 2707 Eu-

75 2745 81 2749 ,
119 2718 202 2744 doxio
220 2718 356 2752 prolatum
378 2725 437 2744 esse
463 2717 630 2752 signiﬁcans.
653 2715 698 2743 Sic
722 2717 793 2752 enim
818 2716 900 2752 inter-

119 2753 251 2786 pretanda
280 2757 344 2779 sunt
371 2752 451 2779 verba
479 2751 524 2778 illa
546 2751 728 2784 Philostorgii.
753 2751 801 2786 τὴν
828 2751 901 2785 ἱερὰν

120 2785 278 2818 ἀνειπόντος
301 2787 410 2821 χρῆσιν,
430 2787 657 2821 quemadmodum
684 2785 784 2813 Lucas
798 2786 901 2812 llolstc-

121 2822 185 2850 nins
197 2822 229 2848 ad
247 2820 373 2848 latussui
390 2823 490 2849 codicis
507 2820 656 2848 adnotavit.
745 2823 747 2825 ‘

157 2856 216 2892 (57)
228 2856 284 2884 Kal
298 2855 332 2882 τὸ
347 2856 465 2891 Πνεῦμα
479 2857 531 2883 τοῦ
548 2854 617 2883 Υἰοῦ
632 2855 756 2890 φοϐερὸν
774 2856 902 2890 ἡγοῦντο

948 2263 1086 2298 ὑπηρέτην
1098 2263 1145 2289 καὶ
1156 2262 1258 2298 δοῦλον.

983 2297 1038 2333 (38)
1059 2299 1113 2333 Εἰς
1131 2297 1164 2333 τό
1186 2297 1242 2333 τῆς
1265 2297 1437 2331 οἰκονομίας
1462 2299 1631 2332 πρόσχημα.
1655 2297 1732 2325 Hune

948 2334 1037 2360 locum
1054 2332 1235 2367 Gothofredus
1249 2340 1303 2358 non
1317 2332 1454 2359 intellexit.
1471 2334 1556 2367 Cujus
1570 2333 1732 2366 interpretaq

948 2369 1049 2396 tionem
1063 2367 1149 2393 Lucas
1165 2366 1320 2394 l'lolstenius
1336 2368 1362 2393 iu
1378 2368 1499 2401 margine
1512 2366 1556 2394 sui
1573 2367 1676 2394 codicis
1693 2369 1733 2394 ita-

948 2403 1111 2429 cmendavit.
1134 2402 1312 2428 Cmmivmti/e
1332 2403 1410 2428 titulo
1427 2402 1558 2437 nefarium
1574 2404 1696 2437 ipsorum,
1705 2407 1731 2428 et

948 2437 1155 2465 inuoluntarium
1171 2437 1270 2471 factum
1284 2437 1404 2471 obtegens
1419 2438 1458 2464 vel
1477 2438 1658 2463 cohonestans.
1677 2436 1731 2464 νο·

950 2481 1010 2499 rum
1035 2472 1105 2498 hanc
1127 2471 1375 2506 interpretationem
1400 2473 1514 2506 probare
1534 2480 1587 2498 non
1604 2479 1729 2506 possum.

949 2507 1016 2534 Nam
1032 2506 1203 2534 conniventia
1222 2507 1289 2533 vitio
1305 2508 1372 2533 verti
1391 2507 1476 2538 solet;
1495 2508 1594 2541 quippe
1611 2515 1672 2540 quae
1687 2514 1731 2532 ar-

950 2547 1106 2578 gumentum
1127 2542 1163 2578 sit
1183 2542 1361 2578 negligentiae.
1385 2542 1485 2578 Contra
1508 2550 1571 2578 vero
1589 2541 1738 2578 οἰκονομία

951 2576 1057 2611 semper
1079 2577 1105 2603 in
1129 2577 1207 2603 laude
1222 2577 1341 2610 ponitur,
1358 2581 1385 2604 et
1404 2577 1512 2610 quidem
1535 2576 1595 2610 jure
1619 2577 1731 2611 merito,

951 2610 1018 2639 cum,
1031 2612 1066 2639 sit
1086 2611 1230 2645 conjuncta
1252 2612 1410 2645 prudentiae.
1437 2611 1618 2644 Quamobrem
1639 2610 1731 2637 Philo;

951 2647 1070 2681 storgius
1085 2647 1122 2673 ait.
1138 2648 1187 2673 hoc
1205 2647 1280 2677 locol
1297 2645 1464 2681 Eudoxium,
1480 2647 1526 2681 qui
1551 2654 1604 2672 non
1624 2647 1732 2673 sincere

952 2680 1040 2716 neque
1053 2689 1085 2709 ex
1098 2682 1199 2713 animo,
1217 2681 1262 2708 Sed
1275 2689 1321 2715 per
1333 2680 1453 2708 fraudem
1468 2680 1500 2709 ac
1516 2681 1730 2710 simulationem,

952 2716 1130 2743 Ariminensis
1148 2716 1207 2742 ﬁdei
1230 2716 1352 2742 formulae.
1376 2721 1403 2742 et
1424 2716 1492 2743 Aetii
1510 2716 1731 2743 condemnationi

952 2752 1158 2786 subscripserat,
1182 2751 1208 2777 id
1231 2751 1332 2786 factum
1361 2751 1516 2785 οἰκονομίας
1534 2751 1623 2785 specie
1637 2755 1732 2784 praetc—

955 2785 1152 2818 xuissmrQuod
1169 2786 1275 2820 quidem
1299 2785 1497 2819 Philostorgius
1516 2794 1597 2819 supra
1623 2792 1734 2819 quoque

955 2822 1057 2848 notavit
1072 2823 1098 2847 iu
1115 2821 1181 2847 lihro
1197 2829 1232 2850 Iv,
1257 2821 1307 2847 sub
1321 2821 1410 2849 linem.
1428 2821 1471 2847 ubi
1490 2822 1522 2846 dc
1540 2821 1607 2847 Aetii
1627 2821 1734 2854 deposi-

957 2857 1027 2884 tione
1044 2857 1175 2893 loquitur:
1189 2856 1224 2882 Οὐ
1240 2856 1292 2883 τῶν
1308 2855 1516 2892 ὁρθοδοξούντων
1532 2856 1619 2893 μόνων
1630 2855 1728 2889 ὑποση-
