1978 3075
153 159 204 188 5H

669 151 948 181 ECCLESIASTICAEZ
969 149 1141 178 HISTORIA?
1161 148 1227 176 LIB.
1245 147 1299 175 VII.

1734 143 1788 171 512

154 213 247 246 ξόανον
268 211 336 247 αὐτῇ
359 209 590 246 καθιδρυσάντων,
613 211 653 241 εἰς
670 203 720 245 τὴν
738 210 788 244 τῆς
813 208 948 240 Πανεάδος

1007 214 1064 242 :eps
1080 206 1132 234 fuit
1144 206 1227 234 unius
1241 205 1344 237 tribus,
1363 210 1425 238 qua
1439 203 1466 230 in
1483 202 1526 229 bis
1543 201 1609 228 lucis
1623 206 1687 228 tunc
1708 202 1786 228 sedes

155 257 315 292 ἐπωνυμίαν
330 255 486 291 μετέϐαλεν.

1002 253 1135 282 habebat,
1150 252 1175 278 id
1194 253 1405 286 cognomentum
1426 247 1548 275 trahens.
1567 246 1674 274 Secutis
1696 252 1786 273 autem

155 305 325 340 temporibus
337 303 461 332 Caesarea
476 303 592 339 Philippi
609 303 801 339 cognominata
819 307 872 331 est.
889 303 941 330 Sed
960 309 1022 329 cum
1035 301 1150 337 gentiles
1168 301 1250 328 Panis
1269 299 1448 328 simulacrum
1476 297 1503 324 in
1532 304 1564 324 ea
1592 296 1785 326 collocassent,

157 353 185 380 in
199 352 330 379 l'aneadis
344 351 508 379 vocabulum
524 352 642 379 transiit.

190 399 224 425 δ’.
239 398 302 424 Ὅτι
318 397 373 424 τῶν
395 397 575 433 Ἑλληνιστῶν
588 397 622 424 τὰ
636 397 800 424 ἀτοπώτατα
815 397 886 424 κατὰ
896 397 950 424 τῶν

159 444 332 480 Χριστιανῶν
348 443 486 479 πανταχοῦ
502 443 722 479 παλαμωμένων,
742 443 880 470 καὶτοῦτο
893 445 950 474 τοῖς

161 489 274 517 ἀσεϐέσι
301 488 373 516 κατὰ
400 489 581 524 Παλαιστίνην
605 488 883 524 δεδραματούργηται.
910 488 950 514 Τὰ

161 534 209 560 τοῦ
229 534 368 569 προφήτου
392 533 542 559 Ἐλισσαίου
564 533 632 559 ὀστᾶ
656 534 703 559 καὶ
727 531 774 560 τοῦ
797 532 949 559 Βαπτιστοῠ

167 579 291 606 Ἰωάννου
304 579 342 614 (α)
370 579 446 614 (ἐκεῖ
471 579 525 615 γὰρ
540 579 624 614 ἄμφω
645 579 794 615 ἐτέθαπτο)
818 579 873 605 τῶν
900 579 950 615 Θη-

163 624 218 651 κῶν
235 625 387 660 ἐξελόμενοι
398 644 404 656 ,
428 625 475 651 καὶ
492 625 568 657 ζώων
585 626 674 657 ὀστοῖς
695 625 799 659 ἀλόγων
812 631 950 659 συγκατα-

161 670 288 705 μίξαντες
298 691 305 699 ,
321 670 388 706 ὁμοῦ
405 671 472 706 πρὸς
489 671 562 697 κόνιν
576 671 748 698 κατέκαυσαν
761 691 768 703 ,
784 671 831 698 καὶ
849 672 889 703 είς
903 671 949 697 τὸν

159 715 229 751 ἀέρα
242 715 439 751 διεσπείραντο.
450 717 505 742 Καὶ
517 717 580 747 τοὺς
590 716 829 751 Χριστιανίζοντας
845 716 873 743 δὲ
888 716 950 743 συλ-

160 761 361 796 λαμϐάνοντες,
378 761 451 787 ἐστιν
478 762 522 788 ὅτε
538 763 595 793 τοῖς
621 762 722 797 βωμοῖς
749 763 948 797 ἀναπτομένοις

160 807 198 838 ὡς
214 808 299 840 ἱερεῖα
316 806 475 833 ἐπετίθεσαν
487 816 493 822 ·
512 808 559 834 καὶ
575 808 615 839 εἰς
638 807 737 843 πολλὴν
760 807 843 843 ἄλλην
862 809 948 844 ἀρρη-

161 852 287 886 τουργίαν
302 851 549 888 ἐξεϐακχεύθησαν.
564 853 654 888 "Amp
675 853 819 885 Ἰουλιανὸς
834 854 946 880 ἐπιστά-

162 906 241 933 μενος
253 898 302 932 οὐχ
315 899 387 929 ὅπως
406 897 503 932 ἤχθετο
513 919 520 930 ,
537 898 606 925 ἀλλὰ
620 899 667 925 καὶ
681 899 864 934 διαφερόντως
877 899 950 934 ἔχαι-

163 952 219 978 ρεν,
244 943 288 970 καὶ
304 943 354 978 τῆς
373 943 422 978 μὲν
436 943 491 978 (52)
511 944 557 970 ἐπὶ
572 945 629 975 τοῖς
642 944 788 979 δρωμένοις
808 944 950 976 δυο-κλείοις

162 990 201 1020 εἰς
216 989 324 1024 ἑτέρους
338 989 466 1024 ἁνιούσης
477 1009 484 1020 ,
497 990 548 1024 τῆς
559 990 581 1016 δ’
595 990 675 1016 αὑτοῦ
692 989 804 1026 γνώμης
813 992 869 1021 τοῖς
880 990 951 1017 ὲκεί-

163 1043 214 1061 νων
228 1031 319 1069 ἐρῨοις
332 1035 543 1070 περαιουμένης.
561 1035 677 1062 Συνιδὼν
705 1036 732 1062 δὲ
746 1056 753 1067 ,
773 1036 815 1062 διὰ
840 1036 890 1071 τῆς
904 1045 950 1063 το-

163 1079 265 1114 σαύτης
294 1079 391 1114 μανίας
416 1080 492 1106 οὐδὲν
511 1077 549 1106 ὧν
578 1080 702 1107 ἐϐούλετο
731 1082 948 1116 περαινόμενον·

165 1124 265 1160 μᾶλλον
279 1125 333 1160 γὰρ
349 1125 380 1151 τὸ
390 1126 560 1160 Χριστιανῶν
575 1127 800 1163 πολιορκούμενον
813 1127 951 1163 ἐπερρών-

164 1179 226 1197 νυτο
238 1172 381 1207 φρόνημα·
404 1173 557 1207 μηχανᾶται
575 1173 636 1204 τοὺς
654 1174 684 1200 ἐν
705 1174 804 1205 αἰτίαις
823 1174 951 1209 ἐκϐεϐλη-

166 1215 262 1249 μένους
277 1217 333 1251 (55)
347 1217 401 1244 τῶν
420 1217 576 1244 ἐπισκόπων
588 1237 596 1249 ,
615 1219 662 1244 καὶ
685 1219 748 1250 τοὺς
767 1220 824 1246 ἀντ’
840 1220 950 1247 ἐκείνων

165 1261 276 1296 ἔχοντας
300 1263 363 1294 τοὺς
377 1264 506 1298 θρόνους,
530 1265 569 1295 εἰς
596 1265 713 1300 πόλεμον
734 1266 877 1301 συῤῥάξαι.
896 1267 951 1293 Καὶ

165 1307 196 1342 δὴ
212 1308 301 1344 πάσης
315 1309 438 1342 ἐξουσίας
455 1310 575 1346 ἑκατέρα
591 1311 672 1347 μοίρᾳ
692 1313 826 1346 μετεδίδου
838 1333 845 1345 ,
862 1314 949 1349 πράτ-

165 1362 221 1380 τειν
238 1355 287 1381 ὅσα
304 1356 351 1382 καὶ
367 1355 469 1382 δυνατὰ
486 1357 577 1388 αὐτοῖς
602 1357 643 1391 εἴη
666 1359 706 1389 εἰς
723 1357 771 1392 τὴν
786 1358 887 1384 οἰκείαν
906 1359 952 1385 σύ-

167 1400 260 1426 στασίν
276 1409 305 1426 τε
331 1401 379 1427 καὶ
399 1401 558 1435 ἀσφάλειαν.
581 1401 627 1434 Ἐξ
645 1400 683 1429 ὧν
710 1405 806 1430 ἐκεῖνοι
823 1405 890 1439 πρὸς
906 1405 951 1431 ἁλ-

166 1445 264 1480 λήλους
279 1446 494 1481 συῤῥηγνύμενοι
506 1446 542 1482 (b)
556 1467 563 1479 ,
583 1448 683 1482 πολλὴν
699 1449 890 1484 ἀσχημοσύνην
906 1450 952 1477 καὶ

168 1490 271 1525 μέμψιν
281 1511 288 1522 ,
304 1491 372 1525 ὅπερ
385 1489 419 1526 ἦν
433 1491 472 1526 τῷ
489 1492 630 1527 ἀποστάτῃ
648 1493 808 1528 σπούδασμα
823 1514 830 1525 ,
866 1503 951 1529 προσ-

1033 402 1060 429 4.
1075 402 1191 429 Gentiles
1215 402 1244 428 in
1265 405 1370 428 sanctos
1390 404 1508 427 mortuos
1531 399 1650 434 vivosque
1665 399 1786 426 suavium.

1002 447 1128 474 Julianus
1143 449 1274 482 episcopos
1291 447 1361 473 inter
1376 455 1403 473 se
1416 445 1567 472 committit.
1577 444 1688 472 —Cum
1703 445 1787 471 multa

999 494 1100 520 atrocia
1116 494 1228 528 gentiles
1242 493 1373 519 adversus
1387 491 1558 518 Christianos
1574 490 1674 525 ubique
1692 497 1787 524 perpe-

1000 543 1116 571 trarunt,
1134 543 1190 565 tum
1205 539 1277 565 istud
1292 537 1399 565 facinus
1414 537 1448 564 ab
1463 537 1559 564 iisdem
1581 536 1729 563 admissum
1746 540 1788 563 est

1001 585 1028 611 in
1046 585 1201 612 Palaestina.
1221 584 1309 611 Elis-.ei
1329 584 1464 618 propin-ue
1483 587 1509 609 et
1523 581 1636 608 Joannis
1660 581 1787 614 Baptistae

1001 639 1085 664 ossa,
1114 639 1129 657 e
1147 631 1244 658 loculis
1264 630 1321 657 suis
1338 634 1475 657 extracta:
1497 629 1553 655 illic
1576 628 1647 655 enim
1674 632 1787 661 uterque

1000 684 1094 703 eorum
1113 677 1235 710 sepultus
1263 675 1366 702 fuerat:
1384 675 1524 701 brutorum
1542 673 1699 700 animalium
1715 672 1787 699 ossi-

1000 721 1052 748 bus
1066 721 1260 755 permiscentes
1271 740 1278 752 ,
1305 720 1360 754 igni
1377 719 1563 746 tradiderunt.
1578 724 1605 745 ct
1625 718 1651 744 in
1667 717 1786 744 cinerem

1000 768 1108 794 redacta
1125 771 1284 801 sparserunt
1307 766 1334 792 in
1353 771 1473 792 ventum.
1498 764 1640 790 Nonnullis
1654 763 1735 790 etiam
1758 762 1786 789 in

1000 813 1068 840 loeis
1091 812 1261 839 Christianos
1277 820 1338 839 cum
1356 810 1642 846 compreliendissent,
1667 809 1722 836 aris
1743 808 1786 835 in-

1000 860 1089 887 censis
1105 864 1233 892 tanquam
1257 858 1379 885 victimas
1401 857 1603 891 imposuerunt;
1620 855 1704 881 multa
1718 861 1787 888 quo-

1002 913 1055 940 que
1072 905 1123 930 alia
1141 904 1214 931 dictu
1232 903 1366 931 liOrreuda
1378 923 1385 933 .
1402 903 1476 929 velut
1492 900 1584 928 furore
1599 899 1694 934 perciti
1708 906 1785 926 com-

1002 950 1144 976 miserunt.
1170 948 1236 981 Quae
1258 955 1320 974 cum
1343 946 1469 973 Julianus
1492 946 1576 980 probe
1603 948 1715 974 nosset,
1732 950 1786 970 non

1001 995 1082 1022 modo
1099 995 1253 1027 indignatus
1283 1001 1336 1020 non
1365 997 1431 1024 est,
1459 999 1552 1018 verum
1579 989 1661 1016 etiam
1689 989 1787 1024 gaudio

1000 1040 1157 1071 exsultavit,
1167 1047 1228 1066 cum
1245 1038 1355 1065 infamia
1370 1038 1478 1072 quidem
1491 1036 1623 1063 atrocium
1636 1035 1787 1062 facinorum

1001 1094 1085 1120 penes
1098 1085 1166 1112 alios
1183 1089 1271 1117 esset;
1285 1084 1370 1118 ipsius
1382 1087 1473 1110 autem
1498 1082 1625 1108 voluntas
1645 1080 1725 1107 factis
1738 1086 1788 1106 eo-

1001 1138 1059 1158 rum
1073 1130 1276 1165 adimpleretur.
1294 1128 1346 1156 Sed
1362 1136 1424 1155 cum
1435 1126 1674 1157 animadverteret,
1693 1123 1787 1157 hujus-

1001 1176 1073 1203 modi
1088 1175 1231 1203 atrocitate
1247 1174 1313 1201 nihil
1338 1181 1433 1201 eorum
1449 1180 1510 1208 qua
1523 1171 1665 1205 cupiebat,
1680 1170 1713 1197 ad
1729 1169 1788 1196 exi-

1001 1226 1058 1249 tum
1076 1221 1203 1256 perduci:
1217 1221 1317 1256 quippe
1336 1220 1555 1247 Christianorum
1568 1225 1639 1252 quos
1652 1222 1790 1251 oppugna-

1001 1267 1069 1300 bat,
1088 1267 1196 1294 animus
1225 1266 1311 1301 magis
1338 1274 1370 1293 ac
1396 1265 1481 1300 magis
1510 1262 1740 1292 confirmabatur,
1760 1260 1786 1287 id

1002 1316 1172 1340 commentus
1185 1315 1226 1339 est
1238 1331 1245 1344 ,
1264 1315 1293 1337 ut
1307 1311 1450 1345 episcopos
1471 1310 1517 1344 qui
1533 1309 1568 1336 ob
1586 1308 1675 1336 varias
1689 1313 1791 1333 causas

1001 1358 1108 1392 expulsi
1123 1357 1251 1388 fuerant,
1265 1363 1366 1391 eosque
1379 1356 1426 1390 qui
1443 1355 1468 1382 in
1492 1355 1600 1381 illorum
1620 1354 1710 1380 locum
1725 1351 1790 1379 sub-

1002 1404 1088 1432 stituti
1112 1407 1210 1434 erant,
1231 1402 1301 1429 inter
1322 1409 1351 1429 se
1374 1401 1565 1428 committeret.
1580 1398 1693 1432 Utrique
1709 1397 1790 1432 igitur

1001 1449 1072 1484 parti
1098 1448 1236 1475 licentiam
1250 1446 1324 1474 dedit
1345 1445 1460 1473 faciendi
1483 1452 1652 1480 quacunque
1679 1446 1792 1478 possent

1003 1495 1035 1521 ad
1057 1494 1254 1521 restitutionem
1275 1500 1352 1519 suam
1377 1499 1409 1519 ac
1431 1491 1626 1518 defensionem.
1651 1489 1737 1522 Quam
1756 1487 1791 1514 ob

167 1534 305 1570 ετρίὸοντο
323 1537 356 1571 τῇ
368 1536 503 1571 εὐσεϐείᾳ.
519 1537 575 1563 Καὶ
588 1536 655 1563 ἄλλα
667 1537 695 1563 δὲ
711 1537 762 1572 τῆς
775 1537 858 1573 αὐτῆς
869 1547 951 1565 κακο-

1007 1548 1116 1566 causam
1145 1539 1182 1566 illi
1206 1539 1276 1565 inter
1293 1545 1322 1565 se
1341 1537 1428 1565 collisi
1442 1557 1449 1569 ,
1464 1537 1560 1570 ingens
1576 1535 1692 1563 dedecus
1709 1538 1790 1568 atque

168 1580 275 1615 τεχνίας
300 1581 435 1615 συνεπῆγε
451 1589 457 1595 ·
477 1581 541 1613 τούς
565 1590 595 1608 τε
620 1582 673 1618 γὰρ
692 1583 721 1609 ὲν
745 1582 838 1618 κλήρῳ
860 1592 952 1610 κατει-

169 1625 316 1661 λεγμένους
331 1628 370 1658 εἰς
379 1628 428 1662 τὴν
442 1627 496 1653 τῶν
512 1627 661 1663 βουλευτῶν
673 1628 821 1664 ἀνέστρεφε
837 1628 953 1665 λειτουρ-

169 1671 242 1705 γίαν,
251 1672 296 1698 καὶ
307 1672 361 1699 τῶν
376 1672 542 1707 Ἐκκλησιῶν
556 1672 591 1699 τὰ
605 1673 747 1709 σιτηρέσια
760 1675 816 1706 τοῖς
824 1674 877 1700 τῶν
895 1674 953 1700 δαι-

172 1717 270 1751 μονίων
283 1717 462 1753 θεραπευταῖς
484 1719 619 1754 μετεδίδου
629 1739 637 1751 ,
656 1720 702 1746 καὶ
718 1719 806 1746 πάντα
824 1721 953 1756 πράττειν

171 1765 219 1791 οὒκ
234 1765 365 1792 ἐνεδίδου·
384 1766 414 1798 ἐξ
438 1763 475 1792 ὧν
489 1767 522 1793 τὰ
543 1767 591 1802 μὲν
609 1768 721 1803 ἀκμάσῃ
736 1767 770 1793 τὰ
786 1767 838 1794 τῶν
857 1768 953 1801 δαιμό-

171 1819 233 1843 νων,
243 1811 276 1838 τὰ
288 1811 315 1837 δὲ
326 1811 375 1846 τῆς
390 1812 544 1845 εὐσεϐείας,
558 1812 594 1844 ὡς
604 1812 736 1847 ἐνόμιζεν,
750 1814 789 1845 εἰς
802 1813 952 1848 ἀφανισμὸν

173 1857 341 1894 σδίελιιοείη.

207 1989 238 2016 ε’.
252 1989 330 2020 Ὅτι,
347 1990 413 2024 φησὶ
423 2010 429 2021 ,
445 1990 497 2016 τῶν
513 1991 682 2024 πραγμάτων
698 1990 770 2017 οὕτω
785 1991 954 2026 φερομένων,

174 2037 213 2066 εἰς
229 2036 338 2071 μνήμην
362 2035 486 2067 Εὐδὸξιος
512 2036 630 2062 ἀνελθὼν
646 2036 699 2062 τῶν
725 2037 814 2071 ὅρκων
841 2037 956 2063 καὶτῶν

175 2081 345 2116 ὑποσχέσεων
359 2081 392 2113 ἃς
407 2082 477 2117 ὑπὲρ
498 2082 600 2108 ’Λετίου
620 2083 687 2118 πρὸς
709 2083 841 2118 Εὐνόμιον
866 2083 958 2109 ἀνεδὲ-

176 2126 256 2158 ξατο,
279 2126 385 2153 σύνοδον
411 2127 561 2154 ἐπιστέλλει
589 2128 626 2163 τῷ
656 2127 817 2163 Ἀντιοχείας
845 2129 957 2164 Εὐζωῖῳ

1003 1584 1190 1619 opprobrium,
1204 1582 1433 1617 quemadmodum
1450 1585 1579 1615 apostata:
1594 1581 1620 1606 in
1635 1579 1705 1606 votis
1721 1583 1788 1611 erat,

1003 1628 1126 1663 religioni
1146 1634 1245 1655 nostra:
1261 1626 1422 1653 intulerunt.
1440 1626 1500 1653 Alia
1525 1632 1633 1659 quoque
1658 1624 1701 1651 his
1716 1624 1790 1657 adje-

1004 1675 1041 1701 cit
1058 1682 1110 1700 non
1125 1673 1266 1700 dissimilis
1282 1672 1482 1707 malignitatis;
1504 1678 1552 1698 eos
1568 1671 1639 1698 enim
1655 1669 1701 1704 qui
1717 1670 1790 1696 clcru

1004 1719 1115 1753 ascripti
1139 1724 1233 1751 erant,
1251 1719 1285 1745 ad
1309 1719 1434 1753 publicas
1449 1717 1623 1745 decurionum
1640 1716 1791 1743 functiones

1006 1767 1128 1797 retraxit,
1146 1769 1172 1792 et
1195 1765 1381 1793 Eeclesiarum
1397 1772 1521 1791 annonas
1537 1762 1669 1790 ministris
1692 1762 1792 1789 daemo-

1006 1821 1070 1840 num
1085 1812 1205 1840 tradidit.
1223 1811 1344 1846 Denique
1358 1811 1450 1839 omnia
1479 1810 1569 1837 facere
1586 1815 1618 1836 ac
1632 1807 1721 1834 moliri
1739 1815 1791 1834 non

1006 1858 1125 1890 destitit,
1142 1862 1171 1885 ut
1194 1858 1350 1885 daemonum
1365 1857 1475 1892 quidem
1495 1855 1650 1890 superstitio
1667 1854 1788 1885 floreret;

1007 1909 1097 1930 nostra
1114 1909 1202 1930 autem
1222 1902 1316 1937 religio
1334 1921 1342 1934 ,
1359 1902 1437 1929 sicuti
1455 1901 1597 1936 sperabat,
1624 1899 1732 1934 penitus
1747 1907 1791 1925 cx-

1005 1949 1196 1982 stingueretur.

1041 1993 1066 2021 5.
1084 1993 1200 2021 Eudoxii
1220 1999 1244 2021 et
1260 1993 1355 2020 Ειιιοίἰ
1367 1994 1398 2020 de
1420 1993 1495 2020 Aetio
1518 1992 1589 2018 rixa.
1609 2006 1643 2010 —
1659 1989 1726 2016 Dum
1750 1996 1792 2015 res

1008 2040 1098 2068 hocin
1117 2045 1188 2068 statu
1206 2045 1298 2068 essent
1309 2060 1316 2072 ,
1333 2039 1471 2066 Eudoxius
1487 2038 1513 2064 in
1541 2035 1699 2063 memoriam
1716 2041 1792 2060 revo-

1008 2093 1073 2112 cans
1088 2085 1280 2120 jusjurandum
1297 2089 1324 2111 et
1347 2084 1510 2118 sponsiones
1524 2081 1623 2116 quibus
1642 2087 1702 2107 sese
1723 2078 1792 2112 apud

1010 2129 1171 2156 Eunominm
1190 2130 1373 2156 obstrinxerat
1396 2128 1422 2154 in
1447 2127 1561 2161 gratiam
1581 2124 1668 2155 Aetii,
1692 2123 1794 2149 litteras

176 2171 366 2207 συναθροῖσαι,
382 2172 415 2199 δι’
433 2170 467 2208 ἧς
490 2173 542 2200 ἔδει
561 2173 607 2199 τὸν
631 2173 732 2200 Ἀέτιον
746 2174 796 2209 τῆς
810 2174 953 2201 καταδικα-

1010 2175 1117 2210 scripsit
1130 2175 1163 2202 ad
1173 2175 1304 2203 Euzoium
1314 2174 1524 2201 Antioclicnsem
1536 2171 1705 2206 episcopum,
1718 2175 1795 2195 mai.-

782 2259 904 2282 VALESII
922 2260 1171 2283 ANNOTATIONES.

213 2323 268 2359 (52)
284 2324 404 2359 Ἕχαιρε
413 2323 464 2350 καὶ
476 2323 531 2357 τῆς
542 2323 609 2357 μέν.
630 2322 707 2356 Quod
723 2323 750 2350 in
768 2323 957 2359 Annotationi-

178 2358 230 2386 bus
252 2359 285 2385 ad
309 2358 452 2393 Evagrium
478 2359 635 2390 obsert'avi,
661 2359 687 2384 in
717 2358 851 2385 veteribus
881 2359 958 2385 libris

178 2400 248 2420 sane
274 2393 318 2420 καί
335 2394 453 2420 positum
478 2401 538 2420 esse
561 2401 608 2420 oro
627 2393 683 2420 ὡς.
709 2393 779 2420 idem
801 2400 910 2420 auouue
930 2393 956 2419 in

177 2400 248 2427 saepe
274 2399 318 2420 και
335 2399 453 2427 positum
478 2401 538 2420 esse
561 2401 608 2428 pro
627 2399 683 2425 ως,
709 2399 779 2420 mem
801 2400 910 2427 quoque
930 2401 956 2419 Ill

178 2427 350 2463 Philoslorgii
365 2428 441 2455 libris
463 2433 581 2455 erratum
598 2428 772 2462 deprehendi.
793 2427 864 2460 Lego
877 2428 958 2460 igitur

179 2464 231 2490 hoc
252 2464 312 2491 loco
338 2463 449 2498 ἔχαιρεν
471 2463 508 2495 ὼς
523 2463 573 2498 τῆς
597 2463 645 2498 μὲν
672 2463 718 2489 ἐπὶ
742 2463 797 2494 τοῖς
810 2463 958 2498 δρωμένοις

1010 2324 1161 2355 δυσκλείας,
1178 2328 1229 2350 etc.
1247 2323 1331 2350 Paulo
1347 2326 1408 2356 post
1423 2321 1594 2349 scribendum
1608 2326 1653 2356 est
1665 2321 1795 2356 Χριστια-

1011 2359 1062 2385 νὼν
1075 2359 1320 2394 πολιορκουμένων,
1338 2355 1409 2392 quod
1423 2358 1506 2383 miror
1522 2365 1537 2383 τι
1553 2355 1720 2383 Gothofrch
1733 2356 1794 2382 atti-

1012 2393 1183 2420 madversum
1202 2402 1254 2419 non
1274 2393 1368 2419 fuisse.

1047 2430 1102 2463 (55)
1118 2428 1190 2461 Τοὺς
1201 2428 1237 2454 ἐν
1248 2429 1355 2459 αἰτίαις
1364 2426 1608 2463 ἑκϐεϐλτυιένους.
1617 2424 1797 2452 Scribendum

1011 2464 1155 2498 estprocul
1170 2463 1253 2490 dubio
1266 2463 1309 2488 ἐπ’
1326 2462 1435 2493 αἰτίαις.

902 2526 1074 2549 VARIORUM.

179 2583 284 2612 Plinius
308 2582 356 2609 lib.
377 2589 403 2612 ν,
421 2588 481 2616 cap.
504 2581 547 2608 15.
565 2579 701 2616 Jordanes
722 2581 808 2616 annus
831 2580 917 2616 oritur
946 2588 960 2606 ε

180 2620 251 2654 {ante
268 2616 405 2654 Pqneade,
421 2614 622 2654 qui_cognom_en
642 2615 713 2654 dedit
730 2614 958 2654 σφίσι-ειεξρυοιι

180 2649 270 2682 autem
297 2652 402 2678 Paneas
427 2649 445 2677 Va
469 2649 549 2678 Panis
577 2651 724 2678 simulacro
756 2650 820 2675 oliui
846 2650 881 2676 ibi
912 2657 961 2683 po-

181 2690 234 2717 sito
257 2686 445 2721 cognominata
471 2687 567 2717 fuerit,
604 2693 684 2712 nemo
713 2688 959 2721 veterum_praetcr

183 2730 267 2750 unum
279 2717 488 2754 Piiilostorgium
502 2720 633 2755 prodidit,
654 2724 685 2747 ut
696 2720 821 2746 observat
835 2717 895 2744 Jac.
913 2718 960 2746 Go-

185 2757 320 2791 thofredus
331 2756 358 2782 in
370 2755 436 2791 Imm;
449 2756 544 2791 locum.

219 2788 256 2827 ('a)
272 2790 441 2818 Βαπτιστοῦ
460 2790 604 2827 Ἰωάννου.
614 2789 650 2827 De
664 2789 745 2827 linjus
758 2788 867 2827 ossibus
879 2788 961 2827 disje-

185 2824 236 2855 rtis
248 2824 428 2859 Pliitostorgto
442 2825 614 2852 consentiunt
628 2824 742 2850 Rufinus
758 2824 775 2850 l.
791 2831 829 2853 χι,
841 2831 897 2856 cap.
910 2824 961 2859 28;

184 2861 343 2890 Tlteodorit.
361 2858 407 2886 lib.
423 2867 453 2886 tu
465 2880 471 2892 ,
487 2868 546 2892 cap.
563 2859 589 2891 7',
604 2863 629 2886 et
641 2858 786 2886 Chronican
802 2858 961 2885 Alexandri-

1012 2590 1085 2608 nunt.
1102 2580 1138 2607 De
1150 2580 1245 2607 Eliszuo
1261 2584 1360 2606 tacent.

1050 2617 1086 2651 (b)
1105 2616 1152 2647 Ἐξ
1166 2612 1335 2651 divisusth
1350 2614 1434 2651 npd¢_
1448 2613 1605 2651 d1:llj.1011q
1628 2616 1797 2650 σηρῤηγνύι

1011 2647 1104 2685 μενοι,
1125 2652 1187 2677 Am.
1214 2650 1387 2676 Marcellinus
1411 2648 1464 2680 ait,
1481 2647 1617 2676 Julianum
1639 2647 1796 2677 dirimentes

1013 2685 1225 2712 Christianorum
1237 2685 1368 2710 antistites
1386 2685 1517 2709 monuisse
1529 2705 1536 2716 ,
1555 2689 1582 2710 ut
1603 2686 1709 2719 quiath
1723 2685 1796 2712 nullo

1011 2726 1113 2747 vetante
1132 2720 1252 2754 religioni
1266 2727 1320 2746 sua:
1333 2719 1440 2744 serviret
1455 2719 1611 2754 intrepidus.
1633 2720 1709 2752 Quod
1721 2740 1728 2751 ,
1759 2721 1794 2746 itr

1011 2756 1086 2790 quit,
1104 2753 1196 2790 agebat
1213 2755 1270 2780 ideo
1282 2754 1475 2790 obstinuleaul
1493 2753 1669 2780 dissensiones
1688 2760 1796 2789 augenle

1012 2783 1136 2823 licentia",
1161 2798 1212 2816 non
1238 2789 1338 2815 timeret
1357 2788 1552 2814 unanintnnlem
1569 2794 1659 2822 postea
1683 2783 1792 2823 pleiienL

1015 2822 1064 2851 Lib
1080 2833 1144 2857 xui,
1163 2833 1222 2859 cap.
1247 2834 1269 2850 ι.
1292 2824 1351 2850 an.
1369 2823 1432 2850 Set.
1449 2823 1494 2850 lib.
1513 2832 1535 2855 ν,
1553 2832 1613 2858 cup.
1627 2824 1654 2850 5.
