1978 3075
161 164 214 194 5L7

846 159 1087 188 PHILOSTORGII

1739 162 1791 189 548

163 223 215 250 bus
231 221 417 258 Hierosolyma
431 221 467 249 ita
481 229 607 248 eversum
629 221 661 248 iri
679 220 858 255 praedixerat,
876 223 906 245 ut
921 225 953 245 ne

1008 218 1051 245 ἐπὶ
1076 217 1142 252 λίθῳ
1167 219 1275 253 μεῖναι,
1300 217 1406 249 τούτοις
1431 218 1445 243 ό
1461 202 1618 252 ἀποστάτης
1643 217 1683 248 είς
1697 216 1793 252 ψεῦδος

163 268 232 303 lapis
246 267 356 302 quidem
369 275 452 302 supra
466 267 583 302 lapidem
594 271 668 294 esset
682 272 871 295 remansurus,
889 263 950 291 falsi

162 314 325 342 cnnvincere
339 313 462 345 molitus,
475 320 528 339 non
541 312 623 339 modo
635 319 729 338 eorum
744 318 805 344 qua‘
812 310 953 337 studuerat

163 360 230 387 nihil
247 358 376 393 perfecit:
399 359 455 385 imo
479 359 560 386 etiam
589 357 769 385 certissimam
793 355 950 383 eorunulcm

163 405 303 431 veritatem
320 404 421 430 invitus
448 403 510 430 licet
529 402 701 430 conﬁrmavit
722 401 790 435 (67).
808 400 875 427 Nam
888 409 951 427 cum

164 455 259 474 omnes
275 448 397 482 undique
416 447 524 474 Judzeos
538 448 707 482 collegisset,
722 451 749 473 et
762 446 891 481 pecunias
905 446 953 473 iis-

164 493 224 521 dem
241 502 274 520 ex
289 494 387 521 aerario
401 501 433 521 ac
447 494 554 528 reliqua
570 493 691 520 subsidia
706 492 875 528 praabuisset,
889 499 954 526 pra:-

164 540 235 572 cepit
251 539 291 566 eis
309 543 338 566 ut
351 539 481 573 templum
501 539 696 566 instanrarent.
718 537 817 565 Verum
836 542 953 564 terrores

165 585 297 611 divinitus
310 584 436 618 immissi,
453 592 522 618 quos
541 584 615 610 nulla
633 584 674 611 vis
687 583 849 618 eloquentia:
866 583 954 618 expli-

165 637 229 658 care
243 630 344 665 possit,
357 637 413 657 non
439 629 521 657 modo
547 629 676 664 impetum
692 629 801 656 illorum
814 636 955 664 compres-

165 681 277 709 serunt,
294 677 342 704 sed
366 677 447 703 etiam
470 680 527 703 tum
555 675 746 710 imperatorem
774 675 880 709 ipsum,
895 678 954 701 tum

164 720 272 748 Jndreos
283 742 290 752 ,
306 721 339 747 ad
359 721 476 755 inopiam
492 720 598 748 consilii
617 720 739 747 redactos
752 740 760 752 ,
781 727 888 747 summo
909 719 955 746 de-

165 768 263 795 decore
275 767 431 794 aﬂ'ccernnt.
450 766 518 794 llinc
532 767 605 793 enim
621 767 690 801 ignis
713 775 760 794 eos
780 767 826 801 qui
842 774 954 794 manum
971 783 973 786 ‹

164 813 239 848 operi
267 814 412 840 admovere
436 813 494 840 ausi
516 812 642 844 fuerant,
661 813 791 847 depastus
815 817 872 845 est;
892 812 956 839 hinc

164 864 243 886 terra:
259 863 350 886 motus
366 858 474 892 obruit;
498 859 568 885 alios
592 858 651 885 alia:
671 858 840 885 calamitates
854 858 957 885 exstin-

1002 264 1125 299 ἐλέγχειν
1138 264 1300 299 διανοηθεὶς.
1315 265 1345 290 οὐ
1361 264 1441 299 μόνον
1451 263 1527 290 οὐδὲν
1536 264 1634 298 ἤνυσεν
1646 259 1683 290 ὧν
1694 263 1793 290 ἐσπού-

1002 310 1082 337 δασεν
1092 330 1100 342 ,
1113 310 1181 337 ἀλλά
1193 309 1224 335 τὸ
1236 311 1265 335 ὲν
1279 311 1334 341 τοῖς
1355 310 1505 345 χρησμοῖς,
1520 310 1544 335 εἰ
1563 309 1610 335 καὶ
1624 309 1698 336 ἄκων
1708 328 1717 341 ,
1734 308 1794 335 ἐδε-

1003 355 1118 381 δαίωσεν
1142 355 1348 390 ἀμετάπτωτον.
1377 355 1406 381 '0
1425 354 1474 390 μὲν
1497 354 1552 389 γὰρ
1578 354 1641 386 τοὺς
1667 354 1791 390 πανταχῆ

1003 401 1167 436 συναγείρας
1197 401 1359 434 Ἰουδαίους,
1380 401 1426 428 καὶ
1453 401 1558 428 οἴκοθεν
1587 401 1717 436 χρήματα
1747 401 1793 427 καὶ

1002 446 1117 481 δύναμιν
1132 446 1215 481 ἄλλην
1230 447 1399 482 παρασχὼν,
1416 445 1601 478 ἀνακαινίζειν
1615 446 1750 481 ἐπέτρεπε
1763 446 1793 472 τὸ

1005 493 1088 528 ἱερόν.
1102 493 1223 528 Δείματα
1245 493 1272 519 δὲ
1290 492 1408 527 Θεήλατα
1421 492 1553 526 γεγονότα
1568 493 1694 528 διήγησιν
1710 493 1793 529 ὑπερ-

1003 538 1131 565 ϐαίνοντα
1142 557 1149 569 .
1166 537 1197 564 οὐ
1224 537 1303 572 μόνον
1323 537 1434 563 ἔσϐεσεν
1450 537 1540 564 αὐτῶν
1554 537 1604 574 τὴν
1627 537 1791 574 προθυμίαν.

1003 583 1071 610 ἀλλά
1098 583 1146 610 καὶ
1174 583 1255 610 αὑτὸν
1283 584 1412 615 καὶτοὺς
1439 584 1582 616 Ἰουδαίους
1609 585 1650 616 εἰς
1676 585 1793 619 ἐσχάτην

1004 628 1158 664 ἀμηχανίαν
1173 629 1219 655 καὶ
1241 628 1371 664 αἰσχύνην
1393 629 1621 664 κατεστρέψαντο.
1641 629 1726 656 Τοῦτο
1744 630 1793 665 μὲν

1004 674 1074 709 γὰρ,
1091 673 1146 710 πῦρ
1171 673 1321 709 ἐπενέμετο
1348 674 1411 706 τοὺς
1430 674 1594 710 ἐργάζεσθαι
1617 675 1791 710 τολμῶντας·

1004 720 1082 746 τοῦτο
1097 720 1126 746 δὲ
1137 739 1145 751 ,
1163 720 1275 755 σεισμὸς
1293 719 1425 755 ἐχώννυεν
1435 728 1442 735 ·
1457 721 1504 747 καὶ
1525 720 1621 752 ἄλλους
1638 721 1705 748 ἄλλα
1719 721 1792 757 πάθη

1005 764 1211 799 κατεμερίζετυ,
1223 765 1270 791 καὶ
1283 765 1299 800 ὴ
1310 764 1501 799 καταισχύνειν
1512 765 1546 791 τὰ
1557 765 1705 792 δεσποτικὰ
1714 765 1792 800 λόγια

1007 812 1176 846 μελετήσασα
1199 811 1302 846 τόλμα,
1317 811 1348 837 τδ
1371 811 1482 838 ἐκείνων
1506 812 1720 847 ἀκαταίσχυντον
1746 806 1793 839 καὶ

1007 856 1227 892 σεϐασμιώτατον
1238 856 1347 892 λέληθεν
1361 857 1460 893 ἑαυτὴν
1471 857 1703 893 ἀνακηρύττουσα,

164 914 240 934 xere.
269 907 316 934 Sic
342 907 457 934 audacia
481 915 542 942 qute
563 907 674 934 oracula
693 907 800 934 Domini
818 906 904 933 nostri
933 906 1081 940 ignominia
1102 905 1206 933 allicere
1229 909 1396 939 tcntaverat,
1421 905 1580 932 eorum-lem
1608 905 1792 933 inviolabilem

164 961 196 980 ac
209 954 390 981 venerandam
410 954 558 981 efﬁcaciam
576 955 735 989 imprudens
753 954 841 989 palam
859 954 1024 989 praedicavit.

201 1011 246 1038 10.
272 1011 378 1038 Iuliani
410 1012 524 1045 comitis,
561 1011 675 1043 Felicis,
708 1012 808 1047 Elpidii
834 1013 956 1038 horrendi

1046 1016 1071 1039 ι’.
1089 1012 1150 1038 Ὅτι
1172 1011 1264 1038 πολλοὶ
1279 1012 1328 1047 μὲν
1343 1011 1396 1039 τῶν
1413 1013 1452 1044 εἰς
1476 1013 1540 1044 τοὺς
1557 1012 1735 1048 Χριστιανοὺς
1748 1013 1796 1038 καὶ

163 1059 251 1085 exitus
260 1058 364 1093 (68).—
377 1058 445 1085 Cum
458 1058 575 1085 mulliex
584 1058 618 1085 iis
631 1058 677 1093 qui
686 1058 956 1086 adversusCliristia-

165 1112 215 1131 nos
229 1108 257 1131 et
270 1108 365 1131 contra
383 1104 540 1139 religionem
560 1104 721 1131 debaccliati
736 1104 855 1135 fuerant,
873 1105 955 1131 meri-

164 1154 208 1177 tas
223 1157 318 1183 ptenas
345 1150 500 1183 dederunt,
525 1154 583 1176 tum
610 1150 832 1177 manifestissime
856 1154 882 1177 et
906 1149 956 1177 sub

165 1195 288 1222 omnium
303 1201 448 1230 conspectu
463 1202 609 1230 praesentes
625 1196 765 1223 solverunt
780 1204 874 1231 pmnas
886 1216 893 1227 ,
908 1195 957 1222 Ju-

166 1241 256 1268 lianus
273 1247 365 1268 comes
376 1239 510 1273 Orientis,
525 1241 676 1268 avunculus
690 1241 826 1276 Apostataa
844 1240 956 1273 Iuliani,

166 1290 194 1313 et
209 1285 283 1313 Felix
297 1294 390 1314 comes
405 1286 581 1321 largitionum
593 1307 600 1319 ,
613 1291 639 1314 et
654 1285 775 1321 Elpidius
797 1287 956 1321 prtepositus

167 1332 265 1359 domus
284 1332 364 1367 regiae
377 1352 384 1364 ,
401 1339 471 1368 quos
488 1331 603 1359 Romani
626 1339 722 1359 vocare
739 1333 828 1359 solent
842 1333 957 1360 comites

168 1385 259 1404 rerum
274 1378 451 1412 privatarum.
469 1377 502 1404 Hi
523 1385 603 1411 porro
620 1382 675 1404 tres
701 1383 779 1405 erant
793 1386 826 1405 ex
842 1385 957 1405 numero

167 1430 262 1450 eorum
275 1423 320 1457 qni
334 1423 361 1449 in
377 1423 549 1457 imperatoris
562 1423 675 1457 gratiam
692 1431 708 1450 a
719 1423 848 1457 religione
865 1427 957 1450 nostra

167 1469 351 1496 desciverant.
368 1469 408 1496 Ac
421 1469 497 1496 Felix
511 1469 639 1503 quidem,
651 1476 712 1496 cum
732 1469 803 1495 nulla
817 1469 869 1495 alia
887 1476 957 1503 prae-

169 1515 299 1542 cessisset
323 1523 427 1548 causa,
452 1523 505 1542 una
529 1523 562 1542 ex
588 1515 764 1542 interioribus
797 1515 874 1542 venis
897 1523 959 1549 qua:

169 1562 293 1590 omnium
305 1561 424 1588 maxima
439 1561 591 1593 est,snbito
605 1567 695 1596 rupta,
713 1561 855 1596 sanguinis
870 1562 957 1588 rivum

170 1617 204 1635 ex
219 1615 266 1636 ore
281 1607 377 1635 effudit
390 1628 397 1640 ,
412 1613 437 1635 et
462 1608 628 1635 horrendum
655 1608 761 1635 cunctis
784 1609 829 1643 qui
846 1609 959 1635 aderant

169 1654 354 1689 spectaculum
378 1654 501 1689 pratbens
514 1673 520 1685 ,
540 1661 573 1680 ne
589 1653 660 1680 diem
686 1653 794 1689 quidem
809 1659 894 1681 totum
913 1663 959 1681 su~

1007 1057 1055 1093 τὴν
1067 1058 1206 1085 εὐσέϐειαν
1219 1058 1401 1093 ὲκμανέντων,
1414 1058 1491 1090 δίκας
1507 1058 1599 1085 ἔτισαν
1608 1058 1638 1084 οὐ
1656 1058 1794 1093 μεμπτὰς·

1006 1105 1046 1136 εἰς
1068 1103 1099 1130 τὸ
1117 1104 1348 1139 περιφανέστατον
1368 1104 1396 1131 δὲ
1412 1105 1459 1131 καὶ
1473 1105 1631 1139 ἐπιφανεῖς,
1654 1103 1795 1136 Ἰουλιανός

1006 1158 1035 1176 τε
1061 1150 1074 1176 ό
1090 1149 1139 1185 τῆς
1156 1149 1227 1184 ἑῴας
1251 1150 1342 1185 ἄρχων
1355 1170 1362 1181 ,
1388 1150 1459 1181 Θετος
1474 1149 1511 1176 ὢν
1530 1149 1600 1176 κατά
1614 1150 1645 1176 τὸ
1670 1149 1797 1185 μητρῷον

1006 1195 1083 1229 γένος
1098 1195 1147 1222 τοῦ
1172 1196 1325 1222 ἀποστάτου
1348 1195 1511 1229 Ἰουλιανοῦ,
1528 1197 1575 1223 καὶ
1591 1195 1674 1231 Φήλιξ
1697 1196 1712 1221 ό
1734 1195 1797 1227 τοὺς

1007 1241 1160 1277 Θησαυροὺς
1183 1241 1418 1277 ἐπιτετραμμένος
1431 1262 1438 1273 ,
1453 1243 1501 1268 καὶ
1529 1241 1662 1273 Ἐλπίδιος
1681 1241 1730 1276 τῆς
1749 1240 1799 1276 βα-

1008 1286 1115 1321 σιλικῆς
1129 1286 1217 1317 οἰκίας
1230 1285 1382 1321 προεστώς·
1399 1286 1522 1321 κόμητας
1533 1287 1687 1322 πριουάτων
1699 1287 1715 1321 ὴ
1731 1286 1798 1312 Ῥωο

1009 1331 1096 1366 μαίων
1107 1331 1215 1365 γλῶττα
1225 1331 1313 1358 καλεῖ.
1328 1328 1407 1358 Οὗτοι
1419 1331 1441 1358 δ’
1454 1333 1477 1358 οἰ
1493 1333 1568 1367 τρεῖς
1581 1333 1636 1359 τῶν
1650 1331 1799 1367 ἐξαρνησα-

1010 1377 1096 1412 μένων
1123 1377 1172 1413 τὴν
1191 1378 1331 1404 εὐσέϐειαν
1358 1379 1398 1409 είς
1420 1378 1458 1412 τῷ
1483 1377 1587 1412 βασιλεί
1601 1377 1800 1413 κεχαρισμένον

1007 1421 1087 1458 ἦσαν.
1107 1424 1135 1449 'U
1149 1424 1197 1458 μὲν
1209 1421 1255 1450 οὖν
1270 1423 1352 1458 Φήλιξ
1367 1423 1396 1455 ἐξ
1410 1424 1536 1458 οὐδεμιᾶς
1549 1423 1685 1458 ἐμφανοῦς
1697 1423 1799 1455 αἰτίας,

1007 1469 1061 1495 τῶν
1075 1470 1104 1495 ὲν
1120 1469 1197 1504 βάθει
1212 1469 1317 1503 φλεὸὦν
1336 1470 1400 1503 μιᾶς
1416 1469 1465 1504 τῆς
1484 1469 1616 1504 μεγίστης
1636 1468 1799 1504 ἀναρραγεί-

1009 1522 1059 1549 σης
1071 1534 1078 1546 ,
1094 1514 1208 1549 αἵματός
1225 1523 1255 1540 τε
1278 1514 1359 1540 αὐλὸν
1374 1514 1525 1550 ἐξέπεμψεν
1541 1515 1573 1540 ὲκ
1593 1514 1638 1540 τοῦ
1656 1514 1799 1549 στόματος.

1010 1560 1056 1586 καὶ
1076 1559 1165 1595 θέαμα
1182 1561 1238 1591 τοῖς
1261 1560 1345 1595 ὁρῶσι
1366 1559 1510 1594 γενόμενος
1532 1559 1647 1595 φοϐερὸν
1660 1579 1667 1591 ,
1685 1560 1743 1586 οὐδὲ
1766 1559 1800 1585 δι’

1009 1606 1072 1642 ὂλης
1093 1607 1201 1642 ἡμέρας
1222 1606 1339 1642 ἤρκεσεν
1352 1615 1358 1621 ·
1371 1606 1440 1632 ἀλλὰ
1459 1606 1523 1642 περὶ
1542 1606 1632 1641 δείλην
1648 1606 1728 1640 όψίαν
1753 1605 1800 1632 τοῦ

1010 1653 1125 1689 αἵματος
1143 1653 1329 1684 ἐπιλείποντος
1351 1652 1424 1688 (69),
1450 1653 1496 1678 καὶ
1517 1652 1564 1688 τὴν
1586 1652 1674 1687 ψυχὴν
1702 1660 1802 1678 συναπ-

171 1700 282 1735 pet-fuit,
295 1700 341 1727 sed
357 1700 408 1727 sub
421 1707 573 1735 vesperam,
591 1699 731 1726 deficiente
746 1701 888 1735 sanguine,
899 1701 956 1726 ani-

1011 1699 1101 1726 έὸαλε.
1121 1700 1150 1726 '0
1163 1700 1191 1726 δέ
1210 1708 1242 1734 γε
1263 1699 1404 1731 Ἰουλιανὸς
1415 1700 1537 1735 ἀργαλέα
1549 1700 1596 1726 καὶ
1607 1699 1803 1734 δυστεκμάρτῳ

171 1753 245 1773 mam
262 1745 343 1773 simul
367 1745 476 1773 efﬂavit.
492 1744 617 1772 Julianus
632 1753 695 1772 vero
707 1745 806 1772 difﬁcili
822 1751 849 1773 et
866 1747 958 1781 ignoto

171 1796 314 1826 correptus
333 1791 430 1819 morbo
444 1812 452 1824 ,
480 1795 550 1819 totos
576 1790 755 1826 quadraginta
771 1792 827 1819 dies
844 1792 958 1826 supinus

169 1837 266 1872 jacnit,
282 1844 332 1865 nec
349 1837 465 1872 loquens
481 1838 640 1872 quidquam,
658 1845 707 1864 nec
723 1845 803 1864 sensu
820 1838 875 1864 ullo
892 1846 960 1872 pne-

173 1883 261 1916 ditus;
274 1887 367 1918 postea
383 1891 446 1910 vero
460 1891 521 1910 cum
537 1883 618 1918 paulo
632 1883 802 1911 commodius
815 1891 844 1911 se
859 1883 959 1912 habere

172 1929 319 1964 cmpisset.
337 1929 451 1963 impium
477 1929 584 1956 facinus
600 1930 671 1964 quod
686 1930 850 1961 admiserat,
868 1930 960 1957 identi-

171 1975 233 2002 dem
249 1975 407 2007 damnavit,
423 1982 539 2009 eamque
553 1975 589 2002 ob
615 1983 726 2003 causam
745 1976 771 2003 id
796 1976 959 2010 supplicium

173 2019 225 2047 sibi
253 2019 401 2053 irrogatum
427 2028 488 2047 esse
513 2020 654 2048 confessus
683 2025 743 2054 est;
772 2025 799 2048 et
828 2021 960 2048 hactenus

174 2065 271 2092 morbo
284 2064 406 2097 levatus,
429 2066 518 2100 quoad
533 2073 619 2100 usque
632 2074 688 2093 suae
711 2066 797 2101 ipsius
813 2066 960 2101 impietatis

174 2110 250 2138 testis
265 2110 423 2144 exstitisset,
432 2112 506 2138 omni
523 2112 644 2139 ulcerum
658 2119 755 2147 genere
765 2117 885 2139 ventrem
900 2113 961 2147 ejus

172 2157 348 2189 dilacerante,
361 2157 478 2184 animam
495 2158 565 2185 inter
576 2158 713 2186 cruciatus
725 2158 871 2186 exhalavit.
881 2158 957 2192 Elpi-

171 2203 234 2230 dius
249 2202 377 2237 denique,
393 2203 455 2231 licet
468 2203 557 2231 serius
571 2212 653 2239 quam
668 2204 775 2240 reliqui,
792 2208 881 2231 tamen
895 2211 958 2231 cum

1012 1745 1120 1781 βληθεὶς
1138 1745 1226 1780 νόσῳ,
1254 1746 1300 1772 ἐπὶ
1314 1747 1520 1781 τεσσαράκοντα
1539 1745 1589 1777 τὰς
1611 1745 1674 1777 ὅλας
1697 1745 1804 1780 ἡμέρας

1011 1791 1148 1825 ἀποτάδην
1164 1790 1252 1817 ἔκειτο
1265 1791 1321 1826 (70)
1332 1811 1340 1821 .
1357 1792 1424 1826 μήτε
1437 1791 1621 1826 φθεγγόμενος
1632 1811 1639 1824 ,
1657 1791 1724 1826 μήτε
1740 1790 1803 1816 τινὰ

1013 1836 1188 1871 συναίσθησιν
1203 1837 1272 1872 ἔχων
1284 1845 1291 1851 ·
1313 1837 1410 1872 μικρὸν
1426 1837 1453 1863 δέ
1468 1846 1527 1868 πως
1547 1837 1716 1871 ὐπορῤαῖσας
1732 1835 1802 1871 (Ἠ),

1013 1883 1098 1910 πολλὰ
1123 1884 1172 1918 μὲν
1198 1884 1399 1917 κατεγίνωσκεν
1420 1884 1516 1910 ἑαυτὸν
1531 1883 1580 1918 τῆς
1594 1882 1722 1918 ἀθεμίτου
1743 1883 1805 1909 τόλ-

1014 1939 1084 1965 μης,
1099 1929 1146 1956 καὶ
1160 1929 1208 1964 τὴν
1222 1929 1299 1964 δίκην
1320 1929 1424 1956 ἐκεῖθεν
1440 1929 1514 1964 αὐτῷ
1535 1929 1709 1964 συναίσθησιν
1722 1928 1804 1956 ἔλαϐε

1013 1976 1238 2011 καταρραγῆναι·
1265 1977 1311 2002 καὶ
1328 1977 1407 2012 μέχρι
1420 1977 1467 2002 τοῦ
1494 1976 1619 2011 μάρτυρα
1633 1975 1713 2002 αὐτὸν
1739 1976 1804 2001 ὲαυ‹

1012 2021 1059 2047 τοῦ
1073 2022 1121 2056 τῆς
1135 2021 1326 2057 ἀνοσιουργίας
1345 2021 1473 2056 γενέσθαι
1487 2020 1655 2055 ἀνενεγκὼν,
1672 2020 1806 2047 παντοδα-

1014 2069 1074 2099 ποῖς
1089 2067 1179 2093 ἕλκεσι
1192 2067 1242 2103 τὴν
1256 2068 1376 2102 γαστέρα
1394 2067 1525 2099 σπασθεὶς
1536 2087 1543 2099 ,
1559 2066 1739 2102 ωνδιερῥάγη
1755 2065 1805 2092 καὶ

1012 2111 1062 2146 τὴν
1076 2111 1175 2146 ψυχήν.
1192 2112 1246 2138 Καὶ
1267 2113 1280 2138 ό
1300 2112 1432 2144 Ἐλπίδιος
1450 2112 1479 2138 δὲ
1491 2131 1498 2142 ,
1517 2113 1540 2138 εί
1564 2112 1612 2139 καὶ
1636 2111 1691 2138 τῶν
1715 2111 1804 2137 ἄλλων

1014 2157 1195 2194 βραδύτερον,
1223 2157 1279 2184 ἀλλ’
1298 2156 1346 2185 οὖν
1373 2160 1405 2194 τῇ
1423 2158 1470 2185 τοῦ
1487 2158 1639 2194 Προκοπίου
1665 2157 1805 2193 τυραννίδι

1013 2201 1198 2238 συμπράττων
1214 2204 1370 2240 φωραθεὶς,
1394 2204 1423 2237 ὃς
1440 2205 1575 2240 ἐπανέστη
1598 2203 1638 2239 τῷ
1661 2203 1803 2236 Οὐάλεντι,

783 2291 905 2313 VALESII
925 2290 1175 2314 ANNOTATIONES.

207 2365 263 2400 (67)
278 2364 435 2393 Theodorit.
450 2366 469 2393 Ι.
489 2374 530 2397 ιιι,
546 2374 570 2394 c.
583 2366 629 2393 ‘20.

219 2400 264 2434 68)
279 2400 382 2428 Theod.
398 2401 445 2428 lib.
462 2409 501 2433 ιιι,
517 2409 577 2436 cap.
595 2401 638 2433 12,
657 2402 698 2429 15.

218 2435 263 2470 69)
291 2436 346 2462 Τοῦ
363 2437 488 2470 αἳματος
502 2435 722 2470 ἐπιλείποντος.
749 2437 777 2464 In
801 2437 894 2465 codice
909 2438 959 2464 Sa-

171 2470 275 2533 aurigis1
282 2470 409 2498 Bocltarti
427 2471 526 2506 legitur
543 2472 732 2507 ὲπιλείψαντος
746 2473 793 2499 καὶ
809 2473 858 2508 τὴν
869 2473 958 2508 ψυχὴν

190 2516 210 2533 π
243 2515 260 2532 α
277 2514 300 2533 ε.

170 2508 300 2534 ἀπέόαλε.

206 2542 262 2577 (70)
287 2540 456 2577 Ἐπομάδην
478 2541 582 2577 ἔκειτο.
598 2541 676 2569 Hunc
691 2543 780 2570 locum
794 2543 900 2570 correxi
925 2551 958 2570 ex

169 2576 356 2610 ma’nuscripto
370 2577 462 2604 codice
477 2576 612 2605 Samuelis
622 2577 750 2605 Bocharti
764 2598 772 2609 ,
800 2582 826 2605 et
842 2586 875 2605 ex
890 2578 959 2605 libro

169 2612 276 2648 decimo
289 2610 434 2648 Nicepliori
451 2613 542 2648 capite
554 2612 588 2639 29
601 2633 608 2645 ,
631 2613 678 2647 qui
702 2613 803 2640 diserte
826 2613 957 2648 scriptum

169 2646 433 2683 habentﬁrwrdéqv.
450 2645 627 2682 Repudianda
640 2645 682 2675 est
701 2648 784 2683 igitur
801 2645 958 2682 conjectura

167 2682 248 2709 Lucae
262 2680 406 2712 Holstenii,
421 2683 467 2716 qui
483 2680 516 2710 ad
543 2691 619 2710 oram
638 2683 680 2710 sui
698 2680 800 2711 codicis
818 2680 959 2711 annotavit

166 2717 341 2754 scribendum
355 2718 467 2744 omnino
477 2725 538 2745 esse
553 2718 712 2754 ὲπωμάδην,
725 2726 786 2754 quae
797 2719 877 2746 lectio
891 2719 955 2747 ferri

167 2752 242 2780 nullo
258 2752 338 2778 modo
350 2757 448 2786 potest.

204 2787 260 2822 (Ἡ)
273 2787 389 2823 Μικρὸν
410 2787 444 2813 δὲ
459 2788 655 2823 ὑποῤῥαΐσας.
672 2788 793 2816 Pessime
809 2788 954 2817 Gothofre-

166 2829 218 2850 aus
236 2823 309 2849 hunc
333 2822 422 2849 locum
443 2825 523 2851 vertit
536 2822 597 2851 'lloc
621 2824 722 2851 modo:
740 2824 875 2851 Paulatim
895 2833 953 2852 vero

167 2857 296 2892 diﬁluens.
311 2856 404 2894 Longe
421 2858 519 2887 melius
533 2858 652 2887 Joannes
666 2858 775 2895 Laugus
799 2860 855 2888 haec
871 2861 951 2888 verba

1014 2370 1209 2404 interpretatus
1225 2375 1267 2398 est
1280 2371 1309 2398 in
1325 2370 1412 2405 capite
1424 2371 1460 2398 ‘29
1483 2371 1546 2398 libri
1562 2379 1578 2398 ιι
1608 2370 1738 2398 historia
1750 2370 1801 2397 Ni-

1013 2406 1123 2440 cepliori
1134 2426 1141 2437 ,
1158 2406 1203 2432 ubi
1218 2406 1310 2433 eadem
1327 2407 1408 2433 verba
1427 2407 1552 2439 leguntur
1566 2414 1599 2433 cx
1616 2406 1802 2441 Philostorgio

1012 2441 1170 2468 desumpta:
1189 2441 1285 2468 μικρὸν
1299 2441 1328 2467 δὲ
1339 2441 1408 2468 τέως
1427 2442 1578 2468 ὐποοαῖσας
1592 2462 1599 2468 .
1612 2446 1637 2468 et
1653 2441 1802 2468 valetudine

1030 2448 1170 2475 esumpta:
1189 2448 1285 2476 μικρον
1299 2448 1328 2467 οε
1339 2448 1408 2472 τεως
1427 2448 1578 2476 υποραῖσας
1591 2462 1599 2474 ,
1612 2448 1637 2468 et
1653 2448 1805 2468 valetudine

1012 2450 1170 2475 uesumpta:
1189 2450 1285 2476 μικρον
1299 2450 1328 2467 οε
1339 2450 1408 2472 τεως
1427 2450 1578 2477 υποραισας
1591 2462 1599 2474 ,
1612 2450 1637 2468 et
1653 2450 1801 2468 vatetuame

1011 2475 1150 2509 paululum
1168 2481 1334 2510 recuperata,
1353 2481 1405 2503 etc.
1428 2477 1625 2511 llarpocration
1645 2476 1672 2503 in
1689 2476 1801 2509 Lexico,

1013 2511 1131 2548 putaui,
1145 2511 1249 2548 inquit,
1271 2511 1332 2537 ἀντὶ
1348 2512 1402 2548 τοῡῗ
1412 2513 1485 2548 eam;
1499 2511 1574 2548 ἔχων
1593 2513 1625 2548 ὲκ
1640 2511 1691 2548 τῆς
1710 2511 1803 2538 νόσου·

1008 2545 1377 2581 Δημοσθένηςφιλιππικοῖς.
1392 2545 1481 2574 Locus
1499 2545 1698 2578 Demosthenis,
1716 2554 1802 2581 quem

1008 2581 1111 2616 indicat
1120 2581 1309 2616 Harpocratio.
1323 2586 1412 2609 exstat
1423 2583 1450 2609 in
1467 2583 1554 2616 prima
1570 2582 1739 2616 Olynthium,
1753 2582 1801 2609 ubi

1009 2615 1043 2642 de
1067 2615 1192 2651 Philippo
1210 2616 1357 2644 Macedone
1383 2618 1418 2644 ita
1434 2615 1549 2648 sci-ibit,
1565 2615 1699 2652 ἠσθένησε
1719 2617 1804 2643 πάλιν

1009 2651 1169 2688 ῥαΐσαςλοῦκ
1188 2652 1234 2677 ἐπὶ
1258 2652 1288 2678 τὸ
1303 2652 1436 2688 ῥᾳθυμεῖν
1456 2652 1597 2679 ἀπέκλινε.
1609 2653 1650 2680 Ad
1665 2659 1746 2688 quem
1761 2652 1804 2678 lu-

1008 2685 1069 2722 Cum
1082 2685 1217 2721 Ulpianus
1232 2685 1310 2714 notat
1324 2685 1437 2714 verbum
1458 2688 1554 2722 ῥαΐσας
1569 2695 1622 2714 non
1646 2685 1806 2721 significare

1009 2721 1123 2755 ὑγιάνας
1136 2742 1144 2753 ,
1160 2722 1207 2758 sed
1221 2722 1368 2758 idemesse
1385 2721 1463 2758 quod
1484 2723 1649 2758 κουφότερον
1668 2723 1736 2756 ἔχων
1749 2743 1757 2754 ,
1774 2722 1804 2748 id

1007 2761 1058 2787 est,
1075 2756 1235 2783 commodius
1251 2765 1278 2783 se
1292 2756 1401 2784 habens:
1414 2756 1574 2785 Eustathius
1594 2756 1628 2785 ad
1642 2757 1742 2785 librum
1774 2765 1803 2784 ιν

1007 2791 1134 2828 Odyssece
1151 2799 1213 2828 pag,
1231 2791 1299 2819 l509
1313 2813 1320 2825 ,
1336 2792 1444 2828 λέγεται
1459 2793 1503 2825 δὲ,
1524 2793 1630 2827 inquit,
1655 2792 1702 2819 xui.
1724 2792 1805 2827 ῥᾴων

1005 2827 1019 2852 ό
1041 2826 1177 2888 ὶιὶὲινόσου
1190 2826 1297 2864 ὗγιὴςς,
1315 2828 1362 2855 καὶ
1373 2826 1483 2862 ’ῥαῖςειν
1506 2828 1537 2856 τὸ
1555 2826 1609 2856 ἀπὸ
1625 2828 1701 2855 νόσου
1724 2826 1803 2855 ἶνα.

1006 2869 1041 2888 σω
1093 2870 1133 2888 ειν

1006 2869 1142 2895 σιραΛΛεινή
