1978 3075
140 156 192 184 διο

637 145 916 178 ECCLESIASTICE
935 142 1109 172 HISTORIIE
1130 142 1195 170 LIB.
1216 141 1273 172 VII.

1726 143 1780 172 530

140 206 196 242 τῶν
222 223 251 241 τε
278 213 428 250 χρημάτων
449 211 605 248 γυμνωθεὶς
618 230 625 242 ,
647 210 695 237 καί¹
711 209 833 245 εἱρκταῖς
849 215 936 234 κατα-

995 203 1114 238 Procopii
1130 203 1177 238 qui
1191 203 1321 230 adversus
1332 201 1472 229 Valentem
1484 201 1671 235 rebellaverat,
1685 207 1763 239 lyl‘un
1771 218 1780 224 -

142 260 220 291 ϐιοὺς
229 279 238 291 ,
251 259 358 291 ἀκλεῶς
373 258 560 294 καταστρέφει
574 256 620 283 τὸν
634 256 702 291 βίον,
718 255 856 291 ἐπάρατος
869 254 936 280 πᾶσι

142 306 285 340 γεγονὼς,
312 305 360 332 καὶ
384 305 399 331 ὁ
418 303 502 338 θύτης
530 302 664 333 Ἐλπίδιος
691 299 935 336 ἐπονομαζόμενος.

145 351 243 383 ’Δλλος
255 350 285 377 δέ
302 360 344 382 τις
367 348 546 376 συνεισελθὼν
558 349 614 379 τοῖς
627 345 784 382 εἰρημένοις
800 346 829 371 ὲν
841 345 874 378 τῇ
892 344 938 370 ὲκ-

145 397 263 433 κλησία,
285 397 320 432 ἢν
336 396 469 432 ἐπόρθουν
488 394 536 422 καὶ
552 393 696 420 ἀπεσύλων
711 391 747 418 τὰ
762 390 936 425 ἀναθήματα,

145 444 193 470 καὶ
211 443 247 470 τὰ
263 442 393 478 κειμήλια
413 438 696 477 λαφυραγωγοῦντες,
723 437 769 464 τὸν
795 437 824 462 ὲν
847 436 938 467 αὐτοῖς

146 489 366 525 θεραπευόμενον
385 487 544 524 ὲξὺὂριζον·
562 483 639 517 οὗτος
668 485 700 520 δὴ
728 482 939 519 προσανασυρά-

145 544 228 572 μενος
242 535 292 571 τὴν
318 534 420 569 ἐσθῆτα
434 554 441 566 ,
466 533 505 569 τῷ
528 531 714 566 θυσιαστηρίῳ
738 528 938 563 ὲνασελγαίνων

147 583 319 618 ἔναπούρησε
334 603 342 615 ,
359 583 407 609 καὶ.
433 580 592 616 παραυτίκα
620 579 717 614 ποινὴν
741 577 863 613 χαλεπὴν
891 575 939 602 καὶ

145 629 235 662 δξεῖαν
251 629 378 656 ἀπέτισε.
397 629 435 654 Δι’
450 624 488 654 ὧν
509 626 564 662 γὰρ
593 625 688 661 ὕϐρισε
711 624 814 659 μορίων
827 643 834 655 ,
851 621 938 649 ταῦτα

149 675 230 711 μέχρι
246 674 300 701 τῶν
317 674 433 709 ἐντέρων
460 671 603 703 διασαπεὶς
616 691 624 703 ,
641 670 688 697 καὶ
704 668 854 704 σκωλήκων
881 667 940 694 ἀδι-

148 721 250 756 ήγητον
262 720 358 756 χρῆμα
370 718 508 749 τεκνώσας
521 738 528 750 ,
540 716 656 753 οίκτρῶς
673 715 742 749 ἄγαν
756 714 804 741 καὶ⁸
818 713 871 740 οὐδ’
885 713 938 747 ἀφ-

147 765 388 801 ηγήσεωςάξίως,
414 763 598 798 καταστρέφει
621 761 667 788 τὸν
688 760 753 795 βίον.
773 759 828 786 Καὶ
844 759 893 794 μὲν
908 758 939 793 δὴ

148 811 195 837 καὶ
209 810 297 846 ἕτεροι
312 809 491 845 παραπλήσια
504 806 701 843 τετολμηκότες
713 804 877 840 ὲφαμίλλους
890 803 940 834 τὰς

147 857 290 893 τιμωρίας¹
302 855 464 883 δεδώκασιν,

185 992 231 1016 ια’.
249 988 311 1015 Ὅτι
331 986 477 1022 Ῥωμαίων
489 987 504 1013 ὁ
520 984 648 1020 βασιλεὺς
674 982 827 1019 Ἀδριανὸς,
845 982 873 1014 ὃς
893 981 940 1008 Αἵ-

148 1036 206 1067 λιος
220 1034 398 1069 ὲπωνόμαστο
411 1053 418 1066 ,
440 1032 474 1059 τὰ
497 1031 672 1068 Ἱεροσόλυμα
687 1030 782 1057 Αἰλίαν
797 1029 827 1061 ἐξ
843 1029 939 1056 ἑαυτοῦ

151 1080 351 1117 μετεκαλέσατο
361 1088 368 1095 ·
385 1080 423 1112 ὼς
435 1079 468 1106 ἆν
483 1078 639 1105 παντάπασι
660 1077 690 1103 τὸ
708 1076 842 1103 Ἰουδαίων
855 1075 941 1109 αὐτῆς

149 1127 226 1160 ἔθνος
242 1127 384 1162 ἀποστήσῃ
399 1126 446 1153 καὶ
459 1123 614 1160 ἀπορρήξῃ,
628 1123 675 1150 καὶ
690 1123 750 1158 μηδ’
765 1123 798 1149 ὲκ
811 1121 862 1157 τῆς
875 1121 942 1156 κλή-

151 1183 220 1206 σεως
245 1173 283 1206 ὡς
310 1172 440 1208 πατρίδος
467 1171 551 1206 αὐτῆς
575 1169 772 1197 ἀντιποιεῖσθαι
803 1168 941 1204 πρόφασιν

150 1220 265 1257 ἐχούσης
280 1219 347 1256 (72).
369 1217 478 1245 Ἐδεδίει
492 1217 546 1253 γὰρ
561 1215 650 1243 αὐτῶν
668 1214 697 1241 τὸ
712 1213 881 1250 θερμουργδν
895 1213 942 1239 καὶ

151 1266 347 1303 ῥιψοκίνδυνον,
366 1265 414 1300 μὴ,
433 1262 656 1298 συναγειρόμενοι
674 1260 746 1288 κατὰ
760 1260 897 1296 πρόφασιν
913 1260 942 1285 ἐν

149 1313 184 1349 τῇ
199 1311 277 1339 πόλει
286 1309 428 1347 λατρείας,
444 1307 596 1344 πράγματα
613 1305 758 1342 Ῥωμαίοις
777 1304 940 1340 παρέξωσιν.

187 1444 233 1480 ιβί.
250 1444 313 1471 Ὀτι
324 1463 333 1475 ,
346 1442 413 1478 φησι
426 1463 433 1472 .
447 1441 557 1469 Βαϐύλα
566 1441 614 1468 τοῦ
630 1441 767 1477 μάρτυρος
783 1440 836 1467 τῶν
850 1439 943 1475 λειψά-

152 1501 205 1519 νων
220 1489 432 1526 μετατεθέντων,
449 1488 484 1515 τὰ
496 1488 550 1515 τῶν
568 1488 702 1523 Ἑλλήνων
718 1487 881 1522 χρηστήρια,
897 1486 942 1512 τοῦ

152 1537 224 1565 κατὰ
237 1536 346 1571 Δάφνην
362 1534 529 1570 ἀρξαμένου,
547 1533 689 1569 χρησμοὺς
702 1531 821 1559 ἀνεδίδου
838 1532 886 1558 καὶ
898 1532 941 1558 λόο

152 1592 218 1618 για,
234 1583 282 1618 τῆς
300 1581 374 1612 θείας
389 1580 521 1616 Προνοίας
542 1578 710 1614 φθέγγεσθαι
728 1578 777 1614 μὲν
789 1578 881 1610 αὐτοῖς
903 1579 946 1604 ὲν-

152 1628 293 1665 διδούσης,
318 1626 474 1663 τρεπούσης
493 1625 522 1652 δὲ
549 1625 599 1660 τὴν
631 1626 660 1656 ὲς
687 1624 770 1660 τιμὴν
786 1625 826 1659 (a)
854 1624 946 1655 αὐτοῖς

153 1675 240 1711 ὁρῶσι
258 1674 373 1709 σπουδὴν
394 1674 433 1704 εἰς
449 1672 580 1708 αἰσχύνην
596 1671 708 1706 ἄφατον.
725 1671 780 1698 Καὶ
796 1671 850 1707 γὰρ
867 1671 896 1704 ἐξ
908 1667 946 1697 ὧν

155 1720 336 1753 ἱσπουδάζετο
357 1719 388 1746 τὺ
410 1718 565 1753 Ἑλληνικὸν
580 1717 679 1753 κιχρᾷν
696 1717 729 1744 τὰ
753 1716 897 1752 δαιμόνια,
912 1716 945 1743 ἵν’

155 1767 242 1803 ἔχοιεν
260 1767 307 1792 ἐπὶ
319 1764 418 1801 μᾶλλον
433 1764 551 1796 θειάζειν
568 1763 647 1794 αὐτὰ,
660 1764 692 1790 ὲκ
707 1762 809 1790 τούτων
821 1762 851 1789 τὸ
866 1762 947 1789 ἀσθε-

155 1813 200 1844 νὲς
211 1812 300 1839 αὐτῶν
313 1811 360 1838 καί
375 1810 581 1845 πεπλανημένον
592 1808 741 1844 διελέγχειν
752 1810 786 1844 τῇ
803 1807 863 1844 θείᾳ
875 1809 946 1844 Προ-

156 1857 215 1893 νοίᾳ
230 1855 437 1892 συεαηλαὺνοντο.
456 1854 572 1885 Ψευδεῖς
588 1853 643 1889 γὰρ
659 1852 707 1880 καί¹
719 1852 857 1879 ἀτέλεστοι
876 1851 947 1878 κατά

155 1910 189 1937 γε
214 1902 245 1929 τὸ
263 1901 496 1937 περιφανέστατον
518 1900 542 1926 oi
558 1899 662 1925 ἐκεῖθεν
688 1897 808 1934 χρησμοὶ
832 1897 947 1933 ἐγνωρί-

157 1947 250 1981 ζοντο·
271 1947 332 1974 ὅθεν
346 1946 394 1974 καὶ
414 1944 656 1981 προθεσπισάντων
679 1943 738 1979 ἅμα
760 1943 868 1970 πάντων
885 1943 946 1970 καθ’

156 1994 273 2022 ἕκαστον
289 1993 343 2020 τῶν
361 1992 504 2029 μαντείων,
517 1991 555 2023 ὡς
572 1990 714 2023 Ἰουλιανὸς
725 1991 739 2017 ὁ
749 1989 796 2016 τοῦ
815 1990 946 2025 βασιλέως

157 2041 229 2073 θεῖος
245 2040 330 2067 νοσῶν
344 2040 374 2066 οὐ
391 2037 549 2073 τεθνήξεται
563 2058 570 2069 ,
586 2038 616 2064 ὲν
631 2037 724 2068 αὐταῖς
744 2035 798 2062 τῶν
814 2035 947 2072 χρησμῶν

156 2086 343 2121 ἀναγνώσεσιν
353 2106 360 2118 ,
375 2083 491 2120 οἰκτρῶς
512 2083 615 2116 ἐκεῖνος
630 2082 678 2110 καὶ
692 2082 814 2114 ἐλεεινῶς
826 2082 871 2109 τὸν
890 2081 947 2117 βίον

158 2132 324 2169 ἀπέρρηξεν.

988 251 1046 278 nidi
1061 251 1163 278 favisse
1179 250 1367 285 deprehensus
1378 249 1486 283 fuisset,
1504 250 1584 278 bonis
1597 251 1741 285 spoliatus,
1755 257 1782 279 ct

988 297 1015 324 in
1030 297 1187 325 carceribus
1203 300 1333 331 perpetuo
1347 295 1449 330 degens
1463 316 1470 329 ,
1493 303 1556 323 cum
1578 303 1687 323 summa
1703 297 1782 332 igno-

988 343 1072 370 minia
1088 343 1172 370 vitam
1189 342 1285 372 finivit,
1303 341 1430 369 munibus
1442 349 1504 368 eum
1518 341 1736 372 detestantibus,
1754 346 1781 369 et

989 388 1200 416 sacrificatorem
1230 386 1366 428 Elpidium
1405 387 1670 422 cognominantibus.
1703 386 1780 415 Alius

989 439 1119 469 praeterea
1135 434 1246 469 quidam
1267 442 1319 461 una
1341 441 1402 461 cum
1418 434 1581 469 supradictis
1597 434 1738 470 ingressus
1752 435 1779 462 in

989 479 1144 511 ecclesiam,
1158 487 1240 514 quam
1258 479 1296 505 illi
1306 479 1451 506 vastabant
1465 487 1498 507 ac
1510 480 1665 514 spoliabant
1675 500 1682 513 ,
1701 489 1780 508 sacra

990 531 1053 551 vasa
1067 532 1098 550 ac
1109 524 1222 551 donaria
1235 524 1434 559 depraedantes,
1446 524 1587 559 Deumque
1598 525 1643 559 qui
1661 533 1708 559 per
1722 525 1780 552 haec

989 570 1129 597 colebatur
1141 591 1147 601 .
1164 570 1328 597 contumelia
1341 570 1504 597 allicientes:
1523 571 1567 598 hic
1579 591 1586 601 .
1600 571 1726 606 inquam,
1745 572 1781 599 Ie-

989 621 1050 643 vata
1066 621 1140 643 veste
1155 617 1306 650 petulanter
1322 617 1347 643 in
1365 617 1451 644 altare
1464 617 1616 649 imminxit;
1633 618 1782 652 statimque

990 663 1181 690 acerbissimas
1196 671 1228 689 ac
1250 668 1398 698 prarsentcs
1414 670 1508 697 poenas
1524 663 1663 697 persolvit.
1682 664 1780 691 lisdcm

989 709 1061 736 enim
1071 709 1200 737 membris
1210 709 1309 744 quibus
1319 710 1353 736 ad
1364 709 1556 736 contumeliam
1567 709 1670 737 abusus
1680 709 1780 743 fuerat,

990 755 1023 782 ad
1036 755 1165 782 interiora
1178 763 1264 790 usque
1275 755 1381 782 viscera
1395 755 1566 790 putrefactis.
1578 759 1605 782 et
1616 755 1779 782 immensam

991 800 1124 827 vermium
1141 800 1343 827 multitudinem
1365 800 1553 835 gignentibus,
1568 807 1682 834 prorsus
1696 801 1780 827 misc-

990 845 1068 872 rabili
1081 846 1165 878 exitu,
1180 850 1205 872 et
1219 846 1265 880 qui
1277 853 1310 873 ne
1320 845 1414 873 referri
1429 845 1539 880 quidem
1554 851 1683 878 meretur,
1695 846 1781 873 inter-

955 886 975 914 Β
992 891 1031 918 iit.
1053 891 1106 919 Sed
1124 896 1151 918 et
1181 892 1225 918 alii
1244 892 1336 927 plures
1353 891 1400 927 qui
1421 891 1554 927 ejusmodi
1576 891 1698 920 facinora
1719 900 1782 928 per-

991 941 1100 971 petrare
1115 937 1176 964 ausi
1191 937 1308 970 fuerant,
1325 945 1378 964 non
1392 937 1514 965 minores
1530 945 1626 972 poenas
1639 938 1781 965 dederunt.

1026 983 1070 1009 11.
1081 981 1137 1018 (75)
1153 982 1338 1017 Hierosolyma
1351 982 1428 1009 th‘a
1441 983 1525 1009 dicta.
1536 999 1570 1003 —
1579 983 1716 1010 Adrianus
1732 984 1783 1010 im-

990 1034 1100 1063 perator
1115 1028 1300 1055 Romanorum
1312 1048 1319 1059 ,
1338 1029 1385 1063 qui
1401 1028 1491 1056 Elius
1507 1029 1647 1056 dicebatur
1659 1049 1667 1062 ,
1685 1029 1781 1056 urbem

992 1074 1206 1108 Hierosolymam
1224 1082 1256 1100 ex
1272 1081 1323 1100 suo
1339 1074 1450 1101 nomine
1466 1073 1566 1101 Elian]
1579 1075 1735 1110 appellavit,
1750 1083 1784 1103 eo

991 1120 1106 1148 consilio
1121 1124 1151 1148 ut
1164 1119 1321 1148 Judaaorum
1336 1125 1443 1156 gentem
1460 1121 1495 1147 ab
1509 1129 1541 1148 ea
1558 1122 1667 1156 penitus
1679 1127 1785 1149 arceret

992 1171 1074 1200 atque
1087 1165 1264 1198 excluderet,
1285 1173 1318 1193 ne
1333 1166 1375 1193 vel
1387 1173 1421 1193 ex
1439 1166 1497 1200 ipsa
1514 1166 1696 1201 appellatione
1714 1175 1784 1202 prte—

993 1216 1097 1239 textum
1110 1212 1241 1239 haberent
1257 1211 1344 1240 Judaei
1357 1233 1364 1245 ,
1377 1220 1436 1240 eam
1452 1216 1581 1247 tanquam
1603 1212 1717 1247 patriam
1732 1213 1785 1240 sibi

992 1257 1160 1284 vindicandi.
1186 1256 1292 1292 Quippe
1311 1257 1450 1284 Adrianus
1464 1256 1598 1284 fervidum
1626 1257 1733 1284 illorum
1753 1266 1786 1285 ac

993 1298 1168 1331 temerarium
1181 1303 1319 1338 ingentium
1342 1303 1550 1337 reformidabat,
1566 1312 1599 1332 ne
1614 1303 1684 1331 forte
1699 1305 1786 1332 sacri-

994 1349 1092 1377 ficandi
1109 1349 1199 1384 specie
1213 1350 1239 1376 in
1253 1357 1285 1376 ea
1301 1349 1367 1376 urbe
1383 1350 1550 1385 congregati,
1569 1350 1708 1385 negotium
1729 1351 1786 1378 lto-

994 1395 1084 1422 manis
1099 1395 1278 1422 facesserent.

1030 1441 1074 1468 12.
1094 1440 1212 1468 Oracuia
1226 1440 1360 1475 falsidica.
1376 1455 1412 1460 —
1424 1440 1712 1469 Post'translationem
1727 1442 1788 1469 reh-

995 1487 1122 1522 quiarum
1136 1487 1266 1522 martyris
1278 1486 1396 1522 Babylaa,
1413 1487 1556 1522 gentilium
1568 1488 1690 1520 oracula,
1708 1488 1787 1515 initio

996 1534 1069 1562 facto
1084 1535 1119 1561 ab
1133 1542 1166 1561 eo
1184 1534 1257 1569 quod
1273 1538 1332 1561 erat
1356 1534 1427 1569 apud
1449 1533 1592 1569 Daphnen,
1607 1541 1737 1569 responsa
1755 1542 1788 1561 ac

997 1581 1125 1608 vaticinia
1137 1580 1300 1613 ediderunt,
1327 1588 1389 1608 cum
1404 1579 1495 1607 divina
1511 1579 1683 1607 Providentia
1701 1580 1741 1608 eis
1759 1585 1789 1608 ut

996 1627 1175 1662 loquerentur
1194 1627 1304 1661 quidem
1333 1626 1522 1661 permisisset,
1547 1626 1667 1654 studium
1683 1634 1747 1654 vero
1761 1632 1789 1655 et

995 1663 1099 1701 cultum
1117 1673 1184 1708 ipsis
1201 1680 1296 1700 eorum
1311 1673 1463 1701 cultoribus
1475 1673 1503 1700 in
1515 1680 1654 1701 summum
1669 1673 1789 1701 dedecus

998 1719 1178 1747 convertisset
1193 1719 1260 1754 (74).
1287 1717 1394 1752 Quanto
1423 1719 1495 1746 enim
1519 1719 1674 1747 ardentiore
1699 1719 1789 1747 studio

997 1765 1111 1800 gentiles
1127 1765 1293 1792 studuerunt
1311 1770 1340 1792 ut
1354 1765 1491 1793 daemones
1508 1765 1619 1793 oracula
1633 1765 1786 1798 redderent,

1001 1819 1056 1846 quo
1066 1811 1212 1846 justiorem
1228 1819 1340 1839 causam
1359 1811 1489 1838 haberent
1513 1819 1561 1839 eos
1583 1811 1683 1839 divinis
1701 1812 1788 1839 hono-

996 1857 1071 1884 ribus
1087 1856 1238 1889 adiciendi,
1267 1865 1300 1885 eo
1316 1858 1403 1893 magis
1428 1858 1613 1885 inﬁrmitatem
1640 1865 1735 1885 eorum
1756 1865 1790 1885 ac

996 1903 1131 1931 fallaciam
1148 1904 1351 1938 deprehendere
1363 1904 1498 1939 compulsi
1507 1908 1571 1932 sunt
1583 1912 1597 1931 a
1613 1904 1705 1931 divina
1714 1903 1787 1931 Pro-

997 1949 1124 1977 videntia.
1143 1949 1249 1985 Quippe
1276 1950 1386 1978 oracula
1406 1957 1467 1985 quae
1497 1950 1561 1978 inde
1588 1950 1787 1986 proﬂuxerunt.

997 1995 1066 2023 falsa
1080 2000 1162 2030 atque
1173 1994 1331 2030 imperfecta
1344 2003 1495 2030 apparuere
1509 2005 1515 2022 :
1531 2001 1604 2023 certe
1618 2003 1680 2023 cum
1695 1997 1789 2024 omnia

998 2041 1157 2076 singillatim
1180 2041 1292 2068 oracula
1308 2041 1533 2076 respondissent,
1549 2040 1687 2069 Julianum
1704 2043 1788 2078 impe-

999 2087 1099 2114 ratoris
1114 2087 1299 2119 avunculum,
1315 2087 1362 2122 qui
1377 2091 1436 2114 tum
1453 2088 1550 2115 morbo
1568 2087 1724 2121 laborabat,
1741 2096 1790 2116 ne-

999 2140 1138 2168 quaquam
1154 2140 1216 2160 esse
1228 2133 1404 2165 moriturum,
1423 2127 1490 2160 dum
1507 2141 1538 2160 ea
1559 2134 1618 2168 ipsa
1635 2134 1790 2169 legerentur

1000 2177 1123 2210 oracula,
1142 2177 1262 2204 animam
1277 2176 1468 2204 miserabiliter
1482 2176 1628 2204 exhalavit.

197 2225 242 2258 ιγ’.
257 2221 319 2249 Ὀτι
329 2240 338 2254 ,
354 2220 453 2256 φησὶν,
469 2218 582 2254 Ἥρωνα
595 2225 656 2243 τινα
673 2217 705 2243 ἐκ
721 2216 816 2252 Θηϐῶν
831 2216 885 2243 τῶν
901 2217 943 2244 Δί-

1036 2223 1081 2251 15.
1100 2222 1156 2259 (75)
1170 2223 1306 2257 Αροδίιιιω
1325 2222 1377 2250 duo
1399 2224 1493 2250 misere
1511 2227 1629 2257 pereunt.
1647 2238 1682 2242 —
1698 2222 1789 2251 Heron

158 2268 282 2304 γυπτίων
299 2266 457 2303 ὁρμώμενον
467 2286 475 2298 ,
488 2264 534 2291 καὶ
550 2264 590 2295 εἰς
610 2262 775 2294 ἐπισκόπους
789 2262 946 2296 τελέσαντα,

159 2313 221 2342 εἶτα
245 2313 315 2349 πρὸς
343 2311 520 2347 Ἑλληνισμὺν
546 2309 731 2346 μεταϐαλόντα
744 2330 752 2343 ,
777 2310 948 2345 παραχρῆμα

159 2361 237 2393 νόσος
256 2358 442 2396 σηπεδονώδης
469 2357 589 2384 ἀπέλαϐε
602 2377 609 2388 ,
638 2356 684 2382 καὶ
709 2356 762 2382 πᾶν
777 2356 949 2392 καταϐοσκη-

160 2407 238 2435 θεῖσα
251 2406 283 2433 τὸ
309 2405 407 2441 σῶμα,
434 2403 571 2440 βδέλυγμα
590 2403 673 2429 πᾶσιν
696 2401 845 2434 ὑπέδειξεν.
868 2402 897 2428 '0
920 2403 949 2429 δὲ

160 2452 328 2488 πανταχόθεν
340 2450 526 2487 ἀπορούμενος
539 2449 568 2475 ἐν
583 2451 641 2480 τοῖς
651 2448 782 2483 ἀμφόδοις
797 2447 949 2482 κατέκειτο,

162 2500 224 2536 μηδ’
249 2500 341 2526 ὅντινα
355 2495 402 2525 οὖν
425 2495 581 2532 μηδαμόθεν
602 2495 688 2522 ἕλκων
716 2494 809 2520 ἔλεον·
822 2494 876 2521 τῶν
901 2495 951 2530 μὲν

161 2545 332 2582 Χριστιανῶν
347 2542 487 2574 παντελῶς
499 2540 580 2568 αὑτὸν
594 2540 813 2576 ἐκτρεπομένων,
826 2540 880 2567 τῶν
896 2541 951 2568 Ἑλ-

1000 2269 1110 2305 quidam
1136 2277 1170 2296 ex
1192 2269 1259 2297 urbe
1274 2268 1383 2305 [Egypti
1397 2268 1498 2297 Thebis
1513 2269 1646 2297 oriundus
1659 2289 1666 2302 ,
1691 2274 1719 2297 et
1740 2270 1788 2305 qui

1000 2316 1188 2351 episcopatum
1203 2321 1344 2351 gesserat,
1363 2323 1425 2344 cum
1447 2320 1541 2350 postea
1559 2316 1593 2344 ad
1616 2316 1790 2351 superstitio-

1001 2367 1063 2386 nem
1076 2360 1217 2394 gentilium
1231 2361 1402 2393 dcscivisset,
1411 2365 1520 2396 repente
1531 2360 1683 2396 putredinis
1694 2362 1789 2389 morbo

1002 2410 1144 2440 correptus
1167 2411 1224 2434 est:
1241 2414 1302 2441 quae
1328 2411 1415 2434 totum
1441 2407 1514 2434 illius
1540 2414 1640 2442 corpus
1664 2407 1788 2442 depasta,

1004 2450 1216 2479 abominabilem
1244 2452 1321 2478 illum
1345 2452 1481 2486 praestitit.
1502 2451 1628 2487 Undique
1657 2451 1740 2488 igitur
1756 2453 1790 2479 ad

1004 2504 1140 2524 summam
1152 2497 1277 2524 redactus
1296 2497 1428 2532 inopiam,
1443 2497 1471 2524 in
1485 2497 1581 2532 plateis
1593 2496 1710 2532 jaoebat,
1727 2504 1789 2525 cum

1004 2551 1085 2571 nemo
1103 2543 1179 2571 illum
1201 2543 1386 2572 misericordia
1403 2543 1457 2571 ulla
1480 2548 1711 2580 prosequeretur;
1725 2551 1789 2571 nam

779 2607 901 2630 VALESII
920 2610 1171 2634 ANNOTATIONES.

200 2663 254 2698 (72)
267 2663 423 2697 Πρόφασιν
436 2662 578 2698 ἐχούσης.
597 2660 682 2698 Leges
699 2660 893 2698 grammatice
901 2670 949 2697 ρο-

162 2695 266 2727 stulant
282 2695 312 2725 ut
324 2695 481 2735 scribamus
493 2697 630 2735 πρόφασιν
638 2695 857 2735 ἔχοινθίιὲξον.
878 2695 950 2735 sub.

162 2735 273 2763 auditur
287 2733 360 2761 enim
375 2729 611 2762 Ἰουδαίων’ἕθνος.
637 2729 729 2758 Potest
745 2730 827 2757 etiam
845 2732 947 2764 .scribi,

161 2769 299 2807 πρόφασιν
315 2767 417 2803 ἔχωσι,
432 2774 547 2802 eamque
562 2766 725 2801 scripturam
745 2766 834 2801 magis
850 2768 946 2802 probo.

1040 2665 1096 2700 (75)
1112 2664 1211 2700 Euseb.
1225 2665 1294 2693 Hist.
1315 2665 1333 2693 Ι.
1352 2673 1388 2698 ιν,
1401 2673 1460 2700 cap.
1475 2666 1505 2694 6.

1052 2700 1096 2734 74)
1112 2699 1269 2729 Theodorit.
1288 2701 1306 2729 l.
1322 2709 1363 2734 ιιι,
1379 2709 1404 2729 c.
1426 2699 1468 2728 [υ.

1052 2701 1084 2726 74
1112 2701 1269 2729 Theodorit.
1288 2701 1306 2729 l.
1322 2709 1363 2734 ιιι,
1379 2709 1404 2729 c.
1426 2702 1468 2728 tU.

1038 2701 1096 2772 £75;
1111 2735 1290 2772 Theophanes
1304 2736 1331 2764 in
1345 2736 1485 2771 Chronico,
1502 2745 1561 2772 pag.
1576 2738 1604 2766 3.

899 2832 1063 2855 VARIORUM
1067 2848 1074 2855 .

199 2887 240 2924 (ιι)
268 2887 316 2921 Ἐς
331 2886 428 2922 τιμήν.
451 2886 580 2922 Ἐντιμήν
598 2885 662 2920 legit
677 2884 872 2916 Gothofredus.
893 2886 938 2916 W.
956 2887 1056 2916 Lowth.
