1978 3075
224 160 274 188 55!

911 154 1158 182 PHILOSTORGII

1802 155 1853 183 552

223 216 372 244 Christiani
387 216 497 252 quidem
511 223 573 243 eum
587 215 696 250 penitus
714 215 912 243 aversabantur
923 235 930 247 ,
946 222 1012 249 geu-

1067 214 1152 249 λήνων
1169 214 1198 240 δὲ
1219 215 1296 250 μέχρι
1327 214 1374 242 τοῦ
1395 213 1595 241 καθυποὸαλεῖν
1618 213 1697 240 αὑτὸν
1716 215 1750 249 τῇ
1766 215 1854 250 πλάνῃ

225 263 286 290 tiles
301 270 366 290 vero
382 270 445 289 eum
463 262 595 289 hactenus
610 266 725 293 norant,
743 267 879 296 quatenus
895 261 921 287 in
938 268 1014 287 erro-

224 309 264 336 ris
278 309 436 336 societatem
451 315 514 336 eum
533 308 722 335 traduxerant.
747 307 779 334 Et
796 306 886 334 Heron
903 307 1012 342 quidem

225 353 264 381 ita
284 354 383 382 acerbo
402 359 484 388 atque
500 354 602 381 infelici
617 354 690 381 exitu
708 354 797 388 periit.
813 354 865 381 Sed
881 358 909 381 et
927 354 1014 381 Theo-

226 404 322 427 tecnus
334 399 446 434 quidam
461 399 494 426 ad
510 400 652 434 gentilium
676 400 897 434 superstitionem
924 405 1014 426 trans-

225 453 346 482 gressus,
368 451 479 480 repente
495 450 552 472 toto
564 453 680 480 corpore
694 444 845 480 putrefacto
858 465 865 476 .
881 446 1013 473 vermium

227 493 428 528 recrptaeulum
445 492 531 520 factus
545 497 598 520 est.
614 492 666 525 Qui
683 500 744 518 eum
759 492 853 519 oculos
866 493 889 519 ei
904 491 1015 519 effudis—

227 531 304 570 scitt,
322 538 355 565 ad
370 543 522 565 extremum
547 538 653 565 insania
679 543 821 572 correptus
845 543 903 570 est,
924 543 951 565 et
966 546 1014 565 sua

226 584 314 620 ipsius
334 584 424 619 lingua
452 585 562 612 concisa
589 589 616 611 et
632 592 759 614 comesa.
776 593 808 610 ex
829 585 1016 612 acerbissimis

225 631 370 658 tormentis
381 631 414 657 azl
431 631 516 657 lllttllt)
530 630 654 665 graviora
669 630 800 664 supplicia
813 635 854 657 est
870 631 1016 657 transmis—

226 682 282 702 sus.
299 674 382 701 Multa
396 675 553 708 lmjusmodi
568 675 689 709 prodigia
705 674 777 702 Deus
791 679 855 702 tunc
872 675 967 706 edidit,
981 675 1016 702 ab

229 720 263 746 iis
278 720 325 754 qui
343 720 514 754 impudenter
538 728 552 746 a
578 720 677 754 pietate
694 720 885 752 desciverant,
904 721 1016 747 meritas

225 773 322 794 eorum
339 766 433 793 sceleri
451 766 647 800 respondentes
661 766 773 801 exigens
787 774 891 800 pwuas.

263 811 307 839 M.
322 812 378 847 (76)
396 812 429 839 Β.
441 811 555 839 Joannis
573 812 745 847 Evangelium
767 812 957 848 Hierosolymis
974 821 1016 840 re-

226 863 339 893 pertum.
358 874 392 879 --
406 857 542 890 Julianus,
558 866 619 885 cum
631 859 725 885 urbem
742 858 955 894 Hierosolymam
971 859 1015 886 in-

227 904 345 932 staurari
367 904 514 938 jussisset,
538 911 571 931 eo
583 904 701 932 consilio
718 909 748 931 ut
760 903 867 931 Domini
883 905 968 932 nostri
982 905 1016 932 de

231 950 276 977 illa
292 950 481 985 praedictiones
498 949 590 977 irritas
607 957 668 977 esse
695 950 884 984 convinceret,
902 958 1016 985 prorsus

229 995 398 1023 contrarium
415 995 448 1022 iis
459 995 520 1030 dum
534 995 696 1023 moliebatur
705 995 804 1024 ell‘eeit.
815 996 881 1023 Nam
892 1000 919 1024 et
931 996 1014 1024 multa

227 1041 280 1069 alia
295 1041 418 1076 prodigia
432 1041 541 1068 coalitus
567 1041 690 1068 immissa
715 1049 785 1076 opus
807 1046 1015 1077 represserunt;

226 1091 254 1115 et
265 1095 327 1114 eum
346 1086 520 1114 fundamenta
539 1092 715 1121 pararentur,
739 1095 810 1115 unus
828 1096 861 1115 ex
879 1088 1016 1123 lapidibus

226 1133 274 1168 qui
298 1133 325 1160 in
343 1132 396 1159 ima
419 1132 478 1159 basi
505 1133 709 1166 collocabatur,
730 1141 781 1161 suo
807 1134 866 1161 loco
880 1134 1014 1167 demotus,

228 1179 328 1206 ostium
343 1178 414 1205 antri
434 1178 579 1213 cujusdam
591 1179 708 1213 aperuit.
725 1179 796 1214 quod
812 1180 838 1206 in
852 1188 918 1214 rupe
934 1188 1015 1208 exea-

228 1229 320 1251 vatum
334 1229 402 1251 erat.
417 1223 468 1250 Sed
484 1232 545 1251 cum
563 1224 598 1251 ob
614 1223 826 1258 profunditatem
843 1232 875 1252 ea
897 1234 958 1260 qua:
975 1226 1016 1253 in-

227 1274 272 1297 tus
286 1274 363 1297 erant
379 1277 489 1296 eernere
510 1269 617 1296 dilIicile
633 1275 725 1302 esset,
744 1275 886 1298 curatores
901 1279 1015 1306 operum

228 1315 267 1343 rei
280 1315 476 1349 eognoscendae
490 1315 592 1349 eupidi,
602 1315 748 1349 quemdam
761 1323 793 1343 ex
808 1317 940 1351 operariis
952 1325 1017 1352 pro-

228 1361 284 1388 lixo
313 1360 370 1387 funi
406 1360 547 1387 astrictum
579 1360 759 1388 demiserunt.
792 1361 842 1389 Hic
867 1363 1014 1396 demissus,

227 1415 327 1442 aquam
343 1406 369 1433 in
387 1411 466 1434 antro
481 1407 596 1433 residem
621 1407 654 1434 ad
670 1407 759 1433 media
771 1415 858 1442 usque
873 1416 953 1436 crura
972 1418 1016 1437 re-

229 1453 308 1488 perit.
323 1457 422 1479 etcum
439 1453 560 1487 undique
575 1452 666 1480 locum
682 1453 839 1485 circuisset,
855 1459 882 1481 et
899 1455 1016 1488 parietes

228 1502 435 1530 eoutrectasset,
450 1502 558 1525 antrum
575 1497 739 1532 quadratum
752 1506 812 1525 esse
827 1499 1013 1534 deprehendit.

228 1541 365 1571 Reversus
379 1543 492 1576 deinde,
515 1551 577 1571 cum
595 1543 622 1570 in
648 1544 738 1571 medio
762 1545 944 1579 constitisset,
969 1554 1049 1586 co-C

228 1588 350 1616 lumnam
379 1589 525 1624 quamdam
543 1589 656 1616 offendit
683 1597 745 1624 qua:
767 1591 908 1625 paululum
934 1600 1015 1627 supra

228 1642 327 1669 aquam
342 1635 476 1662 exstabat.
494 1634 581 1668 Quam
598 1642 659 1663 cum
674 1643 756 1662 manu
782 1637 1016 1671 apprehendisset,

229 1679 330 1707 librum
349 1679 373 1707 ei
390 1679 548 1714 impositum
567 1680 686 1714 reperit,
704 1681 865 1707 tenuissimo
883 1689 914 1708 ac
927 1682 1017 1716 puris-

230 1725 301 1752 simo
316 1726 399 1753 linteo
418 1726 579 1752 involutum.
602 1726 725 1760 Cumque
744 1734 806 1753 eum
821 1727 859 1754 uti
878 1728 1017 1754 invenerat

231 1771 396 1801 sustulisset,
413 1771 519 1805 signum
532 1771 606 1797 dedit
625 1776 653 1797 ut
667 1772 755 1805 ipsum
771 1773 950 1799 retraherent.
965 1773 1017 1800 Re-

230 1820 333 1843 traetus
352 1817 431 1850 igitur
446 1817 564 1843 ostendit
576 1817 687 1849 librum,
703 1822 730 1844 et
743 1818 884 1845 universos
897 1820 1016 1846 admira-

230 1863 304 1889 tione
325 1863 457 1896 perculit,
479 1863 513 1889 ob
530 1863 553 1889 id
575 1863 692 1889 maxime
717 1863 790 1897 quod
808 1871 903 1891 recens
927 1865 1016 1892 adhuc

231 1913 312 1941 atque
328 1908 445 1934 intactus
459 1907 613 1940 'videhatnr,
633 1913 660 1935 et
674 1908 747 1942 quod
760 1908 786 1934 in
802 1916 834 1935 eo
851 1909 911 1936 loco
923 1918 1015 1944 reper-

231 1959 276 1980 tus
294 1953 399 1981 fuisset.
415 1953 462 1980 llic
475 1954 556 1989 igitur
568 1954 635 1981 liber
647 1975 654 1987 ,
671 1955 743 1989 quod
762 1955 908 1990 gentilibus
922 1964 954 1983 ac
969 1956 1016 1984 Ju-

231 1999 297 2027 dmis
310 1999 404 2034 majori
417 1999 507 2026 adhuc
518 1999 692 2026 admirationi
705 2000 767 2033 fuit,
782 2000 925 2028 confestim
938 2009 1017 2035 aper-

232 2050 276 2072 tus
289 2065 295 2077 ,
311 2044 338 2070 in
361 2044 463 2079 capite,
480 2045 532 2071 hoc
547 2045 663 2072 habebat
675 2046 806 2079 scripturn
825 2046 1016 2080 grandioribus

232 2091 345 2118 litteris:
365 2090 398 2117 In
422 2091 553 2125 principio
563 2096 619 2118 erat
640 2091 770 2123 Verbum,
787 2096 811 2118 et
833 2091 942 2118 Verbum
959 2098 1014 2119 erat

230 2136 302 2170 apud
322 2135 414 2168 Deum,
430 2142 454 2163 et
470 2136 540 2163 Deus
564 2141 620 2163 erat
642 2137 763 2164 Verbum.
778 2136 948 2171 ProrstISque
972 2138 1016 2165 hic

229 2181 298 2210 Liber
314 2182 447 2217 integrum
466 2182 530 2209 illud
548 2183 704 2210 continebat
728 2182 901 2218 Evangellum
916 2203 923 2215 ,
942 2184 1014 2218 quod

1066 261 1146 295 μόνον
1156 261 1236 287 αὺτὸν
1257 261 1426 295 ἐγνωκότων.
1441 260 1512 287 Ἀλλ’
1526 262 1540 287 ὁ
1563 261 1612 296 μὲν
1632 260 1726 295 ’Ἥρων
1748 260 1854 296 πικρῶς

1063 307 1135 333 οὕτω
1160 307 1208 333 καὶ
1232 307 1388 339 παναθλίως
1415 307 1467 342 τῆς
1493 305 1566 341 ζωῆς
1593 306 1773 342 ἀπελήλαται.
1801 307 1855 332 Καὶ

1063 353 1209 384 Θεότεκνος
1225 353 1253 380 δέ
1277 362 1320 385 τις
1335 353 1403 389 πρὸς
1424 353 1470 380 τὸν
1494 352 1669 388 Ἐλληνισμον
1696 352 1853 388 ἀπορρυεὶς,

1065 400 1155 426 πᾶσαν
1172 399 1278 435 ἀθρόως
1294 399 1343 435 τὴν
1366 400 1455 435 σάρκα
1477 399 1619 430 διασαπεὶς
1644 398 1691 424 καὶ
1704 397 1853 432 σκωλήκων

1065 445 1115 480 ὓλη
1131 444 1252 479 γεγονὼς
1263 466 1270 477 ,
1285 446 1332 471 καὶ
1347 445 1379 479 δὴ
1395 445 1442 471 καὶ
1460 444 1524 476 τοὺς
1538 443 1693 478 ὀφθαλμοὺς
1707 443 1752 469 ὑπ’
1765 442 1854 469 αὐτῶν

1064 491 1234 526 ὲξορυχθεὶς,
1256 491 1389 518 τελευτῶν
1416 491 1455 522 είς
1474 489 1571 526 μανίαν
1594 490 1717 525 ἐτράπη.
1743 488 1789 515 καὶ
1804 488 1854 523 τὴν

1065 537 1161 564 ἑαυτοῦ
1177 537 1301 572 γλῶτταν
1317 536 1494 571 καταφαγὼν,
1510 538 1542 563 ὲκ
1555 536 1661 571 πικρῶν
1676 535 1800 571 βασάνων
1815 535 1854 566 είς

1066 584 1133 610 πολὺ
1144 583 1323 619 χαλεπώτερα
1332 581 1518 618 παρεπέμφθη
1525 581 1640 616 κολαστή
1645 590 1700 616 pta.
1709 581 1763 607 Kal
1771 579 1854 606 πολλὰ

1065 628 1177 655 τοιαῦτα
1191 629 1222 655 τὺ
1231 629 1307 656 Θεῖον
1321 627 1523 663 ὲτερατούργει,
1539 627 1719 662 ἀντιρρόπους
1732 624 1782 656 τὰς
1794 634 1854 651 ποι-

1065 676 1114 707 νὰς
1129 677 1204 712 παρὰ
1218 676 1272 702 τῶν
1285 675 1398 711 ἁναίδην
1412 674 1582 702 ἀσεϐούντων
1595 673 1836 709 εἰσπραττόμενον.

1103 807 1142 834 ιδ’.
1157 807 1218 834 Ὀτι
1232 806 1386 842 προστάξας
1396 826 1404 837 ,
1419 806 1511 841 φησὶν,
1535 804 1676 836 Ἰουλιανὸς
1691 803 1724 830 τὰ
1740 802 1854 838 Ἰεροσό-

1065 852 1138 888 λυμα
1153 852 1395 887 ἀνοικοδομεῖσοαι,
1410 851 1448 883 ὡς
1463 851 1496 878 ἂν
1510 851 1560 883 τὰς
1579 851 1643 886 περὶ
1658 849 1747 876 αὐτῶν
1759 849 1855 875 δεσπο-

1066 898 1144 929 τικὰς
1163 898 1329 933 προρρήσεις
1346 897 1464 932 ἀκύρους
1478 896 1573 932 ἐλέγξῃ
1584 916 1592 927 ,
1607 895 1759 922 τούναντίον
1781 895 1855 921 ἆπαν

1065 941 1102 970 ὧν
1119 943 1301 974 ἐσπούδασεν,
1320 942 1508 978 ἐξειργάσατο.
1525 942 1611 968 ’Δλλα
1624 950 1653 968 τε
1676 942 1731 976 γὰρ
1752 940 1856 976 τέρατα

1066 989 1191 1025 ὑπερφυῆ
1204 989 1234 1015 τὺ
1247 989 1326 1025 ἔργον
1341 988 1553 1024 κατασκήψαντα
1570 987 1669 1022 ἐπέσχε
1680 995 1687 1002 ·
1700 987 1746 1013 καὶ
1760 986 1791 1022 δὴ
1807 985 1855 1012 καὶ

1065 1034 1119 1061 τῶν
1139 1033 1272 1070 Θεμελίων
1287 1033 1524 1070 εὑτρεπιςομένων
1535 1054 1542 1067 ,
1559 1030 1600 1065 εἷς
1619 1033 1673 1059 τῶν
1700 1032 1797 1063 λίθων,
1813 1033 1855 1064 είς

1065 1082 1114 1117 τὴν
1130 1081 1247 1116 ἐσχάτην
1262 1081 1382 1116 κρηπῖδα
1396 1080 1571 1115 τεταγμένων
1588 1079 1726 1115 κινηθεὶς.
1743 1079 1854 1114 στόμιον

1065 1127 1164 1164 ἄντρου
1188 1127 1260 1158 τινὸς
1277 1126 1434 1162 παρέδειξεν
1447 1147 1454 1158 ,
1470 1126 1682 1162 ὲνειργασμένου
1701 1126 1733 1160 τῇ
1754 1125 1853 1160 πέτρᾳ.

1072 1175 1115 1206 Ὡς
1130 1174 1151 1200 δ’
1168 1175 1269 1210 ἄπορος
1284 1171 1317 1209 ἧν
1332 1173 1388 1207 (77)
1411 1172 1455 1199 διὰ
1476 1172 1506 1199 τὸ
1522 1172 1604 1206 βάθος
1624 1172 1689 1198 ἰδεῖν
1709 1172 1743 1198 τὰ
1768 1172 1853 1202 ἔνδον,

1067 1219 1221 1256 βουλόμενοι
1233 1219 1333 1253 γνῶναι
1356 1218 1386 1244 τὺ
1406 1217 1491 1252 σαφὲς
1506 1218 1531 1244 oi.
1547 1218 1603 1249 τοῖς
1622 1217 1712 1252 ἔργοις
1732 1217 1854 1251 ἐφεστῶ-

1065 1275 1131 1298 τες,
1160 1264 1276 1292 καθιῶσί
1298 1272 1358 1291 τινα
1385 1263 1438 1290 τῶν
1465 1262 1588 1298 ἐργατῶν
1614 1262 1718 1298 σχοίνου
1747 1263 1854 1298 μακρᾶς

1066 1312 1255 1347 ὲκδησάμενοι.
1280 1311 1309 1336 '0
1324 1310 1352 1336 δὲ
1368 1309 1545 1345 καθιμηοεὶς,
1562 1309 1634 1345 ὕδωρ
1655 1309 1705 1344 μὲν
1720 1307 1798 1344 εὗρεν
1813 1310 1854 1340 εἰς

1068 1359 1152 1393 μέσας
1168 1358 1273 1392 κνήμας
1284 1355 1353 1382 κατὰ
1367 1355 1397 1381 τὺ
1410 1355 1506 1391 ἄντρον
1528 1355 1706 1390 συνεστηκός·
1720 1355 1854 1390 πανταχοῖ

1065 1405 1093 1431 δὲ
1106 1402 1253 1440 περιελθὼν
1268 1401 1377 1429 καὶτῶν
1392 1401 1490 1436 τοίχων
1503 1401 1678 1436 ἐφαψάμενος
1690 1421 1697 1432 ,
1713 1400 1853 1436 τετράγω-

1065 1459 1110 1477 νον
1132 1450 1182 1485 μὲν
1194 1449 1225 1476 τὸ
1240 1449 1337 1485 ἄντρον
1352 1448 1432 1483 ἔγνω.
1461 1448 1653 1482 Ἀναστρέφων
1668 1447 1695 1473 δὲ
1710 1447 1757 1473 καὶ
1782 1446 1854 1473 κατὰ

1065 1497 1095 1523 τὸ
1110 1497 1192 1531 μέσον
1210 1495 1350 1530 γεγονὼς,
1371 1495 1529 1530 ἐντυγχάνει
1556 1493 1640 1529 στήλῃ
1665 1493 1738 1525 τινὶ,
1765 1492 1852 1528 βραχῦ

1065 1543 1190 1578 διεχούσῃ
1203 1542 1249 1568 τοῦ
1263 1541 1357 1573 ὓδατος
1368 1550 1375 1557 ·
1396 1539 1413 1579 ᾖ
1426 1541 1474 1576 τὴν
1487 1542 1566 1576 χεῖρα
1581 1539 1716 1566 ὲπιῆαλὼν
1732 1539 1853 1574 εὑρίσκει

1068 1589 1168 1623 βιϐλίον
1185 1589 1252 1623 αὐτῇ
1268 1587 1449 1623 ἐπικείμενον,
1462 1587 1618 1621 λεπτοτάτῳ
1636 1587 1682 1612 κα)⁹
1703 1585 1855 1620 memm—

1066 1644 1105 1670 τῳ
1130 1635 1336 1671 περιειλημένον
1359 1633 1496 1669 ὴμιτυϐίῳ
1511 1634 1549 1668 (α)
1561 1643 1567 1648 ·
1593 1633 1754 1667 ἀνελόμενος
1771 1632 1798 1658 δὲ
1815 1631 1855 1663 ὡς

1067 1679 1129 1716 εὗρε
1151 1681 1181 1707 τὺ
1196 1680 1297 1716 βιϐλίον
1311 1701 1317 1712 ,
1341 1680 1467 1715 σημαίνει
1484 1679 1537 1706 δεῖν
1560 1679 1640 1706 αὑτὸν
1666 1678 1852 1713 ἀνακομίζειν.

1074 1726 1278 1762 Ἀνακομισοεὶς
1301 1726 1333 1761 δὴ
1357 1726 1522 1752 ἐπιδείκνυσι
1545 1725 1574 1752 τὺ
1600 1725 1699 1759 βιϐλίον
1713 1744 1720 1756 ,
1744 1725 1790 1751 καὶ
1813 1725 1855 1754 εἰς

1067 1773 1171 1808 θάμϐος
1194 1774 1316 1805 ἅπαντας
1332 1773 1392 1807 ἄγει
1405 1793 1412 1805 ,
1433 1772 1550 1807 μάλιστα
1563 1772 1585 1798 δ’
1600 1772 1641 1798 ὅτι
1656 1772 1703 1798 καὶ
1725 1770 1854 1806 νεουργὸν

1067 1819 1114 1845 καὶ
1129 1818 1210 1853 ἁθιγῆ
1227 1818 1282 1852 (78)
1299 1819 1411 1853 παρεῖχε
1426 1817 1474 1853 τὴν
1495 1817 1558 1843 θέαν
1568 1837 1575 1849 ,
1591 1817 1639 1843 καὶ
1653 1817 1690 1848 ὡς
1706 1817 1734 1842 ὲν
1757 1816 1855 1850 ἐκείνῳ

1067 1864 1100 1890 ἂν
1117 1864 1225 1899 εὑρεθὲν
1251 1863 1288 1899 τῷ
1303 1864 1403 1899 χωρίῳ.
1420 1863 1456 1889 Τὸ
1472 1863 1501 1889 δὲ
1524 1863 1577 1898 ἄρα
1600 1863 1630 1888 τὸ
1648 1863 1759 1897 βιϐλίον,
1774 1861 1788 1888 ὃ
1806 1862 1855 1888 καὶ

1067 1910 1147 1936 πλέον
1164 1909 1337 1945 Ἑλληνιστάς
1354 1910 1400 1936 καὶ
1421 1909 1562 1941 Ἰουδαίους
1580 1908 1758 1944 κατέπληξεν,
1772 1908 1856 1939 εὐθὺς

1068 1957 1126 1983 κατ’
1143 1956 1229 1992 ἀρχὰς
1246 1956 1426 1990 ἁναπτυχθὲν,
1447 1956 1574 1990 μεγάλοις
1589 1955 1664 1989 ἔλεγε
1680 1955 1854 1989 γράμμασιν,

1074 2004 1122 2029 Ἑν
1135 2002 1214 2037 ἀρχῇ
1230 2000 1269 2037 ἦν
1288 2004 1303 2029 ὀ
1318 2003 1430 2036 Λόγος,
1446 2001 1494 2028 καὶ
1513 2003 1529 2028 ό
1544 2001 1638 2035 Λόγος
1653 1999 1691 2035 ἦν
1706 2000 1781 2033 βιρδς
1799 1998 1856 2024 τὸν

1069 2048 1160 2079 Θεὸν,
1178 2048 1226 2074 καὶ
1248 2047 1320 2079 Θεὸς
1340 2045 1379 2082 ἦν
1395 2049 1410 2073 ὀ
1426 2047 1530 2081 Λόγος.
1552 2046 1606 2072 Καὶ
1623 2045 1715 2076 ἁπλῶς
1739 2043 1854 2077 ὁλόκλη-

1069 2102 1114 2129 ρον
1129 2093 1248 2128 ήγραφὴ
1263 2093 1292 2119 τὸ
1307 2092 1469 2126 Εὑαγγέλιον
1482 2092 1596 2122 ἐδείκνυ,
1611 2092 1678 2126 ὅπερ
1694 2091 1711 2125 ἡ
1729 2089 1854 2122 θεολόγος

1067 2140 1113 2166 τοῦ
1133 2139 1253 2175 μαθητοῦ
1278 2140 1324 2165 καὶ
1348 2138 1481 2174 παρθένου
1508 2138 1704 2174 εὐηγγελίσατο
1730 2135 1852 2170 γλῶσσα.

1068 2187 1176 2222 Ἐδήλου
1190 2187 1217 2213 δὲ
1233 2187 1287 2221 ἄρα
1304 2185 1373 2221 μετὰ
1392 2186 1445 2212 τῶν
1459 2185 1547 2212 ἄλλων
1561 2183 1717 2220 παραδόξων
1732 2183 1821 2218 ἔργων
1836 2182 1857 2210 ἃ

230 2236 308 2256 sacra
332 2229 458 2263 discipuli
485 2229 652 2263 virginisque
679 2229 769 2263 lingua
795 2230 1013 2258 annuntiaverat.

1067 2235 1127 2260 κατ’
1143 2234 1230 2259 ἐκεῖνο
1242 2231 1339 2267 καιροῦ
1352 2231 1497 2267 οὐρανόθεν
1511 2230 1652 2265 ἐπεδείχθη
1662 2250 1670 2261 ,
1692 2229 1728 2265 μὴ
1743 2229 1775 2255 ἄν
1788 2236 1855 2254 ποτε

231 2273 316 2301 Porro
332 2274 386 2301 hoc
400 2275 561 2301 miraculum
577 2282 630 2301 una
648 2282 710 2302 cum
734 2274 795 2302 aliis
808 2275 938 2310 prodigiis
954 2283 1014 2310 qua:

232 2325 298 2348 tunc
324 2320 432 2348 caelitus
452 2325 560 2347 ostensa
587 2325 664 2351 sunt.
696 2321 836 2356 perspicue
866 2321 1013 2353 indicabat,

232 2374 371 2401 nunquam
389 2366 416 2393 in
433 2366 538 2393 irritum
558 2374 683 2393 casuram
707 2374 766 2394 esse
782 2367 943 2394 sontentiam
961 2366 1015 2394 Do-

231 2412 309 2445 mini.
325 2421 386 2447 qua:
401 2413 493 2448 templi
511 2413 690 2440 vastationem
709 2418 840 2448 perpetuo
856 2421 1013 2440 mansuram

230 2459 400 2492 praedixerat.
415 2458 494 2486 Liber
516 2459 588 2486 enim
615 2458 680 2491 ille,
703 2466 765 2486 eum
783 2458 829 2493 qui
853 2458 903 2485 ista
930 2459 1014 2485 multo

1066 2279 1204 2305 διαπεσεῖν
1218 2277 1379 2311 δεσποτικὴν
1395 2277 1532 2310 ἀπόφασιν
1545 2296 1552 2306 ,
1572 2276 1632 2310 ἥτις
1654 2275 1702 2309 τὴν
1717 2275 1757 2304 είς
1775 2273 1855 2304 τέλος

1067 2323 1206 2358 ἐρήμωσιν
1220 2322 1267 2348 τοῦ
1284 2322 1336 2349 νεὼ
1353 2323 1510 2356 προανεῖπε.
1526 2321 1580 2348 Καὶ
1593 2320 1646 2355 γὰρ
1660 2319 1725 2346 Θεόν
1735 2327 1765 2344 τε
1778 2318 1855 2344 €050-

1067 2368 1142 2401 λὸγει
1157 2367 1186 2394 τὸ
1203 2367 1303 2402 βιὸλίον
1319 2367 1364 2394 τὸν
1385 2367 1471 2393 ταῦτα
1492 2365 1723 2401 προτεθεσπικότα
1741 2365 1788 2390 καὶ
1807 2364 1856 2398 δη-

1070 2413 1197 2449 μιουργῦν
1214 2413 1356 2440 ἁπάντων·
1373 2413 1419 2439 καὶ
1433 2412 1541 2447 ἔλεγχος
1554 2410 1587 2447 ἦν
1608 2411 1654 2438 τοῦ
1678 2410 1767 2445 μάτην
1783 2408 1857 2435 ὲκεί-

1068 2467 1129 2491 νους
1151 2458 1214 2494 περὶ
1238 2458 1286 2494 τὴν
1313 2458 1456 2494 οἰκοδομὴν
1473 2457 1606 2485 ποιεῖσθαι
1622 2457 1695 2492 (79),
1711 2457 1761 2491 τῆς
1779 2455 1856 2485 θείας

842 2524 962 2545 VALESII
982 2523 1230 2546 ANNOTATIONES.

265 2575 321 2611 (76)
338 2575 435 2610 Supra,
451 2584 475 2603 c.
491 2575 515 2611 93

266 2609 322 2646 (7⁵1)
343 2609 468 2646 ᾌέτορος
493 2609 540 2645 ἦν.
564 2609 742 2637 Scribendum
761 2614 803 2637 est
817 2609 911 2643 procul
926 2609 1010 2636 dubio

228 2644 330 2707 ἄπο-ρον
344 2644 388 2679 ἣν.
414 2644 417 2645 ⁷
506 2644 509 2645 ⁷
657 2678 671 2684 _
820 2679 825 2684 ι
1006 2679 1012 2684 _

265 2682 275 2718 ς
293 2682 320 2717 8)
339 2681 490 2716 Nsovpror
511 2681 561 2707 καὶ
582 2680 682 2713 ὰθινη.
707 2678 746 2706 Ex
766 2678 860 2706 codice
886 2678 1012 2706 Bocbarll

1064 2575 1215 2606 emendavi.
1231 2575 1278 2602 καὶ
1295 2575 1386 2610 ἀθιγῆ.

1100 2610 1156 2645 (79)
1175 2610 1279 2644 Μάτην
1290 2607 1426 2642 ἐκείνους
1435 2609 1502 2643 περὶ
1514 2608 1577 2645 τὴν)
1585 2607 1748 2642 οἰκοδομὴν
1762 2607 1856 2635 nats:-

1064 2644 1151 2672 σθαι(
1162 2645 1340 2672 Scribenduin
1355 2645 1462 2673 videtur
1473 2644 1623 2671 πονεῖσθαι.

958 2735 1122 2758 νΑιυοιιυΜ
1128 2752 1133 2757 .

264 2791 304 2827 (al
327 2791 492 2827 Ἡμιτυσίφ.
508 2791 570 2817 lla-c
591 2797 646 2827 vox
668 2789 788 2827 occurrit
811 2788 897 2827 infra,
912 2790 958 2817 lib.
974 2798 1009 2827 ιι,

228 2824 290 2858 (an.
309 2827 334 2852 l.
349 2826 396 2853 Est
410 2831 499 2853 autem
515 2825 658 2861 ἡμιτύϐιον
672 2825 796 2855 linteum.
806 2825 959 2861 sudarium,
971 2824 1011 2851 fa-

228 2862 298 2894 scia,
315 2861 422 2889 siudun.
446 2861 499 2888 llac
526 2860 591 2888 voce
606 2861 662 2894 jam
684 2860 748 2886 olim
770 2860 811 2887 usi
829 2865 892 2886 sunt
908 2860 1012 2887 Aristo-

1062 2793 1165 2854 pbqnes
1177 2813 1185 2825 ,
1205 2791 1392 2828 Hippocrates,
1406 2791 1569 2819 Plutarchus
1583 2811 1590 2824 ,
1605 2794 1665 2817 Jac.
1693 2789 1857 2826 Gothofred-

1063 2836 1087 2854 l.l
1117 2835 1155 2854 υς.

1063 2836 1087 2854 ι.ί
1106 2835 1155 2854 lac.
