  <div class='ocr_page' id='page_1' title='image "/cluster/home/n/w/nwhite01/storage/ocr_20150623/65/njp.32101077772687/294.png"; bbox 0 0 1978 3075; ppageno 0'>
   <div class='ocr_carea' id='block_1_1' title="bbox 112 172 158 201">
    <p class='ocr_par' dir='ltr' id='par_1_1' title="bbox 112 172 158 201">
     <span class='ocr_line' id='line_1_1' title="bbox 112 172 158 201; baseline 0.022 -1"><span class='ocrx_word' id='word_1_1' title='bbox 112 172 158 201; x_wconf 78' lang='lat'><strong>555</strong></span> 
     </span>
    </p>
   </div>
   <div class='ocr_carea' id='block_1_2' title="bbox 604 176 1231 206">
    <p class='ocr_par' dir='ltr' id='par_1_2' title="bbox 604 176 1231 206">
     <span class='ocr_line' id='line_1_2' title="bbox 604 176 1231 206; baseline 0.002 -1"><span class='ocrx_word' id='word_1_2' title='bbox 604 177 882 205; x_wconf 65' lang='lat' dir='ltr'><strong>ECCLESIASTICE.</strong></span> <span class='ocrx_word' id='word_1_3' title='bbox 903 176 1078 205; x_wconf 57' lang='lat' dir='ltr'><strong>HlSTORlE</strong></span> <span class='ocrx_word' id='word_1_4' title='bbox 1092 178 1158 206; x_wconf 82' lang='lat' dir='ltr'><strong>LIB.</strong></span> <span class='ocrx_word' id='word_1_5' title='bbox 1175 177 1231 206; x_wconf 79' lang='lat' dir='ltr'><strong>\‘ll.</strong></span> 
     </span>
    </p>
   </div>
   <div class='ocr_carea' id='block_1_3' title="bbox 1682 179 1736 207">
    <p class='ocr_par' dir='ltr' id='par_1_3' title="bbox 1682 179 1736 207">
     <span class='ocr_line' id='line_1_3' title="bbox 1682 179 1736 207; baseline 0.037 -2"><span class='ocrx_word' id='word_1_6' title='bbox 1682 179 1736 207; x_wconf 62' lang='lat' dir='ltr'><strong>333&#39;s</strong></span> 
     </span>
    </p>
   </div>
   <div class='ocr_carea' id='block_1_4' title="bbox 111 232 903 270">
    <p class='ocr_par' dir='ltr' id='par_1_4' title="bbox 111 232 898 270">
     <span class='ocr_line' id='line_1_4' title="bbox 111 232 898 270; baseline 0.005 -12"><span class='ocrx_word' id='word_1_7' title='bbox 111 233 153 259; x_wconf 80' lang='grc' dir='ltr'>καὶ</span> <span class='ocrx_word' id='word_1_8' title='bbox 175 232 343 268; x_wconf 78' lang='grc' dir='ltr'><strong>ἀμεταθέτου</strong></span> <span class='ocrx_word' id='word_1_9' title='bbox 360 233 451 269; x_wconf 75' lang='grc' dir='ltr'>ψήφου</span> <span class='ocrx_word' id='word_1_10' title='bbox 475 233 519 261; x_wconf 78' lang='grc' dir='ltr'>τὸν</span> <span class='ocrx_word' id='word_1_11' title='bbox 536 235 574 266; x_wconf 81' lang='grc' dir='ltr'><strong>εἰς</strong></span> <span class='ocrx_word' id='word_1_12' title='bbox 587 235 664 266; x_wconf 78' lang='grc' dir='ltr'>τέλος</span> <span class='ocrx_word' id='word_1_13' title='bbox 686 236 733 262; x_wconf 77' lang='grc' dir='ltr'>τοῦ</span> <span class='ocrx_word' id='word_1_14' title='bbox 757 235 808 262; x_wconf 83' lang='grc' dir='ltr'><strong>νεὼ</strong></span> <span class='ocrx_word' id='word_1_15' title='bbox 827 237 898 270; x_wconf 83' lang='grc' dir='ltr'>ἀφα-</span> 
     </span>
    </p>
   </div>
   <div class='ocr_carea' id='block_1_5' title="bbox 957 232 1737 270">
    <p class='ocr_par' dir='ltr' id='par_1_5' title="bbox 957 235 1737 270">
     <span class='ocr_line' id='line_1_5' title="bbox 957 235 1737 270; baseline 0.005 -9"><span class='ocrx_word' id='word_1_16' title='bbox 957 241 1013 263; x_wconf 76' lang='lat' dir='ltr'><strong>tnte</strong></span> <span class='ocrx_word' id='word_1_17' title='bbox 1029 237 1270 270; x_wconf 79' lang='lat' dir='ltr'><strong>pronuntiaverat,</strong></span> <span class='ocrx_word' id='word_1_18' title='bbox 1284 235 1367 262; x_wconf 49' lang='grc' dir='ltr'>1)«ιιιη</span> <span class='ocrx_word' id='word_1_19' title='bbox 1389 240 1411 262; x_wconf 81' lang='lat' dir='ltr'><strong>et</strong></span> <span class='ocrx_word' id='word_1_20' title='bbox 1435 235 1554 263; x_wconf 68' lang='lat' dir='ltr'><strong>universi</strong></span> <span class='ocrx_word' id='word_1_21' title='bbox 1568 236 1737 266; x_wconf 76' lang='lat' dir='ltr'><strong>conditorem</strong></span> 
     </span>
    </p>
   </div>
   <div class='ocr_carea' id='block_1_6' title="bbox 110 279 895 317">
    <p class='ocr_par' dir='ltr' id='par_1_6' title="bbox 110 279 895 317">
     <span class='ocr_line' id='line_1_6' title="bbox 110 279 895 317; baseline 0.005 -13"><span class='ocrx_word' id='word_1_22' title='bbox 110 279 199 314; x_wconf 82' lang='grc' dir='ltr'>νιομδν</span> <span class='ocrx_word' id='word_1_23' title='bbox 228 280 504 317; x_wconf 72' lang='grc' dir='ltr'><strong>καταψηφισαμένης.</strong></span> <span class='ocrx_word' id='word_1_24' title='bbox 521 281 562 307; x_wconf 86' lang='grc' dir='ltr'><strong>Τὰ</strong></span> <span class='ocrx_word' id='word_1_25' title='bbox 590 281 682 316; x_wconf 81' lang='grc' dir='ltr'>μέντοι</span> <span class='ocrx_word' id='word_1_26' title='bbox 711 281 895 317; x_wconf 80' lang='grc' dir='ltr'>Ἰεροσόλυμα,</span> 
     </span>
    </p>
   </div>
   <div class='ocr_carea' id='block_1_7' title="bbox 111 323 897 361">
    <p class='ocr_par' dir='ltr' id='par_1_7' title="bbox 111 323 897 361">
     <span class='ocr_line' id='line_1_7' title="bbox 111 323 897 361; baseline 0.004 -11"><span class='ocrx_word' id='word_1_27' title='bbox 111 323 206 355; x_wconf 73' lang='grc' dir='ltr'>Ίεῧοὺς</span> <span class='ocrx_word' id='word_1_28' title='bbox 235 324 367 359; x_wconf 83' lang='grc' dir='ltr'>πρότερον</span> <span class='ocrx_word' id='word_1_29' title='bbox 391 325 533 358; x_wconf 77' lang='grc' dir='ltr'>ἐκαλεῖτο,</span> <span class='ocrx_word' id='word_1_30' title='bbox 563 325 617 352; x_wconf 79' lang='grc' dir='ltr'><strong>τῶν</strong></span> <span class='ocrx_word' id='word_1_31' title='bbox 638 326 689 361; x_wconf 83' lang='grc' dir='ltr'>τῆς</span> <span class='ocrx_word' id='word_1_32' title='bbox 713 326 897 361; x_wconf 72' lang='grc' dir='ltr'><strong>Βενιαμίτιδος</strong></span> 
     </span>
    </p>
   </div>
   <div class='ocr_carea' id='block_1_8' title="bbox 111 369 897 408">
    <p class='ocr_par' dir='ltr' id='par_1_8' title="bbox 111 369 897 408">
     <span class='ocr_line' id='line_1_8' title="bbox 111 369 897 408; baseline 0.004 -12"><span class='ocrx_word' id='word_1_33' title='bbox 111 369 192 404; x_wconf 75' lang='grc' dir='ltr'>φυλῆς</span> <span class='ocrx_word' id='word_1_34' title='bbox 207 369 309 405; x_wconf 83' lang='grc' dir='ltr'>ταύτην</span> <span class='ocrx_word' id='word_1_35' title='bbox 321 371 507 402; x_wconf 73' lang='grc' dir='ltr'>ἐνοικούντων,</span> <span class='ocrx_word' id='word_1_36' title='bbox 528 371 593 406; x_wconf 73' lang='grc' dir='ltr'>πρὶν</span> <span class='ocrx_word' id='word_1_37' title='bbox 608 371 625 406; x_wconf 87' lang='grc' dir='ltr'>ἣ</span> <span class='ocrx_word' id='word_1_38' title='bbox 642 372 724 398; x_wconf 78' lang='grc' dir='ltr'><strong>Δαῦὶδ</strong></span> <span class='ocrx_word' id='word_1_39' title='bbox 740 373 754 398; x_wconf 80' lang='grc' dir='ltr'>ὁ</span> <span class='ocrx_word' id='word_1_40' title='bbox 770 372 897 408; x_wconf 74' lang='grc' dir='ltr'>βασιλεὺς</span> 
     </span>
    </p>
   </div>
   <div class='ocr_carea' id='block_1_9' title="bbox 111 415 895 452">
    <p class='ocr_par' dir='ltr' id='par_1_9' title="bbox 111 415 895 452">
     <span class='ocr_line' id='line_1_9' title="bbox 111 415 895 452; baseline 0.004 -10"><span class='ocrx_word' id='word_1_41' title='bbox 111 415 251 451; x_wconf 75' lang='grc' dir='ltr'><strong>ὑποσχέσει</strong></span> <span class='ocrx_word' id='word_1_42' title='bbox 269 417 437 452; x_wconf 81' lang='grc' dir='ltr'><strong>στρατηγίας</strong></span> <span class='ocrx_word' id='word_1_43' title='bbox 453 417 521 443; x_wconf 79' lang='grc' dir='ltr'>ἐλὼν</span> <span class='ocrx_word' id='word_1_44' title='bbox 536 417 622 452; x_wconf 77' lang='grc' dir='ltr'>αὐτὴν</span> <span class='ocrx_word' id='word_1_45' title='bbox 643 418 687 444; x_wconf 82' lang='grc' dir='ltr'>διὰ</span> <span class='ocrx_word' id='word_1_46' title='bbox 712 418 759 444; x_wconf 79' lang='grc' dir='ltr'><strong>τοῦ</strong></span> <span class='ocrx_word' id='word_1_47' title='bbox 782 419 895 445; x_wconf 83' lang='grc' dir='ltr'>Ίοὰὁου.</span> 
     </span>
    </p>
   </div>
   <div class='ocr_carea' id='block_1_10' title="bbox 111 462 897 498">
    <p class='ocr_par' dir='ltr' id='par_1_10' title="bbox 111 462 897 498">
     <span class='ocr_line' id='line_1_10' title="bbox 111 462 897 498; baseline 0.001 -9"><span class='ocrx_word' id='word_1_48' title='bbox 111 462 218 497; x_wconf 83' lang='grc' dir='ltr'><strong>Ἐκεὶνῳ</strong></span> <span class='ocrx_word' id='word_1_49' title='bbox 228 472 258 490; x_wconf 88' lang='grc' dir='ltr'><strong>τε</strong></span> <span class='ocrx_word' id='word_1_50' title='bbox 276 463 325 498; x_wconf 88' lang='grc' dir='ltr'><strong>τὴν</strong></span> <span class='ocrx_word' id='word_1_51' title='bbox 341 463 489 498; x_wconf 78' lang='grc' dir='ltr'><strong>ὑπόσχεσιν</strong></span> <span class='ocrx_word' id='word_1_52' title='bbox 503 464 540 495; x_wconf 82' lang='grc' dir='ltr'>ὡς</span> <span class='ocrx_word' id='word_1_53' title='bbox 564 463 712 497; x_wconf 78' lang='grc' dir='ltr'>ὑπεδέξατο</span> <span class='ocrx_word' id='word_1_54' title='bbox 727 464 834 497; x_wconf 82' lang='grc' dir='ltr'>δίδωσι,</span> <span class='ocrx_word' id='word_1_55' title='bbox 851 465 897 491; x_wconf 82' lang='grc' dir='ltr'><strong>καὶ</strong></span> 
     </span>
    </p>
   </div>
   <div class='ocr_carea' id='block_1_11' title="bbox 112 509 897 546">
    <p class='ocr_par' dir='ltr' id='par_1_11' title="bbox 112 509 897 546">
     <span class='ocr_line' id='line_1_11' title="bbox 112 509 897 546; baseline 0.001 -10"><span class='ocrx_word' id='word_1_56' title='bbox 112 510 187 541; x_wconf 79' lang='grc' dir='ltr'>αὐτὸς</span> <span class='ocrx_word' id='word_1_57' title='bbox 211 509 288 536; x_wconf 80' lang='grc' dir='ltr'>πόλιν</span> <span class='ocrx_word' id='word_1_58' title='bbox 311 511 340 536; x_wconf 82' lang='grc' dir='ltr'><strong>ὲν</strong></span> <span class='ocrx_word' id='word_1_59' title='bbox 357 511 425 545; x_wconf 78' lang='grc' dir='ltr'>αὐτῇ</span> <span class='ocrx_word' id='word_1_60' title='bbox 451 510 633 546; x_wconf 82' lang='grc' dir='ltr'><strong>δειμάμενος,</strong></span> <span class='ocrx_word' id='word_1_61' title='bbox 659 511 825 546; x_wconf 75' lang='grc' dir='ltr'><strong>μητρόπολιν</strong></span> <span class='ocrx_word' id='word_1_62' title='bbox 851 511 897 537; x_wconf 73' lang='grc' dir='ltr'>τοῦ</span> 
     </span>
    </p>
   </div>
   <div class='ocr_carea' id='block_1_12' title="bbox 113 555 746 592">
    <p class='ocr_par' dir='ltr' id='par_1_12' title="bbox 113 555 746 592">
     <span class='ocr_line' id='line_1_12' title="bbox 113 555 746 592; baseline 0.002 -10"><span class='ocrx_word' id='word_1_63' title='bbox 113 555 209 587; x_wconf 78' lang='grc' dir='ltr'>παντὸς</span> <span class='ocrx_word' id='word_1_64' title='bbox 222 555 316 587; x_wconf 73' lang='grc' dir='ltr'>ἔθνους</span> <span class='ocrx_word' id='word_1_65' title='bbox 332 555 386 582; x_wconf 88' lang='grc' dir='ltr'><strong>τῶν</strong></span> <span class='ocrx_word' id='word_1_66' title='bbox 404 556 539 592; x_wconf 79' lang='grc' dir='ltr'>Ἐϐραίων</span> <span class='ocrx_word' id='word_1_67' title='bbox 550 557 746 592; x_wconf 85' lang='grc' dir='ltr'>ἀπειργάσατο.</span> 
     </span>
    </p>
   </div>
   <div class='ocr_carea' id='block_1_13' title="bbox 951 281 1780 320">
    <p class='ocr_par' dir='ltr' id='par_1_13' title="bbox 951 281 1780 320">
     <span class='ocr_line' id='line_1_13' title="bbox 951 281 1780 320; baseline 0 -10"><span class='ocrx_word' id='word_1_68' title='bbox 951 289 1011 310; x_wconf 84' lang='lat' dir='ltr'><strong>esse</strong></span> <span class='ocrx_word' id='word_1_69' title='bbox 1040 282 1214 317; x_wconf 52' lang='lat' dir='ltr'><strong>praedicabat.</strong></span> <span class='ocrx_word' id='word_1_70' title='bbox 1242 281 1487 316; x_wconf 86' lang='lat' dir='ltr'><strong>Certissimumque</strong></span> <span class='ocrx_word' id='word_1_71' title='bbox 1509 287 1568 309; x_wconf 83' lang='lat' dir='ltr'><strong>erat</strong></span> <span class='ocrx_word' id='word_1_72' title='bbox 1596 282 1737 315; x_wconf 81' lang='lat' dir='ltr'><strong>indicium,</strong></span> <span class='ocrx_word' id='word_1_73' title='bbox 1777 318 1780 320; x_wconf 17' lang='grc' dir='ltr'>γ</span> 
     </span>
    </p>
   </div>
   <div class='ocr_carea' id='block_1_14' title="bbox 951 327 1739 361">
    <p class='ocr_par' dir='ltr' id='par_1_14' title="bbox 951 327 1739 361">
     <span class='ocr_line' id='line_1_14' title="bbox 951 327 1739 361; baseline 0.003 -6"><span class='ocrx_word' id='word_1_74' title='bbox 951 327 1051 355; x_wconf 76' lang='lat' dir='ltr'><strong>frustra</strong></span> <span class='ocrx_word' id='word_1_75' title='bbox 1069 336 1116 356; x_wconf 91' lang='lat' dir='ltr'><strong>eos</strong></span> <span class='ocrx_word' id='word_1_76' title='bbox 1131 329 1157 356; x_wconf 92' lang='lat' dir='ltr'><strong>in</strong></span> <span class='ocrx_word' id='word_1_77' title='bbox 1174 328 1334 356; x_wconf 69' lang='lat' dir='ltr'><strong>a‘dilicando</strong></span> <span class='ocrx_word' id='word_1_78' title='bbox 1346 328 1471 356; x_wconf 79' lang='lat' dir='ltr'><strong>laborare</strong></span> <span class='ocrx_word' id='word_1_79' title='bbox 1483 349 1489 361; x_wconf 87' lang='lat'><strong>,</strong></span> <span class='ocrx_word' id='word_1_80' title='bbox 1502 336 1564 355; x_wconf 86' lang='lat' dir='ltr'><strong>cum</strong></span> <span class='ocrx_word' id='word_1_81' title='bbox 1583 328 1739 357; x_wconf 88' lang='lat' dir='ltr'><strong>immutabi—</strong></span> 
     </span>
    </p>
   </div>
   <div class='ocr_carea' id='block_1_15' title="bbox 951 373 1740 409">
    <p class='ocr_par' dir='ltr' id='par_1_15' title="bbox 951 373 1740 409">
     <span class='ocr_line' id='line_1_15' title="bbox 951 373 1740 409; baseline 0.001 -8"><span class='ocrx_word' id='word_1_82' title='bbox 951 373 985 401; x_wconf 89' lang='lat' dir='ltr'><strong>lis</strong></span> <span class='ocrx_word' id='word_1_83' title='bbox 1007 373 1054 402; x_wconf 87' lang='lat' dir='ltr'><strong>Dei</strong></span> <span class='ocrx_word' id='word_1_84' title='bbox 1083 374 1215 402; x_wconf 87' lang='lat' dir='ltr'><strong>sententia</strong></span> <span class='ocrx_word' id='word_1_85' title='bbox 1248 375 1377 408; x_wconf 78' lang='lat' dir='ltr'><strong>templum</strong></span> <span class='ocrx_word' id='word_1_86' title='bbox 1405 379 1533 409; x_wconf 75' lang='lat' dir='ltr'><strong>perpetrm</strong></span> <span class='ocrx_word' id='word_1_87' title='bbox 1563 374 1740 402; x_wconf 71' lang='lat' dir='ltr'><strong>subversione</strong></span> 
     </span>
    </p>
   </div>
   <div class='ocr_carea' id='block_1_16' title="bbox 951 419 1741 456">
    <p class='ocr_par' dir='ltr' id='par_1_16' title="bbox 951 419 1741 456">
     <span class='ocr_line' id='line_1_16' title="bbox 951 419 1741 456; baseline 0.003 -9"><span class='ocrx_word' id='word_1_88' title='bbox 951 420 1118 447; x_wconf 70' lang='lat' dir='ltr'><strong>damnasset.</strong></span> <span class='ocrx_word' id='word_1_89' title='bbox 1132 420 1191 456; x_wconf 83' lang='lat' dir='ltr'><strong>Ipsa</strong></span> <span class='ocrx_word' id='word_1_90' title='bbox 1205 420 1312 454; x_wconf 78' lang='lat' dir='ltr'><strong>quidem</strong></span> <span class='ocrx_word' id='word_1_91' title='bbox 1326 420 1392 447; x_wconf 86' lang='lat' dir='ltr'><strong>urbs</strong></span> <span class='ocrx_word' id='word_1_92' title='bbox 1408 419 1594 455; x_wconf 85' lang='lat' dir='ltr'><strong>Hierosolyma</strong></span> <span class='ocrx_word' id='word_1_93' title='bbox 1607 425 1685 449; x_wconf 87' lang='lat' dir='ltr'><strong>antea</strong></span> <span class='ocrx_word' id='word_1_94' title='bbox 1696 422 1741 449; x_wconf 76' lang='lat' dir='ltr'><strong>Je—</strong></span> 
     </span>
    </p>
   </div>
   <div class='ocr_carea' id='block_1_17' title="bbox 954 466 1742 501">
    <p class='ocr_par' dir='ltr' id='par_1_17' title="bbox 954 466 1742 501">
     <span class='ocr_line' id='line_1_17' title="bbox 954 466 1742 501; baseline 0.004 -8"><span class='ocrx_word' id='word_1_95' title='bbox 954 467 1004 494; x_wconf 88' lang='lat' dir='ltr'><strong>btts</strong></span> <span class='ocrx_word' id='word_1_96' title='bbox 1020 467 1169 494; x_wconf 70' lang='lat' dir='ltr'><strong>vocabatur</strong></span> <span class='ocrx_word' id='word_1_97' title='bbox 1183 489 1189 499; x_wconf 84' lang='grc'>,</span> <span class='ocrx_word' id='word_1_98' title='bbox 1206 466 1350 493; x_wconf 69' lang='lat' dir='ltr'><strong>tribulibus</strong></span> <span class='ocrx_word' id='word_1_99' title='bbox 1370 466 1553 501; x_wconf 77' lang='lat' dir='ltr'><strong>Benjamtticte</strong></span> <span class='ocrx_word' id='word_1_100' title='bbox 1574 467 1662 495; x_wconf 81' lang='lat' dir='ltr'><strong>tribus</strong></span> <span class='ocrx_word' id='word_1_101' title='bbox 1677 475 1742 496; x_wconf 85' lang='lat' dir='ltr'><strong>eam</strong></span> 
     </span>
    </p>
   </div>
   <div class='ocr_carea' id='block_1_18' title="bbox 953 513 1742 549">
    <p class='ocr_par' dir='ltr' id='par_1_18' title="bbox 953 513 1742 549">
     <span class='ocr_line' id='line_1_18' title="bbox 953 513 1742 549; baseline 0.003 -9"><span class='ocrx_word' id='word_1_102' title='bbox 953 513 1145 546; x_wconf 85' lang='lat' dir='ltr'><strong>incolentibus,</strong></span> <span class='ocrx_word' id='word_1_103' title='bbox 1155 515 1312 549; x_wconf 83' lang='lat' dir='ltr'><strong>priusquam</strong></span> <span class='ocrx_word' id='word_1_104' title='bbox 1325 522 1372 541; x_wconf 73' lang='lat' dir='ltr'><strong>rex</strong></span> <span class='ocrx_word' id='word_1_105' title='bbox 1384 513 1479 545; x_wconf 77' lang='lat' dir='ltr'><strong>David.</strong></span> <span class='ocrx_word' id='word_1_106' title='bbox 1492 513 1668 548; x_wconf 85' lang='lat' dir='ltr'><strong>operaJoabi,</strong></span> <span class='ocrx_word' id='word_1_107' title='bbox 1679 523 1742 542; x_wconf 87' lang='lat' dir='ltr'><strong>eam</strong></span> 
     </span>
    </p>
   </div>
   <div class='ocr_carea' id='block_1_19' title="bbox 953 559 1739 595">
    <p class='ocr_par' dir='ltr' id='par_1_19' title="bbox 953 559 1739 595">
     <span class='ocr_line' id='line_1_19' title="bbox 953 559 1739 595; baseline 0.004 -9"><span class='ocrx_word' id='word_1_108' title='bbox 953 559 1081 594; x_wconf 86' lang='lat' dir='ltr'><strong>cepisset.</strong></span> <span class='ocrx_word' id='word_1_109' title='bbox 1097 559 1147 586; x_wconf 88' lang='lat' dir='ltr'><strong>Cui</strong></span> <span class='ocrx_word' id='word_1_110' title='bbox 1165 567 1228 587; x_wconf 76' lang='lat' dir='ltr'><strong>cum</strong></span> <span class='ocrx_word' id='word_1_111' title='bbox 1245 561 1380 587; x_wconf 83' lang='lat' dir='ltr'><strong>exercitus</strong></span> <span class='ocrx_word' id='word_1_112' title='bbox 1396 560 1540 594; x_wconf 85' lang='lat' dir='ltr'><strong>imperium</strong></span> <span class='ocrx_word' id='word_1_113' title='bbox 1557 560 1739 595; x_wconf 85' lang='lat' dir='ltr'><strong>promisisset,</strong></span> 
     </span>
    </p>
   </div>
   <div class='ocr_carea' id='block_1_20' title="bbox 113 603 1743 642">
    <p class='ocr_par' dir='ltr' id='par_1_20' title="bbox 113 603 1743 642">
     <span class='ocr_line' id='line_1_20' title="bbox 113 603 1743 642; baseline 0.004 -11"><span class='ocrx_word' id='word_1_114' title='bbox 113 603 133 631; x_wconf 87' lang='lat' dir='ltr'><strong>si</strong></span> <span class='ocrx_word' id='word_1_115' title='bbox 147 611 178 631; x_wconf 84' lang='lat' dir='ltr'><strong>ea</strong></span> <span class='ocrx_word' id='word_1_116' title='bbox 194 603 261 631; x_wconf 87' lang='lat' dir='ltr'><strong>urbe</strong></span> <span class='ocrx_word' id='word_1_117' title='bbox 275 604 426 638; x_wconf 89' lang='lat' dir='ltr'><strong>potiretur,</strong></span> <span class='ocrx_word' id='word_1_118' title='bbox 444 604 513 631; x_wconf 90' lang='lat' dir='ltr'><strong>urbe</strong></span> <span class='ocrx_word' id='word_1_119' title='bbox 539 609 634 639; x_wconf 85' lang='lat' dir='ltr'><strong>capta,</strong></span> <span class='ocrx_word' id='word_1_120' title='bbox 661 604 687 631; x_wconf 89' lang='lat' dir='ltr'><strong>id</strong></span> <span class='ocrx_word' id='word_1_121' title='bbox 701 605 773 639; x_wconf 88' lang='lat' dir='ltr'><strong>quod</strong></span> <span class='ocrx_word' id='word_1_122' title='bbox 806 605 830 632; x_wconf 90' lang='lat' dir='ltr'><strong>ei</strong></span> <span class='ocrx_word' id='word_1_123' title='bbox 855 606 1017 639; x_wconf 80' lang='lat' dir='ltr'><strong>promiserat</strong></span> <span class='ocrx_word' id='word_1_124' title='bbox 1047 607 1167 635; x_wconf 81' lang='lat' dir='ltr'><strong>tradidit.</strong></span> <span class='ocrx_word' id='word_1_125' title='bbox 1189 607 1249 642; x_wconf 87' lang='lat' dir='ltr'><strong>Ipse</strong></span> <span class='ocrx_word' id='word_1_126' title='bbox 1274 607 1301 634; x_wconf 91' lang='lat' dir='ltr'><strong>in</strong></span> <span class='ocrx_word' id='word_1_127' title='bbox 1321 608 1416 635; x_wconf 86' lang='lat' dir='ltr'><strong>eodem</strong></span> <span class='ocrx_word' id='word_1_128' title='bbox 1448 608 1507 635; x_wconf 88' lang='lat' dir='ltr'><strong>loco</strong></span> <span class='ocrx_word' id='word_1_129' title='bbox 1532 608 1628 636; x_wconf 87' lang='lat' dir='ltr'><strong>urbem</strong></span> <span class='ocrx_word' id='word_1_130' title='bbox 1657 609 1743 637; x_wconf 65' lang='lat' dir='ltr'><strong>aedili-</strong></span> 
     </span>
    </p>
   </div>
   <div class='ocr_carea' id='block_1_21' title="bbox 113 649 1088 686">
    <p class='ocr_par' dir='ltr' id='par_1_21' title="bbox 113 649 1088 686">
     <span class='ocr_line' id='line_1_21' title="bbox 113 649 1088 686; baseline 0.003 -9"><span class='ocrx_word' id='word_1_131' title='bbox 113 657 186 681; x_wconf 80' lang='lat' dir='ltr'><strong>cans.</strong></span> <span class='ocrx_word' id='word_1_132' title='bbox 205 650 339 677; x_wconf 55' lang='lat' dir='ltr'><strong>universa</strong></span> <span class='ocrx_word' id='word_1_133' title='bbox 354 650 441 685; x_wconf 82' lang='lat' dir='ltr'><strong>gentis</strong></span> <span class='ocrx_word' id='word_1_134' title='bbox 458 649 634 678; x_wconf 64' lang='lat' dir='ltr'><strong>Hebraeorum</strong></span> <span class='ocrx_word' id='word_1_135' title='bbox 653 651 823 686; x_wconf 87' lang='lat' dir='ltr'><strong>metropolim</strong></span> <span class='ocrx_word' id='word_1_136' title='bbox 838 660 897 678; x_wconf 81' lang='lat' dir='ltr'><strong>eum</strong></span> <span class='ocrx_word' id='word_1_137' title='bbox 919 659 979 680; x_wconf 90' lang='lat' dir='ltr'><strong>esse</strong></span> <span class='ocrx_word' id='word_1_138' title='bbox 995 654 1088 680; x_wconf 89' lang='lat' dir='ltr'><strong>voluit.</strong></span> 
     </span>
    </p>
   </div>
   <div class='ocr_carea' id='block_1_22' title="bbox 147 697 899 734">
    <p class='ocr_par' dir='ltr' id='par_1_22' title="bbox 147 697 899 734">
     <span class='ocr_line' id='line_1_22' title="bbox 147 697 899 734; baseline 0.003 -11"><span class='ocrx_word' id='word_1_139' title='bbox 147 697 187 724; x_wconf 88' lang='grc' dir='ltr'>ιε’.</span> <span class='ocrx_word' id='word_1_140' title='bbox 206 698 266 723; x_wconf 86' lang='grc' dir='ltr'>Ὀτι</span> <span class='ocrx_word' id='word_1_141' title='bbox 282 698 338 729; x_wconf 86' lang='grc' dir='ltr'>τοῖς</span> <span class='ocrx_word' id='word_1_142' title='bbox 353 697 523 732; x_wconf 77' lang='grc' dir='ltr'>πανταχόθεν</span> <span class='ocrx_word' id='word_1_143' title='bbox 540 699 675 733; x_wconf 81' lang='grc' dir='ltr'>χρησμοῖς</span> <span class='ocrx_word' id='word_1_144' title='bbox 689 698 744 725; x_wconf 84' lang='grc' dir='ltr'>τῶν</span> <span class='ocrx_word' id='word_1_145' title='bbox 764 697 899 734; x_wconf 78' lang='grc' dir='ltr'>Ἐλλήνων</span> 
     </span>
    </p>
   </div>
   <div class='ocr_carea' id='block_1_23' title="bbox 113 741 898 779">
    <p class='ocr_par' dir='ltr' id='par_1_23' title="bbox 113 741 898 779">
     <span class='ocr_line' id='line_1_23' title="bbox 113 741 898 779; baseline 0.003 -11"><span class='ocrx_word' id='word_1_146' title='bbox 113 742 128 768; x_wconf 85' lang='grc' dir='ltr'><strong>ὸ</strong></span> <span class='ocrx_word' id='word_1_147' title='bbox 140 741 300 777; x_wconf 73' lang='grc' dir='ltr'>Πιραὸάτης</span> <span class='ocrx_word' id='word_1_148' title='bbox 314 742 488 774; x_wconf 74' lang='grc' dir='ltr'><strong>ἀναπεισθεὶς</strong></span> <span class='ocrx_word' id='word_1_149' title='bbox 505 742 542 774; x_wconf 84' lang='grc' dir='ltr'>ὡς</span> <span class='ocrx_word' id='word_1_150' title='bbox 553 743 658 778; x_wconf 85' lang='grc' dir='ltr'>ἄμαχον</span> <span class='ocrx_word' id='word_1_151' title='bbox 673 743 728 776; x_wconf 76' lang='grc' dir='ltr'>ἕξει</span> <span class='ocrx_word' id='word_1_152' title='bbox 741 743 772 770; x_wconf 78' lang='grc' dir='ltr'><strong>τὺ</strong></span> <span class='ocrx_word' id='word_1_153' title='bbox 788 744 898 779; x_wconf 78' lang='grc' dir='ltr'>κράτος,</span> 
     </span>
    </p>
   </div>
   <div class='ocr_carea' id='block_1_24' title="bbox 114 788 900 826">
    <p class='ocr_par' dir='ltr' id='par_1_24' title="bbox 114 788 900 826">
     <span class='ocr_line' id='line_1_24' title="bbox 114 788 900 826; baseline 0.003 -11"><span class='ocrx_word' id='word_1_154' title='bbox 114 788 179 815; x_wconf 74' lang='grc' dir='ltr'>κατά</span> <span class='ocrx_word' id='word_1_155' title='bbox 197 788 309 823; x_wconf 86' lang='grc' dir='ltr'>Περσῶν</span> <span class='ocrx_word' id='word_1_156' title='bbox 321 788 507 824; x_wconf 81' lang='grc' dir='ltr'>ὲκστρατεύει.</span> <span class='ocrx_word' id='word_1_157' title='bbox 530 789 620 825; x_wconf 81' lang='grc' dir='ltr'><strong>Γέρων</strong></span> <span class='ocrx_word' id='word_1_158' title='bbox 640 789 668 816; x_wconf 80' lang='grc' dir='ltr'>δέ</span> <span class='ocrx_word' id='word_1_159' title='bbox 691 799 732 818; x_wconf 76' lang='grc' dir='ltr'><strong>τις</strong></span> <span class='ocrx_word' id='word_1_160' title='bbox 752 790 806 816; x_wconf 85' lang='grc' dir='ltr'>τῶν</span> <span class='ocrx_word' id='word_1_161' title='bbox 826 791 900 826; x_wconf 76' lang='grc' dir='ltr'>παρὰ</span> 
     </span>
    </p>
   </div>
   <div class='ocr_carea' id='block_1_25' title="bbox 114 835 898 872">
    <p class='ocr_par' dir='ltr' id='par_1_25' title="bbox 114 835 898 872">
     <span class='ocr_line' id='line_1_25' title="bbox 114 835 898 872; baseline 0.001 -10"><span class='ocrx_word' id='word_1_162' title='bbox 114 835 228 871; x_wconf 82' lang='grc' dir='ltr'>Πέρσαις</span> <span class='ocrx_word' id='word_1_163' title='bbox 250 836 300 871; x_wconf 82' lang='grc' dir='ltr'>τῆς</span> <span class='ocrx_word' id='word_1_164' title='bbox 321 835 467 871; x_wconf 78' lang='grc' dir='ltr'>στρατείας</span> <span class='ocrx_word' id='word_1_165' title='bbox 484 835 639 871; x_wconf 73' lang='grc' dir='ltr'>ἀφειμένων</span> <span class='ocrx_word' id='word_1_166' title='bbox 653 836 703 872; x_wconf 74' lang='grc' dir='ltr'>ἤδη</span> <span class='ocrx_word' id='word_1_167' title='bbox 718 835 824 872; x_wconf 80' lang='grc' dir='ltr'>ἀπέστη</span> <span class='ocrx_word' id='word_1_168' title='bbox 843 836 898 871; x_wconf 75' lang='lat'><strong>(80)</strong></span> 
     </span>
    </p>
   </div>
   <div class='ocr_carea' id='block_1_26' title="bbox 115 882 901 918">
    <p class='ocr_par' dir='ltr' id='par_1_26' title="bbox 115 882 901 918">
     <span class='ocr_line' id='line_1_26' title="bbox 115 882 901 918; baseline 0.001 -10"><span class='ocrx_word' id='word_1_169' title='bbox 115 882 271 917; x_wconf 81' lang='grc' dir='ltr'><strong>μετέρχεται</strong></span> <span class='ocrx_word' id='word_1_170' title='bbox 291 882 337 908; x_wconf 78' lang='grc' dir='ltr'><strong>τὸν</strong></span> <span class='ocrx_word' id='word_1_171' title='bbox 354 882 519 918; x_wconf 75' lang='grc' dir='ltr'>Ηαραὸἀτην</span> <span class='ocrx_word' id='word_1_172' title='bbox 537 883 566 908; x_wconf 85' lang='grc' dir='ltr'><strong>ἐν</strong></span> <span class='ocrx_word' id='word_1_173' title='bbox 589 883 698 917; x_wconf 77' lang='grc' dir='ltr'>Περσίδι</span> <span class='ocrx_word' id='word_1_174' title='bbox 718 882 901 918; x_wconf 78' lang='grc' dir='ltr'>στρατευόμε-</span> 
     </span>
    </p>
   </div>
   <div class='ocr_carea' id='block_1_27' title="bbox 113 926 903 962">
    <p class='ocr_par' dir='ltr' id='par_1_27' title="bbox 113 926 903 962">
     <span class='ocr_line' id='line_1_27' title="bbox 113 926 903 962; baseline 0.004 -11"><span class='ocrx_word' id='word_1_175' title='bbox 113 933 155 951; x_wconf 81' lang='grc' dir='ltr'>νον</span> <span class='ocrx_word' id='word_1_176' title='bbox 166 933 172 939; x_wconf 70' lang='grc'><strong><em>⁸</em></strong></span> <span class='ocrx_word' id='word_1_177' title='bbox 182 926 228 952; x_wconf 77' lang='grc' dir='ltr'>καὶ</span> <span class='ocrx_word' id='word_1_178' title='bbox 238 926 368 962; x_wconf 73' lang='grc' dir='ltr'>ἐρημίαις</span> <span class='ocrx_word' id='word_1_179' title='bbox 380 926 408 952; x_wconf 81' lang='grc' dir='ltr'><strong>ὲν</strong></span> <span class='ocrx_word' id='word_1_180' title='bbox 418 926 510 957; x_wconf 80' lang='grc' dir='ltr'>τόποις</span> <span class='ocrx_word' id='word_1_181' title='bbox 518 926 564 953; x_wconf 74' lang='grc' dir='ltr'><strong>καὶ</strong></span> <span class='ocrx_word' id='word_1_182' title='bbox 575 927 727 962; x_wconf 77' lang='grc' dir='ltr'><strong>ἀμηχάνοις</strong></span> <span class='ocrx_word' id='word_1_183' title='bbox 741 927 903 962; x_wconf 80' lang='grc' dir='ltr'>συγκλείσας</span> 
     </span>
    </p>
   </div>
   <div class='ocr_carea' id='block_1_28' title="bbox 115 969 904 1009">
    <p class='ocr_par' dir='ltr' id='par_1_28' title="bbox 115 969 904 1009">
     <span class='ocr_line' id='line_1_28' title="bbox 115 969 904 1009; baseline 0.004 -12"><span class='ocrx_word' id='word_1_184' title='bbox 115 971 249 1007; x_wconf 79' lang='grc' dir='ltr'>ἀπορίαις,</span> <span class='ocrx_word' id='word_1_185' title='bbox 258 972 287 998; x_wconf 78' lang='grc' dir='ltr'>ἐν</span> <span class='ocrx_word' id='word_1_186' title='bbox 299 969 340 1004; x_wconf 76' lang='grc' dir='ltr'>οἷς</span> <span class='ocrx_word' id='word_1_187' title='bbox 352 972 383 998; x_wconf 84' lang='grc' dir='ltr'>τὸ</span> <span class='ocrx_word' id='word_1_188' title='bbox 398 972 522 999; x_wconf 78' lang='grc' dir='ltr'>πλεῖστον</span> <span class='ocrx_word' id='word_1_189' title='bbox 535 973 580 999; x_wconf 73' lang='grc' dir='ltr'>τοῦ</span> <span class='ocrx_word' id='word_1_190' title='bbox 590 972 656 999; x_wconf 84' lang='grc' dir='ltr'>λαοῦ</span> <span class='ocrx_word' id='word_1_191' title='bbox 676 972 820 1009; x_wconf 74' lang='grc' dir='ltr'>διεφθάρη,</span> <span class='ocrx_word' id='word_1_192' title='bbox 834 973 904 1000; x_wconf 71' lang='grc' dir='ltr'>ἓτοιο</span> 
     </span>
    </p>
   </div>
   <div class='ocr_carea' id='block_1_29' title="bbox 116 1018 905 1055">
    <p class='ocr_par' dir='ltr' id='par_1_29' title="bbox 116 1018 905 1055">
     <span class='ocr_line' id='line_1_29' title="bbox 116 1018 905 1055; baseline 0.003 -11"><span class='ocrx_word' id='word_1_193' title='bbox 116 1026 161 1052; x_wconf 93' lang='grc' dir='ltr'><strong>μον</strong></span> <span class='ocrx_word' id='word_1_194' title='bbox 177 1018 288 1053; x_wconf 86' lang='grc' dir='ltr'>Θήραμα</span> <span class='ocrx_word' id='word_1_195' title='bbox 303 1019 366 1050; x_wconf 72' lang='grc' dir='ltr'>τοὺς</span> <span class='ocrx_word' id='word_1_196' title='bbox 381 1019 528 1053; x_wconf 83' lang='grc' dir='ltr'>πολεμίους</span> <span class='ocrx_word' id='word_1_197' title='bbox 544 1020 601 1050; x_wconf 83' lang='grc' dir='ltr'>τοῖς</span> <span class='ocrx_word' id='word_1_198' title='bbox 621 1019 765 1054; x_wconf 67' lang='grc' dir='ltr'>ὁμοφύλοις</span> <span class='ocrx_word' id='word_1_199' title='bbox 785 1019 905 1055; x_wconf 83' lang='grc' dir='ltr'>παρέχε-</span> 
     </span>
    </p>
   </div>
   <div class='ocr_carea' id='block_1_30' title="bbox 114 1064 905 1100">
    <p class='ocr_par' dir='ltr' id='par_1_30' title="bbox 114 1064 905 1100">
     <span class='ocr_line' id='line_1_30' title="bbox 114 1064 905 1100; baseline 0 -10"><span class='ocrx_word' id='word_1_200' title='bbox 114 1070 167 1090; x_wconf 82' lang='grc' dir='ltr'>ται.</span> <span class='ocrx_word' id='word_1_201' title='bbox 181 1064 218 1090; x_wconf 79' lang='grc' dir='ltr'><strong>Τὸ</strong></span> <span class='ocrx_word' id='word_1_202' title='bbox 230 1064 258 1091; x_wconf 78' lang='grc' dir='ltr'>δὲ</span> <span class='ocrx_word' id='word_1_203' title='bbox 268 1064 403 1100; x_wconf 79' lang='grc' dir='ltr'>Περσικὸν</span> <span class='ocrx_word' id='word_1_204' title='bbox 413 1064 557 1091; x_wconf 80' lang='grc' dir='ltr'>ἐπελαύνει</span> <span class='ocrx_word' id='word_1_205' title='bbox 572 1064 627 1100; x_wconf 82' lang='lat' dir='ltr'><strong>(8i)</strong></span> <span class='ocrx_word' id='word_1_206' title='bbox 643 1065 703 1091; x_wconf 81' lang='grc' dir='ltr'>κατ’</span> <span class='ocrx_word' id='word_1_207' title='bbox 713 1064 802 1091; x_wconf 80' lang='grc' dir='ltr'>αὐτῶν</span> <span class='ocrx_word' id='word_1_208' title='bbox 812 1086 820 1097; x_wconf 80' lang='lat'><strong>,</strong></span> <span class='ocrx_word' id='word_1_209' title='bbox 843 1073 905 1091; x_wconf 87' lang='grc' dir='ltr'>συν-</span> 
     </span>
    </p>
   </div>
   <div class='ocr_carea' id='block_1_31' title="bbox 116 1111 904 1148">
    <p class='ocr_par' dir='ltr' id='par_1_31' title="bbox 116 1111 904 1148">
     <span class='ocr_line' id='line_1_31' title="bbox 116 1111 904 1148; baseline 0.001 -12"><span class='ocrx_word' id='word_1_210' title='bbox 116 1111 283 1146; x_wconf 78' lang='grc' dir='ltr'>επαγόμενον</span> <span class='ocrx_word' id='word_1_211' title='bbox 294 1112 340 1137; x_wconf 76' lang='grc' dir='ltr'><strong>καὶ</strong></span> <span class='ocrx_word' id='word_1_212' title='bbox 354 1112 416 1143; x_wconf 80' lang='grc' dir='ltr'>τοὺς</span> <span class='ocrx_word' id='word_1_213' title='bbox 429 1111 611 1143; x_wconf 76' lang='grc' dir='ltr'>ὑποσπόνδους</span> <span class='ocrx_word' id='word_1_214' title='bbox 623 1111 802 1147; x_wconf 71' lang='grc' dir='ltr'>κοντοφόρους</span> <span class='ocrx_word' id='word_1_215' title='bbox 814 1113 904 1148; x_wconf 80' lang='grc' dir='ltr'>Σαρα-</span> 
     </span>
    </p>
   </div>
   <div class='ocr_carea' id='block_1_32' title="bbox 114 1153 903 1193">
    <p class='ocr_par' dir='ltr' id='par_1_32' title="bbox 114 1153 903 1193">
     <span class='ocr_line' id='line_1_32' title="bbox 114 1153 903 1193; baseline 0.003 -11"><span class='ocrx_word' id='word_1_216' title='bbox 114 1156 211 1192; x_wconf 83' lang='grc' dir='ltr'>κηνούς</span> <span class='ocrx_word' id='word_1_217' title='bbox 221 1164 228 1171; x_wconf 88' lang='lat'><strong><em>°</em></strong></span> <span class='ocrx_word' id='word_1_218' title='bbox 244 1153 282 1183; x_wconf 82' lang='grc' dir='ltr'>ὧν</span> <span class='ocrx_word' id='word_1_219' title='bbox 297 1155 337 1189; x_wconf 78' lang='grc' dir='ltr'>εἷς</span> <span class='ocrx_word' id='word_1_220' title='bbox 352 1158 398 1184; x_wconf 71' lang='grc' dir='ltr'><strong>ἐπὶ</strong></span> <span class='ocrx_word' id='word_1_221' title='bbox 410 1157 457 1184; x_wconf 69' lang='grc' dir='ltr'><strong>τὸν</strong></span> <span class='ocrx_word' id='word_1_222' title='bbox 476 1157 619 1184; x_wconf 74' lang='grc' dir='ltr'>Ὶουλιανὺν</span> <span class='ocrx_word' id='word_1_223' title='bbox 633 1157 664 1184; x_wconf 82' lang='grc' dir='ltr'>τὸ</span> <span class='ocrx_word' id='word_1_224' title='bbox 678 1157 743 1193; x_wconf 77' lang='grc' dir='ltr'>δορυ</span> <span class='ocrx_word' id='word_1_225' title='bbox 762 1158 885 1190; x_wconf 78' lang='grc' dir='ltr'>ἐκτείνας</span> <span class='ocrx_word' id='word_1_226' title='bbox 896 1177 903 1189; x_wconf 86' lang='grc'><em>,</em></span> 
     </span>
    </p>
   </div>
   <div class='ocr_carea' id='block_1_33' title="bbox 115 1203 903 1239">
    <p class='ocr_par' dir='ltr' id='par_1_33' title="bbox 115 1203 903 1239">
     <span class='ocr_line' id='line_1_33' title="bbox 115 1203 903 1239; baseline 0.001 -10"><span class='ocrx_word' id='word_1_227' title='bbox 115 1203 226 1238; x_wconf 80' lang='grc' dir='ltr'>πλήττει</span> <span class='ocrx_word' id='word_1_228' title='bbox 249 1203 298 1239; x_wconf 79' lang='grc' dir='ltr'>μὲν</span> <span class='ocrx_word' id='word_1_229' title='bbox 321 1203 402 1231; x_wconf 77' lang='grc' dir='ltr'>αὐτὸν</span> <span class='ocrx_word' id='word_1_230' title='bbox 423 1205 452 1230; x_wconf 88' lang='grc' dir='ltr'><strong>ὲν</strong></span> <span class='ocrx_word' id='word_1_231' title='bbox 477 1203 550 1238; x_wconf 78' lang='grc' dir='ltr'>ῐσχύῖ</span> <span class='ocrx_word' id='word_1_232' title='bbox 574 1204 646 1231; x_wconf 68' lang='grc' dir='ltr'>κατὰ</span> <span class='ocrx_word' id='word_1_233' title='bbox 670 1204 700 1230; x_wconf 71' lang='grc' dir='ltr'>τὸ</span> <span class='ocrx_word' id='word_1_234' title='bbox 721 1204 903 1239; x_wconf 76' lang='grc' dir='ltr'>περιτόναιον.</span> 
     </span>
    </p>
   </div>
   <div class='ocr_carea' id='block_1_34' title="bbox 116 1249 908 1286">
    <p class='ocr_par' dir='ltr' id='par_1_34' title="bbox 116 1249 908 1286">
     <span class='ocr_line' id='line_1_34' title="bbox 116 1249 908 1286; baseline 0.001 -11"><span class='ocrx_word' id='word_1_235' title='bbox 116 1249 189 1284; x_wconf 70' lang='grc' dir='ltr'>’Ἅμα</span> <span class='ocrx_word' id='word_1_236' title='bbox 203 1249 232 1275; x_wconf 78' lang='grc' dir='ltr'>δὲ</span> <span class='ocrx_word' id='word_1_237' title='bbox 249 1251 281 1285; x_wconf 84' lang='grc' dir='ltr'>τῇ</span> <span class='ocrx_word' id='word_1_238' title='bbox 299 1250 387 1286; x_wconf 69' lang='grc' dir='ltr'>αἰχμῇ</span> <span class='ocrx_word' id='word_1_239' title='bbox 413 1249 576 1285; x_wconf 79' lang='grc' dir='ltr'>ἐξελκομένῃ</span> <span class='ocrx_word' id='word_1_240' title='bbox 588 1271 595 1281; x_wconf 82' lang='grc'><em>,</em></span> <span class='ocrx_word' id='word_1_241' title='bbox 617 1250 663 1276; x_wconf 76' lang='grc' dir='ltr'><strong>καὶ</strong></span> <span class='ocrx_word' id='word_1_242' title='bbox 686 1250 786 1285; x_wconf 75' lang='grc' dir='ltr'>κόπρος</span> <span class='ocrx_word' id='word_1_243' title='bbox 800 1259 840 1282; x_wconf 83' lang='grc' dir='ltr'><strong>τις</strong></span> <span class='ocrx_word' id='word_1_244' title='bbox 857 1251 908 1277; x_wconf 86' lang='grc' dir='ltr'><strong>ὲπ-</strong></span> 
     </span>
    </p>
   </div>
   <div class='ocr_carea' id='block_1_35' title="bbox 114 1294 906 1333">
    <p class='ocr_par' dir='ltr' id='par_1_35' title="bbox 114 1294 906 1333">
     <span class='ocr_line' id='line_1_35' title="bbox 114 1294 906 1333; baseline 0.004 -13"><span class='ocrx_word' id='word_1_245' title='bbox 114 1294 279 1330; x_wconf 81' lang='grc' dir='ltr'>ηκολούθησε</span> <span class='ocrx_word' id='word_1_246' title='bbox 297 1295 525 1330; x_wconf 81' lang='grc' dir='ltr'>συνεπισπωμένη</span> <span class='ocrx_word' id='word_1_247' title='bbox 538 1296 578 1330; x_wconf 83' lang='grc' dir='ltr'>τῷ</span> <span class='ocrx_word' id='word_1_248' title='bbox 593 1295 700 1331; x_wconf 72' lang='grc' dir='ltr'>αἵματι.</span> <span class='ocrx_word' id='word_1_249' title='bbox 717 1294 782 1323; x_wconf 74' lang='grc' dir='ltr'>Εἶτα</span> <span class='ocrx_word' id='word_1_250' title='bbox 794 1297 838 1324; x_wconf 83' lang='grc' dir='ltr'>τὸν</span> <span class='ocrx_word' id='word_1_251' title='bbox 857 1297 906 1333; x_wconf 86' lang='grc' dir='ltr'><strong>μὲν</strong></span> 
     </span>
    </p>
   </div>
   <div class='ocr_carea' id='block_1_36' title="bbox 116 1337 906 1377">
    <p class='ocr_par' dir='ltr' id='par_1_36' title="bbox 116 1337 906 1377">
     <span class='ocr_line' id='line_1_36' title="bbox 116 1337 906 1377; baseline 0.005 -12"><span class='ocrx_word' id='word_1_252' title='bbox 116 1339 229 1374; x_wconf 85' lang='grc' dir='ltr'>βαλόντα</span> <span class='ocrx_word' id='word_1_253' title='bbox 243 1340 402 1376; x_wconf 82' lang='grc' dir='ltr'>Σαρακηνὸν</span> <span class='ocrx_word' id='word_1_254' title='bbox 415 1337 456 1372; x_wconf 75' lang='grc' dir='ltr'>εἷς</span> <span class='ocrx_word' id='word_1_255' title='bbox 468 1340 521 1367; x_wconf 80' lang='grc' dir='ltr'>τῶν</span> <span class='ocrx_word' id='word_1_256' title='bbox 539 1340 696 1377; x_wconf 77' lang='grc' dir='ltr'>δυρυφόρων</span> <span class='ocrx_word' id='word_1_257' title='bbox 710 1342 841 1374; x_wconf 81' lang='grc' dir='ltr'>ἐπελθὼν,</span> <span class='ocrx_word' id='word_1_258' title='bbox 856 1343 906 1377; x_wconf 82' lang='grc' dir='ltr'>τῆς</span> 
     </span>
    </p>
   </div>
   <div class='ocr_carea' id='block_1_37' title="bbox 115 1381 905 1424">
    <p class='ocr_par' dir='ltr' id='par_1_37' title="bbox 115 1381 905 1424">
     <span class='ocr_line' id='line_1_37' title="bbox 115 1381 905 1424; baseline 0.004 -11"><span class='ocrx_word' id='word_1_259' title='bbox 115 1386 235 1422; x_wconf 72' lang='grc' dir='ltr'>κεφαλῆς</span> <span class='ocrx_word' id='word_1_260' title='bbox 260 1381 421 1423; x_wconf 72' lang='grc' dir='ltr'>ἀποτέμνει.</span> <span class='ocrx_word' id='word_1_261' title='bbox 438 1387 584 1422; x_wconf 84' lang='grc' dir='ltr'>Τρωθέντα</span> <span class='ocrx_word' id='word_1_262' title='bbox 599 1388 627 1414; x_wconf 81' lang='grc' dir='ltr'>δὲ</span> <span class='ocrx_word' id='word_1_263' title='bbox 648 1388 759 1424; x_wconf 77' lang='grc' dir='ltr'>καιρίαν</span> <span class='ocrx_word' id='word_1_264' title='bbox 774 1388 819 1415; x_wconf 74' lang='grc' dir='ltr'>τὸν</span> <span class='ocrx_word' id='word_1_265' title='bbox 839 1389 905 1416; x_wconf 78' lang='grc' dir='ltr'>Ἰου-</span> 
     </span>
    </p>
   </div>
   <div class='ocr_carea' id='block_1_38' title="bbox 114 1429 905 1468">
    <p class='ocr_par' dir='ltr' id='par_1_38' title="bbox 114 1429 905 1468">
     <span class='ocr_line' id='line_1_38' title="bbox 114 1429 905 1468; baseline 0.003 -10"><span class='ocrx_word' id='word_1_266' title='bbox 114 1429 247 1464; x_wconf 79' lang='grc' dir='ltr'>λιανον,οί</span> <span class='ocrx_word' id='word_1_267' title='bbox 263 1433 359 1458; x_wconf 75' lang='grc' dir='ltr'>οἰκεῖοι</span> <span class='ocrx_word' id='word_1_268' title='bbox 372 1432 417 1459; x_wconf 82' lang='grc' dir='ltr'><strong>διὰ</strong></span> <span class='ocrx_word' id='word_1_269' title='bbox 427 1433 528 1468; x_wconf 77' lang='grc' dir='ltr'>τάχους</span> <span class='ocrx_word' id='word_1_270' title='bbox 536 1432 716 1464; x_wconf 78' lang='grc' dir='ltr'>ἀναλαὸόντες</span> <span class='ocrx_word' id='word_1_271' title='bbox 729 1434 771 1459; x_wconf 79' lang='grc' dir='ltr'><strong>ἐπ’</strong></span> <span class='ocrx_word' id='word_1_272' title='bbox 782 1433 905 1466; x_wconf 78' lang='grc' dir='ltr'>ἀσπίδος,</span> 
     </span>
    </p>
   </div>
   <div class='ocr_carea' id='block_1_39' title="bbox 114 1477 907 1514">
    <p class='ocr_par' dir='ltr' id='par_1_39' title="bbox 114 1477 907 1514">
     <span class='ocr_line' id='line_1_39' title="bbox 114 1477 907 1514; baseline 0.003 -10"><span class='ocrx_word' id='word_1_273' title='bbox 114 1479 154 1509; x_wconf 81' lang='grc' dir='ltr'>εις</span> <span class='ocrx_word' id='word_1_274' title='bbox 168 1478 218 1513; x_wconf 80' lang='grc' dir='ltr'>τὴν</span> <span class='ocrx_word' id='word_1_275' title='bbox 235 1478 339 1514; x_wconf 80' lang='grc' dir='ltr'>σκηνὴν</span> <span class='ocrx_word' id='word_1_276' title='bbox 359 1477 523 1514; x_wconf 81' lang='grc' dir='ltr'>ἀνεχώρουν.</span> <span class='ocrx_word' id='word_1_277' title='bbox 542 1479 597 1505; x_wconf 77' lang='grc' dir='ltr'><strong>Καὶ</strong></span> <span class='ocrx_word' id='word_1_278' title='bbox 617 1480 674 1510; x_wconf 86' lang='grc' dir='ltr'>τοῖς</span> <span class='ocrx_word' id='word_1_279' title='bbox 690 1478 797 1511; x_wconf 79' lang='grc' dir='ltr'>πολλοῖς</span> <span class='ocrx_word' id='word_1_280' title='bbox 815 1479 858 1506; x_wconf 74' lang='grc' dir='ltr'><strong>διὰ</strong></span> <span class='ocrx_word' id='word_1_281' title='bbox 877 1480 907 1506; x_wconf 76' lang='grc' dir='ltr'>τὸ</span> 
     </span>
    </p>
   </div>
   <div class='ocr_carea' id='block_1_40' title="bbox 113 1524 906 1561">
    <p class='ocr_par' dir='ltr' id='par_1_40' title="bbox 113 1524 906 1561">
     <span class='ocr_line' id='line_1_40' title="bbox 113 1524 906 1561; baseline 0.003 -10"><span class='ocrx_word' id='word_1_282' title='bbox 113 1524 213 1560; x_wconf 87' lang='grc' dir='ltr'>ἀθρόον</span> <span class='ocrx_word' id='word_1_283' title='bbox 224 1525 271 1551; x_wconf 72' lang='grc' dir='ltr'><strong>καὶ</strong></span> <span class='ocrx_word' id='word_1_284' title='bbox 284 1525 318 1552; x_wconf 88' lang='grc' dir='ltr'>δι’</span> <span class='ocrx_word' id='word_1_285' title='bbox 328 1524 418 1559; x_wconf 78' lang='grc' dir='ltr'>ὀλίγου</span> <span class='ocrx_word' id='word_1_286' title='bbox 433 1525 570 1561; x_wconf 80' lang='grc' dir='ltr'>συμϐῆναι</span> <span class='ocrx_word' id='word_1_287' title='bbox 588 1525 637 1560; x_wconf 85' lang='grc' dir='ltr'>τὴν</span> <span class='ocrx_word' id='word_1_288' title='bbox 654 1524 772 1561; x_wconf 86' lang='grc' dir='ltr'>πληγὴν,</span> <span class='ocrx_word' id='word_1_289' title='bbox 784 1525 832 1553; x_wconf 81' lang='grc' dir='ltr'><strong>καὶ</strong></span> <span class='ocrx_word' id='word_1_290' title='bbox 846 1527 906 1561; x_wconf 73' lang='grc' dir='ltr'>μηδ’</span> 
     </span>
    </p>
   </div>
   <div class='ocr_carea' id='block_1_41' title="bbox 113 1569 942 1609">
    <p class='ocr_par' dir='ltr' id='par_1_41' title="bbox 113 1569 942 1609">
     <span class='ocr_line' id='line_1_41' title="bbox 113 1569 942 1609; baseline 0.001 -12"><span class='ocrx_word' id='word_1_291' title='bbox 113 1569 175 1597; x_wconf 80' lang='grc' dir='ltr'>ὅθεν</span> <span class='ocrx_word' id='word_1_292' title='bbox 193 1571 256 1597; x_wconf 76' lang='grc' dir='ltr'>ἰδεῖν</span> <span class='ocrx_word' id='word_1_293' title='bbox 277 1570 392 1607; x_wconf 77' lang='grc' dir='ltr'>ἠνέχθη,</span> <span class='ocrx_word' id='word_1_294' title='bbox 414 1571 490 1607; x_wconf 80' lang='grc' dir='ltr'>παρὰ</span> <span class='ocrx_word' id='word_1_295' title='bbox 508 1571 563 1598; x_wconf 83' lang='grc' dir='ltr'>τῶν</span> <span class='ocrx_word' id='word_1_296' title='bbox 589 1571 698 1598; x_wconf 83' lang='grc' dir='ltr'>οἰκείων</span> <span class='ocrx_word' id='word_1_297' title='bbox 718 1571 848 1607; x_wconf 74' lang='grc' dir='ltr'>ἐνομίσθη</span> <span class='ocrx_word' id='word_1_298' title='bbox 874 1572 905 1598; x_wconf 87' lang='grc' dir='ltr'>τὸ</span> <span class='ocrx_word' id='word_1_299' title='bbox 921 1581 942 1609; x_wconf 69' lang='grc' dir='ltr'><em>α</em></span> 
     </span>
    </p>
   </div>
   <div class='ocr_carea' id='block_1_42' title="bbox 114 1615 905 1651">
    <p class='ocr_par' dir='ltr' id='par_1_42' title="bbox 114 1615 905 1651">
     <span class='ocr_line' id='line_1_42' title="bbox 114 1615 905 1651; baseline 0 -9"><span class='ocrx_word' id='word_1_300' title='bbox 114 1615 200 1647; x_wconf 84' lang='grc' dir='ltr'>πάθος</span> <span class='ocrx_word' id='word_1_301' title='bbox 213 1615 364 1651; x_wconf 85' lang='grc' dir='ltr'>προελθεῖν.</span> <span class='ocrx_word' id='word_1_302' title='bbox 387 1616 455 1642; x_wconf 85' lang='grc' dir='ltr'>Ἀλλ’</span> <span class='ocrx_word' id='word_1_303' title='bbox 470 1616 484 1643; x_wconf 85' lang='grc' dir='ltr'><strong><em>ὃ</em></strong></span> <span class='ocrx_word' id='word_1_304' title='bbox 499 1624 531 1651; x_wconf 85' lang='grc' dir='ltr'><strong>γε</strong></span> <span class='ocrx_word' id='word_1_305' title='bbox 545 1616 661 1647; x_wconf 84' lang='grc' dir='ltr'>δείλαιος</span> <span class='ocrx_word' id='word_1_306' title='bbox 684 1615 842 1649; x_wconf 82' lang='grc' dir='ltr'>Ἰουλιανὸς,</span> <span class='ocrx_word' id='word_1_307' title='bbox 858 1616 905 1642; x_wconf 73' lang='grc' dir='ltr'>τοῦ</span> 
     </span>
    </p>
   </div>
   <div class='ocr_carea' id='block_1_43' title="bbox 113 1659 906 1698">
    <p class='ocr_par' dir='ltr' id='par_1_43' title="bbox 113 1659 906 1698">
     <span class='ocr_line' id='line_1_43' title="bbox 113 1659 906 1698; baseline -0.001 -10"><span class='ocrx_word' id='word_1_308' title='bbox 113 1661 274 1698; x_wconf 79' lang='grc' dir='ltr'>τραύματος</span> <span class='ocrx_word' id='word_1_309' title='bbox 286 1663 347 1694; x_wconf 84' lang='grc' dir='ltr'>ταῖς</span> <span class='ocrx_word' id='word_1_310' title='bbox 362 1662 458 1697; x_wconf 79' lang='grc' dir='ltr'>χερσὶν</span> <span class='ocrx_word' id='word_1_311' title='bbox 475 1661 673 1698; x_wconf 79' lang='grc' dir='ltr'>ὑποδεχόμενος</span> <span class='ocrx_word' id='word_1_312' title='bbox 695 1661 726 1688; x_wconf 80' lang='grc' dir='ltr'><strong>τὸ</strong></span> <span class='ocrx_word' id='word_1_313' title='bbox 741 1659 822 1697; x_wconf 80' lang='grc' dir='ltr'>αἷμα,</span> <span class='ocrx_word' id='word_1_314' title='bbox 838 1661 906 1697; x_wconf 78' lang='grc' dir='ltr'>πρὸς</span> 
     </span>
    </p>
   </div>
   <div class='ocr_carea' id='block_1_44' title="bbox 113 1706 905 1743">
    <p class='ocr_par' dir='ltr' id='par_1_44' title="bbox 113 1706 905 1743">
     <span class='ocr_line' id='line_1_44' title="bbox 113 1706 905 1743; baseline 0.001 -10"><span class='ocrx_word' id='word_1_315' title='bbox 113 1706 161 1733; x_wconf 81' lang='grc' dir='ltr'>τὸν</span> <span class='ocrx_word' id='word_1_316' title='bbox 180 1706 256 1742; x_wconf 78' lang='grc' dir='ltr'>ἥλιον</span> <span class='ocrx_word' id='word_1_317' title='bbox 270 1707 431 1743; x_wconf 78' lang='grc' dir='ltr'>ἀπέρῤαινε.</span> <span class='ocrx_word' id='word_1_318' title='bbox 448 1707 599 1743; x_wconf 71' lang='grc' dir='ltr'>διαρρήδην</span> <span class='ocrx_word' id='word_1_319' title='bbox 616 1707 683 1743; x_wconf 82' lang='grc' dir='ltr'>πρὸς</span> <span class='ocrx_word' id='word_1_320' title='bbox 705 1707 785 1734; x_wconf 77' lang='grc' dir='ltr'>αὑτὸν</span> <span class='ocrx_word' id='word_1_321' title='bbox 799 1707 886 1742; x_wconf 79' lang='grc' dir='ltr'>λέγων</span> <span class='ocrx_word' id='word_1_322' title='bbox 898 1715 905 1722; x_wconf 92' lang='grc'><strong>·</strong></span> 
     </span>
    </p>
   </div>
   <div class='ocr_carea' id='block_1_45' title="bbox 113 1753 906 1789">
    <p class='ocr_par' dir='ltr' id='par_1_45' title="bbox 113 1753 906 1789">
     <span class='ocr_line' id='line_1_45' title="bbox 113 1753 906 1789; baseline 0 -9"><span class='ocrx_word' id='word_1_323' title='bbox 113 1753 290 1787; x_wconf 80' lang='grc' dir='ltr'>Κορέσθητι.</span> <span class='ocrx_word' id='word_1_324' title='bbox 306 1753 359 1780; x_wconf 76' lang='grc' dir='ltr'><strong>Ναὶ</strong></span> <span class='ocrx_word' id='word_1_325' title='bbox 373 1753 405 1789; x_wconf 85' lang='grc' dir='ltr'>δὴ</span> <span class='ocrx_word' id='word_1_326' title='bbox 419 1754 467 1780; x_wconf 71' lang='grc' dir='ltr'><strong>καὶ</strong></span> <span class='ocrx_word' id='word_1_327' title='bbox 478 1754 541 1786; x_wconf 75' lang='grc' dir='ltr'>τοὺς</span> <span class='ocrx_word' id='word_1_328' title='bbox 559 1753 654 1785; x_wconf 75' lang='grc' dir='ltr'>ἄλλους</span> <span class='ocrx_word' id='word_1_329' title='bbox 673 1753 749 1786; x_wconf 78' lang='grc' dir='ltr'>θεοὺς</span> <span class='ocrx_word' id='word_1_330' title='bbox 765 1754 866 1785; x_wconf 82' lang='grc' dir='ltr'>κακούς</span> <span class='ocrx_word' id='word_1_331' title='bbox 878 1763 906 1780; x_wconf 89' lang='grc' dir='ltr'><strong>τε</strong></span> 
     </span>
    </p>
   </div>
   <div class='ocr_carea' id='block_1_46' title="bbox 113 1799 907 1835">
    <p class='ocr_par' dir='ltr' id='par_1_46' title="bbox 113 1799 907 1835">
     <span class='ocr_line' id='line_1_46' title="bbox 113 1799 907 1835; baseline 0.001 -10"><span class='ocrx_word' id='word_1_332' title='bbox 113 1799 162 1825; x_wconf 75' lang='grc' dir='ltr'><strong>καὶ</strong></span> <span class='ocrx_word' id='word_1_333' title='bbox 185 1799 318 1834; x_wconf 86' lang='grc' dir='ltr'>ὸλετῆρας</span> <span class='ocrx_word' id='word_1_334' title='bbox 341 1799 442 1826; x_wconf 72' lang='grc' dir='ltr'>ἐκάλει.</span> <span class='ocrx_word' id='word_1_335' title='bbox 470 1799 581 1835; x_wconf 75' lang='grc' dir='ltr'>’ἰατρῶν</span> <span class='ocrx_word' id='word_1_336' title='bbox 605 1799 697 1834; x_wconf 82' lang='grc' dir='ltr'>μέντοι</span> <span class='ocrx_word' id='word_1_337' title='bbox 723 1808 753 1833; x_wconf 78' lang='grc' dir='ltr'><strong>γε</strong></span> <span class='ocrx_word' id='word_1_338' title='bbox 771 1799 907 1835; x_wconf 80' lang='grc' dir='ltr'>ἄριστοςὸ</span> 
     </span>
    </p>
   </div>
   <div class='ocr_carea' id='block_1_47' title="bbox 112 1844 906 1880">
    <p class='ocr_par' dir='ltr' id='par_1_47' title="bbox 112 1844 906 1880">
     <span class='ocr_line' id='line_1_47' title="bbox 112 1844 906 1880; baseline -0.001 -9"><span class='ocrx_word' id='word_1_339' title='bbox 112 1844 200 1876; x_wconf 76' lang='grc' dir='ltr'>Λυδὸς</span> <span class='ocrx_word' id='word_1_340' title='bbox 233 1844 389 1880; x_wconf 75' lang='grc' dir='ltr'>Ὀριόάσιος</span> <span class='ocrx_word' id='word_1_341' title='bbox 408 1844 481 1880; x_wconf 78' lang='grc' dir='ltr'>αὐτῷ</span> <span class='ocrx_word' id='word_1_342' title='bbox 504 1845 585 1880; x_wconf 76' lang='grc' dir='ltr'>συνῆν</span> <span class='ocrx_word' id='word_1_343' title='bbox 600 1846 614 1871; x_wconf 86' lang='grc' dir='ltr'>ὀ</span> <span class='ocrx_word' id='word_1_344' title='bbox 637 1844 670 1871; x_wconf 80' lang='grc' dir='ltr'><strong>ὲκ</strong></span> <span class='ocrx_word' id='word_1_345' title='bbox 688 1845 812 1880; x_wconf 79' lang='grc' dir='ltr'>Σάρδεων</span> <span class='ocrx_word' id='word_1_346' title='bbox 824 1854 830 1859; x_wconf 93' lang='grc'><strong>·</strong></span> <span class='ocrx_word' id='word_1_347' title='bbox 849 1845 906 1871; x_wconf 81' lang='grc' dir='ltr'>ἀλλ’</span> 
     </span>
    </p>
   </div>
   <div class='ocr_carea' id='block_1_48' title="bbox 112 1889 907 1926">
    <p class='ocr_par' dir='ltr' id='par_1_48' title="bbox 112 1889 907 1926">
     <span class='ocr_line' id='line_1_48' title="bbox 112 1889 907 1926; baseline 0 -9"><span class='ocrx_word' id='word_1_348' title='bbox 112 1891 130 1925; x_wconf 85' lang='grc' dir='ltr'><strong>ἡ</strong></span> <span class='ocrx_word' id='word_1_349' title='bbox 155 1889 248 1925; x_wconf 81' lang='grc' dir='ltr'>πληγὴ</span> <span class='ocrx_word' id='word_1_350' title='bbox 266 1891 356 1917; x_wconf 80' lang='grc' dir='ltr'>πᾶσαν</span> <span class='ocrx_word' id='word_1_351' title='bbox 375 1890 541 1925; x_wconf 81' lang='grc' dir='ltr'>χλευάζουσα</span> <span class='ocrx_word' id='word_1_352' title='bbox 568 1890 731 1926; x_wconf 81' lang='grc' dir='ltr'>Θεραπείαν,</span> <span class='ocrx_word' id='word_1_353' title='bbox 757 1891 799 1917; x_wconf 76' lang='grc' dir='ltr'><strong>διὰ</strong></span> <span class='ocrx_word' id='word_1_354' title='bbox 823 1891 907 1926; x_wconf 67' lang='grc' dir='ltr'>τριῶν</span> 
     </span>
    </p>
   </div>
   <div class='ocr_carea' id='block_1_49' title="bbox 111 1936 907 1972">
    <p class='ocr_par' dir='ltr' id='par_1_49' title="bbox 111 1936 907 1972">
     <span class='ocr_line' id='line_1_49' title="bbox 111 1936 907 1972; baseline -0.001 -9"><span class='ocrx_word' id='word_1_355' title='bbox 111 1936 228 1972; x_wconf 78' lang='grc' dir='ltr'>ἡμερῶν</span> <span class='ocrx_word' id='word_1_356' title='bbox 240 1937 287 1963; x_wconf 82' lang='grc' dir='ltr'>τὸν</span> <span class='ocrx_word' id='word_1_357' title='bbox 308 1937 450 1964; x_wconf 80' lang='grc' dir='ltr'>Ἰουλιανὸν</span> <span class='ocrx_word' id='word_1_358' title='bbox 472 1936 638 1963; x_wconf 81' lang='grc' dir='ltr'>ἀπαλλάττει</span> <span class='ocrx_word' id='word_1_359' title='bbox 661 1936 707 1962; x_wconf 84' lang='grc' dir='ltr'>τοῦ</span> <span class='ocrx_word' id='word_1_360' title='bbox 729 1936 797 1971; x_wconf 77' lang='grc' dir='ltr'>βίου.</span> <span class='ocrx_word' id='word_1_361' title='bbox 814 1937 843 1963; x_wconf 80' lang='grc' dir='ltr'><strong>ὲν</strong></span> <span class='ocrx_word' id='word_1_362' title='bbox 859 1937 907 1972; x_wconf 84' lang='grc' dir='ltr'><strong>μὲν</strong></span> 
     </span>
    </p>
   </div>
   <div class='ocr_carea' id='block_1_50' title="bbox 110 1981 908 2018">
    <p class='ocr_par' dir='ltr' id='par_1_50' title="bbox 110 1981 908 2018">
     <span class='ocr_line' id='line_1_50' title="bbox 110 1981 908 2018; baseline -0.001 -10"><span class='ocrx_word' id='word_1_363' title='bbox 110 1982 153 2017; x_wconf 82' lang='grc' dir='ltr'>τῷ</span> <span class='ocrx_word' id='word_1_364' title='bbox 165 1981 212 2008; x_wconf 76' lang='grc' dir='ltr'>τοῦ</span> <span class='ocrx_word' id='word_1_365' title='bbox 228 1982 365 2018; x_wconf 83' lang='grc' dir='ltr'>Καίσαρος</span> <span class='ocrx_word' id='word_1_366' title='bbox 380 1982 500 2017; x_wconf 83' lang='grc' dir='ltr'>σχήματι</span> <span class='ocrx_word' id='word_1_367' title='bbox 513 1982 592 2009; x_wconf 80' lang='grc' dir='ltr'>πέντε</span> <span class='ocrx_word' id='word_1_368' title='bbox 606 1982 756 2013; x_wconf 69' lang='grc' dir='ltr'>ἐνιαυτοὺς,</span> <span class='ocrx_word' id='word_1_369' title='bbox 776 1983 804 2007; x_wconf 79' lang='grc' dir='ltr'><strong>ἐν</strong></span> <span class='ocrx_word' id='word_1_370' title='bbox 821 1982 849 2008; x_wconf 81' lang='grc' dir='ltr'>δὲ</span> <span class='ocrx_word' id='word_1_371' title='bbox 868 1982 908 2017; x_wconf 80' lang='grc' dir='ltr'>τῷ</span> 
     </span>
    </p>
   </div>
   <div class='ocr_carea' id='block_1_51' title="bbox 109 2027 907 2065">
    <p class='ocr_par' dir='ltr' id='par_1_51' title="bbox 109 2027 907 2065">
     <span class='ocr_line' id='line_1_51' title="bbox 109 2027 907 2065; baseline -0.003 -9"><span class='ocrx_word' id='word_1_372' title='bbox 109 2029 262 2065; x_wconf 74' lang='grc' dir='ltr'>διαδήματι</span> <span class='ocrx_word' id='word_1_373' title='bbox 281 2028 351 2063; x_wconf 85' lang='grc' dir='ltr'>μετὰ</span> <span class='ocrx_word' id='word_1_374' title='bbox 369 2028 414 2055; x_wconf 73' lang='grc' dir='ltr'><strong>τὸν</strong></span> <span class='ocrx_word' id='word_1_375' title='bbox 440 2028 629 2055; x_wconf 82' lang='grc' dir='ltr'>Κωνσταντίου</span> <span class='ocrx_word' id='word_1_376' title='bbox 653 2027 778 2059; x_wconf 79' lang='grc' dir='ltr'>θάνατον,</span> <span class='ocrx_word' id='word_1_377' title='bbox 795 2027 842 2054; x_wconf 83' lang='grc' dir='ltr'><strong>δύο</strong></span> <span class='ocrx_word' id='word_1_378' title='bbox 861 2028 907 2054; x_wconf 68' lang='grc' dir='ltr'><strong>καὶ</strong></span> 
     </span>
    </p>
   </div>
   <div class='ocr_carea' id='block_1_52' title="bbox 109 2070 908 2108">
    <p class='ocr_par' dir='ltr' id='par_1_52' title="bbox 109 2070 908 2108">
     <span class='ocr_line' id='line_1_52' title="bbox 109 2070 908 2108; baseline 0.001 -9"><span class='ocrx_word' id='word_1_379' title='bbox 109 2073 202 2108; x_wconf 80' lang='grc' dir='ltr'>ἥμισυ</span> <span class='ocrx_word' id='word_1_380' title='bbox 216 2072 379 2099; x_wconf 86' lang='grc' dir='ltr'>διανύσαντα</span> <span class='ocrx_word' id='word_1_381' title='bbox 400 2073 457 2108; x_wconf 77' lang='grc' dir='ltr'>ἐτη.</span> <span class='ocrx_word' id='word_1_382' title='bbox 473 2073 528 2100; x_wconf 83' lang='grc' dir='ltr'><strong>Καὶ</strong></span> <span class='ocrx_word' id='word_1_383' title='bbox 547 2070 622 2104; x_wconf 78' lang='grc' dir='ltr'>οὗτος</span> <span class='ocrx_word' id='word_1_384' title='bbox 640 2073 689 2108; x_wconf 86' lang='grc' dir='ltr'>μὲν</span> <span class='ocrx_word' id='word_1_385' title='bbox 711 2074 750 2105; x_wconf 69' lang='grc' dir='ltr'>εἰς</span> <span class='ocrx_word' id='word_1_386' title='bbox 775 2073 820 2099; x_wconf 76' lang='grc' dir='ltr'>τὸν</span> <span class='ocrx_word' id='word_1_387' title='bbox 832 2073 908 2108; x_wconf 77' lang='grc' dir='ltr'>ἥλιον</span> 
     </span>
    </p>
   </div>
   <div class='ocr_carea' id='block_1_53' title="bbox 108 2117 907 2155">
    <p class='ocr_par' dir='ltr' id='par_1_53' title="bbox 108 2117 907 2155">
     <span class='ocr_line' id='line_1_53' title="bbox 108 2117 907 2155; baseline 0 -10"><span class='ocrx_word' id='word_1_388' title='bbox 108 2119 292 2155; x_wconf 71' lang='grc' dir='ltr'>ἀπὀρῤαίνειν</span> <span class='ocrx_word' id='word_1_389' title='bbox 303 2119 334 2145; x_wconf 81' lang='grc' dir='ltr'>τὸ</span> <span class='ocrx_word' id='word_1_390' title='bbox 354 2117 434 2154; x_wconf 79' lang='grc' dir='ltr'>αἷμα,</span> <span class='ocrx_word' id='word_1_391' title='bbox 454 2120 500 2146; x_wconf 80' lang='grc' dir='ltr'>καὶ</span> <span class='ocrx_word' id='word_1_392' title='bbox 519 2120 581 2151; x_wconf 78' lang='grc' dir='ltr'>τοὺς</span> <span class='ocrx_word' id='word_1_393' title='bbox 595 2119 677 2146; x_wconf 75' lang='grc' dir='ltr'>αὑτοῦ</span> <span class='ocrx_word' id='word_1_394' title='bbox 698 2119 775 2150; x_wconf 74' lang='grc' dir='ltr'>Θεοὺς</span> <span class='ocrx_word' id='word_1_395' title='bbox 793 2119 907 2145; x_wconf 82' lang='grc' dir='ltr'>κακολο-</span> 
     </span>
    </p>
   </div>
   <div class='ocr_carea' id='block_1_54' title="bbox 109 2165 908 2202">
    <p class='ocr_par' dir='ltr' id='par_1_54' title="bbox 109 2165 908 2202">
     <span class='ocr_line' id='line_1_54' title="bbox 109 2165 908 2202; baseline 0 -11"><span class='ocrx_word' id='word_1_396' title='bbox 109 2166 173 2200; x_wconf 81' lang='grc' dir='ltr'><strong>γεῖν</strong></span> <span class='ocrx_word' id='word_1_397' title='bbox 185 2174 192 2180; x_wconf 94' lang='grc'><strong>·</strong></span> <span class='ocrx_word' id='word_1_398' title='bbox 206 2166 231 2191; x_wconf 89' lang='grc' dir='ltr'>οἱ</span> <span class='ocrx_word' id='word_1_399' title='bbox 244 2166 272 2192; x_wconf 78' lang='grc' dir='ltr'>δὲ</span> <span class='ocrx_word' id='word_1_400' title='bbox 287 2166 408 2193; x_wconf 82' lang='grc' dir='ltr'>πλεῖστοι</span> <span class='ocrx_word' id='word_1_401' title='bbox 425 2166 479 2192; x_wconf 83' lang='grc' dir='ltr'>τῶν</span> <span class='ocrx_word' id='word_1_402' title='bbox 501 2167 678 2202; x_wconf 78' lang='grc' dir='ltr'>ἱστορούντων</span> <span class='ocrx_word' id='word_1_403' title='bbox 696 2166 735 2196; x_wconf 81' lang='grc' dir='ltr'>εἰς</span> <span class='ocrx_word' id='word_1_404' title='bbox 748 2165 793 2192; x_wconf 77' lang='grc' dir='ltr'><strong>τὸν</strong></span> <span class='ocrx_word' id='word_1_405' title='bbox 807 2166 908 2200; x_wconf 83' lang='grc' dir='ltr'>Κύριον</span> 
     </span>
    </p>
   </div>
   <div class='ocr_carea' id='block_1_55' title="bbox 107 2211 908 2248">
    <p class='ocr_par' dir='ltr' id='par_1_55' title="bbox 107 2211 908 2248">
     <span class='ocr_line' id='line_1_55' title="bbox 107 2211 908 2248; baseline 0 -10"><span class='ocrx_word' id='word_1_406' title='bbox 107 2211 194 2248; x_wconf 77' lang='grc' dir='ltr'>ἡμῶν</span> <span class='ocrx_word' id='word_1_407' title='bbox 220 2211 322 2247; x_wconf 84' lang='grc' dir='ltr'>Ἰησοῦν</span> <span class='ocrx_word' id='word_1_408' title='bbox 336 2212 463 2248; x_wconf 82' lang='grc' dir='ltr'>Χριστὸν,</span> <span class='ocrx_word' id='word_1_409' title='bbox 478 2212 523 2239; x_wconf 80' lang='grc' dir='ltr'>τὸν</span> <span class='ocrx_word' id='word_1_410' title='bbox 546 2211 671 2247; x_wconf 83' lang='grc' dir='ltr'>ἀληθινὸν</span> <span class='ocrx_word' id='word_1_411' title='bbox 683 2211 760 2244; x_wconf 81' lang='grc' dir='ltr'>Θεὸν,</span> <span class='ocrx_word' id='word_1_412' title='bbox 778 2212 908 2247; x_wconf 76' lang='grc' dir='ltr'>ἑκάτερον</span> 
     </span>
    </p>
   </div>
   <div class='ocr_carea' id='block_1_56' title="bbox 107 2257 474 2294">
    <p class='ocr_par' dir='ltr' id='par_1_56' title="bbox 107 2257 474 2294">
     <span class='ocr_line' id='line_1_56' title="bbox 107 2257 474 2294; baseline 0.005 -11"><span class='ocrx_word' id='word_1_413' title='bbox 107 2258 268 2293; x_wconf 82' lang='grc' dir='ltr'>γράφουσιν</span> <span class='ocrx_word' id='word_1_414' title='bbox 281 2257 474 2294; x_wconf 69' lang='grc' dir='ltr'>ὲναπορῤίψαι.</span> 
     </span>
    </p>
   </div>
   <div class='ocr_carea' id='block_1_57' title="bbox 987 700 1744 736">
    <p class='ocr_par' dir='ltr' id='par_1_57' title="bbox 987 700 1744 736">
     <span class='ocr_line' id='line_1_57' title="bbox 987 700 1744 736; baseline 0.001 -9"><span class='ocrx_word' id='word_1_415' title='bbox 987 700 1029 728; x_wconf 78' lang='lat' dir='ltr'><strong>l5.</strong></span> <span class='ocrx_word' id='word_1_416' title='bbox 1052 700 1179 728; x_wconf 73' lang='lat' dir='ltr'><strong>Julianus</strong></span> <span class='ocrx_word' id='word_1_417' title='bbox 1204 701 1267 735; x_wconf 84' lang='lat' dir='ltr'><strong>imp.</strong></span> <span class='ocrx_word' id='word_1_418' title='bbox 1299 700 1435 728; x_wconf 81' lang='lat' dir='ltr'><strong>Persidem</strong></span> <span class='ocrx_word' id='word_1_419' title='bbox 1463 702 1588 728; x_wconf 77' lang='lat' dir='ltr'><strong>inuadens</strong></span> <span class='ocrx_word' id='word_1_420' title='bbox 1617 702 1744 736; x_wconf 84' lang='lat' dir='ltr'><strong>perit.—</strong></span> 
     </span>
    </p>
   </div>
   <div class='ocr_carea' id='block_1_58' title="bbox 951 745 1743 780">
    <p class='ocr_par' dir='ltr' id='par_1_58' title="bbox 951 745 1743 780">
     <span class='ocr_line' id='line_1_58' title="bbox 951 745 1743 780; baseline -0.001 -8"><span class='ocrx_word' id='word_1_421' title='bbox 951 745 1078 780; x_wconf 82' lang='lat' dir='ltr'><strong>Apostata</strong></span> <span class='ocrx_word' id='word_1_422' title='bbox 1094 745 1220 773; x_wconf 79' lang='lat' dir='ltr'><strong>Julianus</strong></span> <span class='ocrx_word' id='word_1_423' title='bbox 1236 745 1343 772; x_wconf 87' lang='lat' dir='ltr'><strong>cttnctis</strong></span> <span class='ocrx_word' id='word_1_424' title='bbox 1356 745 1477 778; x_wconf 85' lang='lat' dir='ltr'><strong>undique</strong></span> <span class='ocrx_word' id='word_1_425' title='bbox 1487 745 1628 779; x_wconf 77' lang='lat' dir='ltr'><strong>gentilium</strong></span> <span class='ocrx_word' id='word_1_426' title='bbox 1644 753 1743 772; x_wconf 83' lang='lat' dir='ltr'><strong>oracu-</strong></span> 
     </span>
    </p>
   </div>
   <div class='ocr_carea' id='block_1_59' title="bbox 951 790 1742 825">
    <p class='ocr_par' dir='ltr' id='par_1_59' title="bbox 951 790 1742 825">
     <span class='ocr_line' id='line_1_59' title="bbox 951 790 1742 825; baseline 0 -8"><span class='ocrx_word' id='word_1_427' title='bbox 951 790 985 818; x_wconf 93' lang='lat' dir='ltr'><strong>lis</strong></span> <span class='ocrx_word' id='word_1_428' title='bbox 1009 791 1140 822; x_wconf 78' lang='lat' dir='ltr'><strong>conlisus,</strong></span> <span class='ocrx_word' id='word_1_429' title='bbox 1166 791 1238 825; x_wconf 90' lang='lat' dir='ltr'><strong>quod</strong></span> <span class='ocrx_word' id='word_1_430' title='bbox 1268 791 1394 817; x_wconf 74' lang='lat' dir='ltr'><strong>invictam</strong></span> <span class='ocrx_word' id='word_1_431' title='bbox 1412 790 1466 817; x_wconf 85' lang='lat' dir='ltr'><strong>vim</strong></span> <span class='ocrx_word' id='word_1_432' title='bbox 1494 794 1567 817; x_wconf 75' lang='lat' dir='ltr'><strong>esset</strong></span> <span class='ocrx_word' id='word_1_433' title='bbox 1587 790 1742 823; x_wconf 83' lang='lat' dir='ltr'><strong>habiturus,</strong></span> 
     </span>
    </p>
   </div>
   <div class='ocr_carea' id='block_1_60' title="bbox 952 835 1744 871">
    <p class='ocr_par' dir='ltr' id='par_1_60' title="bbox 952 835 1744 871">
     <span class='ocr_line' id='line_1_60' title="bbox 952 835 1744 871; baseline -0.001 -8"><span class='ocrx_word' id='word_1_434' title='bbox 952 837 1083 863; x_wconf 83' lang='lat' dir='ltr'><strong>adversus</strong></span> <span class='ocrx_word' id='word_1_435' title='bbox 1096 836 1195 864; x_wconf 82' lang='lat' dir='ltr'><strong>Persas</strong></span> <span class='ocrx_word' id='word_1_436' title='bbox 1213 836 1411 871; x_wconf 81' lang='lat' dir='ltr'><strong>expeditionem</strong></span> <span class='ocrx_word' id='word_1_437' title='bbox 1424 837 1556 871; x_wconf 84' lang='lat' dir='ltr'><strong>suscepit.</strong></span> <span class='ocrx_word' id='word_1_438' title='bbox 1576 835 1664 863; x_wconf 83' lang='lat' dir='ltr'><strong>Senex</strong></span> <span class='ocrx_word' id='word_1_439' title='bbox 1677 843 1744 862; x_wconf 82' lang='lat' dir='ltr'><strong>vero</strong></span> 
     </span>
    </p>
   </div>
   <div class='ocr_carea' id='block_1_61' title="bbox 953 880 1744 916">
    <p class='ocr_par' dir='ltr' id='par_1_61' title="bbox 953 880 1744 916">
     <span class='ocr_line' id='line_1_61' title="bbox 953 880 1744 916; baseline 0 -8"><span class='ocrx_word' id='word_1_440' title='bbox 953 881 1063 916; x_wconf 78' lang='lat' dir='ltr'><strong>quidam</strong></span> <span class='ocrx_word' id='word_1_441' title='bbox 1084 881 1129 915; x_wconf 87' lang='lat' dir='ltr'><strong>qui</strong></span> <span class='ocrx_word' id='word_1_442' title='bbox 1157 881 1319 916; x_wconf 77' lang='lat' dir='ltr'><strong>jampridem</strong></span> <span class='ocrx_word' id='word_1_443' title='bbox 1347 882 1478 909; x_wconf 87' lang='lat' dir='ltr'><strong>missione</strong></span> <span class='ocrx_word' id='word_1_444' title='bbox 1510 882 1629 908; x_wconf 88' lang='lat' dir='ltr'><strong>donatus</strong></span> <span class='ocrx_word' id='word_1_445' title='bbox 1654 880 1744 908; x_wconf 78' lang='lat' dir='ltr'><strong>fuerat</strong></span> 
     </span>
    </p>
   </div>
   <div class='ocr_carea' id='block_1_62' title="bbox 955 925 1744 962">
    <p class='ocr_par' dir='ltr' id='par_1_62' title="bbox 955 925 1744 962">
     <span class='ocr_line' id='line_1_62' title="bbox 955 925 1744 962; baseline 0.001 -10"><span class='ocrx_word' id='word_1_446' title='bbox 955 926 1024 960; x_wconf 90' lang='lat' dir='ltr'><strong>apud</strong></span> <span class='ocrx_word' id='word_1_447' title='bbox 1046 925 1155 958; x_wconf 88' lang='lat' dir='ltr'><strong>Persas,</strong></span> <span class='ocrx_word' id='word_1_448' title='bbox 1176 927 1240 953; x_wconf 87' lang='lat' dir='ltr'><strong>dolo</strong></span> <span class='ocrx_word' id='word_1_449' title='bbox 1256 934 1287 954; x_wconf 83' lang='lat' dir='ltr'><strong>ac</strong></span> <span class='ocrx_word' id='word_1_450' title='bbox 1303 926 1413 962; x_wconf 89' lang='lat' dir='ltr'><strong>perlidia</strong></span> <span class='ocrx_word' id='word_1_451' title='bbox 1429 926 1609 954; x_wconf 78' lang='lat' dir='ltr'><strong>circumvenit</strong></span> <span class='ocrx_word' id='word_1_452' title='bbox 1625 926 1744 962; x_wconf 86' lang='lat' dir='ltr'><strong>Aposta-</strong></span> 
     </span>
    </p>
   </div>
   <div class='ocr_carea' id='block_1_63' title="bbox 957 964 1745 1009">
    <p class='ocr_par' dir='ltr' id='par_1_63' title="bbox 957 964 1745 1009">
     <span class='ocr_line' id='line_1_63' title="bbox 957 964 1745 1009; baseline 0.001 -10"><span class='ocrx_word' id='word_1_453' title='bbox 957 978 1013 999; x_wconf 91' lang='lat' dir='ltr'><strong>tam</strong></span> <span class='ocrx_word' id='word_1_454' title='bbox 1028 973 1054 999; x_wconf 89' lang='lat' dir='ltr'><strong>in</strong></span> <span class='ocrx_word' id='word_1_455' title='bbox 1067 972 1178 1001; x_wconf 87' lang='lat' dir='ltr'><strong>Perside</strong></span> <span class='ocrx_word' id='word_1_456' title='bbox 1192 973 1292 1001; x_wconf 89' lang='lat' dir='ltr'><strong>bellum</strong></span> <span class='ocrx_word' id='word_1_457' title='bbox 1308 979 1444 1009; x_wconf 80' lang='lat' dir='ltr'><strong>gerentem</strong></span> <span class='ocrx_word' id='word_1_458' title='bbox 1458 964 1524 1007; x_wconf 65' lang='grc'>(82).</span> <span class='ocrx_word' id='word_1_459' title='bbox 1541 973 1592 1007; x_wconf 87' lang='lat' dir='ltr'><strong>Qui</strong></span> <span class='ocrx_word' id='word_1_460' title='bbox 1610 981 1672 1007; x_wconf 82' lang='lat' dir='ltr'><strong>cum</strong></span> <span class='ocrx_word' id='word_1_461' title='bbox 1689 973 1745 1001; x_wconf 88' lang='lat' dir='ltr'><strong>Ro-</strong></span> 
     </span>
    </p>
   </div>
   <div class='ocr_carea' id='block_1_64' title="bbox 956 1018 1745 1054">
    <p class='ocr_par' dir='ltr' id='par_1_64' title="bbox 956 1018 1745 1054">
     <span class='ocr_line' id='line_1_64' title="bbox 956 1018 1745 1054; baseline 0.003 -10"><span class='ocrx_word' id='word_1_462' title='bbox 956 1025 1052 1045; x_wconf 89' lang='lat' dir='ltr'><strong>manos</strong></span> <span class='ocrx_word' id='word_1_463' title='bbox 1067 1018 1093 1045; x_wconf 92' lang='lat' dir='ltr'><strong>in</strong></span> <span class='ocrx_word' id='word_1_464' title='bbox 1107 1018 1207 1046; x_wconf 85' lang='lat' dir='ltr'><strong>inviam</strong></span> <span class='ocrx_word' id='word_1_465' title='bbox 1222 1020 1368 1054; x_wconf 84' lang='lat' dir='ltr'><strong>quamdam</strong></span> <span class='ocrx_word' id='word_1_466' title='bbox 1380 1019 1564 1052; x_wconf 66' lang='lat' dir='ltr'><strong>solitudinem,</strong></span> <span class='ocrx_word' id='word_1_467' title='bbox 1579 1024 1606 1047; x_wconf 88' lang='lat' dir='ltr'><strong>et</strong></span> <span class='ocrx_word' id='word_1_468' title='bbox 1618 1019 1644 1046; x_wconf 92' lang='lat' dir='ltr'><strong>in</strong></span> <span class='ocrx_word' id='word_1_469' title='bbox 1657 1019 1745 1047; x_wconf 79' lang='lat' dir='ltr'><strong>maxi-</strong></span> 
     </span>
    </p>
   </div>
   <div class='ocr_carea' id='block_1_65' title="bbox 955 1064 1745 1100">
    <p class='ocr_par' dir='ltr' id='par_1_65' title="bbox 955 1064 1745 1100">
     <span class='ocr_line' id='line_1_65' title="bbox 955 1064 1745 1100; baseline 0.001 -9"><span class='ocrx_word' id='word_1_470' title='bbox 955 1071 1015 1091; x_wconf 90' lang='lat' dir='ltr'><strong>mas</strong></span> <span class='ocrx_word' id='word_1_471' title='bbox 1031 1064 1201 1092; x_wconf 78' lang='lat' dir='ltr'><strong>diﬂicultates</strong></span> <span class='ocrx_word' id='word_1_472' title='bbox 1217 1065 1388 1100; x_wconf 72' lang='lat' dir='ltr'><strong>coniecisset,</strong></span> <span class='ocrx_word' id='word_1_473' title='bbox 1399 1065 1425 1092; x_wconf 90' lang='lat' dir='ltr'><strong>in</strong></span> <span class='ocrx_word' id='word_1_474' title='bbox 1439 1065 1538 1100; x_wconf 82' lang='lat' dir='ltr'><strong>quibus</strong></span> <span class='ocrx_word' id='word_1_475' title='bbox 1547 1065 1664 1092; x_wconf 81' lang='lat' dir='ltr'><strong>maxima</strong></span> <span class='ocrx_word' id='word_1_476' title='bbox 1680 1071 1745 1100; x_wconf 78' lang='lat' dir='ltr'><strong>pars</strong></span> 
     </span>
    </p>
   </div>
   <div class='ocr_carea' id='block_1_66' title="bbox 955 1109 1745 1145">
    <p class='ocr_par' dir='ltr' id='par_1_66' title="bbox 955 1109 1745 1145">
     <span class='ocr_line' id='line_1_66' title="bbox 955 1109 1745 1145; baseline 0.001 -10"><span class='ocrx_word' id='word_1_477' title='bbox 955 1109 1093 1136; x_wconf 82' lang='lat' dir='ltr'><strong>exercitus</strong></span> <span class='ocrx_word' id='word_1_478' title='bbox 1117 1109 1210 1144; x_wconf 80' lang='lat' dir='ltr'><strong>periit.</strong></span> <span class='ocrx_word' id='word_1_479' title='bbox 1229 1109 1322 1137; x_wconf 81' lang='lat' dir='ltr'><strong>hostes</strong></span> <span class='ocrx_word' id='word_1_480' title='bbox 1348 1110 1423 1137; x_wconf 86' lang='lat' dir='ltr'><strong>velut</strong></span> <span class='ocrx_word' id='word_1_481' title='bbox 1449 1110 1567 1145; x_wconf 76' lang='lat' dir='ltr'><strong>pne-lam</strong></span> <span class='ocrx_word' id='word_1_482' title='bbox 1591 1110 1745 1136; x_wconf 79' lang='lat' dir='ltr'><strong>venatiram</strong></span> 
     </span>
    </p>
   </div>
   <div class='ocr_carea' id='block_1_67' title="bbox 955 1154 1746 1188">
    <p class='ocr_par' dir='ltr' id='par_1_67' title="bbox 955 1154 1746 1188">
     <span class='ocr_line' id='line_1_67' title="bbox 955 1154 1746 1188; baseline 0.001 -8"><span class='ocrx_word' id='word_1_483' title='bbox 955 1154 1133 1188; x_wconf 83' lang='lat' dir='ltr'><strong>popularibus</strong></span> <span class='ocrx_word' id='word_1_484' title='bbox 1148 1155 1206 1182; x_wconf 87' lang='lat' dir='ltr'><strong>suis</strong></span> <span class='ocrx_word' id='word_1_485' title='bbox 1228 1155 1348 1182; x_wconf 86' lang='lat' dir='ltr'><strong>tradidit.</strong></span> <span class='ocrx_word' id='word_1_486' title='bbox 1366 1154 1458 1182; x_wconf 76' lang='lat' dir='ltr'><strong>Persze</strong></span> <span class='ocrx_word' id='word_1_487' title='bbox 1474 1155 1548 1182; x_wconf 90' lang='lat' dir='ltr'><strong>enim</strong></span> <span class='ocrx_word' id='word_1_488' title='bbox 1564 1154 1592 1182; x_wconf 92' lang='lat' dir='ltr'><strong>in</strong></span> <span class='ocrx_word' id='word_1_489' title='bbox 1606 1154 1746 1182; x_wconf 81' lang='lat' dir='ltr'><strong>Romanos</strong></span> 
     </span>
    </p>
   </div>
   <div class='ocr_carea' id='block_1_68' title="bbox 956 1199 1747 1236">
    <p class='ocr_par' dir='ltr' id='par_1_68' title="bbox 956 1199 1747 1236">
     <span class='ocr_line' id='line_1_68' title="bbox 956 1199 1747 1236; baseline 0.003 -10"><span class='ocrx_word' id='word_1_490' title='bbox 956 1199 1104 1233; x_wconf 87' lang='lat' dir='ltr'><strong>irruerunt,</strong></span> <span class='ocrx_word' id='word_1_491' title='bbox 1116 1200 1229 1235; x_wconf 80' lang='lat' dir='ltr'><strong>adjectis</strong></span> <span class='ocrx_word' id='word_1_492' title='bbox 1243 1201 1296 1228; x_wconf 90' lang='lat' dir='ltr'><strong>sibi</strong></span> <span class='ocrx_word' id='word_1_493' title='bbox 1318 1201 1456 1228; x_wconf 70' lang='lat' dir='ltr'><strong>fmderatis</strong></span> <span class='ocrx_word' id='word_1_494' title='bbox 1476 1201 1614 1236; x_wconf 80' lang='lat' dir='ltr'><strong>equitibus</strong></span> <span class='ocrx_word' id='word_1_495' title='bbox 1632 1201 1747 1228; x_wconf 78' lang='lat' dir='ltr'><strong>SaraCe-</strong></span> 
     </span>
    </p>
   </div>
   <div class='ocr_carea' id='block_1_69' title="bbox 955 1245 1747 1280">
    <p class='ocr_par' dir='ltr' id='par_1_69' title="bbox 955 1245 1747 1280">
     <span class='ocr_line' id='line_1_69' title="bbox 955 1245 1747 1280; baseline 0.001 -9"><span class='ocrx_word' id='word_1_496' title='bbox 955 1245 998 1272; x_wconf 92' lang='lat' dir='ltr'><strong>nis</strong></span> <span class='ocrx_word' id='word_1_497' title='bbox 1008 1245 1054 1280; x_wconf 90' lang='lat' dir='ltr'><strong>qui</strong></span> <span class='ocrx_word' id='word_1_498' title='bbox 1071 1249 1167 1272; x_wconf 86' lang='lat' dir='ltr'><strong>contos</strong></span> <span class='ocrx_word' id='word_1_499' title='bbox 1178 1246 1330 1280; x_wconf 75' lang='lat' dir='ltr'><strong>gestabant.</strong></span> <span class='ocrx_word' id='word_1_500' title='bbox 1340 1245 1460 1278; x_wconf 86' lang='lat' dir='ltr'><strong>Quorum</strong></span> <span class='ocrx_word' id='word_1_501' title='bbox 1474 1253 1548 1273; x_wconf 89' lang='lat' dir='ltr'><strong>unus</strong></span> <span class='ocrx_word' id='word_1_502' title='bbox 1560 1253 1622 1273; x_wconf 86' lang='lat' dir='ltr'><strong>cum</strong></span> <span class='ocrx_word' id='word_1_503' title='bbox 1638 1245 1747 1272; x_wconf 83' lang='lat' dir='ltr'><strong>hastam</strong></span> 
     </span>
    </p>
   </div>
   <div class='ocr_carea' id='block_1_70' title="bbox 956 1291 1748 1327">
    <p class='ocr_par' dir='ltr' id='par_1_70' title="bbox 956 1291 1748 1327">
     <span class='ocr_line' id='line_1_70' title="bbox 956 1291 1748 1327; baseline 0 -9"><span class='ocrx_word' id='word_1_504' title='bbox 956 1291 982 1318; x_wconf 90' lang='lat' dir='ltr'><strong>in</strong></span> <span class='ocrx_word' id='word_1_505' title='bbox 1000 1291 1138 1319; x_wconf 82' lang='lat' dir='ltr'><strong>Julianum</strong></span> <span class='ocrx_word' id='word_1_506' title='bbox 1156 1292 1319 1324; x_wconf 82' lang='lat' dir='ltr'><strong>intorsisset,</strong></span> <span class='ocrx_word' id='word_1_507' title='bbox 1333 1299 1396 1319; x_wconf 77' lang='lat' dir='ltr'><strong>etim</strong></span> <span class='ocrx_word' id='word_1_508' title='bbox 1413 1293 1440 1319; x_wconf 93' lang='lat' dir='ltr'><strong>in</strong></span> <span class='ocrx_word' id='word_1_509' title='bbox 1463 1291 1569 1320; x_wconf 85' lang='lat' dir='ltr'><strong>femore</strong></span> <span class='ocrx_word' id='word_1_510' title='bbox 1585 1293 1658 1320; x_wconf 87' lang='lat' dir='ltr'><strong>circa</strong></span> <span class='ocrx_word' id='word_1_511' title='bbox 1673 1292 1748 1327; x_wconf 83' lang='lat' dir='ltr'><strong>peri-</strong></span> 
     </span>
    </p>
   </div>
   <div class='ocr_carea' id='block_1_71' title="bbox 959 1338 1749 1374">
    <p class='ocr_par' dir='ltr' id='par_1_71' title="bbox 959 1338 1749 1374">
     <span class='ocr_line' id='line_1_71' title="bbox 959 1338 1749 1374; baseline 0.001 -10"><span class='ocrx_word' id='word_1_512' title='bbox 959 1343 1076 1364; x_wconf 67' lang='lat' dir='ltr'><strong>tonuequ</strong></span> <span class='ocrx_word' id='word_1_513' title='bbox 1090 1338 1232 1372; x_wconf 77' lang='lat' dir='ltr'><strong>percussit.</strong></span> <span class='ocrx_word' id='word_1_514' title='bbox 1243 1338 1276 1365; x_wconf 88' lang='lat' dir='ltr'><strong>Et</strong></span> <span class='ocrx_word' id='word_1_515' title='bbox 1289 1346 1351 1366; x_wconf 88' lang='lat' dir='ltr'><strong>cum</strong></span> <span class='ocrx_word' id='word_1_516' title='bbox 1364 1340 1456 1374; x_wconf 87' lang='lat' dir='ltr'><strong>cuspis</strong></span> <span class='ocrx_word' id='word_1_517' title='bbox 1470 1339 1669 1370; x_wconf 64' lang='lat' dir='ltr'><strong>extraheretur,</strong></span> <span class='ocrx_word' id='word_1_518' title='bbox 1678 1343 1749 1366; x_wconf 86' lang='lat' dir='ltr'><strong>ster-</strong></span> 
     </span>
    </p>
   </div>
   <div class='ocr_carea' id='block_1_72' title="bbox 957 1383 1744 1419">
    <p class='ocr_par' dir='ltr' id='par_1_72' title="bbox 957 1383 1744 1419">
     <span class='ocr_line' id='line_1_72' title="bbox 957 1383 1744 1419; baseline 0.004 -10"><span class='ocrx_word' id='word_1_519' title='bbox 957 1390 1005 1409; x_wconf 84' lang='lat' dir='ltr'><strong>rus</strong></span> <span class='ocrx_word' id='word_1_520' title='bbox 1026 1390 1134 1418; x_wconf 83' lang='lat' dir='ltr'><strong>quoque</strong></span> <span class='ocrx_word' id='word_1_521' title='bbox 1149 1391 1202 1410; x_wconf 89' lang='lat' dir='ltr'><strong>una</strong></span> <span class='ocrx_word' id='word_1_522' title='bbox 1229 1391 1290 1411; x_wconf 93' lang='lat' dir='ltr'><strong>cum</strong></span> <span class='ocrx_word' id='word_1_523' title='bbox 1307 1385 1440 1419; x_wconf 83' lang='lat' dir='ltr'><strong>sanguine</strong></span> <span class='ocrx_word' id='word_1_524' title='bbox 1462 1389 1587 1412; x_wconf 87' lang='lat' dir='ltr'><strong>secutum</strong></span> <span class='ocrx_word' id='word_1_525' title='bbox 1607 1383 1744 1419; x_wconf 82' lang='lat' dir='ltr'><strong>proﬂuxit.</strong></span> 
     </span>
    </p>
   </div>
   <div class='ocr_carea' id='block_1_73' title="bbox 957 1428 1748 1465">
    <p class='ocr_par' dir='ltr' id='par_1_73' title="bbox 957 1428 1748 1465">
     <span class='ocr_line' id='line_1_73' title="bbox 957 1428 1748 1465; baseline 0.003 -11"><span class='ocrx_word' id='word_1_526' title='bbox 957 1428 995 1454; x_wconf 81' lang='lat' dir='ltr'><strong>Ac</strong></span> <span class='ocrx_word' id='word_1_527' title='bbox 1008 1429 1160 1462; x_wconf 86' lang='lat' dir='ltr'><strong>percussori</strong></span> <span class='ocrx_word' id='word_1_528' title='bbox 1181 1429 1290 1464; x_wconf 92' lang='lat' dir='ltr'><strong>quidem</strong></span> <span class='ocrx_word' id='word_1_529' title='bbox 1319 1430 1473 1463; x_wconf 85' lang='lat' dir='ltr'><strong>Saraceno,</strong></span> <span class='ocrx_word' id='word_1_530' title='bbox 1493 1438 1565 1457; x_wconf 91' lang='lat' dir='ltr'><strong>unus</strong></span> <span class='ocrx_word' id='word_1_531' title='bbox 1581 1437 1614 1458; x_wconf 86' lang='lat' dir='ltr'><strong>ex</strong></span> <span class='ocrx_word' id='word_1_532' title='bbox 1629 1430 1748 1465; x_wconf 83' lang='lat' dir='ltr'><strong>impera-</strong></span> 
     </span>
    </p>
   </div>
   <div class='ocr_carea' id='block_1_74' title="bbox 958 1474 1745 1511">
    <p class='ocr_par' dir='ltr' id='par_1_74' title="bbox 958 1474 1745 1511">
     <span class='ocr_line' id='line_1_74' title="bbox 958 1474 1745 1511; baseline 0.004 -12"><span class='ocrx_word' id='word_1_533' title='bbox 958 1474 1025 1500; x_wconf 82' lang='lat' dir='ltr'><strong>toris</strong></span> <span class='ocrx_word' id='word_1_534' title='bbox 1041 1475 1238 1508; x_wconf 84' lang='lat' dir='ltr'><strong>protectoribus</strong></span> <span class='ocrx_word' id='word_1_535' title='bbox 1258 1476 1284 1502; x_wconf 93' lang='lat' dir='ltr'><strong>in</strong></span> <span class='ocrx_word' id='word_1_536' title='bbox 1299 1482 1360 1502; x_wconf 91' lang='lat' dir='ltr'><strong>eum</strong></span> <span class='ocrx_word' id='word_1_537' title='bbox 1376 1475 1494 1507; x_wconf 85' lang='lat' dir='ltr'><strong>irruens,</strong></span> <span class='ocrx_word' id='word_1_538' title='bbox 1512 1479 1595 1511; x_wconf 88' lang='lat' dir='ltr'><strong>caput</strong></span> <span class='ocrx_word' id='word_1_539' title='bbox 1617 1475 1745 1502; x_wconf 88' lang='lat' dir='ltr'><strong>abscidit.</strong></span> 
     </span>
    </p>
   </div>
   <div class='ocr_carea' id='block_1_75' title="bbox 957 1517 1749 1556">
    <p class='ocr_par' dir='ltr' id='par_1_75' title="bbox 957 1517 1749 1556">
     <span class='ocr_line' id='line_1_75' title="bbox 957 1517 1749 1556; baseline 0.005 -11"><span class='ocrx_word' id='word_1_540' title='bbox 957 1517 1096 1547; x_wconf 83' lang='lat' dir='ltr'><strong>Julianum</strong></span> <span class='ocrx_word' id='word_1_541' title='bbox 1119 1528 1183 1547; x_wconf 82' lang='lat' dir='ltr'><strong>vero</strong></span> <span class='ocrx_word' id='word_1_542' title='bbox 1201 1521 1272 1548; x_wconf 90' lang='lat' dir='ltr'><strong>letali</strong></span> <span class='ocrx_word' id='word_1_543' title='bbox 1300 1521 1411 1549; x_wconf 85' lang='lat' dir='ltr'><strong>vulnere</strong></span> <span class='ocrx_word' id='word_1_544' title='bbox 1435 1529 1593 1556; x_wconf 90' lang='lat' dir='ltr'><strong>percussum</strong></span> <span class='ocrx_word' id='word_1_545' title='bbox 1606 1542 1613 1555; x_wconf 94' lang='lat'><strong>,</strong></span> <span class='ocrx_word' id='word_1_546' title='bbox 1630 1521 1749 1548; x_wconf 69' lang='lat' dir='ltr'><strong>Romani</strong></span> 
     </span>
    </p>
   </div>
   <div class='ocr_carea' id='block_1_76' title="bbox 957 1564 1749 1602">
    <p class='ocr_par' dir='ltr' id='par_1_76' title="bbox 957 1564 1749 1602">
     <span class='ocr_line' id='line_1_76' title="bbox 957 1564 1749 1602; baseline 0.003 -10"><span class='ocrx_word' id='word_1_547' title='bbox 957 1564 1100 1592; x_wconf 78' lang='lat' dir='ltr'><strong>confestim</strong></span> <span class='ocrx_word' id='word_1_548' title='bbox 1117 1572 1195 1593; x_wconf 90' lang='lat' dir='ltr'><strong>scuto</strong></span> <span class='ocrx_word' id='word_1_549' title='bbox 1211 1567 1368 1602; x_wconf 84' lang='lat' dir='ltr'><strong>impositum</strong></span> <span class='ocrx_word' id='word_1_550' title='bbox 1383 1567 1410 1594; x_wconf 93' lang='lat' dir='ltr'><strong>in</strong></span> <span class='ocrx_word' id='word_1_551' title='bbox 1421 1567 1628 1595; x_wconf 70' lang='lat' dir='ltr'><strong>tabernaculum</strong></span> <span class='ocrx_word' id='word_1_552' title='bbox 1649 1575 1749 1602; x_wconf 84' lang='lat' dir='ltr'><strong>aspor-</strong></span> 
     </span>
    </p>
   </div>
   <div class='ocr_carea' id='block_1_77' title="bbox 958 1611 1748 1647">
    <p class='ocr_par' dir='ltr' id='par_1_77' title="bbox 958 1611 1748 1647">
     <span class='ocr_line' id='line_1_77' title="bbox 958 1611 1748 1647; baseline 0.004 -9"><span class='ocrx_word' id='word_1_553' title='bbox 958 1616 1060 1639; x_wconf 83' lang='lat' dir='ltr'><strong>tarunt.</strong></span> <span class='ocrx_word' id='word_1_554' title='bbox 1086 1611 1216 1647; x_wconf 83' lang='lat' dir='ltr'><strong>Multique</strong></span> <span class='ocrx_word' id='word_1_555' title='bbox 1235 1621 1250 1640; x_wconf 89' lang='lat' dir='ltr'><strong>a</strong></span> <span class='ocrx_word' id='word_1_556' title='bbox 1270 1613 1399 1641; x_wconf 76' lang='lat' dir='ltr'><strong>Romanis</strong></span> <span class='ocrx_word' id='word_1_557' title='bbox 1421 1613 1447 1640; x_wconf 89' lang='lat' dir='ltr'><strong>id</strong></span> <span class='ocrx_word' id='word_1_558' title='bbox 1467 1613 1574 1642; x_wconf 77' lang='lat' dir='ltr'><strong>fucinus</strong></span> <span class='ocrx_word' id='word_1_559' title='bbox 1597 1613 1748 1641; x_wconf 88' lang='lat' dir='ltr'><strong>admissum</strong></span> 
     </span>
    </p>
   </div>
   <div class='ocr_carea' id='block_1_78' title="bbox 957 1658 1748 1694">
    <p class='ocr_par' dir='ltr' id='par_1_78' title="bbox 957 1658 1748 1694">
     <span class='ocr_line' id='line_1_78' title="bbox 957 1658 1748 1694; baseline 0.003 -9"><span class='ocrx_word' id='word_1_560' title='bbox 957 1665 1017 1686; x_wconf 85' lang='lat' dir='ltr'><strong>esse</strong></span> <span class='ocrx_word' id='word_1_561' title='bbox 1032 1658 1234 1691; x_wconf 79' lang='lat' dir='ltr'><strong>existimarunt,</strong></span> <span class='ocrx_word' id='word_1_562' title='bbox 1256 1667 1290 1686; x_wconf 92' lang='lat' dir='ltr'><strong>eo</strong></span> <span class='ocrx_word' id='word_1_563' title='bbox 1314 1659 1385 1694; x_wconf 87' lang='lat' dir='ltr'><strong>quod</strong></span> <span class='ocrx_word' id='word_1_564' title='bbox 1412 1665 1523 1694; x_wconf 84' lang='lat' dir='ltr'><strong>repente</strong></span> <span class='ocrx_word' id='word_1_565' title='bbox 1552 1668 1585 1687; x_wconf 87' lang='lat' dir='ltr'><strong>ac</strong></span> <span class='ocrx_word' id='word_1_566' title='bbox 1608 1664 1748 1688; x_wconf 83' lang='lat' dir='ltr'><strong>momento</strong></span> 
     </span>
    </p>
   </div>
   <div class='ocr_carea' id='block_1_79' title="bbox 958 1704 1746 1737">
    <p class='ocr_par' dir='ltr' id='par_1_79' title="bbox 958 1704 1746 1737">
     <span class='ocr_line' id='line_1_79' title="bbox 958 1704 1746 1737; baseline 0.005 -8"><span class='ocrx_word' id='word_1_567' title='bbox 958 1704 1088 1737; x_wconf 80' lang='lat' dir='ltr'><strong>temporis</strong></span> <span class='ocrx_word' id='word_1_568' title='bbox 1102 1704 1127 1731; x_wconf 92' lang='lat' dir='ltr'><strong>id</strong></span> <span class='ocrx_word' id='word_1_569' title='bbox 1144 1704 1242 1732; x_wconf 89' lang='lat' dir='ltr'><strong>vulnus</strong></span> <span class='ocrx_word' id='word_1_570' title='bbox 1260 1704 1391 1733; x_wconf 84' lang='lat' dir='ltr'><strong>inllictum</strong></span> <span class='ocrx_word' id='word_1_571' title='bbox 1407 1705 1506 1737; x_wconf 81' lang='lat' dir='ltr'><strong>fuerat,</strong></span> <span class='ocrx_word' id='word_1_572' title='bbox 1518 1714 1569 1734; x_wconf 83' lang='lat' dir='ltr'><strong>nec</strong></span> <span class='ocrx_word' id='word_1_573' title='bbox 1583 1707 1655 1733; x_wconf 85' lang='lat' dir='ltr'><strong>unde</strong></span> <span class='ocrx_word' id='word_1_574' title='bbox 1672 1705 1746 1733; x_wconf 84' lang='lat' dir='ltr'><strong>inlli-</strong></span> 
     </span>
    </p>
   </div>
   <div class='ocr_carea' id='block_1_80' title="bbox 957 1750 1747 1786">
    <p class='ocr_par' dir='ltr' id='par_1_80' title="bbox 957 1750 1747 1786">
     <span class='ocr_line' id='line_1_80' title="bbox 957 1750 1747 1786; baseline 0.005 -10"><span class='ocrx_word' id='word_1_575' title='bbox 957 1754 1030 1776; x_wconf 93' lang='lat' dir='ltr'><strong>ctum</strong></span> <span class='ocrx_word' id='word_1_576' title='bbox 1045 1754 1102 1778; x_wconf 81' lang='lat' dir='ltr'><strong>erat</strong></span> <span class='ocrx_word' id='word_1_577' title='bbox 1118 1750 1262 1786; x_wconf 85' lang='lat' dir='ltr'><strong>quisquam</strong></span> <span class='ocrx_word' id='word_1_578' title='bbox 1276 1751 1387 1779; x_wconf 84' lang='lat' dir='ltr'><strong>sciebat.</strong></span> <span class='ocrx_word' id='word_1_579' title='bbox 1401 1753 1436 1779; x_wconf 80' lang='lat' dir='ltr'><strong>At</strong></span> <span class='ocrx_word' id='word_1_580' title='bbox 1449 1760 1514 1779; x_wconf 73' lang='lat' dir='ltr'><strong>vero</strong></span> <span class='ocrx_word' id='word_1_581' title='bbox 1528 1752 1747 1780; x_wconf 82' lang='lat' dir='ltr'><strong>miserJulianus</strong></span> 
     </span>
    </p>
   </div>
   <div class='ocr_carea' id='block_1_81' title="bbox 957 1796 1748 1833">
    <p class='ocr_par' dir='ltr' id='par_1_81' title="bbox 957 1796 1748 1833">
     <span class='ocr_line' id='line_1_81' title="bbox 957 1796 1748 1833; baseline 0.003 -9"><span class='ocrx_word' id='word_1_582' title='bbox 957 1803 1083 1824; x_wconf 87' lang='lat' dir='ltr'><strong>cruorem</strong></span> <span class='ocrx_word' id='word_1_583' title='bbox 1099 1804 1130 1823; x_wconf 80' lang='lat' dir='ltr'><strong>ex</strong></span> <span class='ocrx_word' id='word_1_584' title='bbox 1146 1796 1256 1824; x_wconf 80' lang='lat' dir='ltr'><strong>vulnere</strong></span> <span class='ocrx_word' id='word_1_585' title='bbox 1272 1797 1398 1825; x_wconf 88' lang='lat' dir='ltr'><strong>manibus</strong></span> <span class='ocrx_word' id='word_1_586' title='bbox 1409 1798 1468 1826; x_wconf 86' lang='lat' dir='ltr'><strong>suis</strong></span> <span class='ocrx_word' id='word_1_587' title='bbox 1483 1798 1632 1833; x_wconf 78' lang='lat' dir='ltr'><strong>excipiens.</strong></span> <span class='ocrx_word' id='word_1_588' title='bbox 1649 1798 1683 1825; x_wconf 83' lang='lat' dir='ltr'><strong>ad</strong></span> <span class='ocrx_word' id='word_1_589' title='bbox 1701 1806 1748 1826; x_wconf 86' lang='lat' dir='ltr'><strong>so-</strong></span> 
     </span>
    </p>
   </div>
   <div class='ocr_carea' id='block_1_82' title="bbox 959 1841 1750 1877">
    <p class='ocr_par' dir='ltr' id='par_1_82' title="bbox 959 1841 1750 1877">
     <span class='ocr_line' id='line_1_82' title="bbox 959 1841 1750 1877; baseline 0.004 -9"><span class='ocrx_word' id='word_1_590' title='bbox 959 1842 1010 1869; x_wconf 90' lang='lat' dir='ltr'><strong>lem</strong></span> <span class='ocrx_word' id='word_1_591' title='bbox 1029 1841 1160 1877; x_wconf 79' lang='lat' dir='ltr'><strong>projecit,</strong></span> <span class='ocrx_word' id='word_1_592' title='bbox 1178 1842 1248 1870; x_wconf 89' lang='lat' dir='ltr'><strong>elata</strong></span> <span class='ocrx_word' id='word_1_593' title='bbox 1268 1851 1334 1872; x_wconf 82' lang='lat' dir='ltr'><strong>voce</strong></span> <span class='ocrx_word' id='word_1_594' title='bbox 1358 1844 1452 1872; x_wconf 90' lang='lat' dir='ltr'><strong>dicens</strong></span> <span class='ocrx_word' id='word_1_595' title='bbox 1472 1853 1479 1871; x_wconf 89' lang='lat'><strong>:</strong></span> <span class='ocrx_word' id='word_1_596' title='bbox 1504 1844 1623 1872; x_wconf 75' lang='lat' dir='ltr'><strong>Saliare.</strong></span> <span class='ocrx_word' id='word_1_597' title='bbox 1651 1843 1703 1871; x_wconf 82' lang='lat' dir='ltr'><strong>Sed</strong></span> <span class='ocrx_word' id='word_1_598' title='bbox 1722 1849 1750 1871; x_wconf 91' lang='lat' dir='ltr'><strong>et</strong></span> 
     </span>
    </p>
   </div>
   <div class='ocr_carea' id='block_1_83' title="bbox 958 1887 1749 1926">
    <p class='ocr_par' dir='ltr' id='par_1_83' title="bbox 958 1887 1749 1926">
     <span class='ocr_line' id='line_1_83' title="bbox 958 1887 1749 1926; baseline 0.003 -12"><span class='ocrx_word' id='word_1_599' title='bbox 958 1888 1026 1916; x_wconf 88' lang='lat' dir='ltr'><strong>alios</strong></span> <span class='ocrx_word' id='word_1_600' title='bbox 1042 1888 1108 1915; x_wconf 78' lang='lat' dir='ltr'><strong>deos</strong></span> <span class='ocrx_word' id='word_1_601' title='bbox 1124 1887 1211 1917; x_wconf 89' lang='lat' dir='ltr'><strong>malos</strong></span> <span class='ocrx_word' id='word_1_602' title='bbox 1237 1893 1318 1924; x_wconf 87' lang='lat' dir='ltr'><strong>atque</strong></span> <span class='ocrx_word' id='word_1_603' title='bbox 1337 1890 1461 1917; x_wconf 75' lang='lat' dir='ltr'><strong>exitiales</strong></span> <span class='ocrx_word' id='word_1_604' title='bbox 1475 1890 1628 1926; x_wconf 80' lang='lat' dir='ltr'><strong>appellavit.</strong></span> <span class='ocrx_word' id='word_1_605' title='bbox 1645 1889 1708 1918; x_wconf 86' lang='lat' dir='ltr'><strong>Erat</strong></span> <span class='ocrx_word' id='word_1_606' title='bbox 1720 1891 1749 1917; x_wconf 90' lang='lat' dir='ltr'><strong>in</strong></span> 
     </span>
    </p>
   </div>
   <div class='ocr_carea' id='block_1_84' title="bbox 961 1935 1749 1971">
    <p class='ocr_par' dir='ltr' id='par_1_84' title="bbox 961 1935 1749 1971">
     <span class='ocr_line' id='line_1_84' title="bbox 961 1935 1749 1971; baseline 0.003 -9"><span class='ocrx_word' id='word_1_607' title='bbox 961 1935 1021 1969; x_wconf 83' lang='lat' dir='ltr'><strong>ejus</strong></span> <span class='ocrx_word' id='word_1_608' title='bbox 1050 1935 1181 1962; x_wconf 88' lang='lat' dir='ltr'><strong>comitatu</strong></span> <span class='ocrx_word' id='word_1_609' title='bbox 1212 1937 1455 1971; x_wconf 68' lang='lat' dir='ltr'><strong>praestantissimus</strong></span> <span class='ocrx_word' id='word_1_610' title='bbox 1472 1937 1638 1965; x_wconf 87' lang='lat' dir='ltr'><strong>medicorum</strong></span> <span class='ocrx_word' id='word_1_611' title='bbox 1655 1937 1749 1964; x_wconf 74' lang='lat' dir='ltr'><strong>Oriba-</strong></span> 
     </span>
    </p>
   </div>
   <div class='ocr_carea' id='block_1_85' title="bbox 959 1980 1748 2018">
    <p class='ocr_par' dir='ltr' id='par_1_85' title="bbox 959 1980 1748 2018">
     <span class='ocr_line' id='line_1_85' title="bbox 959 1980 1748 2018; baseline 0.003 -10"><span class='ocrx_word' id='word_1_612' title='bbox 959 1980 1027 2012; x_wconf 85' lang='lat' dir='ltr'><strong>sius,</strong></span> <span class='ocrx_word' id='word_1_613' title='bbox 1039 1981 1172 2010; x_wconf 87' lang='lat' dir='ltr'><strong>oriundus</strong></span> <span class='ocrx_word' id='word_1_614' title='bbox 1187 1989 1219 2008; x_wconf 77' lang='lat' dir='ltr'><strong>ex</strong></span> <span class='ocrx_word' id='word_1_615' title='bbox 1238 1980 1368 2009; x_wconf 83' lang='lat' dir='ltr'><strong>Sardibus</strong></span> <span class='ocrx_word' id='word_1_616' title='bbox 1385 1982 1486 2018; x_wconf 73' lang='lat' dir='ltr'><strong>Lydize.</strong></span> <span class='ocrx_word' id='word_1_617' title='bbox 1497 1983 1550 2011; x_wconf 88' lang='lat' dir='ltr'><strong>Sed</strong></span> <span class='ocrx_word' id='word_1_618' title='bbox 1562 1983 1660 2012; x_wconf 84' lang='lat' dir='ltr'><strong>vulnus</strong></span> <span class='ocrx_word' id='word_1_619' title='bbox 1671 1982 1748 2011; x_wconf 87' lang='lat' dir='ltr'><strong>omni</strong></span> 
     </span>
    </p>
   </div>
   <div class='ocr_carea' id='block_1_86' title="bbox 956 2027 1748 2062">
    <p class='ocr_par' dir='ltr' id='par_1_86' title="bbox 956 2027 1748 2062">
     <span class='ocr_line' id='line_1_86' title="bbox 956 2027 1748 2062; baseline 0.001 -7"><span class='ocrx_word' id='word_1_620' title='bbox 956 2027 1101 2056; x_wconf 84' lang='lat' dir='ltr'><strong>medicina-</strong></span> <span class='ocrx_word' id='word_1_621' title='bbox 1117 2032 1175 2055; x_wconf 86' lang='lat' dir='ltr'><strong>arte</strong></span> <span class='ocrx_word' id='word_1_622' title='bbox 1190 2028 1326 2062; x_wconf 81' lang='lat' dir='ltr'><strong>superius,</strong></span> <span class='ocrx_word' id='word_1_623' title='bbox 1340 2027 1449 2056; x_wconf 83' lang='lat' dir='ltr'><strong>Juliano</strong></span> <span class='ocrx_word' id='word_1_624' title='bbox 1471 2029 1541 2056; x_wconf 91' lang='lat' dir='ltr'><strong>intra</strong></span> <span class='ocrx_word' id='word_1_625' title='bbox 1569 2030 1688 2057; x_wconf 90' lang='lat' dir='ltr'><strong>triduum</strong></span> <span class='ocrx_word' id='word_1_626' title='bbox 1706 2030 1748 2056; x_wconf 73' lang='lat' dir='ltr'><strong>vi-</strong></span> 
     </span>
    </p>
   </div>
   <div class='ocr_carea' id='block_1_87' title="bbox 959 2073 1748 2111">
    <p class='ocr_par' dir='ltr' id='par_1_87' title="bbox 959 2073 1748 2111">
     <span class='ocr_line' id='line_1_87' title="bbox 959 2073 1748 2111; baseline 0.004 -11"><span class='ocrx_word' id='word_1_627' title='bbox 959 2078 1014 2100; x_wconf 87' lang='lat' dir='ltr'><strong>tam</strong></span> <span class='ocrx_word' id='word_1_628' title='bbox 1030 2073 1142 2106; x_wconf 87' lang='lat' dir='ltr'><strong>ademit,</strong></span> <span class='ocrx_word' id='word_1_629' title='bbox 1159 2081 1220 2101; x_wconf 91' lang='lat' dir='ltr'><strong>cum</strong></span> <span class='ocrx_word' id='word_1_630' title='bbox 1233 2073 1350 2101; x_wconf 66' lang='lat' dir='ltr'><strong>Caesaris</strong></span> <span class='ocrx_word' id='word_1_631' title='bbox 1365 2074 1475 2109; x_wconf 88' lang='lat' dir='ltr'><strong>quidem</strong></span> <span class='ocrx_word' id='word_1_632' title='bbox 1493 2075 1652 2110; x_wconf 76' lang='lat' dir='ltr'><strong>dignitatem</strong></span> <span class='ocrx_word' id='word_1_633' title='bbox 1667 2076 1748 2111; x_wconf 90' lang='lat' dir='ltr'><strong>quin-</strong></span> 
     </span>
    </p>
   </div>
   <div class='ocr_carea' id='block_1_88' title="bbox 959 2119 1746 2156">
    <p class='ocr_par' dir='ltr' id='par_1_88' title="bbox 959 2119 1746 2156">
     <span class='ocr_line' id='line_1_88' title="bbox 959 2119 1746 2156; baseline 0.004 -11"><span class='ocrx_word' id='word_1_634' title='bbox 959 2119 1089 2152; x_wconf 90' lang='lat' dir='ltr'><strong>quennio,</strong></span> <span class='ocrx_word' id='word_1_635' title='bbox 1105 2119 1255 2153; x_wconf 78' lang='lat' dir='ltr'><strong>Angustum</strong></span> <span class='ocrx_word' id='word_1_636' title='bbox 1281 2124 1371 2146; x_wconf 68' lang='lat' dir='ltr'><strong>autem</strong></span> <span class='ocrx_word' id='word_1_637' title='bbox 1389 2120 1534 2155; x_wconf 89' lang='lat' dir='ltr'><strong>imperium</strong></span> <span class='ocrx_word' id='word_1_638' title='bbox 1551 2128 1613 2156; x_wconf 85' lang='lat' dir='ltr'><strong>post</strong></span> <span class='ocrx_word' id='word_1_639' title='bbox 1632 2127 1746 2149; x_wconf 86' lang='lat' dir='ltr'><strong>mortem</strong></span> 
     </span>
    </p>
   </div>
   <div class='ocr_carea' id='block_1_89' title="bbox 959 2163 1748 2200">
    <p class='ocr_par' dir='ltr' id='par_1_89' title="bbox 959 2163 1748 2200">
     <span class='ocr_line' id='line_1_89' title="bbox 959 2163 1748 2200; baseline 0.001 -10"><span class='ocrx_word' id='word_1_640' title='bbox 959 2163 1111 2190; x_wconf 83' lang='lat' dir='ltr'><strong>Constantii</strong></span> <span class='ocrx_word' id='word_1_641' title='bbox 1138 2164 1246 2190; x_wconf 84' lang='lat' dir='ltr'><strong>duobus</strong></span> <span class='ocrx_word' id='word_1_642' title='bbox 1271 2163 1352 2190; x_wconf 89' lang='lat' dir='ltr'><strong>annis</strong></span> <span class='ocrx_word' id='word_1_643' title='bbox 1373 2171 1405 2191; x_wconf 88' lang='lat' dir='ltr'><strong>ac</strong></span> <span class='ocrx_word' id='word_1_644' title='bbox 1422 2164 1543 2199; x_wconf 52' lang='lat' dir='ltr'><strong>dimidio</strong></span> <span class='ocrx_word' id='word_1_645' title='bbox 1557 2165 1696 2200; x_wconf 75' lang='lat' dir='ltr'><strong>gessisset.</strong></span> <span class='ocrx_word' id='word_1_646' title='bbox 1714 2164 1748 2191; x_wconf 88' lang='lat' dir='ltr'><strong>Et</strong></span> 
     </span>
    </p>
   </div>
   <div class='ocr_carea' id='block_1_90' title="bbox 959 2209 1745 2244">
    <p class='ocr_par' dir='ltr' id='par_1_90' title="bbox 959 2209 1745 2244">
     <span class='ocr_line' id='line_1_90' title="bbox 959 2209 1745 2244; baseline 0 -8"><span class='ocrx_word' id='word_1_647' title='bbox 959 2209 1159 2244; x_wconf 80' lang='lat' dir='ltr'><strong>Philostorgius</strong></span> <span class='ocrx_word' id='word_1_648' title='bbox 1179 2209 1287 2243; x_wconf 88' lang='lat' dir='ltr'><strong>quidem</strong></span> <span class='ocrx_word' id='word_1_649' title='bbox 1315 2210 1367 2236; x_wconf 90' lang='lat' dir='ltr'><strong>hoc</strong></span> <span class='ocrx_word' id='word_1_650' title='bbox 1397 2211 1457 2237; x_wconf 90' lang='lat' dir='ltr'><strong>loco</strong></span> <span class='ocrx_word' id='word_1_651' title='bbox 1480 2210 1591 2243; x_wconf 83' lang='lat' dir='ltr'><strong>scribit,</strong></span> <span class='ocrx_word' id='word_1_652' title='bbox 1607 2210 1745 2237; x_wconf 85' lang='lat' dir='ltr'><strong>Julianum</strong></span> 
     </span>
    </p>
   </div>
   <div class='ocr_carea' id='block_1_91' title="bbox 924 2253 1746 2289">
    <p class='ocr_par' dir='ltr' id='par_1_91' title="bbox 924 2253 1746 2289">
     <span class='ocr_line' id='line_1_91' title="bbox 924 2253 1746 2289; baseline 0.001 -9"><span class='ocrx_word' id='word_1_653' title='bbox 924 2253 945 2280; x_wconf 63' lang='lat' dir='ltr'><strong>li</strong></span> <span class='ocrx_word' id='word_1_654' title='bbox 960 2258 1086 2282; x_wconf 84' lang='lat' dir='ltr'><strong>haustum</strong></span> <span class='ocrx_word' id='word_1_655' title='bbox 1101 2255 1262 2289; x_wconf 79' lang='lat' dir='ltr'><strong>sanguinem</strong></span> <span class='ocrx_word' id='word_1_656' title='bbox 1273 2254 1299 2280; x_wconf 93' lang='lat' dir='ltr'><strong>iu</strong></span> <span class='ocrx_word' id='word_1_657' title='bbox 1315 2256 1398 2281; x_wconf 82' lang='lat' dir='ltr'><strong>solem</strong></span> <span class='ocrx_word' id='word_1_658' title='bbox 1413 2254 1570 2289; x_wconf 87' lang='lat' dir='ltr'><strong>projecisse,</strong></span> <span class='ocrx_word' id='word_1_659' title='bbox 1583 2259 1609 2281; x_wconf 89' lang='lat' dir='ltr'><strong>et</strong></span> <span class='ocrx_word' id='word_1_660' title='bbox 1624 2255 1675 2282; x_wconf 82' lang='lat' dir='ltr'><strong>diis</strong></span> <span class='ocrx_word' id='word_1_661' title='bbox 1687 2255 1746 2282; x_wconf 90' lang='lat' dir='ltr'><strong>suis</strong></span> 
     </span>
    </p>
   </div>
   <div class='ocr_carea' id='block_1_92' title="bbox 106 2301 1748 2340">
    <p class='ocr_par' dir='ltr' id='par_1_92' title="bbox 106 2301 1748 2340">
     <span class='ocr_line' id='line_1_92' title="bbox 106 2301 1748 2340; baseline -0.001 -9"><span class='ocrx_word' id='word_1_662' title='bbox 106 2304 297 2332; x_wconf 85' lang='lat' dir='ltr'><strong>conviciatum</strong></span> <span class='ocrx_word' id='word_1_663' title='bbox 313 2312 383 2332; x_wconf 87' lang='lat' dir='ltr'><strong>esse.</strong></span> <span class='ocrx_word' id='word_1_664' title='bbox 402 2303 527 2340; x_wconf 85' lang='lat' dir='ltr'><strong>Plerique</strong></span> <span class='ocrx_word' id='word_1_665' title='bbox 551 2309 640 2331; x_wconf 86' lang='lat' dir='ltr'><strong>tamen</strong></span> <span class='ocrx_word' id='word_1_666' title='bbox 663 2304 783 2332; x_wconf 70' lang='lat' dir='ltr'><strong>histor-ite</strong></span> <span class='ocrx_word' id='word_1_667' title='bbox 805 2304 962 2339; x_wconf 79' lang='lat' dir='ltr'><strong>scriptores,</strong></span> <span class='ocrx_word' id='word_1_668' title='bbox 990 2308 1135 2336; x_wconf 88' lang='lat' dir='ltr'><strong>utrumque</strong></span> <span class='ocrx_word' id='word_1_669' title='bbox 1152 2304 1248 2328; x_wconf 88' lang='lat' dir='ltr'><strong>horum</strong></span> <span class='ocrx_word' id='word_1_670' title='bbox 1269 2310 1282 2329; x_wconf 91' lang='lat' dir='ltr'><strong>a</strong></span> <span class='ocrx_word' id='word_1_671' title='bbox 1309 2301 1418 2329; x_wconf 81' lang='lat' dir='ltr'><strong>Juliano</strong></span> <span class='ocrx_word' id='word_1_672' title='bbox 1431 2301 1532 2329; x_wconf 82' lang='lat' dir='ltr'><strong>factum</strong></span> <span class='ocrx_word' id='word_1_673' title='bbox 1547 2310 1607 2330; x_wconf 86' lang='lat' dir='ltr'><strong>esse</strong></span> <span class='ocrx_word' id='word_1_674' title='bbox 1636 2302 1748 2329; x_wconf 84' lang='lat' dir='ltr'><strong>tradunt</strong></span> 
     </span>
    </p>
   </div>
   <div class='ocr_carea' id='block_1_93' title="bbox 106 2351 1077 2381">
    <p class='ocr_par' dir='ltr' id='par_1_93' title="bbox 106 2351 1077 2381">
     <span class='ocr_line' id='line_1_93' title="bbox 106 2351 1077 2381; baseline -0.003 -1"><span class='ocrx_word' id='word_1_675' title='bbox 106 2353 247 2381; x_wconf 79' lang='lat' dir='ltr'><strong>adversus</strong></span> <span class='ocrx_word' id='word_1_676' title='bbox 263 2352 405 2380; x_wconf 85' lang='lat' dir='ltr'><strong>Dominum</strong></span> <span class='ocrx_word' id='word_1_677' title='bbox 425 2357 549 2380; x_wconf 83' lang='lat' dir='ltr'><strong>nostrum</strong></span> <span class='ocrx_word' id='word_1_678' title='bbox 563 2360 594 2379; x_wconf 87' lang='lat' dir='ltr'><strong>ac</strong></span> <span class='ocrx_word' id='word_1_679' title='bbox 606 2352 690 2380; x_wconf 81' lang='lat' dir='ltr'><strong>Deum</strong></span> <span class='ocrx_word' id='word_1_680' title='bbox 704 2360 798 2380; x_wconf 86' lang='lat' dir='ltr'><strong>verum</strong></span> <span class='ocrx_word' id='word_1_681' title='bbox 812 2351 905 2379; x_wconf 68' lang='lat' dir='ltr'><strong>Iesum</strong></span> <span class='ocrx_word' id='word_1_682' title='bbox 925 2351 1077 2378; x_wconf 86' lang='lat' dir='ltr'><strong>Christum.</strong></span> 
     </span>
    </p>
   </div>
   <div class='ocr_carea' id='block_1_94' title="bbox 274 2411 744 2438">
    <p class='ocr_par' dir='ltr' id='par_1_94' title="bbox 274 2411 744 2438">
     <span class='ocr_line' id='line_1_94' title="bbox 274 2411 744 2438; baseline -0.004 0"><span class='ocrx_word' id='word_1_683' title='bbox 274 2411 321 2438; x_wconf 83' lang='grc' dir='ltr'><strong>ΕΚ</strong></span> <span class='ocrx_word' id='word_1_684' title='bbox 339 2411 408 2438; x_wconf 81' lang='grc' dir='ltr'><strong>ΤΗΣ</strong></span> <span class='ocrx_word' id='word_1_685' title='bbox 423 2411 555 2438; x_wconf 79' lang='grc' dir='ltr'><strong>οΓΔοΗΣ</strong></span> <span class='ocrx_word' id='word_1_686' title='bbox 578 2411 744 2437; x_wconf 82' lang='grc' dir='ltr'><strong>ΙΣΤΟΡῘΑΣ.</strong></span> 
     </span>
    </p>
   </div>
   <div class='ocr_carea' id='block_1_95' title="bbox 146 2453 905 2492">
    <p class='ocr_par' dir='ltr' id='par_1_95' title="bbox 146 2453 905 2492">
     <span class='ocr_line' id='line_1_95' title="bbox 146 2453 905 2492; baseline -0.004 -8"><span class='ocrx_word' id='word_1_687' title='bbox 146 2458 185 2484; x_wconf 87' lang='grc' dir='ltr'><strong>α’.</strong></span> <span class='ocrx_word' id='word_1_688' title='bbox 207 2458 267 2484; x_wconf 79' lang='grc' dir='ltr'><strong>Ὀτι</strong></span> <span class='ocrx_word' id='word_1_689' title='bbox 277 2459 310 2492; x_wconf 81' lang='grc' dir='ltr'>τῇ</span> <span class='ocrx_word' id='word_1_690' title='bbox 325 2457 455 2492; x_wconf 74' lang='grc' dir='ltr'>ἐπαύριον</span> <span class='ocrx_word' id='word_1_691' title='bbox 468 2456 514 2484; x_wconf 79' lang='grc' dir='ltr'>τοῦ</span> <span class='ocrx_word' id='word_1_692' title='bbox 529 2454 761 2492; x_wconf 66' lang='grc' dir='ltr'>διαφθαρῆναιτὺν</span> <span class='ocrx_word' id='word_1_693' title='bbox 780 2453 905 2482; x_wconf 77' lang='grc' dir='ltr'>Ἀποστά-</span> 
     </span>
    </p>
   </div>
   <div class='ocr_carea' id='block_1_96' title="bbox 1075 2403 1637 2435">
    <p class='ocr_par' dir='ltr' id='par_1_96' title="bbox 1075 2403 1637 2435">
     <span class='ocr_line' id='line_1_96' title="bbox 1075 2403 1637 2435; baseline 0.004 -2"><span class='ocrx_word' id='word_1_694' title='bbox 1075 2406 1119 2433; x_wconf 66' lang='lat' dir='ltr'><strong>EX</strong></span> <span class='ocrx_word' id='word_1_695' title='bbox 1155 2405 1257 2434; x_wconf 75' lang='lat' dir='ltr'><strong>LIBRO</strong></span> <span class='ocrx_word' id='word_1_696' title='bbox 1287 2406 1425 2434; x_wconf 69' lang='lat' dir='ltr'><strong>OCTAVO</strong></span> <span class='ocrx_word' id='word_1_697' title='bbox 1454 2403 1637 2435; x_wconf 64' lang='lat' dir='ltr'><strong>HISTOBIE.</strong></span> 
     </span>
    </p>
   </div>
   <div class='ocr_carea' id='block_1_97' title="bbox 995 2453 1747 2488">
    <p class='ocr_par' dir='ltr' id='par_1_97' title="bbox 995 2453 1747 2488">
     <span class='ocr_line' id='line_1_97' title="bbox 995 2453 1747 2488; baseline 0.001 -7"><span class='ocrx_word' id='word_1_698' title='bbox 995 2455 1020 2481; x_wconf 82' lang='grc' dir='ltr'><strong>Ι.</strong></span> <span class='ocrx_word' id='word_1_699' title='bbox 1036 2453 1165 2480; x_wconf 72' lang='grc' dir='ltr'>1ουιαιιιιι</span> <span class='ocrx_word' id='word_1_700' title='bbox 1188 2454 1250 2488; x_wconf 73' lang='lat' dir='ltr'><strong>imp.</strong></span> <span class='ocrx_word' id='word_1_701' title='bbox 1271 2468 1307 2474; x_wconf 84' lang='lat'><strong>-—-</strong></span> <span class='ocrx_word' id='word_1_702' title='bbox 1327 2454 1391 2481; x_wconf 81' lang='lat' dir='ltr'><strong>Post</strong></span> <span class='ocrx_word' id='word_1_703' title='bbox 1419 2455 1523 2481; x_wconf 86' lang='lat' dir='ltr'><strong>obitum</strong></span> <span class='ocrx_word' id='word_1_704' title='bbox 1539 2453 1651 2486; x_wconf 76' lang='lat' dir='ltr'><strong>Juliani,</strong></span> <span class='ocrx_word' id='word_1_705' title='bbox 1667 2461 1747 2482; x_wconf 85' lang='lat' dir='ltr'><strong>exer-</strong></span> 
     </span>
    </p>
   </div>
   <div class='ocr_carea' id='block_1_98' title="bbox 726 2541 1115 2564">
    <p class='ocr_par' dir='ltr' id='par_1_98' title="bbox 726 2541 1115 2564">
     <span class='ocr_line' id='line_1_98' title="bbox 726 2541 1115 2564; baseline -0.003 0"><span class='ocrx_word' id='word_1_706' title='bbox 726 2541 848 2564; x_wconf 77' lang='lat' dir='ltr'><strong>VALESII</strong></span> <span class='ocrx_word' id='word_1_707' title='bbox 870 2541 1115 2564; x_wconf 75' lang='lat' dir='ltr'><strong>ANNOTA‘I’IONES.</strong></span> 
     </span>
    </p>
   </div>
   <div class='ocr_carea' id='block_1_99' title="bbox 147 2592 902 2632">
    <p class='ocr_par' dir='ltr' id='par_1_99' title="bbox 147 2592 902 2632">
     <span class='ocr_line' id='line_1_99' title="bbox 147 2592 902 2632; baseline -0.007 -8"><span class='ocrx_word' id='word_1_708' title='bbox 147 2597 212 2632; x_wconf 90' lang='lat'><strong>(80)</strong></span> <span class='ocrx_word' id='word_1_709' title='bbox 234 2596 309 2631; x_wconf 84' lang='grc' dir='ltr'>Ἤδη</span> <span class='ocrx_word' id='word_1_710' title='bbox 324 2597 452 2630; x_wconf 80' lang='grc' dir='ltr'>ἀπέστη.</span> <span class='ocrx_word' id='word_1_711' title='bbox 475 2596 503 2622; x_wconf 91' lang='lat' dir='ltr'><strong>In</strong></span> <span class='ocrx_word' id='word_1_712' title='bbox 527 2594 620 2632; x_wconf 80' lang='lat' dir='ltr'><strong>codice</strong></span> <span class='ocrx_word' id='word_1_713' title='bbox 644 2594 832 2632; x_wconf 76' lang='lat' dir='ltr'><strong>manuscripto</strong></span> <span class='ocrx_word' id='word_1_714' title='bbox 854 2592 902 2619; x_wconf 88' lang='lat' dir='ltr'><strong>Sa-</strong></span> 
     </span>
    </p>
   </div>
   <div class='ocr_carea' id='block_1_100' title="bbox 103 2629 900 2665">
    <p class='ocr_par' dir='ltr' id='par_1_100' title="bbox 103 2629 900 2665">
     <span class='ocr_line' id='line_1_100' title="bbox 103 2629 900 2665; baseline -0.009 -4"><span class='ocrx_word' id='word_1_715' title='bbox 103 2629 216 2661; x_wconf 83' lang='lat' dir='ltr'><strong>mtielis</strong></span> <span class='ocrx_word' id='word_1_716' title='bbox 235 2629 358 2660; x_wconf 72' lang='lat' dir='ltr'><strong>Bocliarti</strong></span> <span class='ocrx_word' id='word_1_717' title='bbox 377 2632 409 2659; x_wconf 86' lang='lat' dir='ltr'><strong>ad</strong></span> <span class='ocrx_word' id='word_1_718' title='bbox 427 2639 519 2658; x_wconf 79' lang='lat' dir='ltr'><strong>vocem</strong></span> <span class='ocrx_word' id='word_1_719' title='bbox 548 2630 652 2665; x_wconf 78' lang='grc' dir='ltr'>ἀπέστη</span> <span class='ocrx_word' id='word_1_720' title='bbox 681 2629 828 2656; x_wconf 85' lang='lat' dir='ltr'><strong>asteriscus</strong></span> <span class='ocrx_word' id='word_1_721' title='bbox 848 2637 900 2665; x_wconf 82' lang='lat' dir='ltr'><strong>no-</strong></span> 
     </span>
    </p>
   </div>
   <div class='ocr_carea' id='block_1_101' title="bbox 103 2664 899 2701">
    <p class='ocr_par' dir='ltr' id='par_1_101' title="bbox 103 2664 899 2701">
     <span class='ocr_line' id='line_1_101' title="bbox 103 2664 899 2701; baseline -0.009 -5"><span class='ocrx_word' id='word_1_722' title='bbox 103 2673 190 2696; x_wconf 80' lang='lat' dir='ltr'><strong>tatus</strong></span> <span class='ocrx_word' id='word_1_723' title='bbox 207 2672 259 2698; x_wconf 53' lang='lat' dir='ltr'><strong>est,</strong></span> <span class='ocrx_word' id='word_1_724' title='bbox 271 2673 299 2694; x_wconf 92' lang='lat' dir='ltr'><strong>et</strong></span> <span class='ocrx_word' id='word_1_725' title='bbox 308 2667 341 2694; x_wconf 86' lang='lat' dir='ltr'><strong>ad</strong></span> <span class='ocrx_word' id='word_1_726' title='bbox 356 2667 505 2701; x_wconf 80' lang='lat' dir='ltr'><strong>marginem</strong></span> <span class='ocrx_word' id='word_1_727' title='bbox 518 2666 636 2700; x_wconf 85' lang='lat' dir='ltr'><strong>ascripta</strong></span> <span class='ocrx_word' id='word_1_728' title='bbox 647 2664 715 2701; x_wconf 78' lang='lat' dir='ltr'><strong>sunt</strong></span> <span class='ocrx_word' id='word_1_729' title='bbox 726 2665 784 2701; x_wconf 70' lang='lat' dir='ltr'><strong>haee</strong></span> <span class='ocrx_word' id='word_1_730' title='bbox 799 2664 879 2690; x_wconf 79' lang='lat' dir='ltr'><strong>verba</strong></span> <span class='ocrx_word' id='word_1_731' title='bbox 893 2672 899 2689; x_wconf 73' lang='grc' dir='ltr'>ε</span> 
     </span>
    </p>
   </div>
   <div class='ocr_carea' id='block_1_102' title="bbox 99 2699 902 2734">
    <p class='ocr_par' dir='ltr' id='par_1_102' title="bbox 99 2699 902 2734">
     <span class='ocr_line' id='line_1_102' title="bbox 99 2699 902 2734; baseline -0.006 -4"><span class='ocrx_word' id='word_1_732' title='bbox 99 2703 189 2730; x_wconf 76' lang='lat' dir='ltr'><strong>locus</strong></span> <span class='ocrx_word' id='word_1_733' title='bbox 212 2711 262 2729; x_wconf 84' lang='lat' dir='ltr'><strong>non</strong></span> <span class='ocrx_word' id='word_1_734' title='bbox 288 2711 378 2730; x_wconf 76' lang='lat' dir='ltr'><strong>sanus.</strong></span> <span class='ocrx_word' id='word_1_735' title='bbox 398 2699 497 2728; x_wconf 65' lang='lat' dir='ltr'><strong>lli-inde</strong></span> <span class='ocrx_word' id='word_1_736' title='bbox 518 2699 721 2728; x_wconf 41' lang='lat' dir='ltr'><strong>etnen&#39;dationes</strong></span> <span class='ocrx_word' id='word_1_737' title='bbox 741 2699 840 2733; x_wconf 72' lang='lat' dir='ltr'><strong>aliqua:</strong></span> <span class='ocrx_word' id='word_1_738' title='bbox 854 2706 902 2734; x_wconf 81' lang='lat' dir='ltr'><strong>ap-</strong></span> 
     </span>
    </p>
   </div>
   <div class='ocr_carea' id='block_1_103' title="bbox 124 2733 902 2769">
    <p class='ocr_par' dir='ltr' id='par_1_103' title="bbox 124 2733 902 2769">
     <span class='ocr_line' id='line_1_103' title="bbox 124 2733 902 2769; baseline -0.006 -5"><span class='ocrx_word' id='word_1_739' title='bbox 124 2743 256 2765; x_wconf 85' lang='lat' dir='ltr'><strong>onuntur</strong></span> <span class='ocrx_word' id='word_1_740' title='bbox 269 2739 337 2765; x_wconf 88' lang='lat' dir='ltr'><strong>adeo</strong></span> <span class='ocrx_word' id='word_1_741' title='bbox 359 2736 492 2767; x_wconf 79' lang='lat' dir='ltr'><strong>infelices.</strong></span> <span class='ocrx_word' id='word_1_742' title='bbox 515 2741 544 2762; x_wconf 90' lang='lat' dir='ltr'><strong>ut</strong></span> <span class='ocrx_word' id='word_1_743' title='bbox 566 2743 612 2762; x_wconf 83' lang='lat' dir='ltr'><strong>eas</strong></span> <span class='ocrx_word' id='word_1_744' title='bbox 631 2735 770 2769; x_wconf 90' lang='lat' dir='ltr'><strong>conjector</strong></span> <span class='ocrx_word' id='word_1_745' title='bbox 785 2735 843 2768; x_wconf 88' lang='lat' dir='ltr'><strong>ipse</strong></span> <span class='ocrx_word' id='word_1_746' title='bbox 854 2733 902 2760; x_wconf 89' lang='lat' dir='ltr'><strong>de-</strong></span> 
     </span>
    </p>
   </div>
   <div class='ocr_carea' id='block_1_104' title="bbox 113 2769 904 2808">
    <p class='ocr_par' dir='ltr' id='par_1_104' title="bbox 113 2769 904 2808">
     <span class='ocr_line' id='line_1_104' title="bbox 113 2769 904 2808; baseline -0.008 -8"><span class='ocrx_word' id='word_1_747' title='bbox 113 2773 224 2800; x_wconf 81' lang='lat' dir='ltr'><strong>everit.</strong></span> <span class='ocrx_word' id='word_1_748' title='bbox 239 2774 294 2808; x_wconf 77' lang='lat' dir='ltr'><strong>Ego</strong></span> <span class='ocrx_word' id='word_1_749' title='bbox 313 2780 378 2799; x_wconf 83' lang='lat' dir='ltr'><strong>vero</strong></span> <span class='ocrx_word' id='word_1_750' title='bbox 398 2777 544 2806; x_wconf 89' lang='lat' dir='ltr'><strong>antequam</strong></span> <span class='ocrx_word' id='word_1_751' title='bbox 561 2771 690 2808; x_wconf 73' lang='lat' dir='ltr'><strong>codicem</strong></span> <span class='ocrx_word' id='word_1_752' title='bbox 714 2769 789 2808; x_wconf 63' lang='lat' dir='ltr'><strong>illum</strong></span> <span class='ocrx_word' id='word_1_753' title='bbox 808 2773 904 2808; x_wconf 69' lang='lat' dir='ltr'><strong>nactus</strong></span> 
     </span>
    </p>
   </div>
   <div class='ocr_carea' id='block_1_105' title="bbox 96 2803 905 2846">
    <p class='ocr_par' dir='ltr' id='par_1_105' title="bbox 96 2803 905 2846">
     <span class='ocr_line' id='line_1_105' title="bbox 96 2803 905 2846; baseline -0.009 -11"><span class='ocrx_word' id='word_1_754' title='bbox 96 2816 216 2846; x_wconf 55' lang='lat' dir='ltr'><strong>essent,</strong></span> <span class='ocrx_word' id='word_1_755' title='bbox 232 2803 409 2846; x_wconf 52' lang='lat' dir='ltr'><strong>lninc_l_ocum</strong></span> <span class='ocrx_word' id='word_1_756' title='bbox 422 2808 461 2846; x_wconf 89' lang='lat' dir='ltr'><strong>ita_</strong></span> <span class='ocrx_word' id='word_1_757' title='bbox 472 2803 680 2846; x_wconf 69' lang='lat' dir='ltr'><strong>emendaret-am</strong></span> <span class='ocrx_word' id='word_1_758' title='bbox 694 2813 700 2831; x_wconf 92' lang='lat'><strong>:</strong></span> <span class='ocrx_word' id='word_1_759' title='bbox 717 2803 808 2846; x_wconf 80' lang='grc' dir='ltr'>Γέρων</span> <span class='ocrx_word' id='word_1_760' title='bbox 821 2803 848 2846; x_wconf 63' lang='grc' dir='ltr'>δέ</span> <span class='ocrx_word' id='word_1_761' title='bbox 856 2812 905 2846; x_wconf 31' lang='grc' dir='ltr'>..τις</span> 
     </span>
    </p>
   </div>
   <div class='ocr_carea' id='block_1_106' title="bbox 94 2838 903 2879">
    <p class='ocr_par' dir='ltr' id='par_1_106' title="bbox 94 2838 903 2879">
     <span class='ocr_line' id='line_1_106' title="bbox 94 2838 903 2879; baseline -0.01 -8"><span class='ocrx_word' id='word_1_762' title='bbox 94 2844 163 2871; x_wconf 81' lang='grc' dir='ltr'><strong>τῶν</strong></span> <span class='ocrx_word' id='word_1_763' title='bbox 190 2838 270 2879; x_wconf 56' lang='grc' dir='ltr'>παρὰ</span> <span class='ocrx_word' id='word_1_764' title='bbox 293 2843 409 2877; x_wconf 77' lang='grc' dir='ltr'>Πέρσαις</span> <span class='ocrx_word' id='word_1_765' title='bbox 432 2840 642 2879; x_wconf 32' lang='grc' dir='ltr'>τῆςὴστρατείας</span> <span class='ocrx_word' id='word_1_766' title='bbox 664 2838 818 2874; x_wconf 73' lang='grc' dir='ltr'>ἀφειμένων</span> <span class='ocrx_word' id='word_1_767' title='bbox 836 2838 903 2873; x_wconf 75' lang='grc' dir='ltr'>ἤδη,</span> 
     </span>
    </p>
   </div>
   <div class='ocr_carea' id='block_1_107' title="bbox 96 2875 652 2914">
    <p class='ocr_par' dir='ltr' id='par_1_107' title="bbox 96 2875 652 2914">
     <span class='ocr_line' id='line_1_107' title="bbox 96 2875 652 2914; baseline -0.011 -7"><span class='ocrx_word' id='word_1_768' title='bbox 96 2875 241 2914; x_wconf 73' lang='grc' dir='ltr'>ἀπιστίᾳ’</span> <span class='ocrx_word' id='word_1_769' title='bbox 249 2875 408 2914; x_wconf 65' lang='grc' dir='ltr'>μετέρχεται</span> <span class='ocrx_word' id='word_1_770' title='bbox 420 2877 465 2914; x_wconf 76' lang='grc' dir='ltr'>τὸν</span> <span class='ocrx_word' id='word_1_771' title='bbox 479 2875 652 2914; x_wconf 63' lang='grc' dir='ltr'>[Ιαραᾷάτην.</span> 
     </span>
    </p>
   </div>
   <div class='ocr_carea' id='block_1_108' title="bbox 138 2907 904 2950">
    <p class='ocr_par' dir='ltr' id='par_1_108' title="bbox 138 2907 904 2950">
     <span class='ocr_line' id='line_1_108' title="bbox 138 2907 904 2950; baseline -0.009 -8"><span class='ocrx_word' id='word_1_772' title='bbox 138 2907 265 2950; x_wconf 59' lang='grc' dir='ltr'><strong>(ΒιγΤὶδ</strong></span> <span class='ocrx_word' id='word_1_773' title='bbox 280 2907 323 2938; x_wconf 74' lang='grc' dir='ltr'><strong>δὲ’</strong></span> <span class='ocrx_word' id='word_1_774' title='bbox 334 2907 482 2946; x_wconf 70' lang='grc' dir='ltr'>Περσικὸν</span> <span class='ocrx_word' id='word_1_775' title='bbox 498 2907 673 2939; x_wconf 48' lang='lat' dir='ltr'><strong>ditamur“.</strong></span> <span class='ocrx_word' id='word_1_776' title='bbox 691 2909 800 2937; x_wconf 74' lang='lat' dir='ltr'><strong>[tectius</strong></span> <span class='ocrx_word' id='word_1_777' title='bbox 816 2910 841 2936; x_wconf 91' lang='lat' dir='ltr'><strong>in</strong></span> <span class='ocrx_word' id='word_1_778' title='bbox 857 2915 904 2935; x_wconf 86' lang='lat' dir='ltr'><strong>co-</strong></span> 
     </span>
    </p>
   </div>
   <div class='ocr_carea' id='block_1_109' title="bbox 257 2957 573 2990">
    <p class='ocr_par' dir='ltr' id='par_1_109' title="bbox 257 2957 573 2990">
     <span class='ocr_line' id='line_1_109' title="bbox 257 2957 573 2990; baseline -0.009 0"><span class='ocrx_word' id='word_1_779' title='bbox 257 2960 395 2990; x_wconf 74' lang='lat' dir='ltr'><strong>PATBOL.</strong></span> <span class='ocrx_word' id='word_1_780' title='bbox 417 2958 473 2989; x_wconf 73' lang='lat' dir='ltr'><strong>Gn.</strong></span> <span class='ocrx_word' id='word_1_781' title='bbox 489 2957 573 2988; x_wconf 79' lang='lat' dir='ltr'><strong>LXV.</strong></span> 
     </span>
    </p>
   </div>
   <div class='ocr_carea' id='block_1_110' title="bbox 956 2592 1743 2621">
    <p class='ocr_par' dir='ltr' id='par_1_110' title="bbox 956 2592 1743 2621">
     <span class='ocr_line' id='line_1_110' title="bbox 956 2592 1743 2621; baseline 0.001 -2"><span class='ocrx_word' id='word_1_782' title='bbox 956 2593 1016 2620; x_wconf 87' lang='lat' dir='ltr'><strong>dice</strong></span> <span class='ocrx_word' id='word_1_783' title='bbox 1034 2592 1170 2620; x_wconf 84' lang='lat' dir='ltr'><strong>Samuelis</strong></span> <span class='ocrx_word' id='word_1_784' title='bbox 1186 2592 1309 2619; x_wconf 81' lang='lat' dir='ltr'><strong>Bocltarti</strong></span> <span class='ocrx_word' id='word_1_785' title='bbox 1330 2593 1459 2620; x_wconf 76' lang='lat' dir='ltr'><strong>scribitur</strong></span> <span class='ocrx_word' id='word_1_786' title='bbox 1476 2593 1520 2620; x_wconf 87' lang='lat' dir='ltr'><strong>hic</strong></span> <span class='ocrx_word' id='word_1_787' title='bbox 1537 2593 1612 2621; x_wconf 81' lang='lat' dir='ltr'><strong>loeus</strong></span> <span class='ocrx_word' id='word_1_788' title='bbox 1628 2593 1655 2620; x_wconf 83' lang='lat' dir='ltr'><strong>in</strong></span> <span class='ocrx_word' id='word_1_789' title='bbox 1669 2593 1743 2621; x_wconf 65' lang='lat' dir='ltr'><strong>hunc</strong></span> 
     </span>
    </p>
   </div>
   <div class='ocr_carea' id='block_1_111' title="bbox 956 2627 1742 2663">
    <p class='ocr_par' dir='ltr' id='par_1_111' title="bbox 956 2627 1742 2663">
     <span class='ocr_line' id='line_1_111' title="bbox 956 2627 1742 2663; baseline 0.001 -8"><span class='ocrx_word' id='word_1_790' title='bbox 956 2628 1067 2655; x_wconf 89' lang='lat' dir='ltr'><strong>modum</strong></span> <span class='ocrx_word' id='word_1_791' title='bbox 1081 2637 1087 2654; x_wconf 91' lang='lat'><strong>:</strong></span> <span class='ocrx_word' id='word_1_792' title='bbox 1106 2628 1136 2654; x_wconf 75' lang='grc' dir='ltr'><strong>τὸ</strong></span> <span class='ocrx_word' id='word_1_793' title='bbox 1147 2628 1175 2654; x_wconf 77' lang='grc' dir='ltr'>δὲ</span> <span class='ocrx_word' id='word_1_794' title='bbox 1187 2628 1321 2663; x_wconf 65' lang='grc' dir='ltr'>Περσικδν</span> <span class='ocrx_word' id='word_1_795' title='bbox 1336 2627 1478 2654; x_wconf 79' lang='grc' dir='ltr'>ἐπελαύνει</span> <span class='ocrx_word' id='word_1_796' title='bbox 1502 2628 1563 2655; x_wconf 75' lang='grc' dir='ltr'>κατ’</span> <span class='ocrx_word' id='word_1_797' title='bbox 1576 2627 1676 2659; x_wconf 83' lang='grc' dir='ltr'>αὐτῶν,</span> <span class='ocrx_word' id='word_1_798' title='bbox 1688 2634 1742 2659; x_wconf 86' lang='lat' dir='ltr'><strong>etc.</strong></span> 
     </span>
    </p>
   </div>
   <div class='ocr_carea' id='block_1_112' title="bbox 955 2662 1742 2698">
    <p class='ocr_par' dir='ltr' id='par_1_112' title="bbox 955 2662 1742 2698">
     <span class='ocr_line' id='line_1_112' title="bbox 955 2662 1742 2698; baseline 0.001 -8"><span class='ocrx_word' id='word_1_799' title='bbox 955 2663 1027 2696; x_wconf 84' lang='lat' dir='ltr'><strong>quod</strong></span> <span class='ocrx_word' id='word_1_800' title='bbox 1043 2663 1152 2698; x_wconf 89' lang='lat' dir='ltr'><strong>quidem</strong></span> <span class='ocrx_word' id='word_1_801' title='bbox 1162 2662 1248 2690; x_wconf 85' lang='lat' dir='ltr'><strong>miror</strong></span> <span class='ocrx_word' id='word_1_802' title='bbox 1255 2664 1290 2690; x_wconf 89' lang='lat' dir='ltr'><strong>ab</strong></span> <span class='ocrx_word' id='word_1_803' title='bbox 1301 2662 1439 2690; x_wconf 86' lang='lat' dir='ltr'><strong>llolstenio</strong></span> <span class='ocrx_word' id='word_1_804' title='bbox 1451 2663 1671 2691; x_wconf 85' lang='lat' dir='ltr'><strong>animadversum</strong></span> <span class='ocrx_word' id='word_1_805' title='bbox 1687 2671 1742 2691; x_wconf 84' lang='lat' dir='ltr'><strong>non</strong></span> 
     </span>
    </p>
   </div>
   <div class='ocr_carea' id='block_1_113' title="bbox 955 2698 1743 2734">
    <p class='ocr_par' dir='ltr' id='par_1_113' title="bbox 955 2698 1743 2734">
     <span class='ocr_line' id='line_1_113' title="bbox 955 2698 1743 2734; baseline 0 -9"><span class='ocrx_word' id='word_1_806' title='bbox 955 2698 1050 2725; x_wconf 81' lang='lat' dir='ltr'><strong>fuisse.</strong></span> <span class='ocrx_word' id='word_1_807' title='bbox 1061 2698 1145 2725; x_wconf 88' lang='lat' dir='ltr'><strong>Paulo</strong></span> <span class='ocrx_word' id='word_1_808' title='bbox 1159 2703 1220 2733; x_wconf 88' lang='lat' dir='ltr'><strong>post</strong></span> <span class='ocrx_word' id='word_1_809' title='bbox 1235 2698 1280 2725; x_wconf 88' lang='lat' dir='ltr'><strong>ubi</strong></span> <span class='ocrx_word' id='word_1_810' title='bbox 1299 2699 1418 2734; x_wconf 58' lang='lat' dir='ltr'><strong>legitur,</strong></span> <span class='ocrx_word' id='word_1_811' title='bbox 1430 2698 1542 2734; x_wconf 86' lang='grc' dir='ltr'>πλήττει</span> <span class='ocrx_word' id='word_1_812' title='bbox 1554 2699 1605 2734; x_wconf 76' lang='grc' dir='ltr'>μὲν</span> <span class='ocrx_word' id='word_1_813' title='bbox 1621 2698 1702 2725; x_wconf 76' lang='grc' dir='ltr'>αὑτὸν</span> <span class='ocrx_word' id='word_1_814' title='bbox 1713 2701 1743 2726; x_wconf 73' lang='grc' dir='ltr'>ἑν</span> 
     </span>
    </p>
   </div>
   <div class='ocr_carea' id='block_1_114' title="bbox 957 2733 1743 2769">
    <p class='ocr_par' dir='ltr' id='par_1_114' title="bbox 957 2733 1743 2769">
     <span class='ocr_line' id='line_1_114' title="bbox 957 2733 1743 2769; baseline 0.003 -10"><span class='ocrx_word' id='word_1_815' title='bbox 957 2733 1029 2768; x_wconf 85' lang='grc' dir='ltr'>ἱσχύ,</span> <span class='ocrx_word' id='word_1_816' title='bbox 1051 2734 1130 2769; x_wconf 84' lang='lat' dir='ltr'><strong>idem</strong></span> <span class='ocrx_word' id='word_1_817' title='bbox 1149 2733 1234 2769; x_wconf 70' lang='lat' dir='ltr'><strong>codex</strong></span> <span class='ocrx_word' id='word_1_818' title='bbox 1258 2733 1493 2769; x_wconf 27' lang='lat' dir='ltr'><strong>scriptumihabet</strong></span> <span class='ocrx_word' id='word_1_819' title='bbox 1507 2735 1537 2761; x_wconf 75' lang='grc' dir='ltr'>ἐν</span> <span class='ocrx_word' id='word_1_820' title='bbox 1550 2733 1632 2769; x_wconf 77' lang='grc' dir='ltr'>ἰσχύϊ.</span> <span class='ocrx_word' id='word_1_821' title='bbox 1653 2736 1743 2768; x_wconf 82' lang='lat' dir='ltr'><strong>Atque</strong></span> 
     </span>
    </p>
   </div>
   <div class='ocr_carea' id='block_1_115' title="bbox 960 2768 1742 2804">
    <p class='ocr_par' dir='ltr' id='par_1_115' title="bbox 960 2768 1742 2804">
     <span class='ocr_line' id='line_1_115' title="bbox 960 2768 1742 2804; baseline 0.001 -9"><span class='ocrx_word' id='word_1_822' title='bbox 960 2768 995 2795; x_wconf 85' lang='lat' dir='ltr'><strong>ita</strong></span> <span class='ocrx_word' id='word_1_823' title='bbox 1014 2768 1069 2795; x_wconf 81' lang='lat' dir='ltr'><strong>fere</strong></span> <span class='ocrx_word' id='word_1_824' title='bbox 1081 2768 1166 2796; x_wconf 85' lang='lat' dir='ltr'><strong>codex</strong></span> <span class='ocrx_word' id='word_1_825' title='bbox 1181 2768 1378 2804; x_wconf 83' lang='lat' dir='ltr'><strong>Scoriarcnsis.</strong></span> <span class='ocrx_word' id='word_1_826' title='bbox 1394 2768 1450 2804; x_wconf 81' lang='lat' dir='ltr'><strong>Ego</strong></span> <span class='ocrx_word' id='word_1_827' title='bbox 1461 2775 1552 2804; x_wconf 78' lang='lat' dir='ltr'><strong>tamen</strong></span> <span class='ocrx_word' id='word_1_828' title='bbox 1567 2768 1742 2796; x_wconf 80' lang='lat' dir='ltr'><strong>scribendum</strong></span> 
     </span>
    </p>
   </div>
   <div class='ocr_carea' id='block_1_116' title="bbox 961 2803 1742 2839">
    <p class='ocr_par' dir='ltr' id='par_1_116' title="bbox 961 2803 1742 2839">
     <span class='ocr_line' id='line_1_116' title="bbox 961 2803 1742 2839; baseline 0.003 -9"><span class='ocrx_word' id='word_1_829' title='bbox 961 2809 1025 2837; x_wconf 91' lang='lat' dir='ltr'><strong>puto</strong></span> <span class='ocrx_word' id='word_1_830' title='bbox 1047 2804 1134 2839; x_wconf 79' lang='grc' dir='ltr'>ἰσχίῳ,</span> <span class='ocrx_word' id='word_1_831' title='bbox 1154 2804 1179 2830; x_wconf 87' lang='lat' dir='ltr'><strong>id</strong></span> <span class='ocrx_word' id='word_1_832' title='bbox 1196 2808 1257 2836; x_wconf 84' lang='lat' dir='ltr'><strong>est,</strong></span> <span class='ocrx_word' id='word_1_833' title='bbox 1281 2804 1308 2830; x_wconf 82' lang='lat' dir='ltr'><strong>in</strong></span> <span class='ocrx_word' id='word_1_834' title='bbox 1331 2803 1437 2831; x_wconf 81' lang='lat' dir='ltr'><strong>lumbis.</strong></span> <span class='ocrx_word' id='word_1_835' title='bbox 1461 2803 1500 2832; x_wconf 90' lang='lat' dir='ltr'><strong>lta</strong></span> <span class='ocrx_word' id='word_1_836' title='bbox 1520 2805 1616 2839; x_wconf 71' lang='lat' dir='ltr'><strong>glossze</strong></span> <span class='ocrx_word' id='word_1_837' title='bbox 1636 2809 1742 2833; x_wconf 65' lang='lat' dir='ltr'><strong>veterea</strong></span> 
     </span>
    </p>
   </div>
   <div class='ocr_carea' id='block_1_117' title="bbox 958 2839 1307 2874">
    <p class='ocr_par' dir='ltr' id='par_1_117' title="bbox 958 2839 1307 2874">
     <span class='ocr_line' id='line_1_117' title="bbox 958 2839 1307 2874; baseline -0.006 -8"><span class='ocrx_word' id='word_1_838' title='bbox 958 2845 1094 2874; x_wconf 79' lang='lat' dir='ltr'><strong>exponunt</strong></span> <span class='ocrx_word' id='word_1_839' title='bbox 1115 2839 1307 2874; x_wconf 53' lang='lat' dir='ltr'><strong>toxiovdumhi.</strong></span> 
     </span>
    </p>
   </div>
   <div class='ocr_carea' id='block_1_118' title="bbox 994 2873 1474 2909">
    <p class='ocr_par' dir='ltr' id='par_1_118' title="bbox 994 2873 1474 2909">
     <span class='ocr_line' id='line_1_118' title="bbox 994 2873 1474 2909; baseline 0.006 -9"><span class='ocrx_word' id='word_1_840' title='bbox 994 2873 1050 2909; x_wconf 70' lang='lat'><strong>(82)</strong></span> <span class='ocrx_word' id='word_1_841' title='bbox 1070 2873 1226 2902; x_wconf 84' lang='lat' dir='ltr'><strong>Theodorit.</strong></span> <span class='ocrx_word' id='word_1_842' title='bbox 1242 2875 1258 2901; x_wconf 89' lang='grc' dir='ltr'>Ι.</span> <span class='ocrx_word' id='word_1_843' title='bbox 1274 2882 1302 2901; x_wconf 85' lang='grc' dir='ltr'><strong>ιιι</strong></span> <span class='ocrx_word' id='word_1_844' title='bbox 1329 2883 1353 2902; x_wconf 87' lang='lat' dir='ltr'><strong>c.</strong></span> <span class='ocrx_word' id='word_1_845' title='bbox 1369 2875 1414 2907; x_wconf 78' lang='lat' dir='ltr'><strong>‘2l,</strong></span> <span class='ocrx_word' id='word_1_846' title='bbox 1430 2874 1474 2903; x_wconf 72' lang='lat'><strong>25.</strong></span> 
     </span>
    </p>
   </div>
   <div class='ocr_carea' id='block_1_119' title="bbox 1570 2955 1606 2986">
    <p class='ocr_par' dir='ltr' id='par_1_119' title="bbox 1570 2955 1606 2986">
     <span class='ocr_line' id='line_1_119' title="bbox 1570 2955 1606 2986; baseline 0 0"><span class='ocrx_word' id='word_1_847' title='bbox 1570 2955 1606 2986; x_wconf 78' lang='grc'><strong>18</strong></span> 
     </span>
    </p>
   </div>
  </div>
