1978 3075
237 156 292 186 553i

929 159 1173 189 PHILOSTORGII

1812 159 1857 188 556

235 219 308 246 citus
323 223 433 253 postero
448 219 493 248 die
506 219 651 248 Jovianum
669 220 860 256 imperatorem
884 223 1024 250 renuntia-

1080 232 1140 259 την,
1157 222 1298 258 ἀνίστησιν
1314 223 1329 249 ὁ
1351 221 1464 258 στρατὸς
1486 222 1624 250 ’ῐωΰιανὸν
1646 222 1769 258 βασιλέα.
1796 223 1821 250 '0
1833 223 1858 250 δὲ

238 264 286 291 vit.
302 265 339 294 AL
350 265 393 291 ille
412 266 512 300 (neque
523 266 596 293 enim
609 267 660 293 alia
674 268 743 294 ratio
761 268 936 303 expedienda}
951 269 1026 296 salu-

237 311 271 338 tis
287 317 436 346 supererat,
451 320 516 339 cum
533 312 677 340 universus
692 315 827 342 exercitus
843 315 875 342 ad
893 315 1025 343 decimam

236 362 339 391 partem
368 358 493 385 redai-tus
510 360 595 393 esset)
611 360 777 387 tricennales
793 361 917 389 inducias
930 366 1027 397 pactus

237 407 277 430 cst
293 412 354 431 cum
371 403 471 437 Persis,
486 403 571 431 Nisibi
591 404 650 439 ipsa
668 405 707 432 eis
718 406 828 439 tradita,
842 411 870 434 et
895 407 1025 440 castellis,

235 457 406 485 quaecunque
430 452 625 486 propugnaculi
647 452 736 480 instar
751 452 884 482 adversus
900 453 999 482 Persas
1012 463 1027 482 a

234 495 368 524 Romanis
382 497 489 531 objecta
507 498 631 525 erantad
648 499 806 526 Armeniam
823 507 921 536 usque.
942 501 1027 529 Porro

219 543 350 569 "cadaver
361 542 472 576 Juliani,
488 543 671 572 Merobaudes
689 549 716 571 et
727 545 774 580 qui
788 553 851 573 eum
875 546 922 574 illo
939 553 1025 580 erant,

234 597 298 616 cum
324 590 350 616 in
375 588 502 616 Ciliciam
525 589 724 623 deportassem,
749 599 803 618 non
827 593 964 625 consulto,
980 594 1027 621 sed

235 643 301 662 casu
311 635 429 670 quodam
439 643 454 662 e
464 636 572 671 regione
580 637 698 671 sepulcri
708 637 734 664 in
744 645 799 672 quo
813 637 952 666 Maximini
965 648 1027 668 ossa

236 686 315 709 erant
337 682 458 714 condita,
476 682 680 717 deposuerunt,
700 684 742 710 via
765 684 874 719 publica
895 685 1028 713 duntaxat

236 728 340 755 loculos
355 735 449 755 eorum
471 736 487 755 a
511 736 540 756 se
557 728 673 756 invicem
696 736 849 765 separante.

271 773 298 800 2.
314 773 432 801 Euzoius
447 778 474 801 et
491 774 537 809 qui
555 782 616 801 cum
635 775 681 802 illo
705 780 784 802 erant
802 776 934 811 episcopi,
952 777 1029 804 libel-

237 819 293 845 lum
308 820 417 854 quidem
436 827 486 854 pro
499 820 578 847 Actio
598 821 654 854 (85)
674 821 789 856 ejusque
811 822 936 850 doctrina
960 831 1027 851 con-

222 865 423 900 “scripser'uut:
445 873 556 901 operam
574 871 664 894 tamen
681 875 734 894 non
746 868 920 895 dcderuntut
933 877 976 896 res
993 869 1026 897 ad

1078 269 1120 304 (οὐ
1133 269 1188 304 γὰρ
1203 267 1237 304 ἦν
1252 268 1340 300 ἄλλως
1352 268 1527 304 διασωθῆναι,
1539 269 1578 300 είς
1594 268 1706 295 δέκατον
1722 269 1803 304 μέρος
1816 270 1857 304 τῆς

1077 315 1141 350 ὃλης
1149 316 1280 351 στρατιᾶς
1289 314 1548 350 ἀπολεπτυνθείσης)
1567 316 1784 350 τριακοντούτεις
1796 316 1858 342 τίθει

1078 369 1122 388 ται
1137 361 1205 397 πρὸς
1222 361 1268 388 τὸν
1284 361 1393 397 Πέρσην
1410 361 1537 393 σπονδὰς,
1554 362 1603 396 τῆς
1619 370 1649 388 τε
1668 361 1801 393 Νισίϐεως
1816 362 1857 388 αὐ-

1077 405 1128 441 τῆς
1139 407 1288 438 ὑπεκστὰς,
1305 407 1352 433 καὶ
1372 406 1427 433 τῶν
1441 406 1577 442 φρουρίων
1592 407 1644 434 ὅσα
1662 407 1805 442 Ῥωμαίοις
1819 408 1858 433 ἐπὶ

1079 451 1187 487 Πέρσας
1206 451 1270 487 ἄχρι
1295 451 1344 486 τῆς
1365 451 1510 487 Ἀρμενίας
1533 451 1614 478 οἱονεὶ
1641 453 1731 487 τεῖχος
1753 451 1860 487 προὺσὲ-

1079 498 1170 533 6λητο.
1187 498 1238 524 Τὸν
1250 498 1278 524 δὲ
1295 497 1391 533 νεκρὸν
1413 497 1557 524 Ὶουλιανοῦ
1569 498 1748 534 Μεροὸαύδης
1763 498 1801 533 (α)
1819 498 1860 525 καὶ

1078 545 1102 570 οἱ
1117 545 1165 571 σὺν
1175 543 1249 580 αὑτῷ
1260 544 1289 570 ἐν
1299 543 1412 579 Κιλικίᾳ
1422 543 1595 578 κομίσαντες,
1606 544 1637 570 οὺ
1647 543 1717 570 κατὰ
1729 544 1858 580 πρόνοιαν,

1079 590 1150 617 κατὰ
1173 590 1202 617 δέ
1221 599 1283 617 τινα
1306 589 1468 626 περιφορὰν,
1493 590 1608 625 ἀντικρὺ
1623 589 1670 616 τοῦ
1691 590 1777 624 τάφου
1793 590 1819 621 ὃς
1831 590 1860 617 τὰ

1078 636 1231 671 Μαξιμίνου
1244 637 1364 670 συνεῖχεν
1377 636 1452 668 ὀστᾶ,
1463 635 1617 668 κατέθεντο,
1633 635 1771 671 λεωφόρου
1785 636 1861 672 μόνης

1079 683 1127 709 ἀπ’
1137 682 1258 717 ἀλλήλων
1267 681 1315 713 τὰς
1328 681 1415 716 θήκας
1432 677 1520 709 αὐτῶν
1535 681 1762 717 διατειχιζούσης.

1115 773 1147 807 β’.
1165 773 1227 799 Ὅτι
1242 773 1370 805 Εὐζιέιῖος,
1387 773 1465 808 φησὶ,
1487 773 1533 800 καὶ
1546 775 1569 800 οί
1586 774 1634 800 σὺν
1651 773 1735 809 αὐτῷ,
1754 773 1800 800 τὸν
1815 773 1861 808 μὲν

1079 819 1149 854 ὑπὲρ
1170 819 1272 846 Ἀετίου
1289 819 1336 846 καὶ
1352 819 1398 846 τοῦ
1419 819 1553 855 δόγματος
1568 820 1649 856 τόμον
1667 819 1792 852 ἐξέθεσαν
1810 829 1815 834 ·
1833 819 1862 846 οὐ

1080 866 1133 901 μὴν
1149 873 1181 897 γε
1203 866 1343 901 περαίνειν
1371 865 1458 892 ταῦτα
1485 865 1665 901 διανέστησαν
1687 866 1753 900 (84).
1772 865 1816 892 Διὸ
1839 866 1862 893 οι

236 913 337 941 exitum
365 909 569 947 perduceretur.
587 913 705 941 Proinde
721 914 816 941 Aetius
829 919 856 941 et
875 915 1024 942 Eunoniius

1080 911 1142 947 περὶ
1159 911 1260 938 Ἀέτιον
1273 912 1320 938 καὶ
1337 912 1469 947 Εὐνόμιον
1484 913 1513 938 ὲν
1525 912 1794 938 Κωσταντινουπὸλει
1808 912 1864 939 δια-

235 959 282 993 qui
299 958 538 993 Constantinopoli
551 958 739 991 morabantur,
752 967 801 986 sua
816 960 922 995 negotia
938 968 985 995 per
998 968 1028 988 se

236 1005 287 1040 ipsi
303 1005 541 1032 administrarunt.
564 1004 594 1032 Et
618 1013 680 1032 cum
697 1006 750 1033 alia
777 1014 826 1040 pro
843 1007 956 1034 arbitrio
977 1015 1028 1035 suo

235 1051 434 1079 constituerant
463 1056 544 1086 prout
567 1052 633 1086 ipsis
646 1053 899 1080 commodissimum
917 1054 1027 1081 videba-

228 1105 290 1130 tur,
302 1103 363 1126 tum
381 1099 524 1134 episcopos
537 1098 588 1126 sibi
601 1099 764 1126 ordinarunt
779 1109 784 1126 :
798 1107 831 1127 ex
843 1107 960 1134 quorum
974 1109 1028 1128 nu-

235 1153 320 1178 mero,
335 1145 475 1172 Candidus
487 1145 595 1180 quidem
611 1150 636 1172 et
650 1146 783 1173 Arrianus
795 1145 922 1174 Eeclesiis
938 1146 1028 1183 Lydia:

234 1196 262 1218 et
285 1191 367 1218 Ioniae
383 1191 520 1226 praepositi
544 1196 618 1218 sunt.
634 1190 786 1218 Palmstime
802 1199 867 1219 vero
883 1193 1028 1228 episcopus

214 1267 217 1269 λ
233 1237 326 1265 factus
351 1242 393 1264 est
410 1236 569 1264 Thcodulus
591 1244 623 1264 ex
651 1237 779 1272 episcopo
795 1238 1026 1272 Clizerctaporum.

234 1285 294 1311 .lam
312 1292 379 1311 vero
396 1283 632 1318 Constantinopoli
656 1283 744 1319 (multi
767 1283 841 1310 enim
868 1283 895 1310 in
910 1291 942 1312 ea
961 1285 1029 1311 urbe

235 1331 269 1357 ιιιι
285 1330 410 1357 Eudoxio
435 1330 553 1364 aliisque
575 1323 658 1356 sectis
676 1329 844 1360 deficientes,
861 1329 930 1356 Aetii
946 1334 1028 1364 atque

235 1377 362 1405 Eunomii
388 1377 557 1404 adauxerant
570 1376 688 1410 partem)
700 1375 818 1410 primum
830 1374 958 1403 Ecclesia:
972 1384 1028 1404 sum

234 1423 391 1458 episcopum
416 1421 579 1449 ordinarunt
604 1421 787 1448 Pcemenium.
812 1421 891 1454 Quod
916 1422 1026 1457 quidem

235 1469 347 1501 factum,
364 1466 519 1494 Eudoxium
540 1462 586 1502 qui
612 1466 724 1494 unitatis
743 1475 805 1494 cum
829 1467 883 1495 illis
902 1468 1028 1496 ineundae

234 1521 309 1543 spem
327 1514 458 1540 hactenus
487 1511 603 1543 foverat,
617 1520 730 1546 prorsus
747 1512 814 1547 ipsis
839 1512 1026 1540 adversarium

235 1559 360 1586 reddidit.
379 1557 518 1586 Pmmenio
533 1563 625 1585 autem
645 1566 698 1585 non
721 1559 806 1585 multo
822 1563 883 1593 post
905 1564 1023 1590 mortuo,

235 1605 402 1632 Florentium
421 1604 448 1631 in
463 1605 524 1638 ejus
538 1604 627 1631 locum
643 1605 855 1632 substitucruut.
865 1603 944 1632 Lesbi
956 1613 1024 1639 pra:-

234 1658 317 1685 terca,
336 1659 399 1679 cum
417 1650 477 1685 ejus
494 1650 546 1678 loci
564 1651 710 1685 episcopus
733 1648 856 1678 mortuus
874 1655 957 1680 esset.
971 1659 1022 1678 an-

1077 956 1227 993 τρίσοντες,
1244 958 1305 984 καθ’
1328 958 1440 990 ἑαυτοὺς
1459 958 1508 993 ἤδη
1534 958 1587 985 τῶν
1608 957 1778 994 πραγμάτων
1799 965 1863 994 προ-

1076 1004 1196 1031 ΐσταντο.
1206 1004 1247 1031 Τά
1257 1013 1286 1031 τε
1299 1004 1367 1032 ἄλλα
1381 1005 1418 1036 ὡς
1431 1005 1523 1036 αὐτοῖς
1533 1005 1618 1032 ἐδόκει
1633 1005 1700 1041 πρὸς
1715 1006 1745 1032 τὸ
1758 1006 1864 1040 ἄριστον

1078 1050 1233 1086 τιθέμενοι·
1251 1051 1297 1078 καὶ
1318 1051 1350 1086 δὴ
1372 1051 1418 1078 καὶ⁵
1439 1051 1607 1083 ἐπισκόπους
1629 1051 1795 1078 καθίστασαν
1808 1061 1814 1066 ·
1829 1048 1865 1079 ὧν

1079 1097 1208 1129 Κάνδιδος
1222 1097 1259 1133 (b)
1277 1098 1326 1132 μὲν
1336 1097 1382 1123 καὶ
1400 1097 1541 1133 Ἀρριανὸς
1556 1099 1616 1129 ταῖς
1628 1097 1698 1124 κατὰ
1709 1097 1807 1124 Λυδίαν
1821 1098 1866 1124 καὶ

1085 1143 1185 1170 Ἰωνίαν
1210 1143 1382 1178 Ἐκχλησίαις
1407 1144 1566 1178 ἐφίστανται
1584 1153 1591 1160 ·
1603 1144 1784 1180 Παλαιστίνης
1803 1145 1832 1172 δὲ
1851 1145 1867 1172 ὁ

1081 1190 1137 1217 ἀπὸ
1166 1189 1349 1226 Χαιρατόπων
1372 1190 1515 1223 Θεόδουλος
1545 1191 1744 1227 ὲπεσκόπησεν.
1769 1191 1812 1218 Ἐν
1837 1191 1867 1218 δὲ

1081 1236 1365 1263 Κωνσταντινουπόλει
1381 1237 1439 1272 (καὶ
1459 1236 1513 1272 γὰρ
1531 1237 1656 1270 Εὺδοξίου
1674 1237 1721 1263 καί
1731 1245 1811 1264 τινων
1822 1237 1868 1264 ἄλ-

1078 1281 1130 1308 λων
1151 1282 1283 1318 αίρέσεων
1299 1282 1435 1318 ἀπορρυὲν
1450 1283 1500 1309 οὐκ
1514 1283 1605 1316 ὀλίγον
1620 1283 1723 1318 πλῆθος
1738 1283 1786 1318 τὴν
1801 1283 1866 1319 περὶ

1085 1328 1186 1354 Ἀέτιον
1205 1328 1253 1354 καὶ
1264 1328 1397 1363 Εὐνόμιον
1414 1329 1510 1364 μοῖραν
1524 1328 1673 1363 ἐπηύξησε)
1685 1329 1867 1364 χειροτονοῦσι

1078 1374 1187 1410 πρῶτον
1202 1374 1252 1409 τῆς
1268 1374 1328 1401 καθ’
1337 1374 1451 1406 ἑαυτοὺς
1471 1374 1645 1410 Ἐκκλησίας.
1655 1375 1797 1410 Ποιμένιον
1810 1375 1869 1401 δνο-

1080 1429 1128 1456 μα.
1143 1421 1175 1446 ’0
1192 1420 1240 1446 καὶ
1259 1419 1305 1446 τὸν
1329 1420 1464 1453 esseom,
1490 1421 1570 1457 μέχρι
1587 1421 1647 1447 τότε
1664 1420 1713 1452 τὰς
1733 1421 1800 1456 πρὸς
1817 1421 1868 1448 αὺ-

1077 1466 1140 1497 sab;
1157 1467 1206 1501 τῆς
1223 1465 1345 1498 ὲνώσεως
1356 1465 1468 1498 ἐλπίδας
1483 1466 1690 1501 ὑποστρέφοντα
1703 1466 1770 1502 (85),
1785 1467 1826 1499 είς
1836 1467 1871 1494 τδ

1079 1510 1195 1545 βεϐαίως
1211 1511 1358 1538 ἀντίπαλον
1382 1513 1577 1548 μετεστήσατο.
1599 1513 1744 1547 Ποιμενίου
1761 1512 1790 1539 δὲ
1808 1513 1869 1548 μετ’

1077 1556 1108 1582 οὐ
1124 1557 1207 1585 πολὺν
1218 1557 1422 1590 ὰποϐιώσαντος
1438 1559 1550 1594 χρόνον,
1564 1558 1775 1585 ἀντικαθιστῶσι
1795 1553 1871 1586 Φλω-

1078 1604 1191 1639 ρέντιον.
1204 1605 1250 1636 Είς
1269 1605 1297 1631 δὲ
1311 1605 1359 1640 τὴν
1378 1605 1492 1636 Λέσὸον,
1508 1604 1555 1632 τοῦ
1566 1605 1670 1640 ταύτης
1685 1606 1870 1641 ἀποιχομένου

1077 1651 1217 1686 ποιμένος,
1232 1651 1414 1687 χειροτονοῦσι
1435 1651 1489 1687 (86)
1503 1652 1616 1679 Θάλλου.
1636 1653 1674 1688 Τῇ
1694 1653 1722 1680 δὲ
1745 1653 1815 1689 πρὸς
1830 1653 1873 1687 τῷ

846 1736 966 1758 VALESII
986 1737 1233 1759 ANNOTATIONES.

265 1791 328 1825 (83)
347 1790 384 1817 De
398 1789 476 1817 Aetio
489 1797 564 1824 supr.
580 1789 598 1815 l.
614 1797 662 1819 vti.
676 1797 700 1817 c.
716 1789 745 1825 5,
763 1789 789 1816 6.

270 1824 325 1861 (Si)
347 1827 387 1853 Οὐ
399 1825 463 1859 μήν
474 1833 507 1859 γε
531 1825 682 1861 περαίαν-εῖχ-
698 1824 791 1861 ταῦτα
806 1824 1021 1861 διαννέστησαν.

235 1859 355 1888 Pessime
372 1861 444 1887 hunc
455 1860 544 1887 locum
562 1860 641 1886 vertit
657 1859 841 1886 Gothofredus
859 1860 910 1886 hoc
923 1861 1022 1887 modo:

238 1896 297 1923 Non
311 1896 368 1922 ideo
391 1900 479 1922 tamen
504 1895 614 1922 suadere
629 1895 695 1926 haec,
715 1903 760 1921 seu
782 1895 817 1921 ad
842 1895 897 1922 licet:
921 1896 1024 1922 [tartari

235 1932 402 1958 sustinuisse.
418 1930 502 1963 Quasi
514 1932 657 1964 παραινεῖν
672 1931 813 1964 legeretur.
829 1931 911 1964 Atqui
926 1935 982 1958 tum
996 1931 1022 1957 in

231 1967 322 1998 'tcxtu,
336 1971 391 1993 tum
411 1966 436 1992 in
449 1965 671 1993 annotationibus
689 1965 757 1996 suis,
771 1964 954 1994 Gothofredus
969 1974 1022 1992 πα-

240 2003 342 2037 ραίνειν
364 2005 522 2028 consmuter
539 2001 639 2035 posuit.
653 1999 817 2037 Quarernou
835 2001 939 2032 dubito,
955 2001 1021 2037 quin

235 2039 263 2064 in
283 2045 334 2064 ms.
353 2037 447 2063 codice
470 2043 524 2070 quo
551 2043 617 2062 usus
635 2041 686 2067 est.
705 2036 836 2068 scriptum
866 2036 901 2063 sit
925 2036 1022 2071 περαί-

236 2081 308 2103 νειν.
323 2072 460 2106 quomodo
475 2071 575 2098 habent
596 2072 681 2106 nostri
697 2071 815 2103 codices,
835 2071 1022 2099 Scoriaceusis

238 2105 363 2135 videlicet
375 2112 402 2134 et
419 2106 627 2134 Becltartianus.
644 2105 692 2132 Est
706 2111 794 2132 autem
815 2106 857 2132 hic
871 2107 952 2141 hujus
969 2107 1021 2133 loci

238 2143 427 2171 scnsusJIum
455 2142 574 2169 Euroius
593 2146 619 2167 et
641 2141 809 2168 Autiochena
830 2143 961 2176 synodus,
977 2150 1020 2168 re-

238 2184 339 2212 gnante
362 2177 470 2204 Juliano
494 2177 608 2204 collecta
621 2196 628 2207 ,
644 2177 787 2211 epistolam
813 2177 970 2210 synodicam
989 2177 1023 2203 de

239 2214 411 2241 restitutione
432 2212 502 2240 Aetii
517 2216 544 2240 et
565 2212 734 2239 consortium
759 2212 819 2245 ejus
841 2212 997 2246 scripsisset
1014 2221 1021 2244 ;

1075 1795 1221 1819 verterent.
1232 1790 1412 1825 Theophilum
1426 1789 1520 1818 lndum
1533 1790 1871 1820 miseruntAntioehiam:

1075 1826 1211 1860 praecipue
1227 1827 1337 1860 quidem
1358 1833 1391 1852 eo
1416 1827 1533 1853 consilio
1549 1831 1579 1853 ut
1603 1825 1734 1852 Euzoium
1760 1834 1874 1861 urgeret

1074 1866 1156 1894 atque
1166 1862 1372 1896 excitaret,quo
1385 1869 1441 1888 rem
1454 1862 1527 1888 illam
1541 1863 1574 1889 ad
1588 1861 1692 1888 exitum
1707 1862 1872 1895 perducere,

1074 1901 1101 1921 et
1129 1896 1224 1929 synodi
1253 1904 1310 1923 suae
1338 1898 1501 1924 sententiam
1533 1896 1703 1924 exsecutioni
1736 1897 1874 1925 mandare

1074 1931 1155 1957 vellet
1164 1931 1229 1967 ;_sin
1244 1933 1345 1963 minus.
1363 1936 1392 1958 ut
1415 1933 1537 1967 Aetiauis
1555 1933 1610 1959 illic
1626 1932 1789 1964 degentibus
1800 1941 1874 1967 prm-

1073 1971 1156 2002 esset.
1167 1965 1211 1993 Sic
1225 1967 1296 1993 enim
1310 1967 1405 1993 scribit
1419 1966 1618 2002 Philostorgius
1632 1967 1718 1994 infra:
1733 1965 1875 2002 Ἀῳιᾶινεί-

1073 2010 1116 2027 ται
1137 2001 1267 2036 Θεόφιλος
1284 2003 1298 2028 ὁ
1317 2001 1406 2034 Ἰνδὸς,
1422 2003 1466 2037 ἐφ’
1480 2000 1502 2036 ᾧ
1514 2000 1571 2028 τὸνν
1582 2002 1703 2033 Εὑζώῖον
1721 2000 1776 2037 μὲν
1796 2004 1874 2030 κατὰ

1072 2036 1334 2073 τὸνπροηγούμενον
1350 2036 1512 2073 ἀναστῆσαι,
1531 2039 1571 2069 εἰς
1597 2037 1672 2068 τέλος
1695 2036 1812 2071 ἀγαγεῖν
1837 2039 1876 2066 τὰ

1073 2072 1143 2109 ρπὲρ
1158 2073 1261 2109 Ἀετίου
1282 2073 1451 2109 ἐγνωσμένα.
1478 2073 1619 2109 Περαίνειν
1636 2073 1717 2108 igitur
1731 2074 1805 2101 idem
1824 2082 1877 2101 va-

1074 2107 1111 2134 let
1126 2108 1198 2141 quod
1217 2109 1256 2139 si;
1277 2108 1352 2139 τέλος
1368 2109 1491 2142 ἀγαγεῖν.

1108 2143 1164 2177 (85)
1188 2142 1244 2177 Τῆς
1255 2143 1391 2176 ἐγώσεως
1401 2143 1527 2176 ἐλπίδας
1540 2143 1781 2177 ὑποστρέφοντα.
1795 2143 1876 2171 Lon-

1076 2185 1109 2212 ge
1125 2178 1226 2205 rectius
1242 2179 1268 2204 in
1291 2186 1341 2205 ms.
1359 2179 1455 2205 codice
1473 2179 1608 2206 Samuelis
1622 2179 1748 2206 Bocharti
1765 2179 1876 2206 scribi-

1078 2217 1122 2248 tur
1137 2213 1337 2248 ὑποτρέφοντα.
1354 2213 1494 2241 Eudoxius
1507 2214 1579 2241 enim
1599 2214 1652 2241 ΟΡ.
1669 2214 1876 2248 episeopus.ad

238 2250 272 2275 oh
291 2248 507 2284 persecutionem
522 2247 739 2284 gliristianorum
755 2243 816 2284 quae
831 2243 1026 2284 tunc-maxime
1041 2243 1063 2270 Ι)
1078 2247 1105 2274 id
1118 2243 1347 2284 usque'teinporis
1367 2257 1442 2283 spem
1459 2249 1561 2276 fecerat
1580 2249 1656 2276 Actio
1679 2243 1705 2276 et
1720 2243 1876 2282 Euiioniio,

238 2282 379 2319 ﬂagrabat,
394 2291 455 2310 eum
477 2283 510 2310 ad
526 2282 678 2319 Eudoxitttn
700 2282 1022 2319 etreliquosepiscopos

237 2317 344 2346 mittere
359 2319 522 2353 supersedit,
539 2322 569 2344 ut
591 2318 686 2353 scribit
707 2317 905 2352 Pliilostorgius
922 2319 948 2344 in
973 2318 1019 2344 lib.

236 2363 284 2382 vn.
298 2354 362 2381 Post
378 2352 492 2381 mortem
511 2360 575 2380 vero
597 2352 697 2379 Juliani
709 2373 716 2383 .
737 2352 841 2380 reddita
857 2353 913 2387 jam
934 2353 1023 2380 Eccle-

236 2391 285 2416 siis
302 2397 385 2424 pace,
403 2389 545 2424 epistolam
568 2388 677 2424 quidem
705 2388 778 2414 illam
805 2389 964 2423 synodicam
988 2388 1022 2415 ad

235 2423 387 2452 Eudoxium
413 2429 440 2451 et
465 2423 498 2451 ad
521 2424 590 2450 alios
611 2423 755 2458 episcopos
779 2424 941 2456 transmisit,
955 2431 1022 2457 ope-

237 2468 296 2487 ram
323 2466 414 2487 tamen
433 2467 487 2486 non
512 2459 586 2486 dedit
603 2463 632 2485 ut
650 2466 693 2485 res
711 2458 743 2484 ad
768 2459 869 2485 exitum
895 2458 1026 2493 perduce-

234 2502 320 2522 retur.
337 2495 427 2528 Quare
444 2495 538 2521 Aetius
549 2498 576 2521 et
590 2493 742 2520 Eunomius
757 2494 803 2526 qui
818 2498 872 2520 tum
890 2495 1026 2521 Constan-

235 2532 348 2566 tinopoli
361 2530 619 2562 morabantur,cuut
635 2529 776 2563 segnitiem
789 2529 882 2556 Euzoii
898 2529 1025 2556 animad-

1077 2283 1214 2311 sot'ietatis
1244 2289 1325 2318 atque
1351 2284 1462 2311 unitatis
1486 2292 1547 2311 cum
1578 2284 1630 2310 illis
1660 2285 1794 2312 ineundae.
1817 2284 1879 2312 Sed

1076 2323 1220 2353 postquam
1251 2320 1317 2346 vidit
1343 2319 1492 2351 Eudoxius,
1515 2320 1622 2347 Aetium
1649 2327 1682 2346 eo
1706 2320 1880 2347 temeritatis

1076 2355 1210 2388 erupisse,
1225 2359 1255 2381 ut
1277 2362 1434 2389 episcopum
1451 2359 1532 2382 secta:
1553 2363 1609 2382 sua:
1628 2353 1880 2390 Constantinopoli

1076 2390 1226 2420 ordinaret,
1243 2397 1302 2416 sese
1315 2391 1348 2416 ab
1359 2391 1428 2417 Aetii
1439 2391 1562 2424 partibtts
1573 2390 1679 2424 penitus
1693 2391 1817 2424 abrupit.

1113 2425 1170 2461 (86)
1193 2424 1412 2458 Χειροτονοῦσι.
1442 2425 1507 2452 Post
1539 2426 1650 2452 verbum
1681 2425 1883 2461 χειροτονοῦσι

1079 2460 1228 2495 asteriscus
1240 2462 1393 2495 appositus,
1402 2461 1541 2495 quidpiam
1555 2461 1599 2488 hic
1611 2462 1707 2488 deesse
1720 2461 1882 2495 signiﬁcat.

1080 2494 1360 2523 Desideraturbutem
1388 2494 1487 2522 nemon
1513 2496 1632 2530 episcopi
1652 2503 1732 2530 quem
1748 2494 1882 2523 ’Aeiiani

1080 2538 1126 2557 seu
1152 2531 1277 2558 Anommi
1298 2532 1325 2558 in
1347 2531 1435 2558 insula
1458 2530 1547 2558 Lesbo
1567 2531 1779 2558 constituerunt.
1806 2531 1886 2566 Ejus

973 2596 1146 2619 YARIORUM.

271 2654 308 2687 (η)
319 2654 374 2681 Τὸν
384 2653 418 2679 δὲ
432 2653 538 2686 νεκρὸν
548 2651 958 2686 ἸουλιίινοῦΜεροόαὐδης.Ᾱι
965 2654 1026 2681 Αηι.

236 2690 409 2717 Marcellinus
430 2689 454 2715 id
470 2688 488 2715 'a
505 2688 638 2722 Procopio
654 2687 754 2714 factum
772 2688 876 2718 scribit.
895 2689 942 2715 lib.
962 2697 1024 2720 xxv,

235 2727 320 2759 ροβε]
340 2734 346 2751 :
363 2724 429 2750 Cum
444 2724 548 2750 Iuliani
576 2723 705 2757 supremis
725 2722 871 2757 Procopius
897 2724 1023 2755 mittitur.

233 2769 275 2791 ea,
292 2765 319 2786 ut
340 2763 468 2792 superstes
485 2759 529 2786 ille
550 2759 737 2789 mandaverat,
753 2759 908 2785 humaturus
922 2760 948 2785 in
963 2759 1025 2785 sub-

236 2796 336 2822 urbana
351 2794 473 2821 Tarsensi
489 2795 515 2820 in
533 2793 638 2824 Cilicia.
656 2792 714 2820 Hoc
727 2794 817 2820 αξιοι-ἱ
828 2801 923 2820 omnes
939 2793 1024 2820 histo-

236 2832 438 2858 ricitestantur.
450 2829 527 2856 Tarsi
546 2829 627 2855 etiam
644 2828 806 2855 Maximinus
825 2829 972 2863 imperator
994 2835 1023 2855 et

235 2875 324 2894 serus
335 2865 552 2892 Christianorum
567 2867 726 2898 perseeutor
737 2864 889 2891 exstinctus
905 2868 955 2891 est.
967 2864 1021 2891 Eu-

239 2907 306 2937 trop.
323 2901 339 2928 l.
356 2909 382 2934 x,
397 2900 459 2937 Ζοδἶ
471 2900 488 2926 Ι.
506 2906 534 2932 ιι,
551 2906 576 2933 ρ.
609 2898 706 2935 677,et
715 2897 840 2926 Lactant.
849 2900 1020 2941 Dciuo’rtibun

1079 2660 1206 2688 persecat.
1217 2663 1267 2690 cap
1286 2655 1331 2686 49,
1341 2663 1420 2690 quem
1436 2655 1541 2690 vid.ap.
1551 2654 1651 2682 Euseb.
1666 2661 1692 2688 p.
1703 2653 1841 2683 458mm.
1851 2656 1885 2684 3,

1117 2690 1154 2724 ψ)
1174 2691 1330 2724 Κιὶνδιδος.
1351 2690 1388 2718 De
1405 2690 1528 2718 Candido
1543 2695 1570 2717 et
1591 2690 1706 2725 Arriano
1725 2697 1791 2725 ntox
1811 2698 1884 2725 cap.

1078 2725 1104 2756 ι,
1124 2726 1150 2755 tl.
1165 2726 1190 2756 7,
1206 2731 1234 2753 et
1247 2727 1292 2753 lih.
1309 2734 1335 2753 ix
1347 2747 1354 2759 ,
1372 2733 1432 2759 cap.
1446 2727 1471 2754 1.
1488 2725 1538 2753 Hic
1552 2731 1594 2753 est
1613 2725 1656 2752 ille
1671 2724 1817 2759 Candidus
1829 2724 1885 2759 qui

1078 2761 1187 2795 scripsit
1203 2762 1234 2788 ad
1252 2758 1366 2788 Marium
1397 2758 1565 2788 Victorinum
1588 2761 1687 2787 librum
1706 2758 1743 2784 lle
1757 2758 1886 2793 genera-

1077 2796 1147 2822 tione
1173 2797 1274 2825 diviua.
1300 2797 1336 2824 De
1352 2796 1491 2823 Theodqu
1507 2804 1604 2830 supra,
1623 2796 1668 2822 lib.
1691 2800 1739 2825 vtl,
1755 2803 1781 2821 e.
1807 2796 1839 2827 6,
1855 2800 1886 2822 οιι

1077 2830 1150 2894 ίιέΐῖιέ
1165 2832 1209 2859 Ιὶὶ),
1221 2840 1326 2868 ix,cap.
1337 2833 1380 2860 lt}.
1395 2831 1432 2860 De
1443 2833 1557 2868 reliquis
1577 2831 1640 2859 item
1655 2831 1702 2858 lib.
1719 2836 1759 2862 Ix,
1770 2837 1840 2866 cap.
1855 2832 1882 2863 Ι,

1077 2874 1089 2893 e
1154 2886 1160 2894 .

1075 2874 1102 2893 Ci.
1121 2874 1160 2894 ιδ.
