1967 3075
114 193 180 221 -ωι

607 191 890 220 ΕΟΟΒΕΞΙΑΞΤῘΟᾸΞ
911 189 1088 219 HISTORIA:
1106 189 1170 217 LIB.
1191 189 1258 216 VIII.

1702 186 1762 214 562'

160 249 188 283 ς’
192 271 198 277 .
215 249 287 281 Ὅτι,
309 250 404 286 φησιν,
423 251 448 276 οἱ
476 250 540 285 περὶ
556 250 689 278 Κάνδιδον
713 251 907 288 καὶᾊρῤιανδπ

1004 249 1031 275 6.
1048 248 1184 275 Candidus
1205 252 1230 274 et
1246 248 1378 274 Arrianus
1396 246 1540 273 Athanasio
1561 245 1701 272 obsistunl.
1720 259 1760 268 —~

124 296 284 331 ’προσγενεῖς
300 296 376 328 ὅντες
389 295 428 331 τῷ
442 295 559 331 βασιλεῖ,
581 297 650 332 πρὸς
673 296 754 324 αὑτὸν
771 298 800 323 ἐν
820 297 915 332 Ἐδέσῃ

125 341 332 377 παραγίνονται,
344 342 392 369 καὶ
407 342 448 378 τῷ
463 342 617 379 Ἀθανασίῳ
631 342 853 375 ὲξοικειώσασθαι
869 342 914 369 τὸν

125 387 238 423 βασιλέα
261 387 439 420 σπουδάζοντι
459 388 584 424 ἐμποδὼν
606 389 739 416 ἵστανται.
765 389 838 425 Πλὴν
854 389 868 416 ὅ
882 398 914 423 γε

125 433 260 469 βασιλεὺς,
284 436 326 467 είς
349 435 453 462 δίαιταν
470 435 563 471 κοινὴν
585 435 619 462 τὰ
637 437 702 471 παρ’
721 435 852 472 ἑκατέρου
866 436 914 471 μέ-

127 489 188 517 ρους
206 481 341 517 λεγόμενα
358 481 534 516 ἀναθέμενος,
556 482 642 517 ῥοπὴν
669 482 819 518 οὐδετέροις
844 482 913 514 τέως

124 527 262 563 παρέσχεν
278 526 415 563 ἐπίδηλον.

158 618 191 651 ζ’.
213 619 274 645 Ὅτι
298 618 420 652 Εὑδόξιος
443 619 516 646 κατά
535 619 665 646 Κανδίδου
694 619 740 646 καὶ
773 617 912 655 Ἀρριανοῦ

124 663 193 699 πρὸς
206 663 325 696 Εὺζῶῖον
341 665 452 700 γράφει.
469 667 499 692 ὐ
508 665 537 692 δὲ
555 666 676 701 ἠχθέσθη
692 666 750 702 μὲν,
768 674 913 701 συμπαρα-

123 709 213 736 λαϐὼν
234 709 262 736 δὲ
284 710 331 737 καὶ
351 710 483 738 Ἐλπίδιον
503 712 676 747 ἀντιγράφει,
691 712 864 747 μεμφόμενός
883 720 913 738 τε

123 755 172 791 τὴν
187 755 351 791 ωμὸουλὴν,
366 757 534 792 ἀποσχέσθαι
553 757 582 784 δὲ
604 758 730 784 κάκεῖνον
752 757 851 793 μᾶλλον
865 758 913 784 ἀν-

121 801 290 836 τιπαραινῶν
302 803 351 838 τῆς
364 803 493 839 τοιαύτης
508 803 635 839 γνώμης·
649 804 677 830 ἐν
686 803 776 839 ταυτῷ
791 804 813 831 δ’
822 804 913 840 ἡρέμα

122 855 181 879 πως
200 847 332 883 ὲπῃτιᾶτο
350 847 400 884 τὴν
416 848 525 885 μακρὰν
540 848 673 884 ἀναϐολὴν
687 849 746 876 τῶν
759 849 914 885 διομολογη-

122 892 224 920 θέντων
240 893 310 930 ὕπὲρ
330 894 435 921 Ἀετίου
448 895 587 930 Εὑνομίῳ.

153 1027 191 1059 η’.
203 1024 264 1051 Ὀτι
281 1024 417 1058 Ἰωὸιανὸς
428 1027 444 1052 δ
455 1025 581 1060 βασιλεὺς
595 1026 662 1063 πρδς
676 1027 726 1062 τὴν
741 1028 912 1054 Κωνσταντι·

119 1070 245 1097 νούπολιν
264 1071 401 1107 ἀπαίρων.
423 1073 471 1098 καὶ
492 1072 613 1106 γεγονὼς
631 1074 660 1100 ὲν
686 1073 819 1109 Ἀγκύρᾳ,
834 1073 912 1100 θάτε-

120 1124 167 1151 ρον
192 1116 247 1143 τῶν
271 1117 368 1144 ἑαυτοῦ
388 1118 491 1144 παίδων
512 1119 704 1154 Οὔαρονιανδν,
726 1119 824 1156 κομιδῇ
852 1120 911 1147 νέον

117 1161 195 1194 ὅντα,
212 1163 438 1198 ἐπιφανέστατον.
449 1164 463 1190 ὃ
476 1165 551 1201 παρὰ
575 1165 723 1201 Ῥωμαίοις
737 1166 783 1193 τὸν
801 1166 912 1193 νωϐελί-

118 1215 201 1242 σιμον
219 1208 341 1241 δύναται,
360 1210 529 1246 ἀναγορεύει.
549 1211 669 1238 Ἐκεῖθεν
684 1212 712 1238 δὲ
729 1213 911 1248 σφοδροτάτου

117 1254 255 1290 χειμῶνος
268 1256 458 1292 ἐπικειμένου,
480 1257 528 1284 σὺν
547 1257 587 1293 τῷ
604 1258 711 1294 στρατῷ
723 1260 808 1295 χωρεῖ
819 1259 866 1286 ἐπὶ
877 1259 911 1286 τὰ

116 1301 223 1337 πρόσω.
236 1302 290 1329 Καὶ
305 1302 397 1329 πολλοὶ
414 1303 463 1338 μὲν
479 1304 549 1331 κατὰ
562 1304 611 1340 τὴν
624 1305 684 1331 ὁδδν
698 1305 910 1342 διαφθείρονται.

115 1347 206 1380 Αὐτὸς
217 1348 245 1374 δὲ
267 1349 336 1383 μετά
351 1349 414 1380 τοὺς
432 1349 647 1384 ὑπολειφθέντας
663 1351 719 1386 (98)
734 1351 911 1387 καταλαμϐά-

115 1401 156 1419 νει
169 1392 206 1419 τὰ
216 1393 384 1420 Δαδάστανα.
401 1394 450 1421 Ἐν
463 1404 516 1422 τινι
526 1395 555 1422 δὲ
565 1396 722 1429 καταλύσας
731 1397 855 1433 σταθμῷ,
864 1398 911 1426 καὶ

113 1437 221 1472 τροφῆς
237 1438 390 1473 μετασχὼν,
401 1439 429 1464 ὲν
440 1440 571 1475 οἰκήματί
588 1449 640 1467 τινι
652 1441 714 1477 ἄρτι
725 1443 911 1478 κεκονιαμένῳ

112 1483 311 1510 κατακλίνεται
322 1484 390 1520 πρὸς
401 1484 497 1514 ὕπνον.
513 1486 601 1522 Πυρὸς
618 1486 640 1513 δ’
651 1487 825 1521 ἀναφθέντος.
841 1488 910 1515 ὥστε

111 1527 200 1555 ἀλέαν
211 1529 369 1563 ἐγγενέσθαι
386 1530 425 1564 τῷ
438 1531 578 1566 οἰκήματι,
593 1532 664 1564 νοτὶς
682 1532 731 1566 μὲν
740 1533 794 1559 τῶν
809 1535 912 1570 νεοχρί-

112 1581 188 1600 στων
193 1574 290 1610 τοίχων
298 1575 440 1602 ἀνεδίδοτο·
450 1577 573 1613 ἡρέμαδὲ
579 1577 622 1604 διὰ
629 1578 682 1605 τῶν
689 1579 770 1615 ῥινῶν
779 1581 911 1615 παραδυο-

113 1617 185 1654 μένη
194 1639 202 1651 ,
214 1619 336 1652 καὶτοὺς
345 1621 577 1654 ἀναπνευστικοὺς
594 1623 694 1658 πόρους
706 1624 909 1660 ὲπιφράττουσα

110 1663 160 1689 καὶ
174 1664 378 1699 ἀποπνίγουσα,
388 1665 538 1701 διαφθείρει
550 1666 596 1693 τὸν
611 1666 734 1701 βασιλέα,
747 1668 910 1696 διανύσαντα

109 1709 141 1734 ὲν
153 1710 189 1745 τῇ
204 1709 329 1746 βασιλείᾳ
344 1711 432 1746 μῆνας
442 1712 526 1746 ἐγγὺς
539 1712 616 1739 δέκα.
638 1713 707 1740 Ἀλλ’
725 1715 739 1740 ὁ
755 1715 803 1748 μὲν
813 1714 909 1741 τούτου

109 1755 213 1791 νεκρὸς
239 1757 279 1788 είς
303 1757 353 1792 τὴν
376 1756 662 1783 Κωνσταντινούπολιν
694 1757 789 1791 ἄγεται
815 1767 822 1774 ·
847 1760 860 1785 ό
881 1760 910 1786 δὲ

110 1800 232 1836 στρατὸς
250 1801 321 1828 κατά
341 1800 457 1828 Νίκαιαν
477 1801 608 1836 γεγονὼς,
619 1802 731 1838 ἡμερῶν
752 1803 910 1838 διαγενομέ-

108 1855 166 1873 νων
177 1845 295 1879 δώδεκα,
312 1848 358 1874 τὸν
378 1847 600 1875 Οὐαλεντινιανὺν
614 1848 774 1885 ἀναγορεύει
788 1849 908 1884 βασιλέα.

107 1891 248 1919 Δατιανοῦ
265 1892 314 1926 μὲν
327 1892 375 1918 τοῦ
387 1894 530 1928 πατρικίου
549 1894 581 1919 ὲκ
602 1893 736 1925 Γαλατίας
748 1894 798 1930 τὴν
813 1894 910 1930 βουλὴν

107 1937 278 1973 γράμμασιν
289 1938 509 1973 εἰσηγησαμένου
525 1939 564 1971 (ἐν
579 1939 648 1974 αὐτῇ
661 1938 715 1974 γὰρ
729 1939 774 1966 διά
782 1947 811 1965 τε
821 1940 910 1975 γῆρας

107 1983 158 2010 καὶ
170 1983 201 2010 τὸ
210 1983 258 2010 τοῦ
273 1983 407 2018 χειμῶνος
421 1984 597 2011 ὺπελέλειπτο
608 1985 744 2019 μέγεθος),
754 1986 908 2020 συνεφαψα-

108 2029 197 2064 μένου
206 2029 236 2056 δὲ
244 2031 277 2066 τῇ
289 2030 388 2066 πράξει
409 2030 555 2056 Σεκούνδου
567 2039 595 2056 τε
605 2031 651 2057 τοῦ
665 2031 785 2067 ἐπάρχου
796 2032 850 2066 (99)
862 2032 908 2058 καὶ

113 2074 273 2110 Ἀρινθαίου
284 2075 331 2102 τοῦ
345 2075 497 2112 στρατηγοῦ
507 2096 515 2108 ,
529 2076 576 2103 καὶ
584 2077 710 2111 Γλαῖιρου,
721 2078 774 2104 τῶν
786 2078 909 2114 δομεστί-

106 2130 167 2149 κων
180 2117 262 2154 οὗτος
276 2123 378 2156 ἠγεῖτο.
393 2122 446 2148 Τοῦ
456 2122 485 2148 δὲ
497 2122 613 2157 στρατοῦ
625 2124 685 2150 κατ’
693 2123 777 2160 αὐτὴν
789 2124 838 2160 τὴν
846 2126 909 2151 ἀνα-

105 2168 241 2204 γόρευσιν
251 2190 258 2201 ,
269 2169 315 2195 ἐπὶ
321 2169 370 2204 τῆς
380 2169 492 2200 ἀσπίδος
503 2169 602 2204 ὲποχού
607 2178 686 2205 μενον
694 2170 731 2206 (a)
738 2171 784 2197 τὸν
796 2171 908 2206 βασιλέα

104 2213 278 2249 προσλαὸεῖν
295 2213 423 2244 κοινωνὸν
441 2215 480 2246 είς
492 2213 541 2249 τὴν
555 2213 693 2249 βασιλείαν
708 2214 856 2248 ἀξιοῦντος,
874 2218 907 2252 τῇ

969 293 1108 321 Candidus
1127 298 1153 319 et
1163 292 1308 322 Arrianus,
1324 291 1370 326 qui
1389 289 1532 325 propinqui
1548 293 1625 316 erant
1641 288 1758 323 impera-

969 341 1036 368 toris
1051 339 1167 371 Joviani,
1192 347 1255 366 eum
1272 337 1380 365 Edessa:
1402 341 1553 363 morantem
1577 335 1711 365 adierunt.
1730 339 1758 363 et

968 386 1118 414 Athanasio
1129 384 1301 420 imperatoris
1313 383 1529 411 benevolentiam
1543 381 1594 409 sibi
1609 381 1757 408 conciliare

968 433 1089 461 studettti
1117 433 1290 460 obstiterunt.
1317 430 1465 465 Imperator
1493 436 1567 460 vero,
1584 435 1615 454 ea
1636 435 1697 462 quae
1722 426 1756 454 ab

969 484 1085 514 utraque
1102 483 1177 514 parte
1192 479 1263 506 dicta
1280 478 1398 507 Inerant.
1415 477 1448 504 ad
1464 483 1608 503 commune
1621 474 1756 509 judicium

968 525 1074 559 rejeeit.
1090 524 1166 551 nullo
1181 522 1327 550 manilesto
1340 522 1440 550 indicio
1455 520 1562 548 interim
1577 521 1653 553 dato,
1667 525 1756 548 utram

968 570 994 597 in
1009 575 1112 604 partem
1126 569 1316 604 propenderet.

1003 613 1028 642 7.
1054 615 1184 641 Adversus
1210 613 1257 640 hos
1283 613 1422 640 Eudoxius
1449 613 1550 639 scribit.
1566 626 1600 631 ——
1617 610 1757 638 Eudoxius

967 660 1098 687 adversus
1126 659 1277 687 Candidum
1297 664 1324 686 et
1352 659 1498 686 Arrianunt
1520 658 1623 685 litteras
1648 657 1757 691 scripsit

967 706 1000 733 ad
1017 706 1161 733 Euzoittm.
1177 705 1297 733 Euzoius
1318 713 1382 732 vero
1412 705 1437 735 id
1454 705 1564 740 quidem
1582 703 1698 738 graviter
1711 706 1755 729 tu-

967 753 1008 784 lit,
1031 757 1058 780 et
1082 753 1211 788 adjuncto
1235 753 1287 781 sibi
1309 751 1424 787 Elpidio,
1453 750 1595 785 re5cripsit
1620 749 1755 781 Eudoxio,

967 802 1064 835 partim
1091 801 1291 836 reprehendens
1306 801 1366 835 ejus
1390 799 1547 830 consilium,
1572 797 1670 832 partim
1691 804 1754 824 eum

967 851 1062 873 contra
1079 847 1240 879 exhortans,
1256 851 1288 873 ut
1305 846 1362 881 ipse
1384 846 1473 879 potius
1488 845 1522 872 ab
1540 843 1676 878 ejusmodi
1692 850 1756 870 sen-

967 892 1050 918 tentia
1067 893 1201 919 recederet
1212 900 1220 924 ;
1230 892 1311 919 simul
1322 892 1404 918 etiam
1416 890 1512 919 leniter
1525 897 1587 917 eum
1601 888 1753 920 incusabat,

927 935 946 962 Β
961 938 997 964 ob
1014 937 1095 965 nimis
1110 938 1267 965 diuturnam
1281 937 1439 965 dilationem
1455 944 1550 964 eorum
1568 943 1628 971 qua:
1642 936 1669 962 in
1690 942 1754 969 gra-

963 983 1028 1009 tiam
1044 982 1114 1009 Aetii
1131 982 1266 1010 Eunomio
1274 981 1438 1016 jamdudum
1455 981 1628 1016 promiserat.

998 1029 1024 1055 ll.
1041 1027 1148 1055 Ioviani
1164 1029 1260 1055 obitus.
1281 1027 1482 1054 Valentinianus
1494 1028 1558 1061 imp.
1579 1026 1673 1054 Valens
1688 1026 1754 1060 imp.

961 1088 996 1094 ——-
1017 1073 1167 1109 Imperator
1195 1072 1327 1101 Iovianus
1350 1071 1616 1106 Constantinopolim
1646 1070 1755 1106 prolici-

963 1128 1052 1152 srens.
1069 1127 1132 1147 cum
1145 1120 1281 1155 Ancyram
1294 1119 1425 1150 venisset,
1438 1119 1552 1145 alterunt
1566 1125 1600 1145 ex
1612 1117 1673 1145 ﬁliis
1685 1117 1754 1150 suis,

963 1164 1164 1193 Varronianum
1181 1166 1300 1196 nomine.
1316 1166 1463 1193 admodum
1483 1172 1598 1199 puerum
1609 1185 1616 1196 ,
1639 1163 1753 1191 nobilis-

962 1212 1060 1239 simum
1081 1212 1246 1247 designavit.
1266 1211 1371 1239 Exinde
1397 1211 1548 1246 asperrimo
1566 1210 1664 1237 hiemis
1685 1215 1754 1237 tem-

963 1264 1027 1291 pore
1042 1257 1157 1284 ulterius
1171 1264 1232 1284 cum
1249 1257 1372 1284 exercitu
1387 1255 1527 1292 profectus
1547 1260 1599 1287 est,
1616 1255 1708 1282 multis
1727 1254 1754 1281 in

962 1302 1058 1330 itinere
1074 1302 1195 1330 atnissis.
1213 1303 1270 1339 (97)
1287 1303 1348 1338 Ipse
1369 1310 1434 1330 vero
1448 1310 1501 1329 una
1515 1310 1576 1329 cum
1597 1301 1631 1329 iis
1643 1301 1689 1336 qui
1708 1309 1754 1328 su-

962 1348 1128 1384 perfuerant,
1154 1349 1228 1376 venit
1252 1347 1424 1376 Dadastana.‘
1446 1348 1569 1383 Cumque
1594 1347 1621 1374 in
1637 1347 1754 1374 statione

961 1393 1079 1428 quadam
1091 1393 1287 1426 diversaretur,
1301 1398 1409 1428 sumpto
1418 1393 1490 1424 cibo.
1501 1393 1528 1419 in
1544 1391 1671 1419 cubiculo
1684 1400 1754 1426 quo-

961 1439 1023 1466 dam
1049 1447 1145 1467 recens
1166 1440 1239 1467 calce
1260 1439 1328 1466 illito
1341 1439 1484 1472 decubuit,
1511 1438 1600 1466 somni
1628 1439 1754 1474 capiendi

961 1493 1055 1512 causa.
1067 1485 1152 1513 Porro
1167 1493 1229 1513 cum
1243 1486 1314 1521 ignis
1328 1493 1460 1513 accensus
1474 1489 1558 1516 esset.
1576 1490 1604 1513 ut
1619 1489 1695 1520 tepor
1706 1490 1753 1520 per

961 1532 1118 1559 cubiculum
1135 1532 1349 1567 dispergeretur,
1364 1532 1461 1559 humor
1472 1532 1582 1567 quidam
1596 1540 1628 1559 ex
1640 1532 1752 1567 parieti-

962 1580 1013 1607 bus
1031 1588 1127 1608 recens
1149 1580 1225 1608 illitis
1237 1580 1379 1615 exspirare
1399 1580 1491 1615 cmpit.
1509 1579 1561 1613 Qui
1587 1580 1688 1609 sensim
1705 1588 1754 1615 per

962 1635 1043 1654 nares
1056 1627 1261 1662 subingrcssus,
1277 1626 1428 1661 respirandi
1444 1631 1550 1653 meatus
1561 1626 1707 1654 obstructis
1721 1634 1754 1653 ac

961 1672 1124 1707 praefocaus,
1143 1673 1335 1707 imperatorem
1353 1672 1494 1704 exstinxit,
1516 1677 1577 1707 post
1593 1677 1704 1699 exactus
1724 1672 1751 1698 in

961 1718 1076 1753 imperio
1099 1725 1208 1745 menses
1223 1718 1334 1745 circiter
1357 1718 1463 1746 decem.
1480 1717 1514 1745 Et
1534 1717 1616 1753 hujus
1644 1717 1752 1753 quidem

961 1764 1077 1791 cadaver
1099 1763 1365 1799 Constantinopolim
1391 1764 1510 1792 delatum
1539 1769 1590 1791 est.
1611 1763 1752 1791 Exercitus

961 1818 1024 1837 vero
1038 1817 1099 1837 ettm
1112 1809 1229 1837 Niczeam
1242 1810 1372 1842 venisset,
1387 1809 1531 1838 duodecim
1542 1810 1638 1836 diebus
1651 1809 1752 1844 elapsis

961 1855 1180 1883 Valentinianum
1200 1856 1391 1891 imperatorem
1420 1856 1595 1884 renuntiavit.
1615 1857 1682 1883 Cum
1699 1856 1751 1883 Da-

961 1902 1051 1930 tianus
1067 1902 1176 1936 quidem
1203 1902 1334 1937 patricius
1360 1903 1386 1930 id
1411 1903 1554 1931 consilium
1576 1898 1630 1938 per'
1647 1903 1752 1931 litteras

961 1947 1143 1982 suggessisset
1163 1955 1195 1974 ex
1211 1947 1333 1981 Galatia;
1351 1949 1405 1976 illic
1430 1949 1514 1982 enim,
1533 1949 1630 1984 partim
1654 1949 1689 1976 ob
1709 1956 1752 1977 se—

961 1998 1112 2026 nectutem,
1134 1994 1232 2028 partim
1254 1996 1289 2021 ob
1316 1994 1414 2022 hiemis
1438 1996 1612 2030 asperitatem
1640 1996 1752 2023 relictus

962 2039 1058 2071 fuerat,
1076 2039 1220 2067 Secundus
1238 2048 1302 2067 vero
1321 2041 1465 2076 pra‘ferlus
1481 2042 1618 2077 praetorio,
1632 2046 1658 2068 et
1669 2041 1750 2069 Ariu-

961 2083 1048 2111 tlueus
1066 2084 1193 2120 magister
1207 2085 1334 2119 militum,
1352 2094 1413 2114 cum
1431 2086 1570 2122 Dagalailo
1588 2087 1687 2114 comite
1698 2087 1749 2115 do-

961 2130 1141 2158 mesticorum
1156 2139 1267 2166 cperant
1285 2140 1361 2160 suam
1378 2133 1410 2160 ad
1430 2133 1455 2160 id
1473 2133 1667 2168 perliciendum
1685 2141 1750 2164 con-

961 2175 1102 2209 tulissent;
1121 2184 1238 2211 cumque
1254 2178 1390 2206 exercitus
1415 2179 1506 2205 statim
1528 2183 1590 2213 post
1605 2186 1747 2213 nuncupa—

961 2220 1061 2247 tionem
1083 2220 1232 2255 Augustam
1250 2226 1372 2256 rogasset
1391 2221 1583 2257 itnperatorem
1605 2226 1683 2248 scuto
1697 2221 1749 2248 iut-

732 2293 855 2316 VALESII
868 2295 1117 2318 ANNO'I‘A-TIONES.

142 2329 206 2365 (97)
222 2329 381 2358 'l‘heodorit.
398 2331 444 2358 lib.
462 2329 497 2363 ιν,
516 2340 541 2359 c.
562 2333 588 2359 5.

141 2366 203 2405 (9_8)
220 2365 652 2405 Μετὰτοὺςηῠπολειςθέντιις.
676 2367 721 2396 Sic
739 2370 821 2396 etiatn
838 2370 905 2405 legi:

102 2405 152 2429 tur
170 2401 200 2428 in
223 2401 333 2435 scriptis
346 2402 496 2429 codicibus.
513 2403 597 2437 Leges
617 2408 705 2430 tamen
719 2401 905 2437 gratnmatica:

101 2437 254 2473 postulant
270 2441 298 2463 ut
315 2437 469 2473 scribamus
485 2438 553 2473 μετὰ
573 2438 627 2464 τῶν
642 2439 866 2473 ὑπολειφθέντων.

141 2471 203 2507 (99)
220 2472 390 2499 Σεκούνδου
406 2481 438 2499 τε
450 2472 504 2499 τοῦ
518 2473 661 2507 ἐπάρχου.
678 2471 860 2503 Gothofredus
875 2476 902 2503 in

100 2507 346 2538 Annotationibus
357 2507 390 2534 ad
407 2508 479 2534 hunc
496 2508 597 2540 locum,
616 2514 690 2537 notat
708 2510 778 2537 hunc
795 2510 899 2538 Seruo-

100 2543 170 2569 dum
181 2541 344 2576 praefectum
357 2543 484 2577 praetorio
494 2544 618 2571 eumdem
630 2552 690 2571 esse
697 2553 758 2572 cunt
769 2544 899 2574 Salustio.

100 2576 136 2604 Et
152 2578 225 2605 olim
240 2577 348 2612 quidem
359 2576 403 2604 'ila
418 2586 556 2605 senseram
574 2579 600 2605 in
621 2580 851 2608 Annotationibus
867 2583 900 2608 ad

99 2613 209 2640 librum
227 2621 294 2650 arx”
314 2613 451 2639 Atnutiani
470 2613 617 2650 Marcellini
634 2622 694 2650 pag.
712 2615 775 2647 266,
799 2624 901 2643 meam-

97 2656 158 2683 que
184 2648 345 2683 opinionem
364 2654 474 2676 secutus
493 2653 534 2676 est
561 2648 744 2678 Gothofredus
773 2651 800 2678 itt
828 2652 901 2679 dicto

920 2339 943 2368 υ
957 2337 1027 2364 loco.
1044 2336 1143 2364 Verum
1165 2342 1256 2372 postea
1279 2346 1307 2366 re
1329 2339 1460 2366 atletttius
1485 2339 1650 2371 examinata,
1675 2338 1748 2367 hunc

960 2371 1114 2408 Secundum
1143 2375 1297 2406 praeiectunt
1324 2375 1451 2408 prwtorio
1471 2375 1635 2408 deprehendi
1662 2375 1746 2401 alium

958 2415 1019 2434 esse
1032 2415 1047 2433 ιι
1064 2407 1195 2437 Salustio.
1209 2413 1237 2434 ut
1249 2407 1354 2436 ostendi
1371 2410 1395 2436 iu
1408 2407 1636 2437 Anuotatimtibus
1651 2410 1685 2436 ad
1697 2409 1746 2438 lib.

957 2450 983 2469 vt
1001 2442 1155 2473 Sozouteui,
1173 2445 1308 2477 p1g.22‘2.
1323 2443 1409 2477 Ilujus
1422 2444 1538 2472 Secundi
1549 2445 1668 2479 prtel'vcti
1680 2452 1747 2479 prse-

958 2478 1027 2514 torio
1053 2479 1218 2507 mentionem
1244 2479 1308 2508 iacit
1335 2479 1466 2507 Libanius
1495 2479 1522 2506 in
1546 2478 1659 2514 epistola
1681 2478 1744 2511 122,

957 2513 1004 2540 lib.
1017 2520 1054 2544 tv,
1068 2521 1128 2547 quae
1144 2514 1299 2546 scriptaest
1309 2516 1340 2541 ad
1353 2514 1481 2541 Iovinum
1495 2515 1528 2541 de
1540 2513 1667 2542 Petronio
1681 2523 1747 2549 quo-

956 2549 1028 2585 dam,
1044 2549 1089 2582 qui
1111 2549 1227 2583 primunt
1245 2551 1393 2585 advocatus
1414 2549 1512 2580 fuerat.
1530 2555 1624 2584 postea
1645 2558 1751 2585 praeses

955 2583 1150 2626 Euphratensis
1173 2585 1339 2620 provinciae:
1358 2583 1411 2615 εἶδε
1429 2585 1480 2620 μὲν.
1493 2586 1506 2611 ὁ
1529 2583 1672 2621 κράτιστος
1695 2586 1746 2612 Σε-

955 2626 1063 2650 κουνοος
1068 2639 1074 2646 .

844 2709 1021 2733 VARIORUM.

134 2746 186 2787 (at)
199 2746 270 2787 ’ῌπι
294 2747 348 2780 τῆς
371 2748 502 2787 ἀσπίδος
523 2749 738 2787 ἐποχούμενοιτ.
764 2749 823 2778 Mos
845 2756 903 2779 erat

93 2783 244 2811 solemnis
258 2787 322 2821 tunc
337 2784 477 2817 temporis.
495 2789 525 2821 ut
538 2784 561 2811 is
576 2783 655 2818 quem
671 2785 768 2821 milites
783 2787 901 2821 impera-

93 2824 190 2845 torem
209 2818 413 2854 renuntiarent.
432 2819 556 2852 protinus
580 2824 657 2846 scuto
683 2818 829 2854 impositus
846 2823 900 2849 cir-

92 2854 299 2880 cumlerretur.
330 2852 407 2881 Unde
425 2858 452 2880 et
475 2855 577 2888 passim
600 2855 626 2880 in
654 2852 742 2882 Fastis
769 2856 902 2885 Idaeianis

93 2889 176 2920 legas
203 2888 397 2924 imperatorem
424 2889 538 2916 levatum
559 2897 608 2924 pro
631 2891 796 2923 renuntiato.
819 2893 901 2919 etiam

95 2922 333 2957 Valentinianum
352 2923 402 2952 hoc
421 2925 479 2960 ipso
497 2922 570 2952 almo
587 2925 648 2954 36L
668 2922 794 2959 Gotlwrr.
805 2928 830 2956 in
848 2927 897 2955 loc.

951 2753 1029 2786 Quod
1043 2762 1104 2781 mox
1123 2754 1160 2781 ait
1177 2754 1388 2789 Philostorgius.
1403 2756 1563 2784 Gratianum
1579 2756 1667 2784 adhuc
1679 2756 1747 2784 ado-

953 2789 1110 2823 lescentem,
1128 2798 1149 2826 7a
1177 2795 1254 2825 patre
1280 2790 1314 2818 ad
1337 2791 1481 2825 imperium
1510 2800 1561 2818 mm
1579 2791 1662 2818 multo
1685 2797 1745 2826 pou
1784 2815 1787 2818 .

952 2829 1086 2862 evectum,
1108 2825 1225 2862 idranno
1240 2825 1292 2853 567
1316 2826 1479 2861 consignant
1489 2827 1659 2862 cbronologi.
1679 2825 1742 2853 dum

953 2859 1100 2889 Gratianus
1114 2861 1202 2888 adhuc
1222 2869 1290 2897 puer
1306 2859 1469 2894 essetfocto
1485 2867 1531 2890 aut
1547 2859 1643 2890 novent
1658 2869 1751 2891 annos

953 2900 1043 2923 natus.
