1967 3075
221 158 272 187 5⁸11

915 163 1163 194 PHILOSTORG"

1801 166 1848 196 στι

217 223 274 250 quo
285 217 319 244 ab
333 215 401 245 urbe
421 217 522 254 Cyzico
535 219 710 254 migraverat,
725 224 782 248 toto
804 220 932 257 deinceps
944 221 1007 250 vitae

1062 231 1103 250 νον
1111 223 1273 259 (Ηλῆψατω
1285 222 1375 251 καίτοι
1389 232 1443 251 των
1452 222 1586 260 ὁμοδόξων
1596 223 1753 251 ἐπισκόπων
1766 224 1848 256 οὕδεὶς

212 262 274 288 ‘su:e
300 267 434 298 tempore,
451 273 485 292 ne
502 273 580 293 sacra
599 268 709 301 quidem
735 268 866 304 mysteria
888 276 1009 303 unquam

217 306 382 341 celebravit,
407 310 533 343 quamvis
558 311 749 346 episcoporum
776 312 899 348 ejusdem
929 318 1010 341 sectae

217 352 310 380 nullus
327 359 410 386 esset,
431 356 477 390 qui
498 357 602 391 absque
619 357 679 392 ejus
700 358 836 386 sententia
860 359 1010 394 quidquam

217 405 249 425 ex
265 399 347 427 rebus
358 401 552 430 ecclesiasticis
564 409 715 439 perageret.

253 443 281 471 5.
299 443 446 480 Procopius
458 451 597 482 tyrannus.
612 465 648 469 —
665 448 764 476 Valens
777 449 887 477 tertium
902 449 1010 484 imperii

217 489 260 516 sui
271 497 373 518 annum
389 491 541 527 ingressus,
550 494 750 529 expeditionem
765 494 896 522 adversus
912 494 1010 522 Persas

217 537 346 571 suscepit;
370 545 426 572 quo
444 538 555 573 quidem
575 543 697 574 tempore
720 539 870 574 Procopius
899 547 1010 575 quoque

216 581 454 618 Constantinopoli
482 585 655 619 tyrannidem
685 586 811 620 arripuit.
845 586 931 613 Porro
964 586 1010 613 hic

216 626 366 662 Procopius
395 629 600 665 propinquitate
624 631 732 666 generis
765 631 930 665 conjunctns
952 636 1011 658 erat

215 671 339 707 Iuliano,
355 675 495 710 multaque
515 676 658 703 hominum
676 677 780 712 judicia
792 677 826 704 de
840 677 885 704 illo
897 677 1009 711 fiebant,

215 720 317 754 quibus
327 721 471 756 imperium
482 722 507 749 ei
516 722 701 750 deferebatur.
709 723 774 756 Qua:
784 723 894 758 quidem
904 724 1010 758 judicia

215 765 322 793 crebris
349 767 525 795 sermonibus
549 769 759 804 evulgabantur.
778 769 866 802 Quam
892 769 928 796 ob
952 777 1009 797 rem

215 810 331 839 Joviano
357 813 391 840 ad
417 813 562 848 imperium
589 820 694 847 evecto,
726 815 877 850 Procopius
899 821 1009 851 arrepta

216 857 281 893 fuga
296 857 522 894 Mesopotamiam
539 861 659 896 reliquit,
676 866 703 889 et
715 869 768 889 una
784 869 847 889 cum
857 870 941 889 uxore
949 869 1010 889 sese

1060 265 1104 302 ἦν,
1117 267 1145 299 ὃς
1154 268 1204 303 τῆς
1215 268 1320 295 ἐκείνου
1331 268 1444 304 γνώμης
1455 269 1540 305 χωρὶς
1554 268 1630 295 οὐδὲν
1638 268 1693 295 τῶν
1706 268 1847 304 ἐκκλησιαο

1062 311 1161 338 στικῶν
1174 312 1359 348 διεπράττετο.

1095 449 1126 472 ε’.
1155 445 1216 472 ’Ότι
1234 445 1326 481 τρίτου
1342 445 1395 480 τῆς
1410 445 1550 481 βασιλείας
1565 446 1642 478 ἔτους
1668 446 1773 481 Οὐάλης
1789 447 1847 473 ἐπι-

1060 491 1122 524 ϐὰς,
1140 492 1187 518 ὲπὶ
1202 492 1310 528 Πέρσας
1323 492 1503 526 ἐστράτευσε·
1520 491 1580 518 καθ’
1596 492 1625 518 ὃν
1639 492 1734 528 καιρὸν
1751 493 1789 529 (a)
1804 493 1849 520 καὶ

1060 537 1213 572 Προκόπιος
1235 537 1284 572 τὴν
1307 537 1454 572 τυραννίδα
1475 536 1545 563 κατὰ
1565 538 1848 566 Κωνσταντινούπολιν

1060 583 1241 610 ἐσκευάσατο.
1264 583 1293 609 '0
1308 582 1337 609 δὲ
1354 582 1507 616 Προκόπιος
1524 580 1602 614 οὗτος
1618 584 1657 615 είς
1671 584 1701 610 τὸ
1715 584 1761 610 τοῦ
1785 585 1847 611 Ίουο

1059 629 1152 656 λιανοῦ
1175 629 1254 664 γένος
1270 629 1417 665 ἀνεφέρετο
1427 637 1433 644 ·
1451 629 1498 656 καὶ
1511 629 1605 656 πολλοὶ
1619 630 1793 657 ἀνεκινοῦντο
1805 631 1856 657 λο-,

1059 676 1164 711 γισμοὶ,
1178 675 1228 710 τὴν
1245 675 1384 710 βασιλείαν
1401 675 1476 711 αὐτῷ
1492 675 1700 712 περιάπτοντες.
1722 677 1775 703 Καὶ
1788 677 1853 709 τοὺς

1059 721 1207 757 λογισμοὺς
1227 722 1274 748 καὶ
1293 722 1366 756 λόγοι
1387 722 1520 757 διέφερον.
1538 721 1592 748 Διὰ
1607 722 1687 748 τοῦτο
1713 722 1847 749 Ἰωὸιανοῦ

1061 768 1274 804 βασιλεύσαντος
1294 769 1345 804 τῆς
1374 769 1588 804 Μεσοποταμίας
1615 766 1692 801 οὗτος
1717 769 1847 805 ἀποδρὰς,

1060 816 1108 843 uel.
1120 815 1234 846 πολλοὺς
1248 816 1277 841 ὲν
1291 815 1466 850 ταλαιπωρίᾳ
1477 815 1577 846 τόπους
1592 814 1724 849 ἀμείψας,
1742 814 1848 849 φεύγων

1060 871 1090 889 τε
1106 862 1175 898 μετὰ
1187 861 1239 896 τῆς
1251 861 1382 896 γυναικὸς
1392 861 1440 888 καὶ
1450 861 1649 897 κρυπτόμενος,
1664 861 1701 892 ὡς
1716 861 1851 896 ἀπείρηκε-

214 903 367 936 occultans,
388 904 528 940 variisque
542 906 659 933 subinde
675 906 851 933 commutatis
867 906 936 933 locis
948 913 1003 933 non

1062 907 1240 943 πλανώμενος,
1254 907 1300 934 τδν
1316 907 1446 942 ἔσχατον.
1465 906 1559 942 φησὶν.
1575 906 1737 942 ἀναῤῥίπτει
1756 906 1848 934 κύϐον.

215 950 391 985 sineingenti
406 951 566 980 difficultate
589 960 622 980 ac
638 953 761 985 miseria,
779 960 904 980 errorum
924 961 956 981 ac
967 953 1008 981 la-

214 997 355 1024 tebrarum
382 1003 527 1033 pertaesus,
557 999 666 1027 tandem
686 1003 848 1032 extremam,
876 1005 904 1027 ut
919 1000 1007 1034 aiunt,

214 1044 301 1071 aleam
315 1044 394 1079 jecit.
409 1045 610 1073 Chalcedonem
627 1046 709 1081 igitur
727 1045 877 1081 profectus,
899 1045 926 1073 in
954 1046 1009 1073 Eu-

215 1089 302 1116 noxnii
319 1097 386 1124 agro
413 1091 460 1126 qui
485 1095 562 1118 extra
587 1091 682 1119 urbem
712 1092 782 1119 situs
800 1096 870 1124 erat,
897 1091 1009 1119 absente

215 1139 281 1162 tunc
300 1135 424 1169 domino,
440 1136 557 1165 delituit.
587 1136 664 1165 Unde
681 1146 744 1166 cutn
760 1137 916 1173 trajecisset
935 1138 1009 1165 Conv

216 1181 438 1216 stantinopolim,
455 1183 561 1218 absque
575 1184 628 1211 ulla
644 1184 717 1211 caede
733 1184 879 1219 imperium
890 1192 1010 1219 occupa-

213 1227 263 1254 vit.
291 1226 346 1255 Nec
372 1229 459 1256 multo
477 1234 539 1264 post
555 1230 651 1265 proelio
665 1238 727 1258 cttm
742 1230 854 1258 Valente
877 1239 1008 1266 congres-

214 1280 273 1303 sus,
297 1273 398 1300 ducum
427 1282 552 1307 suorum,
569 1275 692 1303 Gomarii
711 1280 739 1303 et
754 1276 889 1311 Agilonis,
919 1275 1010 1311 prodi-

214 1318 289 1345 tione
313 1325 459 1354 superatus
486 1325 527 1348 est
545 1329 552 1348 :
570 1326 733 1356 arreptaque
752 1321 814 1356 fuga
841 1321 959 1349 Nicaeam
979 1330 1009 1350 se

214 1365 326 1399 recepit.
346 1365 481 1393 Postridie
501 1374 566 1394 vero
582 1375 644 1394 cum
662 1367 726 1394 inde
738 1367 879 1395 discedere
894 1367 1009 1394 medita-

214 1415 301 1443 retur,
320 1419 335 1438 a
349 1410 498 1443 Florentio,
515 1412 558 1439 cui
578 1413 653 1441 urbis
669 1413 743 1442 illius
762 1414 916 1441 custodiam
931 1422 1008 1441 com-

215 1457 340 1489 miserat,
358 1458 612 1492 comprehenditur,
640 1459 804 1494 vinctusque
818 1460 852 1487 ad
868 1459 1008 1487 Valentem

214 1503 384 1538 perducitur.
407 1503 439 1531 Et
454 1504 606 1539 Procopius
619 1505 728 1540 quidem
743 1513 807 1532 mox
821 1506 910 1540 capite
928 1510 1008 1533 trun-

215 1554 292 1577 catus
303 1555 357 1583 est,
373 1557 435 1577 cum
452 1558 500 1578 sex
517 1551 653 1578 mensium
671 1545 946 1586 spatio'tyrannidem
957 1559 1007 1578 ex-

215 1595 367 1629 ercuisset;
396 1595 535 1624 Florentio
563 1604 642 1628 vero,
665 1605 699 1623 ne
724 1597 757 1624 ad
785 1598 867 1624 vitam
899 1596 1007 1631 quidem

216 1641 303 1675 ipsius
321 1641 484 1669 servandam
498 1641 607 1670 sutIecit
623 1643 753 1678 proditio,
770 1643 817 1670 sed
834 1642 936 1670 milites
947 1650 1008 1669 eum

216 1687 343 1714 incendio
367 1687 549 1720 tradiderunt,
577 1688 613 1715 ob
642 1693 760 1716 veterem
790 1688 958 1715 simultatem
987 1688 1010 1714 ei

1060 955 1116 982 Kal.
1130 955 1180 990 τὴν
1193 953 1355 989 Καλχηδόνα
1367 952 1541 984 καταλαϐὼν,
1557 953 1586 980 ὲν
1599 952 1638 988 τῷ
1654 952 1701 979 τοῦ
1717 953 1849 988 Εὑνομίου

1059 1000 1154 1037 ἀγρῷ,
1179 1000 1229 1035 τῆς
1244 999 1349 1031 πόλεως
1369 999 1469 1031 ἔξωθεν
1482 998 1659 1034 διακειμένῳ,
1685 999 1740 1026 οὐδ’
1758 1000 1850 1035 ἐπιδη-

1061 1046 1174 1082 μοῦντος
1186 1045 1233 1072 τοῦ
1252 1045 1395 1076 δεσπότου,
1411 1043 1507 1071 ἑαυτὸν
1522 1043 1729 1080 κατακρύπτει·
1746 1043 1850 1071 ἐκεῖθεν

1059 1093 1086 1120 δὲ
1100 1093 1140 1125 εἰς
1155 1092 1204 1128 τὴν
1223 1091 1300 1119 πόλιν
1312 1090 1418 1127 διάρας,
1437 1090 1576 1126 ἐγκρατὴς
1589 1090 1726 1125 ἀναιμωτὶ
1740 1091 1789 1124 τῆς
1801 1090 1850 1124 βα-

1060 1139 1161 1171 σιλείας
1182 1138 1297 1173 γίνεται.
1320 1136 1386 1164 Εἶτα
1401 1138 1460 1172 μετ’
1474 1138 1504 1164 οὺ
1525 1136 1611 1163 πολὺν
1625 1137 1721 1171 χρόνον
1739 1135 1855 1171 πολέμῳι

1060 1185 1210 1221 συρραγεὶς
1225 1184 1368 1215 Οὐάλεντι,
1383 1183 1514 1220 προδοσίᾳ
1526 1183 1580 1210 τῶν
1592 1183 1674 1210 αὑτοῦ
1690 1182 1850 1218 στρατηγῶν

1059 1231 1194 1266 Γομαρίου
1210 1230 1257 1257 καὶ
1277 1229 1410 1264 Ἀγελίου,
1425 1230 1557 1265 ἡττᾶται·
1574 1230 1621 1256 καὶ
1643 1228 1750 1264 φεύγων
1767 1237 1852 1255 κατα-

1059 1278 1192 1313 λαμϐάνει
1216 1278 1265 1312 τὴν
1289 1277 1417 1304 Νίκαιαν.
1439 1277 1478 1312 Τῇ
1493 1276 1521 1303 δὲ
1544 1275 1675 1311 ἐπαύριον
1697 1275 1851 1310 διανοηθεὶς

1059 1324 1164 1351 ἐκεῖθεν
1188 1323 1328 1359 ἀπαίρειν,
1353 1324 1406 1350 ὑπὸ
1419 1322 1601 1358 Φλωρεντίου.
1623 1322 1652 1353 ὃς
1678 1321 1851 1358 φρούραρχος

1060 1370 1105 1396 ὑπ’
1127 1368 1210 1395 αὐτοῦ
1225 1369 1275 1404 τῆς
1291 1369 1396 1400 πόλεως
1415 1368 1546 1403 κατέστη,
1562 1367 1790 1403 συλλαμϐάνεται,
1804 1367 1852 1394 καὶ

1059 1412 1201 1448 δεσμώτην
1217 1413 1298 1439 αὑτὸν
1310 1413 1324 1439 ό
1345 1412 1485 1439 συλλαὸὼν
1502 1412 1569 1447 πρὸς
1586 1411 1694 1446 Ούάλην
1707 1411 1779 1445 ἄγει.
1794 1411 1852 1438 Καὶ

1059 1460 1212 1496 Προκόπιος
1226 1459 1276 1494 μὲν
1289 1459 1340 1494 τῆς
1352 1459 1473 1495 κεφαλῆς
1488 1459 1682 1494 ἀποτέμνεται,
1700 1458 1746 1484 ὲπὶ
1761 1457 1852 1493 μῆνας

1059 1505 1089 1538 ἐξ
1108 1506 1302 1541 μετεωρισθεὶς
1327 1507 1360 1541 τῇ
1378 1505 1529 1541 τυραννίδι·
1558 1504 1717 1540 Φλωρεντίῳ
1740 1504 1769 1530 δὲ
1790 1504 1853 1530 οὐδὲ

1059 1553 1176 1588 ἦρκεσεν
1193 1553 1209 1587 ἡ
1224 1552 1357 1587 σωτήριος
1371 1551 1501 1587 προδοσία
1515 1551 1583 1586 (15),
1595 1551 1662 1578 ἀλλὰ
1680 1551 1747 1586 πυρὶ
1763 1550 1852 1577 διδόα-

1064 1606 1105 1624 σιν
1119 1597 1201 1624 αὺτδν
1211 1598 1225 1623 ὁ
1237 1597 1353 1632 στρατὸς
1369 1597 1429 1623 κατ’
1447 1597 1532 1632 ὀργὴν
1543 1595 1673 1626 παλαιὰν,
1686 1595 1753 1621 διότι
1765 1603 1852 1630 φρου-

1065 1643 1118 1679 ρῶν
1140 1643 1242 1674 ἐκεῖνος
1267 1642 1318 1669 ὑπὸ
1342 1642 1496 1678 Προκοπίου
1520 1642 1569 1677 τὴν
1596 1641 1713 1668 Νίκαιαν
1737 1640 1852 1672 πολλοὺς

1065 1689 1156 1714 αὐτῶν
1173 1688 1313 1715 ἐκάκωσεν
1328 1688 1505 1724 αἱρουμένους
1517 1687 1552 1714 τὰ
1562 1687 1721 1719 Οὐάλεντος.

217 1733 328 1767 infensi,
345 1740 486 1769 propterea
499 1735 572 1770 quod
583 1736 682 1763 missus
695 1744 710 1762 a
728 1735 861 1771 Procopio
877 1736 911 1763 ad
941 1735 1148 1764 custodiendam
1165 1736 1294 1768 Nicaeam,
1320 1736 1422 1764 multos
1449 1736 1571 1771 ipsorum
1594 1735 1664 1763 male
1694 1734 1851 1767 multasset,

218 1785 312 1817 utpote
326 1783 374 1817 qui
392 1781 512 1810 Valentis
529 1783 650 1818 partibus
666 1783 798 1811 faverent.

252 1829 278 1855 6.
293 1829 364 1856 Aetii
382 1829 482 1856 obitus.
497 1844 531 1849 —
546 1829 606 1862 Quo
622 1835 743 1865 tempore
757 1828 908 1865 Procopius
922 1829 1012 1857 adhuc

218 1875 390 1910 tyrannidem
415 1876 577 1911 exercebat,
603 1876 754 1904 Eunomius
775 1877 808 1903 ad
833 1885 896 1904 eum
920 1877 1011 1912 Cyzici

218 1925 276 1948 tum
292 1921 433 1956 degentem
450 1923 533 1949 venit.
546 1921 632 1949 Porro
646 1921 779 1950 adventus
794 1921 933 1954 Eunomii,
947 1923 1013 1950 libe-

218 1967 353 1994 rationem
368 1968 523 2002 pOstulabat
537 1976 632 1996 eorum
649 1969 694 2004 qui
720 1976 735 1996 a
755 1968 889 2004 Procopio
907 1969 934 1995 in
952 1969 1012 1996 vin-

218 2013 288 2040 culis
301 2013 510 2048 detinebantur;
527 2015 644 2049 conjecti
657 2019 747 2042 autem
772 2019 851 2042 erant
862 2015 888 2041 in
901 2014 1008 2042 vincula

218 2066 252 2086 co
265 2059 337 2094 quod
364 2058 487 2088 Valentis
510 2065 599 2095 partes
623 2060 742 2095 amplexi
773 2064 885 2092 essent;
913 2060 1010 2087 horum

219 2105 365 2140 propinqui
380 2105 544 2132 Eunmnium
557 2110 712 2141 coegerant,
724 2110 754 2133 ut
766 2106 836 2133 hanc
849 2105 1011 2141 legationem

1096 1833 1133 1862 ς’.
1153 1829 1213 1856 Ὅτι
1225 1829 1371 1864 Προκοπίῳ
1383 1829 1423 1856 ἔτι
1434 1830 1483 1864 τῆς
1498 1828 1652 1864 τυραννίδος
1663 1829 1853 1864 ἐποχουμενῳ,

1059 1875 1192 1911 Εὐνόμιος
1215 1876 1284 1911 πρὸς
1308 1875 1388 1902 αὐτὸν
1403 1876 1432 1901 ὲν
1451 1875 1563 1909 Κυζίκῳ
1580 1874 1709 1908 διάγοντα
1730 1873 1853 1909 παραγί-

1058 1930 1145 1948 νεται.
1167 1921 1199 1948 Ἡ
1221 1921 1250 1947 δὲ
1276 1921 1368 1956 ἄφιξις
1388 1920 1464 1947 λύσιν
1480 1920 1599 1956 ἔπραττε
1622 1920 1677 1946 τῶν
1694 1921 1723 1947 ὲν
1741 1920 1854 1955 δεσμοῖς

1059 1968 1106 1994 ὑπ’
1130 1967 1213 1994 αὑτοῦ
1231 1967 1438 2002 κατεχομένων·
1456 1967 1470 1992 ὁ
1491 1966 1591 2001 δεσμδς
1606 1966 1635 1992 δὲ
1650 1966 1762 1997 τούτους
1778 1965 1855 1992 ἐπίε-

1060 2013 1105 2045 ζεν
1122 2032 1129 2045 ,
1144 2013 1241 2047 ὅτιπερ
1258 2012 1387 2047 ἔστεργον
1402 2011 1437 2039 τὰ
1457 2012 1622 2043 Οὐάλεντος·
1639 2011 1686 2038 καὶ
1699 2012 1724 2038 οἱ
1738 2011 1792 2038 τῶν
1809 2012 1856 2038 δε-

1061 2058 1148 2093 σμίων
1161 2059 1303 2092 συγγενεῖς
1313 2057 1490 2090 ἐξεϐιάσαντο
1515 2057 1562 2083 τὸν
1576 2056 1708 2092 Εὐνόμιον
1722 2056 1771 2092 τὴν
1783 2064 1856 2092 πρε-

1063 2105 1156 2131 σϐείαν
1174 2103 1311 2131 ὑπελθεῖν.
1335 2104 1364 2130 '0
1383 2103 1423 2136 δὲ,
1450 2102 1574 2130 ὑπελθὼν
1593 2103 1640 2130 καὶ
1663 2103 1727 2134 τοὺς
1752 2102 1859 2138 ἄνδρας

835 2192 956 2214 VALESII
969 2191 1218 2214 ANNOTATIONES.

221 2248 526 2290 reliqueratnperpeltuo
545 2248 712 2275 abstinuisse
728 2252 844 2275 testatur
858 2247 1009 2288 Philostor-
1027 2250 1047 2277 D
1062 2247 1133 2290 alius
1149 2245 1364 2290 quoqueaﬂ‘erri
1379 2253 1476 2290 sensus
1493 2246 1589 2290 horum
1600 2245 1858 2290 Iverboruquua-si

221 2284 292 2318 gius.
313 2283 517 2318 Sicrlﬂusebins
538 2289 630 2311 noster
644 2291 704 2310 eam
730 2291 824 2310 vorent
851 2287 966 2317 usurpat
981 2283 1008 2309 in

221 2317 293 2346 libro
314 2327 340 2346 tv
361 2317 397 2344 De
411 2318 464 2344 vita
481 2318 648 2346 Constantini
671 2326 731 2353 cap.
750 2319 794 2350 45,
813 2319 919 2349 θυσίαις
934 2318 1010 2344 ἀναί-

261 2363 284 2385 ις
297 2353 344 2380 καὶ
361 2355 506 2390 μυστικαῖς
530 2354 697 2390 ἱερουργίαις
711 2354 743 2390 eo
764 2354 840 2380 Θεῖον
858 2353 1009 2390 ἱλάσκοντο.

247 2397 323 2416 erum
352 2389 478 2416 sacriticii
507 2388 604 2416 nomen
622 2390 709 2423 potuit
733 2389 849 2416 fortasse
866 2388 1011 2423 displicere

222 2423 401 2456 Gothofredo,
416 2425 516 2459 quippe
530 2424 577 2459 qui
590 2424 694 2452 Calvini
711 2424 835 2452 haeresim
849 2428 1008 2459 sectaretur.

223 2459 384 2494 Holstettitts
401 2457 591 2494 vero',‘utpote
607 2460 758 2486 catholicus
775 2479 782 2490 ,
809 2460 926 2486 retinere
944 2457 1011 2485 illud

222 2494 327 2530 debuit.
343 2493 493 2521 Fatendum
511 2493 601 2521 tamen
615 2500 656 2522 est
677 2494 831 2530 ἱερουργίαν
850 2494 1012 2530 generaliter

222 2529 296 2556 sumi
322 2537 403 2563 posse
426 2537 476 2564 pro
498 2531 586 2557 ollicio
607 2529 778 2557 sacerdotali.
795 2529 840 2556 Sic
855 2530 927 2557 enim
945 2529 1011 2556 Phi-

221 2564 370 2627 l‘ostorgius
384 2565 411 2591 in
430 2572 491 2599 cap.
509 2566 553 2596 lt),
577 2571 637 2592 eam
652 2572 747 2592 vocem
769 2570 882 2600 usurpat
900 2572 950 2599 pro
967 2571 1012 2590 or-

242 2604 373 2626 mattone.

242 2604 373 2626 tnattone.

258 2635 315 2669 (l4)
329 2635 424 2662 Ὅσον
437 2634 540 2662 ἐνεόίω
553 2635 673 2670 χρόνον.
691 2634 761 2662 Olim
785 2634 894 2669 quidem
916 2634 1012 2661 existi-

223 2670 296 2697 mavi
315 2670 490 2697 scribendum
510 2671 554 2697 hic
568 2678 628 2698 esse
642 2671 755 2703 ὲπεόίω,
771 2670 909 2705 quomodo
927 2670 1010 2696 etiam

223 2705 297 2732 hunc
320 2705 411 2732 locum
434 2705 567 2733 intellexit
593 2704 787 2733 Gothofredus.
801 2704 895 2732 Potest
919 2709 1009 2732 tamen

1062 2283 1135 2310 dicat
1149 2280 1314 2310 Ennominm
1333 2288 1387 2308 non
1409 2281 1489 2308 modo
1504 2286 1566 2316 post
1582 2280 1781 2308 abdicationem
1795 2281 1860 2314 epi-

1060 2323 1187 2352 scopatus
1201 2318 1340 2354 Cyziceni,
1353 2316 1541 2354 verum-etiam
1553 2321 1632 2343 antea
1644 2320 1701 2342 toto
1716 2316 1779 2354 vitae
1796 2323 1859 2342 sua:

1061 2350 1182 2387 tempore
1196 2374 1204 2385 ,
1225 2350 1316 2380 'sacra
1343 2351 1472 2387 mysteria
1487 2358 1659 2387 inunqnamr
1682 2350 1857 2387 celebrasse.

1060 2385 1235 2423 Qui—quidem
1256 2394 1355 2415 sctisus
1373 2385 1470 2423 verbis
1487 2385 1661 2423 Philostorgii
1677 2385 1769 2423 aptius
1786 2393 1861 2423 con-

1061 2421 1145 2450 venit}
1166 2423 1245 2451 Certe
1262 2421 1419 2450 llolstenius
1437 2421 1510 2449 hunc
1525 2422 1614 2449 locqu
1628 2422 1666 2449 ita
1686 2422 1796 2448 videtur
1811 2421 1858 2448 in-

1061 2459 1207 2486 tellexisse.

1097 2494 1153 2528 (15)
1176 2494 1208 2521 'Il
1224 2494 1369 2529 σωτήριος
1394 2493 1552 2529 προδοσία.
1567 2491 1747 2529 Iampridem
1763 2491 1861 2525 conje-

1061 2527 1151 2556 ceratn
1163 2527 1339 2556 scribendum
1356 2527 1422 2558 esse»
1435 2528 1596 2563 Φλωρεντιῳ
1614 2527 1643 2554 δὲ
1658 2527 1719 2553 οὐδὲ
1734 2527 1860 2563 ἤρκεσεν

1060 2565 1101 2596 εἰς
1128 2565 1266 2600 σωτηρίαν
1279 2566 1296 2600 ἡ
1312 2565 1452 2601 προδοσία.
1474 2561 1654 2601 Posteaﬁero
1668 2561 1766 2589 nactus
1779 2561 1860 2588 codi-

1060 2607 1119 2626 cem
1136 2597 1355 2634 manuscriptum
1376 2600 1515 2628 Samuelis
1526 2597 1741 2634 Boohartipeatn
1757 2604 1859 2624 emen-

1060 2635 1198 2662 dationem
1219 2636 1245 2662 in
1269 2632 1391 2671 margine
1413 2635 1562 2671 ascriptam
1588 2632 1743 2671 inveni._ln
1775 2636 1860 2671 textu

1059 2677 1128 2731 νει-οδ
1143 2671 1178 2731 il?
1198 2666 1343 2706 scriptum“
1357 2671 1439 2698 habet
1462 2666 1534 2698 idem
1560 2668 1664 2702 codex,
1691 2668 1709 2702 ἡ
1729 2666 1862 2702 σωτηρία

1060 2713 1113 2731 ποο
1129 2713 1160 2731 οσ
1172 2713 1200 2731 α.

1060 2714 1081 2732 π
1083 2713 1160 2740 ροοοσ
1163 2713 1200 2732 ια.

956 2771 1130 2793 νΑΜοιιυΜ.

261 2821 300 2857 (a)
323 2824 393 2850 Καθ’
418 2823 454 2850 ὃν
475 2825 590 2857 καιρόν.
613 2822 713 2850 Contra
742 2821 813 2849 hanc
834 2821 1008 2857 Philostorgii

224 2856 429 2892 chronologiam
460 2856 583 2886 statuunt
597 2857 695 2892 Pagitts
706 2863 732 2885 et
746 2857 929 2884 Gothofredus
939 2856 1008 2892 Pro-

224 2891 372 2928 copianam’
383 2894 552 2928 tyrannidem
565 2891 712 2929 contigisse
730 2899 802 2921 anno
817 2893 879 2923 365,
891 2892 928 2920 De
941 2891 1007 2920 Pro-

1062 2821 1214 2894 gglpiosvid.
1235 2821 1312 2852 Socr.
1330 2824 1378 2852 lib.
1401 2831 1438 2859 tv,
1465 2831 1526 2860 cap.
1553 2824 1584 2858 ὃς
1610 2827 1638 2852 et
1655 2823 1718 2852 Soz.
1747 2823 1795 2852 lib.
1814 2829 1861 2859 τι,
