1967 3075
111 129 156 157 577

102 233 204 266 ταστὰς,
220 235 268 261 καὶ
287 234 424 269 ἀπεχθῶς,
441 235 534 270 φησὶν,
556 235 626 270 ἔχων
647 235 716 271 πρὸς
740 236 882 271 Εὐνόμιον,

102 280 199 316 ἐρήμην
214 280 297 307 αὐτοῦ
314 280 524 313 κατεδικάσατο,
540 282 578 313 ὡς
592 282 644 313 τὰς
662 281 824 316 Ἐκκλησίας
838 283 885 308 καὶ

102 327 147 357 τὰς
159 326 249 358 πόλεις
263 326 492 362 ἑκταράσσοντος,
508 329 555 354 καὶ
567 328 607 360 εις
629 327 719 359 ’Λείαν
736 328 817 355 αὐτὸν
833 337 884 363 φυ-

101 372 199 406 γαδεύει
213 372 262 408 τὴν
274 373 355 407 νῆσον
369 373 436 408 (25).

134 459 172 495 ιβ’.
191 460 252 486 Ὀτι
267 459 387 492 Μάζακα
401 460 432 486 τὸ
447 459 557 496 πρῶτον
571 461 628 496 (96)
646 462 800 498 ἑκαλεῖτοὴ
815 463 885 489 Και-

101 507 200 541 σάρεια,
216 506 270 533 ἀπὸ
285 506 378 540 Μοσὺχ
391 506 438 532 τοῦ
455 507 650 534 Καππαδοκῶν
661 508 795 543 γενάρχου
806 508 884 534 ἑλκυ-

101 553 198 588 σαμένη
211 553 241 579 τὺ
259 553 345 588 δνομα
355 560 361 566 ·
380 552 427 579 τοῦ
441 553 539 589 χρόνου
558 554 587 580 δὲ
601 555 797 590 πορευομένου,
813 555 884 582 κατά

100 598 273 634 παρέγκλισιν
290 599 341 634 ἠδη
357 599 476 631 Μάζακα
495 599 733 635 προσωνόμασται,

133 647 174 679 ιγ’.
190 645 306 680 Ὂτιπερ
323 645 456 680 Εὑνομίου
467 666 474 678 ,
491 646 576 680 φησὶ,
597 645 721 678 λιπόντος
735 645 785 681 τὴν
800 646 883 679 Κύζι-

99 698 153 721 κον,
167 689 253 721 οὐδεὶς
268 690 337 721 τέως
351 689 534 725 ἅντικατέστη
552 690 713 721 ἐπίσκοπος.
730 691 884 726 Δημόφιλος

99 735 136 767 δὲ,
155 735 200 761 σὺν
225 734 355 770 Δωροθέῳ
377 734 433 769 (27)
451 735 498 761 και
518 743 591 761 τισιν
607 735 697 767 ἄλλοις
718 735 884 771 ἀφικόμενος

98 780 309 814 ἐγκαταστῆσαι,
328 780 406 807 οὐδὲν
425 780 564 816 περαίνειν
579 780 704 815 ἠδύνατο,
720 781 765 808 διὰ
779 782 809 808 ab
822 783 884 814 τοὺς

98 826 126 852 ὲν
141 826 218 861 αὐτῇ,
237 826 267 852 τὸ
281 827 339 852 κατ’
353 826 449 852 οὐσίαν
461 827 554 862 ὅμοιον
568 827 600 853 ὲκ
613 827 666 853 τῶν
688 827 824 854 Ἐλευσιου
845 828 884 854 δι-

597 129 879 159 ECCLESIASTICIE
904 131 1079 160 HISTORIA:
1101 132 1163 160 LIB.
1184 132 1231 161 lx.

135 191 174 215 ια’.
190 188 252 215 Ὀτι
271 188 338 224 μετὰ
351 188 480 222 Δύξόνιον
494 189 630 222 Μόδεστος
645 195 685 226 (a)
701 191 819 226 ἔπαρχος
834 200 885 218 κα·
901 196 921 222 Α

1673 135 1725 163 578

975 192 1016 218 Η.
1038 191 1183 220 Eunomia:
1207 192 1316 219 Naxum
1333 192 1474 228 relegatus.
1494 206 1529 212 ——
1548 192 1611 220 Post
1633 193 1725 221 Διιιο-

935 238 1011 264 nium
1027 237 1164 266 Modestus
1181 244 1323 274 promotus
1342 238 1485 273 praefectus
1511 239 1648 273 praetorii,
1662 247 1725 267 cum

944 282 1078 312 Eunomio
1093 284 1218 313 infensus
1236 289 1317 316 esset,
1335 291 1365 312 ut
1381 286 1417 312 ait
1431 285 1641 320 Philostorgius,
1655 285 1728 312 indi-

945 335 986 357 cta
1001 338 1082 358 causa
1105 339 1166 358 eutn
1185 332 1339 364 damnavit,
1354 336 1384 358 ut
1401 331 1448 366 qui
1464 330 1599 358 Ecclesias
1614 338 1647 358 ac
1660 330 1728 358 civi-

936 381 1005 404 tates
1031 378 1216 412 perturbaret;
1240 383 1267 406 et
1283 378 1310 405 in
1328 378 1445 405 insulam
1463 376 1569 404 Naxum
1588 385 1650 404 eum
1676 384 1727 404 re-

934 422 1043 458 legavit.

970 467 1014 494 12.
1037 467 1160 496 Cwsarea
1175 469 1238 496 olim
1256 470 1367 496 Mazaca
1380 469 1461 497 dicta.
1471 484 1507 489 —
1519 469 1641 497 Caesarea
1652 469 1727 504 prius

934 512 1046 541 Mazoca
1063 515 1205 541 nominata
1221 520 1272 547 est,
1289 523 1303 542 a
1319 515 1426 542 Mosoch
1437 516 1524 549 gentis
1535 514 1726 550 Cappadocum

932 558 1057 593 principe
1076 559 1102 586 id
1130 567 1228 587 ttomen
1255 561 1383 591 trahens;
1408 568 1553 596 progressu
1574 568 1640 587 vero
1662 563 1728 587 lem-

933 605 1008 639 poris
1030 612 1078 640 per
1095 605 1267 633 inﬂexionem
1285 606 1392 633 Mazaca
1405 606 1538 641 appellata
1555 610 1605 634 est.

970 649 1014 676 15.
1034 649 1225 684 Cyzicenorum
1249 651 1385 686 episcopus
1411 651 1607 678 homousiastes.
1628 665 1664 670 —
1688 648 1727 677 Ex

934 702 988 729 quo
1008 695 1160 723 Eunomius
1186 695 1314 731 Cyzicum
1331 696 1498 732 reliquerat,
1520 696 1612 724 nullus
1637 695 1728 723 adhuc

934 741 1095 775 episcopus,
1112 747 1142 768 ut
1165 741 1259 769 scribit
1275 741 1491 777 Philostorgius,
1509 743 1537 769 in
1561 742 1620 776 ejus
1636 742 1726 768 locum

935 785 1024 812 fuerat
1041 786 1215 820 subrogatus.
1238 786 1414 822 Demophilus
1428 796 1503 822 vero,
1525 795 1587 815 cum
1604 785 1725 822 episcopi

936 832 1080 859 ordinandi
1099 840 1194 866 causa,
1219 841 1272 860 una
1297 841 1358 860 cum
1384 833 1520 861 Dorotheo
1539 833 1654 868 aliisque
1672 831 1727 868 Cy-

97 872 248 906 δαγμάτων,
262 873 312 908 τὴν
329 873 408 906 δόξαν
425 872 615 908 κρατύναντας
638 873 707 908 (98),
724 874 885 909 πρεσϐεύειν

941 877 1024 904 ticum
1054 878 1182 910 venisset,
1212 878 1280 905 nihil
1301 878 1430 913 perlicere
1457 879 1554 913 potuit,
1584 882 1727 913 propterea

97 918 135 949 εἱς
148 917 176 944 τὸ
195 918 373 953 ἀμετάθετον.
389 918 545 953 Δημοφίλου
560 919 590 945 δὲ
613 918 659 945 καὶ
674 919 729 946 τῶν
746 920 794 946 σὺν
807 920 882 956 αὐτῷ

96 963 144 996 τὴν
160 963 213 990 τῶν
235 964 397 1000 Κυζικηνῶν
416 964 622 1000 ἀναδεξαμένων
645 965 797 1001 πρόκλησιν
813 966 880 1001 (29),

96 1009 142 1035 καὶ
150 1008 195 1035 τὸν
209 1009 311 1036 Ἀέτιον
319 1011 367 1037 καὶ
378 1010 511 1046 Εὐνόμιον
519 1011 779 1046 ἁναθεματισάντων
789 1012 879 1044 (τοῦτο

96 1054 148 1090 γὰρ
160 1056 176 1090 ἡ
187 1056 359 1091 πρόκλησις),
373 1057 499 1092 ἀνόμοιόν
513 1066 543 1084 τε
560 1057 605 1084 τὸν
620 1058 754 1094 Εὐνόμιον
764 1059 819 1095 (50)
834 1059 881 1095 δη-

97 1101 198 1135 μοσίοις
219 1103 267 1128 καὶ
287 1102 378 1136 λόγοις
390 1104 438 1130 καλ⁵
457 1103 619 1139 γράμμασιν
637 1104 879 1140 ἀνακηρυξὰντων,

95 1149 141 1174 καὶ
159 1148 206 1184 τὴν
223 1149 315 1176 πίστιν
331 1150 431 1184 αὐτῶν,
447 1151 494 1177 καὶ
510 1150 542 1186 δὴ
557 1151 605 1177 καὶ
617 1151 680 1182 τοὺς
693 1152 881 1188 παραδεχομέ-

935 923 1006 957 quod
1028 923 1124 950 incola:
1147 923 1221 951 illius
1242 925 1317 952 urbis
1340 924 1456 951 similem
1482 925 1632 952 secundum
1659 925 1726 952 sub-

935 970 1062 996 stantiam
1086 970 1309 998 constantissime
1326 971 1528 1005 protiterentur,
1551 979 1583 998 ex
1602 971 1726 998 doctrina

932 1019 1013 1049 atque
1026 1015 1198 1043 institutione
1215 1016 1328 1046 Eleusii.
1344 1017 1390 1052 qui
1403 1017 1472 1044 hanc
1486 1017 1642 1052 opinionem
1661 1024 1726 1044 con-

933 1059 1100 1088 ﬁrmaverat.
1127 1061 1179 1088 Sed
1200 1069 1263 1088 Cllm
1286 1060 1463 1097 Demophilus
1483 1066 1510 1089 et
1534 1062 1581 1096 qui
1603 1069 1664 1089 cum
1682 1061 1728 1088 illo

934 1111 1022 1139 erant.
1041 1107 1239 1143 Cyzicenorum
1254 1108 1477 1142 protestalionem
1500 1107 1688 1139 admisissent,
1701 1111 1729 1133 et

935 1153 1043 1180 Aetium
1072 1153 1294 1188 Eunomiumque
1325 1154 1498 1180 anathemate
1525 1153 1728 1180 damnassent:

710 1240 832 1262 VALESII
847 1240 1086 1263 ANNOTATIONES
1091 1257 1097 1262 .

130 1294 193 1330 (25l
204 1295 255 1327 Εἰς
274 1293 402 1327 Ἆξίαγ...
412 1295 469 1328 τὴν
477 1295 583 1330 νῆσον.
595 1296 623 1323 1η
632 1301 817 1330 manuscripto
840 1303 884 1323 co-

95 1329 155 1357 dice
178 1329 314 1357 Samuelis
330 1330 456 1357 Bocharti
481 1331 612 1364 scriptum
639 1331 729 1358 inveni
748 1329 787 1363 εἰς
807 1331 883 1358 Ναυ-

95 1364 164 1397 ξιαν,
180 1370 308 1399 corrupte
324 1373 373 1399 pro
385 1365 500 1398 Ναξίαν.
520 1366 566 1393 Sic
581 1367 746 1394 recentiores
758 1367 883 1393 videntur

96 1400 251 1462 nomilnass'e
272 1401 390 1428 insulam
406 1401 491 1429 maris
510 1400 606 1435 Esau,
620 1409 681 1436 qua:
701 1402 777 1437 prius
792 1401 883 1429 Naxus

96 1443 159 1462 Voca
173 1440 252 1462 tatur.

94 1443 252 1462 vocabatur.

131 1470 188 1511 ($6)
208 1471 273 1511 "Oct
289 1470 370 1511 Μᾴζα
382 1471 457 1511 mra
475 1470 604 1511 ξτρῶςοιν·ἶ
624 1471 734 1511 Rectius
745 1472 772 1498 in
791 1479 886 1511 manu-

938 1301 979 1324 ler
1002 1296 1212 1324 llomteusianos
1236 1297 1404 1324 celeberrimi
1433 1297 1611 1328 exstiterant,
1639 1295 1729 1330 primo

937 1333 1047 1367 quidem
1063 1333 1121 1360 loco
1140 1332 1263 1359 nominat
1285 1331 1458 1359 Theodorum
1471 1333 1628 1366 episcopum
1645 1330 1730 1358 Hera-

937 1369 1012 1400 cleae,
1024 1373 1052 1394 et
1065 1367 1210 1402 Georgium
1224 1367 1373 1394 Laodiceze.
1391 1367 1467 1394 Alios
1481 1367 1580 1394 deinde
1595 1372 1729 1398 recenset,

937 1403 984 1437 qui
1011 1408 1073 1437 post
1092 1403 1152 1430 illos
1171 1403 1306 1432 vixerunt.
1337 1401 1510 1430 Eustathiqu
1536 1401 1729 1432 Sebastenum,

939 1438 1068 1465 llasilium
1089 1439 1276 1469 Ancyranuln,
1296 1437 1480 1464 Macedonium
1497 1437 1730 1470 Constantinopo-

939 1473 1064 1504 litanum,
1081 1478 1106 1499 et
1120 1472 1257 1499 Eleusium
1269 1473 1442 1508 Cyzicenum.
1461 1472 1541 1499 Vides
1554 1471 1728 1508 Theodorum

95 1506 306 1543 scriptojcodice
327 1506 462 1543 Samuelis
479 1506 755 1543 Bochartiscriptum
771 1512 812 1534 est
826 1508 886 1534 Μά-
898 1507 919 1535 C
938 1509 989 1534 hoc
1006 1509 1065 1536 loco
1081 1508 1158 1543 longe
1170 1507 1278 1535 ditl'erre
1290 1506 1304 1534 ιι
1321 1508 1456 1535 Dorotheo
1467 1516 1474 1540 ;
1487 1515 1574 1541 neque
1587 1508 1659 1543 enim
1673 1506 1728 1533 Do-

95 1541 167 1573 ζακα
185 1541 216 1567 τὺ
232 1541 339 1576 πρῶτον
356 1542 479 1568 ἐκαλεῖτο
499 1542 516 1577 ὴ
535 1541 696 1577 Καισάρεια.
718 1542 790 1569 Idem
807 1550 886 1569 error

97 1577 220 1603 occurrit
238 1577 308 1611 apud
325 1577 507 1604 Sozontenum
523 1576 550 1603 in
568 1576 636 1604 libro
649 1585 745 1611 κοίῳ.
764 1577 790 1604 4.
807 1577 885 1611 Apud

95 1611 290 1647 Hieronymum
307 1620 416 1647 quoque
431 1612 458 1638 in
473 1612 542 1638 libro
561 1612 597 1639 De
615 1613 786 1647 scriptoribus
803 1613 886 1639 eccle-

94 1646 213 1674 siasticis
229 1646 310 1678 Μάςα
327 1646 436 1675 dicitur.
448 1647 494 1674 Sic
505 1647 578 1674 enim
592 1647 671 1674 habet
687 1654 763 1674 vetus
777 1646 887 1682 Lugdu-

96 1682 192 1710 nensis
207 1682 303 1714 editio,
319 1690 379 1717 qum
397 1689 479 1717 penes
499 1690 542 1709 me
560 1687 611 1709 est.
628 1682 745 1710 Basilius
758 1682 887 1710 Cwsureaa

95 1717 272 1752 Cappadocia
295 1725 354 1752 qme
374 1718 447 1752 prius
461 1717 541 1744 Maza
557 1717 709 1749 racabalur,
733 1719 885 1752 episcopus,

94 1758 148 1779 etc.
167 1752 277 1780 Videtur
292 1751 381 1779 tamen
398 1753 424 1780 in
440 1751 622 1788 Philnstorgio
637 1751 887 1781 scribendum'esse

94 1788 208 1820 Μόζοκα
224 1788 254 1814 τὸ
270 1788 388 1823 πρῶτον,
409 1793 461 1816 etc.

134 1824 191 1856 (27)
211 1823 273 1850 Σὺν
288 1822 433 1857 Δωροθέῳ.
448 1822 497 1850 Hic
507 1823 661 1851 Dorotheus
672 1823 818 1858 episcopus
827 1828 887 1850 erat

95 1857 234 1886 Heraclea:
245 1859 270 1885 in
282 1858 409 1890 Thracia,
426 1859 472 1893 qui
487 1858 677 1893 Demophilutn
690 1857 887 1886 Constantino-

96 1894 250 1929 politanum
269 1894 424 1929 episcopum
439 1898 622 1929 consecrarat,
641 1898 669 1920 ut
693 1902 780 1929 supra
794 1894 887 1921 retulit

95 1928 297 1964 Philostorgius
314 1930 341 1956 in
364 1936 425 1964 cap.
446 1929 478 1956 10
505 1928 587 1963 hujus
603 1929 675 1961 libri,
692 1930 736 1956 ubi
760 1928 886 1956 Tlteodo‘

94 1972 146 1991 rus
162 1972 302 1999 perperam
325 1965 491 1991 nominatur.
512 1964 562 1997 Qui
588 1964 664 1992 locus
678 1964 885 1999 iGotltofredum

94 2000 123 2026 in
155 1998 347 2034 gravissimum
378 2007 501 2027 errorum
530 1999 648 2026 induxit.
677 1998 785 2027 Putavit
810 2001 883 2026 enim

94 2034 273 2061 Theodorum
290 2035 359 2061 hunc
374 2042 389 2061 a
407 2043 463 2069 quo
478 2035 653 2070 Demophilus
667 2040 708 2062 est
726 2035 885 2067 ordinatus,

92 2075 121 2096 et
133 2070 182 2105 qui
206 2075 299 2103 postea
320 2070 504 2098 Antiochenus
518 2074 545 2097 et
565 2070 887 2105 Constantinopolilauus

93 2104 244 2139 epiScopus
280 2104 339 2137 l‘uit,
357 2106 479 2132 eumdem
503 2112 564 2132 esse
583 2112 645 2132 cum
671 2104 815 2132 Theodoro
840 2105 887 2132 illo

96 2140 270 2171 Heracleota,
299 2140 464 2167 Arianorum
490 2139 626 2175 principe,
655 2140 701 2174 qui
727 2141 754 2167 in
783 2141 887 2175 synodo

938 1544 1050 1570 rotheus
1061 1542 1245 1574 Eustathium,
1254 1548 1281 1570 et
1289 1542 1487 1575 Macedoniutu,
1499 1548 1580 1577 atque
1589 1542 1728 1570 Eleusium

937 1583 1016 1606 aelate
1033 1582 1189 1606 antecesst.
1599 1598 1605 1607 ι

974 1614 1031 1648 (‘28)
1054 1614 1113 1646 Τὴν
1123 1613 1215 1643 δόξαν
1246 1613 1461 1646 κρατύναντας.
1489 1613 1518 1640 1η
1543 1612 1729 1647 manuscriplo

937 1650 1033 1676 codice
1055 1648 1190 1675 Samuelis
1211 1648 1337 1675 Bocharti
1357 1649 1488 1682 scriptum
1520 1648 1610 1674 inverti
1629 1647 1730 1683 κρατύ-

936 1693 1041 1715 νοντας.
1070 1683 1166 1710 Posset
1189 1684 1272 1710 etiam
1299 1683 1382 1710 scribi
1414 1683 1607 1717 κρατύναντος.
1634 1683 1730 1717 supple

938 1720 1090 1746 Ἐλευσίου.
1107 1719 1194 1752 Quam
1214 1719 1377 1753 scripturam
1394 1718 1421 1745 in
1433 1718 1653 1753 interpretatione
1669 1726 1729 1746 mea

937 1762 997 1782 sum
1017 1759 1137 1781 SCI‘llllls.

972 1789 1028 1824 (:29)
1048 1789 1440 1826 Κυζὶκηνῷνη,πρόκλησινἸ
1459 1788 1537 1815 Hunc
1561 1788 1650 1826 locum
1675 1795 1728 1815 nnn

937 1825 1070 1852 intellextt
1101 1823 1296 1856 Gothofredus,
1321 1828 1351 1850 ut
1371 1823 1408 1850 rex
1435 1823 1676 1858 inte-prolatione,
1701 1827 1730 1850 et

936 1860 1165 1887 Annotationibus
1191 1860 1251 1893 ejus
1276 1863 1397 1893 apparet.
1420 1859 1505 1893 Cujus
1530 1859 1729 1893 interpretatio-

938 1903 997 1922 nem
1014 1900 1086 1922 rerte
1104 1894 1192 1922 Lucas
1213 1893 1369 1921 Holstcnius
1392 1894 1511 1920 correxit
1526 1915 1533 1926 ,
1551 1894 1602 1920 hoc
1627 1895 1726 1920 mmlo:

936 1930 1003 1957 Cum
1018 1930 1099 1964 igitur
1108 1929 1298 1965 Cyzicenorttm
1315 1930 1526 1963 provocationem
1547 1929 1726 1965 Demophilus,

936 1966 1006 2000 iique
1024 1963 1068 2000 qui
1086 1973 1117 1991 cu
1128 1963 1144 1990 ἷι
1162 1973 1192 1991 eo
1207 1969 1293 1996 erant,
1307 1964 1487 1995 admisissent,
1510 1969 1534 1990 et
1549 1964 1657 2000 Aetium
1670 1963 1729 2000 Eu-

937 1998 1106 2035 nomiuinque
1128 2003 1295 2027 anathemate
1322 2000 1508 2033 perculissent,
1523 2004 1584 2035 rete.
1604 1998 1728 2035 Πρόκλη-

937 2044 979 2072 ᾳις
992 2040 1035 2072 εει
1052 2034 1218 2072 provocatio,
1241 2040 1269 2062 ut
1284 2039 1434 2072 exponitur
1454 2035 1481 2061 in
1504 2034 1602 2068 glossis
1621 2034 1730 2072 Graeco-

938 2069 1056 2098 Latinis.
1071 2070 1160 2097 Malim
1180 2076 1269 2097 tatnen
1284 2070 1336 2097 hoc
1356 2070 1414 2097 loco
1428 2075 1540 2099 ret-tete.
1559 2069 1729 2103 pratestatio-

937 2114 1005 2133 nent.
1015 2106 1107 2140 Neque
1121 2106 1194 2133 enim
1206 2106 1331 2141 Cyziceni
1344 2106 1632 2141 appellationemtuuc
1645 2104 1727 2141 ullam

937 2139 1170 2176 interposuerunt,
1192 2139 1238 2168 sed
1264 2139 1538 2176 p-tius’obstiterunt
1559 2139 1729 2173 Demopltilo,

96 2176 256 2211 Sardieensi
281 2175 480 2203 condemnatus
504 2180 555 2208 est,
571 2181 598 2202 et
619 2175 698 2210 cujus
720 2181 885 2202 mentionem
902 2182 924 2210 D
940 2177 987 2211 qui
1003 2175 1159 2211 episcopum
1187 2177 1253 2211 ipsis
1265 2175 1446 2203 'ordinaturus
1460 2176 1616 2207 advenerat,
1639 2178 1728 2209 prote-

95 2211 166 2238 facit
197 2209 378 2245 Hieronymus
409 2211 475 2237 inter
506 2211 653 2244 scriptores
674 2211 884 2238 ecclesiasticos.

92 2246 181 2280 Atqui
198 2245 358 2272 Theodorus
372 2245 559 2278 Heracleotes,
577 2245 656 2280 cujus
677 2246 802 2273 meminit
819 2245 884 2273 Hie-

91 2289 241 2316 ronymus,
258 2286 284 2307 et
299 2281 343 2314 qui
365 2281 460 2316 synodi
481 2280 651 2308 Sardicensis
662 2281 795 2308 sententia
807 2282 884 2308 datu-

90 2315 179 2344 natus
201 2321 261 2347 est,
279 2315 346 2342 obiit
360 2315 490 2351 regnante
506 2316 677 2347 Constantio,
696 2318 768 2343 circa
783 2324 884 2343 annum

90 2351 200 2379 Christi
222 2351 286 2383 358,
304 2351 435 2387 eiquein
463 2351 618 2386 episcopatu
642 2352 772 2387 successit
794 2352 886 2387 llypa-

92 2387 202 2419 tianus,
218 2392 247 2413 ut
263 2387 352 2413 notavi
366 2386 397 2412 ad
418 2387 516 2413 librum
529 2387 678 2414 secundum
696 2386 825 2413 Historite
837 2386 887 2414 So-

90 2423 182 2449 cratis
205 2421 448 2457 Scholasticiueap.
469 2422 514 2448 ‘29.
542 2421 646 2449 Mortuo
657 2423 766 2449 demum
794 2421 884 2457 Hypa-

89 2458 184 2489 liano,
200 2457 352 2492 principatu
370 2455 490 2483 Valentis
506 2456 631 2491 Augusti,
644 2458 777 2484 successit
800 2455 887 2484 Doro—

89 2491 208 2524 lht-us,’
221 2493 244 2519 is
269 2492 317 2527 qui
336 2491 526 2526 Detnophilunt
553 2492 885 2526 Constantinopolitauum

89 2531 257 2562 episcopum
274 2530 453 2554 eonSecravit.
476 2527 520 2554 Sic
539 2527 610 2554 enim
625 2535 686 2554 eutn
701 2527 820 2561 appellat
834 2527 885 2554 So-

89 2569 189 2590 crates
203 2568 230 2590 et
246 2562 414 2589 Sozomenus
432 2567 459 2589 et.
480 2562 678 2596 Philustorgius
697 2562 778 2596 intra,
795 2563 820 2589 in
836 2564 886 2589 hoc

89 2598 180 2625 libro.
195 2597 247 2625 Sed
263 2603 289 2624 et
308 2598 364 2632 ipse
379 2596 588 2632 Philostorgins,
604 2598 676 2632 Quod
694 2606 747 2624 non
763 2598 887 2625 animad-

87 2634 176 2660 vertit
194 2631 389 2665 Gothofrrdus,
418 2631 599 2667 Theodorum
618 2632 801 2660 Heracleotetn
830 2641 888 2667 per-

86 2670 193 2703 spicue
215 2668 359 2702 distinguit
383 2676 398 2694 a
422 2667 559 2694 Dnrotheo
578 2666 755 2700 Heracleote;
779 2666 841 2695 naui
860 2669 886 2694 in

85 2703 166 2732 libro
180 2708 278 2731 οοιιινυ
296 2703 383 2737 capite
396 2703 439 2735 17,
456 2710 618 2730 enumerans
631 2703 774 2738 episcopos
790 2704 836 2738 qui
847 2704 887 2730 in-

939 2211 1060 2246 statique
1070 2216 1134 2238 sunt
1149 2219 1288 2246 nttnquam
1308 2218 1338 2237 se
1352 2218 1481 2245 passuros
1491 2214 1554 2246 Lut
1571 2212 1728 2246 episcopum

939 2247 1006 2282 ipsis
1016 2245 1169 2282 ordinaret,
1182 2245 1235 2273 nisi
1248 2247 1324 2280 prius
1337 2245 1444 2272 Aetium
1461 2253 1487 2272 et
1500 2245 1663 2272 Eunomium
1677 2245 1730 2282 sub

940 2279 1114 2309 anathemate
1126 2279 1293 2308 damnasset.
1305 2283 1392 2313 Quam
1408 2281 1590 2307 conditionem
1607 2287 1668 2306 cum
1685 2279 1731 2305 ad-

939 2317 1059 2344 misisset
1071 2316 1258 2351 Demophilus,
1275 2323 1303 2343 et
1320 2316 1398 2342 Aetio
1416 2321 1497 2351 atque
1513 2314 1645 2342 Eunom‘to
1663 2321 1729 2340 ana-

939 2353 1030 2379 thema
1045 2350 1169 2384 dixisset,
1188 2356 1280 2386 postea
1298 2352 1456 2386 episcopum
1478 2350 1619 2386 Cyzicenis
1633 2357 1731 2386 conse—

940 2392 1028 2414 cravrt
1046 2395 1108 2414 eum
1119 2407 1127 2419 ,
1144 2385 1226 2422 quem
1241 2386 1367 2422 Cyziceni
1382 2385 1511 2421 sull'ragio
1532 2392 1583 2412 suo
1603 2385 1729 2412 nomina-

942 2427 1047 2450 verant.

975 2457 1031 2492 (50)
1059 2457 1209 2492 Ὰνόμοιόν
1219 2465 1251 2483 τε
1272 2457 1326 2483 τὸν
1346 2457 1504 2491 Εὐνόμιον.
1523 2455 1598 2483 Ferri
1621 2455 1730 2490 quidem

941 2498 1031 2527 potest
1045 2491 1152 2528 vulgata
1169 2493 1314 2528 scriptura,
1338 2500 1400 2528 cum
1423 2492 1573 2528 Eunotttius
1591 2491 1730 2528 ἀνόμοιον,

942 2526 968 2554 id
989 2532 1040 2560 est,
1063 2526 1231 2554 diisimilenr
1248 2527 1325 2554 l’atri
1347 2527 1448 2554 Ftlium
1463 2526 1552 2561 palam
1575 2526 1729 2557 ris-seruerit,

941 2563 1055 2597 ejusque
1072 2568 1219 2590 sectatores
1232 2563 1357 2590 Auornwi
1374 2564 1429 2589 sint
1446 2560 1583 2597 appellati.
1605 2561 1662 2588 Non
1672 2560 1730 2597 dis-

940 2596 1020 2633 plicet
1037 2603 1128 2625 tamen
1150 2598 1317 2632 conjectura,
1338 2606 1420 2632 quant
1440 2596 1469 2624 iu
1486 2597 1609 2632 margine
1628 2596 1731 2623 codicis

941 2632 1113 2661 Bochartiani
1124 2634 1218 2660 eadem
1233 2641 1314 2660 tnanu
1327 2634 1473 2668 aseriptam
1485 2632 1576 2659 inveni
1588 2632 1622 2659 ad
1635 2638 1730 2658 vocem

940 2669 1077 2703 ἀνόμοιον,
1095 2669 1167 2701 ισως
1188 2668 1299 2704 ἀνόμιον
1317 2673 1376 2695 :est
1390 2669 1464 2704 enim
1487 2667 1595 2704 elegans
1616 2673 1731 2702 parone-

941 2702 1038 2737 masia,
1061 2708 1090 2732 ut
1105 2702 1245 2731 Anomius
1256 2703 1364 2731 dicatur
1375 2711 1423 2738 pro
1443 2702 1589 2730 Eunomia.

827 2778 991 2802 νΑιιιοιιυιι
996 2795 1004 2803 .

125 2852 171 2889 (α)
193 2850 360 2886 Μόδεστος.
381 2851 416 2880 De
430 2851 480 2880 hoc
492 2850 611 2880 Modesto
629 2851 681 2879 vid.
693 2850 770 2879 Socr.
783 2859 808 2888 p.
826 2851 877 2880 251
