1967 3075
291 167 324 184 EH

292 215 319 243 id
332 214 404 242 enim
420 218 480 243 erat
494 214 669 250 protestatio;
685 219 713 242 et
726 214 889 242 Eunomium
907 218 964 240 tum
979 213 1081 240 oratio-
1097 227 1118 255 Α

291 261 384 293 nibus,
397 265 455 288 tum
471 262 581 297 scriptis
594 261 703 297 publice
715 261 877 288 Anommum
889 260 1079 296 appellassent,

291 307 427 341 iidemque
444 315 538 335 eorum
561 313 588 336 et
604 313 718 336 cunctos
741 307 787 342 qui
812 315 905 334 eorum
929 306 1080 333 doctrinam

291 353 530 387 amplecterentur,
564 354 650 381 eidem
682 353 848 381 anathemati
882 352 1079 387 subjecissent,

294 399 402 426 tandem
412 399 537 435 Cyziceni
548 399 744 427 ordinationem
756 399 934 429 admiserunt.
944 399 1080 426 neminem

986 152 1228 182 PHILOSTORG“

1877 155 1936 183 590

1133 221 1197 245 νους
1209 212 1299 240 αὐτῶν
1313 212 1348 240 τὰ
1364 212 1525 249 μαθήματα,
1538 213 1590 240 ὑπὸ
1607 213 1653 249 τὴν
1666 213 1750 250 αὐτὴν
1763 214 1834 250 ἀρὰν
1849 223 1935 252 ποιη-

1135 259 1271 295 σαμένων,
1294 259 1455 293 ὑφίστανται
1480 259 1529 295 τὴν
1552 259 1737 295 χειροτονίανο
1759 261 1809 295 οὐχ
1834 261 1935 296 ἕτερόν

1134 312 1194 330 τινα
1209 303 1311 339 ταύτην
1327 303 1415 330 meo
1435 303 1492 338 (51)
1508 303 1699 340 ἀνασχόμενοι,
1721 305 1779 331 ἀλλ’
1792 305 1822 332 ὃν
1835 305 1935 332 αὐτῶν

1134 350 1258 386 αἱψῆφοι
1279 350 1474 386 προσέταττον.
1494 351 1525 376 '0
1542 350 1570 376 δέ
1595 358 1626 384 γε
1647 350 1859 386 χειροτονηθεὶς,
1884 351 1935 378 εὑ-

1135 396 1183 428 θὺς
1197 395 1332 432 λαμπρῶς
1349 396 1482 431 ἐκήρυττε
1498 396 1528 422 τὸ
1546 396 1601 431 (5‘2)
1614 396 1771 431 όμοούσιον.

293 447 378 474 alium
399 447 432 474 ad
443 447 628 482 episcopatum
652 447 805 482 promoveri
824 447 916 482 passi,
932 447 986 474 nisi
1001 454 1082 481 quem
1104 445 1225 480 ipsorum
1249 444 1375 479 sutlragia
1400 444 1593 479 praetulissent.
1619 442 1753 472 Cancrum
1769 445 1793 472 is
1810 444 1859 479 qui
1880 451 1933 471 or-

292 492 404 520 dinatus
431 498 482 524 est,
501 493 572 519 illico
594 493 852 520 consubstantialem
868 492 968 519 Filium
991 492 1081 528 palam
1099 490 1267 526 praedicavit.

328 538 370 565 14.
390 537 590 572 Βονοιίιειιδιρ.
613 538 734 565 Antioch.
747 537 896 565 —Mortuo
912 538 1015 565 Euzoio
1027 537 1080 564 An-

292 583 424 611 tiochensi
441 583 579 619 episcopo,
598 583 750 612 Dorotheus
765 591 798 611 ex
815 583 943 611 Heraclea
955 583 1079 611 Thracia:

292 630 319 657 in
337 631 396 664 ejus
411 630 508 660 sedem
521 630 670 658 translatus
686 633 737 658 est.
752 629 904 665 Utrumque
919 638 1012 665 porro,
1023 634 1078 657 tam

291 675 492 709 Demophilum,
519 684 600 711 quam
628 676 793 704 Dorothcum
810 677 967 712 perstringit
987 677 1079 704 Philo-

291 721 421 757 storgius,
438 722 511 750 hunc
533 722 643 757 quidem
662 723 842 750 vanissimum
866 722 1014 758 appellans,
1029 721 1080 749 De-

291 767 442 802 mophilum
457 775 523 795 vero
552 768 668 795 miscere
683 769 774 795 omnia
791 773 817 795 et
832 768 999 796 confundere
1013 767 1079 796 soli-

290 816 360 845 tum,
385 821 417 841 ac
433 813 569 849 praecipue
592 814 776 842 ecclesiastica
797 815 923 850 dogmata
939 823 946 842 :
963 815 1031 842 adeo
1050 819 1081 843 ut

290 858 408 892 quodam
425 862 558 894 tempore,
576 860 640 886 dum
651 866 806 887 sermonem
823 860 936 887 haberet
953 860 986 886 ad
999 867 1080 895 popu-
1097 849 1117 876 Β

291 903 347 930 lum
368 903 624 939 Constantinopoli,
648 904 749 932 dixerit
771 911 871 940 corpus
889 904 991 932 Christi
1018 913 1080 940 per-

290 948 403 975 mistum
421 949 557 976 divinitati
584 949 692 983 penitus
705 950 860 982 evanuisse,
881 957 915 977 eo
928 949 1009 977 modo
1026 957 1081 985 quo

290 992 368 1021 lactis
380 993 517 1021 sextarius
531 993 557 1020 in
575 994 733 1021 universum
750 995 834 1021 maris
845 994 1007 1022 elementum
1016 1002 1082 1022 con-

288 1038 378 1073 jectus
393 1039 540 1066 evanescit.
558 1040 693 1066 Caeterum
706 1038 882 1074 Demophilus
893 1044 971 1067 ortus
983 1039 1033 1066 fuit
1048 1047 1081 1067 ex

291 1085 358 1112 urbe
386 1085 601 1117 Thessalonica,
628 1093 726 1122 genere
753 1085 825 1113 haud
854 1085 977 1120 ignobili.
1006 1085 1080 1113 ldetn

290 1129 471 1170 Eunomianis
491 1131 638 1159 admodum
665 1131 787 1159 infensus
804 1131 976 1167 gravissimis
1001 1131 1082 1159 malis

289 1184 339 1205 eos
356 1176 456 1206 atfecit.

326 1224 370 1251 i5.
387 1223 425 1250 De
442 1223 560 1250 Valentis
589 1230 736 1250 successore
765 1223 884 1250 oracula.
908 1238 944 1243 —
959 1222 1082 1250 Valentis

290 1270 470 1305 temporibus,
491 1270 633 1305 gentilium
661 1269 772 1296 oracula
788 1269 822 1297 iis
839 1269 886 1304 qui
905 1269 963 1304 ipsa
979 1276 1081 1296 consu-

291 1315 407 1347 lucrant,
435 1314 554 1342 calculos
578 1313 711 1350 quosdam
736 1314 869 1342 dederunt
884 1315 966 1341 certis
986 1314 1081 1342 litteris

290 1359 447 1393 insignitos.
479 1357 589 1386 Litterae
613 1358 684 1386 inter
711 1359 864 1393 seiunctae,
881 1359 941 1387 aliis
956 1358 1081 1386 Theodo—

290 1405 374 1435 sium,
391 1404 453 1432 aliis
467 1404 637 1432 Tlteodulum
657 1409 704 1432 aut
717 1404 891 1432 Theodorum
902 1426 909 1438 ,
928 1406 985 1434 sive
998 1406 1081 1433 alium

289 1451 446 1486 quempiam
467 1449 609 1486 designare
627 1450 788 1478 videbantur
807 1450 874 1485 (33).
894 1449 963 1478 Nam
989 1451 1082 1487 ligarat

290 1495 442 1522 litterarum
455 1497 488 1523 ad
503 1496 518 1523 δ
537 1503 624 1531 usque
638 1496 895 1531 progrediebantur,
911 1496 1081 1525 damonibus

289 1541 412 1577 obliqua,
429 1546 461 1569 ut
476 1542 574 1575 solent,
591 1549 722 1577 responsa
732 1541 870 1574 dantibus,
887 1541 914 1568 in
931 1542 1079 1576 perniciem

290 1595 386 1616 eorum
402 1589 449 1624 qui
478 1589 557 1616 ﬁdem
576 1588 630 1615 illis
654 1589 764 1621 habent,
782 1592 808 1615 et
820 1588 854 1615 ad
867 1588 997 1623 etl'ugium
1015 1589 1080 1615 mali

290 1639 415 1662 eventus.
433 1633 509 1661 [Inde
523 1638 550 1661 ct
564 1633 725 1662 Theodorus
740 1634 850 1668 quidant
873 1635 943 1669 apud
956 1634 1039 1670 Syros
1053 1634 1080 1661 in

291 1680 416 1708 fraudem
433 1680 571 1712 inductus,
585 1688 647 1708 cum
661 1680 830 1716 tyrannidem
844 1680 972 1707 invadere
983 1680 1082 1715 coepis-

291 1732 344 1758 set,
362 1727 455 1754 statim
467 1735 529 1754 cum
540 1727 574 1754 iis
585 1727 631 1762 qui
644 1727 731 1762 ipsum
747 1727 832 1754 secuti
844 1726 961 1760 fuerant,
977 1727 1081 1754 exstin-

291 1777 353 1800 ctus
371 1778 430 1804 est;
447 1765 509 1800 cum
525 1772 578 1800 illis
593 1781 657 1800 vero
679 1773 781 1801 multos
800 1780 909 1808 quoque
922 1773 1082 1800 ittnocentes

292 1817 393 1846 Valens
422 1819 556 1854 supplicio
574 1819 675 1852 aﬂ‘ecit,
693 1827 725 1846 eo
736 1820 811 1855 quod
830 1820 951 1855 ipsorum
969 1820 1082 1847 nomina

291 1865 327 1892 ab
341 1864 384 1892 Itis
398 1865 496 1892 litteris
511 1865 685 1901 incipiebant.

329 1911 372 1938 16.
394 1910 595 1939 Valentinianus
615 1911 678 1939 Sen.
691 1912 765 1945 obiit,
777 1911 873 1939 Junior
884 1913 907 1939 ei
920 1912 1083 1940 succedit.—

293 1956 500 1985 Valentinianus
517 1958 665 1993 imperator
681 1958 806 1990 moritur,
827 1966 890 1985 cum
910 1966 997 1985 annos
1015 1959 1083 1986 duo-

291 2003 379 2030 decim
403 2003 574 2038 imperasset,
603 2009 629 2032 et
646 2003 806 2032 Gratianum
835 2004 921 2031 ﬁlium
947 2004 1081 2032 hatredem

293 2049 400 2084 imperii
416 2050 538 2084 reliquit.
551 2050 673 2085 Reliquit
691 2051 772 2078 etiam
793 2051 862 2077 duos
882 2050 950 2078 alios
969 2051 1080 2083 liberos,

293 2093 398 2123 Gallam
427 2096 533 2123 scilicet
552 2097 647 2128 tiliam,
664 2101 691 2123 et
707 2096 924 2123 Valentinianum
939 2095 1080 2124 Juniorem

1171 536 1211 563 ιδ’.
1227 536 1288 562 Ὅτι
1311 535 1523 570 τελευτήσαντος
1535 533 1655 567 Εὺζωῖου
1673 534 1721 561 τοῦ
1745 534 1933 570 ’Δντιοχείας,

1132 581 1146 608 δ
1161 581 1300 616 Δωρόθεος
1315 581 1352 616 (ιι)
1369 581 1399 613 ἐξ
1417 581 1580 616 Ἡρακλείας
1597 581 1646 616 τῆς
1666 581 1777 617 Θρᾴκης
1794 581 1865 617 πρὸς
1878 582 1933 617 μὲν

1132 627 1178 654 τὸν
1204 627 1310 654 ἐκείνου
1335 627 1495 662 μεθίσταται
1515 627 1609 662 θρόνον
1620 647 1627 659 ,
1648 627 1770 663 διασύρει
1786 628 1815 654 δὲ
1831 628 1880 654 τόν
1897 636 1932 654 τε

1132 673 1287 708 Δημόςριλον
1298 674 1345 700 καὶ
1360 672 1498 709 Δωρόθεον
1509 674 1522 699 ό
1532 674 1718 708 συγγραφεὺς,
1729 674 1775 700 τὸν
1791 674 1841 710 μὲν
1860 674 1932 701 ἀλα-

1133 719 1292 751 ζονέστατον
1306 718 1404 752 λέγων,
1419 719 1464 745 τὸν
1477 719 1505 745 δὲ
1518 719 1670 754 Δημόψιλον
1681 720 1777 755 φύρειν
1787 728 1818 746 τε
1834 721 1931 747 πάντα

1133 766 1182 792 καὶ
1198 767 1308 800 συγχεῖν
1321 765 1534 801 ἀκρατέστατον,
1548 766 1595 792 καὶ
1608 766 1726 801 μάλιστά
1733 775 1764 801 γε
1778 767 1812 793 τὰ
1823 767 1931 802 ἐκκλη-

1134 811 1263 838 σιαστικὰ
1278 811 1400 846 δόγματα
1413 819 1421 826 ·
1452 810 1521 837 ὥστε
1538 811 1602 837 ποτὲ
1626 812 1673 838 καὶ
1689 812 1760 839 κατὰ
1777 813 1930 839 Κωνσταν-

1132 857 1284 883 τινούπολιν
1301 856 1516 892 ἐκκλησιάζοντα
1536 857 1628 891 ῳάναι,
1641 857 1671 884 τὸ
1687 857 1764 893 σῶμα
1779 858 1827 885 τοῦ
1843 858 1926 889 Υἰοῦ,

1131 903 1286 939 ἀνακραθὲν
1315 904 1348 938 τῇ
1376 902 1493 938 θεότητι,
1509 904 1548 935 είς
1563 903 1594 930 τὺ
1614 903 1776 938 ἀδηλότατον
1793 913 1928 940 κεχωρη-

1131 949 1220 985 κέναι,
1234 949 1263 975 ὃν
1281 949 1382 984 τρόπον
1396 949 1442 976 καὶ
1462 949 1596 983 γάλακτος
1612 949 1707 985 ξέστης
1722 950 1761 985 τῷ
1775 950 1859 977 παντὶ
1872 950 1928 985 τῆς

1132 986 1269 1029 θαλάσσης
1282 994 1439 1029 ὲπιϐληθεὶς
1453 995 1614 1031 συστήματι.
1624 996 1725 1030 Πατρὶς
1735 996 1758 1022 δ’
1773 994 1806 1031 ἦν
1824 997 1841 1031 ή
1854 995 1929 1022 Θεσ-

1132 1039 1260 1075 σαλονίκη
1291 1039 1331 1075 τῷ
1359 1040 1510 1075 Δημοφίλῳ
1529 1040 1577 1074 (b),
1592 1041 1638 1067 καὶ
1652 1041 1682 1067 τὺ
1694 1041 1757 1068 ἄλλο
1774 1042 1855 1076 γένος
1872 1042 1928 1069 οὐκ

1131 1085 1247 1120 ἄσημον.
1263 1086 1341 1113 Κατὰ
1358 1086 1386 1113 δὲ
1401 1086 1456 1113 τῶν
1469 1087 1624 1123 λεγομένων
1638 1088 1812 1124 Εὐνομιανῶν
1837 1088 1928 1120 πολὺς

1131 1131 1207 1168 ἔρρει
1219 1133 1279 1164 ταῖς
1297 1132 1451 1160 κακώσεσιν
1465 1133 1479 1159 ό
1493 1131 1657 1170 Δημόφιλος.

1176 1226 1216 1251 ιε’.
1229 1224 1302 1256 Ὅτι,
1317 1224 1388 1250 κατὰ
1403 1224 1466 1256 τοὺς
1482 1224 1631 1257 οὑάλεντος
1648 1226 1771 1262 χρόνους,
1787 1227 1842 1254 τῶν
1865 1227 1927 1254 Ἐλ-

1133 1270 1252 1306 ληνικῶν
1261 1270 1435 1306 χρηστηρίων
1447 1272 1503 1303 τοῖς
1511 1271 1669 1307 προσιοῦσιν
1678 1273 1828 1299 ἀνεδίδοντο
1836 1273 1925 1308 ψῆφοι

1131 1316 1307 1343 κατάστικτοι
1330 1317 1504 1353 γράμμασιν.
1531 1317 1564 1344 ’Δ
1589 1318 1768 1353 συντιθέμενα
1789 1320 1846 1351 τοῖς
1871 1319 1925 1354 μὲν

1130 1362 1176 1388 τὸν
1191 1361 1331 1389 Θεοδόσιον
1348 1363 1435 1390 ἐδόκει
1459 1363 1568 1399 δηλοῦν,
1590 1365 1646 1396 τοῖς
1660 1364 1688 1390 δὲ
1701 1365 1745 1392 τὸν
1764 1365 1924 1399 Θεόδουλον,

1131 1408 1148 1443 ἢ
1166 1408 1211 1434 τὸν
1234 1407 1382 1444 Θεόδωρον,
1398 1409 1415 1444 ἦ
1431 1418 1493 1436 τινα
1519 1409 1600 1436 ἄλλον
1619 1411 1819 1446 παραπλήσιον.
1831 1412 1925 1448 Μέχρι

1131 1454 1186 1490 γὰρ
1201 1454 1247 1481 τοῦ
1265 1455 1344 1481 δέλτα
1360 1455 1415 1481 τῶν
1430 1456 1602 1491 γραμμάτων
1618 1457 1643 1483 οἱ
1662 1456 1740 1484 τύποι
1759 1458 1923 1493 προήγοντο,

1132 1500 1211 1533 λοξὰς
1231 1500 1296 1527 τῶν
1312 1500 1457 1536 δαιμόνων,
1487 1501 1525 1534 ὡς
1540 1501 1677 1534 εἰώθασιν,
1692 1503 1734 1530 ἐπ’
1749 1503 1851 1538 ὀλέθρῳ
1866 1503 1925 1530 τῶν

1132 1548 1300 1584 πειθομένων
1309 1549 1356 1575 καὶ
1369 1549 1542 1584 ἀναχωρήσει
1556 1550 1605 1584 τῆς
1621 1550 1769 1586 ἀποτυχίας
1779 1551 1827 1583 τὰς
1839 1552 1925 1588 ἀναρ-

1132 1595 1165 1630 ρή
1170 1603 1225 1626 est;
1238 1595 1418 1631 ποιουμένων.
1428 1596 1474 1622 Διὸ
1484 1597 1532 1623 καὶ
1544 1596 1682 1631 Θεόδωρός
1692 1605 1735 1629 τις
1750 1605 1788 1623 πα
1792 1598 1926 1633 ρασυρεὶς

1131 1641 1163 1675 τῇ
1183 1640 1286 1676 ἀπάτῃ.
1317 1642 1365 1668 καὶ
1388 1642 1548 1677 τυραννίδος
1578 1641 1730 1669 ἐπιϐαίνειν
1758 1643 1924 1679 ἀρξάμενος,

1132 1686 1228 1713 θᾶττον
1257 1687 1306 1714 σὺν
1332 1689 1389 1719 τοῖς
1413 1687 1556 1723 ἑπομένοις
1580 1687 1720 1715 ἀπώλετο*
1743 1688 1801 1724 μεθ’
1820 1685 1859 1716 ὦν
1875 1689 1926 1716 καὶ

1131 1732 1187 1760 τῶν
1216 1733 1345 1760 ἀναιτίων
1364 1734 1414 1760 οὐκ
1430 1734 1538 1768 ὀλίγους
1560 1733 1616 1770 (54)
1638 1735 1715 1766 δίκας
1738 1735 1844 1770 Οὐάλης
1869 1735 1926 1762 ἁπ-

1129 1777 1230 1813 ῄτησεν
1240 1800 1247 1811 ,
1262 1778 1352 1816 ὅτιπερ
1370 1781 1461 1812 αὐτοῖς
1478 1781 1494 1816 ὴ
1515 1781 1587 1816 ἀρχὴ
1599 1780 1647 1808 τοῦ
1664 1781 1795 1817 ὀνόματος
1805 1781 1838 1808 δι’
1851 1782 1926 1808 ὲκεί-

1132 1832 1187 1851 νων
1202 1823 1257 1851 τῶν
1271 1826 1444 1861 γραμμάτων
1461 1825 1667 1860 ἀνεγινώσκετο.

1171 1918 1220 1947 ις’.
1240 1915 1300 1942 Ὀτι
1318 1915 1540 1947 Οὑαλεντινιανδς
1554 1916 1676 1951 τελευτᾷ,
1695 1915 1856 1951 βασιλεύσας
1874 1917 1923 1952 ἔτι]

1134 1961 1305 1991 δυοκαίδεκα,
1335 1963 1381 1989 καὶ
1406 1963 1574 1998 κληρονόμον
1595 1963 1644 1998 τῆς
1668 1963 1756 1999 ἀρχῆς
1776 1964 1924 1998 Γρατιανὺν

1133 2006 1179 2032 τὸν
1198 2006 1280 2033 παῖδα
1305 2007 1476 2034 καταλείπει.
1490 2007 1628 2035 Κατέλιπε
1644 2008 1672 2034 δὲ
1691 2009 1738 2035 καὶ
1753 2009 1860 2045 ἑτέρους
1877 2010 1923 2036 δύο

1134 2053 1244 2084 παῖδας,
1265 2053 1369 2080 Γάλλαν
1392 2063 1422 2080 τε
1446 2054 1598 2089 Θυγατέρα,
1623 2054 1670 2080 καὶ
1692 2054 1921 2085 Οὐαλεντινιανὺν,

1131 2099 1249 2134 τέτταρά
1264 2108 1314 2126 που
1323 2100 1454 2134 γεγονότα
1464 2099 1585 2135 ἔτηίὸὕ),
1599 2099 1628 2126 ὂν
1642 2099 1742 2127 αὐτίκα
1755 2101 1773 2136 ἦ
1787 2108 1817 2127 τε
1832 2101 1923 2138 μήτηρ

906 2163 1026 2185 VALESII
1042 2163 1291 2188 ANNOTATIONES.

329 2204 385 2239 (51)
400 2205 462 2239 Οὐχ
474 2204 577 2238 ἕτερόν
590 2213 656 2231 τινα
675 2205 787 2240 ταύτην
804 2204 913 2233 ἐλθεῖν.
930 2203 1028 2241 Deesse
1043 2205 1081 2230 vi-

1172 2207 1227 2241 (55)
1248 2206 1377 2240 Τέτταρά
1389 2204 1548 2240 nemnem.
1563 2204 1590 2232 In
1598 2214 1649 2234 ms.
1667 2206 1761 2234 codice
1785 2205 1921 2234 Samuelis

293 2239 373 2276 detur
381 2241 545 2276 praepositio,
561 2248 623 2274 quae
631 2241 749 2275 suppleri
761 2246 849 2276 potest
857 2241 908 2267 hoc
921 2240 1001 2267 modo
1010 2249 1016 2266 :
1027 2241 1084 2275 Οὐχ

292 2274 386 2311 ἕτερόν
406 2283 466 2301 τινα
482 2275 549 2311 πρὸς
566 2275 666 2310 ταύτην
676 2274 767 2302 ἐλθεῖν
776 2276 964 2311 ἀνασχόμενοι.

330 2284 386 2337 εςον
406 2284 466 2301 τινα
482 2284 549 2311 προς
566 2284 666 2310 ταυτην
676 2284 762 2302 εΛυειν
776 2284 964 2311 ανασχομενοι.

330 2312 338 2344 (
358 2310 385 2346 2)
401 2310 547 2345 Λαμπρῶς
567 2311 754 2344 ὲκτιρύττετο.
778 2312 867 2339 Codex
893 2309 1084 2346 Bocharti‘au-

293 2345 363 2372 ctior
376 2344 422 2372 ltic
441 2344 525 2372 estet
546 2347 726 2374 emendatior.
744 2347 789 2374 Sic
803 2346 876 2374 enim
896 2345 989 2378 habet,
1004 2344 1085 2376 εὐθὺς

293 2381 343 2412 ὲκή
348 2389 426 2416 ρυττε
440 2381 470 2407 τὸ
480 2381 633 2416 ὁμοούσιον.

330 2414 387 2450 (33)
411 2415 487 2443 Socr.
499 2414 550 2443 'lih.
568 2425 605 2446 tv.
623 2424 682 2450 cap.
698 2417 746 2450 l9;
766 2416 829 2445 Soz.
847 2416 894 2443 lib.
907 2423 945 2446 vt.
960 2423 1019 2450 cap.
1037 2414 1083 2442 55.

305 2467 307 2470 ‹
330 2451 387 2488 (54)
397 2451 452 2488 Kal
472 2451 531 2478 τῶν
538 2452 683 2478 ἐναντίων
697 2454 752 2479 οὐκ
765 2453 897 2488 όλίαυυς.
916 2451 975 2488 Non
988 2451 1083 2488 dubito

314 2487 360 2513 uin
375 2487 550 2514 scribendum
566 2488 600 2514 sit
613 2487 664 2515 hoc
675 2487 746 2520 loco,
761 2486 824 2514 τῶν
834 2486 973 2514 ἀναιτίων.
990 2487 1016 2513 ld
1032 2491 1084 2517 est,

321 2530 355 2548 na
371 2531 429 2548 cum
446 2522 613 2558 illisﬁmultos
628 2531 728 2558 quaque
745 2523 893 2550 innocentes
914 2521 1008 2548 Valens
1024 2529 1086 2555 snp-

294 2557 375 2592 plicio
387 2557 485 2592 a/fecit.
500 2557 724 2585 Entendationem
739 2563 859 2586 nostram
878 2558 1020 2592 coulirﬁmat
1033 2565 1084 2583 ms.

294 2593 381 2620 codex
404 2591 551 2625 'Bocharti,
579 2593 606 2620 iu
627 2602 683 2628 quo
712 2594 843 2627 scriptum
874 2597 916 2619 est
938 2591 992 2618 τῶν
1009 2592 1087 2618 ἀναι-

293 2628 370 2662 τίων,
387 2633 469 2663 prout
481 2628 626 2664 legendum
640 2636 701 2656 esse
716 2630 899 2656 conieceram.

1135 2241 1261 2269 Bocharti
1291 2243 1433 2277 scriptum
1447 2242 1547 2274 inveni,
1572 2241 1689 2277 τέτταρά
1715 2251 1757 2268 πω
1771 2242 1830 2276 ἐτη,
1849 2242 1921 2276 quod

1134 2277 1197 2304 licet
1211 2277 1339 2312 exiguum
1364 2277 1409 2308 sit,
1429 2276 1659 2312 haudquaquam
1678 2282 1766 2304 tamen
1786 2277 1922 2310 negligen-

1133 2312 1198 2339 dum
1215 2312 1319 2346 putavi.
1336 2312 1470 2339 Caeterum
1486 2313 1519 2339 de
1534 2317 1613 2339 relate
1628 2312 1809 2339 Valentiniani
1824 2312 1922 2339 Junio-

1134 2348 1183 2378 ris,
1198 2347 1335 2374 consentit
1349 2347 1430 2374 etiam
1442 2348 1602 2374 Ammianus
1616 2347 1790 2374 Marcellinus
1807 2347 1834 2374 in
1853 2347 1921 2374 lihro

1135 2383 1285 2415 tricesimo,
1306 2383 1358 2409 sub
1384 2384 1479 2415 linem;
1495 2387 1522 2409 et
1539 2383 1656 2410 Victoris
1674 2382 1807 2416 Epitotne,
1826 2387 1853 2409 et
1871 2383 1922 2409 Ζοο

1135 2418 1222 2444 simus
1250 2425 1282 2444 ac
1298 2417 1431 2444 Zonaras.
1447 2417 1532 2445 Natus
1549 2423 1591 2445 est
1617 2418 1698 2452 igitur
1717 2417 1920 2445 Valentinianus

1137 2452 1234 2480 .luuior
1250 2461 1322 2480 anno
1334 2452 1436 2480 Christi
1459 2453 1521 2479 37L
1539 2453 1672 2480 Caterum
1685 2453 1720 2480 ab
1735 2453 1786 2480 hoc
1804 2452 1921 2480 Valenti-

1134 2489 1217 2515 niano
1230 2486 1354 2519 Juniure,
1371 2488 1417 2522 qui
1435 2487 1508 2515 ﬁlius
1526 2488 1578 2515 fuit
1598 2488 1711 2521 majoris
1729 2487 1919 2519 Valentiniani,

1135 2523 1343 2558 distinguendus
1351 2527 1393 2550 est
1404 2522 1612 2550 Valentinianus
1625 2524 1703 2557 alter,
1719 2523 1791 2551 illius
1805 2522 1920 2550 Valentis

1135 2559 1262 2593 Augusti,
1281 2563 1310 2585 ut
1333 2559 1390 2593 jam
1417 2559 1523 2592 pridem
1542 2559 1695 2590 observavi,
1712 2564 1768 2586 tum
1786 2559 1813 2586 in
1833 2560 1920 2585 Anno-

1135 2594 1287 2620 tationibus
1300 2594 1332 2620 ad
1348 2594 1523 2620 Ammianum
1536 2593 1737 2628 Marcellinum,
1753 2599 1810 2621 tum
1826 2594 1852 2621 in
1867 2595 1918 2620 Διι-

1137 2629 1326 2656 notationibus
1337 2629 1371 2656 ad
1387 2629 1539 2656 Socratem.

1030 2681 1204 2704 VARIORUM.

330 2739 367 2775 (α)
389 2738 421 2764 Ὃ
433 2736 588 2775 Δωρόθεος.
606 2735 678 2763 Idem
706 2735 752 2770 qui
773 2734 934 2775 Theodorus
944 2755 959 2775 ,Δ
967 2735 1083 2775 _in_verso

294 2770 406 2801 noin'ine
420 2772 585 2808 promiscue,
608 2776 637 2798 ut
657 2779 751 2806 supra,
765 2778 825 2808 cap.
851 2770 895 2808 l_0,
909 2774 937 2797 et
950 2770 1083 2808 l3__l_tujus

295 2808 343 2837 lib.
361 2814 388 2836 et
400 2805 471 2843 apud
490 2805 567 2835 Socr.
578 2807 625 2834 lib.
642 2814 679 2840 tv,
692 2814 752 2841 cap.
766 2805 971 2843 55,_ct_S_ozont.
987 2805 1034 2843 Lib.
1046 2812 1082 2843 vi,

292 2851 354 2880 cap.
368 2839 426 2877 57,—
440 2843 468 2870 in
481 2843 545 2880 tin.,
559 2842 642 2880 etlih.
655 2850 704 2873 vn,
719 2839 968 2880 calt;_lt._biortem
982 2839 1084 2880 ‘Euzuii

293 2875 378 2908 reicit
392 2875 517 2908 Socrates
541 2879 591 2905 loc.
612 2879 660 2905 cit.
680 2875 829 2908 annJChr.
847 2876 909 2903 577.
925 2875 1082 2910 Cat/torreri.

1171 2734 1208 2770 (b)
1223 2734 1330 2769 Πατρὶς
1341 2734 1375 2761 δὲ
1391 2733 1456 2770 ἦνή
1474 2736 1683 2769 Θεσσαλονίκη
1700 2735 1740 2768 τῷ
1753 2735 1915 2769 Δημοφίλῳ.

1134 2769 1245 2797 Bet'rma
1261 2778 1344 2805 prope
1358 2769 1580 2798 Thessalonicam
1600 2772 1675 2798 locus
1689 2776 1748 2804 erat
1763 2775 1810 2796 aut
1825 2770 1916 2796 nativi-

1135 2806 1208 2837 tatis,
1228 2811 1275 2832 aut
1287 2806 1382 2832 saltent
1396 2806 1569 2840 episcopatus
1584 2806 1746 2841 Dentopltilt,
1760 2810 1789 2832 ut
1805 2811 1873 2840 patet
1885 2811 1914 2831 rx

1135 2841 1239 2877 capp.8
1250 2846 1277 2868 et
1291 2841 1324 2868 l9
1339 2841 1478 2877 ltujuslib.
1494 2841 1532 2870 Dc
1544 2841 1703 2877 Demophilo
1715 2841 1850 2876 vid..plura
1858 2845 1914 2867 mox

1135 2876 1162 2903 in
1178 2875 1341 2912 Fragmenta
1353 2884 1368 2903 e
1386 2875 1476 2902 Suida.
