1967 3075
76 152 126 182 581

577 144 860 176 ΕΟΕΕΕὸΙΑὸΤΙΕΕ
881 143 1059 173 HISTORIA!
1080 143 1147 172 ΜΒ.
1168 143 1214 172 lx.

1658 144 1713 173 582

81 209 221 239 Ἶουστῖνα,
236 207 283 235 καὶ
293 207 307 234 ὁ
315 206 385 234 κατὰ
394 205 524 234 Παιονίαν
537 205 651 240 στρατὸς
661 204 772 239 βασιλέα
785 204 868 231 ποιεῖ.

939 207 1038 230 uatuor
1046 201 1154 230 circiter
1164 209 1252 229 annos
1265 205 1370 228 natum.
1381 199 1467 233 Quem
1481 200 1552 229 illico
1562 205 1617 228 tum
1625 207 1713 230 mater

75 254 224 290 Γρατιανδς
242 254 376 290 μέντοιγε
388 252 438 288 τὴν
450 251 631 287 ἀναγόρευσιν
648 250 752 286 μαθὼν,
773 251 814 277 ὅτι
831 250 868 286 μὴ

75 302 120 330 διὰ
132 302 247 338 γνώμης
266 300 350 327 αὑτοῦ
361 301 484 334 γέγονεν,
499 299 549 325 οὐκ
563 298 705 334 ἐπῄνεσεν.
726 297 806 324 Ἀλλὰ
823 297 869 324 καί

75 355 153 378 τινας
167 346 220 372 τῶν
233 345 315 373 αὑτοῦ
332 343 552 380 νεωτερισάντων
570 344 637 378 (55')
657 343 807 370 ὲκολάσατο
819 343 868 378 (a).

77 392 174 427 Ὅμως
189 391 298 426 ἔστερξε
314 390 360 416 τὸν
383 389 498 424 ἀδελφὸν
519 388 591 424 ἔχειν
610 387 786 423 βασιλεύοντα
802 388 868 424 (56),

77 439 124 465 καὶ
139 439 242 474 πατρὸς
256 438 331 473 αὑτῷ
344 437 421 470 τάξιν
439 435 626 473 ἀποπληροῦν.

115 572 160 606 ιζ’.
175 573 235 599 Ὅτι
258 573 282 599 οἱ
305 571 393 607 πέραν
417 571 465 597 τοῦ
488 571 595 606 Ἴστρου
619 569 720 597 Σκύθαι
746 571 798 605 (b),
818 570 873 597 τῶν

79 619 188 648 Οΰννων
207 619 300 650 αὐτοῖς
324 618 607 654 ἐπιστρατευσάντων.
629 617 774 644 ἀνάστατοι
792 616 873 650 γεγό-

78 676 151 699 νασι,
161 666 209 693 καὶ
216 665 284 701 πρὸς
292 664 341 700 τὴν
349 663 493 699 Ῥωμαίων
503 663 556 698 γῆν
565 663 632 699 πρὸς
644 663 735 698 φιλίαν
743 661 875 698 magno.

80 714 177 750 θησαν.
195 711 256 739 Εἶεν
266 712 288 739 δ’
300 711 332 738 ἂν
352 712 377 738 οἱ
406 708 512 743 Οὗννοι,
527 710 573 742 οὓς
587 711 612 737 οἱ
628 710 738 736 παλαιοὶ
752 709 875 745 Νεϐροὺς

81 758 270 795 ὲπωνόμαζον,
282 758 330 785 καὶ
346 757 420 792 παρὰ
434 757 469 783 τὰ
481 757 592 783 Ῥιπαῖα
607 755 797 791 κατῳκημένοι
811 755 874 791 ὅρη,

82 806 113 838 ἐξ
131 803 168 832 ὧν
183 807 197 832 ὁ
215 804 316 836 Τάναϊς
333 804 372 835 είς
387 803 437 838 τὴν
454 801 596 829 Μαιώτιδα
612 801 709 836 λίμνην
722 801 876 836 κατασυρό-

84 859 165 887 μενος
180 850 211 876 τὺ
229 849 334 884 ῥεῖθρον
352 847 540 874 ἐκδίδωσιν.οἰ
552 846 580 873 δέ
595 855 626 881 γε
638 845 740 872 Σκύθαι
755 854 872 881 μετανα-

919 246 1038 279 Iustina,
1057 252 1115 275 tum
1129 247 1266 275 exercitus
1282 247 1327 281 qui
1344 246 1371 273 in
1384 245 1525 273 Pannonia
1538 251 1609 279 erat,
1626 247 1713 282 impe-

920 299 1039 321 ralorcm
1062 298 1200 322 crearunt.
1221 293 1255 320 Et
1266 293 1413 320 Gratianus
1432 292 1540 326 quidem
1558 293 1630 320 hanc
1642 301 1714 321 nun-

921 341 1094 376 cupationem
1121 349 1182 369 cum
1205 340 1356 374 didicisset,
1377 347 1410 366 eo
1425 339 1498 374 quod
1525 338 1629 374 absque
1644 347 1713 367 eon-

921 396 1004 416 scusu
1022 388 1110 423 ipsius
1135 387 1207 415 facta
1229 387 1327 420 fuerat,
1345 394 1398 413 non
1420 386 1554 422 probavit.
1574 386 1714 420 Quosdam

922 435 1004 462 etiam
1015 433 1062 469 qui
1077 433 1104 461 id
1122 438 1226 462 tentare
1249 434 1309 460 ausi
1325 432 1444 467 fuerant,
1461 432 1596 468 supplicio
1612 433 1713 460 affecit.

922 480 1046 508 Fratrem
1080 480 1260 508 nihilominus
1297 484 1453 507 consortem
1480 480 1587 514 imperii
1614 479 1715 506 habere

923 534 978 553 non
993 525 1093 558 renuit,
1107 529 1134 553 et
1153 525 1238 560 patris
1258 533 1322 560 erga
1334 532 1398 551 eum
1418 524 1505 552 vicem
1518 524 1649 559 implevit.

959 571 1002 598 17.
1012 569 1106 598 Valens
1127 570 1194 597 bello
1210 569 1333 605 Scythico
1346 570 1425 604 perit.
1439 569 1600 597 Theodosius
1615 571 1718 604 imp.—

925 617 1032 652 Scythte
1056 617 1100 652 qui
1128 622 1205 644 trans
1231 617 1330 644 lstrum
1357 617 1525 652 positisunt,
1551 616 1585 644 ab
1612 615 1718 643 llunnis

924 662 1133 698 belloappetiti,
1148 667 1175 689 ct
1194 662 1304 689 sedibus
1319 661 1376 689 suis
1398 662 1514 697 expulsi,
1532 662 1559 689 in
1578 661 1722 688 Romanor

926 716 987 735 rum
1012 708 1143 735 ditionem
1173 708 1263 740 specie
1280 708 1408 735 amicitiae
1434 708 1611 742 trajecerant.
1634 707 1720 734 Porro

926 753 1017 780 Hunni
1049 753 1130 780 iidem
1147 754 1273 781 videntur
1292 761 1353 781 esse
1366 754 1414 789 qui
1429 754 1463 780 ab
1493 754 1614 788 antiquis
1635 753 1718 781 Neuri

926 801 1104 833 vocabantur,
1118 800 1152 827 ad
1167 800 1275 835 Ripaaos
1290 806 1397 829 montes
1414 802 1471 833 siti,
1486 809 1519 828 ex
1532 801 1631 836 quibus
1642 805 1720 828 ortus

927 847 1028 874 Tanais
1052 847 1163 879 ﬂuvius.
1185 848 1212 874 in
1235 847 1387 875 Maeotidem
1411 848 1536 883 paludem
1551 856 1637 882 aquas
1653 855 1719 876 suae

83 896 210 930 στάντες,
221 895 273 921 ἀπὸ
291 893 337 921 τοῦ
354 893 459 929 μέτριοι
479 893 513 919 τὰ
536 892 632 928 πρῶτα
646 889 716 918 εἶναι
732 893 788 923 τοῖς
807 892 873 918 Ῥω-

934 894 1038 920 avolvit.
1057 892 1164 929 Scythte
1182 901 1247 921 vero
1263 895 1288 920 in
1314 893 1502 921 Romanorum
1525 895 1613 922 solum
1627 899 1719 923 trans-

84 943 186 978 μαίοις,
203 942 243 973 εἰς
258 941 289 967 τὸ
309 940 450 976 λῃστεύειν
471 940 622 975 ἐτράποντο
634 947 640 953 ⁸
657 937 716 965 εἶτα
733 939 779 965 καὶ
797 938 876 966 πόλε-

85 998 136 1025 μον
151 989 303 1024 ἀκήρυκτον
317 987 428 1014 εἴλοντο.
438 987 543 1021 Οὐάλης
551 986 579 1012 δὲ
590 985 676 1013 ταῦτα
691 985 875 1020 πεπυσμένος,

83 1035 114 1068 ἐξ
128 1034 293 1070 Ἀντιοχείας
308 1034 432 1070 ἀπαίρει.
446 1033 500 1060 Καὶ
514 1032 584 1060 κατὰ
593 1032 797 1059 Κωνσταντινού
804 1031 876 1058 πολιν

82 1080 204 1115 γεγονὼς
220 1080 265 1107 ἐπὶ
281 1079 392 1116 Θρᾴκην
408 1078 525 1105 ἐλαύνει.
542 1078 599 1105 Καὶ
617 1078 689 1114 μάχῃ
706 1078 878 1113 συμπλακεὶς

83 1129 141 1158 τοῖς
154 1126 312 1163 βαρϐάροις.
337 1126 384 1153 καὶ
405 1122 519 1157 πολλοὺς
540 1124 694 1156 ἀποϐαλὼν,
710 1123 762 1151 ἀνὰ
778 1124 878 1158 κράτος

85 1173 269 1208 φεύγει.“Καὶ
292 1172 368 1209 πάσῃ
386 1171 528 1207 συσχεθεὶς
540 1171 681 1207 ἀμηχανίᾳ
700 1171 748 1198 καὶ
765 1170 877 1207 ἀπορίᾳ,

85 1221 114 1247 ἑν
129 1229 182 1247 τινι
201 1219 255 1247 τῶν
271 1219 343 1246 κατὰ
357 1219 458 1255 ἀγροὺς
473 1218 630 1254 οἰκημάτων
648 1217 743 1253 χόρτον
757 1217 877 1252 φέροντι,

86 1267 137 1294 σὺν
155 1266 256 1301 ὀλίγοις
277 1267 334 1298 τοῖς
357 1265 501 1301 ἑπομένοις
519 1264 708 1299 κατακρύπτει
722 1263 827 1290 ἑαυτόν.
846 1263 878 1289 Οῐ

85 1313 114 1340 δὲ
127 1312 261 1348 βάρϐαροι
284 1311 507 1343 καταδιώκοντες,
523 1310 617 1345 ὥσπερ
634 1309 668 1336 τὰ
693 1309 760 1336 ἄλλα
781 1308 835 1335 τῶν
849 1309 878 1334 ὲν

86 1360 178 1392 ποσὶν,
192 1359 263 1386 οὕτω
289 1359 337 1386 καὶ
354 1358 385 1385 τὸ
395 1358 499 1393 οἴκημα
515 1356 600 1392 πυρδς
615 1356 738 1392 δαπάνην
749 1354 878 1388 ἐτίθεντο,

86 1405 216 1441 οὐδεμίαν
234 1404 310 1441 παρὰ
323 1404 369 1431 τοῦ
387 1403 516 1439 βασιλέως
528 1402 582 1436 (37)
598 1401 725 1433 λαϐόντες
742 1401 878 1428 ὑπόνοιαν.

93 1452 166 1479 Ἀλλ’
183 1454 197 1479 ὀ
225 1453 272 1488 μὲν
300 1451 386 1482 οὕτως
405 1450 564 1485 ἠφάνισται,
587 1449 616 1475 τὸ
637 1448 762 1475 πλεῖστόν
783 1456 813 1474 τε
833 1447 881 1474 καὶ

88 1500 235 1536 κράτιστον
256 1499 305 1533 τῆς
322 1497 479 1533 Ῥωμαῖκῆς
491 1496 578 1532 ἀρχῆς
595 1495 880 1531 συναποκειράμενος·

87 1546 113 1572 οἱ
127 1545 157 1572 δὲ
183 1543 315 1580 βάρϐαροι
339 1543 431 1569 πᾶσαν
443 1541 530 1573 ἀδεῶς
545 1541 593 1576 τὴν
608 1541 719 1576 Θρᾴκην
732 1540 880 1576 ἐληΐζοντο,

929 940 1027 975 gressi,
1041 947 1102 967 cum
1119 939 1197 967 initio
1215 940 1355 968 moderate
1377 948 1407 968 se
1421 942 1571 976 gessissent
1586 949 1649 976 erga
1664 942 1720 969 Ro-

928 994 1033 1018 manos.
1050 986 1158 1014 tandem
1176 987 1210 1014 ad
1235 987 1454 1014 latrocinandum
1484 989 1609 1015 conversi
1639 992 1718 1022 sunt,

928 1041 960 1060 ac
972 1033 1070 1060 deinde
1085 1033 1187 1060 bellum
1208 1033 1242 1060 iis
1271 1033 1432 1065 intulerunt,
1454 1034 1529 1061 nullo
1544 1035 1619 1069 prius
1635 1036 1720 1062 misso

928 1079 974 1112 qui
993 1078 1091 1106 bellum
1114 1079 1254 1106 indiceret.
1270 1077 1337 1112 Quae
1360 1086 1422 1106 cum
1439 1080 1589 1114 accepisset
1605 1080 1717 1112 Valens.

935 1125 1026 1152 statim
1044 1125 1190 1152 Antiochia
1214 1125 1355 1160 digressus
1380 1130 1431 1152 est.
1461 1125 1585 1160 Cumque
1602 1127 1723 1154 venisset

935 1170 1212 1206 Constantinopolim,
1226 1171 1254 1197 in
1270 1170 1418 1198 Thraciam
1434 1172 1564 1206 perrexit.
1581 1171 1632 1199 Ubi
1651 1180 1724 1207 prae-

930 1217 967 1245 lio
993 1225 1159 1253 congressus
1187 1225 1250 1245 cum
1270 1217 1415 1249 barbaris,
1441 1217 1589 1253 multisque
1609 1226 1723 1246 suorum

930 1264 1052 1296 amissis.
1078 1268 1208 1292 contento
1239 1271 1322 1292 cursu
1349 1263 1441 1299 fugam
1472 1265 1599 1299 arripuit.
1622 1263 1725 1293 Ultima

929 1310 1038 1338 tandem
1066 1310 1231 1337 necessitate
1244 1317 1403 1344 oppressus,
1425 1316 1453 1337 et
1467 1311 1502 1338 ad
1519 1311 1640 1346 inopiam
1658 1319 1724 1339 con-

930 1356 983 1384 silii
997 1357 1134 1389 redactus,
1164 1356 1191 1383 in
1221 1356 1322 1392 agresti
1341 1356 1460 1391 quadam
1481 1364 1544 1384 casa
1560 1365 1613 1392 qua
1631 1357 1724 1385 fenum

931 1402 1072 1430 conditum
1087 1407 1156 1435 erat,
1182 1411 1236 1430 una
1262 1410 1324 1429 cum
1348 1403 1443 1438 paucis
1457 1403 1504 1438 qui
1521 1403 1610 1438 ipsum
1626 1411 1726 1439 seque-

931 1449 1041 1482 bantur,
1059 1456 1119 1476 sese
1143 1449 1299 1476 occultavit.
1320 1448 1354 1475 At
1383 1449 1491 1476 barbari
1507 1450 1555 1484 qui
1574 1457 1637 1477 eum
1665 1458 1726 1485 per-

932 1495 1128 1527 sequebantur.
1155 1499 1213 1522 tum
1242 1495 1322 1522 obvia
1347 1503 1478 1530 qumque,
1504 1500 1561 1522 tum
1582 1496 1724 1531 tugurium

933 1541 998 1568 illud
1016 1541 1205 1573 incenderunt,
1232 1541 1300 1568 nihil
1317 1542 1426 1576 penitus
1447 1542 1480 1569 de
1501 1542 1664 1577 imperatore
1678 1550 1727 1570 su-

87 1591 281 1628 Φριτιγέρνους
300 1590 397 1621 αὐτοὺς
419 1589 542 1623 ἄγοντος.
563 1587 592 1613 '0
612 1587 640 1614 δὲ
657 1587 804 1622 Γρατιανὸς
819 1587 878 1614 ἑκό-

934 1588 1041 1623 spicati.
1061 1589 1094 1615 Et
1109 1587 1208 1616 Valens
1222 1588 1331 1623 quidem
1343 1588 1416 1616 hunc
1431 1589 1458 1615 in
1474 1589 1586 1616 modum
1601 1589 1725 1618 sublatus

87 1639 159 1674 ψατο
176 1638 225 1673 μὲν
240 1637 285 1663 τὸν
302 1636 383 1666 θεῖον,
402 1635 535 1670 ὲθρήνησε
548 1633 576 1660 δὲ
591 1633 640 1668 τὴν
657 1633 801 1664 Ῥωμαίων
813 1641 880 1668 συμ-

89 1685 195 1721 φοράν·
208 1683 346 1710 Θεοδόσιον
365 1681 393 1708 δὲ
416 1680 526 1716 βασιλέα
547 1679 750 1715 χειροτονήσας,
774 1679 814 1710 εἰς
830 1678 879 1714 τὴν

88 1731 135 1758 τοῦ
150 1730 222 1757 θείου
243 1727 381 1764 βασιλείαν
401 1726 569 1761 ἀναπέμπει.
589 1726 617 1751 '0
637 1724 664 1751 δὲ
677 1724 816 1756 Θεοδόσιος
831 1724 881 1755 τὰς

93 1776 233 1808 Ἱσπανίας
247 1775 295 1812 μὲν
307 1773 363 1809 εἶχε
377 1773 504 1809 πατρίδα,
516 1772 548 1804 ἃς
558 1771 607 1798 νῦν
621 1770 739 1806 Ἰϐηρίας
755 1769 877 1800 καλοῦσι,

89 1823 137 1851 τοῦ
147 1823 181 1849 δι’
196 1822 284 1848 αὐτῶν
297 1820 402 1856 ῥέοντος
412 1819 520 1855 Ἴϐηρος
532 1816 728 1853 παταμοῦ,τὴν
743 1816 879 1852 προτέραν

90 1867 285 1903 ὲκνικήσαντος
299 1865 455 1900 ὀνομασίαν.

933 1635 1220 1666 est,numerosissima
1252 1643 1285 1662 ac
1306 1635 1454 1663 forti'ssinia
1477 1635 1594 1663 Romani
1617 1637 1726 1672 imperii

934 1685 1010 1716 parte
1020 1681 1101 1708 simul
1124 1681 1244 1715 amissa;
1260 1681 1369 1708 barbari
1386 1689 1451 1709 vero
1466 1681 1621 1709 universam
1638 1682 1727 1709 Thra-

934 1727 1004 1754 ciam
1035 1728 1139 1762 ahsque
1170 1728 1226 1755 ullo
1251 1728 1380 1763 deinceps
1413 1733 1486 1756 metu
1514 1732 1725 1763 pervastarunt,

935 1775 1005 1801 duce
1022 1773 1186 1809 Fritigerno.
1205 1774 1291 1802 Porro
1312 1774 1460 1802 Gralianus
1475 1779 1602 1810 patruum
1617 1775 1726 1809 quidem

933 1826 1012 1846 suum
1029 1819 1107 1854 luxit,
1136 1825 1163 1848 et
1187 1820 1374 1848 Romanorum
1404 1822 1586 1849 calamitatem
1599 1821 1726 1854 deﬂevit;

933 1864 1115 1894 Theodosium
1137 1875 1202 1895 vero
1224 1875 1286 1895 cum
1314 1859 1507 1902 imperatorem
1539 1868 1728 1896 renuntiasset

90 1914 124 1942 ad
136 1912 283 1948 regendum
295 1911 384 1946 patrui
398 1910 541 1945 imperium
553 1908 640 1936 misit.
653 1907 883 1936 ΗίοΤΙιεοόοεὶυδ
900 1911 1016 1945 patriam
1047 1913 1142 1939 habuit
1163 1912 1333 1947 Hispaniam,
1348 1921 1409 1948 quae
1424 1921 1497 1941 nunc
1513 1912 1597 1942 lberia
1633 1915 1727 1949 appel-

90 1961 178 1991 latur;
195 1957 272 1985 Ibero
281 1956 475 1984 scilicetlluvio
486 1956 533 1991 qui
544 1963 593 1991 per
606 1963 666 1982 eam
680 1955 749 1986 lluit.
761 1955 880 1990 priorem
902 1958 1111 1992 appellationem
1133 1959 1269 1987 abolente.

128 2007 173 2040 ιη’.
192 2005 264 2036 Ὅτι,
287 2003 499 2038 τελευτήσαντος
524 2001 670 2029 Θεοδούλου
685 2000 732 2028 τοῦ
745 2001 799 2028 άπὸ
813 2002 883 2028 Χαι-

92 2051 218 2087 ρετάπων
248 2050 317 2085 (τῆς
342 2049 523 2084 Παλαιστίνης
548 2047 571 2074 δ’
587 2043 664 2079 οὗτος
693 2047 841 2073 ἐπεσκόπει
856 2047 882 2082 ),

89 2097 117 2124 οι
128 2097 199 2132 ἀμφὶ
214 2096 259 2122 τὸν
272 2096 404 2131 Εὐνόμιον
423 2095 575 2131 Καρτέριον
594 2092 676 2121 αὐτοῦ
689 2094 882 2129 χειροτονοῦσι.

91 2144 146 2170 Τοῦ
160 2143 189 2170 δὲ
197 2142 294 2169 θᾶττον
305 2141 505 2173 τελειωῦἐντος.
521 2141 648 2175 Ἰωάννην
661 2139 880 2167 ἁντικαϐιστῶσι·

92 2190 140 2216 καὶ
156 2189 204 2216 σὺν
225 2188 299 2223 αὑτῷ
330 2187 384 2215 ἀπὸ
410 2185 724 2217 Κωνσταντινουπόλεως
751 2185 832 2217 αὑτός
853 2194 883 2212 τε

93 2235 227 2270 Εὑνόμιος
242 2236 289 2262 καὶ
310 2234 448 2271 ’Δῤῥιανὺς
460 2233 506 2260 καὶ
525 2232 673 2268 Εὐφρόνιος
692 2232 738 2258 ἐπὶ
751 2233 800 2268 τὴν
813 2233 883 2268 ἑῴαν

92 2280 280 2316 ἀφικνοῦνται,
303 2280 340 2312 ὡς
363 2280 451 2305 ἐκεῖσε
480 2278 524 2305 τόν
556 2287 584 2305 τε
615 2278 757 2305 Ἰουλιανόν
778 2280 810 2305 ὲκ
833 2279 884 2315 τῆς

973 2004 1017 2031 18.
1035 2004 1327 2040 Eunamianiepisropi.
1339 2021 1373 2026 —
1382 2005 1489 2033 MOrtuo
1499 2006 1640 2035 Theodulo
1652 2008 1725 2036 Clite-

938 2053 1085 2086 retapcnsi,
1098 2051 1143 2086 qui
1157 2051 1309 2079 Palaestina»,
1327 2057 1385 2079 erat
1399 2053 1555 2087 episcopus,
1577 2053 1728 2082 Eunomius

936 2097 1088 2124 Carterium
1105 2098 1131 2125 in
1149 2098 1208 2133 ejus
1232 2099 1319 2126 locum
1335 2098 1482 2126 ordinavit.
1499 2099 1550 2133 Qui
1574 2108 1635 2127 cum
1651 2101 1726 2128 brevi

935 2148 1028 2178 postea
1037 2151 1069 2172 ex
1085 2145 1135 2171 hac
1147 2144 1208 2172 luce
1218 2145 1372 2180 migrassel,
1385 2145 1504 2173 Joannes
1520 2146 1545 2172 in
1561 2147 1620 2181 eius
1634 2147 1726 2174 locum

937 2189 1100 2224 subrogatus
1120 2195 1172 2218 est.
1184 2190 1252 2218 Cum
1270 2191 1322 2219 hoc
1333 2190 1439 2218 Joanne
1453 2191 1522 2218 idem
1538 2191 1689 2220 Eunomius
1700 2199 1728 2221 et

937 2234 1070 2262 Arrianus
1079 2240 1161 2270 atque
1172 2235 1358 2272 Euphronius,
1373 2237 1466 2264 relicta
1478 2237 1725 2272 Constantinopoli,

938 2280 964 2307 in
984 2281 1118 2308 Orientem
1137 2281 1335 2317 profectisunt,
1352 2287 1420 2310 utet
1433 2282 1570 2310 Julianum
1585 2291 1618 2311 ex
1631 2283 1727 2311 Cilicia

707 2343 748 2365 VA
752 2343 830 2366 LESII
843 2344 1096 2368 ANNOTATIONES.

129 2398 197 2434 (35')
212 2398 295 2431 Τινὶις
320 2397 380 2425 τῶν
399 2397 499 2434 αὐτοῦῗ
517 2395 767 2434 νεωτερισάντων.
778 2397 878 2434 Cotho-

935 2399 1000 2430 illic.
1015 2400 1041 2426 id
1052 2404 1104 2431 est,
1120 2401 1147 2427 in
1166 2401 1314 2429 Pannonia.

94 2432 191 2463 fre-dus
209 2435 308 2469 legisse
330 2434 446 2469 videtur,
466 2433 520 2459 τῶν
537 2432 616 2458 τοῦτο
639 2433 857 2469 νεωτερισάντων
874 2442 881 2449 ·

93 2471 134 2499 sic
142 2471 215 2497 enim
228 2468 307 2497 vertit
322 2477 329 2494 :
349 2468 400 2496 Sed
413 2468 584 2503 etquosdum.
597 2469 641 2502 qui
653 2468 680 2493 id
698 2469 814 2502 aggressi
825 2468 883 2503 fue-

94 2511 167 2536 rant.
180 2505 293 2540 punivit.
316 2504 346 2531 Vi
359 2509 427 2531 Ietur
452 2504 560 2538 aliquod
579 2503 707 2540 mendum
729 2504 772 2530 hic
787 2504 881 2537 latereI

94 2549 126 2569 ac
141 2537 257 2569 fortasse
276 2540 450 2567 scribendum
462 2537 520 2569 est.
538 2538 596 2565 κατ’
610 2537 691 2565 αὖτοῦ
705 2539 883 2573 νεωτερισάν-

93 2585 158 2609 των,
182 2580 249 2608 etc.,
280 2575 335 2603 nisi
362 2575 446 2601 αὑτοῦ
477 2578 602 2601 sumatur
629 2572 819 2602 adverbialiter
835 2582 883 2610 pro

974 2435 1030 2470 (36)
1061 2436 1165 2470 Ἔχειν
1187 2437 1406 2469 βασιλεύοντα.
1442 2438 1538 2466 Melius
1562 2440 1727 2467 scriberetur

936 2469 1008 2505 ἔχειν
1026 2469 1267 2505 συμϐασιλεύοντα.

975 2505 1031 2539 (57)
1046 2506 1195 2541 Οὑδεμίαν
1208 2508 1289 2542 παρὰ
1298 2508 1351 2535 τοῦ
1362 2509 1526 2542 βασιλέως.
1545 2510 1728 2539 Scribcndum

937 2545 978 2581 est
1005 2542 1100 2581 procul
1131 2543 1215 2570 dubio
1233 2543 1360 2579 οὐδεμίαν
1388 2544 1452 2580 περὶ
1471 2545 1518 2571 τοῦ
1535 2545 1666 2581 βασιλέως
1680 2547 1728 2574 λα-

937 2576 1031 2614 ϐόντες
1047 2577 1185 2608 ὑπόνοιαν.

828 2641 1004 2666 VARIORUM.

132 2686 169 2722 (a)
185 2688 269 2720 Τιγας
283 2701 317 2707 -
330 2685 509 2722 ἐκολάσατε),
527 2683 585 2722 Hoc
599 2683 885 2722 unus_Philostorgius

97 2719 187 2750 habet.
204 2719 294 2755 Quare
310 2722 368 2749 haec
387 2723 457 2748 inter
471 2721 539 2747 alias
554 2720 614 2754 ejus
627 2720 654 2747 in
666 2719 883 2748 Gratianumca-

98 2758 201 2785 lumnia
211 2758 345 2785 censenda
356 2761 398 2784 est
411 2765 418 2789 ;
432 2757 459 2783 in
476 2763 557 2791 quem
578 2755 745 2791 cmtcroquin
765 2755 885 2791 iniquior

98 2793 148 2824 fuit
172 2794 207 2820 ob
235 2793 353 2820 rationes
380 2793 467 2819 dictas
486 2789 539 2818 ’lib.
553 2798 600 2817 vni
628 2798 688 2825 cap.
707 2789 734 2822 8,
747 2795 775 2818 ct
793 2789 840 2818 lib.
856 2799 883 2823 κ,

97 2837 157 2864 cap.
235 2827 389 2863 (.‘othofred.
406 2828 442 2853 De
457 2827 536 2864 obitu
554 2825 735 2864 \I’alent’iniani
761 2826 884 2864 Senioﬁris

97 2861 152 2892 vid.
174 2864 251 2891 Socr.
268 2861 442 2897 lih.’|v,.cap.
457 2862 500 2895 51,
515 2867 543 2888 ct
563 2861 693 2897 ξυιηιίι).
712 2869 746 2897 vi,
761 2870 821 2896 cap.
839 2863 882 2888 56.

134 2900 171 2934 ψ)
188 2899 309 2927 Σκύθαι.
327 2898 364 2926 De
376 2895 483 2934 Su-ylhis
498 2905 545 2925 seu
558 2895 655 2924 Gothis
668 2897 702 2924 ab
718 2895 823 2925 llnnnis
838 2898 884 2925 dc-

938 2687 1028 2724 viclis,
1057 2693 1085 2716 et
1115 2689 1148 2716 ad
1170 2688 1308 2717 Romanos
1325 2689 1547 2724 confugientibus
1569 2690 1622 2718 vid.
1649 2691 1728 2721 Sorr.

937 2723 984 2760 lib.
998 2732 1040 2760 iv,
1056 2731 1115 2759 cap.
1136 2724 1181 2756 35,
1207 2725 1250 2757 54,
1273 2725 1337 2752 Soz.
1356 2725 1403 2752 lib.
1414 2723 1457 2758 ’VI.
1474 2733 1532 2760 cap.
1549 2725 1601 2758 57;
1619 2726 1653 2753 de
1679 2727 1731 2754 Va-

940 2758 1020 2795 lenlis
1043 2758 1173 2787 adversus
1199 2768 1246 2787 eos
1273 2759 1442 2795 profectione
1462 2765 1489 2787 et
1508 2758 1630 2791 interitu.
1650 2761 1730 2789 Socr.

940 2793 987 2820 lib.
1008 2802 1044 2827 Iv,
1056 2803 1081 2823 c.
1095 2795 1149 2827 38;
1166 2795 1230 2822 Soz.
1245 2793 1292 2823 lib.
1309 2804 1345 2827 γι,
1368 2803 1427 2829 cap.
1441 2796 1486 2828 59,
1499 2795 1548 2828 40;
1561 2797 1595 2823 dc
1609 2797 1731 2823 Theudo-

939 2830 1017 2866 dosio
1035 2830 1060 2856 in
1079 2831 1246 2858 consortium
1261 2831 1365 2866 imperii
1380 2839 1394 2858 a
1406 2832 1539 2859 Gratiano
1552 2833 1637 2860 ascito
1649 2832 1729 2861 Socr.

939 2864 985 2892 lib.
1005 2873 1031 2898 ν,
1044 2874 1105 2902 t-ap.
1116 2866 1143 2898 “2,
1163 2866 1226 2894 Soz.
1241 2867 1287 2894 lib.
1299 2864 1352 2900 ⁷γυ,
1368 2874 1427 2902 cap.
1445 2870 1472 2894 2.
