1967 3075
220 161 274 190 533

913 156 1152 185 PHILOSTORGII

1801 155 1859 184 εει

224 219 289 246 illuc
302 217 479 248 adducerent.
492 220 520 243 et
543 215 725 250 Theophilum
748 214 844 242 lndum
858 214 1011 241 Antiochiae

1072 213 1188 244 (ιλικίας
1206 212 1326 246 ἄξοντες.
1339 211 1386 238 καὶ
1403 210 1532 246 Θεόφιλον
1544 210 1590 237 τὸν
1606 210 1685 237 Ἰνδὸν
1696 211 1725 238 ὲν
1738 212 1771 247 τῇ
1795 212 1860 239 Ἀν-

219 263 408 296 convenirent,
424 267 452 290 et
475 262 558 290 totius
577 261 697 289 Orientis
714 266 815 290 statum
837 261 1008 288 ordinarent.

709 305 736 326 δ

257 353 301 381 19.
323 351 493 384 Theodosius,
514 351 589 378 victis
607 350 740 382 barbaris,
757 349 953 376 Ilomouaianos
966 357 1008 376 re-

222 400 319 428 stituit.
334 415 369 420 —
381 398 553 426 Theodosius
582 397 730 432 imperator
742 397 821 432 juxta
833 395 928 423 urbem
949 395 1008 422 Sir-

222 447 307 474 mium
335 452 499 480 congressus
521 451 584 471 cum
610 443 734 470 barbaris
753 449 760 467 ι
779 448 811 470 eo
835 442 908 469 enim
927 441 1010 469 simul

222 499 304 528 atque
318 492 462 527 imperium
486 490 648 525 accepisset,
665 489 781 516 utilitate
790 487 898 523 publica
913 487 939 514 id
953 487 1011 513 exi-

223 544 320 575 gente,
349 538 486 574 profectus
508 536 597 564 fuerat
624 543 630 561 :
659 534 738 562 victis
763 534 859 569 praelio
886 533 1011 560 barbaris

222 585 320 612 exinde
343 582 673 617 Constantinopolitanam
700 581 797 608 urbem
824 587 886 607 eum
907 578 1011 614 ingenti

223 638 321 666 pompa
347 630 488 664 ingressus
504 632 556 656 est.
574 627 608 654 Et
626 626 823 654 Homousianis
836 625 946 660 quidem
960 625 1012 652 Ec-

223 677 366 704 clesiarum
379 683 472 703 curam
487 673 643 707 commisit;
658 672 775 700 Arianos
791 679 856 699 vero
871 676 898 698 et
919 670 1011 698 Euno-

223 724 330 751 mianos
343 722 410 750 urbe
422 721 536 756 expulit.
548 719 588 747 Ex
599 727 716 755 quorum
733 725 848 746 numero
862 716 913 744 fuit
928 717 1011 744 etiam

223 768 400 803 Demophilus
420 775 427 794 :
443 767 491 802 qui
505 773 568 793 cum
587 765 690 799 ejectus
705 764 809 796 ruisset,
826 763 858 790 ad
874 763 1011 790 civitatem

223 822 301 843 suam
315 813 453 840 Berl-(eam
469 819 499 840 se
511 811 636 839 contulit.
653 809 786 846 Hypatius
800 816 910 843 quoque
922 807 1012 836 Nicaea

223 859 364 894 expulsus,
386 857 487 893 Cyrum
515 857 602 893 Syriae
626 864 660 884 ex
683 863 737 891 qua
755 860 814 882 erat
830 854 964 882 oriundus
982 861 1013 882 se

1061 259 1167 294 τιοχείᾳ
1187 257 1417 293 καταληψόμενοι,
1448 258 1496 283 καὶ
1531 256 1567 283 τὰ
1594 256 1645 291 τῆς
1672 257 1756 292 ἄλλης
1783 258 1860 292 ἑῴας

1063 305 1306 340 καταστησόμενοι.

1100 352 1142 378 ιϐ’.
1161 352 1222 378 Ὅτι
1242 351 1380 383 Θεοδόσιος
1393 351 1408 376 ὁ
1426 349 1555 385 βασιλεὺς
1577 350 1646 377 κατά
1673 350 1784 385 Σίρμιον
1797 351 1860 382 τοῖς

1064 399 1212 434 βαρϐάροις
1223 397 1369 433 συμϐαλὼν
1383 398 1422 432 (α)
1437 398 1508 431 (ἐκεῖ
1524 397 1579 431 γὰρ
1594 396 1695 424 αὐτίκα
1707 396 1753 423 τοῦ
1763 396 1860 424 λαϐεῖν

1063 446 1112 480 τὴν
1124 445 1222 481 ἀρχὴν,
1240 445 1289 480 τῆς
1304 444 1399 480 χρείας
1415 443 1595 479 ἀπαιτούσης,
1611 443 1862 479 παρεγένετο),κα¹ι

1064 493 1177 528 νικήσας
1195 492 1280 527 μάχῃ,
1304 490 1408 517 ἐκεῖθεν
1430 490 1565 526 λαμπρῶς
1576 490 1623 516 ἐπὶ
1641 491 1692 526 τὴν
1709 491 1860 517 Κωνσταν-

1063 539 1218 565 τινούπολιν
1244 539 1341 565 ἄνεισι.
1363 537 1419 564 Καὶ
1437 538 1495 568 τοῖς
1513 536 1562 572 μὲν
1581 536 1611 563 τὸ
1627 536 1769 572 ὀμοούσιον
1787 545 1860 572 φρο-

1065 584 1140 612 νοῦσι
1170 585 1225 612 τῶν
1248 583 1403 619 ἐκκλησιῶν
1434 583 1577 618 ἐπιτρέπει
1603 583 1654 617 τὴν
1675 582 1860 618 ἐπιμέλειαν·

1071 630 1226 666 Ἀρειανοὺς
1235 629 1263 656 δὲ
1274 630 1320 656 καὶ
1333 629 1516 664 Εὐνομιανοὺς
1527 628 1673 655 ἀπελαύνει
1683 628 1733 664 τῆς
1741 628 1858 660 πόλεως.

1065 673 1115 702 Ὧν
1127 673 1167 708 εἷς
1177 673 1210 711 ἦν
1220 675 1268 702 καὶ
1279 676 1293 702 ὁ
1304 675 1467 711 Δημόφιλος·
1483 674 1629 707 ἀπελαθεὶς
1642 675 1682 708 δὲ,
1697 675 1747 711 τὴν
1758 674 1860 702 ἑαυτοῦ

1066 723 1143 750 πόλιν
1168 722 1373 758 καταλαμϐάνει
1399 722 1448 757 τὴν
1471 721 1614 758 Βέρῤοιαν.
1646 722 1701 748 Καὶ
1728 721 1862 753 ’Υπάτιος

1065 767 1093 794 δὲ
1109 767 1159 802 τῆς
1174 767 1290 798 Νικαίας
1306 766 1495 802 ἀποδιωχθεὶς,
1511 765 1579 802 πρὸς
1593 766 1643 801 τὴν
1652 767 1862 802 γεννησαμένην

1067 815 1159 851 Κῦρον
1174 814 1224 850 τὴν
1247 815 1276 840 ὲν
1292 813 1376 850 Συρίᾳ
1396 813 1588 848 παραγίνεται.
1615 813 1694 839 Ἀλλὰ
1711 814 1758 839 καὶ
1769 812 1862 848 Δωρὸ-

1067 862 1126 894 θεος
1151 862 1201 897 τῆς
1218 860 1385 896 Ἀντιοχείας
1408 860 1566 893 ἀπελαθεὶς,
1586 859 1636 895 τὴν
1661 860 1783 896 Θρᾴκην.
1796 859 1862 886 ὅθεν

224 906 335 940 recepit.
368 904 421 932 Sed
446 909 473 931 et
499 903 653 931 Dorotheus
680 901 826 929 Antiochia
845 901 958 936 eiectus,
985 901 1012 928 in

1072 909 1197 944 ιγεγόνει,
1212 907 1372 935 κατέλαϐεν.
1394 907 1449 934 Καὶ
1465 907 1540 934 ἄλλοι
1554 907 1581 934 δὲ
1601 906 1730 942 ἀλλαχόθι
1745 905 1863 932 διεσπά-

224 951 369 978 Thraciam
384 950 456 978 unde
468 949 601 985 originem
621 949 747 982 ducebat,
764 947 935 983 demigravit.
961 946 1014 974 Alii

224 998 343 1032 denique
360 997 386 1024 in
407 997 459 1023 alia
475 996 592 1031 dispersi
605 1000 670 1022 sunt
686 995 756 1023 locu.

357 1054 403 1081 EX
424 1053 527 1080 LIBRO
543 1052 670 1080 DECIMO
689 1051 877 1079 HISTORIA}.

260 1114 285 1140 1.
297 1113 368 1140 Cleri
381 1111 536 1139 Antiocheni
554 1111 588 1137 ad
610 1109 769 1137 Eunomium
787 1109 898 1144 legatio.
915 1123 949 1129 —-
967 1107 1017 1134 Do-

225 1159 337 1187 rotheus
351 1158 474 1193 quidem,
485 1157 523 1183 uti
535 1163 618 1190 supra
627 1155 729 1183 dictum
743 1159 794 1188 est,
813 1154 959 1181 Antiochia
974 1158 1018 1180 est

225 1205 374 1239 expulsus;
399 1203 549 1239 presbyteri
568 1209 632 1229 vero
653 1201 774 1236 ejusdem
799 1201 875 1228 urbis
894 1200 1017 1227 Asterius

225 1257 253 1279 et
268 1251 424 1286 Crispinus,
440 1253 467 1277 et
495 1249 616 1284 reliquus
634 1248 735 1279 clerus,
754 1247 868 1275 collecto
889 1247 1016 1277 concilio.

227 1298 270 1326 cui
281 1297 404 1325 nonnulli
417 1297 499 1323 etiam
511 1303 544 1323 ex
564 1295 662 1323 vicinis
672 1295 807 1330 episcopis
824 1293 1016 1325 interfuerunt,

227 1345 260 1372 ad
280 1343 444 1371 Eunomium
465 1349 568 1377 eosque
581 1342 628 1376 qui
643 1349 704 1368 cum
726 1341 772 1367 illo
783 1345 861 1367 erant
874 1340 1016 1371 miserunt,

227 1389 448 1419 communionem
467 1396 561 1415 eorum
585 1387 766 1423 postulantes.
786 1385 818 1413 Hi
830 1393 896 1413 vero
913 1393 961 1421 per
975 1385 1019 1412 lit-

227 1442 300 1465 teras
324 1436 534 1471 responderunt,
552 1442 607 1461 non
627 1434 679 1461 alia
695 1433 853 1460 conditione
873 1441 933 1460 sese
958 1433 1019 1460 illos

227 1488 403 1519 suscepturos
427 1490 498 1515 esse,
514 1489 597 1517 quam
615 1481 637 1509 si
653 1481 838 1508 damnationis
857 1479 1018 1508 sententiam

229 1531 256 1558 in
273 1531 379 1557 Aetium
392 1529 506 1564 ejusque
520 1529 625 1563 scripta
647 1528 712 1554 olim
734 1527 815 1554 latam
832 1526 1019 1558 rescidissent,

1067 964 1168 991 ρησαν.

1217 1055 1263 1082 ΕΚ
1283 1053 1352 1081 ΤΗΣ
1366 1053 1527 1081 ΔΕΚΑΤΗΣ
1543 1053 1710 1081 ΙΣΤΟΡΙΛΣ.

1101 1116 1136 1140 α’.
1154 1113 1215 1139 Ὀτι
1228 1111 1367 1148 Δωρόθεος
1380 1111 1440 1147 μὲν,
1450 1111 1487 1142 ὡς
1497 1110 1611 1146 ἐρρήθη,
1626 1109 1676 1146 τῆς
1695 1109 1863 1145 Ἀντιοχείας

1067 1160 1172 1195 ἠλάθη·
1207 1159 1231 1186 οἱ
1263 1159 1291 1186 δὲ
1320 1158 1423 1193 ταύτης
1454 1156 1636 1193 πρεσϐύτεροι
1656 1156 1792 1192 Ἀστέριος
1814 1156 1863 1182 καὶ

1068 1208 1230 1243 Κρισπῖνος,
1255 1205 1351 1233 καὶτὸ
1366 1204 1430 1232 ἀλλο
1455 1204 1593 1240 πλήρωμα
1621 1203 1862 1239 συνεδριάσαντες,

1069 1253 1269 1289 συμπαρόντων
1296 1252 1388 1283 αὐτοῖς
1407 1250 1454 1278 καί
1477 1258 1557 1277 τινων
1577 1249 1632 1276 τῶν
1647 1248 1727 1285 πέριξ
1757 1249 1863 1275 πόλεων

1069 1300 1236 1329 ἐπισκόπων,
1251 1299 1389 1333 πέμπουσι
1407 1297 1475 1332 πρὸς
1489 1297 1552 1328 τοὺς
1569 1296 1641 1331 ἀμφὶ¹
1655 1296 1699 1322 τὸν
1718 1295 1863 1330 Εὐνόμιον,

1069 1346 1118 1382 τὴν
1144 1345 1284 1372 κοινωνίαν
1310 1344 1400 1372 αὐτῶν
1423 1342 1626 1378 ἐπιζητοῦντες.
1645 1343 1678 1370 Οἱ
1698 1342 1726 1370 δὲ
1749 1344 1863 1370 ἀντεπι-

1071 1391 1220 1423 στέλλουσι,
1248 1391 1285 1427 μὴ
1306 1391 1393 1422 ἄλλως
1412 1390 1513 1422 αὐτοὺς
1535 1389 1754 1425 παραδέξασθαι,
1778 1389 1803 1416 εί
1824 1389 1864 1424 μὴ

1069 1440 1118 1475 τὴν
1134 1440 1178 1466 ἐπ’
1197 1439 1293 1473 Ἀετίῳ
1311 1437 1358 1464 καὶ
1384 1439 1441 1469 τοῖς
1459 1436 1541 1464 αὑτοῦ
1562 1436 1761 1471 συγγράμμασι
1777 1444 1864 1463 κατα-

1069 1484 1238 1521 χειροτονίαν
1254 1483 1483 1518 ἀποψηφίσωνται
1497 1490 1504 1496 ·
1527 1481 1566 1508 ἔτι
1591 1482 1619 1508 δὲ
1640 1482 1687 1508 καὶ
1714 1481 1865 1518 διακαθαρ-

1072 1539 1113 1557 σιν
1131 1529 1187 1566 (58)
1205 1529 1326 1565 ἀπῄτουν
1348 1528 1395 1555 τοῦ
1424 1528 1480 1563 βίου
1493 1536 1500 1543 ·
1529 1527 1711 1563 συνεφύροντο
1739 1528 1794 1564 γὰρ
1816 1529 1865 1555 καί

229 1577 276 1604 sed
290 1582 316 1604 et
333 1576 396 1603 vitzr
407 1583 502 1602 eorum
514 1574 734 1602 emendationem
753 1573 928 1609 requirebant
940 1573 1017 1608 ;qui-

1072 1585 1140 1604 τισιν
1157 1576 1188 1603 οὑ
1205 1576 1336 1612 καθαροῖς
1357 1576 1543 1612 διαιτήμασιν.
1569 1575 1599 1601 Οί
1615 1575 1643 1602 δὲ
1668 1575 1729 1602 τότε
1750 1576 1799 1612 μὲν
1814 1576 1866 1612 τὴν

229 1622 344 1650 busdam
358 1621 432 1649 enim
450 1620 522 1647 haud
536 1620 612 1655 puris
626 1620 732 1648 actibus
746 1618 1020 1646 erantcontaminnli.

229 1667 264 1695 At
280 1668 328 1699 illi,
348 1672 404 1694 tum
423 1666 534 1701 quidem
560 1665 747 1692 conditionem
770 1665 890 1692 oblatam
907 1672 960 1692 non
976 1664 1022 1690 ad-

230 1711 380 1744 miserunt;
404 1714 498 1745 postea
525 1717 590 1737 vero
616 1717 649 1736 eo
676 1716 764 1744 usque.
785 1709 922 1745 progressi
947 1714 1022 1741 sunt,

231 1761 261 1785 ut
280 1761 307 1784 et
318 1757 482 1784 Eunonnium
496 1760 523 1783 et
535 1763 582 1783 eos
591 1756 638 1790 qui
655 1763 717 1783 cum
728 1756 774 1783 illo
785 1761 873 1789 erant,
890 1756 916 1782 in
929 1755 1022 1783 Eccle-

231 1804 272 1830 sia
299 1802 516 1838 proscinderent,
541 1801 765 1837 μετεωρολέσχας
795 1809 842 1829 eos
873 1807 1021 1833 vocantes,

231 1849 375 1885 plerosque
388 1847 587 1882 desperationis
602 1855 635 1874 ac
645 1848 771 1881 vesania},
788 1855 820 1875 eo
831 1848 903 1882 quod
918 1848 1023 1875 Scilicet

232 1894 386 1928 lmjusmodi
401 1893 585 1920 conditionem
599 1893 666 1927 ipsis
681 1893 752 1920 ferre
767 1894 827 1920 ausi
841 1892 968 1920 fuissent.

266 1940 293 1967 2.
309 1939 369 1967 Arii
400 1933 536 1973 dogmata.
553 1938 696 1965 —Arium
724 1939 872 1973 impietatis
901 1940 1023 1974 ipsorum

231 1985 440 2020 antesignanum
471 1988 583 2011 accusat
608 1983 827 2020 Pllilostorgius,
849 1984 923 2020 quod
943 1985 1025 2019 hujus

231 2031 354 2058 universi
370 2030 452 2058 Deum
466 2038 499 2057 ex
516 2030 609 2058 multis
626 2031 749 2065 partibus
765 2032 947 2067 compositum
965 2040 1025 2059 esse

233 2078 342 2105 dixerit.
356 2077 400 2103 Ait
410 2076 482 2103 enim
491 2075 586 2103 Arium
597 2077 758 2109 asseruisse,
770 2085 833 2104 eum
843 2086 897 2104 non
906 2081 1025 2113 quantus

231 2130 274 2152 est
283 2123 476 2158 comprehendi
497 2130 589 2158 posse,
601 2123 649 2151 sed
664 2123 691 2151 in
707 2129 839 2159 quantum
849 2125 1024 2160 uniuscujus-

232 2179 286 2206 que
292 2171 335 2198 vis
344 2169 573 2205 comprehendere
582 2170 666 2203 valet;
676 2171 800 2198 eumdem
808 2179 917 2206 quoque
924 2172 1026 2199 sensis-

232 2225 273 2249 se,
283 2216 368 2244 Deum
382 2223 470 2250 neque
483 2216 663 2243 substantiam
675 2224 842 2252 esse,neque
854 2218 1023 2252 hypostasin,

1073 1624 1224 1659 πρόκλησιν
1255 1623 1285 1650 οὐ
1312 1623 1486 1659 προσήκαντο
1502 1622 1577 1658 (59)'
1603 1623 1692 1659 χρόνῳ
1711 1623 1733 1650 δ’
1751 1623 1866 1659 ὕστερον

1074 1673 1121 1698 καὶ
1140 1673 1180 1701 εις
1199 1671 1229 1698 τὺ
1245 1670 1368 1703 κακίζειν
1392 1671 1436 1696 ἐπ’
1458 1670 1607 1706 ἐκκλησίας
1625 1671 1672 1698 τόν
1685 1679 1716 1698 τε
1733 1671 1866 1706 Εὐνόμιον

1075 1717 1121 1744 καὶ
1136 1718 1199 1748 τοὺς
1216 1718 1264 1744 σὺν
1282 1716 1356 1751 αὺτῷ
1377 1716 1620 1752 προεληλύθεισαν,
1644 1716 1867 1752 μετεωρολέσχας

1073 1764 1170 1795 αὐτοὺς
1180 1763 1337 1794 καλοῦντες,
1350 1763 1397 1789 καὶ
1412 1762 1527 1798 πλήρεις
1544 1762 1672 1794 ἀπονοίας
1681 1763 1728 1789 καὶ
1739 1762 1869 1798 σκαιότη-

1074 1818 1129 1841 τος,
1143 1809 1201 1836 ἀνθ’
1218 1806 1256 1837 ὦν
1270 1809 1361 1840 αὐτοῖς
1376 1808 1490 1836 τοιαῦτα
1506 1809 1659 1844 προτείνειν
1670 1808 1804 1843 ἔγνωσαν.

1111 1939 1144 1974 β’.
1159 1940 1220 1966 Ὅτι
1237 1940 1281 1966 τόν
1296 1939 1416 1976 ἀρχηγὸν
1439 1939 1529 1966 αὐτῶν
1547 1940 1596 1975 τῆς
1615 1939 1742 1972 ἀσεϐείας
1758 1941 1870 1977 ’Δρειον

1075 1987 1089 2012 ὁ
1102 1987 1275 2021 συγγραφεὺς
1289 1985 1438 2019 διαϐάλλει,
1459 1985 1497 2017 ὡς
1516 1985 1658 2022 πολυμερῆ
1674 1987 1721 2013 καὶ
1735 1987 1870 2014 πολυσύν-

1076 2032 1152 2059 θετον
1164 2032 1278 2065 λέγοντα
1293 2031 1339 2058 τὸν
1353 2031 1420 2058 Θεὸν
1431 2031 1486 2058 τῶν
1497 2031 1575 2058 ὅλων.
1593 2032 1629 2057 UO
1645 2031 1699 2067 γὰρ
1713 2032 1775 2058 ὅσον
1795 2032 1870 2059 ἐστὶν

1075 2079 1089 2105 ὁ
1116 2078 1183 2110 Θεὸς
1205 2077 1475 2113 καταλαμϐάνεσθαι,
1504 2078 1663 2114 κηρύσσειν,
1680 2077 1738 2105 ἀλλ’
1764 2078 1828 2105 ὅσον
1851 2079 1868 2114 ή

1076 2124 1192 2151 ἑκάστου
1207 2123 1321 2159 δύναμις
1338 2124 1405 2160 πρὸς
1419 2124 1572 2161 κατάληψιν
1587 2125 1706 2162 ἔρρωται
1716 2133 1723 2141 ·
1737 2125 1784 2153 καὶ
1798 2127 1870 2161 μήτε

1075 2170 1103 2197 δὲ
1118 2170 1213 2197 οὐσίαν
1229 2171 1311 2197 αὑτὸν
1329 2168 1400 2197 εἶναι
1416 2170 1601 2206 δογματίζειν,
1625 2171 1694 2206 μήτε
1707 2170 1869 2202 ὑπόστασιν.

1078 2217 1146 2251 μήτε
1157 2216 1220 2243 ἄλλο
1238 2217 1321 2251 μηδὲν
1348 2213 1386 2243 ὧν
1403 2217 1566 2252 ὀνομάζεται
1580 2225 1588 2232 ·
1609 2217 1657 2243 καὶ
1671 2217 1721 2252 τὴν
1737 2219 1766 2244 ὲν
1795 2217 1871 2251 ’Δρι-

232 2262 400 2298 nequealiud
407 2261 555 2296 quidquam
562 2269 656 2289 eorum
664 2270 724 2298 quae
730 2263 764 2290 de
771 2263 816 2290 illo
822 2263 949 2291 dicuntur
956 2264 1017 2300 (40)

1080 2263 1148 2297 μίνῳ
1164 2263 1192 2289 δὲ
1210 2263 1318 2289 σύνοδον
1333 2263 1380 2290 καὶ
1404 2264 1454 2299 τὴν
1479 2264 1509 2290 ἐν
1533 2263 1817 2290 Κωνσταντινουπόλει
1837 2264 1872 2290 τὰ

233 2309 280 2337 sed
287 2313 313 2336 et
319 2307 518 2335 Ariminensem
526 2307 658 2343 synodum
664 2314 689 2336 et
696 2309 1023 2344 Constantinopolitanam

1077 2310 1147 2337 αὐτὰ
1167 2309 1300 2343 δοξάζειν,
1324 2310 1386 2345 ἥτις
1400 2310 1449 2344 τὴν
1474 2309 1521 2336 τοῦ
1544 2309 1713 2344 Μονογενοῦς
1743 2309 1872 2344 γέννησιν

848 2397 968 2418 VALESII
982 2397 1231 2420 ANNOTATIONES.

268 2451 324 2486 (58)
333 2451 540 2486 Araudﬂapmr.
553 2452 581 2479 ln
594 2453 780 2486 manuscripto
788 2452 881 2479 codice
894 2453 1018 2480 Bocharti

232 2487 332 2518 legitur
346 2487 482 2514 distinctis
497 2487 621 2519 vocibus,
637 2488 680 2514 διὰ
699 2487 843 2523 κάθαρσιν.
867 2487 943 2515 Unde
956 2490 1020 2523 quis

231 2523 364 2559 suspicari
396 2523 486 2559 possit
511 2523 687 2550 scribendum
712 2531 792 2555 esse,
815 2523 867 2558 ἰδίᾳ
886 2523 1020 2559 κάθαρσιν

231 2557 351 2592 ἀπῄτουν
363 2557 409 2583 τοῦ
423 2558 491 2592 βίου.
822 2564 827 2568 ”

268 2593 324 2628 (ὀ9)
345 2592 403 2626 Τὴν
432 2594 604 2626 πρόκλησιν
633 2594 669 2620 οὐ
694 2593 899 2627 πρυσήκαντο.
926 2594 1020 2622 Laudo

1074 2454 1230 2487 versionem
1260 2453 1434 2485 Gotltofredi,
1453 2454 1500 2488 qui
1524 2454 1564 2481 sic
1580 2453 1776 2486 interpretatur
1795 2453 1871 2481 hunc

1074 2489 1163 2516 locum
1181 2499 1187 2516 :
1200 2489 1385 2516 Candilt’ouem
1397 2497 1448 2516 non
1457 2490 1631 2516 admiserunt.
1646 2489 1722 2520 Vide,
1733 2489 1756 2516 si
1768 2489 1870 2522 placet,

1073 2532 1136 2586 illius:
1153 2524 1187 2565 de
1203 2525 1254 2552 hac
1273 2532 1340 2552 voce
1363 2525 1456 2552 notavi
1473 2525 1508 2551 ad
1531 2524 1631 2552 librum
1656 2532 1760 2552 nonum
1787 2524 1872 2559 hujus

1104 2569 1125 2586 ts
1140 2568 1215 2586 ante.

1114 2595 1170 2631 (40)
1187 2594 1250 2622 Soz.
1265 2595 1312 2622 lib.
1329 2603 1367 2629 Iv,
1379 2603 1440 2630 cap.
1457 2595 1503 2622 24.

969 2670 1144 2693 VARIOBUM.

267 2722 304 2759 (τι)
322 2723 402 2749 Κατὰ
435 2722 556 2756 Σίρμιον
580 2722 641 2755 τοῖς
661 2722 824 2757 βαρϐάροις
847 2723 1018 2758 συμϐαλών.

232 2756 310 2784 Errat
330 2759 374 2785 hic
402 2756 612 2786 Philostoraius.
635 2757 701 2784 Nam
727 2757 897 2786 Theodosius
926 2759 1018 2785 Szrmii

232 2764 310 2784 erat
330 2764 374 2785 Inc
402 2764 612 2792 rnnostorgtus.
635 2764 701 2784 nam
727 2764 897 2786 ‘t‘hcodosnts
926 2764 1020 2785 Szrmlt

231 2792 339 2833 quidem
357 2793 504 2833 imperator
514 2793 604 2833 iactus
618 2792 683 2833 (uita
696 2798 723 2820 at
736 2794 806 2833 idem
821 2794 847 2833 i_n
861 2793 1020 2833 hiaeedonia

230 2828 394 2868 constitutus
406 2827 610 2868 Thessalonicze
623 2827 732 2868 Gothos
744 2828 928 2868 devicit.lll_ud
946 2835 1020 2868 recte

232 2863 429 2898 Philostorgius
443 2870 506 2890 cum
520 2864 636 2896 caeteris,
663 2864 733 2898 quod
751 2863 897 2891 Theodosii
913 2865 946 2891 de
963 2864 1018 2890 Gu-

231 2898 285 2926 thls
296 2898 438 2927 victoriam
455 2899 487 2926 ad
504 2903 609 2934 tempus
628 2900 720 2933 refert,
734 2907 788 2934 quo
799 2899 854 2935 jann
870 2900 1018 2936 imperator

1076 2725 1248 2762 renuntiatus
1264 2730 1331 2762 erat.
1342 2725 1409 2753 Male
1426 2726 1499 2753 enim
1513 2725 1706 2760 Theodoritns,
1717 2727 1765 2762 qui
1778 2727 1827 2756 lib.
1843 2737 1870 2759 ν.

1075 2759 1181 2796 ςορζὸ.
1199 2764 1262 2787 ante
1284 2761 1344 2794 ejus
1373 2761 1516 2796 imperium
1542 2762 1569 2789 id
1595 2763 1696 2790 factum
1721 2759 1869 2792 fuemorat.

1074 2794 1228 2835 Proﬂigatis
1242 2795 1366 2835 barbaris
1374 2794 1456 2835 Icilii.
1470 2797 1869 2835 _Theodosius_§onst:lntino-

1074 2831 1155 2865 polim
1166 2851 1173 2861 ,
1209 2832 1357 2866 statimque
1373 2831 1510 2860 Ecclesias
1526 2834 1645 2860 restituit
1658 2832 1868 2866 Homousianis,

1073 2867 1226 2928 ?ucl:ml‘inem
1253 2867 1316 2894 anni
1345 2866 1407 2901 580,
1437 2868 1525 2903 inquit
1550 2867 1611 2896 Jac.
1634 2868 1814 2904 Gothofredus
1839 2871 1868 2897 in

1084 2910 1099 2928 ο
1163 2919 1170 2928 .

1084 2910 1170 2928 ecum.
