1967 3075
132 167 182 194 589

641 163 921 193 ECCLESIASTICA!)
941 161 1114 190 ηιδτοιιιίιΕ
1135 161 1198 188 ΗΒ.
1221 159 1255 188 Χ.

1701 158 1753 185 590

166 234 199 266 η’.
217 230 277 258 Ὅτι
290 229 426 261 Θεοδόσιος
444 230 512 255 κατὰ
531 228 732 262 Θεσσαλονίκην
747 227 784 262 τῷ
797 226 914 252 Οὐαλεν-

1001 224 1027 250 8.
1046 223 1180 250 Maximus
1202 228 1340 257 tyrannus.
1352 235 1385 239 ——
1402 218 1571 246 Theodosius
1587 218 1657 253 apud
1669 218 1754 247 Thes-

135 276 238 311 τινιανῷ
253 274 407 309 συναφθεὶς,
423 274 564 309 στρατεύει
585 274 654 300 κατὰ
672 272 799 307 Μαξίμου
813 270 858 297 τοῦ
869 279 916 296 τυ-

136 323 237 357 ράννου.
255 321 310 347 Καὶ
322 320 397 355 γάρὸ
410 319 551 355 τύραννος,
565 319 614 354 τὴν
630 317 778 354 Γρατιανοῦ
795 316 916 350 κατέχων

136 367 227 402 ἀρχὴν,
244 367 369 393 διενοεῖτο
387 365 548 401 προσλαϐεῖν
562 366 608 391 καὶ
624 364 672 399 τὴν
685 361 915 390 Οὑαλεντινιανοῦ.

142 412 324 447 Ἐκπέμπουσι
337 411 365 437 δὲ
377 412 401 437 οἱ
415 411 533 446 βασιλεῖς
547 410 606 436 κατ’
623 409 705 436 αὑτοῦ
717 409 858 444 Τιμάσιον,
871 407 918 434 καὶ

150 459 311 493 Ρυχόμηριν,
329 458 376 484 καὶ
394 457 543 492 Πρόμοτον,
565 457 612 482 καὶ
637 455 834 490 Ἀρϐογάστην,
857 454 918 483 τοὺς

139 503 311 539 στρατηγούς.
323 503 390 529 Οἰδὲ
404 502 590 537 παραστάντες
600 502 680 528 αὐτὸν
688 500 851 533 ἐξαπιναίως
862 499 918 534 (54)

138 550 179 577 τοῦ
202 559 231 576 τε
254 550 349 585 θρόνου
373 549 544 577 κατασπῶσι.
562 549 609 575 καὶ
634 547 688 574 τῶν
711 548 760 583 τῆς
784 546 920 581 βασιλείας

139 597 277 630 ἐπισήμων
293 595 450 624 ἀποδύουσι,
469 595 515 621 καὶ
534 595 590 625 τοῖς
606 593 744 628 βασιλεῦσι
756 593 826 619 κατὰ
847 591 920 618 ἰδιώ-

140 652 183 678 την
197 643 379 678 προσάγουσι·
409 640 546 667 κάνταῦθα
572 640 696 675 Μάξιμος
719 640 769 675 τῆς
801 638 920 673 κεφαλῆς

139 689 326 724 ἀποτέμνεται,
341 688 510 723 τυραννήσας
523 688 603 714 πέντε
615 688 648 713 τὰ
663 687 808 721 σύμπαντα
821 685 882 720 ἐτη.

170 818 202 844 θ’.
218 818 278 844 "Ott
294 817 362 852 μετὰ
376 817 502 853 τὴνκατὰ
516 817 643 852 Μαξίμου
655 817 743 852 νίκην,
760 817 806 844 καὶ
818 818 867 853 τὴν
875 817 922 843 ἐπὶ

141 863 247 899 Ῥώμην
273 863 401 890 ἐπάνοδον
421 864 471 898 (a),
489 862 641 896 ἐξελαύνειν
671 863 755 897 αὐτῆς
781 862 922 897 μέλλοντος

137 909 182 936 τοῦ
195 909 335 944 βασιλέως,
350 908 438 944 ἀστὴρ
449 908 519 935 κατὰ
534 909 578 935 τὸν
587 908 700 943 οὐρανὸν
714 908 790 943 ὤφθη
805 907 922 943 παράδο-

139 955 181 987 ξος
196 955 243 981 καὶ
258 954 345 989 ἀήθης
358 962 364 968 ·
380 954 506 989 μεγάλων
523 954 550 980 δὲ
567 954 620 989 ἄρα
645 953 737 980 κακῶν
754 953 867 987 ἄγγελος
888 954 920 987 τῇ

137 1002 209 1027 οἶκοι)
214 1001 280 1037 μένῃ
299 1002 364 1035 γενή
369 1001 460 1027 σεσθαι
471 1000 591 1035 ἔμελλεν.
607 1001 634 1026 Ἐ
639 999 700 1032 ξέλα
704 999 756 1035 μψε
774 1000 802 1026 δὲ
815 999 890 1035 πρῶτ
894 1008 922 1026 ον

139 1048 205 1074 κατὰ
221 1047 307 1082 μέσας
322 1047 421 1078 νύκτας
433 1047 546 1082 πλησίον
553 1045 599 1073 τοῦ
613 1046 761 1081 ἑωσφόρον,
771 1046 832 1072 κατ’
843 1045 923 1071 αὐτὸν

138 1093 168 1127 δὴ
193 1094 238 1119 τὸν
259 1093 426 1128 καλούμενον
443 1092 579 1119 Ζωδιακὺν
600 1092 708 1122 κύκλον,
727 1091 812 1126 μέγας
828 1091 857 1117 δὲ
877 1091 924 1117 καὶ

139 1139 273 1175 ὲκφεγγὴς
289 1140 348 1170 ταῖς
363 1139 570 1174 μαρμαρυγαῖς,
583 1138 612 1164 οὺ
623 1137 711 1172 πολλῷ
722 1137 769 1164 τοῦ
783 1136 923 1172 ἑωσφόρον

141 1185 312 1220 λειπόμενος.
339 1185 452 1210 Ἔπειτα
468 1182 603 1218 συνδρομὴ
619 1182 785 1217 πανταχόθεν
804 1181 924 1216 ἀστέρων

137 1233 180 1259 ἐπ’
187 1233 268 1259 αὑτὸν
276 1231 475 1266 ἀθροιζομένων
484 1230 597 1264 ἐγίνετο·
604 1229 727 1259 εἰκάσαις
733 1227 766 1254 ἂν
775 1227 924 1264 σμήνῃ(55)

141 1278 270 1314 μελιττῶν
279 1277 353 1311 παρὰ
358 1276 402 1303 τὸν
412 1276 561 1311 ἡγούμενον
571 1283 686 1310 σφαιρου
691 1274 777 1310 μένων
785 1275 816 1301 τὸ
825 1274 923 1309 Θέαμα·

136 1323 283 1351 κάντεῦθεν
294 1323 375 1349 οἱονεὶ
395 1322 445 1357 τῆς
459 1322 527 1358 πρὸς
542 1321 672 1357 ἀλλήλους
690 1320 851 1354 συνελίψεως
867 1320 925 1356 (56)

138 1370 318 1405 βιασαμένης,
346 1369 375 1395 τδ
399 1369 453 1395 τῶν
483 1369 610 1395 ἁπάντων
626 1367 683 1401 φῶς
709 1368 750 1398 είς
779 1367 843 1402 μίαν
865 1367 927 1394 τινὰ

141 1414 292 1450 συγκραθὲν
308 1414 449 1449 ἀνέλαμπε
465 1413 561 1447 φλόγα.
579 1412 634 1439 Καὶ
647 1412 785 1448 μαχαίρας
798 1412 927 1447 ἄντικρυς

138 1461 284 1495 ἀμφήκους
303 1460 359 1495 (57)
374 1459 494 1494 μεγάλης
509 1459 556 1485 καὶ
573 1457 691 1494 φοϐερᾶς
708 1458 873 1484 ἀπετέλεσαν
887 1456 926 1484 εἷ-

136 1507 194 1539 δος,
209 1506 361 1541 πληκτικῆς
371 1504 601 1539 ὲξαυγαζομένης,
613 1504 666 1530 τῶν
678 1504 729 1539 μὲν
741 1504 827 1530 ἄλλων
840 1504 928 1530 ἁπάν-

137 1561 193 1579 των
220 1551 341 1586 ἀστέρων
368 1551 408 1581 εἰς
433 1549 512 1576 τοῦτο
537 1549 752 1584 μεταπεσόντων,
774 1548 825 1583 τῆς
846 1548 926 1580 θέας·

140 1598 200 1629 ἐνὸς
213 1597 241 1624 δὲ
258 1597 305 1624 καὶ
321 1597 401 1632 μόνου
413 1595 460 1622 τοῦ
475 1594 583 1630 πρώτου
604 1593 797 1629 θεωρηθέντος,
812 1595 841 1620 ὲν
855 1593 930 1626 τάξει

142 1642 221 1679 ῥίζης
237 1642 334 1678 τινὺςῆ
350 1641 427 1673 λαὸὶς
441 1641 477 1675 (1))
491 1641 530 1676 τῷ
551 1641 632 1666 παντὶ
646 1640 767 1675 σχήματι
783 1639 930 1673 ὑποφαινο-

140 1688 236 1723 μένου,
259 1688 306 1715 καὶ
322 1685 376 1714 οἷον
394 1687 423 1713 τὸ
436 1687 489 1713 πᾶν
505 1685 551 1712 τοῦ
570 1684 720 1719 δειχθέντος
738 1683 852 1719 ἀστέρος
866 1684 933 1709 ἀπο-

141 1734 280 1764 τίκτοντος
307 1733 387 1764 σέλας
398 1740 406 1748 ο
423 1732 460 1763 ὡς
476 1731 508 1758 ἂν
519 1732 551 1757 ἐκ
567 1730 664 1766 λύχνου
687 1729 759 1761 τινὸς
776 1728 932 1764 θρυαλλίδος

141 1780 193 1814 τῆς
209 1778 306 1813 φλογὸς
335 1778 402 1814 πρὸς
424 1777 490 1813 ὕψος
517 1776 694 1811 ὲξαιρομένης
707 1784 713 1790 ·
728 1775 758 1800 τὺ
783 1775 831 1810 μὲν
849 1773 932 1809 φανὲν

142 1824 215 1851 οὓτω
230 1824 380 1859 παράδοξον
394 1825 506 1859 παρεῖχε
527 1823 576 1858 τὴν
590 1821 664 1848 θέαν.
675 1821 730 1847 Καὶ
747 1822 763 1856 ή
777 1820 885 1856 κίνησις
900 1820 929 1846 δὲ

143 1870 213 1906 πρὸς
228 1871 316 1897 πάντα
339 1869 526 1905 παρήλλαττεν
549 1867 664 1902 ἀστέρος
684 1866 782 1903 δρόμον
793 1875 800 1881 ·
814 1866 863 1901 τὴν
875 1866 930 1901 γὰρ

142 1916 304 1952 ἀρχὴνιόθεν
321 1917 426 1951 εἴρηται
444 1914 570 1949 φανῆναι,
588 1913 635 1939 καὶ
648 1913 696 1947 τῆς
711 1913 843 1948 κινήσεως
852 1921 930 1947 ποιη-

145 1966 272 1999 σάμενος.
298 1962 470 1997 συνανίσχετο
495 1961 546 1996 μὲν
568 1960 602 1986 τὰ
624 1959 719 1995 πρῶτα
734 1958 774 1993 τῷ
789 1957 929 1993 ἐωσφόρῳ,

143 2010 192 2035 καὶ
218 2007 424 2042 συγκατεδύετο.
442 2004 557 2032 Ἔπειτα
579 2005 616 2036 δὲ,
641 2005 701 2032 κατ’
715 2004 803 2037 ὀλίγον
828 2003 932 2030 διιστά-

145 2063 236 2090 μενος,
266 2054 311 2080 ἐπὶ
335 2053 385 2084 τὰς
408 2052 525 2088 ἄρκτους
542 2052 618 2086 ἀνῄει
634 2051 714 2086 σχολῇ
733 2059 762 2076 τε
787 2051 832 2076 καὶ
851 2049 933 2085 βάδην

145 2101 315 2150 κινούμενοῇ
336 2099 383 2125 καὶ
411 2099 576 2134 ἐγκαρσίως,
591 2097 629 2128 ὡς
643 2097 686 2122 ἐπ’
699 2097 846 2132 ἀριστερᾶς
865 2096 934 2131 πρὸς

968 270 1117 297 salonicam
1135 269 1220 303 copiis
1236 268 1294 295 suis
1313 275 1374 294 cum
1391 265 1579 292 Valentiniano
1589 265 1754 298 conjunctis,

967 321 1062 343 contra
1076 314 1223 341 Maximum
1242 319 1386 349 tyrannum
1400 311 1538 346 profectus
1553 315 1604 337 est.
1624 310 1756 338 Maximus

967 362 1040 388 enim
1055 369 1116 388 cum
1133 360 1255 387 Gratiani
1283 358 1427 391 imperium
1444 361 1621 391 occupasset.
1636 355 1757 383 Valenti-

969 407 1043 434 niani
1055 413 1164 441 quoque
1172 406 1302 432 ditionem
1315 404 1365 431 sibi
1375 403 1521 438 adjungere
1532 402 1689 429 conabatur.
1699 402 1756 437 (58)

970 453 1078 480 Mittunt
1097 452 1179 486 igitur
1198 451 1378 485 imperatores
1390 454 1483 475 contra
1501 453 1656 482 tyrannum.
1671 448 1757 482 magi—

970 503 1041 526 stros
1054 498 1172 525 militum
1200 497 1349 524 Timasium
1368 500 1395 522 et
1412 495 1602 522 Richomerem
1616 503 1623 526 ;
1643 494 1757 521 Promo-

972 550 1028 572 tum
1056 545 1119 571 item
1146 549 1172 571 et
1188 544 1379 578 Arbogastem.
1398 542 1450 575 Qui
1473 549 1534 569 cum
1557 549 1590 568 ex
1611 541 1759 576 improviso

973 590 1205 624 supervenissent,
1219 597 1281 616 eum
1303 594 1413 623 repente
1435 596 1467 616 ex
1483 587 1552 614 solio
1567 588 1720 620 deturbant,
1732 592 1760 614 et

971 636 1076 670 imperii
1096 635 1249 670 insignibus
1273 639 1390 669 exuunt,
1418 641 1449 661 ac
1473 633 1580 668 privato
1600 634 1693 660 habitu
1718 634 1760 660 in-

972 682 1067 708 dutum
1094 681 1305 715 imperatoribus
1335 679 1509 712 obtulerunt;
1540 684 1603 707 tunc
1626 679 1760 707 Maximus

971 727 1060 761 capite
1073 731 1218 754 truncatus
1229 731 1283 758 est,
1297 734 1358 753 cum
1374 734 1422 760 per
1433 733 1519 753 annos
1534 726 1655 760 quinque
1670 731 1760 761 tyran-

973 774 1063 800 nidem
1078 773 1257 800 exercuiSSct.

968 832 971 834 -
1009 818 1036 844 9.
1052 817 1133 844 Sidus
1162 825 1265 844 novum.
1282 817 1393 844 -——Post
1422 817 1564 844 victoriam
1587 817 1621 844 de
1644 816 1762 844 Maximo

974 864 1097 892 relatam.
1113 867 1140 890 et
1153 869 1211 897 post
1229 863 1376 890 adventum
1394 862 1540 890 Theodosii
1556 863 1582 889 in
1596 863 1692 890 urbem
1707 863 1763 890 Ro-

977 915 1060 939 mam,
1073 915 1135 934 cum
1149 908 1296 941 imperator
1314 907 1389 934 illinc
1403 907 1576 941 digressurus
1590 911 1672 940 esset,
1687 907 1763 934 sidus

976 954 1111 988 quoddam
1140 961 1239 980 norum
1266 957 1347 987 atque
1369 953 1528 980 inusitatum
1553 953 1579 980 in
1595 953 1664 981 coelo
1674 954 1764 981 visum

975 1004 1018 1026 est
1031 1009 1038 1026 :
1051 999 1123 1034 quod
1140 999 1248 1033 quidem
1268 999 1401 1026 maximas
1420 999 1589 1027 calamitates
1606 1000 1665 1026 orbi
1677 1003 1763 1026 terra-

976 1053 1038 1072 rum
1057 1045 1211 1072 nuntiabat.
1226 1045 1359 1079 Apparuit
1369 1052 1433 1072 vero
1442 1045 1556 1080 primum
1572 1045 1660 1072 media
1676 1051 1763 1077 nocte,

975 1090 1054 1124 juxta
1065 1089 1221 1120 luciferum,
1237 1089 1263 1115 in
1293 1089 1351 1123 ipso
1364 1089 1467 1116 circulo
1481 1090 1527 1124 qui
1550 1089 1683 1117 Zodiacus
1698 1090 1765 1117 dici-

978 1139 1041 1168 tur;
1064 1143 1193 1170 magnum
1218 1142 1299 1169 porro
1314 1140 1373 1162 erat
1391 1143 1423 1162 ac
1440 1135 1610 1170 splendidum
1634 1136 1659 1163 id
1678 1136 1764 1167 sidus.

978 1189 1028 1208 nec
1044 1181 1130 1208 multo
1147 1181 1263 1208 inferius
1280 1181 1405 1208 lucifero.
1424 1181 1519 1208 Postea
1533 1189 1597 1209 vero
1615 1190 1767 1211 concursus

977 1232 1114 1255 astrorum
1126 1227 1246 1262 undique
1259 1227 1292 1254 ad
1308 1228 1373 1254 illud
1396 1227 1484 1255 factus
1497 1232 1538 1255 est
1559 1237 1566 1255 :
1580 1229 1666 1256 instar
1684 1236 1767 1264 apum

978 1273 1111 1300 examinis
1126 1273 1264 1307 qumcirca
1277 1281 1365 1308 regem
1373 1281 1453 1300 suum
1469 1274 1495 1300 in
1504 1274 1596 1301 orbem
1608 1275 1766 1308 densautur;

979 1317 1089 1349 exinde,
1118 1319 1200 1347 veluti
1228 1323 1322 1345 mutua
1339 1319 1480 1346 collisione
1507 1324 1628 1355 cogente,
1645 1321 1766 1348 omnium

979 1369 1116 1392 astrorum
1137 1365 1182 1392 lux
1197 1365 1223 1391 in
1243 1373 1324 1392 unam
1334 1365 1473 1392 ﬂammam
1487 1367 1631 1394 commista
1655 1366 1768 1400 cﬂulsit,

980 1419 1007 1441 et
1020 1414 1147 1449 ancipitis
1170 1414 1263 1450 gladii,
1289 1414 1380 1449 magni
1393 1422 1425 1441 ac
1437 1414 1566 1441 terribilis
1588 1415 1701 1450 ﬁguram
1719 1424 1768 1443 ex-

981 1459 1093 1493 pressit.
1111 1458 1144 1486 Et
1159 1467 1192 1486 ex
1219 1459 1281 1486 aliis
1295 1459 1403 1494 quidem
1427 1459 1562 1486 sideribus
1579 1468 1640 1494 qure
1660 1461 1686 1486 ir.
1704 1460 1770 1487 illud

982 1509 1085 1532 astrum
1097 1504 1213 1532 conﬂata
1236 1509 1323 1538 erant,
1350 1504 1397 1531 lux
1421 1505 1553 1538 emicans,
1567 1505 1640 1533 ensis
1651 1507 1769 1540 speciem

983 1550 1161 1585 praaierebat;
1175 1558 1246 1577 unus
1264 1557 1328 1577 vero
1352 1550 1396 1577 ille
1411 1550 1457 1585 qui
1477 1550 1581 1585 primus
1595 1557 1768 1587 apparuerat,

983 1597 1068 1623 instar
1083 1597 1173 1631 capuli
1186 1597 1348 1631 supradictae
1359 1596 1451 1631 ﬁgura:
1461 1598 1612 1628 videbatur,
1626 1602 1673 1624 aut
1684 1598 1771 1625 instar

983 1643 1082 1669 radicis
1109 1643 1251 1677 cujusdam
1269 1650 1330 1677 quae
1348 1643 1503 1670 universam
1530 1645 1684 1678 apparentis
1703 1646 1770 1671 astri

983 1688 1070 1714 lucem
1088 1695 1121 1714 ex
1147 1695 1176 1715 se
1199 1688 1346 1722 gignebat;
1365 1687 1485 1720 ﬂamma,
1502 1688 1575 1715 velut
1589 1696 1621 1715 cx
1635 1689 1771 1723 ellyclmio

983 1733 1125 1767 cujusdam
1154 1733 1283 1764 lucernae,
1299 1741 1409 1760 sursum
1430 1733 1587 1767 provolante
1601 1742 1608 1759 :
1624 1738 1650 1760 et
1666 1738 1770 1760 astrum

984 1779 1092 1812 quidem
1108 1779 1179 1814 quod
1193 1783 1258 1806 tunc
1275 1779 1410 1814 apparuit,
1425 1780 1492 1806 adeo
1509 1787 1607 1807 novum
1628 1785 1710 1815 atque
1724 1781 1772 1807 ad—

984 1824 1106 1852 mirabile
1118 1824 1302 1859 spectaculum
1317 1825 1441 1859 prmbuit.
1454 1825 1543 1852 Motus
1555 1833 1620 1853 vero
1637 1834 1652 1853 a
1667 1826 1771 1861 reliquo

984 1870 1121 1897 stellarum
1136 1878 1218 1897 cursu
1231 1870 1310 1905 longe
1325 1870 1450 1898 diversus
1466 1871 1535 1904 fuit;
1552 1879 1613 1898 nam
1632 1880 1694 1899 cum
1708 1872 1772 1898 inde

984 1915 1057 1942 unde
1068 1915 1198 1948 diximus,
1219 1923 1350 1950 apparere
1374 1923 1406 1943 ac
1418 1917 1521 1943 moveri
1537 1917 1674 1951 ccepisset,
1692 1917 1771 1944 initio

985 1960 1092 1995 quidem
1120 1961 1259 1988 oriebatur
1275 1965 1301 1987 et
1324 1961 1465 1989 occidebat.
1489 1969 1543 1989 una
1566 1970 1628 1989 cum
1646 1962 1769 1989 lucifero.

986 2004 1082 2032 Postea
1115 2013 1178 2033 vero
1204 2006 1334 2040 paulatim
1355 2007 1494 2039 recedens,
1512 2008 1546 2034 ad
1560 2009 1772 2043 septentrionem

985 2051 1159 2083 ascendebat,
1172 2053 1272 2079 sensim
1289 2060 1320 2079 ac
1335 2053 1407 2081 lente
1423 2054 1610 2089 progrediens,
1622 2061 1648 2082 et
1662 2055 1772 2089 oblique

986 2103 1114 2132 tanquam
1132 2097 1165 2124 ad
1199 2098 1303 2131 laevam,
1317 2104 1440 2133 respectu
1462 2100 1571 2134 quidem
1598 2101 1771 2132 intuentium,

758 2185 879 2208 νΑιΕειι
895 2186 1144 2210 ANNOTATIONES.

145 2289 152 2294 l
184 2254 240 2290 (54)
251 2253 461 2294 Παρᾳστάντες
473 2253 577 2294 ἀὑτὸν
592 2251 802 2294 ᾖξᾳπίιςιξισαν.
812 2251 926 2294 ’Κεορυξ

985 2253 1073 2293 etiam.
1089 2253 1116 2280 in
1141 2253 1264 2288 margine
1285 2253 1387 2281 codicis
1414 2253 1588 2281 Bochartiani
1613 2255 1772 2282 adnotatum

143 2289 173 2315 in
187 2286 379 2323 uianuscriptis
391 2287 532 2316 codicibus
548 2288 676 2323 scribitur
692 2286 869 2323 ἐξαπιναίως.
878 2286 930 2323 Sed

144 2328 275 2358 praeterea
292 2321 469 2357 corrigendus
485 2322 676 2358 videturlocus
692 2322 891 2358 hocﬁmodotot
902 2321 931 2348 δὲ

141 2356 304 2391 ἐπιστάντες
316 2356 572 2394 αὑτῷὲξαπιναίως,
588 2362 639 2384 etc.
654 2357 708 2383 Καὶ
721 2357 774 2383 τῶν
788 2357 838 2392 τῆς
854 2356 932 2391 βασι-

143 2394 219 2425 λείας
231 2395 340 2429 παρασὴ
346 2402 410 2429 μωνη
417 2393 571 2429 ἀποδύουσι.

253 2427 387 2469 Εὶθςρὰας
396 2428 435 2455 ἂν
449 2427 563 2469 quality.
575 2427 686 2469 'Rectius
699 2427 724 2453 in
740 2427 934 2469 uppuscriptis

142 2462 286 2491 codicibus
297 2463 470 2491 Scoriacensi
479 2467 506 2490 et.
518 2462 700 2489 Bochartiauo
711 2462 849 2492 scribitur,
859 2462 934 2488 εἰκά-

143 2507 217 2531 σαις,
232 2499 278 2526 sed
295 2503 322 2525 et
336 2499 434 2533 σμήνει
458 2499 630 2525 scribendum
641 2502 696 2533 Vest
717 2505 766 2533 pro
778 2497 891 2533 γσμήνῃη
907 2500 935 2523 et

142 2534 211 2595 gap}
239 2533 285 2560 τὸν
312 2531 472 2568 ἡγούμενον,
497 2540 549 2559 non
576 2532 660 2567 παρά,
675 2537 705 2559 ut
725 2532 809 2559 edidit
831 2531 935 2558 Gellio-

157 2576 188 2595 re
209 2577 251 2595 us.

157 2569 251 2596 redus.

182 2603 453 2638 (ὕϐὶΣυνελΙψ-εως.
477 2601 694 2638 Ηοιειειιίιιεηοᾴ
720 2602 790 2629 latus
807 2601 848 2628 sui
871 2601 933 2638 cod.

142 2636 288 2666 annotavit
314 2636 455 2674 legendum
489 2646 550 2667 esse
583 2636 763 2671 συνθλιψεως,
795 2637 933 2671 quomodo

985 2295 1086 2314 inveni.

1021 2323 1077 2357 (57)
1089 2323 1143 2360 Καὶ
1154 2323 1455 2360 μαχαίραςνᾶιγικρνς
1472 2324 1621 2358 ἀμφήκας.
1640 2325 1699 2352 Jam
1717 2327 1774 2360 pri-

986 2357 1047 2384 dem
1064 2358 1235 2391 coujeceram
1252 2357 1496 2395 sci-ilu‘ndumesse
1507 2357 1661 2395 ἆμφήκους.
1677 2357 1775 2388 Postea

987 2399 1051 2419 vero
1079 2398 1293 2427 manuscriptum
1316 2392 1441 2420 Bocltarti
1464 2392 1585 2421 codiceni
1610 2401 1717 2427 nactus,
1736 2396 1775 2423 ita

988 2434 1102 2461 prorsus
1119 2428 1144 2453 in
1161 2436 1193 2454 eo
1213 2429 1343 2462 scriptum
1362 2429 1463 2460 iuveni.
1481 2430 1519 2456 uti
1532 2429 1711 2462 conjeceram.
1727 2430 1776 2457 Est.

985 2467 1076 2501 autem
1098 2463 1230 2501 ἀμφήκης
1246 2463 1378 2498 μάχαιρα,
1392 2465 1408 2498 ὴ
1425 2464 1593 2501 ἑκατέρωθεν
1606 2465 1773 2501 ἡκονημένη.

987 2497 1013 2524 id
1029 2501 1087 2528 est,
1105 2497 1227 2533 utrinque
1243 2497 1338 2529 acuta,
1362 2503 1390 2525 ut
1403 2497 1533 2533 exposuit
1549 2497 1647 2527 Suidas
1668 2497 1776 2528 invoca

986 2533 1129 2567 ἀμφήκης.
1149 2533 1183 2559 ΔΙ.
1198 2532 1286 2560 Lucas
1301 2532 1457 2560 Ilolstenius
1474 2535 1506 2561 ad
1525 2536 1595 2561 latus
1613 2535 1655 2561 sui
1672 2536 1776 2563 codicis

986 2568 1114 2605 emendat
1125 2567 1253 2605 aptaque;
1272 2576 1305 2594 ex
1326 2568 1419 2605 codice
1431 2569 1612 2601 Scoriacensi,
1626 2574 1656 2596 ut
1668 2571 1775 2605 opinor.

988 2601 1087 2639 Verum
1096 2601 1161 2639 _|ta:c
1173 2601 1308 2639 soriptura
1322 2603 1431 2630 tolerari
1448 2612 1501 2630 non
1515 2609 1612 2639 potest.

1023 2637 1079 2672 (58)
1096 2636 1253 2665 Theodorit.
1273 2638 1319 2665 lib.
1338 2646 1363 2670 v,
1385 2646 1446 2674 cap.
1465 2636 1566 2671 12,15.

880 2691 1043 2716 VARIORUM
1049 2709 1054 2715 .

182 2746 222 2779 (α)
242 2746 302 2781 Τὴν
309 2747 358 2773 ἐπὶ
373 2747 483 2780 Ῥώμην
497 2746 655 2773 ἐπάνοδον.
668 2745 706 2773 De
721 2746 773 2773 hoc
786 2745 931 2773 Theodosii

142 2783 264 2808 adventu
281 2783 306 2808 iu
317 2783 411 2808 urbem
426 2782 537 2808 llmuam
553 2782 606 2808 vid.
624 2781 698 2808 Socr.
712 2781 758 2807 lib.
769 2789 795 2811 v,
814 2789 872 2815 cap.
888 2780 930 2812 l4;

142 2818 212 2843 δοῖ.
230 2817 276 2843 lib.
305 2825 352 2847 vn,
366 2824 424 2850 cap.
445 2817 486 2843 Μ.
506 2817 542 2844 De
567 2817 654 2843 sidere
672 2823 752 2847 noro.
767 2815 930 2850 Philostorg.

142 2850 229 2882 infra.
246 2859 303 2886 cap.
326 2852 366 2883 ll,
393 2857 418 2878 ct
442 2853 487 2878 lib.
503 2861 531 2883 ιι,
548 2860 607 2885 cap.
623 2851 647 2877 7.
671 2851 696 2877 Id
716 2851 748 2886 ad
761 2851 934 2886 consulatum

141 2885 263 2915 Tuuaaii
279 2884 311 2915 ἐι
332 2886 452 2914 Promoti
470 2887 525 2922 (qui
547 2884 599 2914 fuit
611 2893 698 2913 annus
711 2884 775 2913 Chr.
788 2885 851 2921 589)
863 2885 933 2915 refe-

986 2752 1050 2774 runt
1073 2747 1245 2775 Marcellinus
1266 2748 1293 2775 in
1323 2748 1462 2779 Chronico,
1489 2747 1566 2775 Fasti
1593 2748 1724 2780 Idaciaui.
1750 2754 1776 2776 ct.

987 2782 1136 2809 Cltronicon
1154 2783 1374 2811 Alexandrinum.
1392 2783 1548 2818 Gothofred.

987 2818 1246 2880 wlblmghﬂadlq.
1289 2818 1444 2854 Legendum
1477 2819 1624 2853 videturﬁ
1660 2817 1776 2852 λαϐίδος.
