1967 3075
101 151 147 180 GM

592 151 871 180 ECCLESIASTICIE
892 151 1066 180 HISTORUE
1088 152 1150 180 LIB.
1172 152 1215 180 Xl.

1675 151 1728 180 652

100 207 273 244 (Δύρηλιανδς
293 207 314 234 δ¹
331 208 346 235 ὁ
370 207 492 244 ὕπαρχος
517 209 563 235 καὶ
583 208 670 245 ἕτεροι
697 209 752 235 τῶν
777 209 806 235 ἐν
827 209 879 235 ταῖς

939 213 991 237 est.
1012 209 1134 245 Cumque
1160 209 1266 244 iudices
1289 209 1316 236 in
1345 208 1485 237 Pantichio
1501 209 1725 243 consedissent,

99 255 192 290 ἀρχαῖς
216 253 358 288 ἐπιφανῶν
375 254 514 291 ἀρχόντων
536 255 698 281 διεσκόπουν
713 255 748 281 τὰ
770 263 890 290 κατηγο-

102 301 238 337 ρούμενα),
254 301 355 333 αίτίαις
374 301 390 328 ὸ
408 302 558 338 Εὑτρόπιος
581 302 661 334 ἁλοὺς
687 302 737 337 τὴν
768 301 889 336 κεφαλὴν

99 347 261 383 ἀφαιρεῖται.
283 347 352 373 Ἀλλ’
366 348 380 374 ὁ
395 347 445 382 μὲν
458 347 647 383 Φιλοστόργιος
658 347 744 374 ταῦτα
757 347 822 382 περὶ
838 347 889 374 Εὐ-

99 393 207 428 τροπίου
234 392 316 427 λέγει.
343 393 452 428 ’Ἑτεροι
478 393 507 420 δὲ
533 393 615 425 ἄλλας
638 392 744 424 αἰτίας,
770 392 816 419 καὶ
839 391 887 418 τοῦ

100 439 287 475 παραλυθῆναι
306 440 356 474 τῆς
370 439 470 475 ἀρχῆς,
487 440 596 476 καὶτῆς
614 439 773 475 ὑπερορίας,
792 439 839 465 καὶ
854 438 886 473 δὴ

99 486 144 513 καὶ
155 486 199 514 τοῦ
216 487 331 514 θανάτου
347 486 546 522 ἀνιστοροῦσιν.

131 627 162 660 ζ’.
189 628 268 661 Ὅτι,
293 628 370 664 φησὶ,
391 629 437 655 καὶ
464 629 527 660 τοὺς
549 629 592 655 ἐπ’
615 628 665 664 ἐμὲ
685 628 885 664 γεγενημένους

96 673 205 709 χρόνους
227 673 344 708 τοσαύτη
372 673 460 709 φθορὰ
484 674 595 708 γέγονεν
624 673 791 709 ἀνθρώπων,
817 674 884 709 ὂσην

96 720 180 752 οὐδεὶς
200 721 295 756 χρόνος
317 720 346 754 ἐξ
362 721 459 752 αἰῶνος
474 721 544 755 ἔγνω
555 729 561 735 ·
583 721 628 747 καὶ
649 720 751 755 ταύτην
765 720 819 756 ἄρα
836 721 884 747 καὶ

95 766 139 793 τὸν
153 767 244 801 ξιφίαν
266 767 408 802 σημαίνειν
428 767 540 803 ἀστέρα.
557 767 595 794 Οὐ
613 766 667 801 γὰρ
688 767 767 801 μόνον
783 767 813 792 τὸ
829 767 882 801 μά-

95 819 183 845 χιμον,
193 810 287 847 ὥσπερ
301 811 385 838 πάλαι
402 811 472 838 κατά
485 812 548 843 τοὺς
563 811 719 846 ἔμπροσθεν
737 811 881 846 πολέμους,

94 856 276 892 ἁπανηλώθη,
303 857 356 883 οὐδ’
377 857 405 883 ὲν
423 858 500 893 μέρει
520 858 572 894 γῆς
595 858 629 884 τὰ
652 857 725 893 πάθη
748 858 880 893 συνέστη’

94 902 161 928 ἀλλὰ
176 903 264 929 πάντα
282 903 331 938 μὲν
349 903 518 939 διεφθείρετο
532 904 609 939 γένη.
621 905 695 930 πᾶσα
708 904 730 930 δ’
744 903 882 930 ἀπόλωλεν

94 949 112 983 ή
131 948 261 984 Εὐρώπη,
284 949 332 976 καὶ
352 950 401 985 τῆς
424 947 519 981 Ἀσίας
532 950 583 976 οὐκ
599 949 678 985 ὀλίγη
697 950 778 985 μοῖρα
796 949 883 975 συνδι-

93 993 208 1029 εψθὰρη.
227 994 308 1020 Ἀλλὰ
321 995 428 1030 καὶτῆς
440 995 543 1030 Λιὸύης
559 996 576 1029 ὴ
589 995 684 1030 πολλὴ,
701 996 748 1021 καὶ
765 995 883 1030 μάλιστά

93 1048 125 1074 γε
139 1040 188 1074 ὅση
206 1041 353 1076 Ῥωμαίοις
376 1040 510 1068 ὑποτελεῖ.
533 1041 692 1076 Βαρὸαρικὴ
718 1041 767 1076 μὲν
783 1041 836 1077 γὰρ
852 1041 883 1068 τὸ

92 1085 142 1120 τῆς
155 1086 257 1121 φθορᾶς
274 1086 375 1121 πλῆθος
389 1086 533 1122 εἰργάζετο
548 1087 684 1122 μάχαιρα·
701 1086 778 1122 λιμὸς
793 1086 821 1112 δὲ
836 1087 882 1113 καὶ

92 1131 202 1167 λοιμὸς,
221 1133 268 1159 καὶ
292 1133 394 1169 Θηρίων
418 1133 522 1169 ἀγρίων
542 1133 638 1168 ἀγέλαι
663 1133 879 1160 συνεπετίοεντο.

92 1177 202 1213 Σεισμοί
219 1187 250 1204 τε
269 1178 393 1211 ἐξαίσιοι,
416 1179 506 1211 πόλεις
524 1180 570 1206 καὶ
590 1179 677 1211 οἰκίας
706 1179 882 1210 ἀνασπῶντες

91 1225 123 1250 ἐκ
138 1223 257 1260 βάθρων,
275 1226 315 1257 είς
328 1225 358 1251 τὺ
378 1226 565 1260 ἁφυκτότατον
584 1226 628 1252 τὸν
645 1225 754 1261 ὀλεθρον
775 1225 882 1260 ὲναιρίε-

91 1279 151 1298 σαν,
167 1270 218 1298 Καὶ
240 1272 368 1307 χάσματα
387 1272 415 1298 δὲ
435 1272 487 1307 γῆς
510 1272 628 1308 ὲνιαχόθι
647 1274 703 1304 τοῖς
725 1273 882 1308 οἰκήτορσιν

91 1317 337 1353 ὑπορῤηγνυμένης
354 1318 438 1352 τάφος
457 1316 491 1354 ἦν
506 1319 696 1353 αὐτοσχέδιος·
716 1319 881 1354 ὲπικλυσμοί

89 1371 120 1388 τε
142 1363 196 1390 τῶν
220 1363 249 1396 ἐξ
272 1364 353 1399 ἀέρος
370 1365 485 1396 ὑδάτων,
511 1365 558 1391 καὶ
584 1366 644 1391 κατ’
659 1365 754 1397 ἄλλους
781 1365 881 1400 αὐχμοὶ

89 1408 255 1443 φλογώδεις,
284 1411 441 1446 πρηστῆρές
462 1419 492 1437 τε
517 1411 590 1437 ἔστιν
606 1408 647 1442 οἷς
673 1411 880 1446 ὲμὸαλλόμενοι,

89 1455 211 1481 ποικίλον
225 1464 254 1482 τε
265 1455 295 1482 τὸ
313 1456 397 1483 δεινὸν
421 1456 529 1483 ἐποίουν
553 1458 599 1484 καὶ
616 1457 761 1492 ἀφόρητον.
778 1456 833 1482 Καὶ
848 1455 882 1491 δὴ

88 1502 138 1527 καὶ
160 1501 263 1536 χάλαζα
280 1502 381 1537 μείζων
395 1503 412 1537 ἢ
440 1503 510 1529 κατὰ
527 1503 651 1538 χερμάδα
673 1501 806 1537 πολλαχοῦ
829 1502 880 1537 γῆς

89 1547 270 1582 κατεφέρετο·
302 1548 366 1583 ἄχρι
384 1548 438 1583 γὰρ
464 1549 512 1575 καὶ
545 1548 618 1575 ὀκτὼ
640 1548 694 1575 τῶν
725 1548 915 1589 λεγομένωνο

88 1593 187 1629 λιτρῶν
201 1594 319 1621 ἕλκουσα
343 1595 425 1630 βάρος
446 1594 524 1630 ὤφθη
547 1595 757 1631 κατασκήψασα.
783 1595 877 1627 Χιόνος

87 1639 116 1665 δὲ
136 1639 236 1675 πλῆθος
256 1641 302 1667 καὶ
328 1641 440 1676 κρυμῶν
457 1642 615 1677 ὑπερϐολαὶ,
627 1641 673 1673 οὓς
697 1641 763 1677 ἄλλη
786 1641 878 1676 πληγὴ

86 1685 118 1711 οὐ
137 1687 344 1722 πῳανὴρπασε,
360 1687 469 1719 τούτους
485 1688 743 1724 καταλαμϐάνουσαι
756 1688 803 1714 τοῦ
818 1689 876 1722 βίου

86 1731 243 1767 ἐξήλαυνον,
255 1733 301 1759 καὶ
316 1733 410 1768 σαφῶς
422 1734 469 1769 τὴν
481 1734 555 1761 Θείαν
569 1735 754 1770 ἁνεκὴρυττον
768 1734 878 1768 ἀγανά-

87 1775 237 1813 κτησιν.οὖ
252 1779 313 1805 καθ’
329 1779 444 1806 ἕκαστον
459 1780 612 1812 ἐπεξελθεῖν
626 1781 692 1817 (86),
708 1781 777 1816 ὑπὲρ
788 1781 877 1807 πᾶσαν

87 1824 268 1860 ἀνθρωπίνην
284 1825 317 1852 ἂν
336 1826 378 1861 εἴη
396 1826 521 1862 δύναμιν,

122 1959 158 1992 η’.
187 1957 248 1982 Ὀτι
274 1955 326 1983 τῶν
341 1956 460 1989 Οὖννων,
484 1956 577 1991 φησὶν,
595 1956 619 1982 ol
649 1955 715 1990 μὲν,
736 1955 784 1990 τῆς
804 1954 878 1986 ἐντὸς

87 2003 198 2037 Ἴστρου
214 2001 330 2033 Σκυθίας
349 2002 398 2036 τὴν
413 2001 512 2037 πολλὴν
537 2002 735 2037 χειρωσάμενοι
757 2002 804 2028 καὶ
822 2001 878 2028 δια-

85 2048 251 2084 φθείραντες
273 2048 415 2084 πρότερον,
435 2048 529 2075 ἔπειτα
544 2049 666 2083 παγέντα
688 2048 734 2075 τὸν
757 2048 878 2083 ποταμὸν

83 2091 239 2124 διαϐάντες,
261 2092 366 2127 ἁθρόως
381 2094 421 2124 εἰς
442 2093 493 2129 τὴν
511 2093 620 2129 Ῥώμην
647 2094 792 2130 εἰσήλασαν
805 2101 811 2108 ⁸
832 2095 878 2119 καὶ

83 2137 160 2164 κατᾶ
180 2139 270 2164 πᾶσαν
291 2138 454 2173 ἀναχθέντες
470 2140 518 2174 τὴν
534 2139 656 2176 θρᾲκην,
673 2139 737 2175 ὅλην
756 2139 806 2175 τὴν
828 2140 879 2166 Εὑ-

84 2182 184 2217 ρὼτιην
197 2182 349 2217 ἐληῖσαντο.
370 2184 401 2209 Οῐ
420 2183 448 2210 δὲ
469 2184 536 2220 πρὸς
559 2184 634 2219 ἥλιον
656 2184 814 2220 ἀνίσχοντα,
834 2184 879 2210 τὸν

940 255 1105 284 Aurelianus
1130 263 1195 283 vero
1219 255 1363 290 prwl'ectus
1390 255 1528 290 prauorio,
1554 259 1582 283 et
1606 255 1651 282 alii
1678 256 1727 292 qui

940 302 1091 335 praecipuos
1118 301 1294 336 magistratum
1322 301 1469 336 gerebant,
1493 301 1526 328 ad
1545 302 1725 329 exercendam
1771 308 1777 314 ‘

938 347 1117 381 qumstionem
1134 347 1274 374 constituti
1287 351 1377 374 essent
1389 367 1397 379 ,
1421 346 1568 381 Eutropius
1582 347 1724 374 convictus

937 393 1063 420 criminis
1078 393 1158 427 cujus
1173 393 1365 424 accusabatur,
1382 392 1470 427 capite
1483 400 1578 428 poenas
1595 393 1677 421 dedit.
1693 393 1726 420 Et

938 438 1135 473 Philostorgius
1150 439 1260 474 quidem
1277 438 1312 465 de
1331 438 1461 474 Eutropio
1481 439 1532 466 ista
1549 439 1653 466 scribit.
1671 439 1724 466 Alii

937 492 1001 512 vero
1017 485 1085 512 alias
1100 492 1200 512 causas
1220 485 1358 517 referunt,
1375 486 1410 512 ob
1429 492 1498 520 quas
1517 485 1664 520 Eutropius
1683 485 1725 512 di-

936 531 1038 564 gnilate
1055 531 1174 558 nudatus
1196 538 1227 558 ac
1251 531 1399 566 relegatus.
1419 536 1446 558 et.
1474 535 1612 566 postremo
1637 531 1726 566 capite

936 577 1068 604 multatus
1086 583 1137 604 est.

970 623 997 650 7.
1016 623 1189 651 Calamilates
1203 623 1371 658 publirw.—
1388 624 1432 651 Ait
1450 623 1658 659 Philostorgius.
1673 631 1723 650 sua

935 669 1025 697 adhuc
1049 673 1128 696 aetate
1153 674 1256 697 tantam
1294 670 1435 697 hominum
1469 670 1540 697 luem
1565 669 1722 702 cistitisse,

935 720 1038 750 quanta
1069 723 1209 750 nunquam
1246 717 1379 751 superiori
1412 717 1543 743 memoria
1568 716 1721 744 exstiterat.

933 761 1022 796 Atque
1035 761 1088 789 hoc
1102 762 1139 788 ait
1155 762 1325 796 portendisse
1339 762 1444 789 stellam
1461 770 1522 797 qua:
1536 762 1621 789 instar
1639 762 1722 797 gladii

933 812 1107 841 apparuerat.
1130 806 1224 843 Neque
1245 810 1318 835 enim
1344 809 1476 836 militares
1492 809 1577 843 copi-.e
1603 813 1719 840 tantum.

935 859 964 880 ut
977 853 1166 889 superioribus
1181 854 1260 881 hellis
1271 874 1278 886 ,
1299 859 1470 889 consumpta
1485 860 1568 888 sunt,
1589 863 1676 889 neque
1693 855 1722 882 in

934 905 1009 934 parte
1028 899 1119 934 aliqua
1141 900 1216 927 orbis
1240 906 1372 927 terrarum
1397 901 1567 928 calamitates
1591 901 1720 928 substite-

932 950 1014 978 runt;
1036 953 1129 973 verum
1145 946 1335 981 cuiuscunque
1354 947 1518 974 conditionis
1534 947 1657 974 homines
1676 947 1719 974 iu-

932 993 1075 1025 terieruut,
1091 998 1118 1020 et
1137 998 1193 1020 tum
1217 993 1344 1020 universa
1367 993 1485 1028 Europa.
1505 999 1561 1020 tum
1578 994 1648 1021 Asia:
1665 1001 1720 1020 non

932 1039 1043 1065 minima
1057 1047 1119 1074 pars
1136 1039 1257 1066 funditus
1269 1039 1473 1074 periit;Al‘ric:c
1484 1045 1611 1074 prmterea
1623 1047 1721 1075 magna

931 1092 1006 1119 pars,
1023 1091 1055 1111 ac
1078 1085 1212 1119 przecipue
1230 1092 1261 1111 ca
1280 1092 1341 1119 qua:
1365 1084 1496 1112 Romanis
1518 1084 1637 1119 parebat.
1651 1083 1722 1110 Nam

931 1135 958 1157 et
982 1130 1142 1158 barbaricus
1165 1130 1239 1157 ensis
1260 1131 1407 1157 maximam
1434 1131 1574 1157 hominum
1595 1129 1717 1156 multitu-

931 1176 1021 1202 dinem
1037 1175 1153 1207 delevit;
1169 1180 1196 1203 et
1211 1175 1364 1209 pestilentia
1376 1183 1408 1202 ac
1421 1175 1519 1204 fames.
1531 1179 1557 1201 et
1571 1175 1720 1209 agrestium

932 1222 1050 1249 ferarum
1068 1229 1164 1257 greges
1186 1221 1268 1249 simul
1285 1221 1478 1249 incubucrunt.
1496 1222 1535 1248 Ad
1554 1221 1611 1248 haec
1626 1225 1721 1248 terrat-

931 1274 1023 1295 motus
1044 1268 1209 1303 gravissimi,
1226 1268 1308 1295 urbes
1324 1276 1356 1295 ac
1380 1268 1477 1295 domos
1495 1276 1508 1295 a
1537 1267 1720 1295 l'umlamentis

932 1314 1000 1349 ipsis
1014 1319 1176 1346 evertentes,
1194 1314 1220 1341 in
1236 1314 1348 1341 exiliunt
1364 1314 1518 1341 inevitabile
1533 1314 1715 1348 projeceruut.

932 1359 1028 1387 lliatus
1041 1367 1151 1394 quoque
1167 1363 1246 1386 terra:
1261 1360 1287 1386 in
1310 1360 1472 1394 quibusdam
1497 1359 1565 1387 locis
1587 1364 1673 1394 rupta:
1687 1368 1721 1386 ac

930 1405 1106 1436 dehiscentis,
1120 1405 1292 1432 subitaneum
1311 1405 1465 1439 sepulcrum
1482 1405 1577 1432 incolis
1595 1405 1718 1439 prashuit.

930 1451 1070 1486 Aquarum
1085 1452 1149 1477 item
1163 1459 1177 1477 c
1192 1451 1261 1478 coelo
1273 1451 1427 1478 cadentium
1440 1451 1541 1478 diluvia
1555 1451 1718 1486 quibusdam

931 1497 958 1523 in
982 1496 1067 1524 locis:
1093 1496 1156 1523 alibi
1187 1504 1251 1523 vero
1274 1497 1413 1524 siccitates
1432 1496 1572 1527 ﬂammea.
1595 1501 1623 1524 ct
1650 1497 1721 1532 ignis

932 1541 1055 1569 turbines
1069 1542 1177 1569 coalitus
1201 1542 1328 1574 immissi,
1351 1543 1526 1578 multiplicem
1545 1549 1625 1579 atque
1648 1544 1720 1571 into-

930 1588 1067 1615 lerabilem
1086 1588 1236 1615 intulerunt
1260 1589 1453 1616 calamitatem.
1478 1589 1531 1616 Sed
1558 1595 1584 1617 et
1605 1590 1719 1625 grando.

929 1634 1017 1669 lapide
1037 1642 1148 1661 manum
1166 1634 1296 1669 implente
1312 1636 1410 1668 major.
1428 1636 1520 1664 multis
1537 1637 1563 1663 in
1583 1637 1650 1664 locis
1671 1637 1720 1663 de-

929 1680 1010 1712 cidit;
1027 1680 1194 1714 depreheusa
1211 1681 1283 1708 enim
1301 1686 1342 1708 est
1353 1681 1464 1713 alicubi,
1478 1690 1538 1716 quze
1559 1687 1620 1710 octo
1635 1682 1719 1709 libra-

929 1735 1002 1759 rum.
1015 1731 1044 1754 ut
1060 1732 1168 1758 vocant.
1183 1728 1289 1762 pondus
1313 1734 1442 1762 aequaret.
1459 1727 1565 1755 Nivium
1589 1733 1721 1763 prazterea

929 1773 970 1800 vis
990 1778 1017 1800 et
1030 1772 1138 1807 frigoris
1157 1773 1327 1802 immanitas.
1348 1782 1396 1801 eos
1415 1782 1485 1809 quos
1504 1774 1555 1801 alia
1578 1774 1720 1801 calamitas

930 1826 983 1844 non
1000 1818 1189 1852 praeripuerat,
1211 1819 1373 1853 corripiens,
1390 1820 1445 1846 vita
1459 1820 1586 1854 privavit,
1608 1818 1654 1846 Dei
1676 1820 1718 1846 in-

930 1861 1111 1897 dignationem
1129 1862 1273 1890 manifeste
1296 1863 1471 1891 denuntians.
1490 1864 1591 1891 Vernm
1611 1865 1719 1900 singula

930 1915 1156 1940 commemorare,
1176 1908 1304 1935 humanis
1323 1909 1427 1935 viribus
1444 1909 1533 1943 majus
1549 1910 1664 1936 videtur.

965 1952 991 1979 8.
1003 1953 1184 1980 Barbarorum
1196 1959 1293 1980 motus.
1309 1954 1479 1989 Tribigildus.
1488 1954 1584 1982 Gaina.
1596 1954 1717 1983 Fravila.

929 2015 964 2019 —
975 1999 1031 2034 (88)
1042 1999 1129 2027 llunni
1142 2001 1187 2035 qui
1203 1999 1341 2036 Scythiam
1350 2008 1410 2036 qua:
1422 2007 1497 2028 trans
1506 2000 1603 2028 Istrum
1615 2001 1666 2028 sita
1678 2007 1719 2028 est

930 2050 1130 2080 Occupaverant
1147 2047 1223 2081 prius
1237 2054 1269 2073 ac
1283 2046 1470 2079 devastarant,
1487 2053 1591 2082 postea,
1610 2055 1719 2074 amnem

931 2092 991 2126 gelu
1006 2091 1184 2119 constrictum
1200 2092 1377 2127 trajicientes.
1395 2092 1421 2119 in
1439 2092 1623 2120 Romanorum
1639 2093 1718 2120 ditio-

931 2145 992 2164 nem
1007 2137 1161 2172 irruperunt
1173 2145 1179 2169 ;
1193 2144 1219 2164 et
1231 2146 1278 2172 per
1291 2138 1446 2165 universam
1460 2138 1602 2166 Thraciam
1615 2139 1716 2169 ditl’nsi.

932 2189 1016 2211 totam
1043 2183 1180 2218 Europam
1205 2184 1360 2218 depopulati
1395 2190 1468 2212 sunt.
1503 2184 1592 2212 Hunni
1626 2189 1718 2212 autem

82 2229 188 2255 Τάναϊν
202 2229 322 2264 ποταμὸν
331 2229 481 2261 διαϐάντες,
494 2230 540 2256 καὶ
547 2231 580 2265 τῇ
610 2229 664 2265 ἑῴα
675 2229 876 2265 ὲπεισρυέντες,

933 2229 1086 2261 orientales,
1109 2229 1224 2264 trajecto
1244 2238 1324 2258 amne
1346 2230 1442 2264 Tanai,
1461 2231 1488 2258 in
1509 2230 1627 2259 Orientis
1651 2239 1716 2266 pro-

81 2274 118 2301 5-3
141 2274 287 2311 Ἀρμενίας
300 2275 420 2311 μεγάλης
436 2277 476 2308 εἰς
487 2277 536 2312 τὴν
553 2276 722 2311 καλουμένην
735 2275 877 2311 Μελιτινὴν

82 2322 311 2357 κατεῤῥάγησαν.
331 2323 378 2348 Ἐκ
402 2321 505 2357 ταύτης
527 2322 555 2348 δὲ
574 2321 764 2357 Εὑφρατησίαν
782 2330 811 2348 τε
828 2322 877 2348 ὲπ-

81 2367 185 2393 ἐῦεσαν
202 2368 269 2403 (87),
288 2368 334 2394 καὶ
353 2368 433 2403 μέχρι
455 2367 506 2403 τῆς
526 2367 619 2403 κοίλης
639 2368 739 2403 Συρίας
762 2367 875 2403 ἣλασαν,

80 2413 133 2439 καὶ
157 2412 207 2448 τὴν
231 2413 357 2440 Κιλικίαν
376 2414 597 2449 καταδραμόντες
620 2414 699 2448 φόνον
724 2413 877 2449 ἀνθρώπων

931 2277 1036 2303 vincias
1053 2276 1142 2307 ell‘usi,
1160 2283 1208 2310 per
1223 2276 1351 2311 majorem
1365 2277 1520 2304 Armeniam
1537 2277 1563 2304 in
1580 2277 1718 2312 regiOnem

930 2330 992 2357 qua:
1007 2321 1126 2348 Melitiue
1140 2321 1249 2353 dicitur.
1269 2323 1416 2349 iri-uerunt.
1430 2322 1532 2350 Exinde
1548 2322 1719 2357 Euphraten-

930 2375 987 2395 sem
1008 2367 1140 2402 aggressi,
1164 2367 1198 2394 ad
1222 2367 1399 2403 th-syriam
1424 2376 1510 2403 usque
1524 2373 1720 2403 penetrarunt,

930 2418 957 2441 et
977 2420 1106 2448 percursa
1130 2412 1235 2447 Cilicia,
1255 2414 1439 2441 increlibilem
1456 2414 1598 2441 hominum
1617 2414 1719 2441 caadem

700 2502 820 2524 VALESII
837 2501 1081 2524 ANNOTATIONES'

78 2567 170 2595 deris.
191 2567 237 2603 Sic
257 2567 283 2594 in
299 2567 424 2603 Ilcsyehii
440 2568 539 2595 Lexieo
560 2569 657 2603 legitur
675 2568 870 2603 κονσιστόριον,

79 2605 157 2630 θεῖον
175 2601 320 2638 συνέδριον.
333 2601 531 2631 consistorium
548 2601 629 2638 porro
639 2603 691 2630 dici
707 2611 760 2630 non
773 2601 871 2638 potest,

79 2640 137 2665 nisi
154 2640 180 2664 in
200 2646 254 2672 quo
272 2639 396 2673 princeps
407 2639 522 2672 judieal.
538 2639 721 2666 asstdentibus
736 2639 874 2673 iudicibus

77 2674 307 2704 c0nsi~torianis.
322 2678 350 2699 ut
362 2674 425 2700 alibi
442 2674 541 2701 notavi.

117 2706 241 2742 (86)_0i5
260 2708 324 2736 καθ’
337 2708 468 2735 ἕκαστον
486 2707 673 2740 ὑπεξελθεῖν.
695 2708 875 2736 Scribcndum

77 2740 263 2780 ριιιοίῶνᾉτὺ
278 2743 468 2780 καθἠἓκαστον
485 2744 657 2780 ὲπεξελθεῖνι
675 2743 761 2780 Quam
783 2744 877 2771 lectius

78 2778 147 2806 item
164 2778 312 2806 conﬁrmat
326 2779 495 2811 Nicephorus
511 2779 538 2805 in
552 2787 612 2813 cap.
625 2778 670 2809 56,
686 2779 745 2805 libri
759 2787 818 2813 x_ItI,
831 2779 875 2806 ubi

78 2816 158 2841 hunc
169 2813 347 2847 Philostorgii
360 2815 448 2841 locum
464 2815 498 2841 ita
515 2811 646 2848 expréssit
660 2822 667 2840 :
683 2814 751 2849 Περὶ
764 2811 801 2840 ὧν
817 2814 877 2840 καθ’

76 2851 203 2876 ἕκαστον
226 2849 391 2884 ἐπεξελθεῖν,
407 2849 476 2884 ὑπὲρ
492 2850 581 2875 πᾶσαν
596 2848 768 2884 ἀνθρωπίνην
784 2849 815 2876 ἂν
836 2849 877 2883 εἴη

76 2886 214 2921 δύναμιν.
228 2883 320 2912 Potest
337 2884 417 2912 etiam
434 2883 526 2918 scribi,
537 2885 554 2912 ἃ.
570 2884 629 2912 καθ’
644 2883 758 2910 ἕκαστον
770 2885 878 2916 ἐπεξελ-

926 2569 993 2601 θεῖν,
1009 2573 1061 2596 etc.
1075 2567 1103 2594 In
1121 2576 1171 2594 ms.
1189 2567 1282 2594 codice
1299 2566 1425 2594 Bocharti
1442 2565 1610 2593 καοὲκαστον
1623 2566 1718 2594 scribi-

928 2609 971 2630 illl'
988 2612 1042 2630 una
1059 2611 1134 2634 γοεο,
1151 2610 1202 2629 11011
1221 2603 1300 2630 male.

965 2639 1022 2672 (87)
1042 2638 1256 2672 Eogpatna'lar
1266 2646 1297 2664 τε
1310 2636 1469 2663 ἐπέθεσαν.
1483 2635 1662 2663 Scrihendum
1675 2641 1718 2664 est

931 2674 1024 2708 procul
1049 2671 1132 2700 dubio
1152 2673 1346 2708 Εὑφρατητίᾳ,
1369 2672 1598 2708 quemadmodum
1620 2671 1646 2698 in
1664 2679 1716 2700 ms.

930 2707 1077 2743 exemplari
1096 2708 1231 2735 Samuelis
1252 2707 1378 2743 Bocharti
1397 2707 1430 2734 ad
1449 2707 1606 2743 marginem
1624 2715 1712 2743 eruen-

930 2741 1023 2771 datum
1055 2743 1154 2770 inveni.
1183 2743 1220 2769 De
1245 2743 1296 2769 hac
1323 2742 1483 2769 Hunnorum
1512 2741 1662 2776 irruptionc
1689 2742 1718 2770 in

931 2779 1078 2806 orientales
1096 2778 1249 2813 previucias
1263 2779 1367 2812 imperii
1385 2776 1512 2809 Romani,
1538 2777 1717 2813 praeterscri-

930 2820 1022 2849 plores
1037 2823 1050 2840 a
1068 2810 1233 2849 Gotlml‘redo
1246 2810 1379 2849 Laudatos,
1393 2813 1512 2848 loquitur
1523 2813 1603 2838 etiam
1619 2810 1715 2839 Hiero-

931 2847 1028 2885 nymus
1045 2851 1070 2885 in
1089 2848 1230 2885 Epitaphio
1244 2847 1368 2875 Fabiolae.

970 2885 1026 2919 (88)
1046 2884 1108 2912 Son.
1124 2883 1170 2911 lib.
1186 2891 1245 2917 \'tll,
1262 2891 1322 2918 cap.
1337 2885 1360 2910 l.
