1967 3075
237 132 292 162 603

922 130 1164 159 PHILOSTORGII

1817 129 1864 159 σοι

237 195 438 226 perpetrarent.
456 190 573 218 Mazices
596 195 727 224 praeterea
754 194 784 216 et»
805 188 964 220 Ausoriani,
983 189 1029 223 qui

1083 187 1246 223 εἰργάσαντο
1261 187 1448 223 ἀνιστόρητον.
1465 187 1502 214 Οὐ
1521 186 1600 222 μόνον
1614 186 1653 218 δὲ,
1671 186 1738 213 ἀλλὰ
1754 186 1798 212 καὶ
1812 187 1861 214 Μά-

236 236 308 263 inter
321 234 442 262 Africam
460 242 492 263 ac
506 234 619 270 Libyam
635 235 716 262 sedes
733 233 845 263 habent.
859 233 894 260 ab
904 232 1030 260 orientali

236 281 347 315 quidem
374 281 496 316 ipsorum
528 281 607 316 plaga
639 280 751 316 Libyam
773 280 969 311 devastarunt,
1004 283 1030 307 et

237 327 347 363 Egypti
365 327 438 354 haud
455 328 580 362 exiguam
598 332 701 362 partem
721 326 806 354 simul
824 332 1029 360 oppresserunt.

237 373 278 400 Ab
295 373 456 401 occidentali
474 378 564 400 autem
583 373 660 407 plaga
679 372 761 400 Afros
783 372 916 408 aggressi,
947 372 1030 400 simili

237 419 314 447 clade
334 419 493 447 aﬂ‘ecerunt.
511 419 567 455 (89)
587 419 688 446 Praeter
705 419 755 445 hos
775 426 872 446 omnes
886 418 1031 451 barbaros.

238 464 408 500 'l‘rihigiidus
423 472 549 500 quoque,
565 464 607 491 vir
622 464 733 492 natione
751 463 866 499 Scytha,
884 472 917 492 ex
933 465 966 492 iis
983 465 1030 500 qui

237 519 312 538 nunc
333 511 414 538 Gothi
433 511 625 543 nominantur;
652 510 751 537 horum
768 509 840 537 enim
867 510 1029 545 Scytharum

237 562 331 592 gentes
345 562 409 585 sunt
428 564 543 584 numero
560 556 685 591 plurimae
700 564 733 584 ac
754 556 942 591 discrepantes
958 565 965 583 :
987 556 1031 584 hic

237 605 322 639 igitur
338 611 400 630 cum
419 603 598 630 barbarorum
612 602 707 637 copias
719 602 798 629 circa,
819 610 847 629 se
860 602 983 635 haberet,
999 607 1026 630 et

238 649 356 678 Nacolia:
371 650 397 677 in
411 649 528 685 Phrygia
547 648 690 679 resideret,
709 648 817 676 comitis
833 648 965 683 dignitate
982 648 1031 676 de-

238 701 348 723 coratus
359 715 366 727 ,
383 703 416 722 ex
430 695 520 722 amico
535 698 647 730 repente
667 694 753 722 hostis
771 694 957 722 Romanorum
973 694 1031 723 eili-

238 742 319 768 citur.
332 741 366 768 Et
377 741 412 768 ab
428 742 485 776 ipsa
501 748 616 768 exorsus
626 739 747 772 Nacolia,
760 740 893 775 plurimas
907 741 1032 776 Phrygiae

237 788 320 815 urbes
347 787 508 823 occupavit.
537 795 719 822 magnamque
745 787 887 815 hominum
911 792 1029 823 stragem

236 834 311 862 fecit.
328 833 429 863 Contra
448 834 522 860 hunc
537 834 639 861 missus
654 833 740 860 Gaina
755 834 885 868 magister
903 834 1031 866 militum,

237 879 296 914 ipse
310 888 418 915 quoque
437 879 549 907 natione
571 879 717 911 barbarus,
740 879 883 906 victoriam
900 879 1029 914 prodidit,

236 934 299 952 rum
319 930 347 953 et
370 925 428 960 ipse
455 926 531 960 paria
559 925 691 952 adversus
714 925 854 952 Romanos
878 926 1029 953 moliretur.

238 971 342 998 Exinde
358 971 535 1007 Tribigildus,
553 972 632 1006 quasi
650 972 763 1000 Gainam
783 971 900 1007 fugiens,
917 972 944 999 in
960 971 1032 999 Pisi-

237 1016 310 1043 diam
328 1024 360 1043 ac
379 1016 567 1052 Pamphyliam
587 1017 705 1049 invasit,
724 1025 825 1052 easque
850 1018 1031 1052 depopulatus

237 1068 293 1094 ist;
313 1062 376 1088 dein
392 1062 475 1089 variis
495 1062 618 1089 locorutn
640 1061 846 1090 difﬁcultatibus
862 1067 888 1089 et
902 1061 1032 1090 lsauticis

237 1107 342 1142 proeliis
366 1108 491 1141 attritus,
515 1110 625 1135 tandem
653 1108 679 1135 in
707 1107 912 1143 Hellespontum
933 1109 1029 1136 evasit.

238 1152 315 1180 Unde
331 1162 393 1181 cum
411 1154 437 1180 in
455 1154 601 1180 Thraciam
617 1154 781 1187 traiecisset,
801 1162 854 1182 non
870 1155 957 1183 multo
971 1160 1032 1190 post.

235 1199 389 1226 exstinctus
404 1203 456 1226 est.
471 1199 505 1226 At
517 1199 604 1227 Gaina
617 1205 678 1235 post
693 1201 875 1235 proditionem
891 1209 953 1229 cum
971 1210 1030 1229 ma-

238 1246 316 1281 gistri
332 1246 449 1273 militum
463 1246 596 1281 dignitate
611 1255 739 1275 reversus
751 1247 1031 1284 Constantinopolim,

237 1299 297 1318 eam
311 1298 446 1326 occupare
457 1296 572 1319 conatus
590 1296 642 1319 est.
665 1291 764 1319 Verum
782 1293 901 1320 cmlestis
918 1294 1030 1328 quidam

237 1337 393 1372 exercitus,
412 1342 576 1372 conspectus
591 1338 625 1364 ab
649 1338 684 1365 iis
702 1339 749 1373 qui
778 1347 834 1366 rem
860 1340 1030 1366 cxsecutioui

237 1383 367 1411 mandare
399 1384 520 1419 aggressi
550 1389 639 1417 erant,
671 1393 733 1412 cum
759 1393 807 1413 eos
829 1387 1029 1420 pcrterruiasct.

237 1429 332 1457 urbem
368 1430 477 1465 quidem
505 1431 715 1465 expugnationis
742 1432 861 1466 periculo
879 1432 1030 1466 liberavit;

237 1477 299 1504 illos
316 1484 380 1504 vero
399 1477 598 1511 deprehensos,
614 1477 753 1504 hominum
768 1478 894 1506 vindictae
907 1479 1028 1507 tradidit.

1083 234 1157 266 ζικες
1172 234 1219 260 καὶ
1229 233 1397 270 Αὐξωριανοὶ
1414 233 1533 268 (μεταξὺ
1545 234 1572 260 δὲ
1583 233 1686 269 Atti-31;;
1699 233 1746 261 καὶ
1762 233 1862 268 ’Λιρρων

1082 276 1155 306 οὗτοι
1171 280 1328 314 νέμονται),
1349 279 1420 306 κατὰ
1439 279 1487 314 μὲν
1502 280 1531 306 τὸ
1553 279 1662 306 ἑωθινὸν
1681 279 1771 305 αὐτῶν
1788 279 1863 314 κλίμα

1082 325 1131 360 τὴν
1151 325 1255 361 Λιϐύην
1273 325 1470 361 ὲξηρήμωσαν,
1489 325 1536 351 καὶ
1551 325 1602 359 τῆς
1622 325 1759 359 Αἰγύπτου
1777 325 1863 361 μοῖραν

1082 371 1132 397 οὐκ
1147 371 1292 406 ἐλαχίστην
1309 371 1501 402 συνδιώλεσαν,
1519 372 1634 406 Ἀφροις
1656 379 1685 397 τε
1709 371 1864 406 ἐμϐαλόντες

1082 418 1152 444 κατὰ
1165 418 1296 453 δυόμενον
1307 418 1383 453 ἥλιον
1405 418 1437 444 τὰ
1453 417 1631 453 παραπλήσια
1654 417 1780 453 ἔδρασαν.
1803 416 1864 443 Ἀλλ’

1082 463 1129 490 ἐπὶ
1143 463 1246 496 τούτοις
1265 465 1332 490 πᾶσι
1353 464 1400 491 καὶ
1415 464 1601 500 Τριγιϐίλδος,
1619 464 1688 500 ἀνὴρ
1703 464 1807 500 Σκύθης
1822 463 1866 498 μὲν

1081 509 1171 543 γένος.
1182 510 1237 536 τῶν
1256 510 1303 537 νῦν
1318 510 1542 545 ἐπικαλουμένων
1553 510 1660 537 Γότθων
1671 518 1677 526 ·
1693 510 1805 536 πλεῖστα
1818 509 1866 544 γὰρ

1082 557 1130 584 καὶ
1149 557 1265 593 διάφορα
1287 557 1390 584 τούτων
1417 557 1476 583 ἐστὶ
1501 556 1612 583 Σκυθῶν
1634 557 1719 592 γένη·
1743 554 1817 587 οὗτος
1837 556 1868 591 δὴ

1081 603 1196 638 δύναμιν
1217 603 1388 639 βαρϐαρικὴν
1406 602 1492 638 ἔχων,
1520 602 1630 637 καὶτῆς
1652 602 1772 638 Φρυγίας
1796 603 1822 627 ἐν
1836 603 1867 635 τῇ

1082 649 1228 684 Νακωλεία
1244 649 1438 684 καθεζόμενος,
1453 649 1499 675 καὶ
1515 648 1634 684 κόμητος
1651 647 1720 682 ἔχων
1736 647 1826 683 τιμὴν,
1840 648 1871 673 ὲκ

1083 694 1174 728 φιλίας
1191 696 1231 726 εἰς
1245 694 1345 730 ἔχθραν
1364 695 1508 730 Ῥωμαίων
1525 694 1704 731 ἀπορῤαγείς.
1720 694 1778 720 Ἀπ’
1791 694 1871 728 αὐτῆς

1082 741 1243 773 Nam-Asia;
1258 741 1421 776 ἀρξάμενος,
1440 741 1569 772 πλείστας
1583 750 1614 767 τε
1631 741 1723 772 πόλεις
1737 740 1788 775 τῆς
1805 740 1872 776 Φρυ-

1082 786 1143 821 γίας
1162 783 1236 818 εἷλε,
1259 787 1304 813 καὶ
1326 786 1409 813 πολὺν
1437 786 1517 820 φόνον
1541 786 1693 822 ἀνθρώπων
1719 786 1870 821 είργάσατο.

1089 832 1147 867 Ἐφ’
1161 833 1191 859 ὃν
1208 833 1307 864 Γαῖνᾶς
1327 834 1340 858 ὁ
1365 833 1516 868 στρατηγὸς
1534 832 1714 867 ἐκπεμφθεὶς,
1741 831 1873 869 βάρϐαροι

1081 879 1103 906 δ’
1117 877 1165 906 οὖν
1192 879 1240 906 καὶ
1256 878 1349 910 αὐτὸς,
1372 878 1513 913 προῠδωκε
1538 878 1586 913 τὴν
1608 878 1696 913 νίκην,
1714 877 1749 904 τὰ
1769 878 1813 903 ἴσα
1828 878 1873 903 καὶ

1083 926 1164 957 αὐτὸς
1191 925 1339 960 Ῥωμαίοις
1365 925 1462 960 δράσαι
1489 924 1689 959 διανοούμενος.
1717 923 1836 950 Ἐκεῖθεν
1860 923 1874 947 ὁ

1083 972 1263 1008 Τριγιὸίλδος,
1279 971 1316 1003 ὠς
1336 971 1416 1006 δῆθεν
1432 971 1477 998 τὸν
1493 971 1591 998 Γαῖνᾱν
1612 969 1763 1005 διαφυγὼν,
1779 970 1828 1004 τήν
1845 977 1873 995 τε

1083 1018 1206 1045 Πισιδίαν
1226 1019 1272 1044 καὶ
1291 1018 1341 1054 τὴν
1362 1017 1527 1053 [Ιαμιρυλίαν
1551 1016 1636 1044 ἐπιὼν
1654 1017 1872 1052 κατελυμήνατο’

1082 1061 1142 1090 εἶτα
1158 1063 1267 1095 πολλαῖς
1281 1064 1328 1090 καὶ
1346 1063 1427 1094 αὐτὸς
1446 1063 1578 1098 πρότερον
1593 1062 1759 1098 δυσχωρίαις
1781 1070 1810 1088 τε
1828 1062 1875 1089 καὶ

1089 1110 1254 1145 Ἰσαυρικαῖς
1271 1109 1371 1144 μάχαις
1388 1108 1599 1144 περιθραυσοεὶς
1616 1107 1665 1143 τὴν
1680 1108 1758 1143 ἰσχὺν
1772 1107 1819 1134 ἐπὶ
1831 1107 1876 1134 τὸν

1089 1156 1285 1192 Ἑλλήσποντον
1309 1155 1488 1188 διασώζεται·
1504 1155 1552 1181 καὶ
1576 1154 1741 1190 περαιωθεὶς
1757 1154 1804 1181 ἐπὶ
1827 1154 1877 1189 τὴν

1082 1203 1193 1238 Θρᾴκην
1207 1202 1237 1228 οὺ
1254 1201 1324 1236 μετὰ
1339 1202 1406 1228 πολὺ
1428 1201 1628 1237 διαφθείρεται.
1652 1201 1749 1233 Γαῖνᾶς
1764 1201 1791 1227 δὲ
1808 1201 1877 1236 μετὰ

1082 1249 1130 1285 τὴν
1148 1249 1304 1284 προδοσίαν,
1324 1249 1351 1274 ἐν
1377 1247 1416 1283 τῷ
1434 1248 1481 1275 τοῦ
1505 1247 1660 1283 στρατηγοῦ
1674 1248 1794 1283 σχήματι
1811 1247 1877 1282 πρὸς

1081 1295 1130 1331 τὴν
1148 1294 1430 1321 Κωνσταντινούπολιν
1451 1293 1616 1324 ἐπανελθὼν,
1636 1294 1676 1325 είς
1694 1293 1809 1328 μελέτην
1826 1291 1878 1329 ἧκε

1080 1341 1182 1377 ταύτην
1199 1340 1440 1376 παραστήσασθαι.
1459 1339 1579 1375 Οὗρανία
1590 1339 1617 1366 δέ
1634 1348 1675 1371 τις
1695 1339 1806 1370 ἔνοπλος
1820 1340 1879 1366 ἑπι-

1082 1388 1199 1422 φανεῖσα
1211 1386 1336 1422 δύναμις,
1357 1386 1404 1412 καὶ
1420 1386 1481 1417 τοὺς
1498 1385 1636 1412 ἐπιϐαλεῖν
1658 1385 1832 1420 ὁρμηθέντας
1844 1387 1878 1419 τῇ

1084 1433 1182 1468 πράξει
1194 1432 1396 1467 δειματώσασα,
1406 1432 1455 1467 τὴν
1471 1431 1519 1467 μὲν
1529 1431 1606 1457 πόλιν
1617 1431 1666 1466 τῆς
1677 1430 1804 1462 ἁλώσεως
1815 1431 1880 1466 ῥύε-

1082 1488 1138 1510 ται,
1152 1479 1272 1510 ἐκείνους
1283 1478 1310 1505 δὲ
1326 1478 1504 1514 φωραθέντας
1515 1478 1574 1508 ταῖς
1590 1477 1777 1512 ἀνθρωπίναις
1789 1476 1880 1507 δίκαις

237 1521 334 1557 lugens
350 1522 440 1556 itaque
463 1530 558 1549 eorum
584 1523 671 1550 caedes
692 1527 846 1558 perpetrata
871 1529 924 1551 est.
944 1525 1029 1552 Gaina

1084 1524 1219 1555 ἐκδίδωσι,
1229 1524 1275 1549 καὶ
1292 1523 1371 1558 φόνος
1383 1523 1473 1549 αὐτῶν
1485 1522 1571 1560 ἐρρύη
1587 1522 1681 1554 πολύς.
1698 1522 1725 1547 '0
1738 1522 1766 1548 δὲ
1778 1522 1889 1554 Γαῐνᾷςν

237 1576 302 1596 vero
331 1573 405 1596 tanto
433 1573 504 1596 metu
530 1569 673 1603 perculsus
694 1569 757 1604 fuit,
783 1575 813 1597 ut
839 1571 930 1598 statim
953 1577 1031 1599 nocte

239 1616 458 1649 supeneniente,
479 1623 541 1642 cum
560 1615 593 1642 iis
613 1623 682 1650 quos
704 1616 832 1651 colligere
850 1617 947 1652 potuit,
969 1626 1031 1652 por-

239 1667 329 1687 tarum
358 1661 487 1688 custodis
515 1661 541 1688 vi
573 1661 643 1688 facta
668 1670 870 1697 perrumpens,
902 1671 935 1690 ex
965 1664 1031 1690 urbe

239 1714 368 1742 egressus
386 1707 432 1734 sit.
446 1706 582 1740 Quoniam
597 1715 662 1735 vero
672 1707 788 1735 Thracia
804 1709 910 1743 penitus
926 1714 1030 1736 vastata

238 1757 308 1785 erat,
325 1761 357 1780 ac
377 1761 464 1788 neque
488 1753 705 1781 necessariorum
731 1753 879 1789 quidquam
900 1755 1030 1789 praebere,

239 1807 327 1833 neque
346 1799 427 1826 aliam
444 1799 673 1832 depraedationem
693 1799 829 1826 sustinere
841 1799 897 1834 jam
913 1804 1031 1834 poterat,

238 1845 324 1872 Gaina
353 1845 378 1872 in
408 1845 611 1872 Chersonesum
640 1845 764 1880 trajecit.
789 1846 894 1873 ratibus
912 1846 974 1873 inde
1003 1847 1029 1873 in

240 1891 330 1918 Asiam
362 1891 541 1919 transfretare
568 1892 700 1926 cogitans.
732 1892 811 1925 Quod
834 1893 943 1927 quidem
970 1893 1030 1928 ejus

238 1937 382 1964 consilium
410 1945 472 1964 cum
503 1938 651 1971 imperator
675 1938 834 1971 didicisset,
858 1939 959 1966 missus
989 1945 1032 1966 est

238 1988 333 2010 contra
361 1984 436 2010 illum
469 1983 577 2010 Fravita
611 1985 741 2019 magister
769 1985 891 2016 militiae,
924 1985 1030 2013 Gothus

237 2029 348 2063 quidem
363 2029 484 2061 natione,
498 2029 544 2057 sed
561 2029 691 2065 religione
708 2037 841 2064 paganus.
856 2030 926 2058 (idus
939 2036 1029 2058 autem

238 2074 379 2107 Romanis,
396 2079 422 2102 et
448 2075 487 2102 rei
512 2075 640 2102 militaris
661 2075 854 2110 peritissimus.
868 2075 917 2103 llic
937 2076 1029 2111 igitur,

237 2121 302 2148 dum
330 2121 416 2148 Gaina
441 2122 592 2148 exercitum
613 2129 693 2149 suum
717 2123 744 2148 iu
770 2122 924 2157 oppositam
941 2122 1031 2149 conti-

238 2171 347 2194 nentem
373 2167 478 2194 ratibus
499 2167 646 2202 trajiceret,
665 2168 778 2194 navibus
801 2168 912 2195 armatis
936 2167 963 2194 in
982 2175 1030 2194 eas

1082 1572 1122 1602 εἰς
1143 1569 1270 1596 τοσοῦτον
1290 1569 1409 1604 κατέστη
1425 1569 1512 1601 δέους,
1538 1568 1576 1599 ὡς
1598 1568 1698 1594 αὐτίκα
1715 1569 1814 1599 νυκτὸς
1831 1570 1882 1595 ἐπ’

1082 1617 1207 1652 εχούσης,
1224 1616 1282 1652 μεθ’
1297 1616 1367 1642 ὅσων
1382 1615 1498 1650 ἠδύνατο
1512 1616 1575 1647 τοὺς
1585 1615 1630 1641 ἐπὶ
1643 1614 1696 1641 τῶν
1713 1614 1805 1640 πυλῶν
1818 1615 1880 1650 βια-

1083 1665 1209 1699 σάμενος,
1229 1663 1368 1695 ἐξελαύνει
1393 1663 1442 1697 τῆς
1460 1662 1574 1693 πόλεως.
1601 1662 1676 1687 Ἐπεὶ
1694 1661 1721 1687 δὲ
1739 1662 1756 1696 ὴ
1782 1661 1882 1697 Θρᾴκη

1080 1709 1254 1745 ἐξηρήμωτο,
1271 1709 1317 1735 καὶ
1331 1708 1393 1734 οὕτε
1410 1709 1541 1743 παρέχειν
1555 1716 1581 1733 τι
1598 1707 1652 1734 τῶν
1668 1706 1832 1741 ἐπιτηδείων
1847 1704 1883 1742 ἦν

1081 1756 1191 1790 δυνατὴ,
1206 1755 1268 1782 οὗτε
1283 1755 1386 1790 φθορὰν
1402 1754 1485 1789 ἄλλην
1499 1755 1630 1788 ἐνεγκεῖν,
1644 1754 1690 1780 ἐπὶ
1703 1754 1884 1789 Χερρόνησον

1082 1803 1095 1827 ὁ
1112 1801 1211 1832 Γαῖνᾶς
1233 1800 1387 1831 στέλλεται,
1407 1800 1526 1835 σχεδίαις
1545 1799 1736 1835 διανοούμενος
1760 1799 1808 1825 ἐπὶ
1832 1799 1894 1834 τὴν.

1087 1847 1180 1874 Ἀσίαν
1200 1846 1439 1882 διαπεραιοῦσθαι.
1455 1845 1675 1880 Δια-γνωσθείσης
1696 1845 1723 1872 δὲ
1741 1845 1781 1880 τῷ
1803 1845 1885 1880 βασι-

1081 1892 1122 1918 λεῖ
1136 1893 1185 1927 τῆς
1200 1892 1282 1918 αὺτοῦ
1298 1893 1427 1924 διανοίας,
1441 1892 1580 1927 πέμπεται
1594 1891 1746 1926 στρατηγὸς
1757 1892 1821 1917 κατ’
1834 1892 1886 1917 αὖ-

1082 1938 1128 1964 τοῦ
1141 1938 1290 1973 Φραυῗτας,
1315 1938 1412 1969 Γότθος
1429 1937 1478 1972 μὲν
1498 1937 1528 1963 τὸ
1542 1937 1631 1971 γένος,
1655 1937 1756 1972 Ἕλλην
1775 1937 1804 1963 δὲ
1831 1937 1886 1972 τὴν

1081 1984 1170 2016 δόξαν,
1188 1985 1282 2016 πιστὸς
1296 1985 1317 2011 δ’
1329 1983 1374 2011 οὖν
1396 1985 1551 2020 Ῥωμαίοις,
1568 1984 1614 2010 καὶ
1631 1984 1665 2010 τὰ
1677 1983 1795 2018 πολέμια
1808 1984 1886 2018 κρά-

1082 2038 1184 2061 τιστος.
1197 2027 1291 2063 Οὗτος,
1310 2032 1338 2056 ἐν
1353 2027 1375 2064 ᾧ
1388 2031 1488 2062 Γαῖνᾶς
1506 2030 1668 2066 προέπεμπε
1681 2030 1725 2056 τὸν
1744 2030 1792 2056 ὑπ’
1805 2030 1888 2065 αὐτῷ

1083 2075 1197 2110 στρατὸν
1217 2077 1277 2107 ταῖς
1301 2075 1419 2110 σχεδίαις
1442 2075 1678 2111 διαπεραιοῦσθαι,
1695 2075 1773 2110 νηΐτῃ
1793 2075 1888 2109 στόλῳ

1083 2121 1269 2151 συμπλέκεται
1282 2121 1404 2153 ταύταις,
1419 2121 1466 2148 καὶ
1478 2122 1509 2148 ὲκ
1524 2121 1570 2148 τοῦ
1585 2122 1685 2156 ῥᾴστου
1697 2121 1804 2152 πάντας
1816 2121 1888 2152 τοὺς

1083 2167 1272 2201 συμπλέοντας
1283 2169 1342 2199 ταῖς
1360 2168 1479 2202 σχεδίαις
1494 2167 1658 2203 διαφθείρει.
1679 2167 1724 2199 Ἐξ
1737 2163 1768 2193 οὗ
1779 2167 1888 2198 Γαῐνᾶς

238 2214 373 2245 invectus,
388 2213 439 2240 levi
461 2214 570 2248 negotio
590 2219 705 2241 cunctos
719 2215 765 2249 qui
789 2215 842 2242 illis
860 2215 1029 2242 vehebantur

1082 2213 1114 2240 τὰ
1130 2213 1191 2239 καθ’
1209 2214 1305 2240 ἑαυτὸν
1332 2214 1478 2248 ἀπογνοὺς,
1497 2215 1537 2245 είς
1560 2213 1594 2240 τὰ
1609 2214 1657 2249 τῆς
1678 2213 1792 2249 Θρᾴκης
1810 2214 1888 2240 ἀνω-

237 2259 364 2288 confecit.
387 2259 476 2292 Quare
499 2259 585 2287 Gaina
609 2260 711 2287 nullam
727 2261 779 2288 sibi
804 2269 879 2296 spem
904 2261 1027 2289 relictam

237 2307 344 2340 videns,
376 2307 402 2333 in
422 2308 564 2342 superiora
590 2306 714 2334 Thracize
741 2308 799 2335 loca
829 2308 944 2344 aufugit.
974 2307 1029 2336 Nec

239 2353 326 2380 nmlto
342 2357 404 2388 post
426 2352 516 2380 llunni
530 2353 640 2388 quidam
659 2354 760 2388 impetu
780 2354 852 2382 facto
867 2363 928 2382 etim
942 2355 1028 2382 inter-

238 2399 376 2429 fecerunt.
389 2404 525 2434 caputque
539 2398 599 2434 ejus
627 2401 683 2428 sale
702 2401 842 2428 conditum
870 2401 1029 2428 Constanti-

237 2445 358 2479 nopolim
387 2445 522 2480 perlatum
551 2451 602 2473 est.
632 2446 734 2474 I’rmter
764 2447 813 2474 has
839 2447 1025 2480 calamitates,

237 2491 394 2518 isaurorum
410 2500 476 2526 gens
491 2492 580 2520 varias
596 2493 686 2520 clades
701 2493 793 2521 intulit
807 2493 946 2521 Romanis.
958 2493 1026 2521 Nam

239 2537 272 2564 ad
290 2538 356 2566 solis
373 2539 484 2573 quidem
512 2543 602 2566 ortum
623 2539 746 2567 Ciliciam
773 2544 979 2574 percursarunt,
1001 2544 1028 2567 et

238 2584 383 2612 tinitimam
403 2584 521 2621 Syriam,
535 2593 588 2612 non
607 2593 667 2614 eam
686 2585 774 2613 solum
793 2593 854 2620 qua:
871 2585 946 2613 Caele
960 2586 1029 2613 dici-

1081 2259 1152 2294 τέρω
1167 2259 1277 2293 φεύγει,
1294 2261 1341 2285 καί
1357 2268 1430 2291 τινες
1445 2259 1499 2285 τῶν
1515 2259 1623 2285 Οὕννων
1638 2259 1668 2285 οὐ
1690 2258 1789 2284 πολλοῦ
1802 2259 1889 2294 διαρ-

1082 2305 1192 2340 ρυέντος
1211 2305 1308 2340 χρόνον
1329 2305 1489 2337 ἐπελθόντες
1509 2306 1591 2332 αὐτὸν
1614 2304 1772 2340 ἀναιροῦσι·
1797 2306 1851 2331 καὶ
1872 2306 1894 2341 ἡ,

1081 2352 1188 2387 κεφαλὴ
1203 2351 1396 2388 ταριχευθεῖσα
1411 2353 1450 2383 είς
1475 2350 1764 2378 Κωνσταντινούπολιν
1781 2352 1891 2386 ἐκομί-

1082 2399 1142 2435 σθη.
1154 2398 1245 2433 Χωρὶς
1255 2398 1283 2425 δὲ
1297 2398 1351 2424 τῶν
1365 2398 1517 2433 είρημένων
1529 2397 1622 2424 κακῶν
1635 2397 1681 2423 καὶ
1697 2396 1727 2423 τὸ
1747 2397 1891 2433 Ὶσαύρων

1081 2446 1158 2480 γένος
1185 2445 1373 2476 παντοδαποὺς
1400 2444 1552 2479 ἐπήνεγκεν
1575 2443 1714 2479 ὀλέθρους.
1736 2444 1813 2478 Πρὸς
1835 2443 1892 2480 μὲν

1081 2493 1136 2528 γὰρ
1151 2493 1227 2528 ἥλιον
1244 2492 1388 2527 ἀνίσχοντα
1411 2494 1459 2526 τήν
1481 2501 1511 2517 τε
1534 2491 1660 2517 Κιλικίαν
1688 2491 1890 2526 κατέδραμον.

1083 2541 1129 2566 καὶ
1145 2539 1194 2573 τὴν
1220 2540 1319 2574 ὅμορον
1335 2538 1454 2574 Συρίαν,
1476 2539 1506 2564 οὐ
1527 2537 1576 2572 τὴν
1592 2537 1684 2572 κοίλην
1701 2537 1792 2572 μόνον,
1813 2537 1892 2563 ἀλλὰ

1082 2586 1129 2612 καὶ
1140 2585 1188 2621 τὴν
1204 2585 1286 2620 ἄλλην
1299 2585 1379 2620 μέχρι
1395 2584 1506 2620 Περσῶν
1519 2583 1609 2610 αὐτῶν
1625 2582 1796 2618 ἀφικομένην
1814 2583 1891 2618 ($20).

849 2682 970 2704 VALESII
985 2683 1235 2706 ANNOTATIONES.

275 2757 331 2792 (89)
353 2757 415 2784 Soz.
433 2757 481 2784 lib.
496 2765 555 2787 vut.
570 2765 630 2791 cap.
647 2757 673 2784 4.

276 2794 332 2826 (90)
347 2792 440 2827 Μέχρι
454 2791 577 2826 Περσῶν
588 2792 687 2819 αὐτῶν
697 2791 892 2826 ἀφικομένην.
905 2791 963 2819 Non
977 2791 1028 2818 du-

241 2828 298 2855 bito
309 2829 374 2862 quin
386 2828 559 2855 scribendum
573 2829 617 2859 sit,
631 2829 802 2862 ἀφικόμενοι,
815 2828 909 2861 supple
926 2827 1024 2855 Isauri.

242 2863 321 2891 Certe
336 2864 362 2890 in
379 2871 431 2891 ms.
449 2863 543 2891 codice
560 2870 613 2899 quo
630 2871 695 2891 usus
711 2867 750 2891 est
763 2862 927 2895 Bochartus,
944 2862 1027 2898 scrip-

1081 2762 1138 2784 tum
1159 2763 1218 2785 erat
1240 2757 1376 2792 ἀφικόμε,
1402 2764 1517 2786 accentu
1544 2759 1570 2786 in
1595 2759 1817 2794 antepenultitna
1831 2779 1841 2792 ,
1863 2762 1896 2786 et

1081 2800 1164 2830 supra
1184 2793 1306 2830 ultimam
1325 2794 1441 2821 litteram
1461 2795 1607 2829 apponitur
1624 2793 1733 2830 q,'quze
1750 2799 1821 2822 nota
1842 2794 1892 2821 in-

1081 2829 1172 2856 dicare
1190 2829 1255 2856 mihi
1274 2829 1379 2857 videtur
1394 2830 1525 2864 syllabam
1538 2838 1587 2857 νοι.
