1967 3075
104 164 158 194 505

595 166 872 196 ECCLESIASTICAS
894 165 1065 194 HISTORLE
1086 167 1148 195 LIB.
1168 167 1226 195 ΧΠ.

1679 167 1732 196 666
1750 212 1752 214 ἓ

106 223 184 250 Κατὰ
199 223 227 251 δὲ
245 225 357 259 Ἰάπυγα
383 225 483 261 ἄνεμον
500 226 547 253 καὶ
562 226 618 261 (9|)
639 226 790 262 Θρασκίαν,
813 226 889 261 Παμ-

948 230 1002 258 tur,
1018 226 1063 254 sed
1080 231 1107 254 et
1121 235 1181 254 eam
1194 235 1255 262 quae
1269 227 1301 254 ad
1324 226 1421 254 Persas
1436 233 1522 261 usque
1537 226 1674 262 pertingit.
1689 227 1730 254 Ad

105 269 203 302 φυλίαν
219 279 248 296 τε
262 271 389 306 ἐπῆλθον,
405 273 451 298 καὶ
468 272 584 304 Λυκίους
603 272 754 307 διέφθειρον
765 281 771 287 ·
785 271 895 307 Κύπρον

106 324 135 342 τε
160 315 209 351 τὴν
228 316 308 352 νῆσον
332 317 601 353 καταστρεψάμενοι*
627 318 769 348 Λυκάονας
795 325 825 343 τε
849 317 896 343 καὶ

107 361 219 392 Πισίδας
235 362 438 397 ῂχμαλώτισαν.
458 363 513 389 Καὶ
525 362 710 394 Καππαδόκας
727 363 756 389 τδ
772 362 896 389 πλεῖστον

106 406 307 442 ἀναστήσαντες
328 407 396 442 (9'2),
412 408 475 444 ἄχρι
492 408 539 435 καὶ
559 408 606 435 ἐπὶ
619 408 666 434 τὸν
683 408 779 434 πόντον
798 408 897 434 διεκιν-

105 451 236 478 δύνευσαν
247 461 253 467 ·
266 452 313 478 καὶ
326 452 380 479 τῶν
392 453 478 480 ἄλλων
492 453 637 489 βαρϐάρων
650 453 685 480 τὰ
698 454 821 489 χείριστα
833 455 895 486 τοὺς

105 497 303 533 ἁλισκομένους
318 495 391 526 οὗτοι
403 500 529 527 διέθεντο.

231 599 278 626 ΕΚ
297 600 365 626 ΤΗΣ
384 600 585 627 ΔΩΔΕΚΔΤΗΣ
605 601 768 628 ΙΣΤΟΡΙΑΣ.

147 657 181 681 α’.
199 655 259 681 Ὅτι
279 655 477 692 Φιλοστὸργιος,
496 656 543 683 καὶ
559 658 587 683 ὲν
607 657 696 688 ἄλλοις
710 657 815 688 πολλοῖς
828 657 894 683 Στε-

104 699 216 734 λίχωνος
232 702 408 740 κατατρέχων
418 722 426 734 ,
444 703 491 728 καὶ
503 703 662 738 τυραννίδος
673 702 764 738 ἔνοχον
781 703 891 738 γράφει.

105 746 161 772 Καὶ
185 747 223 778 ὡς
251 747 398 782 Ὀλύμπιός
413 757 454 779 τις
476 748 530 775 τῶν
548 749 721 783 μαγίστρων,
746 749 893 784 φερόμενον

105 791 174 818 κατὰ
186 792 233 818 τοῦ
248 792 379 827 βασιλέως
389 793 418 819 ἐν
428 793 466 829 τῷ
480 794 603 830 παλατίῳ
616 794 646 821 τὸ
657 793 731 829 ξίφος
744 793 894 821 ἀντιλαϐὼν

103 837 137 872 τῇ
155 838 242 873 χειρὶ,
260 839 355 866 ἑαυτὸν
372 840 421 875 μὲν
437 839 598 875 ἐλυμήνατο,
613 841 659 867 τὸν
676 840 788 875 βασιλέα
804 840 833 867 δὲ
853 840 892 866 δι-

947 271 1071 308 lapygem
1088 277 1177 300 autem
1203 277 1230 300 et
1244 272 1402 300 Thrasciam
1422 277 1529 304 ventos,
1541 272 1730 308 Pamphyliam

947 319 1117 351 invaserunt,
1135 324 1162 346 et
1176 319 1284 355 Lyciam
1299 318 1419 353 populati
1435 322 1508 346 sunt.
1524 317 1642 353 Cyprum
1659 326 1733 353 quo-

947 370 1000 397 que
1019 364 1136 390 insulam
1153 368 1310 397 vastarunt;
1328 363 1470 399 Lycaonas
1492 364 1555 391 item
1572 371 1604 391 ac
1625 363 1731 391 Pisidas

946 409 973 435 in
1002 411 1159 437 servitutem
1193 410 1376 437 abduxerunt.
1408 409 1533 444 Cumque
1555 410 1730 445 Cappadocus

946 455 1056 483 sedibus
1085 456 1143 483 suis
1165 456 1333 490 expulissent
1354 461 1380 483 et
1398 456 1519 491 captivos
1544 456 1680 490 egissent,
1696 457 1729 483 ad

944 501 1061 529 Pontum
1085 509 1172 536 usque
1197 501 1334 537 progressi
1360 506 1433 535 sunt,
1452 506 1479 529 et
1504 503 1624 530 atrocius
1648 509 1730 537 quam

945 547 1044 583 reliqui
1063 548 1171 575 barbari
1187 548 1212 574 in
1228 548 1351 582 captivos
1369 548 1526 576 saevierunt.

1043 605 1087 632 EX
1109 605 1209 632 LlBRO
1228 605 1426 633 DUODECIMO
1442 604 1628 633 HISTORIA}.

980 661 1005 688 1.
1023 660 1177 688 Stilichonis
1188 662 1281 689 caedes.
1290 677 1325 682 ——
1334 662 1532 697 Pbilostorgius
1547 669 1608 690 eum
1629 661 1664 688 ob
1677 661 1730 688 alia

945 705 1029 732 multa
1040 705 1215 733 Stilichonem
1225 707 1342 741 graviter
1354 707 1519 741 perstringit,
1531 711 1585 733 tum
1600 706 1730 733 adectata:

945 751 1096 786 tyrannidis
1122 759 1198 778 reum
1226 751 1310 779 fuisse
1333 753 1439 780 scribit.
1459 751 1551 779 Refert
1567 752 1647 779 etiam
1660 759 1730 786 quo-

943 796 1024 824 modo
1040 797 1178 832 Olympius
1197 797 1306 832 quidam
1331 798 1470 833 magister,
1483 798 1600 833 gladium
1615 797 1661 832 qui
1681 797 1730 824 ad—

943 849 1039 869 versus
1054 842 1242 876 imperatorem
1263 843 1375 871 strictus
1394 847 1452 871 erat
1473 844 1500 870 in
1515 843 1626 878 palatio,
1646 850 1728 870 manu

104 882 200 915 έσωσε,
215 885 261 910 καὶ
275 885 406 921 συνεργὸς
418 886 493 920 αὐτῷ
505 886 623 921 κατέστη
639 886 707 921 πρὸς
721 886 769 921 τὴν
785 886 889 922 ἀναίρε-

945 896 994 915 sua
1007 888 1170 923 corripiens,
1184 889 1303 924 seipsutn
1320 890 1428 924 quidem
1455 890 1563 921 lzcserit,
1585 890 1729 924 imperato‘

104 936 148 955 σιν
171 929 348 965 Στελίχωνος,
363 932 434 958 κατὰ
456 932 506 966 τὴν
536 932 680 958 Ῥάϐενναν
698 932 890 967 διατρίϐοντος.

105 974 197 1002 Ἀλλοι
206 975 234 1002 δὲ
245 977 295 1003 οὐκ
316 977 475 1012 Ὀλύμπιον,
488 977 545 1004 ἀλλ’
563 977 782 1013 Ὀλυμπιὸδωρόν
798 987 890 1013 φασινο

102 1018 157 1044 οὐδ’
182 1019 320 1054 ἐπαμῦναι
340 1021 378 1056 τῷ
404 1021 520 1056 βασιλεῖ,
547 1021 604 1048 ἀλλ’
635 1022 825 1050 ἐπιϐουλεῦσαι
853 1024 891 1059 τῷ

102 1064 235 1102 εὐεργέτῃ
256 1066 411 1102 Στελίχωνι,
433 1068 480 1094 καὶ
501 1068 541 1099 εἰς
560 1067 704 1103 τυραννίδα
721 1069 890 1104 συκοφαντῆ-

103 1118 148 1137 σαι
173 1112 264 1139 αὐτόν.
285 1113 339 1139 Καὶ
367 1113 426 1140 οὐδὲ
456 1114 605 1149 μάγιστρον
625 1114 775 1149 τηνικαῦτα
802 1113 889 1148 εἶναι,

101 1155 160 1182 ἀλλ’
175 1155 301 1192 ὕστερον,
317 1157 386 1193 μετὰ
399 1158 443 1184 τὸν
456 1158 547 1184 ἄδικον
562 1157 609 1183 τοῦ
622 1157 784 1192 Στελίχωνος
800 1157 890 1192 φόνον,

101 1200 218 1228 ἔπαθλον
236 1203 285 1238 τὴν
300 1203 379 1236 ἀξίαν
397 1203 499 1230 λαϐεῖν.
520 1203 589 1230 Ἀλλ’
604 1203 654 1230 οὐκ
670 1204 709 1235 είς
723 1204 832 1239 μακρὰν
845 1204 891 1230 καὶ

101 1247 183 1274 αὐτὸν
199 1249 327 1284 ῥοπάλοις
342 1251 520 1285 ἀναιρεθέντα
542 1250 592 1285 τῆς
610 1250 766 1285 μιαιφονίας
782 1250 831 1286 τὴν
854 1250 891 1276 δί-

102 1301 153 1328 κην
169 1294 296 1320 ἀποτῖσαι
309 1295 348 1329 τῷ
364 1295 518 1330 Στελίχωνι.

943 941 999 960 rem
1015 941 1077 960 vero
1091 934 1216 967 servarit,
1229 935 1306 970 eique
1321 935 1353 962 ad
1366 935 1543 963 occidendum
1554 935 1728 963 Stilichonem

942 979 988 1013 qui
1006 983 1070 1006 tunc
1087 979 1223 1007 Ravennae
1245 981 1411 1013 morabatur,
1424 988 1533 1015 operam
1558 989 1589 1008 ac
1607 980 1730 1007 ministe-

943 1024 1013 1051 rium
1037 1033 1116 1052 suum
1144 1025 1366 1053 commodaverit.
1390 1026 1442 1052 Alii
1464 1026 1536 1053 hunc
1562 1035 1615 1053 non
1638 1026 1730 1061 Olym-r

941 1070 1028 1104 pium,
1049 1070 1094 1097 sed
1122 1069 1344 1106 Olympiodorum
1366 1072 1524 1104 nominant;
1547 1079 1595 1099 nec
1615 1071 1732 1106 impera-

943 1115 995 1142 tori
1006 1116 1142 1150 suppetias
1154 1125 1215 1143 eum
1229 1117 1323 1144 tulisse
1337 1117 1439 1149 dicunt,
1453 1117 1499 1144 sed
1512 1117 1652 1144 Stilichoni
1662 1117 1732 1144 bene

944 1159 977 1186 de
1000 1168 1029 1187 se
1052 1161 1151 1188 merito
1176 1161 1288 1188 insidias
1314 1162 1456 1194 struxisse,
1472 1169 1589 1197 eumque
1602 1161 1732 1188 aﬂ'ectata:

942 1206 1094 1240 tyrannidis
1109 1207 1177 1234 falso
1193 1215 1347 1235 accusasse.
1368 1207 1424 1235 Nec
1440 1208 1599 1242 magistrum
1613 1215 1646 1234 eo
1664 1212 1732 1234 tcm—

941 1259 1006 1286 pore
1020 1253 1109 1280 adhuc
1127 1253 1211 1281 fuisse
1227 1254 1360 1285 scribunt,
1376 1254 1422 1281 sed
1438 1258 1498 1288 post
1514 1253 1643 1287 injustam
1657 1252 1733 1279 Stili-

941 1296 1038 1324 chonis
1059 1298 1169 1330 aedem,
1187 1299 1419 1333 camydignitatem
1447 1297 1550 1333 praemii
1574 1298 1634 1325 loco
1655 1304 1732 1324 acce-

102 1343 185 1375 pisse.
210 1342 341 1370 Eumdem
367 1348 457 1370 tamen
482 1343 555 1370 haud
579 1343 664 1370 multo
685 1347 744 1378 post
771 1340 889 1370 fusﬁbus
903 1343 1094 1379 interfectum,
1117 1345 1228 1373 nefaria:
1252 1346 1333 1373 cazdis
1359 1353 1454 1380 pccnas
1478 1345 1638 1380 pependisse
1656 1343 1732 1371 Stili-

100 1387 194 1414 choni.

138 1433 169 1468 β’.
189 1434 250 1460 Ὅτι
267 1433 337 1460 κατὰ
355 1434 418 1466 τοὺς
434 1433 652 1469 προειρημένους
671 1433 784 1469 χρόνους
807 1432 888 1459 Ἀλά-

102 1487 176 1513 ριχος
195 1478 292 1510 Γὸτθος
312 1480 342 1505 το
367 1479 464 1513 γένος,
488 1479 553 1514 περὶ
579 1478 613 1504 τὰ
628 1478 677 1513 τῆς
701 1479 810 1514 Θρᾴκης
834 1477 889 1504 ἄνω

977 1432 1003 1459 2.
1024 1431 1145 1458 Alaricus
1161 1432 1187 1458 in
1208 1431 1356 1458 Romanum
1371 1432 1459 1458 urbem
1481 1432 1616 1466 irrumpit.
1631 1448 1665 1452 —
1680 1433 1732 1460 Iis-

942 1478 1003 1505 dem
1032 1478 1198 1513 temporibus
1224 1479 1359 1510 Alaricus,
1385 1477 1495 1505 natione
1518 1477 1635 1510 Gothus,
1658 1478 1730 1506 circa

102 1524 173 1559 μέρη
184 1524 299 1559 δύναμιν
316 1525 455 1560 ἁθροίσας,
471 1524 573 1559 ἐπῆλθε
591 1526 624 1559 τῇ
642 1524 757 1556 Ἑλλάδι,
775 1525 823 1551 καὶ
840 1524 889 1555 τὰς

945 1526 1097 1559 superiores
1121 1525 1244 1552 Thraciae
1269 1530 1361 1559 partes
1394 1524 1505 1551 collecto
1532 1524 1672 1556 exercitu,
1703 1524 1731 1551 in

106 1570 222 1606 Ἀθήνας
242 1568 314 1603 εἷλε,
335 1571 383 1597 καὶ
409 1571 566 1602 Μακεδόνας
594 1571 640 1597 καὶ
658 1571 722 1602 τοὺς
746 1571 890 1605 προσεχεῖς

101 1616 245 1650 Δαλμάτας
266 1617 403 1652 ἐληῖσατο.
433 1617 547 1652 Ἐπῆλθε
564 1617 592 1643 δὲ
612 1616 659 1642 καὶ
674 1616 724 1651 τὴν
748 1616 889 1651 Ἰλλυρίδα,

101 1662 149 1688 καὶ
162 1662 209 1693 τὰς
225 1662 337 1694 ’Ἄλπεις
352 1662 446 1694 διαϐὰς
460 1664 519 1694 ταῖς
539 1662 664 1693 Ἰταλῐαις
680 1661 788 1688 ἐνέϐαλε
799 1669 806 1676 ο
823 1662 888 1688 Στε-

100 1708 194 1743 λίχωνι
209 1708 237 1734 δὲ
248 1729 254 1740 ,
272 1709 310 1740 ὡς
328 1706 403 1741 οὗτος
420 1709 505 1742 λέγει,
522 1709 601 1741 ζῶντι
619 1709 814 1744 μετάπεμπτος
833 1707 888 1743 (95)

98 1753 142 1790 ἦν.
159 1756 207 1786 Ὃς
223 1755 296 1790 αὑτῴ
314 1756 361 1782 καὶ
378 1756 428 1787 τὰς
448 1755 503 1781 τῶν
518 1755 642 1782 ’Ἄλπεων
660 1754 746 1786 πύλας
762 1753 888 1789 διήνοιξε.

99 1801 155 1827 Καὶ
167 1801 222 1835 γὰρ
236 1800 382 1832 ἐπιϐουλὰς
401 1801 489 1832 πάσας
503 1801 656 1835 Στελίχωνα
671 1800 742 1827 κατὰ
758 1799 889 1835 βασιλέως

99 1845 291 1880 παλαμᾶσθαι,
313 1847 359 1873 καὶ
382 1846 442 1882 μηδ’
463 1847 504 1872 ὅτι
519 1846 644 1881 γαμϐρὸν
669 1846 750 1873 αὐτὸν
764 1843 835 1880 εἶχεν
851 1845 889 1879 (a)

99 1891 146 1918 ἐπὶ
161 1891 275 1927 Θυγατρὶ
291 1892 483 1923 δυσωπεῖσῡαι,
504 1891 572 1918 ἀλλὰ
588 1892 635 1918 καὶ
655 1892 800 1927 φάρμακον
816 1891 890 1926 αὺτῷ

100 1938 423 1977 ἀγωνίαςὲγκεράσασθαι
444 1938 515 1972 (SM)-
532 1937 653 1973 ἐλελήθει
667 1937 694 1964 δὲ
709 1937 763 1973 ἄρα
780 1937 885 1967 ἑαυτὸν,

98 1981 129 2007 ἐν
144 1981 182 2016 τῷ
195 1981 355 2013 σπουδάζειν
367 1982 412 2008 τὸν
427 1983 482 2009 υἱὸν
497 1982 625 2018 Εὑχέριον
640 1981 822 2017 ἀνακηρύξειν
836 1990 888 2008 πα-

943 1571 1072 1598 Achaiam
1092 1571 1198 1606 irrupit,
1212 1575 1238 1598 ct
1255 1571 1374 1598 Athenas
1389 1570 1478 1604 cepit;
1493 1569 1652 1598 Macedonas
1667 1578 1732 1605 quo-

943 1623 996 1650 que
1009 1620 1036 1642 et
1052 1615 1182 1643 finitimos
1206 1615 1343 1643 Dalmatas
1359 1615 1502 1650 populatus
1525 1619 1575 1642 est.
1592 1615 1647 1650 (95)
1667 1615 1732 1651 Illy-

943 1662 1028 1687 ricum
1055 1666 1184 1696 prmterea
1207 1662 1316 1694 invasit,
1338 1665 1366 1688 et
1387 1661 1468 1696 Alpes
1492 1665 1679 1695 transgressus
1702 1660 1729 1687 in

942 1706 1046 1734 italiam
1067 1707 1187 1740 intravit,
1202 1715 1215 1734 a
1228 1707 1377 1735 Stilichone
1392 1708 1437 1742 qui
1455 1712 1519 1734 tunc
1535 1706 1623 1733 adhuc
1634 1713 1730 1740 super-

941 1756 996 1779 stes
1008 1756 1076 1784 crat,
1090 1757 1229 1784 evocatus,
1244 1757 1274 1780 ut
1287 1753 1323 1780 ait
1337 1752 1543 1786 Philostorgius.
1558 1751 1609 1784 Qui
1621 1751 1728 1786 quidem

941 1798 1048 1832 Alpium
1079 1799 1160 1825 etiam
1187 1799 1306 1826 claustra
1334 1799 1359 1826 ei
1384 1799 1523 1826 reseravit.
1544 1797 1631 1824 Omne
1656 1797 1729 1824 enim

941 1844 1101 1870 insidiarum
1120 1852 1205 1880 genus
1228 1845 1359 1872 adversus
1387 1845 1576 1879 imperatorem
1597 1844 1730 1871 struxisse

941 1891 979 1917 ait
1003 1889 1193 1923 Stilichonem,
1221 1898 1271 1918 nec
1294 1891 1328 1918 ob
1346 1891 1371 1918 id
1386 1890 1480 1918 saltent
1503 1889 1649 1917 reveritum
1669 1896 1730 1916 esse

940 1936 1012 1971 quod
1034 1943 1161 1970 generum
1191 1937 1266 1963 illum
1288 1937 1410 1968 haberet,
1427 1936 1490 1963 data
1519 1936 1556 1962 illi
1583 1936 1609 1962 in
1633 1932 1731 1962 matri-

941 1982 1063 2009 monium
1080 1983 1152 2015 tilia;
1169 1984 1214 2010 sed
1233 1983 1368 2018 potionem
1381 1984 1404 2010 ei
1423 1983 1581 2018 praebuisse,
1595 1990 1649 2017 qua
1668 1989 1731 2017 pro-

713 2070 833 2092 VALESII
849 2070 1094 2093 ANNOTATIONES.

136 2135 191 2170 (9|)
208 2137 288 2162 Κατὰ
314 2136 348 2163 δὲ
365 2135 464 2163 ἅπυτα
478 2136 517 2163 ἂν
538 2135 610 2164 ἐκεῖ.
625 2135 716 2170 Longe
740 2135 841 2162 rectius
860 2135 887 2162 in

945 2136 1095 2162 emendavit
1114 2137 1164 2164 hoc
1179 2136 1258 2163 modo
1274 2145 1280 2163 :
1301 2136 1333 2162 Et
1346 2135 1544 2170 Cappadocibus
1559 2135 1680 2168 vastatis,
1695 2134 1729 2161 ad

98 2180 151 2199 ms.
169 2171 263 2205 codice
279 2170 414 2198 Samuelis
439 2171 564 2199 Bocharti
583 2171 681 2205 legitur
710 2172 761 2198 hoc
781 2172 862 2197 modo
880 2179 886 2197 :

98 2207 178 2234 Κατὰ
187 2204 215 2232 δὲ
232 2205 343 2241 Ἰάπυγα
357 2207 456 2242 ἄνεμον
473 2207 520 2233 καὶ⁸
536 2204 685 2242 Θρασκίαν.
704 2205 749 2233 Sic
763 2206 844 2242 etiam
860 2205 886 2232 in

97 2241 268 2269 Scoriaccnsi
285 2242 378 2269 codice
392 2240 522 2276 scriptum
545 2240 630 2268 fuisse
646 2246 760 2268 testatur
780 2240 887 2268 Holste—

97 2278 177 2307 nius.
196 2277 242 2311 qui
261 2277 384 2303 Latinam
403 2277 563 2304 Gothol'redi
582 2277 831 2309 interpretationem
851 2276 886 2302 ita

97 2314 216 2339 correxit
233 2322 238 2339 :
254 2312 294 2339 Ad
306 2311 432 2347 Iapygem
444 2317 532 2338 autent
543 2316 568 2338 et
588 2311 743 2338 Tltrusciam
756 2316 860 2347 ventum
877 2320 886 2337 :

97 2349 150 2375 hoc
166 2352 225 2379 est,
246 2348 280 2374 ad
300 2346 420 2374 υεείιζςιιηι
442 2346 660 2382 wquinoctialem,
683 2351 707 2372 et
730 2346 886 2379 septentrio-

96 2391 156 2409 nem
169 2391 267 2409 versus.
282 2382 348 2409 Inde
364 2384 434 2409 enim
449 2391 524 2408 corus
540 2387 564 2408 et
584 2382 677 2408 cwcins
691 2382 803 2415 spirant.

134 2418 190 2452 (92)
208 2419 261 2444 Kal
292 2418 495 2450 Καππαδόκας
519 2417 759 2449 ἀναστήσαντες.
783 2416 812 2442 1η
837 2423 888 2443 ms.

95 2453 192 2480 codice
207 2453 341 2480 Samuelis
355 2453 481 2480 Bocharti
494 2453 538 2479 hic
554 2452 630 2479 locus
642 2453 747 2478 auctior
764 2452 888 2478 habetur.

95 2489 143 2516 Sic
163 2489 235 2515 enim
253 2489 338 2515 codex
356 2489 400 2515 ille
422 2497 428 2514 :
451 2488 499 2514 καὶ
517 2487 704 2518 Καππαδόκας
719 2487 749 2513 τὸ
765 2486 890 2512 πλεῖστον

94 2525 311 2558 ἀναστήσαντες,
331 2529 383 2550 etc.
401 2523 430 2550 Id
451 2530 502 2552 est.
524 2522 555 2548 Et
577 2522 778 2558 Cappadocibus
795 2529 892 2556 magna

94 2567 129 2586 ex
143 2557 219 2592 parte
239 2560 267 2585 in
288 2560 438 2585 servitutem
456 2558 576 2584 abductis
588 2578 595 2590 ,
617 2557 651 2583 ad
668 2557 784 2583 Pontum
808 2565 889 2589 usque

93 2595 229 2628 progressi
251 2598 323 2621 sunt.
351 2594 565 2628 Ἀναστήσαντες
582 2593 654 2620 enim
673 2593 743 2628 idem
760 2592 888 2628 estquod

93 2627 267 2660 ἀναστάτους
283 2627 552 2664 ποιήσαντεςζρυοιι
571 2636 632 2655 cutn
657 2635 711 2654 non
729 2627 890 2661 intelligeret

93 2664 291 2694 Gothofredus,
308 2665 380 2691 hunc
393 2665 481 2690 Iooum
501 2664 618 2698 pessime
633 2664 825 2697 interpretatus
836 2667 886 2698 est.

92 2699 187 2734 Cujus
210 2700 364 2727 versionem
390 2699 548 2726 Holstenius
575 2698 696 2725 adlatus
718 2698 760 2725 sui
786 2697 889 2723 codicis

941 2170 1056 2197 Pontum
1068 2180 1148 2202 usque
1160 2172 1289 2206 progressi
1300 2176 1360 2197 sunt
1373 2179 1381 2196 :
1393 2171 1525 2205 modisque
1532 2171 1664 2205 pessimis,
1675 2177 1730 2203 μιν

941 2206 1001 2232 aliis
1019 2206 1138 2233 bar/laris
1157 2207 1272 2240 captivus
1289 2207 1339 2240 ipsi
1351 2206 1498 2240 a/ﬁxerunt.

976 2241 1033 2275 (93)
1055 2240 1146 2267 Ζῶν-τι
1161 2239 1381 2275 μετάπεμπτος
1400 2241 1428 2267 In
1445 2248 1496 2267 ms.
1511 2240 1604 2267 codice
1616 2239 1730 2265 Samue-

940 2277 973 2304 lis
984 2276 1111 2303 Bouharti
1123 2278 1233 2303 vet-bum
1248 2278 1356 2303 additur
1367 2277 1418 2302 hoc
1427 2276 1523 2302 modo:
1536 2275 1730 2310 μετάπεμπτος

939 2310 984 2347 ἦν.
1000 2311 1077 2344 Quod
1094 2311 1196 2338 idcirco
1215 2312 1319 2344 monui,
1338 2319 1370 2338 ne
1385 2310 1534 2347 quisforte
1548 2310 1727 2341 existimaret,

940 2346 990 2374 nos
1005 2354 1036 2372 cx
1054 2347 1208 2380 conjectura
1224 2348 1372 2381 quidquam
1383 2346 1559 2381 supplet-isse.

978 2381 1034 2415 (94)
1054 2382 1222 2415 ’Φάρμακον
1233 2379 1326 2414 ἀὺίῷ
1343 2379 1474 2415 ἀγωνίας
1500 2379 1730 2414 ἐγκεράσασθαι.

942 2417 1021 2444 Hunc
1031 2417 1120 2443 locum
1136 2418 1240 2443 correxi
1256 2425 1287 2443 ex
1305 2416 1495 2449 mannscriptis
1512 2415 1650 2442 codicibus
1662 2415 1729 2440 Sco-

943 2453 1101 2479 riaccusi.et
1121 2451 1304 2478 Bochartiano
1319 2471 1325 2481 ,
1342 2451 1367 2476 in
1385 2451 1484 2484 quibus
1501 2450 1612 2483 ἁγονίας
1629 2449 1730 2476 diserte

944 2488 1075 2521 scriptum
1091 2487 1215 2513 habetur.
1240 2486 1330 2519 Quare
1351 2485 1508 2512 llolstcnius
1529 2485 1729 2521 interpretatio-

945 2519 1008 2549 nem
1027 2521 1187 2549 Gothofredi
1209 2521 1326 2549 correxit
1345 2521 1395 2548 hoc
1412 2521 1492 2547 modo
1510 2528 1515 2545 :
1535 2519 1585 2548 Sed
1611 2524 1634 2546 et
1653 2527 1728 2546 uene—

944 2566 1006 2584 num
1019 2559 1087 2592 quod
1105 2557 1186 2591 prolis
1200 2556 1369 2592 procreanda?
1380 2555 1533 2592 facultatem
1542 2555 1730 2588 exstingueret,

943 2590 1088 2627 potandum
1105 2590 1273 2619 exhibuisse.
1300 2590 1394 2618 Melius
1417 2590 1646 2627 medicamentum
1672 2597 1730 2616 ver-

945 2629 1031 2655 tisset.
1514 2625 1521 2631 ‘

980 2663 1035 2698 (95)
1054 2664 1115 2690 Soz.
1137 2663 1184 2691 lib.
1200 2671 1257 2694 vtu,
1272 2669 1331 2696 cap.
1347 2661 1392 2694 25,
1405 2665 1433 2689 ct
1448 2661 1496 2688 lib.
1516 2669 1554 2695 Ix,
1571 2667 1632 2694 cap.
1648 2660 1676 2686 4.

834 2776 1009 2798 VARIORUM.

131 2841 172 2877 (α)
191 2842 257 2868 ’⁷υτι
274 2841 405 2876 γαμϐρὸν
430 2842 522 2868 αὑτὸν
540 2839 632 2875 εἶχεν.
654 2839 716 2877 Post
733 2839 882 2877 Eudosiam

93 2874 196 2914 quippe
207 2874 373 2910 defunctam,
387 2878 502 2905 duxerat
514 2874 649 2907 Honorius
660 2875 748 2910 primo
761 2874 884 2908 Mariam,

938 2838 1034 2909 tli'eipde
1049 2838 1262 2872 Thermantiam,
1279 2837 1437 2866 Stilichonis
1460 2836 1537 2865 ﬁlias.
1554 2835 1613 2862 Jac.
1631 2835 1729 2863 Cotho—

955 2882 980 2900 re
1002 2893 1009 2902 ρ

955 2882 1009 2902 rea.
