1967 3075
80 151 129 179 639

563 145 842 176 ECCLESIASTIGE
862 146 1036 176 HISTORIE
1056 147 1119 175 LIB.
1139 147 1196 175 Xll.

1653 145 1707 176 ϐω

80 207 186 238 ἀιιοδύει
217 208 266 243 μὲν
287 208 335 243 τῆς
364 206 503 243 βασιλείας
522 205 567 233 ξὺν
589 207 737 234 Ἄτταλον·
764 208 788 234 oi
815 207 860 241 μέν

915 207 1068 234 redimeret.
1089 206 1174 234 Sarus
1195 213 1271 239 vero.
1287 206 1330 234 cui
1346 209 1408 241 post
1429 205 1588 234 Stilichonis
1609 214 1705 234 necem

80 263 152 289 φασι,
179 254 215 289 μὴ
241 252 334 279 εὐνουν
361 251 430 279 εἶναι
456 252 652 287 διαόληθέντα·
674 253 698 279 οἱ
721 252 768 283 δὲ.
793 253 860 279 διότι

80 299 192 330 σπονδὰς
205 299 331 325 διενοεῖτο
349 298 404 332 (72)
418 298 485 333 πρὸς
507 297 634 333 Ὀνώριον
649 297 752 329 θέσθαι,
768 299 815 325 καὶ
832 299 861 325 τὸ

78 343 171 371 δοκοῦν
189 342 312 378 ἐμποδὼν
330 343 451 374 ἑστάναι,
471 342 530 368 δέον
547 343 640 376 ἡγεῖτο
653 343 860 378 προαποσκευά-

80 390 184 417 σασθαι.
216 390 293 416 Μετὰ
314 389 392 416 τοῦτο
415 389 484 425 πρὸς
510 389 654 415 Ῥἀὸενναν
678 389 692 414 ὁ
723 389 862 423 Ἀλάριχος

79 435 242 468 ἐπανελθὼν,
254 436 301 462 καὶ
313 435 429 467 σπονδὰς
443 435 601 470 προτείνων,
614 435 666 461 ὑπὸ
676 435 723 462 τοῦ
735 443 862 470 προειρη-

80 483 158 518 μένου
166 481 327 518 διεκρούσθη
338 482 436 517 Σάρου,
448 481 569 516 φαμένου
581 481 626 508 τὸν
636 481 862 515 δίκαςὰρείλοντα

77 528 130 555 τῶν
140 526 339 563 τολμηθὲν-των,
359 526 395 561 μὴ
409 526 442 552 ἂν
457 525 532 558 ἀξιον
549 526 603 561 (75)
620 524 688 552 εἶναι
702 527 788 560 φίλοις
800 534 862 552 συν-

76 573 232 601 τάττεσθαι.
251 572 371 599 Ἐκεῖθεν
389 571 530 607 Ἀλάριχος
541 572 679 608 ὀργισθεὶς
694 571 762 607 μετὰ
775 573 861 598 ὲνιαυ-

76 620 122 647 τὸν
134 620 183 654 τῆς
194 619 329 654 προτέρας
340 619 387 645 ἐπὶ
400 619 445 645 τὸν
456 618 555 653 πόρτον
566 619 671 652 ἐφόδου,
683 618 719 650 ὡς
734 617 861 653 πολέμιον

76 665 217 693 ἐπελαύνει
234 666 290 701 (74)
304 667 337 701 τῇ
365 664 469 700 Ῥώμῃ.
489 665 544 691 Καὶ
561 664 594 691 τὸ
609 664 732 691 ἐντεῦθεν
750 664 799 699 τῆς
817 672 862 690 το-

76 713 179 746 σαύτης
195 713 273 747 δόξης
289 712 319 738 τὸ
341 711 464 746 μέγεθος,
485 712 531 737 καὶ
548 710 578 737 τὸ
593 711 642 746 τῆς
658 711 797 745 δυνάμεως
815 718 862 736 πε-

76 757 222 793 ριώνυμον,
247 757 392 791 ἀλλόφυλον
412 756 467 792 πῦρ
488 757 536 783 καὶ
549 755 624 791 ξίφος
651 756 790 791 πολέμιον,
815 757 862 782 καὶ

74 804 247 840 αἰχμαλωσία
258 803 451 839 κατεμερίζετο
465 803 610 839 βάρῦαρος.
634 803 677 828 Ἐν
690 803 820 838 ἐρειπίοις
834 803 862 829 δὲ

73 851 123 885 τῆς
138 850 242 881 πόλεως
255 849 393 884 κειμένης,
413 848 554 884 Ἀλάριχος
564 848 598 875 τὰ
611 848 681 875 κατὰ
695 848 861 883 Καμπανίαν

73 897 208 931 ὲληῖζετο,
227 896 306 923 κάκεῖ
322 895 391 930 νόσῳ
410 895 560 931 φθείρεται.

914 253 1050 282 Honorius
1063 253 1252 288 magisterium
1267 253 1306 280 rei
1324 253 1450 281 militaris
1461 255 1623 287 contulerat,
1638 253 1706 281 inito

913 300 1045 328 adversus
1066 300 1205 327 Alaricum
1232 299 1340 335 prtelio,
1367 308 1428 327 eum
1453 300 1601 335 superavit,
1621 304 1648 327 et
1670 300 1706 327 ah

914 346 980 373 urbe
995 346 1123 373 Ravenna
1142 345 1249 380 longius
1267 344 1380 380 fugavit.
1397 345 1464 372 Tum
1482 353 1546 372 vero
1569 345 1705 378 Alaricus,

913 395 1045 426 occupato
1061 395 1150 426 portu,
1168 391 1288 417 Attalum
1314 391 1429 426 imperio
1444 391 1539 424 exuit;
1559 392 1616 419 sive
1631 390 1705 426 quod

913 441 1058 464 accusatus
1074 436 1164 464 fuerat
1187 437 1266 472 quasi
1290 437 1423 464 malevolo
1443 437 1536 464 animo
1552 441 1623 464 esset
1642 443 1706 472 erga

913 482 1068 515 Alaricum,
1087 482 1154 515 sive,
1174 486 1203 509 ut
1225 482 1269 509 alii
1284 482 1390 515 dicunt,
1407 489 1439 509 eo
1452 482 1525 517 quod
1539 482 1664 509 Alaricus
1677 482 1704 509 in

913 531 1006 555 mente
1025 527 1140 554 habebat
1165 527 1254 555 ftedus
1273 535 1335 554 cum
1351 527 1473 554 Honorio
1491 528 1569 559 inire,
1584 535 1616 554 ac
1629 527 1706 562 prius

913 574 1032 601 emedio
1050 574 1197 601 tollendum
1217 581 1277 601 esse
1299 574 1416 601 ducebat
1437 582 1500 601 eum
1523 573 1570 609 qui
1590 574 1705 609 impedi-

913 623 1006 646 mento
1023 626 1085 646 esse
1096 619 1248 646 videbatur.
1263 618 1327 647 Post
1341 619 1399 647 haec
1410 619 1534 647 Alaricus
1547 619 1704 647 Ravennam

913 672 1049 696 reversus,
1073 673 1134 692 cum
1162 664 1251 693 fcedus
1275 665 1416 693 obtulisset
1435 665 1565 697 Honorio,
1582 673 1598 692 a
1622 672 1703 699 supra

913 715 1064 739 memorato
1079 710 1148 738 Saro
1163 711 1289 746 repulsus
1305 716 1355 744 est,
1369 719 1431 738 eum
1445 711 1492 747 qui
1513 711 1633 738 audaciae
1647 718 1705 738 suae

912 764 1007 792 pmnas
1029 757 1094 784 dare.
1115 757 1263 790 debuisset,
1287 757 1427 792 indignum
1461 765 1521 785 esse
1550 756 1705 785 aflirmante

912 803 958 837 qui
975 803 1045 830 inter
1059 803 1163 830 amicos
1177 807 1376 830 numeraretur.
1397 803 1487 831 Iratus
1509 803 1544 831 ob
1563 803 1621 830 haec
1641 803 1699 829 Ala-

913 849 998 881 ricus,
1022 856 1095 876 anno
1117 853 1179 884 post
1199 851 1316 884 primam
1341 849 1520 885 irruptionem
1541 850 1568 876 in
1594 854 1702 884 portum

876 892 897 919 B
913 895 987 922 urbis
1002 894 1105 926 Romze,
1122 899 1250 930 tanquam
1266 895 1352 923 hostis
1367 895 1474 923 infestis
1491 895 1576 930 signis
1588 894 1702 922 Romam

72 952 170 971 versus
185 943 332 970 contendit.
352 942 453 969 Exinde
469 950 533 969 vero
549 946 631 969 tantm
651 942 743 978 gloriae
757 941 971 976 magnitudinem
1003 949 1034 969 ac
1048 942 1176 976 potentiae
1209 942 1309 969 famam
1330 947 1459 969 externus
1493 942 1574 977 ignis,
1604 948 1631 970 ct
1653 942 1704 970 ho-

71 992 144 1021 stilis
161 992 278 1026 gladius,
288 995 315 1018 et
330 991 471 1018 barbarica
488 990 641 1024 captivitas,
665 990 742 1025 quasi
766 990 862 1018 sortito
882 990 952 1017 inter
976 998 1004 1017 se
1026 990 1187 1018 diviserunt.
1223 990 1291 1018 Dum
1316 991 1380 1018 urbs
1402 990 1488 1018 Roma
1517 991 1544 1018 in
1561 991 1704 1019 ruderibus

69 1043 155 1071 essrt,
176 1038 300 1065 Alaricus
317 1037 493 1072 Campaniam
521 1036 693 1072 deprwdatus
712 1042 764 1070 est,
782 1041 864 1072 atque
883 1037 939 1065 illic
953 1037 1049 1064 morbo
1064 1042 1205 1072 correptus
1220 1037 1356 1065 occubuit.

106 1088 139 1114 δ’.
165 1087 194 1113 Ὀ
215 1086 243 1112 δὲ
258 1086 306 1121 τῆς
323 1086 404 1112 αὐτοῦ
421 1085 549 1119 γυναικὸς
570 1084 683 1119 ἀδελφός
703 1085 770 1120 (75).
793 1104 800 1110 .
823 1105 831 1112 .
852 1105 861 1113 .

301 1153 402 1180 Desunt
418 1153 460 1180 hic
473 1154 532 1180 duo:
545 1153 631 1181 lineae.

66 1221 245 1259 ’βαρϐαρικοῦ
258 1222 311 1258 γὰρ
322 1222 417 1257 γένους
427 1221 473 1247 τοῦ
487 1220 669 1256 Σαυροματῶν
680 1219 736 1255 (76)
754 1229 862 1256 χρημα-

67 1268 156 1301 τίζειν
172 1268 267 1302 αὐτὴν,
281 1268 328 1295 καὶ
344 1267 510 1302 συναφοῆναι
525 1267 586 1293 τότε
600 1266 638 1302 τῷ
651 1266 803 1302 όστρακίνῳ
821 1266 861 1301 γέ-

64 1322 109 1340 νει
126 1313 186 1347 (77)
197 1313 242 1339 τὸν
254 1314 286 1339 ὲκ
298 1312 406 1348 σιδήρου
418 1312 467 1347 τὴν
479 1312 584 1345 γένεσιν
594 1311 717 1338 ἕλκοντα.
734 1311 771 1338 Οὐ
782 1312 860 1338 τοῦτο

950 1084 977 1112 4.
990 1084 1122 1119 Adaulfus
1137 1084 1244 1111 Alarico
1257 1083 1383 1111 succedit.
1393 1084 1616 1113 —Conalantius.
1633 1084 1705 1112 Uxo-

915 1130 953 1158 ris
974 1134 1064 1157 autem
1089 1129 1150 1164 ejus
1171 1129 1256 1157 frater
1278 1128 1410 1157 Adaulfus
1435 1130 1459 1157 ei
1486 1131 1627 1157 successit.
1651 1130 1704 1164 Qui

914 1174 1060 1202 Placidiam
1081 1174 1194 1202 Honorii
1212 1182 1345 1207 sororem,
1367 1183 1448 1209 quam
1471 1175 1596 1202 Alaricus
1618 1175 1704 1209 capti-

914 1229 974 1248 vam
990 1221 1023 1248 ab
1040 1221 1107 1248 urbe
1126 1220 1211 1247 Roma
1225 1228 1316 1248 secum
1334 1221 1494 1254 abduxerat,
1510 1228 1638 1255 sponsam
1655 1228 1703 1248 ac-

914 1266 1000 1301 cepit;
1013 1266 1152 1301 repudiata
1169 1267 1259 1300 priore
1279 1274 1374 1298 uxore,
1390 1274 1452 1301 qua:
1465 1274 1497 1293 ex
1514 1266 1702 1294 Sarmatarum

914 1317 992 1347 gente
1007 1316 1065 1340 erat
1081 1312 1205 1339 oriunda.
1221 1311 1259 1339 Ac
1273 1316 1337 1340 tunc
1348 1312 1456 1340 demum
1478 1316 1595 1340 testaceo
1611 1311 1703 1347 generi

688 1397 809 1419 VALESII
824 1397 1072 1420 ANNOTATIONES.

64 1451 210 1478 Ravennae
234 1451 388 1485 adiecisset.
411 1449 463 1477 Sed
483 1454 510 1477 et
527 1450 585 1484 ipsa
608 1457 698 1477 rerum
720 1455 858 1485 gestarum

63 1487 157 1515 series
170 1494 232 1520 quae
243 1486 286 1512 hic
299 1493 314 1512 a
327 1485 508 1520 Pliilostorgio
523 1488 679 1518 narrantur,
692 1486 759 1513 satis
771 1490 861 1512 osten-

62 1523 106 1549 dit
137 1526 249 1556 portum
275 1521 352 1548 urbis
370 1520 464 1548 Romae
485 1521 529 1547 hic
546 1520 674 1556 intelligi,
690 1527 750 1556 non,
768 1527 858 1548 autem

914 1451 1101 1485 manuscripto
1116 1451 1209 1478 codice
1221 1450 1357 1479 Samuelis
1372 1451 1498 1479 Boeharti
1512 1459 1626 1478 vacuum
1639 1460 1702 1486 spa-

913 1486 980 1512 tium
997 1486 1052 1526 .HlC
1077 1486 1266 1526 relictunmesnt
1296 1494 1391 1526 novem
1419 1487 1563 1526 linearum,
1590 1487 1702 1526 perinde

913 1521 1037 1555 atque'in
1055 1521 1151 1548 codice
1161 1521 1331 1548 Gotliofredi.
1349 1521 1415 1549 Eam
1430 1522 1555 1548 lacunam
1571 1522 1698 1556 supplere

59 1554 182 1592 portum
205 1557 346 1592 liaveimm.
362 1556 485 1582 Alaricus
510 1554 659 1592 enimpost
683 1555 800 1592 Attalum
814 1556 862 1592 im-
876 1558 896 1586 C
913 1554 1003 1583 conati
1022 1563 1116 1592 sumus
1138 1564 1171 1583 ex
1189 1557 1345 1591 conjectura
1362 1565 1370 1584 :
1394 1557 1430 1584 de
1453 1565 1506 1592 qua
1524 1554 1614 1584 velim'
1626 1554 1702 1592 judi-

62 1589 145 1627 perio
157 1596 282 1621 exutum.
297 1591 453 1627 Ravennam
467 1590 572 1617 venisse
586 1589 703 1627 dicitur;
719 1590 861 1627 quoquui-

59 1624 127 1654 item
145 1628 313 1654 confirmant
329 1627 409 1653 etiam
425 1625 593 1653 Sozomenus
603 1624 862 1653 arZosim’us.Ccrte

60 1663 245 1689 Sozomenus
263 1662 363 1689 diserte
386 1661 490 1692 scribit,
512 1659 649 1686 Alaricum
675 1665 781 1694 portum
808 1661 861 1687 Ra-

59 1705 166 1724 vennae
187 1697 232 1731 qui
253 1696 355 1723 Classis
369 1696 479 1728 dicitur,
497 1701 644 1728 occupasse
660 1700 719 1730 post
732 1700 861 1723 exaucto-

55 1733 207 1759 rationcm
225 1732 306 1760 Attali
326 1731 373 1766 (α).

96 1767 163 1802 (72)
179 1766 319 1799 Exorqu
330 1764 494 1794 ‘dwrosizo.
516 1766 631 1794 Fallitur
647 1764 861 1802 rhichothofre-

57 1801 127 1833 dus,
145 1803 197 1836 qui
217 1802 274 1829 haec
298 1801 470 1836 l’hilostorgii
487 1803 567 1829 vorba
586 1802 619 1829 de
640 1801 729 1828 Attalo
745 1801 858 1835 accepit,

57 1845 127 1864 cum
156 1835 194 1863 ite
218 1836 325 1864 Alarico
349 1835 522 1871 intelligenda
543 1837 607 1864 sint.
632 1836 760 1871 Alaricus
787 1835 860 1862 enim

55 1881 126 1899 cum
147 1873 178 1898 in
203 1873 295 1898 animo
317 1872 427 1899 haberet
440 1870 538 1906 pacem
565 1872 635 1899 inire
650 1878 712 1898 cum
739 1870 860 1898 Honorio

55 1908 249 1942 imperatore,
269 1906 387 1934 Attalum
403 1907 449 1941 qui
474 1907 537 1934 huic
552 1906 668 1942 consilio
684 1906 863 1940 impedimen-

55 1941 119 1969 tum
152 1942 292 1969 allatuius
315 1942 466 1972 videbatur,
483 1949 497 1968 e
515 1942 604 1969 medio
625 1941 773 1968 tollendum
800 1948 861 1967 esse

55 1977 177 2004 statuit.
199 1976 293 2011 Neque
315 1978 385 2003 enim
409 1984 502 2011 pacem
520 1985 639 2011 unquam
666 1976 785 2002 initurus
803 1980 862 2002 erat

53 2020 124 2040 cum
145 2012 264 2039 Alarico
280 2011 427 2043 Honorius,
445 2011 497 2038 nisi
522 2013 611 2039 Attalo
631 2011 706 2046 prius
732 2014 859 2038 exaucto-

53 2052 134 2075 rato.

93 2083 160 2117 (7'5)
184 2081 236 2115 Μὴ
253 2081 387 2114 ἀνάξιον.
403 2081 432 2108 In
446 2081 632 2116 manuscripto
643 2081 736 2109 codice
748 2079 863 2117 Samue-

49 2116 103 2146 lis'
123 2116 276 2148 Boeharti,
303 2117 336 2144 ad
358 2117 508 2151 marginem
529 2117 678 2151 ascriptum
703 2120 745 2143 est
766 2116 860 2143 eadem

50 2162 146 2180 manu
161 2161 170 2185 ;
190 2153 252 2187 lego
268 2152 304 2187 μὴ
318 2152 351 2178 ἂν
364 2151 448 2184 ἄξιον,
462 2152 502 2187 vel
514 2152 552 2186 μὴ
563 2151 739 2187 ἄξιον.)τίοπ
751 2151 861 2187 quidem

48 2185 231 2216 emendatio
254 2185 354 2221 placuit
377 2186 456 2214 Luem
480 2185 630 2214 Holstenio.
647 2186 713 2214 Eam
737 2186 809 2213 enim
827 2186 860 2212 ad

914 1596 976 1617 cent
994 1591 1101 1618 eruditi.

948 1625 1003 1661 (76)
1019 1625 1205 1660 Βαρϐαρικοῦ
1226 1626 1282 1661 γὰρ
1295 1625 1402 1661 γένους
1415 1626 1468 1654 τοῦ
1491 1626 1700 1661 Σαυροματῶν.

913 1660 975 1688 Haec
989 1661 1022 1688 de
1036 1662 1127 1696 priore
1143 1661 1250 1689 Adaulti
1272 1669 1357 1688 uxore
1382 1662 1553 1696 intelligenda
1575 1660 1636 1689 esse
1655 1669 1700 1689 ar—

911 1696 1008 1728 bitror,
1019 1704 1101 1730 quam
1114 1696 1246 1724 Adaulfus
1261 1696 1423 1731 repudiavit,
1434 1703 1464 1724 ut
1473 1696 1618 1724 Placidiam
1632 1705 1702 1724 uxo—

911 1738 968 1766 rem
991 1731 1111 1758 duceret.
1133 1731 1221 1759 Causa
1247 1737 1335 1759 autem
1356 1732 1460 1766 repudii
1484 1732 1527 1758 hic
1553 1731 1666 1758 atl'ertur
1684 1740 1700 1759 a

912 1765 1105 1803 Philostorgio.
1124 1767 1195 1803 (πῃοά
1216 1775 1248 1794 ex
1275 1765 1398 1803 barbara
1413 1771 1492 1802 gente
1513 1766 1700 1803 Sarmatarum

912 1801 1026 1828 oriunda
1043 1800 1229 1828 essetIPorro
1246 1810 1279 1829 ex
1295 1802 1347 1829 hac
1359 1800 1450 1836 priore
1466 1802 1581 1836 conjuge
1597 1801 1700 1828 Adaul-

912 1835 956 1863 ius
979 1836 1076 1863 liberos
1100 1841 1266 1871 susceperat,
1281 1845 1350 1871 quos
1360 1835 1525 1871 ’Sigerichus’
1547 1835 1640 1870 poswa
1665 1836 1699 1863 ad

912 1879 1026 1906 regnum
1050 1870 1202 1899 Gothorum
1220 1870 1330 1899 evectus
1345 1870 1491 1900 crudeliter
1507 1871 1653 1902 interfecit,
1670 1877 1700 1898 ut

913 1910 1006 1933 narrat
1029 1905 1249 1934 Olvmoiodorus.
1271 1907 1329 1934 Non
1356 1907 1535 1934 diSSimulabo
1555 1911 1644 1933 tamen
1672 1906 1700 1933 iu

913 1914 1006 1933 narrar
1029 1914 1249 1941 utympiouorns.
1271 1914 1329 1934 non
1356 1914 1535 1934 dissimulabo
1555 1914 1644 1933 tamen
1672 1914 1700 1933 iu

913 1941 1100 1977 manuscripto
1113 1942 1260 1976 exemplari
1278 1942 1403 1968 Boeharti
1415 1942 1545 1976 scriptum
1562 1948 1622 1968 esse
1634 1949 1701 1976 χρη-

916 1976 1038 2010 ματίζειν
1053 1976 1161 2012 αὐτούςτ
1177 1976 1263 2009 Quarti
1280 1978 1422 2004 lectionem
1434 1977 1457 2004 si
1471 1983 1700 2012 sequanilir,rnon

912 2011 946 2037 de
971 2019 1055 2039 uxore
1075 2011 1181 2039 Adaulfi
1201 2012 1259 2039 haec
1282 2017 1362 2039 erunt
1382 2011 1573 2045 intelligenda,
1596 2011 1642 2038 sed
1667 2011 1701 2038 de

912 2045 972 2082 ipso
991 2046 1107 2073 Adaulfo
1123 2047 1197 2082 etde
1217 2047 1324 2079 Gothis,
1341 2055 1411 2082 quos
1431 2047 1537 2082 origine
1561 2046 1700 2073 Sarmatas

913 2081 999 2108 fuisse
1014 2082 1109 2109 scribit
1125 2081 1334 2117 Pliilostorgius.

948 2116 991 2157 _(77
996 2123 1012 2157 )7
1020 2117 1075 2157 ιξᾳρ
1081 2114 1360 2157 ’ρύναφᾷῆνιᾶιτότε
1373 2116 1414 2157 τῷ
1430 2116 1598 2157 dar-paratam)
1607 2114 1697 2157 feret.

912 2149 1016 2187 Alludit
1040 2149 1237 2187 Philostorgius
1259 2153 1303 2187 ad,
1317 2154 1452 2179 somnioin
1474 2151 1538 2178 illud
1557 2152 1628 2185 regis
1644 2149 1699 2187 Na-

914 2186 1135 2218 buchodonosor.
1165 2185 1237 2221 quod
1264 2186 1379 2214 refertur
1406 2187 1433 2213 in
1464 2187 1551 2221 capite
1578 2185 1699 2213 secundo

47 2223 211 2268 latusisui‘
221 2223 323 2250 codicis
340 2222 477 2257 apposuit.
496 2221 676 2250 Posteriorem
692 2227 781 2248 tamen
799 2228 858 2247 ma-
877 2241 899 2268 Β
914 2221 1224 2268 ρῖιιιιξξεὴιιριαρςόλελε-
1237 2222 1428 2268 statuat—illius

46 2259 96 2294 gis
113 2260 224 2294 probo.

915 2257 1018 2283 vidrrat
1040 2255 1304 2289 Nabuchodonosor,
1329 2258 1427 2291 partim
1451 2255 1482 2282 ex
1504 2261 1585 2288 testa,
1601 2256 1699 2290 partim

89 2290 158 2329 (74)
184 2293 236 2326 Ὧς
249 2292 394 2329 πολέμιον
404 2291 583 2329 ἐπελαύνει.
600 2291 628 2329 l_n
643 2299 695 2320 ms.
710 2291 804 2329 codice
815 2290 860 2318 Bo-

915 2299 947 2329 e_x
966 2290 1037 2329 ferro
1047 2292 1169 2329 “conflati
1187 2290 1427 2329 fuissedic’untur.
1447 2291 1523 2329 Hauc
1536 2291 1618 2329 igitur
1634 2297 1699 2324 pro-

44 2325 152 2356 elianti
188 2325 331 2355 scribiturV
350 2327 489 2362 ὺπολέμης
519 2327 660 2354 ἐπελαύνει
694 2327 727 2362 τῇ
758 2325 862 2362 Ῥώμῃ.

46 2364 144 2391 Forte
165 2363 348 2391 soribeudum
360 2368 401 2390 est
417 2363 454 2394 ὼς
470 2362 606 2397 πολέμιος.
622 2362 677 2389 Nec
687 2362 782 2389 dubito
796 2369 862 2396 quin

43 2399 274 2433 Piiilostorgius
288 2400 324 2425 ita
339 2398 469 2432 scriptum
487 2397 637 2432 reliquerit.

86 2435 155 2470 (τε)
189 2431 271 2470 iw
287 2433 342 2467 τῆς
362 2431 456 2470 αὑτοῦ
476 2431 618 2470 γυνιέικιξς
641 2431 863 2470 deme-Post

45 2467 113 2497 lucc
136 2467 234 2496 verba
253 2470 279 2495 iu
294 2477 347 2495 ms.
365 2469 474 2503 quidem
486 2469 579 2495 codice
589 2467 684 2495 Jacobi
698 2467 860 2495 Gothofredi

41 2506 181 2533 deerant
205 2511 303 2530 novem
321 2503 410 2536 lineae,
426 2509 456 2531 ut
470 2504 525 2538 ipse
538 2503 723 2530 Gothofredus
735 2508 859 2529 testatur.

42 2541 152 2568 Lucas
170 2545 270 2566 tamen
287 2538 443 2567 Holstcuius
457 2537 486 2565 in
501 2538 622 2573 margine
639 2538 680 2566 sui
697 2537 799 2565 codicis
811 2545 861 2564 no-

43 2576 135 2608 tavit,
160 2575 193 2601 in
217 2575 402 2609 nianuscripto
426 2574 520 2600 codice
540 2573 709 2600 Scoriacensi
726 2573 771 2600 hic
785 2573 861 2599 lacu-

41 2619 117 2638 nam
141 2617 229 2638 esse.
242 2609 340 2636 Verum
362 2617 396 2636 ex
416 2609 505 2635 verbis
519 2616 579 2642 quae
592 2609 715 2642 proxime
740 2615 861 2642 sequun-

42 2652 110 2679 tur,
138 2645 225 2673 satis
249 2650 370 2679 apparet,
389 2644 473 2671 multa
491 2644 535 2670 hic
557 2643 716 2671 desiderari.
734 2642 814 2670 Certe
833 2643 861 2669 iu

913 2326 1031 2361 phetiam
1046 2325 1245 2361 Philostorgius
1260 2326 1373 2354 Honorii
1388 2327 1557 2360 temporibus
1568 2325 1610 2361 bis
1624 2332 1700 2352 com-

914 2360 1020 2397 pletam
1033 2369 1093 2388 esse
1113 2360 1195 2388 dicit:
1206 2361 1237 2389 Et
1260 2362 1349 2397 primo
1367 2362 1488 2396 quidem,
1503 2360 1611 2397 quando
1625 2367 1700 2386 com-

933 2395 1107 2428 leta-fuerat,
1136 2395 1336 2424 relatum‘erat
1367 2395 1393 2423 iii
1425 2397 1566 2430 superiore
1592 2395 1698 2422 lacuna.

934 2405 994 2424 ieta-
1008 2405 1107 2428 ruerat,
1136 2405 1251 2423 renatum
1277 2405 1336 2424 erat
1367 2405 1393 2423 ιι)
1425 2405 1566 2430 superiore
1592 2405 1698 2422 lacuna.

912 2405 1013 2459 Herum
1044 2439 1108 2458 vero
1139 2432 1312 2466 adimpletum
1338 2439 1399 2458 esse
1421 2431 1523 2463 subdit,
1549 2435 1613 2457 tunc
1637 2437 1699 2457 cum

912 2467 1045 2494 Adaulfus
1062 2465 1273 2494 Gothorum’rex
1289 2467 1435 2493 Placidiam
1450 2465 1562 2493 Honorii
1578 2471 1699 2492 sororem

911 2502 1086 2529 matrimonio
1107 2502 1159 2529 sibi
1182 2502 1305 2529 sociavit.
1330 2501 1389 2528 .lam
1414 2501 1496 2536 igitur
1520 2500 1698 2536 divinandum

912 2537 993 2564 nobis
1018 2542 1068 2570 est,
1090 2537 1199 2571 quando
1220 2537 1337 2571 primum
1360 2535 1521 2571 completam
1545 2542 1606 2563 esse
1629 2535 1702 2571 hanc

911 2570 1032 2599 Danielis
1052 2569 1227 2607 prophetiam
1239 2572 1378 2607 scripserit
1399 2569 1613 2606 Philostorgius.
1629 2569 1700 2607 9liltl

911 2607 1020 2642 quidem
1042 2605 1222 2641 conjeccram,
1242 2605 1453 2642 Philoslorgium
1473 2605 1614 2634 censuisse
1631 2605 1703 2642 hanc

911 2639 1081 2678 prophetiam
1089 2639 1208 2677 primum
1222 2642 1359 2676 impletam
1370 2639 1442 2675 esse,
1453 2646 1518 2669 tunc
1528 2648 1591 2668 cum
1603 2639 1702 2668 Adaul-

809 2719 971 2742 VARIORUM
976 2735 982 2741 .

82 2777 129 2815 (α)
155 2773 342 2815 Gothofredo
371 2774 533 2815 astipulatur
555 2773 619 2815 Pagi
644 2774 764 2815 adnann.
795 2773 861 2801 Chr.

912 2773 962 2805 τὰς
978 2774 1089 2806 Ἀλπεις
1105 2775 1214 2810 legitur,
1230 2774 1306 2802 nullo
1330 2782 1422 2810 sensu.
1447 2773 1549 2810 Classis
1571 2773 1702 2810 nimier

39 2807 125 2845 Mi);
139 2821 174 2840 ῃ.
207 2811 242 2841 4,
262 2810 288 2837 5.
318 2810 388 2837 Idem
417 2807 493 2837 locus
516 2810 562 2844 qui
588 2807 657 2845 apud
681 2808 863 2845 sozomeuum
914 2814 956 2836 est
969 2810 1097 2844 oppidum
1113 2807 1145 2837 iii
1156 2815 1235 2845 portu
1249 2810 1385 2837 Ravenna:
1397 2807 1699 2845 situm.lnreodcmSo-

41 2858 72 2886 p.
83 2843 326 2886 ὃὶῖὕλ-Κλάςπεις
337 2845 493 2886 appellatur,
506 2843 636 2886 u.t__locuin
647 2843 765 2886 feliciter.
773 2851 860 2886 emen-

915 2843 1023 2886 zorneui
1043 2843 1168 2886 loco_pro
1177 2845 1431 2886 ἑξήκονταστάδια,
1448 2844 1519 2873 idem
1539 2844 1605 2879 legit
1616 2844 1704 2871 εἴκοσι

41 2878 127 2914 davit
143 2878 316 2913 Cluverius,
334 2878 397 2907 Ital.
411 2880 500 2914 Autiq.
519 2880 565 2908 lib.
583 2888 602 2913 ι,
617 2886 641 2906 c.
660 2878 704 2912 28,
723 2879 768 2906 ubi
780 2879 860 2914 vulgo

915 2880 962 2906 καὶ
977 2879 1040 2915 τρία
1056 2880 1159 2908 στάδια,
1177 2879 1337 2909 ννζιοιυιΙι.
