1967 3075
228 134 280 166 ἣξει

264 195 307 222 l0.
318 194 392 223 Unde
402 196 502 230 factum
515 198 583 232 quod
601 202 671 224 terra
684 195 943 224 movealitr.—Idem
953 193 1018 221 Plti-
1034 197 1057 225 Α

230 242 376 276 loslorgius
392 243 475 270 variis
491 244 660 279 argumentis
673 242 817 270 ostendere
833 245 1021 272 conatur,ter-

229 297 266 317 HE
283 294 373 317 motus
388 296 476 325 neque
491 298 524 317 ex
543 290 720 318 inundatione
737 296 870 324 aquarum
888 288 957 319 fieri,
973 295 1019 314 ne-

229 344 281 371 que
295 341 438 364 ventorum
455 337 480 364 vi
497 336 566 364 intra
583 337 660 364 sinus
681 341 760 363 terra:
776 335 954 363 inclnsmum.
971 341 1021 360 nec

229 391 324 410 rursus
348 391 381 410 ex
405 383 496 417 aliqua
519 388 599 410 terra:
627 381 813 412 inclinatione,
830 380 876 407 sed
899 380 955 406 sola
975 379 1020 406 Del

228 429 366 456 voluntate
382 429 505 456 accidere
522 428 554 454 ad
570 427 776 455 comet-sionem
803 430 830 452 et
853 424 1020 452 emendatio-

227 482 289 501 nem
308 479 493 508 peccatorum.
512 472 611 507 Aitque
634 472 684 499 ista
700 479 728 498 se
744 475 901 498 constanter
913 476 1020 496 asseve-

228 527 299 552 rare,
317 524 459 554 propterea
483 519 555 554 quod
575 523 702 545 neutrum
720 524 754 544 ex
779 516 943 551 supradictis
965 515 1020 542 ele-

226 567 327 593 mentis
342 565 476 600 ejusmodi
497 572 578 592 casus
595 564 620 590 vi
638 563 754 590 naturali
776 562 905 597 perﬁcere
920 566 1018 596 potest.

227 611 304 644 Quod
321 611 344 638 si
363 610 433 638 Deus
451 611 486 636 ita
501 610 628 640 voluerit,
645 609 688 635 Vel
706 609 818 635 minima
831 612 904 642 gutta
923 614 937 633 e
950 607 1019 634 cmlo

226 657 348 691 delapsa.
362 655 403 683 vel
419 655 465 681 nix
481 654 616 682 levissima
629 652 772 688 Olympum
788 651 960 681 Macedoniae.
973 655 1021 677 aut

226 702 309 730 alium
330 701 483 736 quempiam
507 707 540 726 ex
560 699 702 726 altissimis
726 697 874 727 montibus.
891 696 1020 723 facillime

227 756 335 776 movere
350 748 436 783 possit
452 757 458 774 :
473 747 582 782 quando
598 747 707 782 quidem
721 746 853 776 videmus,
868 744 952 771 Deum
968 750 1020 770 5:2-

227 803 376 831 penumero
397 795 440 821 his
465 794 548 821 rebus
566 801 645 821 usum
663 800 723 819 esse
739 792 774 818 ad
801 790 1019 818 emendationem

226 842 335 878 generis
351 841 472 868 immani.
488 839 556 867 Nam
581 845 609 867 et
624 839 747 867 Rubrum
767 845 842 864 mare
864 844 925 864 cum
941 835 1020 863 facile

225 877 319 923 posset
334 888 424 915 subito
436 887 602 918 discindere,
618 890 714 912 austro
731 884 850 911 violento
864 883 939 918 prius
954 882 1019 908 illud
1038 877 1058 904 Β

227 935 373 961 verberans
388 938 468 968 atque
485 932 638 967 impellens,
653 932 689 958 ita
706 931 816 957 demum
831 928 923 956 divisit
941 935 947 953 2
967 935 1019 954 non

227 980 300 1016 quod
321 980 375 1007 ulla
400 978 557 1014 hujusmodi
583 978 669 1004 virtus
688 977 715 1003 in
731 980 826 1003 austro
850 974 931 1001 insita
953 973 1019 1000 sita

227 1031 324 1054 natura
339 1034 347 1052 :
363 1025 410 1052 sed
426 1024 499 1059 quod
518 1024 610 1051 divina
636 1023 677 1050 vis
702 1023 736 1049 ad
760 1021 925 1048 voluntatem
938 1027 1019 1047 suam

226 1069 429 1104 cxsequendam
441 1076 474 1096 eo
490 1075 538 1095 usa
555 1066 646 1095 fuerit.
659 1066 710 1094 Sed
726 1072 753 1093 et
768 1067 840 1101 virga
855 1065 1019 1100 percutiens.

224 1115 317 1142 fontes
328 1121 460 1149 aquarum
478 1113 571 1141 elicuit
586 1120 619 1139 ex
638 1117 722 1146 petra.
738 1109 905 1137 thJot-danis
920 1108 1020 1136 ﬂuenta

225 1163 330 1195 lepram
349 1163 501 1188 sanarunt:
517 1167 570 1185 non
585 1157 657 1193 quod
672 1165 766 1184 eorum
779 1162 876 1183 natura
892 1155 942 1182 ista
957 1162 1020 1188 ope-

228 1208 281 1234 rari
295 1206 394 1238 valeat,
413 1205 460 1232 sed
480 1206 544 1240 quia
564 1204 678 1232 Creator
694 1202 815 1237 singulas
830 1205 971 1228 creaturas
986 1200 1020 1226 ad

227 1262 290 1282 eum
302 1261 382 1289 quem
397 1252 512 1280 voluerit
528 1259 607 1279 usum
623 1250 833 1280 lrausmulatttii,
855 1249 962 1282 plenam
978 1252 1018 1273 at-

226 1308 280 1335 que
294 1299 480 1327 omnimodam
497 1298 595 1325 habeat
610 1301 782 1332 potestatem.

264 1347 308 1373 Η.
324 1346 458 1373 Lucianus
469 1343 699 1378 Constantinopoli
710 1351 782 1371 ttovw
792 1347 868 1369 sectw
880 1345 1022 1368 auctor.—

226 1392 292 1420 Post
315 1396 428 1419 mortem
453 1390 579 1421 Eudoxii,
594 1390 641 1425 qui
666 1388 902 1423 Constantinopoli
927 1387 1019 1414 Euno-

226 1438 381 1465 mianorum
404 1441 484 1464 sectae
508 1436 664 1471 praefuerat,
686 1435 823 1462 Luciauus
849 1434 953 1461 sororis
971 1432 1021 1459 Eu-

226 1485 311 1512 nomii
325 1484 397 1511 ﬁlius
413 1484 439 1510 in
455 1483 515 1518 ejus
528 1483 618 1510 locum
639 1477 824 1509 substituitur.
844 1481 921 1508 llunc
938 1487 1020 1515 porro

225 1533 312 1564 aiunt,
327 1539 390 1559 cum
413 1531 441 1558 in
463 1530 604 1557 avaritiam
619 1534 646 1556 et
661 1534 775 1563 cognata
790 1528 855 1555 vitia
877 1528 1020 1562 prolapsus
1035 1546 1056 1576 ε

225 1582 308 1610 esset,
323 1584 487 1613 pmnamque
503 1576 539 1603 ob
549 1576 575 1603 id
591 1581 732 1606 metueret,
749 1583 764 1602 a
780 1575 945 1609 reliquorum
959 1574 1020 1608 qui—

225 1625 287 1651 dem
306 1622 541 1650 Eunomiauorum
556 1621 630 1649 Secta
647 1629 708 1648 sese
724 1621 883 1656 abrupisse;
904 1621 1019 1654 propriae

225 1676 290 1696 vero
304 1667 431 1695 factionis
446 1667 596 1702 principem
612 1667 760 1698 exstitisse,
778 1673 827 1694 nec
842 1670 1019 1693 contemnen-

225 1715 267 1742 dze
287 1713 456 1741 multitudini
479 1713 630 1748 praefuisse,
655 1720 717 1739 cum
738 1712 852 1746 improbi
874 1720 969 1739 omnes
992 1716 1018 1739 et

225 1761 342 1789 diversis
360 1761 432 1788 vitiis
446 1760 574 1795 implicati
590 1760 623 1786 ad
641 1767 703 1786 eum
716 1759 921 1786 conﬂuxissent.
960 1758 964 1761 ”

263 1809 307 1835 12.
316 1807 466 1834 Constantii
478 1807 550 1833 breve
567 1807 706 1840 imperium
714 1806 764 1840 (5).
773 1819 807 1824 -α
820 1805 957 1832 Honorius
968 1806 1018 1832 im-

226 1858 335 1888 perator
351 1853 542 1880 Constantium
567 1852 726 1887 magistrqu
745 1851 860 1878 militum
879 1851 914 1877 ob
932 1850 1018 1877 aliini-

225 1901 291 1928 tatis
307 1900 437 1926 honorem
461 1893 494 1926 ad
520 1899 688 1926 consortium
710 1897 815 1932 imperii
834 1898 940 1927 ascivit,
956 1905 1016 1924 cum

225 1945 344 1973 Placidia
363 1944 580 1972 Valentinianum
601 1944 625 1971 ei
651 1943 735 1970 ﬁlium
759 1943 814 1978 jam
843 1943 1014 1978 peperisset:

225 1993 269 2019 cui
284 1991 393 2026 quidem
415 1989 605 2017 Valentiniano
624 1988 760 2016 llonorius
785 1989 948 2015 nobilissimi
976 1988 1018 2015 di-

225 2037 356 2071 gnitatem
373 2035 476 2062 tribuit.
493 2033 645 2062 Constantii
660 2035 741 2069 igitur
757 2033 899 2068 imagines,
917 2038 945 2060 ut
960 2040 1018 2059 mo-

225 2083 264 2109 ris
285 2087 345 2108 erat
369 2088 464 2107 eorum
489 2080 535 2115 qui
562 2088 657 2107 recens
683 2080 716 2106 ad
742 2079 885 2113 imperium
901 2079 1016 2113 promoti

224 2132 313 2159 erant,
334 2126 425 2154 missae
449 2130 514 2153 sunt
536 2126 562 2152 in
585 2125 734 2152 Orientem.
755 2125 806 2151 Sed
833 2124 1015 2154 Theodosius.

225 2181 288 2201 cum
304 2172 535 2207 nuncupationem
551 2177 693 2206 augustam
710 2170 863 2198 Constantii
881 2171 1017 2205 improba-

225 2225 276 2251 ret,
294 2219 426 2254 imagines
448 2217 507 2252 ejus
532 2225 584 2244 non
607 2217 728 2244 admisit.
745 2218 868 2251 Cumque
883 2216 1015 2244 Constan-
1033 2232 1054 2259 Β

225 2272 280 2293 tius
293 2265 327 2292 ob
345 2265 416 2291 hanc
427 2264 619 2290 contumeliam
636 2271 696 2290 sese
720 2263 753 2290 ad
780 2263 880 2290 bellum
896 2268 1015 2298 pararet.

225 2317 300 2337 mors
316 2309 520 2344 superveniens,
535 2310 589 2335 vita
605 2309 686 2335 simul
709 2314 735 2336 et
756 2309 830 2335 curis
841 2316 904 2335 eum
918 2309 1016 2336 libera-

225 2357 273 2387 vit,
289 2362 351 2383 cum
367 2354 529 2389 imperasset
543 2354 682 2381 mensibus
702 2361 759 2381 sex.

262 2401 303 2428 l3.
328 2400 439 2427 Honorii
468 2400 566 2426 obitus.
594 2399 709 2426 Joannes
740 2406 877 2435 tyrannus.
894 2400 1016 2426 Ardabu-

224 2455 292 2473 rtus.
315 2446 401 2481 Aspar
415 2446 465 2481 (6).
477 2461 512 2466 —
522 2445 670 2472 Consulatu
686 2447 857 2481 imperatoris
869 2445 1015 2473 Theodosii

225 2493 330 2520 decimo
356 2497 383 2520 et
404 2492 517 2519 Honorii
544 2491 750 2524 tertiodecimo,
782 2492 853 2518 idem
880 2490 1015 2519 Hormi-ius

936 135 1176 164 PlllLOSTORGll

1109 199 1134 221 t'.
1165 196 1226 222 Ὅτι
1262 195 1400 232 διαφόροις
1427 196 1624 231 ἐπιχειρήματι
1654 197 1858 230 κατασκευάζειν

1073 241 1212 278 πειρᾶται,
1232 241 1296 272 τοὺς
1320 242 1449 276 σεισμοὺς
1475 242 1542 277 μήτε
1561 241 1605 268 διὰ
1622 241 1788 278 πλημμύραν
1803 242 1858 269 ὑδά-

1072 295 1126 313 των
1143 287 1330 319 συνίστασθαι,
1345 288 1412 323 μήτε
1432 288 1596 322 πνευμάτων
1610 287 1860 323 ἐναπολαμϐανομέ-

1072 341 1126 359 νων
1144 334 1200 365 τοῖς
1212 333 1323 365 κόλποις
1339 333 1389 368 τῆς
1401 335 1466 369 γῆς·
1481 333 1549 360 ἀλλὰ
1565 332 1631 369 μηδὲ
1645 334 1697 369 γῆς
1710 343 1782 365 τινος
1795 334 1857 367 ὅλως

1073 379 1254 415 παρεγκλίσει
1268 389 1275 396 ·
1291 381 1359 416 μόνῃ
1374 379 1402 407 δὲ
1412 382 1445 416 τῇ
1463 380 1522 417 θείᾳ
1537 380 1645 416 γνώμῃ,
1659 381 1728 416 πρὸς
1743 382 1861 417 ἐπιστρο-

1073 426 1127 461 φὴν
1145 427 1191 453 καὶ
1208 426 1351 462 διόρθωσιν
1376 427 1430 454 τῶν
1454 428 1696 462 ἁμαρτανομένων.
1715 426 1768 453 Καὶ
1782 428 1862 454 ταῦτα

1072 481 1155 507 φησιν
1168 473 1371 509 ίσχυριζόμενον
1386 473 1485 508 λέγειν,
1499 474 1566 500 διότι
1582 474 1615 500 τὰ
1630 473 1780 509 τηλικαῦτα
1795 475 1862 509 πάθη

1073 518 1110 554 μὴ
1126 518 1236 544 δύναται
1249 519 1398 554 μηδέτερον
1412 519 1466 545 τῶν
1481 519 1635 554 είρημένων
1647 518 1785 553 στοιχείων
1797 518 1863 545 κατὰ

1072 563 1190 599 φυσικὴν
1209 564 1351 591 ἀποτελεῖν
1368 565 1491 600 δύναμιν.
1502 565 1578 590 Ἐπεὶ
1594 564 1662 590 Θεοῦ
1679 573 1709 597 γε
1726 563 1863 599 βουληθέν-

1071 617 1126 640 τος,
1145 609 1192 636 καί
1203 609 1290 643 ψεκὰς
1310 611 1324 644 ἡ
1340 609 1510 644 σμικροτάτη
1527 607 1719 644 προσπεσοῦσα
1730 608 1777 635 καὶ
1788 609 1863 642 νιφὰς

1071 656 1087 689 ἡ
1103 656 1269 690 κουφοτὰτη,
1284 655 1330 681 τὸν
1341 655 1480 689 Ὄλυμπον
1495 654 1544 689 τῆς
1558 654 1738 685 Μακεδονίας,
1754 654 1771 689 η
1784 662 1808 680 τι
1819 653 1864 680 ἄλ-

1071 701 1100 726 λο
1123 701 1178 727 τῶν
1209 702 1344 736 μεγίστων
1368 701 1438 736 ὀρῶν
1462 702 1596 736 κινήσειεν
1618 700 1651 727 ἂν
1675 700 1863 736 ρᾳδίως.Ὲπεὶ

1071 747 1118 772 καὶ
1138 747 1262 781 φαίνεται
1279 747 1408 778 πολλάκις
1422 747 1451 773 τὸ
1468 747 1545 773 θεῖον
1561 747 1606 772 ἐπὶ
1622 747 1730 782 παιδείᾳ
1748 746 1802 772 τῶν
1820 748 1863 773 ἀν-

1072 793 1201 829 Θρώπων,
1223 793 1328 825 τούτοις
1355 790 1507 828 χρώμενον.
1524 793 1579 828 Τήν
1604 802 1634 819 τε
1663 793 1716 829 γὰρ
1733 793 1863 829 Ἐρυθρὰν

1072 839 1220 871 θάλασσαν,
1249 840 1313 874 ῥᾷον
1335 839 1366 866 ὃν
1389 839 1486 874 ἀθρόον
1507 839 1667 876 διαστῆσαι,
1694 839 1762 875 νότῳ
1787 839 1863 875 βιαίῳ

1073 884 1204 919 πρότερον
1222 884 1398 919 μαστιγώσας
1422 884 1468 910 καὶ
1493 883 1655 915 συνωθίσας,
1676 883 1746 910 οὕτω
1759 884 1862 919 διέστη-

1073 939 1130 960 σεν,
1141 932 1174 966 τῇ
1189 930 1236 957 τοῦ
1248 930 1326 957 νότου
1339 930 1420 964 φύσει
1436 930 1572 965 μηδεμιᾶς
1583 930 1725 966 δυνάμεως
1739 930 1863 966 τοιαύτης

1072 976 1318 1012 ὲγκαθιδρυμένης,
1335 976 1403 1003 ἀλλὰ
1420 976 1469 1011 τῆς
1491 977 1595 1003 ἀνωθεν
1616 977 1701 1013 ῥοπῆς
1719 977 1862 1013 ὑπερφυῶς

1072 1022 1147 1058 αὐτῷ
1161 1023 1337 1058 χρησαμένης
1349 1022 1417 1057 πρὸς
1430 1022 1461 1048 τὸ
1474 1023 1573 1048 οἰκεῖον
1588 1022 1722 1058 βούλημα.
1742 1022 1796 1050 Καὶ
1819 1023 1863 1060 ρἀ

1072 1067 1132 1100 ὁδος
1153 1068 1181 1095 δὲ
1198 1068 1290 1104 πηγὰς
1306 1070 1338 1095 ὲκ
1353 1066 1454 1104 πέτρας
1468 1069 1598 1104 ναμάτων
1622 1069 1775 1104 πλήττουσα
1799 1077 1862 1105 προ-

1071 1114 1143 1150 χέει·
1169 1115 1217 1141 καὶ
1240 1114 1371 1150 Ἰορδάνου
1394 1115 1490 1151 ῥεῖθρα
1515 1115 1676 1151 καθαίρουσι
1698 1115 1812 1152 λέπραν,
1832 1117 1862 1142 οὐ

1071 1161 1120 1196 τῆς
1134 1161 1242 1195 φύσεως
1255 1161 1345 1188 αὐτῶν
1361 1161 1456 1188 ταῦτα’
1466 1162 1532 1197 δρᾷν
1545 1161 1758 1197 ἐνδυιιαμούσης,
1778 1162 1822 1188 τοῦ
1836 1163 1863 1189 δὲ

1072 1207 1193 1235 πλάστου
1210 1208 1409 1243 μεταπλέπτειν
1424 1208 1538 1234 ἕκαστον
1552 1207 1605 1234 τῶν
1617 1207 1769 1243 δημιουργη
1774 1208 1863 1243 μάτων

1072 1254 1139 1290 πρὸς
1154 1253 1188 1289 ἢν
1201 1254 1234 1280 ἂν
1248 1253 1336 1280 ἐθέλοι
1350 1253 1455 1290 χρείαν,
1469 1253 1568 1291 πολλὴν
1583 1254 1629 1280 καὶ
1642 1253 1781 1280 ἀκώλυτον
1795 1254 1864 1289 ἕχον-

1071 1309 1117 1332 τος
1128 1300 1178 1335 τὴν
1191 1300 1325 1332 ἐξουσίαν.

1110 1349 1154 1372 ια’.
1177 1346 1238 1372 ’Ὁτι
1265 1346 1333 1380 μετὰ
1356 1345 1470 1372 Θάνατον
1498 1345 1624 1378 Εὑδοξίου
1640 1345 1690 1380 (tt),
1706 1345 1736 1378 ὃς
1759 1345 1809 1381 τῆς
1836 1346 1864 1372 ἐν

1072 1391 1355 1418 Κωνσταντινουπόλει
1383 1391 1555 1426 Εὑνομιανῆς
1604 1394 1764 1429 συναγωγῆς
1813 1392 1864 1418 ὐπ-

1071 1437 1579 1474 ῆρχε(ὁ),Λουκιανὸςάντικαθίσταται,
1601 1438 1666 1469 παῖς
1686 1436 1725 1464 ἵυν
1746 1437 1864 1472 ἀδελφῆς

1072 1482 1215 1518 Εὑνομίου.
1231 1482 1331 1509 Τοῦτον
1353 1483 1384 1517 δή
1406 1492 1489 1518 φασιν
1511 1485 1549 1514 είς
1572 1484 1755 1520 φιλαργυρίαν
1769 1493 1800 1511 τε
1816 1485 1864 1511 καὶ

1071 1529 1104 1554 τὰ
1118 1528 1236 1563 συγγενῆ
1253 1529 1486 1564 κατολισοήσαντα
1500 1530 1584 1565 πάθη,
1600 1531 1646 1557 καὶ
1662 1530 1711 1566 τὴν
1725 1530 1768 1557 ἐπ’
1779 1531 1865 1567 αὐτῆς

1071 1574 1246 1609 ὑφορώμενον
1265 1575 1352 1611 δίκην.
1373 1576 1520 1611 ὰποσχίσαι
1539 1576 1588 1611 μὲν
1605 1577 1654 1611 τῆς
1676 1577 1758 1614 ἄλλης
1781 1578 1865 1604 Εὐνο-

1072 1622 1176 1656 μιανῶν
1193 1622 1304 1657 μοίρας·
1325 1622 1392 1654 ίδίας
1406 1623 1434 1649 δὲ
1453 1623 1608 1659 συμμορίας
1627 1624 1747 1659 ἀρχηγὸν
1768 1624 1865 1651 ἑαυτὸν

1070 1667 1217 1700 ἀναδεῖξαι,
1230 1668 1276 1694 καὶ
1293 1669 1483 1704 συντάγματος
1497 1670 1546 1695 οὐκ
1562 1669 1800 1704 εὐκαταφρονήτου
1815 1669 1865 1705 ἄρ-

1070 1713 1128 1746 ξαι·
1149 1713 1259 1740 πάντων
1270 1714 1323 1740 τῶν
1339 1715 1496 1750 ὲπιρῤήτων
1510 1723 1539 1741 τε
1555 1715 1601 1741 καὶ
1617 1715 1749 1746 ποικίλοις
1763 1716 1865 1742 παῡεσι

1070 1759 1303 1793 καθωπλισμένων
1317 1759 1384 1794 πρὸς
1397 1760 1478 1786 αὺτὸν
1493 1761 1719 1797 ἀπερῤυηκὸτων.

1110 1806 1154 1833 ιϐ’.
1178 1807 1238 1832 ’Ὁτι
1263 1805 1388 1842 Ὁνώριος
1411 1808 1425 1832 ό
1450 1807 1575 1840 βασιλεὺς
1601 1809 1791 1836 Κωνστάντιον
1819 1809 1868 1836 τὸν

1070 1851 1220 1887 στρατηγὸν
1234 1852 1304 1878 κατὰ
1320 1853 1401 1887 τιμὴν
1419 1853 1465 1879 τοῦ
1489 1854 1587 1889 κήδους
1608 1855 1648 1886 είς
1669 1854 1699 1881 τὺ
1717 1855 1768 1889 τῆς
1786 1854 1867 1890 βασι-

1068 1898 1143 1930 λείας
1170 1897 1410 1933 προσ-λαμϐάνεται
1446 1900 1603 1935 σκῆπτρον·
1629 1901 1680 1935 ἤδη
1706 1900 1754 1927 καὶ
1782 1901 1869 1928 παῖδα

1069 1944 1292 1971 Οὐαλεντινιανὺν
1312 1945 1361 1979 τῆς
1377 1945 1525 1976 Πλακιδίας
1552 1945 1626 1980 αὐτῷ
1649 1946 1828 1981 γειναμένης·

1069 1991 1116 2017 καὶ
1142 1990 1193 2025 τὴν
1223 1990 1270 2016 τοῦ
1298 1990 1514 2024 ἐπιφανεστάτου
1544 1990 1677 2026 περιῆψεν
1703 1992 1716 2017 ὁ
1737 1991 1869 2026 Ὀνώριος

1070 2035 1158 2068 ἀξίαν.
1175 2036 1206 2062 Δί
1233 2035 1261 2062 δὲ
1285 2036 1331 2062 τοῦ
1358 2035 1548 2062 Κωνσταντίου
1564 2036 1676 2068 εἰκόνες,
1693 2037 1730 2067 ὡς
1753 2036 1815 2068 ἔθος
1832 2035 1869 2073 ἦν

1067 2083 1123 2113 τοῖς
1138 2082 1200 2117 ἄρτι
1221 2081 1401 2117 παρελθοῦσιν
1426 2083 1465 2113 εἰς
1490 2082 1626 2116 βασιλείαν
1642 2082 1782 2117 πράττειν,
1797 2084 1868 2109 ἁνα-

1068 2129 1222 2164 πέμπονται
1237 2128 1305 2163 πρὸς
1323 2129 1373 2163 τὴν
1389 2128 1470 2163 ἑῴαν.
1494 2128 1563 2154 ’Λλλ“
1577 2129 1590 2154 ὅ
1603 2137 1634 2162 γε
1656 2129 1794 2160 Θεοδόσιος
1816 2130 1871 2156 οὐκ

1067 2174 1249 2211 ἀρεσκόμενος
1261 2176 1293 2210 τῇ
1307 2175 1465 2210 ἀναῤῥήσει,
1483 2175 1513 2201 οὺ
1533 2175 1659 2209 προσίετο
1678 2175 1789 2207 ταύτας.
1810 2176 1870 2202 Καὶ

1068 2221 1100 2256 δὴ
1115 2220 1297 2255 Κωνσταντίῳ
1313 2219 1585 2255 παρασκευαζομένῳ
1600 2220 1644 2246 διὰ
1659 2220 1708 2256 τὴν
1723 2220 1803 2256 ὓϐριν
1819 2221 1870 2248 ἐπὶ

1069 2267 1198 2301 πόλεμον,
1216 2266 1263 2293 καὶ
1277 2267 1326 2301 τῆς
1344 2265 1416 2300 ζωῆς
1429 2266 1475 2293 καὶ
1491 2266 1545 2292 τῶν
1560 2266 1708 2301 φροντίδων
1723 2267 1842 2298 ἐπιστὰς
1854 2269 1870 2293 ὸ

1069 2312 1182 2343 θάνατος
1203 2311 1252 2347 τὴν
1277 2311 1437 2347 ἀπαλλαγὴν
1461 2311 1586 2347 παρέχει,
1603 2311 1792 2347 βασιλεύσαντι
1811 2315 1870 2348 μῆ-

1069 2366 1117 2388 νας
1130 2356 1170 2389 ἓξ.

1105 2405 1149 2436 ιγ’.
1174 2402 1234 2428 ’Ὁτι
1257 2403 1286 2428 ἐν
1310 2402 1429 2437 ὑπατείᾳ
1452 2401 1498 2428 τοῦ
1525 2401 1657 2437 βασιλέως
1674 2401 1818 2429 Θεοδοσίου
1837 2403 1872 2430 τὸ

1068 2447 1192 2478 δέκατον,
1199 2447 1246 2473 καὶ
1259 2446 1388 2481 ὐνωρίου
1403 2446 1434 2473 τὸ
1444 2447 1768 2482 τρισκαιδέκατον,αὑτὸς
1780 2447 1873 2475 Ὁνώ-

1069 2501 1126 2527 pta;
1148 2494 1234 2529 ὑδέρῳ
1247 2493 1370 2528 τελευτᾷ.
1386 2493 1441 2519 Καὶ
1458 2493 1585 2528 Ἰωάννης
1612 2494 1749 2529 τυραννίδι
1771 2493 1871 2522 ἐπιθό-

840 2578 960 2600 VAIESIX
979 2578 1228 2601 ANNOTATIONES.

260 2630 299 2666 (5)
319 2631 396 2659 Socr.
412 2631 458 2658 lib.
474 2639 521 2663 vn,
543 2639 602 2665 cap.
622 2631 667 2658 2d.

1104 2633 1142 2668 (6)
1162 2633 1239 2661 Socr.
1257 2633 1302 2660 lib.
1319 2641 1367 2667 vn,
1384 2641 1443 2669 cap.
1458 2633 1504 2663 25.

958 2703 1120 2725 V'ARIORUM
1125 2717 1132 2724 .

261 2751 299 2785 (α)
319 2751 399 2778 Μετὰ
412 2750 542 2778 θάνατον
552 2751 709 2783 Εὺδοξίου.
734 2752 795 2780 Ητεο
808 2753 890 2781 refert
907 2755 1010 2783 Gotho-

224 2784 316 2814 fredus
339 2794 411 2823 anno
425 2786 792 2823 420._quandoEunomiani
817 2790 911 2823 procul
936 2790 1008 2817 (Zon-

225 2822 401 2858 stantittopoli
416 2821 503 2858 abacti
519 2826 592 2858 sunt.
608 2822 803 2858 Annoiquippe
817 2821 880 2856 315,
895 2833 1009 2852 conven-

223 2861 268 2883 tus
287 2865 381 2885 eorum
396 2857 423 2883 in
440 2856 504 2884 urbe
518 2857 672 2885 inhibuerat
684 2856 851 2887 Theodosius
866 2860 917 2887 sub
930 2868 1009 2895 pmna

1063 2755 1260 2790 deportationis
1272 2757 1426 2790 domusque
1440 2755 1659 2791 proscriptionis.
1675 2756 1703 2783 d.
1720 2757 1767 2784 lib.
1783 2765 1873 2791 cvm,

1063 2791 1286 2854 5011.:{te0d.dc
1303 2792 1432 2818 hareti'ct‘s
1445 2798 1453 2816 :
1466 2791 1537 2826 quod
1554 2792 1710 2819 observavit
1726 2793 1799 2820 idem
1813 2793 1873 2821 Go-

1085 2835 1110 2854 )0
1126 2835 1138 2853 r
1156 2838 1161 2853 ι
1176 2835 1218 2853 us.

1100 2863 1137 2897 (b)
1163 2860 1300 2897 ἰ’πῆρχε.
1321 2861 1477 2898 Legendum
1493 2862 1608 2897 ἐπῆρχε.
1626 2861 1670 2890 W.
1683 2861 1789 2892 Lowth.
