1967 3075
114 165 159 194 631

611 163 887 192 ECCLESIAS'I‘IC/E
908 163 1085 192 HlSTORlIE
1106 163 1169 192 LIB.
1191 163 1247 191 XII.

1686 159 1742 190 622

115 231 196 260 μενος.
211 222 440 258 διαπρεσϐεύεται
455 222 523 257 πρὸς
535 222 689 249 Θεοδόσιον·
708 224 850 258 ἀπράκτου
867 223 895 250 δὲ

959 231 1025 258 tqute
1050 223 1192 250 intercutis
1217 222 1313 250 morbo
1338 221 1450 249 interiit.
1466 221 1584 248 Joannes
1601 228 1664 248 vero
1679 229 1741 248 cum

113 269 158 304 τῆς
171 267 319 304 πρεσϐείας
336 267 533 303 γεγενημένης,
551 268 599 294 καὶ
620 269 645 294 oi
668 269 798 304 πρέσϐεις
822 269 898 304 ὑϐρι-

115 314 224 345 σθέντες,
242 313 321 344 ἄλλος
349 312 450 347 ἀλλαχῆ
476 312 546 339 κατὰ
566 312 615 347 τὴν
636 313 805 348 Προποντίδα
826 315 897 348 (ρυγῇ

114 359 339 394 προετιμήθησαυ.
357 359 413 393 Τὴν
442 358 533 394 μέντοι
554 359 701 385 Πλακιδίαν
718 359 765 385 καὶ
781 359 826 385 τὸν
842 359 900 395 τρί-

114 413 155 431 τον
180 403 402 430 (ιὺαλεντινιανὸν
417 403 499 439 (μετὰ
517 403 571 439 γὰρ
590 405 794 430 Κωνσταντίνου
816 405 898 431 θάνα-

114 458 164 483 τον,
183 450 251 485 πρὸς
272 449 302 476 τὸ
325 449 471 481 Βυζάντιον
486 449 717 485 ἀνεκομίσθησαν)
741 451 899 477 ἀποστέλλει

115 496 178 533 πρὸς
192 496 392 530 Θεσσαλονίκην
405 495 553 525 Θεοδόσιος.
570 496 660 523 Κάκεῖ
685 497 734 532 τὴν
761 496 808 523 τοῦ
829 498 899 523 Καί-

116 550 192 577 σαρος
204 542 281 575 ἀξίαν
299 541 339 577 τῷ
353 541 454 576 ἀνεψιῷ
467 541 647 579 παρατίθησιν
658 541 706 577 (7),
715 541 899 578 Ἀρδαϐουρίῳ

117 588 151 623 τῷ
166 587 318 623 στρατηγῷ,
331 588 378 614 καὶ
399 588 438 622 τῷ
456 590 551 616 τούτου
566 587 618 623 υῐῷ
633 589 754 624 ’Ἀσπαρι
767 589 816 624 τὴν
829 591 900 617 κατα

119 635 158 661 τοῦ
179 633 310 670 τυράννου
327 633 494 669 στρατηγίαν
511 634 677 669 ἐγχειρίσας.
689 635 720 661 Οἳ
735 635 766 671 δὴ
781 636 828 662 καὶ
842 645 900 662 συν-

117 681 275 716 επαγόμενοι
301 680 450 707 Πλακιδίαν
473 689 502 706 τε
525 681 572 706 καὶ
594 680 825 713 Οὐαλεντινιανδν,
854 683 900 707 καὶ

119 725 174 758 τούς
190 734 220 752 τε
237 725 355 757 Παίονας
369 726 414 752 καὶ
424 725 488 757 τοὺς
503 724 647 762 Ἰλλυριοὺς
656 724 838 757 διελάσαντες,
851 725 900 756 τὰς

117 772 247 804 Σάλωνας.
265 771 343 798 πόλιν
375 770 424 804 τῆς
469 771 637 808 Δαλματίας,
669 771 811 807 ἀναιροῦσι
831 772 901 798 κατὰ

117 818 211 854 κράτος
221 820 270 855 (8).
282 818 441 846 Ἐντεῦθενό
450 816 692 853 μὲνἊρδαῦούριος
716 818 795 852 νηΐτῃ
815 817 900 853 στόλῳ

117 864 182 890 κατὰ
195 863 242 890 τοῦ
255 864 386 899 τυράννου
407 864 499 898 χωρεῖ,
509 863 538 889 '0
550 863 578 889 δὲ
595 863 706 899 Ἀσπαρ
720 863 769 898 τὴν
785 863 900 899 ἱππικὴν

950 269 1120 305 tyrannidem
1137 269 1307 304 arripuisset,
1326 267 1486 303 legationem
1509 267 1584 294 misit
1604 267 1637 294 ad
1653 266 1744 294 Theo-

950 314 1075 347 dosium;
1099 315 1146 342 sed
1172 322 1199 341 re
1224 314 1335 345 infecta,
1355 313 1435 348 legati
1451 313 1562 347 insuper
1579 313 1744 340 contumelia

950 358 1050 391 aiiecti,
1075 359 1145 387 alius
1168 359 1222 386 alio
1249 367 1296 394 per
1320 358 1512 393 Propontidem
1535 358 1645 392 relegati
1668 363 1743 385 sunt.

951 402 1098 431 Placidiam
1120 412 1185 431 vero
1204 409 1231 431 et
1252 403 1470 431 Valentinianum
1487 404 1609 436 tertium,
1624 403 1669 438 qui
1684 409 1746 438 post

949 450 1053 477 obitum
1069 450 1182 478 Honorii
1199 450 1359 486 Byzantium
1378 450 1562 485 profugerant,
1577 451 1745 477 Theodosius

950 496 1175 524 Thessalonicam
1195 498 1278 524 misit.
1299 497 1355 524 Illic
1376 497 1492 532 patrueli
1509 506 1559 525 suo
1576 497 1692 524 Caesaris
1706 497 1747 524 di-

950 542 1079 576 gnitatem
1096 544 1243 575 concessit,
1268 547 1295 570 et
1311 543 1464 570 Ardaburio
1484 544 1615 578 magistro
1629 543 1745 570 militum

951 589 1064 623 ejusque
1083 589 1139 616 ﬁlio
1160 589 1268 624 Aspari,
1294 590 1357 616 belli
1377 589 1509 617 adversus
1534 595 1679 625 tyrannum
1702 589 1748 616 ad-

951 635 1178 662 ministrationem
1198 635 1347 663 commisit.
1366 635 1397 662 lli
1418 635 1567 663 Plaeidiam
1584 640 1611 662 et
1629 634 1747 662 Valenti-

951 681 1060 708 nianum
1076 689 1168 709 secum
1183 682 1325 711 ducentes.
1344 690 1406 709 cum
1425 681 1596 709 Pannoniam
1617 686 1644 708 et
1663 681 1748 717 Illyri-

951 735 1011 754 cum
1026 728 1246 761 pertransissent,
1260 727 1375 755 Salonas
1394 728 1489 755 urbem
1506 728 1645 754 Daitnatite
1661 728 1686 754 vi
1706 734 1747 755 ce-

950 777 1060 807 pcrtnit.
1078 773 1143 800 Post
1162 773 1219 801 inec
1241 773 1411 800 Ardaburius
1424 773 1544 808 iquidem
1562 781 1624 800 cum
1643 773 1747 800 navali-

951 818 1002 846 bus
1021 819 1110 853 copiis
1128 825 1222 846 contra
1250 823 1396 854 tyrannum
1420 820 1559 854 profectus
1582 823 1633 846 est.
1658 820 1746 854 Aspar

951 872 1026 895 vero,
1037 865 1186 899 assumptis
1201 872 1292 892 secum
1304 865 1478 900 equestribus
1488 865 1619 899 copiis,et
1633 865 1747 899 impres-

116 910 227 945 δύναμιν
244 908 395 940 συλλαόὼν,
416 910 462 935 καὶ
480 908 518 944 τῷ
536 909 614 943 τάχει
628 909 676 944 τῆς
692 908 785 943 ἐφόδου
804 908 905 943 κλέψας

959 911 1042 938 sionis
1068 911 1186 946 inopime
1211 912 1349 938 celeritate
1370 912 1552 946 suspicionem
1567 911 1745 946 prteveniens,

116 956 161 988 τὰς
172 956 320 990 αἰσθήσεις,
330 956 380 991 τῆς
394 956 538 991 ’Δκυληῒας
553 956 674 991 μεγάλης
688 956 790 988 πόλεως
803 957 901 992 ἐγκρα-

116 1002 162 1036 τὴς
173 1002 289 1036 γίνεται,
307 1002 439 1028 συνόντων
453 1001 527 1036 αὺτῷ
538 1001 760 1028 Οὐαλεντινιανοῦ
774 1002 819 1028 καὶ
833 1002 904 1028 Πλα-

116 1048 290 1079 κιδὶας.Ἀλλ’
305 1050 319 1074 6
335 1048 383 1083 μὲν
403 1048 473 1074 οὕτω
492 1048 542 1083 τὴν
561 1048 683 1082 μεγάλην
705 1047 905 1083 ἀταλαιπώρως

116 1097 312 1131 παρεστήσατο,
336 1096 387 1122 Τὸν
402 1096 431 1123 δὲ
450 1096 639 1132 Ἀρδαΰούριον
661 1095 746 1129 βίαιον
768 1095 904 1121 ἀπολαὸὺν

116 1142 232 1176 πνεῦμα.
249 1142 297 1168 σὺν
311 1142 388 1168 δυσὶν
406 1141 512 1176 ἑτέραις
526 1142 668 1177 τριήρεσιν
681 1141 721 1172 εἰς
737 1141 831 1176 χεῖρας
844 1139 905 1174 ἄγει

116 1187 160 1214 τοῦ
175 1188 315 1224 τυράννου.
325 1189 353 1214 '0
368 1189 396 1214 δὲ
412 1188 480 1223 προς
491 1187 607 1219 σπονδὰς
620 1187 740 1223 ἀφορῶν,
751 1186 905 1222 φιλανθρὼ-

116 1243 172 1265 πως
193 1234 325 1270 ἐκέχρητο
352 1233 390 1269 τῷ
412 1233 604 1269 Ἀρδαϐουρίῳ.
621 1233 676 1259 Καὶ
705 1233 804 1268 πολλῆς
829 1229 906 1264 οὗτος

115 1279 258 1307 ἀπολαύων
283 1281 332 1315 τῆς
358 1279 535 1312 ἀδείας,τοὺς
559 1280 782 1315 ἁποστρατήγους
801 1278 838 1314 ((ι)
860 1278 906 1305 τοῦ

115 1325 246 1360 τυράννου
262 1326 310 1359 (9),
329 1325 379 1361 ήδη
396 1326 443 1352 καὶ
464 1325 563 1357 αὐτοὺς
584 1325 845 1360 ὑποκεκινημένους,
857 1324 907 1360 τὴν

116 1371 261 1406 ἐπιϐουλὴν
275 1371 404 1407 κρατύνει
417 1371 465 1407 τὴν
479 1371 550 1398 κατὰ
565 1371 612 1398 τοῦ
630 1371 760 1407 τυράννου
771 1379 777 1385 ·
794 1371 841 1397 καὶ
857 1379 906 1405 ση-

117 1417 208 1452 μαίνει
224 1417 344 1452 Ἀσπαρι
361 1417 399 1452 τῷ
411 1418 485 1443 παιδὶ
502 1417 714 1452 παραγενέσθαι,
730 1417 766 1449 ὡς
785 1417 826 1451 ἐφ’
838 1416 907 1442 ἑτοί-

118 1473 161 1499 μῳ
177 1463 215 1499 τῷ
240 1463 443 1499 κατορθώματι.
460 1463 513 1490 Τοῦ
529 1464 557 1490 δὲ
576 1463 671 1490 οὲἰττον
690 1464 738 1489 σὺν
753 1462 791 1497 τῷ
806 1462 907 1497 ἱππότῃ

116 1510 225 1545 στρατῷ
240 1510 465 1545 παραγεγονότος,
484 1510 531 1536 καὶ
557 1510 647 1545 μάχης
663 1509 735 1540 τινὸς
761 1508 908 1544 συρραγεῖ-

116 1564 178 1591 σης,
192 1556 407 1591 συλλαμϐάνεται
432 1556 446 1582 6
467 1555 593 1591 Ἰωάννης
609 1557 642 1590 τῇ
665 1555 719 1582 τῶν
743 1554 812 1590 ἀμφ’
826 1554 907 1582 αὑτὸν

955 956 1108 991 Aquileiam
1134 957 1230 984 urbem
1250 958 1396 983 maximam
1413 957 1566 997 occupavit,
1584 957 1702 983 Placidia
1721 960 1748 983 et

954 1001 1146 1029 Valentiniano
1171 1003 1261 1037 ipsum
1283 1002 1487 1030 comitantibus.
1515 1002 1550 1029 Et
1573 1003 1617 1030 hic
1637 1002 1747 1037 quidem

956 1049 1102 1076 maximam
1119 1049 1254 1076 civitatem
1273 1049 1377 1083 absque
1399 1049 1456 1076 ullo
1470 1049 1579 1083 negotio
1597 1049 1677 1083 cepit.
1696 1048 1748 1075 Ar-

955 1095 1101 1122 daburium
1120 1102 1185 1121 vero
1207 1095 1343 1121 violentus
1359 1093 1469 1127 quidam
1485 1099 1581 1120 ventus
1598 1093 1747 1128 excipiens,

955 1148 1010 1167 una
1025 1148 1086 1167 cum
1099 1140 1206 1168 duabus
1225 1139 1381 1167 triremibus
1392 1139 1420 1166 in
1435 1147 1533 1167 manus
1550 1140 1657 1175 tyranni
1672 1139 1735 1166 detu

956 1187 996 1214 lit.
1021 1186 1066 1213 Ille
1088 1187 1120 1213 de
1142 1186 1243 1213 foedere
1263 1186 1381 1213 ineundo
1405 1186 1538 1220 cogitans,
1564 1185 1747 1212 Ardabnrium

957 1233 1112 1259 humaniter
1124 1233 1238 1267 excepit.
1257 1232 1309 1265 Qui
1324 1240 1386 1260 ctnn
1405 1232 1523 1259 maxima
1539 1232 1662 1259 libertate
1677 1231 1750 1258 frue-

957 1283 1042 1312 retur,
1066 1279 1194 1306 ductores
1213 1279 1333 1314 tyranni,
1357 1279 1404 1312 qui
1425 1279 1481 1313 jam
1509 1278 1541 1305 ad
1567 1278 1749 1305 defectionem

957 1325 1083 1360 propensi
1100 1329 1186 1357 erant,
1203 1328 1298 1352 contra
1324 1329 1469 1359 tyrannum
1495 1325 1636 1352 animavit.
1662 1324 1749 1352 Simul

958 1369 1054 1404 Aspari
1071 1369 1126 1396 lilio
1140 1377 1188 1405 per
1202 1370 1306 1397 litteras
1323 1370 1496 1404 signiﬁcavit,
1511 1375 1542 1398 ut
1564 1375 1694 1405 tanquam
1714 1372 1749 1399 ad

957 1422 1080 1450 paratam
1097 1416 1238 1442 victoriam
1260 1417 1376 1443 adesset.
1396 1416 1447 1449 Qui
1469 1424 1532 1444 cum
1556 1416 1680 1444 celeriter
1701 1418 1750 1444 ad-

959 1466 1095 1489 Ventasset
1109 1470 1161 1489 una
1176 1470 1238 1496 cum
1257 1462 1428 1497 equestribus
1448 1463 1544 1497 copiis,
1557 1467 1684 1490 conserto
1697 1463 1749 1490 levi

958 1507 1052 1542 prtelio
1081 1512 1175 1542 captus
1195 1512 1237 1534 e»t
1258 1507 1385 1539 Joannes,
1411 1508 1564 1543 proditione
1585 1516 1679 1535 eorum
1701 1509 1748 1543 qui

959 1561 1032 1581 eirea
1053 1554 1142 1588 ipsum
1164 1559 1251 1587 erant,
1266 1560 1292 1582 ct
1313 1555 1465 1590 Aquileiam
1492 1555 1525 1582 ad
1553 1554 1699 1583 Placidiam
1723 1561 1750 1583 et

115 1602 256 1637 προδοσίᾳ,
270 1602 317 1628 καὶ
341 1602 410 1637 πρὸς
432 1601 580 1628 Πλακιδίαν
609 1602 655 1628 καὶ
683 1600 905 1627 Οὑαλεντινιανέιν

961 1603 1182 1629 Valentinianum
1206 1603 1361 1630 deducitur.
1382 1603 1437 1630 illic
1460 1603 1555 1630 dextra
1577 1611 1658 1631 manu
1674 1603 1750 1638 prius

115 1649 158 1680 εἰς
170 1648 314 1683 Ἀκυληΐαν
328 1647 514 1683 ἐκπέμπεται·
530 1648 612 1674 κάκεῖ
626 1647 674 1682 τὴν
690 1646 779 1678 δεξιὰν
796 1645 908 1681 προδια-

115 1694 231 1729 τμηθεὶς
248 1694 315 1730 (10),
338 1692 399 1721 εἶτα
419 1695 467 1720 καὶ
490 1694 539 1729 τῆς
566 1693 687 1728 κεφαλῆς
712 1692 907 1726 ἀποτέμνεται,

115 1739 164 1766 ἕνα
176 1740 347 1774 τυραννήσας
369 1739 416 1765 ἐπὶ
437 1738 477 1774 τῷ
499 1738 593 1774 ἡμίσει
620 1738 752 1764 ἐνιαυτόν.
767 1737 834 1763 Τότε
859 1737 908 1763 καὶ

116 1785 231 1820 βασιλέα
252 1786 266 1811 6
283 1785 422 1816 Θεοδόσιος
443 1784 486 1811 τὸν
503 1784 721 1811 Οὑαλεντινιανὺν
746 1781 908 1813 ἀποστείλας

115 1831 289 1866 ἀναγορεύει.

157 1889 198 1916 ιδ’.
220 1889 281 1916 Ὀτι
300 1889 404 1921 Ἀέτιος
417 1890 431 1915 6
446 1889 649 1925 ὑποστράτηγος
669 1888 790 1915 Ἰωάννου
802 1887 848 1914 τοῦ
859 1895 908 1914 “tuo

117 1935 228 1970 ράννου,
251 1935 319 1969 μετὰ
342 1937 417 1970 τρεῖς
442 1935 548 1970 ἡμέρας
570 1935 620 1970 τῆς
643 1934 744 1961 ἐκείνου
769 1933 908 1968 τελευτῆς,

115 1981 275 2017 βαρϐάρους
291 1981 365 2015 ἄγων
381 1981 533 2016 μισθωτοὺς
548 1982 588 2012 εἰς
609 1980 629 2012 ξ’
647 1980 768 2015 χιλιάδας
789 1978 910 2013 παραγί-

115 2034 213 2052 νεται·
231 2027 277 2052 καὶ
301 2027 459 2062 συμπλοκῆς
481 2026 564 2053 αὐτοῦ
588 2035 617 2053 τε
641 2026 688 2052 καὶ
710 2026 765 2052 τῶν
784 2025 847 2061 περὶ
863 2025 908 2052 τὸν

119 2073 252 2107 ’Ἄσπαρα
267 2072 463 2108 γεγενημένης,
480 2072 558 2107 φόνος
573 2072 743 2108 ἑκατέρωθεν
760 2072 845 2108 ἐρρύη
859 2079 909 2097 πο-

116 2117 299 2149 λύς.Ἐπειτα
318 2118 434 2148 σπονδὰς
450 2119 463 2144 6
485 2119 585 2150 Ἀἐτιος
599 2118 702 2144 τίθεται
725 2117 791 2153 πρὸς
806 2117 909 2143 Πλακι-

116 2163 180 2189 δίαν
193 2164 240 2189 καὶ
258 2163 487 2195 Οὐαλεντινιανδν,
503 2162 548 2189 καὶ
562 2163 612 2198 τὴν
629 2162 676 2188 τοῦ
694 2161 813 2196 κόμητος
831 2159 910 2192 ἀξίαν

961 1652 1110 1682 amputata.
1125 1653 1218 1682 postea
1238 1648 1319 1674 etiam
1344 1648 1432 1682 capite
1454 1653 1595 1675 truncatus
1621 1653 1672 1682 est,
1686 1657 1748 1675 eum

959 1701 1005 1728 per
1022 1702 1105 1721 unum
1131 1702 1163 1721 ac
1186 1694 1328 1721 dimidium
1353 1702 1454 1721 annum
1478 1694 1647 1730 tyrannidem
1672 1703 1750 1722 exer-

959 1739 1070 1767 cuisset.
1090 1739 1158 1766 Tum
1183 1747 1248 1766 vero
1269 1738 1439 1766 Theodosius
1456 1738 1675 1767 Valentinianum
1694 1739 1750 1767 Ro-

959 1793 1032 1812 mam
1047 1785 1173 1818 missum,
1190 1785 1383 1819 imperatorem
1403 1785 1579 1812 renuntiavit.

997 1885 1038 1912 14.
1061 1884 1151 1911 Aetius
1164 1893 1249 1911 comes
1264 1884 1361 1918 factus.
1382 1899 1416 1904 ——
1431 1884 1526 1912 Aetius
1540 1893 1611 1912 unus
1625 1892 1659 1913 ex
1673 1885 1752 1912 duei-
1787 1880 1791 1884 ’

958 1932 1010 1959 bus
1024 1931 1139 1958 Joannis
1154 1931 1272 1966 tyranni,
1288 1931 1368 1958 tertio
1383 1935 1443 1965 post
1455 1931 1514 1966 ejus
1528 1931 1632 1959 obitum
1645 1932 1688 1959 die
1703 1939 1751 1959 su-

960 1977 1091 2012 pervenit,
1105 1976 1237 2003 barbaros
1252 1976 1389 2003 adducens
1406 1975 1529 2004 mercede
1544 1977 1703 2009 conductos,
1716 1977 1750 2004 ad

959 2022 1100 2057 sexaginta
1113 2021 1169 2049 fere
1186 2022 1328 2048 hominum
1344 2022 1442 2055 millia;
1458 2022 1661 2058 commissoque
1680 2023 1752 2050 inter

959 2069 1048 2101 ipsum
1064 2072 1090 2095 et
1109 2067 1221 2102 Asparis
1236 2067 1384 2094 exercitum
1405 2068 1508 2102 prtelio,
1532 2069 1611 2096 multi
1625 2077 1656 2095 ex
1673 2074 1752 2096 utra-

960 2121 1013 2148 que
1033 2118 1108 2147 parte
1130 2113 1296 2140 ceciderunt.
1319 2112 1442 2141 Postliaac
1460 2114 1553 2142 Aetius
1580 2113 1668 2141 fmdus
1692 2114 1753 2141 iniit

960 2167 1022 2186 cum
1041 2158 1160 2185 Placidia
1175 2162 1202 2185 et
1212 2158 1411 2191 Valentiniano,
1431 2163 1458 2186 et
1470 2160 1578 2186 comitis
1591 2159 1751 2194 dignitatem

115 2209 255 2244 λαμϐάνει
268 2218 275 2224 ·
293 2210 338 2236 καὶ
354 2211 378 2237 ot
401 2210 531 2246 βάρϐαροι
547 2209 651 2245 χρυσίῳ
670 2207 848 2243 καταθέμενοι
862 2206 905 2242 τὴν

963 2203 1083 2238 accepit:
1101 2203 1210 2230 barbari
1228 2211 1292 2230 vero
1307 2211 1375 2230 auro
1389 2208 1511 2239 accepto,
1526 2203 1592 2230 iram
1607 2209 1688 2238 atque
1705 2211 1750 2230 ar-

743 2304 864 2326 VALESII
885 2302 1134 2325 ANNOTATIONES.

157 2373 196 2407 (7)
220 2373 261 2406 Τῷ
283 2372 397 2406 ἀνεψιῷ
420 2372 629 2407 παρατίθησιν.
659 2369 838 2397 Scribendum
870 2372 913 2407 est

118 2403 303 2444 περιτίθησιν.
323 2403 410 2441 Quem
433 2403 554 2434 errorem
576 2406 632 2440 jam
656 2412 738 2440 supra
756 2412 810 2431 non
829 2403 913 2431 semel

116 2444 262 2472 castigari.

158 2452 539 2513 (ἕξὲίίὶίωνας...ἀναιροῦσι
545 2475 620 2503 κατὰ
630 2475 749 2513 κρᾴτος.
760 2473 910 2513 M_at1uscri-

116 2510 288 2549 pti'quidem
305 2514 413 2540 codices
431 2512 634 2549 nirltil_variant.
658 2510 844 2549 Nihilominns
857 2514 911 2549 _ta-

117 2544 373 2576 Enen-scribendum
385 2553 427 2575 est
438 2547 555 2583 αἱροῦσι,
568 2545 797 2583 quemadmodum
813 2544 911 2579 legilur

115 2583 195 2619 apud
212 2583 394 2619 Nicephorum
412 2583 439 2609 in
456 2581 503 2619 lib.
522 2589 577 2612 χιιι,
594 2589 618 2619 c_.
634 2581 659 2606 7.

156 2619 197 2654 (9)
221 2613 292 2651 Τοὺξ
307 2617 553 2652 ἀποστρατήγους
568 2615 620 2642 τοῦ
633 2614 791 2649 τυράννου.
812 2613 914 2654 notho:

115 2649 217 2681 freilus
240 2649 433 2687 interpretatur
449 2649 639 2687 etinttctoratos
661 2659 676 2677 a
693 2656 816 2687 tyranno.
833 2649 910 2682 Quod

115 2689 198 2716 nullo
213 2689 295 2716 modo
307 2685 423 2723 probare
436 2694 558 2722 possum.
568 2685 660 2719 Neque
674 2686 745 2712 enim
760 2685 909 2711 Pliilostor-

116 2725 182 2759 gius
203 2724 246 2751 hic
260 2723 379 2758 loquitur
391 2723 424 2750 de
439 2723 472 2750 iis
484 2729 553 2757 quos
573 2726 704 2757 tyrannus
718 2725 910 2748 exauctorave-

961 2371 1018 2400 rat;
1034 2367 1080 2394 sed
1105 2367 1138 2393 de
1159 2367 1275 2394 ducibus
1300 2367 1346 2401 qui
1369 2366 1419 2393 sub
1436 2366 1482 2393 illo
1499 2366 1661 2393 militabant.
1677 2366 1754 2394 Adde

983 2402 1036 2442 uoti
1048 2402 1255 2442 ἁποστράτηγος
1269 2401 1426 2442 Qrteeenon
1439 2402 1549 2442 dicitur.
1565 2401 1682 2442 Proinde
1699 2410 1752 2428 non

983 2438 1058 2464 ultito
1075 2436 1142 2472 quin
1155 2436 1327 2464 scribendum
1340 2438 1375 2464 sit
1387 2438 1438 2464 hoc
1447 2437 1506 2464 loco
1517 2436 1751 2472 ὑποστρατήγους.

963 2471 1194 2513 Iinmamiscripte
1211 2472 1303 2513 codice
1325 2472 1452 2513 Boeharti
1472 2471 1569 2512 legititr
1581 2471 1754 2513 ἀποστρατή-

964 2508 1029 2542 γοὺς
1044 2513 1155 2534 accentu
1182 2508 1209 2534 in
1236 2507 1339 2533 ultima.
1361 2506 1394 2533 Et
1409 2507 1435 2533 in
1459 2507 1581 2542 margine
1603 2506 1752 2542 ascriptum

964 2540 1006 2570 est
1018 2543 1111 2569 eadem
1128 2550 1220 2573 manu,
1237 2542 1300 2577 ἴσως
1316 2540 1550 2577 ὑποστρατηγούς.

1000 2577 1055 2613 (10)
1078 2578 1137 2612 Τὴν
1149 2598 1156 2605 .
1170 2596 1176 2604 .
1192 2597 1198 2604 .
1219 2575 1454 2611 προδιατμηθὲίς.
1467 2575 1559 2613 "Apud
1569 2575 1752 2611 Nicephorum

965 2611 1010 2640 hie
1034 2611 1110 2640 locus
1135 2612 1172 2639 ita
1192 2612 1300 2647 legitur,
1328 2613 1376 2646 τὴν
1400 2613 1479 2647 χεῖρα
1501 2611 1611 2648 ῃρῷτον
1636 2613 1751 2648 διατμη-

965 2648 1032 2680 Θείς,
1050 2653 1103 2674 ete.
1119 2647 1147 2674 in
1165 2646 1326 2674 msﬁcodice
1349 2648 1484 2674 Samuelis
1499 2646 1626 2673 Bocharti
1638 2649 1671 2674 ad
1684 2646 1753 2675 mai-

964 2684 1053 2718 ginem
1069 2684 1105 2710 ita
1118 2683 1265 2717 ascriptum
1283 2682 1370 2710 inveni
1390 2691 1398 2708 :
1418 2682 1493 2710 Deest
1511 2682 1753 2718 vocubulum,[orta

964 2718 1097 2752 γλῶτταν.

857 2805 1032 2828 VARIORUM.

158 2883 202 2920 (.2)
227 2882 491 2917 'l‘xaorpatih-ovc.
515 2882 594 2912 Deest
607 2890 658 2911 vox
675 2882 707 2910 ad
722 2888 830 2910 sensum
846 2879 1046 2915 perliciendum.
1062 2878 1105 2906 W.
1124 2877 1221 2905 Leu‘th.
