1967 3075
213 155 272 184 ωε.

729 151 983 181 SUPPLEMENTA
1004 151 1316 180 PIIlLOSTORGIANA.

1797 153 1846 182 62b

220 224 263 243 ma
279 218 473 248 deposuerunt,
484 218 511 240 ct
528 213 669 240 obsidibus
684 213 754 239 datis
770 213 876 247 lideque
888 212 1008 240 vicissim

1073 211 1144 247 ηργὴν
1156 212 1204 238 καὶ
1217 212 1252 238 τὰ
1264 211 1344 243 ὅπλα,
1358 212 1479 247 ὁμήρους
1495 221 1523 238 τε
1537 212 1637 243 δόντες,
1652 212 1698 238 καὶ
1714 211 1748 238 τὰ
1768 213 1847 240 πιστὰ

220 266 327 295 accepta
345 260 372 287 in
386 260 511 294 proprias
525 260 602 287 sedes
620 258 721 286 reversi
739 263 813 285 sunt.

247 317 323 343 Finis
343 321 525 351 excerptorum
540 315 738 356 Ecclesiasticae
753 315 879 343 Historia:
893 314 984 342 Philo-

570 356 672 386 story".

1061 258 1197 290 λαϐόντες,
1212 260 1251 290 εἰς
1266 258 1299 285 τὰ
1313 258 1399 285 οξκεῖα
1413 257 1464 294 ἤθη
1480 258 1518 293 (a)
1534 258 1727 293 ἀπεχώρησαν.

1084 317 1175 349 Τέλος
1188 317 1247 343 τῶν
1260 317 1393 351 sudori?»-
1404 316 1461 351 Ατοῦ
1478 315 1627 349 παρόντος
1639 315 1762 347 ,βιϐλίου
1779 315 1832 350 τῆς

1139 349 1383 386 Ὲκκλππιαστιὶιῆς
1404 349 1533 387 Ἱστορίας
1548 351 1771 386 Φιλοστοργίου.

257 432 296 465 (α)
316 432 368 464 Εὶς
382 430 418 457 τὰ
432 430 526 457 οἰκεῖα
541 430 610 464 ἤθη.
632 429 745 459 Videtur
769 430 912 465 legendum
936 428 1012 466 ἔθνη.

1089 430 1190 458 Lam/1.

227 527 1845 542 Μ

422 625 945 684 SUPPLEMENTA
995 626 1651 686 PHILOSTORGIANA.

535 780 544 790 ’
588 792 626 820 De
639 791 770 826 Josepho,
785 792 933 828 Phlegonte
946 799 974 822 et
990 794 1088 828 Dione,
1105 803 1137 822 ex
1151 794 1238 823 Suida
1253 795 1281 821 in
1296 802 1357 821 voce
1370 793 1489 829 Φλέγων.

262 876 461 912 Philostorgius
486 875 525 902 ait
549 881 592 905 ea.
610 881 670 908 quae
691 874 762 901 circa
779 873 888 902 Iudaeos
908 875 1014 903 accide-

1103 876 1205 904 Τούτου
1219 875 1357 910 Φλέγωνός
1372 883 1438 910 φησι
1458 875 1647 912 Φιλοστόργιος
1663 876 1784 902 ’Ῑουστον
1801 875 1854 909 (Il)

225 929 299 958 runt,
314 924 438 960 pluribus
448 926 476 950 et
486 921 625 956 copiosius
636 925 798 947 exsecutum
814 928 874 948 esse
885 920 1012 955 Justum;

224 972 400 1005 Phlegontem
428 976 492 995 vero
518 972 545 994 et
573 965 684 993 Dionem
703 965 820 993 breviter
845 967 1014 999 meminisse,

225 1026 312 1052 caque
327 1015 401 1043 velut
414 1013 500 1041 obiter
516 1012 642 1039 Historiw
657 1019 713 1038 sua:
726 1011 868 1039 indidisse.
879 1011 1014 1039 Caeterum

225 1071 320 1091 eorum
336 1069 397 1096 quae
420 1060 454 1088 ad
478 1060 604 1094 pietatem
630 1058 753 1092 aliasque
766 1057 882 1085 virtutes
899 1058 1014 1092 ducunt,

226 1116 315 1143 neque
338 1107 382 1134 ille
399 1113 494 1134 curam
519 1104 576 1131 ullo
599 1104 680 1130 modo
700 1103 819 1138 gessisse
832 1103 1014 1138 dignoscitur,

227 1153 456 1190 quemadmodum
480 1158 568 1185 neque
589 1150 627 1177 hi.
643 1149 744 1177 Contra
760 1157 824 1177 vero
840 1149 976 1184 Iosephus
989 1155 1017 1177 et

228 1198 415 1228 reformidanti
440 1196 538 1225 similis
553 1199 594 1223 est
609 1194 781 1229 caventique,
802 1202 835 1222 ne
851 1194 960 1222 Graecos
974 1194 1016 1222 ol-

228 1247 329 1275 fendat.

1067 923 1102 949 τὰ
1127 923 1198 949 κατὰ
1219 922 1282 954 τοὺς
1300 921 1445 953 Ἰουδαίους
1472 921 1645 956 συμπεσόντα
1669 921 1712 948 διὰ
1736 921 1855 953 πλείονος

1068 969 1223 1002 ἐπεξελθεῖν
1236 967 1283 995 τοῦ
1296 967 1415 1000 πλάτους
1425 976 1431 983 ·
1453 967 1592 1002 Φλέγωνος
1607 968 1654 995 καὶ
1674 968 1773 999 Δίωνος
1792 967 1854 1003 βρα-

1068 1014 1137 1049 χέως
1155 1013 1386 1049 ὲπιμνηοθὲντων,
1399 1013 1446 1040 καὶ
1458 1013 1633 1049 παρενθήκην
1646 1013 1716 1040 αὐτὰ
1727 1013 1774 1039 τοῦ
1793 1013 1856 1039 [δίου

1068 1059 1148 1093 λόγου
1165 1059 1366 1094 ποιησαμένων.
1394 1059 1470 1085 Ἐπεὶ
1484 1059 1537 1086 τῶν
1551 1068 1581 1093 γε
1603 1060 1642 1091 εἰς
1656 1059 1796 1086 εὐσέϐειαν
1812 1059 1855 1085 καὶ

1066 1104 1115 1138 τὴν
1140 1103 1222 1138 ἄλλην
1248 1104 1348 1140 ἀρετὴν
1373 1104 1517 1137 ἑλκόντων,
1542 1105 1595 1131 οὐδ’
1609 1104 1698 1132 ὁτιοῦν
1713 1105 1767 1132 οὐδ’
1782 1102 1856 1138 οὗτος

1067 1149 1204 1176 δείκνυται
1233 1149 1434 1185 πεφροντικὼς,
1453 1151 1538 1186 ὅνπερ
1561 1151 1616 1178 οὐδ’
1634 1152 1731 1178 ἐκεῖνοι
1748 1151 1857 1185 τρόπον.

1068 1194 1228 1221 Τοὺναντίον
1245 1194 1293 1230 μὲν
1317 1192 1362 1221 οὖν
1386 1196 1400 1221 ὸ
1418 1194 1558 1230 Ἰώσηπος,
1578 1195 1626 1222 καὶ
1642 1195 1770 1222 δεδοικότι
1789 1195 1857 1222 ἔοικε

1067 1240 1115 1268 καὶ
1128 1241 1319 1276 εὐλαῦουμένῳ
1334 1241 1371 1273 ὡς
1385 1241 1422 1277 μὴ
1435 1241 1649 1277 προσκρούσειεν
1666 1242 1789 1277 Ἕλλησι.

247 1305 285 1333 De
298 1303 417 1331 Eusebio
430 1299 640 1330 Nicomediensi,
657 1304 683 1326 et
696 1297 848 1333 Theophilo
864 1297 940 1325 Indo.
961 1297 1005 1324 F2:
1017 1307 1096 1361 ωέὥε
1108 1306 1154 1325 seu:
1168 1298 1300 1333 prioribus
1317 1299 1401 1331 libris,
1419 1298 1547 1333 referente
1560 1298 1656 1326 Pltotio
1668 1299 1695 1325 in
1711 1298 1840 1326 Biblioth.

1001 1342 1027 1361 η.
1082 1354 1088 1360 .

1001 1342 1027 1361 η.
1043 1342 1088 1361 ου.

262 1394 339 1428 Quod
365 1400 430 1420 vero
454 1391 486 1418 ad
511 1389 642 1417 miracula
656 1388 753 1416 attinet
767 1388 915 1422 vitamque,
930 1387 1015 1416 Eusc-

228 1443 302 1469 hium
322 1438 485 1467 Nicomediae
509 1437 612 1471 (quem
637 1439 664 1462 et.
681 1433 806 1469 Magnum
825 1433 962 1469 appellat)
988 1439 1016 1461 et

228 1486 409 1521 Theophilum
424 1483 533 1516 Indum,
547 1481 670 1516 aliosque
684 1480 776 1515 plures
791 1479 907 1506 cxtollit.

1110 1389 1154 1415 ‘Ev
1167 1388 1320 1424 τεραστίοις
1334 1389 1362 1416 δὲ
1379 1390 1424 1416 καὶ
1441 1389 1491 1425 βίῳ
1514 1389 1644 1416 Εὐσέϐιον
1667 1390 1717 1425 τῆς
1737 1390 1858 1424 Νικομη-

1067 1434 1152 1465 δείας,
1166 1434 1195 1460 ὂν
1214 1434 1261 1460 καὶ
1276 1435 1363 1470 μέγαν
1382 1435 1525 1467 ἀποκαλεῖ,
1544 1436 1591 1462 καὶ
1605 1435 1734 1470 Θεόφιλον
1749 1435 1793 1462 τὸν
1814 1436 1858 1462 Ἰν-

1070 1479 1114 1506 δδν
1130 1480 1177 1506 καὶ
1194 1479 1291 1512 ἄλλους
1307 1476 1433 1512 τέλείονας
1445 1481 1558 1516 ἐξαίρει.

264 1545 301 1572 De
314 1544 354 1571 his
370 1543 415 1578 qui
430 1542 461 1569 ab
478 1541 544 1568 Ario
559 1543 686 1567 steterunt
700 1539 728 1566 in
744 1537 848 1572 synodo
867 1537 986 1570 Nicaana,
1003 1537 1152 1608 exﬁNiceta
1166 1539 1193 1565 in
1207 1538 1350 1566 Thesauro
1365 1539 1522 1567 orthodoxae
1538 1539 1611 1573 ﬁdei,
1628 1539 1675 1566 lib.
1691 1547 1718 1572 v,
1734 1548 1792 1574 cap.
1810 1539 1826 1565 7

1003 1582 1030 1600 ιη
1063 1581 1089 1599 η.

1003 1582 1030 1600 tn
1043 1581 1089 1600 nn.

265 1637 399 1664 Caeterum
416 1635 458 1668 (ut
470 1631 668 1666 Philestorgius
681 1630 770 1665 primo
789 1629 916 1656 Historiae
930 1636 986 1656 sua:
1000 1629 1071 1656 libro
1086 1634 1182 1656 auctor
1192 1630 1243 1664 est)
1258 1629 1292 1656 ab
1307 1628 1372 1656 Ario
1389 1629 1415 1656 in
1431 1629 1536 1665 synodo
1551 1629 1657 1657 Nicena
1673 1634 1807 1658 steterunt
1821 1630 1859 1662 hi,

228 1692 344 1720 quorum
361 1683 472 1710 nomina
490 1680 695 1714 subsequuntur
711 1678 831 1712 episcopi
844 1686 851 1705 :
863 1685 895 1704 ex
913 1676 1054 1711 superiore
1070 1677 1180 1711 quidem
1194 1676 1277 1713 Libya
1294 1676 1440 1704 Seutianus
1454 1676 1550 1708 Boraai,
1569 1677 1686 1705 Dachius
1701 1677 1861 1712 Beronices,

229 1731 372 1760 Secundus
394 1727 621 1756 Theuchirorum.
638 1723 760 1760 Zopyrus
779 1723 888 1755 Barces,
911 1722 1053 1750 Secundus
1075 1722 1148 1750 alius
1169 1721 1360 1754 Ptolemaidis.
1377 1722 1472 1749 Theon
1498 1721 1681 1755 Marmaricae;
1706 1731 1740 1749 ex
1762 1723 1862 1750 Thebis

230 1777 365 1813 [Egyptiis
379 1774 512 1806 Melitius;
529 1780 562 1800 ex
578 1770 722 1798 Palaestina
745 1768 919 1803 Patrophilus
945 1767 1153 1803 Scythopoleos,
1182 1767 1315 1795 Eusebius
1331 1767 1518 1800 Caesariensis,
1542 1767 1589 1802 qui
1609 1767 1742 1802 Pamphili
1770 1767 1863 1796 dictus

229 1831 286 1857 est;
303 1832 336 1851 ex
352 1822 490 1850 thnicia
508 1819 637 1847 Paulinus
661 1817 734 1853 Tyri,
752 1816 887 1851 Amphion
902 1815 1060 1851 Sigedonis;
1085 1823 1119 1842 ex
1136 1815 1230 1843 Cilicia
1247 1815 1392 1843 Narcissus
1404 1815 1588 1850 lrenopoleos,
1605 1815 1774 1843 Athanasius
1787 1816 1863 1843 Ana-

231 1873 315 1905 zarbi,
329 1870 535 1904 Tarcodiniatus
549 1866 656 1901 IEgon;
674 1873 705 1892 ex
725 1864 895 1899 Cappadocia
908 1863 1050 1896 Leontius,
1068 1862 1226 1899 Longianus
1238 1868 1266 1890 et
1281 1863 1422 1896 Eulalius;
1437 1871 1469 1891 ex
1482 1863 1579 1895 Ponto.
1595 1864 1711 1892 Basilius
1732 1865 1863 1897 Amasize.

229 1917 348 1946 Melitius
364 1915 587 1950 Sebastupoleos;
608 1921 640 1940 ex
664 1913 799 1948 Bithynia,
815 1911 952 1946 Theognis
964 1910 1070 1944 Nicaeae,
1092 1911 1175 1939 Maris
1197 1911 1387 1945 Chalcedonis,
1408 1911 1542 1940 Eusebius
1561 1911 1734 1945 Nicomedia,
1748 1912 1865 1949 Magnus

230 1966 339 2000 quidem
356 1962 527 1997 cognomine,
543 1961 589 1996 qui
605 1960 724 1987 Luciano
749 1960 860 1995 martyri
884 1959 1028 1987 familiaris
1051 1959 1150 1992 fuerat.
1167 1960 1361 1995 miraculisque
1381 1961 1482 1994 clarus,
1500 1967 1529 1990 ut
1542 1963 1590 1998 qui
1608 1963 1649 1990 vel
1666 1964 1785 1992 maxime
1804 1973 1811 1991 :
1830 1973 1863 1992 ex

231 2017 286 2045 quo
301 2010 381 2036 etiam
396 2007 484 2042 Magni
498 2014 648 2042 cognomen
667 2007 778 2040 adeptus
795 2010 862 2032 erat.

288 2066 324 2093 De
338 2064 568 2099 subscriptionum
589 2063 712 2090 varietate
726 2063 753 2090 in
768 2063 880 2090 concilia
896 2061 1019 2096 Niceno,
1031 2072 1063 2091 ea;
1079 2064 1174 2092 Niceta
1187 2065 1213 2091 in
1228 2064 1368 2092 Thesauro
1387 2064 1546 2092 orthodoxa:
1561 2065 1632 2099 ﬁdei,
1647 2066 1693 2093 lib.
1705 2075 1732 2099 v,
1745 2075 1768 2093 c.
1782 2067 1810 2094 8.

267 2124 476 2158 Philostorgius.
492 2122 539 2149 sub
557 2122 635 2157 ﬁnem
652 2121 713 2148 libri
736 2121 826 2156 primi.
845 2126 941 2149 auctor
959 2127 1010 2155 est,
1034 2129 1129 2150 eorum
1146 2123 1194 2157 qui
1211 2123 1329 2150 Nicwnze
1346 2123 1407 2150 ﬁdei
1423 2124 1652 2158 subscripserant.
1667 2125 1735 2152 alios
1753 2127 1866 2160 quidem

232 2180 247 2199 e
266 2169 509 2205 chirographorum
523 2175 634 2195 suorum
651 2168 760 2202 regione
773 2166 916 2202 ὁμοουσιου
932 2168 1078 2196 dictionem
1093 2170 1262 2204 ascripsisse,
1280 2169 1348 2197 alios
1364 2177 1428 2197 vero
1441 2171 1476 2197 ab
1496 2169 1612 2197 Eusebio
1629 2171 1777 2200 instructos
1791 2173 1867 2200 blas-

231 2219 357 2254 phemam
380 2216 532 2252 ὀμοιουσιου
556 2223 649 2243 vocem
668 2216 728 2243 loco
745 2216 887 2251 ὁμοουσιου
911 2225 1011 2252 suppos

1073 2226 1097 2251 e,
1126 2223 1223 2254 prater
1243 2218 1398 2247 Secundum
1421 2225 1449 2247 et
1469 2219 1619 2253 Theonam,
1634 2221 1680 2255 qui
1703 2221 1785 2248 etiam
1812 2229 1868 2249 una

232 2273 294 2292 cum
314 2264 379 2291 Ario
393 2264 507 2298 ejusque
519 2262 684 2297 presbyteris
700 2262 727 2288 in
741 2261 877 2297 lllyricum
890 2263 1002 2299 relegati
1015 2270 1090 2291 sunt.

286 2324 324 2351 De
342 2322 503 2350 Pmltitentia
518 2321 694 2356 quorumdam
707 2320 879 2361 Arianorum,
890 2322 959 2361 quod
975 2322 1091 2361 concilio
1103 2321 1215 2361 Memno
1227 2324 1441 2358 subscripsissent
1457 2334 1465 2353 :
1482 2326 1551 2361 quod
1563 2327 1642 2361 refert
1659 2326 1768 2355 Nicetas
1784 2329 1814 2355 in

741 2355 882 2383 Thesauro
896 2355 1058 2384 'ortbodoxae
1076 2357 1136 2385 ﬁdei
1149 2378 1158 2390 ,
1174 2359 1220 2385 lib.
1235 2367 1263 2392 v,
1279 2368 1302 2386 c.
1322 2355 1348 2387 8.

267 2417 468 2452 Philostorgius
483 2417 560 2444 initio
576 2417 639 2444 libri
655 2418 773 2449 secundi,
795 2417 891 2445 scribit
905 2417 1063 2451 Eusebium,
1080 2418 1220 2454 Theognin
1235 2425 1262 2448 et
1278 2420 1374 2453 Marin,
1390 2429 1484 2448 eorum
1497 2431 1558 2457 quae
1571 2423 1793 2458 subscripserant
1807 2432 1872 2459 pue-

233 2465 357 2492 nitudine
372 2464 469 2492 ductos
482 2463 516 2491 ad
534 2464 724 2499 imperatorem
742 2465 857 2496 venisse,
875 2465 973 2500 hisque
986 2466 1057 2500 apud
1074 2475 1136 2494 eum
1154 2469 1243 2496 verbis
1265 2477 1330 2496 usos
1346 2478 1353 2496 :
1371 2469 1471 2504 Iniqui,
1488 2471 1641 2505 imperator,
1658 2472 1685 2498 in
1701 2479 1731 2498 eo
1751 2472 1872 2506 fuimus,

857 2527 976 2549 VALESII
990 2529 1236 2554 ANNOTATIONES.

271 2582 326 2622 (ll)
348 2582 498 2622 ξ’]οοστον.
519 2581 557 2608 lta
573 2582 725 2622 correxjex
739 2580 981 2622 conjectura-hiatu
994 2582 1020 2622 i_n
1035 2591 1056 2619 ο
1073 2583 1180 2622 Josepo.
1196 2585 1282 2619 Eligat
1299 2585 1391 2622 itaque
1406 2586 1545 2622 studiosus
1560 2585 1645 2613 lector
1660 2591 1751 2613 utrum
1770 2587 1871 2614 volue—

235 2617 330 2644 Lexico
349 2617 447 2648 Sunlm,
464 2625 497 2643 ex
514 2625 568 2650 quo
581 2617 625 2642 hic
645 2616 817 2651 Philostorgii
830 2617 906 2642 locus
921 2617 1020 2644 descri-

236 2658 297 2685 ptus
320 2657 370 2682 est,
390 2653 470 2678 hodie
484 2652 580 2686 legitur
592 2652 662 2677 ὅσον.
679 2650 758 2677 Certe
773 2651 914 2686 scriptoris
932 2651 1019 2686 histo-

235 2688 283 2714 rici
302 2695 399 2713 nomen
416 2685 526 2721 prorsus
543 2687 586 2713 hic
597 2687 774 2713 desideratur.
788 2687 842 2721 Aut
854 2687 935 2720 igitur
948 2685 1018 2714 Justi

235 2730 334 2749 nomen
360 2722 402 2748 hic
416 2720 645 2748 Vsubstituentlurn
660 2726 711 2752 est,
725 2725 772 2747 aut
783 2720 884 2755 Josepi.
899 2721 965 2754 Qua:
980 2729 1019 2748 se-

235 2761 356 2791 quuntur
370 2756 542 2790 Philostorgi-i
561 2757 652 2790 verba,
669 2756 694 2782 id
709 2757 797 2789 potius
813 2756 926 2782 suadere
939 2757 1018 2784 nobis

209 2795 216 2805 ‘
236 2793 371 2820 videntur.
384 2797 413 2818 ut
435 2791 525 2825 Josepi
551 2798 647 2825 nomen
669 2791 873 2817 sub-tituamus.
889 2791 1017 2825 Sequitur

235 2823 538 2860 σεηὶιη,Τοῠνα-ιτίονμὲν
550 2823 596 2851 οὖν
612 2826 626 2851 ὁ
644 2825 785 2860 Ἰώσηπος,
799 2831 851 2852 etc.
868 2825 905 2852 Ex
918 2823 1018 2860 quibus

236 2862 325 2889 verbis
348 2862 494 2895 colligitur,
512 2862 592 2894 paulo
614 2865 693 2888 antea
713 2867 866 2888 sermonem
883 2860 965 2889 fuisse
985 2862 1018 2889 de

1074 2620 1117 2646 rit.
1135 2620 1220 2646 Porro
1234 2622 1285 2647 hoc
1299 2621 1479 2655 fragmentum
1489 2620 1662 2655 Philostorgii
1672 2622 1872 2655 depromptum

1072 2660 1112 2680 cst
1129 2662 1161 2681 ex
1178 2657 1311 2689 prooemio
1325 2656 1385 2690 ejus
1403 2655 1592 2683 Historiarum.
1613 2657 1673 2689 Quo
1685 2657 1711 2683 in
1729 2657 1790 2683 loco
1803 2657 1874 2684 Plu-

1073 2690 1220 2724 iusim-gius
1234 2691 1380 2725 scriptores
1398 2698 1493 2718 omnes
1511 2691 1630 2725 historia:
1641 2699 1727 2718 sacra:
1739 2699 1874 2718 comme-

1072 2727 1205 2751 morabat.
1224 2725 1263 2752 Ac
1279 2724 1367 2760 primo
1381 2727 1489 2760 quidem
1504 2724 1616 2757 Mosen],
1635 2726 1732 2753 deinde
1746 2728 1874 2760 scripto-

1073 2768 1127 2785 rem
1148 2761 1267 2795 historia!
1289 2761 1505 2788 Machabzeorum
1531 2761 1708 2788 recensebat:
1724 2767 1874 2795 postremo

1071 2795 1130 2822 loco
1147 2794 1255 2831 Justum
1277 2803 1309 2823 ac
1332 2795 1460 2831 Josepnm
1484 2802 1576 2823 rerum
1591 2794 1768 2824 Judaicarum
1794 2797 1875 2824 scri-

1071 2835 1160 2864 ptorcs
1177 2830 1319 2858 referebat.
