1967 3075
117 153 170 182 €25

641 155 894 186 SUPPLEMENTA
915 157 1228 186 PHILOSTORGIANA.

1700 155 1752 184 6‘16

117 211 184 246 quod
208 211 247 237 tui
270 217 340 238 metu
364 211 479 246 perculsi
503 213 635 247 impietati
661 213 904 249 subscripserimut.
920 214 959 242 Ex
974 223 1030 251 quo
1044 214 1145 242 factum
1163 215 1209 247 sit,
1224 217 1254 241 ut
1278 214 1426 248 imperator
1449 211 1649 240 exeandesccns
1665 220 1712 240 eos
1726 214 1753 240 ir.
1777 224 1781 231 ν

116 256 238 284 Galatias
251 265 298 284 seu
314 257 416 285 Gallias
432 258 562 286 occiduas
577 259 715 294 relegarit,
728 264 756 287 et
770 259 887 288 Arianos
903 268 952 288 sua
967 268 1104 296 quemque
1118 260 1206 295 patria
1222 259 1352 287 excedere
1365 259 1488 293 jusserit.

231 313 270 340 De
286 313 400 342 Paulino
417 323 457 349 ep.
475 315 636 342 Antiaclteno
651 316 722 350 farto
735 325 744 343 :
758 317 827 351 quod
843 316 923 352 refert
941 316 1052 345 Nicetas
1068 318 1096 344 in
1109 315 1252 344 Thesauro
1267 315 1375 343 orthod.
1393 315 1450 347 iid.,
1467 315 1514 342 lib.
1529 323 1555 345 ν.
1572 323 1594 341 c.
1610 315 1636 342 9.

153 370 233 398 Solus
248 369 447 407 Philostorgius
462 372 532 399 libro
549 371 731 400 Historiarum
748 374 876 407 secundo,
895 373 1040 402 Paulinum
1056 374 1128 411 Tyro
1143 374 1317 401 Antiochiam
1333 373 1494 401 translatum
1517 373 1563 408 (in
1586 373 1676 400 locum
1702 372 1757 399 Eu-

116 418 220 452 slathii)
233 423 328 446 auctor
341 424 392 446 est.

249 483 285 511 De
299 484 377 511 Aetio
393 490 419 511 et
432 485 574 519 Eunomia,
589 494 622 513 ea:
634 495 686 513 uno
701 495 714 514 ε
727 495 773 514 sea:
787 487 921 522 prioribus
933 489 990 523 ejus
1003 488 1090 520 libris,
1104 489 1231 523 referente
1249 488 1343 515 Pliotio
1361 489 1389 514 in
1402 486 1529 514 Biblioth.
1544 495 1571 513 ιι.
1587 485 1630 513 40.

159 540 275 575 Ἐξαίρει
288 540 317 567 δὲ
331 542 359 568 ὲν
373 541 422 576 μὲν
439 541 527 576 λόγοις
545 542 664 577 μάλιστα
682 543 786 570 Ἀέτιον
801 544 848 570 καὶ
858 544 909 570 Εὺ-
923 551 933 575 Α

1003 544 1114 571 Extollit
1129 552 1195 572 vero
1221 545 1248 571 in
1275 544 1449 572 sermonibus
1477 543 1595 570 maxime
1607 542 1714 569 Actium
1731 547 1758 568 et

117 587 221 622 νόμιον,
240 587 336 622 μόνους
354 587 528 623 ἀνακαθᾶραι
543 589 579 615 τὰ
589 590 640 623 τῆς
653 588 795 620 εὐσεϐείας
809 589 912 624 δόγμα-

116 642 152 660 τα
168 633 208 669 τῷ
225 634 313 669 χρόνῳ
327 634 543 669 συγκεχωσμένα
559 634 781 670 τερατευόμενος.

965 588 1143 621 Eunomium,
1171 589 1242 617 falso
1268 597 1406 621 asserens,
1421 597 1469 616 eos
1497 589 1570 616 solos
1595 595 1758 623 repurgasse

965 636 1073 670 pietatis
1088 635 1216 671 dogmata
1229 640 1354 668 tempore
1365 635 1560 663 contaminata.

454 690 490 718 De
505 691 604 720 Acacio
619 692 748 720 Caesareae
761 693 821 722 Pal.
839 702 892 728 ep.,
906 694 977 729 apud
998 693 1121 721 Photium
1140 695 1169 721 in
1188 694 1316 722 Biblioth.
1331 704 1359 722 ιι.
1377 695 1422 722 40.

153 750 312 783 Κατηγορεῖ
336 747 364 774 δὲ
385 748 513 775 Ἀκακίου
539 749 656 784 μάλιστα
674 749 722 776 τοῦ
740 750 910 785 Καισαρείας

116 795 167 829 τῆς
179 793 249 820 κατά
268 794 449 830 Παλαιστίνην
463 795 700 830 ὲπισκοπήσαντος
720 795 862 831 δεινότητα
881 804 911 822 τε

116 839 321 875 ἀνυπέρϐλητον
344 840 391 866 καὶ
408 839 577 875 κακουργίαν
599 839 716 875 ἄμαχον,
735 840 794 875 μεθ’
809 837 847 867 ὧν
864 841 911 867 καὶ

118 887 228 914 πάντων
244 887 311 921 φησὶ
326 886 487 922 κατισχύσαι
508 885 562 912 τῶν
580 894 611 912 τε
625 885 785 921 όμοφρόνων
799 886 911 912 δοκούν-

117 941 183 963 των.
196 933 235 964 εἰς
247 933 347 968 ἔχθραν
357 932 386 960 δέ
398 941 458 959 τινα
469 931 674 964 καταστάντων,
690 932 737 959 καὶ
749 932 803 959 τῶν
815 933 913 960 τάναν-

117 981 164 1007 τία
176 980 396 1016 θρησκευόντων.

999 749 1184 785 Reprehendit
1197 758 1260 778 vero
1269 751 1362 778 Acacii
1372 752 1490 788 maxime
1497 751 1628 779 Caesareae
1637 751 1759 779 Palaesti-

965 803 1007 823 nae
1021 796 1141 830 episcopi
1155 796 1210 823 vim
1225 796 1334 824 dicendi
1352 797 1551 824 intolerabilem
1566 802 1592 824 et
1607 797 1755 824 versutiam

965 841 1221 877 inexpugnabilem,
1238 842 1338 877 quibus
1364 850 1426 870 eum
1458 843 1562 870 artibus
1587 842 1758 878 oppressisse

965 887 1004 914 ait
1020 895 1076 922 pra:
1088 887 1216 914 omnibus
1234 892 1287 915 tam
1301 895 1348 915 eos
1364 889 1410 923 qui
1427 888 1497 915 idem
1517 889 1618 916 sentire
1634 890 1758 916 videren-

965 937 1021 965 tur,
1039 933 1102 961 odio
1120 937 1210 961 tamen
1225 934 1344 968 quodam
1360 934 1474 966 divisos,
1487 941 1569 969 quam
1581 935 1718 962 contraria
1731 936 1757 960 in

966 980 1098 1015 religione
1113 981 1272 1008 sentientes.

670 1049 708 1077 De
720 1049 807 1082 Aetio,
824 1058 856 1077 ex
869 1050 960 1078 Photii
976 1050 1105 1078 Biblioth.
1127 1059 1155 1078 η.
1169 1050 1214 1077 40.

157 1112 271 1148 Ἱστορεῖ
285 1111 314 1138 δὲ
330 1111 384 1138 ἀπὸ
397 1111 446 1146 τῆς
462 1110 569 1146 Ἀρείου
584 1111 649 1147 περὶ
657 1111 707 1146 τὴν
719 1111 825 1147 αἵρεσιν
837 1119 920 1138 σπου-

1005 1111 1141 1139 Narrandi
1158 1119 1240 1146 porro
1254 1110 1361 1138 initium
1378 1110 1442 1138 fecit
1464 1110 1498 1137 ab
1520 1109 1577 1137 Arii
1599 1109 1627 1136 in
1643 1109 1759 1137 heresin

118 1159 166 1194 δῆς
178 1167 208 1185 τε
222 1158 269 1184 καὶ
284 1156 451 1192 κατάρξεως.
472 1158 552 1193 μέχρι
577 1157 627 1192 τῆς
643 1156 746 1182 Ἀετίου
763 1156 810 1182 τοῦ
825 1156 916 1183 δυσσε-

118 1205 248 1231 ϐεστάτου
261 1203 447 1238 ἀνακλήσεως.
459 1200 542 1234 Οὗτος
556 1202 585 1229 δὲ
597 1203 611 1229 ό
632 1202 734 1234 Ἀἐτιος
749 1202 815 1238 παρ’
826 1201 916 1229 αὐτῶν

120 1249 171 1284 μὲν
194 1248 249 1274 τῶν
273 1247 500 1283 συναιρεσιωτῶν,
516 1247 560 1273 διὰ
574 1246 605 1273 τὸ
621 1246 764 1278 κάκείνους
779 1246 915 1282 ὑπερϐάλ-

121 1295 218 1321 λεσθαι
242 1296 276 1329 τῇ
291 1293 445 1329 δυσσεϐείᾳ,
460 1293 498 1325 ὡς
514 1292 595 1325 αὐτὸς
613 1290 690 1325 οὗτος
704 1293 751 1320 καὶ
767 1293 804 1329 μὴ
822 1292 916 1328 βουλό-

121 1349 202 1376 μενος
216 1340 327 1376 ἱστορεῖ,
340 1340 390 1375 τῆς
409 1339 549 1371 διακονίας
572 1339 713 1375 καθῃρέθη
727 1347 733 1355 ·
751 1339 804 1365 ὑπὸ
821 1339 849 1365 δὲ
866 1339 916 1366 τοῦ

119 1386 334 1414 δυσσεϐεστάτου
354 1386 499 1413 Ἰουλιανοῦ
516 1385 652 1422 ἀνεκλήθη
670 1394 700 1412 τε
722 1387 771 1412 καὶ
783 1385 915 1421 φιλοφρό-

120 1441 174 1465 νως
189 1433 329 1468 ἑδεξιώθη.

967 1159 1059 1186 studio
1074 1163 1101 1186 et
1117 1158 1206 1190 initio,
1224 1158 1258 1185 ad
1277 1157 1347 1184 Aelii
1374 1156 1532 1192 impiissimi
1558 1155 1759 1183 revocationem

967 1213 1066 1240 usque.
1085 1204 1135 1233 Hic
1156 1212 1220 1232 vero
1245 1204 1341 1232 Aetius
1359 1211 1374 1231 a
1391 1203 1562 1230 cohaereticis
1591 1203 1669 1238 ipsis,
1687 1202 1760 1237 quod

966 1252 1042 1287 ipsos
1056 1252 1194 1286 impietate
1208 1255 1360 1285 superaret,
1381 1255 1410 1277 ut
1425 1250 1470 1276 hie
1486 1250 1601 1285 ipsemet
1617 1249 1700 1276 etiam
1715 1249 1760 1276 in-

967 1298 1040 1325 vitus
1065 1301 1169 1330 narrat,
1184 1296 1329 1324 diaconatu
1361 1296 1523 1330 submotus;
1539 1296 1574 1323 ab
1597 1295 1761 1330 impiissimo

968 1351 1033 1371 vero
1057 1342 1167 1370 Juliano
1192 1347 1334 1371 revocatus
1359 1349 1387 1370 et
1409 1342 1609 1370 humanissime
1633 1347 1761 1377 exceptus

968 1388 1028 1416 fuit.

660 1490 697 1517 De
713 1489 826 1522 Basilio,
839 1498 872 1517 ea:
886 1489 975 1517 Photii
987 1489 1118 1518 Biblioth.
1138 1499 1164 1518 η.
1183 1491 1228 1519 ιο.

158 1547 297 1574 Βασιλείου
311 1548 339 1574 δὲ
357 1547 404 1574 τοῦ
419 1548 539 1583 μεγάλου
554 1548 734 1584 ἐπεχείρησεν
749 1548 848 1582 ὑφᾶναι
862 1548 920 1583 μῶ-

1008 1549 1110 1577 Basilio
1124 1557 1190 1577 vero
1202 1549 1301 1584 Magno
1316 1549 1482 1576 calumniam
1501 1553 1593 1576 texere
1608 1556 1694 1576 ausus
1708 1554 1751 1576 est

122 1602 184 1629 μον,
202 1593 237 1620 δι’
249 1591 280 1621 οὗ
301 1594 491 1631 λαμπρότερον
514 1595 615 1627 gestis;
624 1595 679 1630 Τὴν
704 1595 753 1629 μὲν
769 1594 825 1629 γὰρ
842 1595 920 1630 ἰσχὺν

975 1604 1025 1631 qua
1041 1595 1218 1623 illustriorem
1236 1603 1295 1622 eum
1313 1595 1440 1622 reddidit.
1459 1593 1520 1621 Vim
1537 1594 1610 1621 enim
1634 1599 1661 1621 et
1675 1602 1761 1621 venu~

121 1641 170 1667 καὶ
181 1641 211 1667 τὸ
226 1641 324 1673 κάλλος
340 1641 389 1677 τῆς
412 1642 440 1668 ὲν
461 1643 518 1673 τοῖς
538 1641 725 1677 πανηγύρεσιν
747 1641 856 1676 ὁμιλίας
870 1639 917 1667 ὑπ’

975 1647 1068 1670 statem
1085 1641 1221 1669 sermonis
1236 1641 1262 1668 in
1279 1641 1469 1674 conciouibus,
1487 1641 1546 1676 ipsa
1560 1642 1600 1668 rei
1624 1641 1760 1669 evidentia

122 1686 210 1720 αὐτῆς
224 1686 274 1721 τῆς
295 1687 350 1713 τῶν
372 1686 544 1722 πραγμάτων
563 1686 704 1721 ἐνεργείας
719 1685 833 1720 ὲὸιάσθη
847 1693 917 1719 συμ-

975 1688 1046 1716 'ateri
1063 1693 1178 1715 coactus
1191 1692 1242 1715 est.
1260 1687 1447 1714 Temerarium
1468 1692 1559 1714 tamen
1575 1687 1665 1722 ipsum
1680 1687 1762 1714 homo

122 1731 309 1766 φθέγξασθαι·
334 1732 437 1768 θρασὺν
461 1732 483 1758 δ’
496 1732 577 1759 αὑτὸν
597 1732 612 1758 ό
632 1732 748 1763 δείλαιος
770 1731 915 1763 ἀποκαλεῖ,

975 1734 1054 1761 'utilis
1080 1734 1207 1769 appellat,
1221 1741 1272 1761 nec
1296 1733 1324 1761 in
1349 1733 1495 1760 refutando
1520 1733 1711 1764 exercitatum,
1728 1740 1766 1760 eo

122 1779 171 1805 καὶ
191 1767 370 1813 ἀντιλογικῶν
385 1779 471 1814 λόγων
482 1780 606 1815 ἄπειρον,
624 1779 675 1810 ὅτι,
689 1779 781 1814 φησὶν,
798 1778 914 1805 ἀπετόλ-
929 1772 933 1793 ⁴

975 1780 1052 1815 quod,
1068 1784 1098 1807 ut
1113 1779 1162 1812 ait,
1174 1778 1302 1806 Eunomii
1320 1779 1397 1806 libris
1410 1779 1577 1813 respondere
1591 1786 1676 1806 ausus
1689 1782 1741 1806 est.

125 1832 213 1860 μησεν
227 1825 360 1859 Εὐνομίου
374 1827 434 1857 ταῖς
449 1826 619 1860 συγγραφαῖς
633 1824 836 1857 ἀντιτάξασθαι.

548 1884 586 1912 De
599 1884 712 1911 Leontio
731 1891 772 1918 ep.
787 1882 913 1918 Tripolis,
933 1881 1003 1917 apud
1019 1879 1131 1908 Suidam
1148 1881 1174 1907 in
1193 1881 1326 1914 Λεόντιος.

162 1943 215 1969 Τὺν
226 1942 344 1969 τοιοῦτον
355 1942 480 1969 Λεόντιον
491 1941 730 1978 προσεταιρίζεται
743 1942 757 1967 ὁ
771 1941 918 1976 κακόφρων

122 1989 315 2024 Φιλοστὸργιος
334 1989 362 2015 ἐν
376 1990 409 2024 τῇ
425 1988 508 2023 βίϐλῳ
522 1988 582 2015 ἀντὶ
592 1987 650 2019 τοῦ,
664 1988 701 2019 ὡς
714 1987 854 2022 ὁμόφρονα
868 1985 918 2021 τῆς

131 2035 305 2069 Ἀρειανικῆς
318 2035 401 2061 αὑτοῦ
415 2034 633 2070 κακορροσὺνης.

1008 1937 1088 1964 lianc
1104 1945 1169 1964 vero
1185 1936 1328 1963 Leontium
1342 1937 1395 1964 sibi
1411 1937 1532 1965 vindicat
1546 1937 1687 1972 improbus
1698 1937 1762 1964 Phi-

971 1984 1118 2019 lustorgius
1133 1984 1160 2010 in
1175 1983 1246 2010 libro
1261 2003 1269 2010 .
1284 2003 1292 2010 .
1304 2003 1313 2011 .
1330 1984 1404 2011 velut
1420 1985 1634 2011 consentientem
1654 1985 1763 2012 Ariana:

972 2037 1029 2058 suae
1044 2029 1222 2064 improbitati.

171 2101 210 2128 De
224 2100 352 2134 Iordane,
365 2106 389 2128 et
407 2102 438 2128 de
454 2101 588 2132 Paneade.
604 2101 673 2136 quod
689 2101 764 2128 habet
780 2099 897 2127 Joannes
911 2099 932 2126 A

975 2098 1094 2125 ochensit
1125 2094 1195 2131 Περὶ
1213 2096 1403 2132 ἀρχαιολογίας
1422 2095 1476 2123 ἀπὸ
1492 2093 1545 2128 τῆς
1563 2092 1682 2127 ἱστορίας

842 2146 1042 2182 Φιλοστοργίου.

167 2198 227 2224 Ἐπ’
239 2197 362 2232 ἐσχάτοις
376 2196 424 2231 τῆς
439 2196 619 2231 Παλαιστίνης
636 2196 764 2230 τέρμασι,
784 2194 841 2229 μεεΥ
853 2193 886 2229 ῆν
901 2193 917 2228 ἡ

1009 2190 1050 2217 Ad
1063 2194 1201 2217 extremos
1214 2187 1364 2216 Palmstince
1380 2188 1458 2221 lines,
1483 2193 1636 2224 postquam
1654 2187 1764 2216 Pha‘ni-

124 2245 180 2271 τῶν
206 2243 338 2270 Φοινίκων
363 2243 514 2278 ἐκδέχεται,
530 2244 619 2269 κεῖται
643 2242 720 2273 πόλις
743 2241 797 2267 Δάν
823 2241 920 2275 ὀνομα-

975 2237 1013 2264 cia
1026 2236 1138 2270 excipit,
1156 2236 1207 2263 sita
1220 2240 1262 2262 est
1279 2235 1344 2262 urbs
1364 2242 1425 2269 quae
1440 2234 1497 2261 Dan
1525 2235 1602 2270 prius
1617 2234 1765 2262 vocabatur-

127 2290 224 2317 σθεῖσα
240 2290 372 2325 πρότερον
383 2290 416 2315 ὲκ
430 2289 478 2324 τῆς
493 2289 540 2315 τοῦ
551 2289 603 2315 Δάν
616 2287 713 2324 φυλῆς,
728 2287 847 2322 ὁπηνίκα
858 2286 922 2321 χρό-

127 2344 173 2362 νον
187 2336 230 2362 ἐπ’
244 2337 295 2362 οὐκ.
312 2335 402 2369 ὀλίγον
419 2331 492 2361 οὗτοι
507 2335 538 2371 δὴ
555 2335 629 2369 μόνοι
645 2334 692 2360 τοῦ
711 2334 811 2365 παντὸς
830 2332 923 2363 ἔθνους

130 2382 313 2417 πλανώμενοι,
328 2381 481 2408 τελευταῖον
503 2381 538 2407 τὰ
558 2380 645 2417 ταύτῃ
666 2379 847 2414 κατασχόντες
869 2387 924 2414 χω-

132 2428 189 2464 ρία,
207 2428 287 2463 μόγις
301 2427 474 2463 ἱδρύνθησαν.
490 2428 537 2454 καὶ
552 2427 629 2453 πόλιν
643 2426 688 2452 ἐπὶ
698 2427 753 2457 τοῖς
769 2426 863 2460 ἄκροις
874 2425 923 2451 αὑ-

131 2473 186 2501 τῶν
201 2473 276 2509 ὄρεσι
288 2473 457 2509 δειμάμενοι,
470 2472 519 2508 τὴν
531 2472 578 2499 τοῦ
590 2472 729 2507 Φυλάρχου
742 2471 816 2505 σφῶν
829 2470 925 2506 ἐπέθη-

132 2528 184 2546 καν
209 2518 315 2553 κλῆσιν.
331 2513 388 2544 Καῖ
410 2516 490 2543 τοῦτο
514 2514 548 2552 ἦν
568 2516 618 2551 τῆς
635 2515 766 2546 ἰουδαίας
782 2515 795 2540 ὁ
811 2514 924 2549 ἔσχατος

134 2564 202 2599 πρὸς
219 2563 346 2597 Φοινίκην
360 2562 432 2597 ὄρος.
447 2561 556 2596 Ταύτην
571 2561 660 2596 χρόνῳ
675 2559 787 2595 ὕστερον
801 2558 924 2595 Ἡρώδης

133 2612 148 2637 ό
164 2609 251 2645 μέγας
268 2609 460 2643 οἰκοδομήσας,
473 2608 641 2643 Καισάρειαν
655 2606 789 2633 Φιλίππου
807 2606 925 2641 μετωνό‹

136 2664 207 2692 μασε
217 2663 225 2670 ο
249 2654 296 2681 νῦν
312 2654 341 2681 δὲ
355 2654 462 2686 Πανεάς
475 2655 530 2680 ἐστι
544 2653 708 2688 καλουμένη.
724 2653 760 2679 Τὸ
773 2652 827 2688 γὰρ
838 2651 926 2682 Πανὸς

135 2703 165 2728 ὲν
180 2701 269 2737 ταύτῃ
285 2700 385 2736 βρέτας
402 2700 577 2735 στησάμενοι,
593 2700 632 2730 εὶς
646 2698 725 2725 τοῦτο
741 2699 790 2734 τὴν
813 2698 862 2734 τῆς
878 2697 927 2723 πό-

133 2749 202 2779 λεως
214 2746 331 2783 ἔτρεψαν
343 2746 539 2782 προσηγορίαν.
549 2747 592 2772 Ἐν
602 2745 687 2781 ταύτῃ
698 2746 732 2781 τῇ
745 2745 862 2772 Πανεάδι
872 2744 926 2771 τῶν

134 2793 183 2821 τοῦ
201 2792 334 2829 Ἰορδάνου
352 2792 450 2827 πηγῶν
465 2793 481 2827 ἡ
496 2792 577 2827 ἑτέρα
597 2792 729 2823 τίκτεται,
744 2791 816 2817 δυοῖν
827 2791 927 2821 οὐσῶν,

136 2839 190 2866 Δὰν
205 2839 239 2865 ὲκ
252 2837 300 2864 τοῦ
316 2837 431 2864 παλαιοῦ
446 2837 577 2873 ὀνόματος
600 2836 639 2863 ἔτι
661 2837 708 2863 καὶ
729 2835 777 2862 νῦν
798 2835 928 2870 ὀνομαζο-

137 2885 206 2922 μένη
220 2894 226 2900 ’
250 2884 300 2919 τὴν
324 2884 377 2919 γὰρ
394 2883 500 2919 ἑτέραν,
515 2884 575 2918 ἥτις
592 2883 643 2918 Ἰὸρ
667 2882 843 2914 ἐπικαλεῖται,
865 2882 928 2918 πόρ-

974 2282 1007 2309 de
1022 2281 1092 2308 tribu
1116 2281 1170 2307 Dan
1190 2289 1196 2306 :
1214 2287 1269 2314 quo
1283 2284 1403 2313 tempore
1426 2286 1514 2313 eoque
1541 2278 1613 2306 haud
1637 2286 1722 2313 parvo
1738 2279 1763 2305 hi

974 2327 1024 2355 soli
1049 2327 1132 2353 totius
1153 2326 1241 2359 gentis
1255 2330 1388 2357 errantes,
1404 2325 1512 2352 tandem
1529 2325 1596 2352 locis
1614 2324 1667 2352 illis
1682 2332 1766 2352 occu-

974 2373 1044 2409 patis
1062 2372 1107 2399 vix
1122 2376 1149 2399 et
1161 2379 1232 2407 aegre
1247 2371 1440 2400 consederunt,
1461 2371 1611 2405 urbemque
1627 2371 1660 2397 ad
1676 2375 1765 2397 extre-

974 2427 1034 2447 mos
1058 2425 1155 2445 eorum
1180 2419 1254 2444 lines
1276 2416 1452 2449 mdilicantes,
1473 2415 1618 2452 Phylarchi
1643 2416 1764 2451 ipsorum

974 2473 1074 2492 nomen
1087 2463 1253 2491 indiderunt.
1263 2461 1366 2497 Hicque
1378 2461 1491 2489 ultimus
1502 2467 1561 2489 erat
1574 2461 1675 2489 Judaei:
1686 2461 1766 2489 Ριιω-

975 2512 1075 2539 niciam
1089 2518 1186 2538 versus
1203 2510 1346 2537 terminus.
1359 2508 1434 2536 Hanc
1447 2516 1509 2535 cum
1520 2508 1642 2536 Herodes
1652 2508 1766 2543 Magnus

975 2557 1176 2593 posterioribus
1200 2555 1368 2590 temporibus
1393 2555 1565 2586 aadilicasset,
1589 2558 1695 2582 mutato
1714 2562 1765 2582 no-

975 2605 1049 2632 mine
1060 2603 1211 2630 Cmsarcam
1225 2602 1340 2636 Philippi
1357 2601 1462 2628 vocavit
1475 2610 1481 2634 ;
1495 2609 1568 2628 nunc
1579 2608 1646 2628 vero
1660 2600 1766 2628 Paucas

976 2655 1098 2678 vocatur.
1114 2649 1184 2676 Cum
1208 2649 1279 2676 enim
1305 2647 1388 2675 Panis
1404 2647 1432 2674 in
1449 2656 1481 2674 ea
1496 2647 1672 2674 simulacrum
1688 2647 1764 2682 posi-

977 2702 1033 2723 tum
1048 2695 1154 2727 fuisset,
1171 2700 1269 2720 nomen
1289 2693 1360 2720 istud
1385 2693 1449 2719 urbs
1472 2692 1516 2720 illa
1534 2692 1648 2727 accepit.
1665 2693 1694 2719 ln
1715 2692 1766 2720 hac

976 2742 1100 2770 Paneadc
1111 2741 1178 2768 alter
1188 2747 1202 2766 ο
1212 2739 1318 2766 duobus
1330 2737 1457 2766 Iordanis
1469 2738 1590 2766 fontibus
1601 2739 1689 2766 oritur
1700 2739 1766 2774 (duo

977 2789 1050 2817 enim
1073 2788 1162 2815 fontes
1177 2786 1257 2821 sunt)
1269 2786 1316 2820 qui
1330 2785 1387 2812 Dan
1400 2785 1549 2813 etiamnum
1565 2793 1598 2813 ex
1615 2785 1701 2813 veteri
1717 2793 1766 2812 no-

978 2836 1051 2862 mine
1067 2839 1199 2866 vocatur;
1227 2834 1342 2860 alterum
1365 2840 1429 2860 vero
1453 2833 1499 2867 qui
1526 2831 1574 2859 Jor
1596 2832 1766 2864 nominatur,

980 2881 1074 2916 procul
1089 2881 1122 2907 ab
1140 2881 1185 2908 illo
1200 2879 1295 2908 stadiis
1309 2879 1416 2907 circiter
1435 2878 1494 2912 ιϐυ,
1511 2878 1587 2906 collis
1607 2879 1717 2914 quidam
1732 2886 1771 2905 nx-
