1967 3075
192 155 245 183 6’11

742 157 995 185 SUPPLEMENTA
1012 155 1326 186 PHILOSTOBGIANA.
1372 131 1396 154 Δ

1783 153 1838 185 693

196 213 289 240 eodem
307 217 400 240 monte
413 212 561 247 profundit.
573 213 612 241 Ex
628 219 743 248 utroque
759 215 856 242 horum
871 214 989 242 effundi-

1046 214 1128 241 ξιωθεν
1140 215 1226 250 αὐτῆς
1238 215 1277 246 ὡς
1293 214 1347 241 ἀπὸ
1361 213 1475 241 σταδίων
1487 218 1527 248 ρξ
1541 213 1657 244 κολωνός
1671 220 1713 243 τις
1725 212 1772 238 τοῦ
1789 212 1837 239 αύ-

195 260 239 286 ιπ
253 259 351 286 ﬂuvius
363 259 408 287 hic
419 259 528 294 quidem
543 259 662 291 Jorates.
672 260 742 287 sicut
756 260 800 287 ille
815 261 926 288 Danites
939 267 988 287 vo-

195 309 283 332 catur.
300 303 352 337 Qui
367 312 414 339 per
431 309 552 331 montem
569 304 662 336 delati,
675 305 720 331 ubi
735 305 762 332 in
780 305 859 340 plana
874 306 988 333 descen—

195 351 296 383 derint,
317 350 378 378 inde
397 350 454 385 jam
479 350 631 383 conﬂuunt,
649 351 854 385 maximumque
875 351 988 378 ﬂurium

195 396 315 423 cﬂiciunt
331 395 488 424 Jordanem.
503 396 555 429 Qui
579 397 675 424 exinde
692 401 719 424 et
733 405 820 431 aquas
843 401 870 424 et
888 405 988 424 nomen

197 442 340 477 utriusque
352 443 378 470 in
393 451 478 470 unum
493 443 686 474 commiseens,
702 451 749 478 per
760 443 848 470 lacum
866 443 990 470 Tiberia-

197 488 240 515 dis
257 488 366 521 transit,
381 488 498 515 medium
512 496 575 516 eum
590 496 697 520 secans,
710 496 814 523 perque
824 493 910 516 totum
926 497 991 516 eum

198 533 309 568 proprio
336 533 412 560 alveo
440 534 537 565 ﬂuens,
553 533 645 568 quoad
665 541 752 568 usque
777 534 811 561 ad
836 535 990 569 oppositam

197 579 381 607 continentem
400 580 556 615 perveniat;
574 579 626 607 sibi
639 579 691 614 ipsi
703 580 816 615 aequalis
839 588 946 615 semper
960 588 993 608 ac

199 626 308 653 similis.
325 625 390 654 Inde
403 626 460 661 jam
487 634 535 661 per
560 626 734 654 Palmstinam
751 627 857 659 labens,
877 632 949 654 totus
965 627 992 654 in

199 680 274 700 mare
291 674 363 707 quod
378 672 513 699 Mortuum
528 672 628 700 dicitur
643 673 756 707 illapsus
768 673 964 707 exstinguitur.

1037 261 1085 287 τοῦ
1112 261 1239 297 προϊησιν
1262 257 1407 296 δρους.⁷Ων
1420 260 1450 292 ἐξ
1466 259 1603 294 ἑκατέρας
1620 258 1677 293 (l2)
1696 259 1838 293 προχεῖται

1038 306 1170 342 ποταμὸς,
1189 308 1203 333 ὁ
1225 306 1274 342 μὲν
1295 306 1425 341 Ἰοράτης,
1446 307 1463 332 ὁ
1477 305 1507 331 δὲ
1523 304 1638 339 Δανίτης
1658 303 1839 338 ἐπικαλούμε-

1037 361 1097 384 νος·
1116 352 1201 380 οἶ,διὰ
1218 351 1265 378 τοῦ
1289 353 1370 388 ὅρους
1395 352 1552 388 ἐνεχθέντες
1575 350 1671 386 ἐπειδὴ
1687 350 1838 377 καταὸαἰεν

1038 399 1078 430 εἰς
1095 398 1125 425 τὸ
1143 398 1243 430 πεδίον,
1259 398 1375 425 ἐνταῦθα
1398 399 1448 434 ἠδη
1471 398 1603 431 ξυνίασιν,
1620 398 1667 424 καὶ
1689 397 1739 424 ἕνα
1759 396 1834 432 μέγι-

1040 453 1102 471 στον
1126 444 1287 471 ἀποτελοῦσι
1311 445 1444 480 ποταμὸν,
1459 445 1505 471 τὸν
1525 444 1670 479 Ἰορδάνην.
1680 443 1724 469 Ἑν
1736 441 1830 477 ταυτῷ

1040 491 1090 527 ἤδη
1114 492 1145 518 τό
1167 500 1197 518 τε
1213 491 1303 527 ῥεῦμα
1322 492 1369 517 καὶ
1387 491 1437 526 τὴν
1454 490 1642 526 προσηγορίαν
1657 490 1832 525 κιρνάμενος,

1040 538 1090 573 τὴν
1115 538 1166 572 τῆς
1190 538 1350 573 Τιὸεριάδος
1364 537 1476 569 διέξεισι
1496 537 1605 572 λίμνην,
1627 536 1714 572 μέσην
1730 535 1840 570 τέμνων

1041 582 1136 618 αὐτὴν,
1153 583 1199 609 καὶ
1215 583 1249 610 δι’
1262 583 1326 617 ὅλης
1340 583 1426 617 αὐτῆς
1444 584 1473 608 ἐν
1490 581 1528 617 τῷ
1542 582 1636 617 οἰκείῳ
1648 581 1719 616 ὁλκῷ
1741 580 1840 616 ῥεόμε-

1041 629 1156 663 νος(15)
1184 629 1280 664 μέχρις
1304 628 1336 656 ἂν
1360 629 1406 655 ἐπὶ
1431 628 1481 663 τὴν
1505 627 1650 654 κατέναντι
1675 627 1839 662 ὲκπεράσειε

1042 675 1104 709 γῆν,
1122 675 1179 707 ἴσος
1190 675 1272 707 αὐτὸς
1285 674 1374 710 ἑαυτῷ
1387 675 1434 701 καὶ
1451 674 1642 710 παραπλήσιος
1655 673 1692 699 ὧν
1702 682 1708 688 ·
1723 671 1838 700 κάντεῦ-

199 718 245 745 Θεν
259 719 309 754 ἤδη
327 718 372 746 διὰ
386 719 436 754 τῆς
452 719 634 754 Παλαιστίνης
671 719 802 754 ἐνεχθεὶς,
820 719 893 750 am;
929 720 969 750 εἰς
984 721 1032 757 τὴν
1054 721 1164 755 Νεκρὰν
1185 721 1357 757 καλουμένην
1388 720 1522 747 εἰσπεσὼν
1553 720 1713 755 ἀφανίζεται
1741 718 1841 746 θαλασ-

199 773 259 791 σαν.

274 833 310 860 De
323 833 502 869 Apollinario,
520 832 631 869 Basilio.
645 838 671 859 ct
684 832 816 869 Gregorio
829 832 1017 869 Natianzcno.
1027 833 1097 869 quod
1111 832 1252 869 ipsissintis
1275 831 1446 869 Pliilostorgii
1461 831 1545 857 verbis
1561 832 1679 858 recitatis
1692 831 1770 858 habet

553 868 652 895 Suidas
667 868 750 895 tribus
763 868 839 899 locis,
856 869 880 895 in
896 877 919 895 υ.
930 869 993 895 Ἀπο

1046 868 1142 902 θάριος,
1159 867 1308 898 Βασίλειος,
1324 867 1484 902 Γρηγὸριος.

235 941 418 977 Apollinarius
433 940 508 967 enim
529 939 582 967 illis
596 938 766 973 temporibus
784 938 875 965 ﬂoruit
891 937 990 965 Laodi-
1007 941 1029 970 Β

199 996 254 1016 cca?
278 987 374 1023 Syria},
395 990 422 1013 et
450 985 568 1013 Basilius
592 984 724 1012 Caesarem
748 983 938 1018 Cappadociae,
965 988 992 1010 et

199 1033 348 1069 Gregorius
362 1031 493 1059 Nazianli
513 1040 519 1058 :
538 1035 579 1058 est
591 1038 655 1057 vero
672 1030 747 1057 locus
765 1030 808 1056 hic
824 1029 906 1056 statio
916 1029 992 1063 ejus-

199 1081 260 1107 dem
274 1077 462 1113 Cappadociae.
480 1076 547 1104 Tres
565 1084 629 1104 vero
643 1076 694 1103 viri
714 1076 758 1103 isti
779 1081 843 1102 tunc
859 1076 992 1102 bomoou~

200 1127 261 1155 sion
286 1125 507 1162 propugnabant,
523 1123 655 1151 adversus
678 1122 885 1153 beteroousion,
912 1122 992 1156 longe

201 1175 363 1207 superantes
391 1178 487 1198 omnes
502 1170 549 1205 qui
572 1170 658 1204 prius,
688 1168 791 1203 quique
813 1167 940 1202 deinceps
958 1166 993 1193 ad

200 1226 289 1246 meant
307 1222 415 1245 etatem
440 1223 527 1251 usque
550 1215 588 1242 illi
606 1214 701 1242 hmresi
718 1213 902 1249 praefuerunt;
924 1213 992 1240 adeo

201 1268 232 1290 ut
244 1271 299 1298 pra:
311 1262 344 1290 iis
357 1261 522 1289 Athanasius
537 1269 602 1295 puer
625 1260 794 1295 judicaretur
813 1267 819 1285 ε
840 1267 902 1286 nam
922 1264 949 1286 et
965 1260 992 1286 in

200 1318 234 1338 co
250 1309 383 1337 doctrina:
398 1315 496 1344 genere
511 1307 583 1342 quod
597 1311 741 1334 externum
760 1306 818 1340 (seu
835 1305 992 1340 profanum)

200 1356 312 1389 dicitur,
338 1355 487 1390 plurimum
518 1354 545 1380 hi
571 1353 742 1388 profecerant
767 1361 773 1378 :
798 1358 825 1379 et
850 1359 992 1379 sacrarum

202 1403 418 1437 Scripturarum,
438 1407 609 1436 quaecunque
626 1399 660 1426 ad
688 1399 831 1426 lectionem
854 1404 880 1426 et
900 1406 990 1433 prom-

201 1453 276 1484 ptam
293 1447 453 1475 memoriam
465 1445 651 1476 conferebant,
662 1452 788 1480 magnam
804 1445 928 1472 notitiam
944 1443 993 1471 ha-

201 1493 312 1524 bebant,
327 1497 354 1520 et
364 1492 435 1519 inter
450 1499 498 1519 eos
515 1491 634 1518 maxime
645 1490 830 1525 Apollinarius
844 1500 849 1517 :
865 1491 910 1518 hic
920 1490 993 1518 enim

201 1539 363 1568 Hebraicam
378 1538 460 1566 etiam
479 1538 600 1573 linguam
615 1537 764 1572 intelligere
786 1542 902 1572 poterat.
921 1537 993 1570 Quin

200 1593 228 1615 et
243 1585 432 1622 unusquisque
455 1593 548 1612 eorum
566 1585 593 1611 in
611 1592 661 1611 suo
679 1584 778 1619 singuli
795 1591 893 1618 genere
907 1583 994 1618 pluri-

203 1641 277 1660 mum
295 1633 365 1668 stylo
380 1631 506 1659 valebant
529 1640 535 1658 :
559 1630 743 1665 Apollinarius
767 1630 870 1657 scilicet
885 1629 991 1657 dicendi

202 1686 301 1715 genere
329 1678 402 1713 quod
433 1676 712 1705 commentationibus
739 1681 780 1703 est
808 1676 994 1711 aptissimum,

202 1724 283 1759 longe
297 1723 460 1758 praestabat;
475 1723 592 1750 Basilius
603 1729 666 1750 vero
680 1722 707 1749 in
721 1730 820 1758 genere
831 1722 999 1758 panegyrico

203 1770 442 1805 splendidissimus
453 1773 521 1796 erat.
531 1768 565 1795 At
576 1768 701 1803 Gregorii
716 1776 777 1795 eum
791 1773 908 1803 utroque
919 1776 996 1795 com-

203 1815 290 1850 parati
304 1815 403 1847 oratio,
417 1814 606 1841 sublimiorem
631 1814 657 1840 in
679 1814 828 1848 scriptione
842 1814 932 1841 locum
949 1814 997 1840 ob-

203 1861 295 1888 tinuit.
308 1861 414 1888 Etenim
432 1861 602 1895 Apollinario
625 1865 682 1888 erat
704 1860 813 1887 uberior
827 1861 853 1887 in
870 1860 995 1892 diecndo,

204 1909 304 1936 Basilio
320 1916 384 1935 vero
399 1909 515 1943 gravior.
528 1907 596 1935 Cum
613 1913 702 1935 autem
730 1908 774 1935 isti
799 1912 873 1935 tanta
889 1908 996 1935 dicendi

204 1959 231 1981 et
249 1954 385 1982 scribendi
397 1960 424 1981 et
442 1954 571 1981 facultate
586 1955 691 1989 praediti
709 1960 811 1985 essent,
828 1962 882 1981 non
905 1955 996 1983 minus

204 1999 285 2027 etiam
303 2007 391 2026 mores
404 2007 460 2034 pne
475 2007 504 2027 se
519 1999 641 2026 tulerunt
655 2000 687 2026 ad
703 1999 875 2030 allieiendam
898 2001 931 2027 ad
953 2001 995 2027 sui

204 2045 389 2081 spectaculum
416 2045 617 2072 multitudinem
639 2050 716 2080 aptos
736 2054 742 2071 ι
762 2046 830 2072 adeo
857 2051 884 2072 ιιι
910 2053 957 2073 eos
980 2054 994 2073 a

205 2093 304 2128 quibus
328 2092 564 2127 conspicerentur,
578 2097 605 2119 et
629 2092 699 2127 apud
717 2100 787 2127 quos
811 2093 893 2120 verba
923 2091 996 2120 face-

205 2143 275 2170 rent,
289 2142 317 2165 et
333 2145 503 2172 quaecunque
520 2138 620 2172 scripta
633 2138 754 2170 ederent,
770 2138 883 2166 omnino
897 2144 998 2173 pertra-

206 2184 301 2211 herent
312 2183 339 2211 in
353 2183 395 2211 sui
414 2184 648 2215 communionem,
661 2188 798 2219 quotquot
820 2185 916 2219 quavis
931 2185 996 2211 istac

206 2238 265 2257 rum
283 2230 421 2257 rationum
436 2229 516 2257 facile
530 2231 590 2265 capi
606 2235 742 2265 poterant.

1007 1617 1028 1645 C

1086 937 1290 972 Ἀπολλινάριος
1304 935 1359 971 γὶρ
1376 935 1484 971 ἣκμαζε
1499 935 1560 962 κατ’
1568 935 1690 967 ἐκείνους
1706 937 1768 968 τοὺς
1781 937 1841 972 χρό-

1045 992 1106 1015 νους
1124 984 1154 1009 ἐν
1168 984 1201 1018 τῇ
1216 983 1361 1018 Λαοδικείᾳ
1384 983 1433 1017 τῆς
1455 982 1566 1018 Συρίας,
1586 982 1634 1008 καὶ
1653 982 1794 1015 Βασίλειος
1812 985 1841 1010 ἐν

1043 1030 1198 1065 Καισαρείᾳ
1220 1030 1269 1064 τῆς
1286 1029 1497 1061 Καππαδοκίας,
1520 1030 1567 1056 καὶ
1590 1027 1740 1066 Γρηγόριός
1761 1031 1790 1057 ἐν
1806 1031 1841 1066 τῇ

1043 1076 1204 1111 Ναζιανζῷ·
1226 1075 1345 1111 σταθμὸς
1362 1076 1390 1102 δὲ
1407 1072 1486 1108 οὗτος
1503 1077 1517 1102 ὁ
1540 1076 1621 1107 τόπος
1639 1076 1698 1102 ἐστὶ
1720 1076 1770 1111 τῆς
1791 1077 1841 1102 αὺ-

1043 1124 1092 1159 τῆς
1109 1123 1317 1154 Καππαδοκίας.
1334 1123 1414 1159 Τρεῖς
1441 1123 1470 1149 δὲ
1493 1119 1567 1149 οὗτοι
1589 1122 1685 1158 ἄνδρες
1709 1123 1770 1148 τότε
1792 1122 1842 1149 τοῦ

1043 1168 1186 1204 ὀμοουσίου
1204 1168 1380 1203 προὺμάχουν
1396 1168 1467 1194 κατὰ
1483 1167 1530 1194 τοῦ
1547 1168 1728 1203 ἐτεροουσίου,
1743 1167 1842 1204 μακρῷ

1044 1215 1149 1246 πάντας
1177 1215 1393 1250 παρενεγκόντες
1414 1215 1477 1246 τοὺς
1501 1214 1634 1250 πρότερον
1655 1214 1702 1241 καὶ
1727 1214 1842 1250 ὕστερον

1044 1262 1124 1297 ἄχρις
1136 1261 1202 1296 ἐμοῦ
1214 1261 1263 1296 τῆς
1278 1261 1411 1296 αἱρέσεως
1427 1262 1599 1296 προστάντας
1609 1269 1616 1275 ·
1630 1261 1668 1292 ὡς
1681 1262 1763 1288 παῖδα
1775 1262 1842 1296 παρ’

1044 1310 1136 1340 αὐτοῖς
1157 1308 1285 1343 κριθῆναι
1309 1308 1354 1334 τὸν
1374 1307 1543 1334 Ἀθανάσιον.
1559 1308 1615 1343 Τῆς
1628 1317 1657 1334 τε
1670 1308 1725 1343 γὰρ
1742 1308 1842 1341 ἔξωῦεν

1045 1354 1214 1390 καλουμένης
1230 1354 1396 1385 παιδεύσεως
1407 1354 1452 1380 ἐπὶ
1467 1353 1590 1380 πλεῖστον
1603 1351 1675 1380 οὗτοι
1691 1354 1843 1389 προεληλύ-

1045 1401 1148 1432 Θεισαν,
1165 1399 1279 1426 καὶτῶν
1296 1400 1377 1435 ἱερῶν
1392 1399 1509 1435 Γραφῶν
1524 1399 1611 1426 ὁπόσα
1632 1401 1671 1432 εἰς
1687 1400 1843 1434 ἀνάγνωσιν

1045 1447 1092 1473 καὶ
1107 1447 1157 1482 τὴν
1172 1447 1316 1482 πρόχειρον
1341 1447 1452 1481 μνήμην
1474 1447 1570 1478 ἐτέλει,
1585 1446 1686 1481 πολλὴν
1707 1444 1779 1482 εἶχον
1793 1446 1843 1481 τὴν

1044 1493 1190 1528 ἐμπειρίαν
1201 1502 1208 1508 ·
1224 1493 1271 1519 καὶ
1290 1492 1409 1528 μάλιστα
1426 1501 1458 1526 γε
1473 1492 1563 1519 αὐτῶν
1584 1493 1598 1518 ὁ
1618 1492 1821 1528 Ἀπολλινάριος
1833 1500 1841 1507 ·

1045 1536 1122 1571 οὗτος
1138 1540 1192 1575 γὰρ
1209 1540 1241 1576 δὴ
1268 1540 1316 1566 καὶ
1338 1540 1389 1574 τῆς
1407 1539 1547 1575 Ἐὂραῖὃος
1570 1539 1710 1565 διαλέκτου
1736 1539 1843 1565 ἐπαΐειν

1045 1584 1101 1617 οἶός
1113 1594 1142 1612 τε
1157 1584 1201 1621 ἦν.
1218 1586 1272 1612 Καὶ
1289 1586 1342 1620 μὴν
1355 1585 1413 1614 ,καὶ
1430 1584 1598 1620 συγγράφειν
1615 1584 1731 1615 ἕκαστος
1751 1585 1780 1615 ἐς
1795 1583 1843 1609 τὸν

1046 1631 1127 1658 αὐτοῦ
1144 1631 1245 1666 τρόπον
1258 1629 1292 1666 ἦν
1307 1630 1487 1662 ἱκανώτατος·
1502 1630 1542 1666 τῷ
1563 1630 1611 1665 μέν
1627 1638 1660 1664 γε
1683 1629 1842 1656 ’Λπολλινα-

1046 1678 1096 1714 ρίῳ
1110 1678 1140 1704 τὸ
1155 1678 1382 1713 ὐπομνηματικὺν
1397 1675 1466 1709 εἶδος
1479 1677 1529 1712 τῆς
1543 1677 1653 1709 λέξεως.
1667 1675 1766 1712 μακρῴ
1780 1676 1843 1711 ἄρι-

1046 1733 1095 1750 στα
1110 1722 1182 1759 εἶχε·
1200 1724 1339 1756 Βασίλειος
1353 1724 1381 1750 δὲ
1395 1724 1582 1759 πανηγυρίσαι
1592 1723 1784 1758 λαμπρότατος
1795 1720 1842 1757 ἦν.

1045 1770 1092 1805 Τῷ
1108 1770 1136 1797 δέ.
1153 1779 1185 1804 γε
1201 1770 1355 1806 Γρηγορίῳ,
1369 1770 1416 1796 καὶ
1441 1770 1506 1805 παρ’
1521 1770 1688 1805 ἀμφοτέροις
1714 1768 1843 1801 ἐξεταζο-

1047 1818 1130 1853 μένῳ,
1143 1817 1227 1853 μείζω
1244 1818 1322 1853 βάσιν
1339 1818 1379 1849 εἰς
1397 1817 1559 1852 συγγραφὴν
1576 1813 1647 1851 εἶχεν
1660 1817 1674 1842 ὁ
1689 1815 1778 1850 λόγος.
1788 1816 1846 1842 Καὶ

1047 1862 1080 1900 ἦν
1097 1866 1184 1892 εἰπεῖν
1204 1863 1408 1899 Ἀπολλιναρίου
1424 1863 1472 1898 μὲν
1491 1863 1644 1898 ἁδρότερος,
1660 1862 1800 1889 Βασιλείαν
1815 1861 1844 1887 δὲ

1047 1910 1260 1946 σταθερώτερος.
1278 1910 1418 1945 Τοσαύτης
1441 1910 1468 1936 δὲ
1483 1910 1574 1941 αὐτοῖς
1590 1911 1619 1936 ὲν
1634 1909 1673 1944 τῷ
1687 1908 1776 1942 λέγειν
1794 1908 1844 1934 καὶ

1046 1958 1162 1993 γράφειν
1181 1957 1325 1993 δυνάμεως
1337 1956 1431 1991 οὖσης,
1451 1956 1496 1982 καὶ
1514 1955 1543 1982 τὸ
1557 1953 1622 1991 ἦθος
1637 1955 1712 1981 οὐδὲν
1727 1953 1809 1990 ἦττον
1817 1955 1844 1980 οἱ

1045 2005 1142 2040 ἄνδρες
1158 2005 1318 2040 παρείχοντο
1330 2003 1397 2040 πρὸς
1407 2003 1455 2039 τὴν
1468 2003 1521 2030 τῶν
1535 2002 1640 2029 πολλῶν
1653 2002 1716 2028 θέαν
1733 2002 1844 2035 ἐπαγω-

1046 2052 1176 2085 γότατονο
1202 2050 1272 2077 ὥστε
1297 2050 1344 2077 καὶ
1367 2048 1407 2082 οἷς
1418 2049 1539 2085 ὡρῶντο,
1555 2049 1602 2076 καὶ
1617 2047 1657 2080 οἷς
1673 2049 1776 2082 ἔλεγον,
1794 2048 1844 2074 καὶ

1046 2097 1133 2124 ὁπόσα
1156 2097 1307 2132 γράξοντες
1329 2096 1486 2129 διεδίδοσαν,
1507 2095 1552 2122 διὰ
1570 2096 1679 2122 πάντων
1702 2095 1786 2130 ᾕρουν
1803 2095 1843 2126 εἰς

1046 2145 1095 2180 τὴν
1113 2145 1216 2170 ἑαυτῶν
1232 2143 1374 2170 κοινωνίαν
1393 2143 1455 2174 τοὺς
1477 2142 1537 2169 καο“
1552 2142 1640 2169 ὁτιοῦν
1657 2141 1747 2169 αὐτῶν
1763 2142 1839 2176 εὐχε-

1049 2190 1174 2226 ρέστερον
1191 2189 1350 2217 ἁλίσκεσθαι
1367 2189 1542 2220 δυναμένους.

830 2332 948 2354 VALESII
961 2333 1209 2355 ANNOTATIONES-

241 2419 298 2455 (ιέ)
316 2415 373 2455 Ὧν
386 2418 420 2451 ἐξ
437 2419 588 2455 ἑκατέρας.
610 2418 729 2455 Pessime
739 2419 811 2455 hunc
821 2418 910 2446 locum
919 2417 993 2446 Joan:

1050 2418 1174 2455 dumihie
1190 2425 1253 2455 esse
1266 2424 1364 2455 nomen
1380 2417 1486 2455 τιτι-(ὦν.

207 2453 250 2482 nis
260 2454 422 2482 Antiocheni
438 2459 553 2481 verterat
565 2453 684 2481 Jacobus
700 2454 883 2481 Gothofredus
897 2463 903 2480 :
918 2454 998 2488 cujus

207 2498 257 2517 nos
271 2490 424 2516 versionem
439 2489 491 2516 hoc
506 2490 564 2516 loco
575 2490 791 2516 emendavimus.
808 2489 853 2516 Sic
868 2489 940 2516 enim
955 2491 997 2516 in-

207 2529 372 2559 terpretatus
387 2528 428 2551 est
444 2534 450 2550 :
468 2524 492 2550 E
506 2533 556 2559 qua
569 2525 692 2559 utrinque
713 2525 859 2558 e/I‘unditnr
879 2524 996 2558 ﬂuvius;

208 2568 268 2586 I‘lllll
293 2560 451 2587 vertendum
473 2564 555 2588 esset.
574 2568 606 2586 ex
627 2567 736 2595 utroque
762 2561 855 2586 horum
882 2560 996 2593 fontium

208 2595 412 2629 proﬂuitamnis
427 2603 435 2621 :
449 2595 517 2622 alter
539 2594 656 2626 Jorates,
671 2596 738 2622 alter
763 2595 872 2622 Danites
897 2595 993 2621 dictus.

209 2629 266 2657 Non
290 2630 479 2657 animadvertit
505 2631 607 2658 scilicet
621 2630 804 2658 Gothofredus
831 2630 997 2658 subaudien-

1086 2453 1143 2490 (15)
1160 2453 1258 2487 Ἐντῷ
1302 2452 1534 2487 ὅρκφρεόμενος.
1547 2452 1633 2490 Unius
1643 2452 1739 2490 littera:
1753 2458 1843 2490 muta.

1049 2487 1122 2517 tioiie
1134 2487 1227 2515 locum
1245 2491 1318 2516 hunc
1339 2490 1432 2516 sanavi
1452 2490 1502 2516 hoc
1517 2489 1599 2515 modo
1613 2497 1620 2515 :
1635 2487 1673 2522 τῷ
1690 2488 1783 2523 οίκείῳ
1799 2489 1842 2514 ὁλ-

1049 2525 1099 2559 κῷ.
1118 2524 1351 2559 Emendatiouem
1366 2529 1488 2550 nostram
1511 2525 1674 2551 confirmant
1698 2523 1798 2550 Snidas
1814 2526 1842 2549 et

1050 2558 1211 2594 Hesychius.
1226 2559 1271 2592 qui
1290 2558 1368 2585 ὁλκόν
1385 2560 1453 2586 viam
1472 2565 1499 2586 et
1521 2565 1635 2586 tractum
1651 2566 1698 2585 seu
1715 2559 1842 2592 impetum

1050 2593 1168 2629 [luminis
1191 2594 1344 2628 significare
1359 2595 1492 2623 scribunt.
1507 2594 1635 2622 Facessat
1648 2594 1729 2629 igitur
1746 2593 1841 2627 conje-

1050 2634 1128 2657 ctura
1145 2629 1313 2657 Gothofredi.
1708 2646 1711 2647 ν
