  <div class='ocr_page' id='page_1' title='image "/cluster/home/n/w/nwhite01/storage/ocr_20150623/65/njp.32101077772687/332.png"; bbox 0 0 1967 3075; ppageno 0'>
   <div class='ocr_carea' id='block_1_1' title="bbox 113 149 162 181">
    <p class='ocr_par' dir='ltr' id='par_1_1' title="bbox 113 149 162 181">
     <span class='ocr_line' id='line_1_1' title="bbox 113 149 162 181; baseline -0.02 0"><span class='ocrx_word' id='word_1_1' title='bbox 113 149 162 181; x_wconf 63' lang='grc' dir='ltr'>ειν</span> 
     </span>
    </p>
   </div>
   <div class='ocr_carea' id='block_1_2' title="bbox 123 263 265 271">
    <p class='ocr_par' dir='ltr' id='par_1_2' title="bbox 123 263 265 271">
     <span class='ocr_line' id='line_1_2' title="bbox 123 263 265 271; baseline -0.007 0"><span class='ocrx_word' id='word_1_2' title='bbox 123 263 265 271; x_wconf 65' lang='lat'><strong>——.</strong></span> 
     </span>
    </p>
   </div>
   <div class='ocr_carea' id='block_1_3' title="bbox 689 149 1179 181">
    <p class='ocr_par' dir='ltr' id='par_1_3' title="bbox 689 149 1179 181">
     <span class='ocr_line' id='line_1_3' title="bbox 689 149 1179 181; baseline -0.002 0"><span class='ocrx_word' id='word_1_3' title='bbox 689 149 934 181; x_wconf 80' lang='lat' dir='ltr'><strong>PHILOSTOBGII</strong></span> <span class='ocrx_word' id='word_1_4' title='bbox 939 159 941 164; x_wconf 76' lang='lat'>‘</span> <span class='ocrx_word' id='word_1_5' title='bbox 954 150 1179 180; x_wconf 76' lang='lat' dir='ltr'><strong>FRAGMENTA.</strong></span> 
     </span>
    </p>
   </div>
   <div class='ocr_carea' id='block_1_4' title="bbox 1695 152 1749 181">
    <p class='ocr_par' dir='ltr' id='par_1_4' title="bbox 1695 152 1749 181">
     <span class='ocr_line' id='line_1_4' title="bbox 1695 152 1749 181; baseline -0.037 0"><span class='ocrx_word' id='word_1_6' title='bbox 1695 152 1749 181; x_wconf 79' lang='lat'><strong>630</strong></span> 
     </span>
    </p>
   </div>
   <div class='ocr_carea' id='block_1_5' title="bbox 419 348 1436 408">
    <p class='ocr_par' dir='ltr' id='par_1_5' title="bbox 419 348 1436 408">
     <span class='ocr_line' id='line_1_5' title="bbox 419 348 1436 408; baseline 0 -3"><span class='ocrx_word' id='word_1_7' title='bbox 419 348 858 406; x_wconf 82' lang='lat' dir='ltr'><strong>FRAGMENTA</strong></span> <span class='ocrx_word' id='word_1_8' title='bbox 901 348 1436 408; x_wconf 82' lang='lat' dir='ltr'><strong>PHILOSTORGII.</strong></span> 
     </span>
    </p>
   </div>
   <div class='ocr_carea' id='block_1_6' title="bbox 700 495 1164 532">
    <p class='ocr_par' dir='ltr' id='par_1_6' title="bbox 700 495 1164 532">
     <span class='ocr_line' id='line_1_6' title="bbox 700 495 1164 532; baseline 0 -9"><span class='ocrx_word' id='word_1_9' title='bbox 700 495 740 523; x_wconf 70' lang='lat' dir='ltr'><strong>Ex</strong></span> <span class='ocrx_word' id='word_1_10' title='bbox 758 496 842 524; x_wconf 86' lang='lat' dir='ltr'><strong>Suida</strong></span> <span class='ocrx_word' id='word_1_11' title='bbox 861 497 889 524; x_wconf 90' lang='lat' dir='ltr'><strong>in</strong></span> <span class='ocrx_word' id='word_1_12' title='bbox 911 505 980 525; x_wconf 86' lang='lat' dir='ltr'><strong>voce</strong></span> <span class='ocrx_word' id='word_1_13' title='bbox 999 497 1164 532; x_wconf 79' lang='grc' dir='ltr'><strong>Ἀγαπητός.</strong></span> 
     </span>
    </p>
   </div>
   <div class='ocr_carea' id='block_1_7' title="bbox 152 555 911 593">
    <p class='ocr_par' dir='ltr' id='par_1_7' title="bbox 152 555 903 593">
     <span class='ocr_line' id='line_1_7' title="bbox 152 555 903 593; baseline 0 -9"><span class='ocrx_word' id='word_1_14' title='bbox 152 556 307 592; x_wconf 80' lang='grc' dir='ltr'><strong>Ἀγαπητὺς</strong></span> <span class='ocrx_word' id='word_1_15' title='bbox 314 555 463 588; x_wconf 77' lang='grc' dir='ltr'><strong>ἐπίσκοπος</strong></span> <span class='ocrx_word' id='word_1_16' title='bbox 474 556 608 588; x_wconf 81' lang='grc' dir='ltr'><strong>Συνάδων,</strong></span> <span class='ocrx_word' id='word_1_17' title='bbox 621 557 650 583; x_wconf 80' lang='grc' dir='ltr'><strong>ὃν</strong></span> <span class='ocrx_word' id='word_1_18' title='bbox 661 558 689 583; x_wconf 85' lang='grc' dir='ltr'><strong>ἐν</strong></span> <span class='ocrx_word' id='word_1_19' title='bbox 698 557 802 593; x_wconf 72' lang='grc' dir='ltr'><strong>ἐπαίνῳ</strong></span> <span class='ocrx_word' id='word_1_20' title='bbox 812 557 903 593; x_wconf 80' lang='grc' dir='ltr'><strong>πολλῷ</strong></span> 
     </span>
    </p>
   </div>
   <div class='ocr_carea' id='block_1_8' title="bbox 965 555 1752 593">
    <p class='ocr_par' dir='ltr' id='par_1_8' title="bbox 990 556 1752 593">
     <span class='ocr_line' id='line_1_8' title="bbox 990 556 1752 593; baseline 0 -9"><span class='ocrx_word' id='word_1_21' title='bbox 990 557 1129 592; x_wconf 74' lang='lat' dir='ltr'><strong>Agapetus</strong></span> <span class='ocrx_word' id='word_1_22' title='bbox 1157 556 1331 593; x_wconf 88' lang='lat' dir='ltr'><strong>Synadorum</strong></span> <span class='ocrx_word' id='word_1_23' title='bbox 1357 557 1517 592; x_wconf 86' lang='lat' dir='ltr'><strong>episcopus,</strong></span> <span class='ocrx_word' id='word_1_24' title='bbox 1548 564 1630 591; x_wconf 88' lang='lat' dir='ltr'><strong>quem</strong></span> <span class='ocrx_word' id='word_1_25' title='bbox 1657 556 1752 584; x_wconf 82' lang='lat' dir='ltr'><strong>multis</strong></span> 
     </span>
    </p>
   </div>
   <div class='ocr_carea' id='block_1_9' title="bbox 116 601 905 638">
    <p class='ocr_par' dir='ltr' id='par_1_9' title="bbox 116 601 905 638">
     <span class='ocr_line' id='line_1_9' title="bbox 116 601 905 638; baseline 0.003 -10"><span class='ocrx_word' id='word_1_26' title='bbox 116 601 218 628; x_wconf 78' lang='grc' dir='ltr'><strong>τίθεται</strong></span> <span class='ocrx_word' id='word_1_27' title='bbox 243 601 373 633; x_wconf 74' lang='grc' dir='ltr'><strong>Εὐσέϐιος</strong></span> <span class='ocrx_word' id='word_1_28' title='bbox 395 602 409 628; x_wconf 83' lang='grc' dir='ltr'>ὁ</span> <span class='ocrx_word' id='word_1_29' title='bbox 433 601 576 636; x_wconf 77' lang='grc' dir='ltr'><strong>Παμφίλου</strong></span> <span class='ocrx_word' id='word_1_30' title='bbox 596 601 663 636; x_wconf 74' lang='grc'><strong>(14),</strong></span> <span class='ocrx_word' id='word_1_31' title='bbox 689 603 736 628; x_wconf 75' lang='grc' dir='ltr'><strong>καὶ</strong></span> <span class='ocrx_word' id='word_1_32' title='bbox 760 602 905 638; x_wconf 85' lang='grc' dir='ltr'><strong>θαυμάτων</strong></span> 
     </span>
    </p>
   </div>
   <div class='ocr_carea' id='block_1_10' title="bbox 116 646 906 684">
    <p class='ocr_par' dir='ltr' id='par_1_10' title="bbox 116 646 906 684">
     <span class='ocr_line' id='line_1_10' title="bbox 116 646 906 684; baseline 0.004 -11"><span class='ocrx_word' id='word_1_33' title='bbox 116 646 195 674; x_wconf 79' lang='grc' dir='ltr'><strong>αὑτοῦ</strong></span> <span class='ocrx_word' id='word_1_34' title='bbox 210 647 337 680; x_wconf 78' lang='grc' dir='ltr'><strong>ἐξαισίων</strong></span> <span class='ocrx_word' id='word_1_35' title='bbox 354 647 464 683; x_wconf 80' lang='grc' dir='ltr'><strong>μνήμην</strong></span> <span class='ocrx_word' id='word_1_36' title='bbox 487 648 614 679; x_wconf 76' lang='grc' dir='ltr'><strong>ποιεῖται,</strong></span> <span class='ocrx_word' id='word_1_37' title='bbox 634 647 705 683; x_wconf 81' lang='grc' dir='ltr'><strong>ὀρῶν</strong></span> <span class='ocrx_word' id='word_1_38' title='bbox 726 649 906 684; x_wconf 81' lang='grc' dir='ltr'><strong>μεταστάσεις</strong></span> 
     </span>
    </p>
   </div>
   <div class='ocr_carea' id='block_1_11' title="bbox 117 693 907 730">
    <p class='ocr_par' dir='ltr' id='par_1_11' title="bbox 117 693 907 730">
     <span class='ocr_line' id='line_1_11' title="bbox 117 693 907 730; baseline 0.004 -11"><span class='ocrx_word' id='word_1_39' title='bbox 117 693 162 720; x_wconf 71' lang='grc' dir='ltr'><strong>καὶ</strong></span> <span class='ocrx_word' id='word_1_40' title='bbox 176 693 317 728; x_wconf 81' lang='grc' dir='ltr'><strong>ποταμῶν,</strong></span> <span class='ocrx_word' id='word_1_41' title='bbox 344 693 392 720; x_wconf 71' lang='grc' dir='ltr'><strong>καὶ</strong></span> <span class='ocrx_word' id='word_1_42' title='bbox 408 693 511 729; x_wconf 81' lang='grc' dir='ltr'><strong>νεκρῶν</strong></span> <span class='ocrx_word' id='word_1_43' title='bbox 535 694 658 729; x_wconf 81' lang='grc' dir='ltr'><strong>ἐγὲρσεις</strong></span> <span class='ocrx_word' id='word_1_44' title='bbox 670 703 677 710; x_wconf 84' lang='grc'><strong>·</strong></span> <span class='ocrx_word' id='word_1_45' title='bbox 696 695 743 721; x_wconf 83' lang='grc' dir='ltr'><strong>καὶ</strong></span> <span class='ocrx_word' id='word_1_46' title='bbox 763 695 804 722; x_wconf 78' lang='grc' dir='ltr'><strong>ὅτι</strong></span> <span class='ocrx_word' id='word_1_47' title='bbox 822 704 907 730; x_wconf 83' lang='grc' dir='ltr'><strong>στρα-</strong></span> 
     </span>
    </p>
   </div>
   <div class='ocr_carea' id='block_1_12' title="bbox 118 738 907 777">
    <p class='ocr_par' dir='ltr' id='par_1_12' title="bbox 118 738 907 777">
     <span class='ocr_line' id='line_1_12' title="bbox 118 738 907 777; baseline 0.005 -11"><span class='ocrx_word' id='word_1_48' title='bbox 118 740 214 776; x_wconf 73' lang='grc' dir='ltr'>τιώτην</span> <span class='ocrx_word' id='word_1_49' title='bbox 225 740 289 767; x_wconf 77' lang='grc' dir='ltr'><strong>ὄντα</strong></span> <span class='ocrx_word' id='word_1_50' title='bbox 304 739 438 776; x_wconf 73' lang='grc' dir='ltr'><strong>ἐϐουλήθη</strong></span> <span class='ocrx_word' id='word_1_51' title='bbox 452 738 603 776; x_wconf 80' lang='grc' dir='ltr'><strong>Μαξιμῖνος</strong></span> <span class='ocrx_word' id='word_1_52' title='bbox 616 741 653 773; x_wconf 82' lang='grc' dir='ltr'><strong>ὡς</strong></span> <span class='ocrx_word' id='word_1_53' title='bbox 666 742 829 777; x_wconf 79' lang='grc' dir='ltr'><strong>Χριστιανὸν</strong></span> <span class='ocrx_word' id='word_1_54' title='bbox 840 743 907 770; x_wconf 83' lang='grc' dir='ltr'><strong>ἀπο-</strong></span> 
     </span>
    </p>
   </div>
   <div class='ocr_carea' id='block_1_13' title="bbox 117 786 904 824">
    <p class='ocr_par' dir='ltr' id='par_1_13' title="bbox 117 786 904 824">
     <span class='ocr_line' id='line_1_13' title="bbox 117 786 904 824; baseline 0.003 -11"><span class='ocrx_word' id='word_1_55' title='bbox 117 787 230 819; x_wconf 70' lang='grc' dir='ltr'><strong>κτεῖναι,</strong></span> <span class='ocrx_word' id='word_1_56' title='bbox 247 786 291 813; x_wconf 79' lang='grc' dir='ltr'><strong>διὰ</strong></span> <span class='ocrx_word' id='word_1_57' title='bbox 311 786 342 812; x_wconf 86' lang='grc' dir='ltr'><strong>τὸ</strong></span> <span class='ocrx_word' id='word_1_58' title='bbox 357 786 538 813; x_wconf 77' lang='grc' dir='ltr'><strong>πυνθάνεσθαι</strong></span> <span class='ocrx_word' id='word_1_59' title='bbox 560 787 674 819; x_wconf 81' lang='grc' dir='ltr'><strong>πολλοὺς</strong></span> <span class='ocrx_word' id='word_1_60' title='bbox 688 788 722 815; x_wconf 83' lang='grc' dir='ltr'><strong>τὰ</strong></span> <span class='ocrx_word' id='word_1_61' title='bbox 741 788 806 824; x_wconf 78' lang='grc' dir='ltr'><strong>παρ’</strong></span> <span class='ocrx_word' id='word_1_62' title='bbox 821 788 904 815; x_wconf 81' lang='grc' dir='ltr'><strong>αὐτοῦ</strong></span> 
     </span>
    </p>
   </div>
   <div class='ocr_carea' id='block_1_14' title="bbox 118 827 518 869">
    <p class='ocr_par' dir='ltr' id='par_1_14' title="bbox 118 827 518 869">
     <span class='ocr_line' id='line_1_14' title="bbox 118 827 518 869; baseline 0 -9"><span class='ocrx_word' id='word_1_63' title='bbox 118 834 191 860; x_wconf 80' lang='grc' dir='ltr'><strong>τελού</strong></span> <span class='ocrx_word' id='word_1_64' title='bbox 196 842 265 869; x_wconf 81' lang='grc' dir='ltr'><strong>μενα</strong></span> <span class='ocrx_word' id='word_1_65' title='bbox 278 833 329 860; x_wconf 82' lang='grc' dir='ltr'><strong>ὑπε</strong></span> <span class='ocrx_word' id='word_1_66' title='bbox 334 827 405 869; x_wconf 36' lang='lat' dir='ltr'><strong>para.</strong></span> <span class='ocrx_word' id='word_1_67' title='bbox 408 833 506 869; x_wconf 81' lang='grc' dir='ltr'><strong>μένους</strong></span> <span class='ocrx_word' id='word_1_68' title='bbox 511 853 518 860; x_wconf 99' lang='grc'>.</span> 
     </span>
    </p>
   </div>
   <div class='ocr_carea' id='block_1_15' title="bbox 958 603 1753 638">
    <p class='ocr_par' dir='ltr' id='par_1_15' title="bbox 958 603 1753 638">
     <span class='ocr_line' id='line_1_15' title="bbox 958 603 1753 638; baseline 0 -8"><span class='ocrx_word' id='word_1_69' title='bbox 958 603 1085 631; x_wconf 88' lang='lat' dir='ltr'><strong>laudibus</strong></span> <span class='ocrx_word' id='word_1_70' title='bbox 1092 603 1348 631; x_wconf 83' lang='lat' dir='ltr'><strong>exornatEuscbius</strong></span> <span class='ocrx_word' id='word_1_71' title='bbox 1360 603 1505 638; x_wconf 80' lang='lat' dir='ltr'><strong>Pamphili.</strong></span> <span class='ocrx_word' id='word_1_72' title='bbox 1517 603 1680 630; x_wconf 88' lang='lat' dir='ltr'><strong>etmiracnla</strong></span> <span class='ocrx_word' id='word_1_73' title='bbox 1693 603 1753 637; x_wconf 80' lang='lat' dir='ltr'><strong>ejus</strong></span> 
     </span>
    </p>
   </div>
   <div class='ocr_carea' id='block_1_16' title="bbox 959 646 1754 682">
    <p class='ocr_par' dir='ltr' id='par_1_16' title="bbox 959 646 1754 682">
     <span class='ocr_line' id='line_1_16' title="bbox 959 646 1754 682; baseline 0.001 -8"><span class='ocrx_word' id='word_1_74' title='bbox 959 646 1089 674; x_wconf 87' lang='lat' dir='ltr'><strong>inusitata</strong></span> <span class='ocrx_word' id='word_1_75' title='bbox 1103 653 1298 675; x_wconf 88' lang='lat' dir='ltr'><strong>comtnemorat</strong></span> <span class='ocrx_word' id='word_1_76' title='bbox 1311 653 1393 682; x_wconf 70' lang='lat' dir='ltr'><strong>atque</strong></span> <span class='ocrx_word' id='word_1_77' title='bbox 1402 648 1526 681; x_wconf 82' lang='lat' dir='ltr'><strong>insolita;</strong></span> <span class='ocrx_word' id='word_1_78' title='bbox 1543 652 1651 676; x_wconf 78' lang='lat' dir='ltr'><strong>montes</strong></span> <span class='ocrx_word' id='word_1_79' title='bbox 1661 656 1693 675; x_wconf 90' lang='lat' dir='ltr'><strong>ac</strong></span> <span class='ocrx_word' id='word_1_80' title='bbox 1702 648 1754 676; x_wconf 88' lang='lat' dir='ltr'><strong>ﬂu-</strong></span> 
     </span>
    </p>
   </div>
   <div class='ocr_carea' id='block_1_17' title="bbox 960 693 1754 727">
    <p class='ocr_par' dir='ltr' id='par_1_17' title="bbox 960 693 1754 727">
     <span class='ocr_line' id='line_1_17' title="bbox 960 693 1754 727; baseline 0.004 -8"><span class='ocrx_word' id='word_1_81' title='bbox 960 693 1109 720; x_wconf 84' lang='lat' dir='ltr'><strong>viosalium</strong></span> <span class='ocrx_word' id='word_1_82' title='bbox 1121 694 1147 720; x_wconf 93' lang='lat' dir='ltr'><strong>in</strong></span> <span class='ocrx_word' id='word_1_83' title='bbox 1159 693 1248 720; x_wconf 88' lang='lat' dir='ltr'><strong>locum</strong></span> <span class='ocrx_word' id='word_1_84' title='bbox 1260 694 1418 727; x_wconf 86' lang='lat' dir='ltr'><strong>translatos,</strong></span> <span class='ocrx_word' id='word_1_85' title='bbox 1427 694 1550 722; x_wconf 85' lang='lat' dir='ltr'><strong>mortuos</strong></span> <span class='ocrx_word' id='word_1_86' title='bbox 1559 695 1592 722; x_wconf 88' lang='lat' dir='ltr'><strong>ad</strong></span> <span class='ocrx_word' id='word_1_87' title='bbox 1601 695 1684 722; x_wconf 85' lang='lat' dir='ltr'><strong>vitam</strong></span> <span class='ocrx_word' id='word_1_88' title='bbox 1696 703 1754 723; x_wconf 88' lang='lat' dir='ltr'><strong>sus-</strong></span> 
     </span>
    </p>
   </div>
   <div class='ocr_carea' id='block_1_18' title="bbox 960 739 1752 775">
    <p class='ocr_par' dir='ltr' id='par_1_18' title="bbox 960 739 1752 775">
     <span class='ocr_line' id='line_1_18' title="bbox 960 739 1752 775; baseline 0.004 -9"><span class='ocrx_word' id='word_1_89' title='bbox 960 739 1069 767; x_wconf 87' lang='lat' dir='ltr'><strong>citatos.</strong></span> <span class='ocrx_word' id='word_1_90' title='bbox 1091 739 1137 766; x_wconf 86' lang='lat' dir='ltr'><strong>Ait</strong></span> <span class='ocrx_word' id='word_1_91' title='bbox 1157 740 1239 766; x_wconf 89' lang='lat' dir='ltr'><strong>etiam</strong></span> <span class='ocrx_word' id='word_1_92' title='bbox 1257 740 1450 775; x_wconf 67' lang='lat' dir='ltr'><strong>imperatorem</strong></span> <span class='ocrx_word' id='word_1_93' title='bbox 1474 740 1666 774; x_wconf 79' lang='lat' dir='ltr'><strong>Maximinum,</strong></span> <span class='ocrx_word' id='word_1_94' title='bbox 1689 750 1752 769; x_wconf 91' lang='lat' dir='ltr'><strong>eutn</strong></span> 
     </span>
    </p>
   </div>
   <div class='ocr_carea' id='block_1_19' title="bbox 959 784 1752 820">
    <p class='ocr_par' dir='ltr' id='par_1_19' title="bbox 959 784 1752 820">
     <span class='ocr_line' id='line_1_19' title="bbox 959 784 1752 820; baseline 0.005 -9"><span class='ocrx_word' id='word_1_95' title='bbox 959 784 1048 812; x_wconf 88' lang='lat' dir='ltr'><strong>adhuc</strong></span> <span class='ocrx_word' id='word_1_96' title='bbox 1062 785 1187 817; x_wconf 80' lang='lat' dir='ltr'><strong>militent,</strong></span> <span class='ocrx_word' id='word_1_97' title='bbox 1209 789 1301 820; x_wconf 86' lang='lat' dir='ltr'><strong>utpote</strong></span> <span class='ocrx_word' id='word_1_98' title='bbox 1314 785 1514 818; x_wconf 85' lang='lat' dir='ltr'><strong>Christianum,</strong></span> <span class='ocrx_word' id='word_1_99' title='bbox 1535 787 1687 814; x_wconf 81' lang='lat' dir='ltr'><strong>interlicere</strong></span> <span class='ocrx_word' id='word_1_100' title='bbox 1704 795 1752 815; x_wconf 78' lang='lat' dir='ltr'><strong>vo—</strong></span> 
     </span>
    </p>
   </div>
   <div class='ocr_carea' id='block_1_20' title="bbox 958 828 1752 866">
    <p class='ocr_par' dir='ltr' id='par_1_20' title="bbox 958 828 1752 866">
     <span class='ocr_line' id='line_1_20' title="bbox 958 828 1752 866; baseline 0.003 -11"><span class='ocrx_word' id='word_1_101' title='bbox 958 828 1054 862; x_wconf 85' lang='lat' dir='ltr'><strong>luisse,</strong></span> <span class='ocrx_word' id='word_1_102' title='bbox 1071 834 1217 864; x_wconf 88' lang='lat' dir='ltr'><strong>proplerea</strong></span> <span class='ocrx_word' id='word_1_103' title='bbox 1232 830 1305 864; x_wconf 91' lang='lat' dir='ltr'><strong>quod</strong></span> <span class='ocrx_word' id='word_1_104' title='bbox 1319 830 1497 865; x_wconf 85' lang='lat' dir='ltr'><strong>comperisset</strong></span> <span class='ocrx_word' id='word_1_105' title='bbox 1513 831 1624 863; x_wconf 81' lang='lat' dir='ltr'><strong>multos,</strong></span> <span class='ocrx_word' id='word_1_106' title='bbox 1638 838 1752 866; x_wconf 87' lang='lat' dir='ltr'><strong>operum</strong></span> 
     </span>
    </p>
   </div>
   <div class='ocr_carea' id='block_1_21' title="bbox 959 873 1753 912">
    <p class='ocr_par' dir='ltr' id='par_1_21' title="bbox 959 873 1753 912">
     <span class='ocr_line' id='line_1_21' title="bbox 959 873 1753 912; baseline 0.004 -11"><span class='ocrx_word' id='word_1_107' title='bbox 959 882 1020 910; x_wconf 81' lang='lat' dir='ltr'><strong>quae</strong></span> <span class='ocrx_word' id='word_1_108' title='bbox 1034 874 1068 901; x_wconf 92' lang='lat' dir='ltr'><strong>ab</strong></span> <span class='ocrx_word' id='word_1_109' title='bbox 1080 873 1201 909; x_wconf 74' lang='lat' dir='ltr'><strong>Agapcto</strong></span> <span class='ocrx_word' id='word_1_110' title='bbox 1216 874 1316 902; x_wconf 87' lang='lat' dir='ltr'><strong>fiebant</strong></span> <span class='ocrx_word' id='word_1_111' title='bbox 1335 875 1518 903; x_wconf 87' lang='lat' dir='ltr'><strong>admiratione</strong></span> <span class='ocrx_word' id='word_1_112' title='bbox 1536 881 1641 912; x_wconf 87' lang='lat' dir='ltr'><strong>captos,</strong></span> <span class='ocrx_word' id='word_1_113' title='bbox 1658 876 1753 904; x_wconf 82' lang='lat' dir='ltr'><strong>relicto</strong></span> 
     </span>
    </p>
   </div>
   <div class='ocr_carea' id='block_1_22' title="bbox 959 920 1752 958">
    <p class='ocr_par' dir='ltr' id='par_1_22' title="bbox 959 920 1752 958">
     <span class='ocr_line' id='line_1_22' title="bbox 959 920 1752 958; baseline 0.001 -10"><span class='ocrx_word' id='word_1_114' title='bbox 959 920 1099 956; x_wconf 80' lang='lat' dir='ltr'><strong>gentilium</strong></span> <span class='ocrx_word' id='word_1_115' title='bbox 1117 920 1241 948; x_wconf 17' lang='lat' dir='ltr'><strong>cultusad</strong></span> <span class='ocrx_word' id='word_1_116' title='bbox 1257 920 1442 949; x_wconf 77' lang='lat' dir='ltr'><strong>Christianam</strong></span> <span class='ocrx_word' id='word_1_117' title='bbox 1461 922 1539 950; x_wconf 86' lang='lat' dir='ltr'><strong>ﬁdem</strong></span> <span class='ocrx_word' id='word_1_118' title='bbox 1552 923 1671 951; x_wconf 88' lang='lat' dir='ltr'><strong>transire</strong></span> <span class='ocrx_word' id='word_1_119' title='bbox 1685 922 1752 958; x_wconf 83' lang='lat' dir='ltr'><strong>(l5).</strong></span> 
     </span>
    </p>
   </div>
   <div class='ocr_carea' id='block_1_23' title="bbox 732 978 1133 1012">
    <p class='ocr_par' dir='ltr' id='par_1_23' title="bbox 732 978 1133 1012">
     <span class='ocr_line' id='line_1_23' title="bbox 732 978 1133 1012; baseline 0 -6"><span class='ocrx_word' id='word_1_120' title='bbox 732 978 769 1006; x_wconf 82' lang='lat' dir='ltr'><strong>Ex</strong></span> <span class='ocrx_word' id='word_1_121' title='bbox 786 978 870 1007; x_wconf 86' lang='lat' dir='ltr'><strong>Suida</strong></span> <span class='ocrx_word' id='word_1_122' title='bbox 887 979 916 1007; x_wconf 90' lang='lat' dir='ltr'><strong>in</strong></span> <span class='ocrx_word' id='word_1_123' title='bbox 929 987 997 1008; x_wconf 80' lang='lat' dir='ltr'><strong>voce</strong></span> <span class='ocrx_word' id='word_1_124' title='bbox 1019 979 1133 1012; x_wconf 82' lang='grc' dir='ltr'><strong>Ἀἑτιος.</strong></span> 
     </span>
    </p>
   </div>
   <div class='ocr_carea' id='block_1_24' title="bbox 158 1037 909 1074">
    <p class='ocr_par' dir='ltr' id='par_1_24' title="bbox 158 1037 909 1074">
     <span class='ocr_line' id='line_1_24' title="bbox 158 1037 909 1074; baseline 0.001 -10"><span class='ocrx_word' id='word_1_125' title='bbox 158 1037 259 1069; x_wconf 81' lang='grc' dir='ltr'><strong>’Δέτιος</strong></span> <span class='ocrx_word' id='word_1_126' title='bbox 273 1037 302 1070; x_wconf 77' lang='grc' dir='ltr'><strong>ἐξ</strong></span> <span class='ocrx_word' id='word_1_127' title='bbox 320 1037 484 1073; x_wconf 75' lang='grc' dir='ltr'><strong>Ἃντιοχείας</strong></span> <span class='ocrx_word' id='word_1_128' title='bbox 497 1038 547 1073; x_wconf 75' lang='grc' dir='ltr'><strong>τῆς</strong></span> <span class='ocrx_word' id='word_1_129' title='bbox 565 1037 674 1074; x_wconf 85' lang='grc' dir='ltr'><strong>Συρίας,</strong></span> <span class='ocrx_word' id='word_1_130' title='bbox 687 1038 846 1070; x_wconf 81' lang='grc' dir='ltr'><strong>διδάσκαλος</strong></span> <span class='ocrx_word' id='word_1_131' title='bbox 857 1039 909 1065; x_wconf 86' lang='grc' dir='ltr'><strong>Εὑ-</strong></span> 
     </span>
    </p>
   </div>
   <div class='ocr_carea' id='block_1_25' title="bbox 117 1083 909 1120">
    <p class='ocr_par' dir='ltr' id='par_1_25' title="bbox 117 1083 909 1120">
     <span class='ocr_line' id='line_1_25' title="bbox 117 1083 909 1120; baseline 0 -9"><span class='ocrx_word' id='word_1_132' title='bbox 117 1084 222 1120; x_wconf 79' lang='grc' dir='ltr'><strong>νομίου,</strong></span> <span class='ocrx_word' id='word_1_133' title='bbox 239 1084 294 1110; x_wconf 82' lang='grc' dir='ltr'><strong>ἀπὸ</strong></span> <span class='ocrx_word' id='word_1_134' title='bbox 319 1084 454 1119; x_wconf 82' lang='grc' dir='ltr'><strong>πενιχρῶν</strong></span> <span class='ocrx_word' id='word_1_135' title='bbox 476 1084 523 1110; x_wconf 79' lang='grc' dir='ltr'><strong>καὶ</strong></span> <span class='ocrx_word' id='word_1_136' title='bbox 547 1083 663 1110; x_wconf 79' lang='grc' dir='ltr'><strong>εὐτελῶν</strong></span> <span class='ocrx_word' id='word_1_137' title='bbox 685 1085 784 1118; x_wconf 75' lang='grc' dir='ltr'><strong>γονέων</strong></span> <span class='ocrx_word' id='word_1_138' title='bbox 806 1085 909 1120; x_wconf 80' lang='grc' dir='ltr'><strong>τυγχά-</strong></span> 
     </span>
    </p>
   </div>
   <div class='ocr_carea' id='block_1_26' title="bbox 118 1129 910 1166">
    <p class='ocr_par' dir='ltr' id='par_1_26' title="bbox 118 1129 910 1166">
     <span class='ocr_line' id='line_1_26' title="bbox 118 1129 910 1166; baseline 0.001 -10"><span class='ocrx_word' id='word_1_139' title='bbox 118 1137 179 1157; x_wconf 89' lang='grc' dir='ltr'>νων.</span> <span class='ocrx_word' id='word_1_140' title='bbox 193 1129 221 1155; x_wconf 89' lang='grc' dir='ltr'>Ὁ</span> <span class='ocrx_word' id='word_1_141' title='bbox 231 1129 259 1156; x_wconf 78' lang='grc' dir='ltr'><strong>δὲ</strong></span> <span class='ocrx_word' id='word_1_142' title='bbox 266 1130 356 1166; x_wconf 85' lang='grc' dir='ltr'><strong>πατὴρ</strong></span> <span class='ocrx_word' id='word_1_143' title='bbox 367 1130 442 1165; x_wconf 78' lang='grc' dir='ltr'><strong>αὐτῷ</strong></span> <span class='ocrx_word' id='word_1_144' title='bbox 453 1129 507 1156; x_wconf 86' lang='grc' dir='ltr'><strong>τῶν</strong></span> <span class='ocrx_word' id='word_1_145' title='bbox 515 1130 543 1156; x_wconf 81' lang='grc' dir='ltr'>ἐν</span> <span class='ocrx_word' id='word_1_146' title='bbox 556 1131 669 1166; x_wconf 81' lang='grc' dir='ltr'><strong>στρατιᾷ</strong></span> <span class='ocrx_word' id='word_1_147' title='bbox 675 1130 910 1166; x_wconf 80' lang='grc' dir='ltr'><strong>δυσπραγέστερος</strong></span> 
     </span>
    </p>
   </div>
   <div class='ocr_carea' id='block_1_27' title="bbox 118 1175 906 1213">
    <p class='ocr_par' dir='ltr' id='par_1_27' title="bbox 118 1175 906 1213">
     <span class='ocr_line' id='line_1_27' title="bbox 118 1175 906 1213; baseline 0.004 -12"><span class='ocrx_word' id='word_1_148' title='bbox 118 1175 312 1211; x_wconf 71' lang='grc' dir='ltr'><strong>ἑνειλεγμὲνων</strong></span> <span class='ocrx_word' id='word_1_149' title='bbox 337 1176 501 1212; x_wconf 79' lang='grc' dir='ltr'><strong>γενόμενος,</strong></span> <span class='ocrx_word' id='word_1_150' title='bbox 529 1176 668 1211; x_wconf 76' lang='grc' dir='ltr'><strong>ἐτεθνήκει</strong></span> <span class='ocrx_word' id='word_1_151' title='bbox 696 1177 794 1213; x_wconf 84' lang='grc' dir='ltr'><strong>κομιδῇ</strong></span> <span class='ocrx_word' id='word_1_152' title='bbox 822 1178 906 1204; x_wconf 78' lang='grc' dir='ltr'><strong>παῖδα</strong></span> 
     </span>
    </p>
   </div>
   <div class='ocr_carea' id='block_1_28' title="bbox 119 1222 907 1259">
    <p class='ocr_par' dir='ltr' id='par_1_28' title="bbox 119 1222 907 1259">
     <span class='ocr_line' id='line_1_28' title="bbox 119 1222 907 1259; baseline 0.003 -11"><span class='ocrx_word' id='word_1_153' title='bbox 119 1222 210 1249; x_wconf 79' lang='grc' dir='ltr'><strong>τοῦτον</strong></span> <span class='ocrx_word' id='word_1_154' title='bbox 224 1223 314 1257; x_wconf 77' lang='grc' dir='ltr'><strong>ἀφείς.</strong></span> <span class='ocrx_word' id='word_1_155' title='bbox 331 1223 417 1254; x_wconf 74' lang='grc' dir='ltr'><strong>Αὐτὸς</strong></span> <span class='ocrx_word' id='word_1_156' title='bbox 440 1223 468 1249; x_wconf 75' lang='grc' dir='ltr'><strong>δὲ</strong></span> <span class='ocrx_word' id='word_1_157' title='bbox 491 1223 531 1254; x_wconf 85' lang='grc' dir='ltr'><strong>εἰς</strong></span> <span class='ocrx_word' id='word_1_158' title='bbox 553 1222 665 1258; x_wconf 73' lang='grc' dir='ltr'><strong>ἔσχατον</strong></span> <span class='ocrx_word' id='word_1_159' title='bbox 683 1223 801 1258; x_wconf 79' lang='grc' dir='ltr'><strong>ἀπορίας</strong></span> <span class='ocrx_word' id='word_1_160' title='bbox 821 1224 907 1259; x_wconf 74' lang='grc' dir='ltr'><strong>ἥκων,</strong></span> 
     </span>
    </p>
   </div>
   <div class='ocr_carea' id='block_1_29' title="bbox 119 1267 908 1304">
    <p class='ocr_par' dir='ltr' id='par_1_29' title="bbox 119 1267 908 1304">
     <span class='ocr_line' id='line_1_29' title="bbox 119 1267 908 1304; baseline 0.001 -10"><span class='ocrx_word' id='word_1_161' title='bbox 119 1268 164 1294; x_wconf 72' lang='grc' dir='ltr'><strong>ἐπὶ</strong></span> <span class='ocrx_word' id='word_1_162' title='bbox 185 1268 347 1303; x_wconf 68' lang='grc' dir='ltr'><strong>χρυσοχοῖαν</strong></span> <span class='ocrx_word' id='word_1_163' title='bbox 375 1267 531 1303; x_wconf 77' lang='grc' dir='ltr'><strong>ἐχώρησεν,</strong></span> <span class='ocrx_word' id='word_1_164' title='bbox 561 1268 711 1304; x_wconf 80' lang='grc' dir='ltr'><strong>ἀκρότατός</strong></span> <span class='ocrx_word' id='word_1_165' title='bbox 734 1277 764 1295; x_wconf 83' lang='grc' dir='ltr'><strong>τε</strong></span> <span class='ocrx_word' id='word_1_166' title='bbox 791 1269 908 1303; x_wconf 81' lang='grc' dir='ltr'><strong>ἐγένετο.</strong></span> 
     </span>
    </p>
   </div>
   <div class='ocr_carea' id='block_1_30' title="bbox 125 1312 910 1349">
    <p class='ocr_par' dir='ltr' id='par_1_30' title="bbox 125 1312 910 1349">
     <span class='ocr_line' id='line_1_30' title="bbox 125 1312 910 1349; baseline 0.001 -10"><span class='ocrx_word' id='word_1_167' title='bbox 125 1313 199 1340; x_wconf 74' lang='grc' dir='ltr'><strong>Ἐπεὶ</strong></span> <span class='ocrx_word' id='word_1_168' title='bbox 213 1312 241 1339; x_wconf 78' lang='grc' dir='ltr'><strong>δὲ</strong></span> <span class='ocrx_word' id='word_1_169' title='bbox 255 1314 272 1348; x_wconf 87' lang='grc' dir='ltr'>ἡ</span> <span class='ocrx_word' id='word_1_170' title='bbox 291 1313 372 1347; x_wconf 77' lang='grc' dir='ltr'><strong>φύσις</strong></span> <span class='ocrx_word' id='word_1_171' title='bbox 391 1312 466 1347; x_wconf 73' lang='grc' dir='ltr'><strong>αὐτῷ</strong></span> <span class='ocrx_word' id='word_1_172' title='bbox 485 1313 617 1348; x_wconf 79' lang='grc' dir='ltr'><strong>μειζόνων</strong></span> <span class='ocrx_word' id='word_1_173' title='bbox 639 1313 759 1349; x_wconf 79' lang='grc' dir='ltr'><strong>ὠρέγετο</strong></span> <span class='ocrx_word' id='word_1_174' title='bbox 781 1313 910 1349; x_wconf 74' lang='grc' dir='ltr'><strong>μαθημάο</strong></span> 
     </span>
    </p>
   </div>
   <div class='ocr_carea' id='block_1_31' title="bbox 120 1357 911 1394">
    <p class='ocr_par' dir='ltr' id='par_1_31' title="bbox 120 1357 911 1394">
     <span class='ocr_line' id='line_1_31' title="bbox 120 1357 911 1394; baseline 0.003 -10"><span class='ocrx_word' id='word_1_175' title='bbox 120 1366 183 1389; x_wconf 83' lang='grc' dir='ltr'><strong>των,</strong></span> <span class='ocrx_word' id='word_1_176' title='bbox 197 1357 264 1392; x_wconf 81' lang='grc' dir='ltr'><strong>πρὸς</strong></span> <span class='ocrx_word' id='word_1_177' title='bbox 275 1357 386 1391; x_wconf 80' lang='grc' dir='ltr'><strong>λογικὰς</strong></span> <span class='ocrx_word' id='word_1_178' title='bbox 398 1358 515 1393; x_wconf 70' lang='grc' dir='ltr'><strong>Θεωρίας</strong></span> <span class='ocrx_word' id='word_1_179' title='bbox 531 1358 675 1394; x_wconf 73' lang='grc' dir='ltr'><strong>ἐτράπετο.</strong></span> <span class='ocrx_word' id='word_1_180' title='bbox 696 1360 752 1386; x_wconf 75' lang='grc' dir='ltr'><strong>Καὶ</strong></span> <span class='ocrx_word' id='word_1_181' title='bbox 765 1359 832 1394; x_wconf 84' lang='grc' dir='ltr'><strong>δῆτα</strong></span> <span class='ocrx_word' id='word_1_182' title='bbox 846 1368 911 1394; x_wconf 86' lang='grc' dir='ltr'><strong>συγ-</strong></span> 
     </span>
    </p>
   </div>
   <div class='ocr_carea' id='block_1_32' title="bbox 119 1403 910 1441">
    <p class='ocr_par' dir='ltr' id='par_1_32' title="bbox 119 1403 910 1441">
     <span class='ocr_line' id='line_1_32' title="bbox 119 1403 910 1441; baseline 0.003 -11"><span class='ocrx_word' id='word_1_183' title='bbox 119 1403 224 1438; x_wconf 77' lang='grc' dir='ltr'><strong>γίνεται</strong></span> <span class='ocrx_word' id='word_1_184' title='bbox 244 1403 378 1438; x_wconf 75' lang='grc' dir='ltr'><strong>Παυλίνῳ,</strong></span> <span class='ocrx_word' id='word_1_185' title='bbox 395 1403 495 1440; x_wconf 80' lang='grc' dir='ltr'><strong>ἀρτίως</strong></span> <span class='ocrx_word' id='word_1_186' title='bbox 510 1404 564 1431; x_wconf 84' lang='grc' dir='ltr'><strong>ἀπὸ</strong></span> <span class='ocrx_word' id='word_1_187' title='bbox 583 1405 670 1440; x_wconf 86' lang='grc' dir='ltr'>Τύρου</span> <span class='ocrx_word' id='word_1_188' title='bbox 690 1406 730 1437; x_wconf 83' lang='grc' dir='ltr'><strong>εἰς</strong></span> <span class='ocrx_word' id='word_1_189' title='bbox 747 1405 910 1441; x_wconf 81' lang='grc' dir='ltr'>Ἀντιόχειαν</span> 
     </span>
    </p>
   </div>
   <div class='ocr_carea' id='block_1_33' title="bbox 119 1450 908 1486">
    <p class='ocr_par' dir='ltr' id='par_1_33' title="bbox 119 1450 908 1486">
     <span class='ocr_line' id='line_1_33' title="bbox 119 1450 908 1486; baseline 0.001 -10"><span class='ocrx_word' id='word_1_190' title='bbox 119 1450 278 1485; x_wconf 79' lang='grc' dir='ltr'>ἀφικομένῳ</span> <span class='ocrx_word' id='word_1_191' title='bbox 303 1450 343 1476; x_wconf 74' lang='grc' dir='ltr'><strong>ἔτι</strong></span> <span class='ocrx_word' id='word_1_192' title='bbox 366 1450 436 1477; x_wconf 84' lang='grc' dir='ltr'><strong>κατὰ</strong></span> <span class='ocrx_word' id='word_1_193' title='bbox 464 1450 526 1481; x_wconf 71' lang='grc' dir='ltr'><strong>τοὺς</strong></span> <span class='ocrx_word' id='word_1_194' title='bbox 553 1450 759 1477; x_wconf 80' lang='grc' dir='ltr'><strong>Κωνσταντίνου</strong></span> <span class='ocrx_word' id='word_1_195' title='bbox 786 1451 908 1486; x_wconf 86' lang='grc' dir='ltr'><strong>χρόνους.</strong></span> 
     </span>
    </p>
   </div>
   <div class='ocr_carea' id='block_1_34' title="bbox 119 1496 911 1533">
    <p class='ocr_par' dir='ltr' id='par_1_34' title="bbox 119 1496 911 1533">
     <span class='ocr_line' id='line_1_34' title="bbox 119 1496 911 1533; baseline 0.001 -10"><span class='ocrx_word' id='word_1_196' title='bbox 119 1496 222 1523; x_wconf 83' lang='grc' dir='ltr'><strong>Τούτου</strong></span> <span class='ocrx_word' id='word_1_197' title='bbox 241 1497 371 1532; x_wconf 68' lang='grc' dir='ltr'><strong>ἠκροᾶτο,</strong></span> <span class='ocrx_word' id='word_1_198' title='bbox 396 1496 496 1532; x_wconf 79' lang='grc' dir='ltr'><strong>πολλὴν</strong></span> <span class='ocrx_word' id='word_1_199' title='bbox 511 1497 641 1529; x_wconf 77' lang='grc' dir='ltr'><strong>ἐπιεικῶς</strong></span> <span class='ocrx_word' id='word_1_200' title='bbox 661 1497 764 1532; x_wconf 81' lang='grc' dir='ltr'><strong>φαίνων</strong></span> <span class='ocrx_word' id='word_1_201' title='bbox 783 1497 832 1533; x_wconf 78' lang='grc' dir='ltr'><strong>τῆς</strong></span> <span class='ocrx_word' id='word_1_202' title='bbox 846 1498 911 1524; x_wconf 83' lang='grc' dir='ltr'><strong>ἀσε-</strong></span> 
     </span>
    </p>
   </div>
   <div class='ocr_carea' id='block_1_35' title="bbox 119 1542 912 1579">
    <p class='ocr_par' dir='ltr' id='par_1_35' title="bbox 119 1542 912 1579">
     <span class='ocr_line' id='line_1_35' title="bbox 119 1542 912 1579; baseline 0.001 -10"><span class='ocrx_word' id='word_1_203' title='bbox 119 1543 196 1574; x_wconf 76' lang='grc' dir='ltr'><strong>ϐείας</strong></span> <span class='ocrx_word' id='word_1_204' title='bbox 211 1542 261 1578; x_wconf 83' lang='grc' dir='ltr'><strong>τὴν</strong></span> <span class='ocrx_word' id='word_1_205' title='bbox 275 1542 371 1578; x_wconf 80' lang='grc' dir='ltr'><strong>ῥώμην</strong></span> <span class='ocrx_word' id='word_1_206' title='bbox 388 1542 425 1579; x_wconf 78' lang='grc' dir='ltr'><strong>(α)</strong></span> <span class='ocrx_word' id='word_1_207' title='bbox 442 1544 483 1574; x_wconf 75' lang='grc' dir='ltr'><strong>εἰς</strong></span> <span class='ocrx_word' id='word_1_208' title='bbox 499 1543 549 1574; x_wconf 84' lang='grc' dir='ltr'><strong>τὰς</strong></span> <span class='ocrx_word' id='word_1_209' title='bbox 570 1543 637 1578; x_wconf 80' lang='grc' dir='ltr'><strong>πρὸς</strong></span> <span class='ocrx_word' id='word_1_210' title='bbox 654 1544 717 1575; x_wconf 76' lang='grc' dir='ltr'><strong>τοὺς</strong></span> <span class='ocrx_word' id='word_1_211' title='bbox 732 1543 912 1579; x_wconf 82' lang='grc' dir='ltr'><strong>διαφορουμέ-</strong></span> 
     </span>
    </p>
   </div>
   <div class='ocr_carea' id='block_1_36' title="bbox 118 1588 911 1625">
    <p class='ocr_par' dir='ltr' id='par_1_36' title="bbox 118 1588 911 1625">
     <span class='ocr_line' id='line_1_36' title="bbox 118 1588 911 1625; baseline 0 -9"><span class='ocrx_word' id='word_1_212' title='bbox 118 1597 181 1620; x_wconf 76' lang='grc' dir='ltr'><strong>νους</strong></span> <span class='ocrx_word' id='word_1_213' title='bbox 196 1588 323 1625; x_wconf 81' lang='grc' dir='ltr'><strong>ζητήσεις</strong></span> <span class='ocrx_word' id='word_1_214' title='bbox 334 1598 341 1604; x_wconf 81' lang='lat'><strong>&#39;</strong></span> <span class='ocrx_word' id='word_1_215' title='bbox 359 1591 405 1616; x_wconf 75' lang='grc' dir='ltr'><strong>καὶ</strong></span> <span class='ocrx_word' id='word_1_216' title='bbox 428 1589 477 1625; x_wconf 76' lang='grc' dir='ltr'><strong>οὐχ</strong></span> <span class='ocrx_word' id='word_1_217' title='bbox 494 1589 645 1621; x_wconf 83' lang='grc' dir='ltr'><strong>ὐπόστατος</strong></span> <span class='ocrx_word' id='word_1_218' title='bbox 661 1589 713 1625; x_wconf 71' lang='grc' dir='ltr'><strong>ήδη</strong></span> <span class='ocrx_word' id='word_1_219' title='bbox 735 1591 789 1622; x_wconf 84' lang='grc' dir='ltr'><strong>τοῖς</strong></span> <span class='ocrx_word' id='word_1_220' title='bbox 804 1589 911 1621; x_wconf 85' lang='grc' dir='ltr'><strong>πολλοῖς</strong></span> 
     </span>
    </p>
   </div>
   <div class='ocr_carea' id='block_1_37' title="bbox 119 1633 911 1672">
    <p class='ocr_par' dir='ltr' id='par_1_37' title="bbox 119 1633 911 1672">
     <span class='ocr_line' id='line_1_37' title="bbox 119 1633 911 1672; baseline 0.001 -10"><span class='ocrx_word' id='word_1_221' title='bbox 119 1633 163 1671; x_wconf 83' lang='grc' dir='ltr'><strong>ἦν.</strong></span> <span class='ocrx_word' id='word_1_222' title='bbox 183 1636 260 1663; x_wconf 82' lang='grc' dir='ltr'><strong>Ἐπεὶ</strong></span> <span class='ocrx_word' id='word_1_223' title='bbox 281 1637 309 1663; x_wconf 83' lang='grc' dir='ltr'><strong>δὲ</strong></span> <span class='ocrx_word' id='word_1_224' title='bbox 332 1637 463 1668; x_wconf 77' lang='grc' dir='ltr'><strong>Παυλῖνος</strong></span> <span class='ocrx_word' id='word_1_225' title='bbox 488 1633 639 1672; x_wconf 74' lang='grc' dir='ltr'><strong>ἐτεθνήκει,</strong></span> <span class='ocrx_word' id='word_1_226' title='bbox 666 1635 797 1663; x_wconf 84' lang='grc' dir='ltr'><strong>Εὑλαλίου</strong></span> <span class='ocrx_word' id='word_1_227' title='bbox 818 1637 911 1672; x_wconf 85' lang='grc' dir='ltr'><strong>τρίτου</strong></span> 
     </span>
    </p>
   </div>
   <div class='ocr_carea' id='block_1_38' title="bbox 119 1682 910 1719">
    <p class='ocr_par' dir='ltr' id='par_1_38' title="bbox 119 1682 910 1719">
     <span class='ocr_line' id='line_1_38' title="bbox 119 1682 910 1719; baseline -0.001 -9"><span class='ocrx_word' id='word_1_228' title='bbox 119 1683 166 1710; x_wconf 75' lang='grc' dir='ltr'><strong>καὶ</strong></span> <span class='ocrx_word' id='word_1_229' title='bbox 185 1683 308 1709; x_wconf 77' lang='grc' dir='ltr'><strong>εἰκοστοῦ</strong></span> <span class='ocrx_word' id='word_1_230' title='bbox 323 1683 377 1710; x_wconf 79' lang='grc' dir='ltr'>ἀπὸ</span> <span class='ocrx_word' id='word_1_231' title='bbox 387 1683 441 1709; x_wconf 85' lang='grc' dir='ltr'><strong>τῶν</strong></span> <span class='ocrx_word' id='word_1_232' title='bbox 455 1683 613 1709; x_wconf 79' lang='grc' dir='ltr'><strong>ἀποστόλων</strong></span> <span class='ocrx_word' id='word_1_233' title='bbox 626 1682 732 1718; x_wconf 74' lang='grc' dir='ltr'><strong>ἔχοντος</strong></span> <span class='ocrx_word' id='word_1_234' title='bbox 745 1683 791 1709; x_wconf 79' lang='grc' dir='ltr'><strong>τὸν</strong></span> <span class='ocrx_word' id='word_1_235' title='bbox 805 1682 910 1719; x_wconf 82' lang='grc' dir='ltr'><strong>θρόνον,</strong></span> 
     </span>
    </p>
   </div>
   <div class='ocr_carea' id='block_1_39' title="bbox 118 1728 920 1764">
    <p class='ocr_par' dir='ltr' id='par_1_39' title="bbox 118 1728 920 1764">
     <span class='ocr_line' id='line_1_39' title="bbox 118 1728 920 1764; baseline 0.002 -10"><span class='ocrx_word' id='word_1_236' title='bbox 118 1728 214 1755; x_wconf 67' lang='grc' dir='ltr'><strong>πολλοὶ</strong></span> <span class='ocrx_word' id='word_1_237' title='bbox 237 1728 292 1755; x_wconf 86' lang='grc' dir='ltr'><strong>τῶν</strong></span> <span class='ocrx_word' id='word_1_238' title='bbox 319 1730 372 1756; x_wconf 85' lang='grc' dir='ltr'>ὑπὸ</span> <span class='ocrx_word' id='word_1_239' title='bbox 396 1729 443 1756; x_wconf 82' lang='grc' dir='ltr'><strong>τοῦ</strong></span> <span class='ocrx_word' id='word_1_240' title='bbox 473 1729 576 1756; x_wconf 80' lang='grc' dir='ltr'><strong>Ἀετίου</strong></span> <span class='ocrx_word' id='word_1_241' title='bbox 601 1729 800 1764; x_wconf 72' lang='grc' dir='ltr'><strong>ἐλεγχομένων,</strong></span> <span class='ocrx_word' id='word_1_242' title='bbox 825 1729 920 1757; x_wconf 57' lang='grc' dir='ltr'><strong>δεινὸν.</strong></span> 
     </span>
    </p>
   </div>
   <div class='ocr_carea' id='block_1_40' title="bbox 119 1775 914 1812">
    <p class='ocr_par' dir='ltr' id='par_1_40' title="bbox 119 1775 914 1812">
     <span class='ocr_line' id='line_1_40' title="bbox 119 1775 914 1812; baseline 0.001 -10"><span class='ocrx_word' id='word_1_243' title='bbox 119 1775 300 1811; x_wconf 76' lang='grc' dir='ltr'><strong>ποιησάμενοι</strong></span> <span class='ocrx_word' id='word_1_244' title='bbox 315 1776 382 1812; x_wconf 79' lang='grc' dir='ltr'><strong>πρὸς</strong></span> <span class='ocrx_word' id='word_1_245' title='bbox 397 1776 492 1811; x_wconf 79' lang='grc' dir='ltr'><strong>ἀνδρὸς</strong></span> <span class='ocrx_word' id='word_1_246' title='bbox 508 1775 675 1812; x_wconf 82' lang='grc' dir='ltr'><strong>δημιουργοῦ</strong></span> <span class='ocrx_word' id='word_1_247' title='bbox 696 1776 744 1803; x_wconf 76' lang='grc' dir='ltr'><strong>καὶ</strong></span> <span class='ocrx_word' id='word_1_248' title='bbox 766 1776 826 1803; x_wconf 81' lang='grc' dir='ltr'><strong>νέου</strong></span> <span class='ocrx_word' id='word_1_249' title='bbox 840 1775 914 1803; x_wconf 82' lang='grc' dir='ltr'><strong>κατὰ</strong></span> 
     </span>
    </p>
   </div>
   <div class='ocr_carea' id='block_1_41' title="bbox 118 1822 913 1859">
    <p class='ocr_par' dir='ltr' id='par_1_41' title="bbox 118 1822 913 1859">
     <span class='ocr_line' id='line_1_41' title="bbox 118 1822 913 1859; baseline 0.001 -10"><span class='ocrx_word' id='word_1_250' title='bbox 118 1823 222 1857; x_wconf 80' lang='grc' dir='ltr'><strong>κράτος</strong></span> <span class='ocrx_word' id='word_1_251' title='bbox 247 1823 417 1855; x_wconf 78' lang='grc' dir='ltr'><strong>ἐλαύνεσθαι,</strong></span> <span class='ocrx_word' id='word_1_252' title='bbox 437 1823 583 1855; x_wconf 82' lang='grc' dir='ltr'><strong>συστάντες</strong></span> <span class='ocrx_word' id='word_1_253' title='bbox 607 1822 742 1858; x_wconf 78' lang='grc' dir='ltr'><strong>ἐξήλασαν</strong></span> <span class='ocrx_word' id='word_1_254' title='bbox 757 1823 837 1851; x_wconf 77' lang='grc' dir='ltr'><strong>αὐτὸν</strong></span> <span class='ocrx_word' id='word_1_255' title='bbox 862 1823 913 1859; x_wconf 81' lang='grc' dir='ltr'><strong>τῆς</strong></span> 
     </span>
    </p>
   </div>
   <div class='ocr_carea' id='block_1_42' title="bbox 995 1037 1755 1074">
    <p class='ocr_par' dir='ltr' id='par_1_42' title="bbox 995 1037 1755 1074">
     <span class='ocr_line' id='line_1_42' title="bbox 995 1037 1755 1074; baseline 0 -9"><span class='ocrx_word' id='word_1_256' title='bbox 995 1038 1089 1065; x_wconf 86' lang='lat' dir='ltr'><strong>Aetius</strong></span> <span class='ocrx_word' id='word_1_257' title='bbox 1109 1039 1238 1074; x_wconf 79' lang='lat' dir='ltr'><strong>magister</strong></span> <span class='ocrx_word' id='word_1_258' title='bbox 1261 1038 1408 1070; x_wconf 89' lang='lat' dir='ltr'><strong>Eunomii,</strong></span> <span class='ocrx_word' id='word_1_259' title='bbox 1427 1041 1505 1065; x_wconf 86' lang='lat' dir='ltr'><strong>ortus</strong></span> <span class='ocrx_word' id='word_1_260' title='bbox 1525 1045 1558 1065; x_wconf 75' lang='lat' dir='ltr'><strong>ex</strong></span> <span class='ocrx_word' id='word_1_261' title='bbox 1580 1038 1648 1066; x_wconf 84' lang='lat' dir='ltr'><strong>urbe</strong></span> <span class='ocrx_word' id='word_1_262' title='bbox 1669 1037 1755 1073; x_wconf 60' lang='lat' dir='ltr'><strong>Syriae</strong></span> 
     </span>
    </p>
   </div>
   <div class='ocr_carea' id='block_1_43' title="bbox 960 1083 1756 1120">
    <p class='ocr_par' dir='ltr' id='par_1_43' title="bbox 960 1083 1756 1120">
     <span class='ocr_line' id='line_1_43' title="bbox 960 1083 1756 1120; baseline -0.003 -8"><span class='ocrx_word' id='word_1_263' title='bbox 960 1084 1122 1118; x_wconf 76' lang='lat' dir='ltr'><strong>Antiochia,</strong></span> <span class='ocrx_word' id='word_1_264' title='bbox 1146 1085 1306 1120; x_wconf 89' lang='lat' dir='ltr'><strong>parentibus</strong></span> <span class='ocrx_word' id='word_1_265' title='bbox 1326 1084 1420 1119; x_wconf 70' lang='lat' dir='ltr'><strong>egenis</strong></span> <span class='ocrx_word' id='word_1_266' title='bbox 1441 1092 1474 1111; x_wconf 86' lang='lat' dir='ltr'><strong>ac</strong></span> <span class='ocrx_word' id='word_1_267' title='bbox 1494 1083 1648 1112; x_wconf 82' lang='lat' dir='ltr'><strong>vilissimis.</strong></span> <span class='ocrx_word' id='word_1_268' title='bbox 1676 1083 1756 1111; x_wconf 86' lang='lat' dir='ltr'><strong>Pater</strong></span> 
     </span>
    </p>
   </div>
   <div class='ocr_carea' id='block_1_44' title="bbox 962 1130 1754 1168">
    <p class='ocr_par' dir='ltr' id='par_1_44' title="bbox 962 1130 1754 1168">
     <span class='ocr_line' id='line_1_44' title="bbox 962 1130 1754 1168; baseline -0.005 -8"><span class='ocrx_word' id='word_1_269' title='bbox 962 1132 1022 1168; x_wconf 86' lang='lat' dir='ltr'><strong>ejus</strong></span> <span class='ocrx_word' id='word_1_270' title='bbox 1036 1132 1168 1160; x_wconf 86' lang='lat' dir='ltr'><strong>cohortali</strong></span> <span class='ocrx_word' id='word_1_271' title='bbox 1190 1131 1294 1158; x_wconf 62' lang='lat' dir='ltr'><strong>militiae</strong></span> <span class='ocrx_word' id='word_1_272' title='bbox 1319 1131 1466 1165; x_wconf 80' lang='lat' dir='ltr'><strong>ascriptus,</strong></span> <span class='ocrx_word' id='word_1_273' title='bbox 1483 1138 1545 1158; x_wconf 89' lang='lat' dir='ltr'><strong>cum</strong></span> <span class='ocrx_word' id='word_1_274' title='bbox 1565 1130 1677 1157; x_wconf 82' lang='lat' dir='ltr'><strong>adversa</strong></span> <span class='ocrx_word' id='word_1_275' title='bbox 1697 1130 1754 1157; x_wconf 84' lang='lat' dir='ltr'><strong>for-</strong></span> 
     </span>
    </p>
   </div>
   <div class='ocr_carea' id='block_1_45' title="bbox 964 1176 1754 1211">
    <p class='ocr_par' dir='ltr' id='par_1_45' title="bbox 964 1176 1754 1211">
     <span class='ocr_line' id='line_1_45' title="bbox 964 1176 1754 1211; baseline -0.005 -4"><span class='ocrx_word' id='word_1_276' title='bbox 964 1185 1028 1207; x_wconf 88' lang='lat' dir='ltr'><strong>tuna</strong></span> <span class='ocrx_word' id='word_1_277' title='bbox 1047 1187 1113 1208; x_wconf 88' lang='lat' dir='ltr'><strong>usus</strong></span> <span class='ocrx_word' id='word_1_278' title='bbox 1129 1184 1211 1210; x_wconf 82' lang='lat' dir='ltr'><strong>esset.</strong></span> <span class='ocrx_word' id='word_1_279' title='bbox 1226 1179 1284 1206; x_wconf 83' lang='lat' dir='ltr'><strong>lato</strong></span> <span class='ocrx_word' id='word_1_280' title='bbox 1296 1179 1407 1206; x_wconf 85' lang='lat' dir='ltr'><strong>functus</strong></span> <span class='ocrx_word' id='word_1_281' title='bbox 1422 1183 1473 1211; x_wconf 87' lang='lat' dir='ltr'><strong>est,</strong></span> <span class='ocrx_word' id='word_1_282' title='bbox 1487 1177 1581 1205; x_wconf 89' lang='lat' dir='ltr'><strong>relicto</strong></span> <span class='ocrx_word' id='word_1_283' title='bbox 1592 1178 1645 1205; x_wconf 87' lang='lat' dir='ltr'><strong>isto</strong></span> <span class='ocrx_word' id='word_1_284' title='bbox 1659 1176 1754 1204; x_wconf 86' lang='lat' dir='ltr'><strong>admo-</strong></span> 
     </span>
    </p>
   </div>
   <div class='ocr_carea' id='block_1_46' title="bbox 962 1224 1753 1261">
    <p class='ocr_par' dir='ltr' id='par_1_46' title="bbox 962 1224 1753 1261">
     <span class='ocr_line' id='line_1_46' title="bbox 962 1224 1753 1261; baseline -0.004 -8"><span class='ocrx_word' id='word_1_285' title='bbox 962 1226 1027 1253; x_wconf 93' lang='lat' dir='ltr'><strong>dum</strong></span> <span class='ocrx_word' id='word_1_286' title='bbox 1047 1233 1143 1261; x_wconf 81' lang='lat' dir='ltr'><strong>puero.</strong></span> <span class='ocrx_word' id='word_1_287' title='bbox 1165 1226 1217 1258; x_wconf 87' lang='lat' dir='ltr'><strong>Qui</strong></span> <span class='ocrx_word' id='word_1_288' title='bbox 1235 1226 1269 1252; x_wconf 82' lang='lat' dir='ltr'><strong>ad</strong></span> <span class='ocrx_word' id='word_1_289' title='bbox 1292 1232 1428 1253; x_wconf 86' lang='lat' dir='ltr'><strong>summam</strong></span> <span class='ocrx_word' id='word_1_290' title='bbox 1451 1228 1598 1260; x_wconf 79' lang='lat' dir='ltr'><strong>egestatem</strong></span> <span class='ocrx_word' id='word_1_291' title='bbox 1616 1224 1753 1254; x_wconf 73' lang='lat' dir='ltr'><strong>redactus.</strong></span> 
     </span>
    </p>
   </div>
   <div class='ocr_carea' id='block_1_47' title="bbox 962 1269 1755 1303">
    <p class='ocr_par' dir='ltr' id='par_1_47' title="bbox 962 1269 1755 1303">
     <span class='ocr_line' id='line_1_47' title="bbox 962 1269 1755 1303; baseline -0.004 -5"><span class='ocrx_word' id='word_1_292' title='bbox 962 1271 1132 1298; x_wconf 85' lang='lat' dir='ltr'><strong>anrificinam</strong></span> <span class='ocrx_word' id='word_1_293' title='bbox 1158 1278 1284 1298; x_wconf 75' lang='lat' dir='ltr'><strong>exercere</strong></span> <span class='ocrx_word' id='word_1_294' title='bbox 1299 1270 1426 1301; x_wconf 82' lang='lat' dir='ltr'><strong>instituit,</strong></span> <span class='ocrx_word' id='word_1_295' title='bbox 1436 1274 1462 1296; x_wconf 89' lang='lat' dir='ltr'><strong>et</strong></span> <span class='ocrx_word' id='word_1_296' title='bbox 1477 1269 1510 1296; x_wconf 89' lang='lat' dir='ltr'><strong>ad</strong></span> <span class='ocrx_word' id='word_1_297' title='bbox 1524 1276 1660 1296; x_wconf 82' lang='lat' dir='ltr'><strong>summam</strong></span> <span class='ocrx_word' id='word_1_298' title='bbox 1673 1269 1755 1303; x_wconf 88' lang='lat' dir='ltr'><strong>hujus</strong></span> 
     </span>
    </p>
   </div>
   <div class='ocr_carea' id='block_1_48' title="bbox 962 1314 1755 1352">
    <p class='ocr_par' dir='ltr' id='par_1_48' title="bbox 962 1314 1755 1352">
     <span class='ocr_line' id='line_1_48' title="bbox 962 1314 1755 1352; baseline -0.005 -8"><span class='ocrx_word' id='word_1_299' title='bbox 962 1317 1030 1344; x_wconf 90' lang='lat' dir='ltr'><strong>artis</strong></span> <span class='ocrx_word' id='word_1_300' title='bbox 1044 1317 1238 1352; x_wconf 77' lang='lat' dir='ltr'><strong>perfectionem</strong></span> <span class='ocrx_word' id='word_1_301' title='bbox 1256 1316 1351 1343; x_wconf 78' lang='lat' dir='ltr'><strong>evasit.</strong></span> <span class='ocrx_word' id='word_1_302' title='bbox 1366 1315 1418 1342; x_wconf 85' lang='lat' dir='ltr'><strong>Sed</strong></span> <span class='ocrx_word' id='word_1_303' title='bbox 1436 1315 1565 1350; x_wconf 90' lang='lat' dir='ltr'><strong>quoniam</strong></span> <span class='ocrx_word' id='word_1_304' title='bbox 1578 1314 1638 1349; x_wconf 82' lang='lat' dir='ltr'><strong>ejus</strong></span> <span class='ocrx_word' id='word_1_305' title='bbox 1650 1314 1755 1340; x_wconf 80' lang='lat' dir='ltr'><strong>indoles</strong></span> 
     </span>
    </p>
   </div>
   <div class='ocr_carea' id='block_1_49' title="bbox 962 1360 1754 1397">
    <p class='ocr_par' dir='ltr' id='par_1_49' title="bbox 962 1360 1754 1397">
     <span class='ocr_line' id='line_1_49' title="bbox 962 1360 1754 1397; baseline -0.005 -7"><span class='ocrx_word' id='word_1_306' title='bbox 962 1363 994 1390; x_wconf 89' lang='lat' dir='ltr'><strong>ad</strong></span> <span class='ocrx_word' id='word_1_307' title='bbox 1011 1363 1121 1390; x_wconf 85' lang='lat' dir='ltr'><strong>altiores</strong></span> <span class='ocrx_word' id='word_1_308' title='bbox 1139 1362 1297 1397; x_wconf 85' lang='lat' dir='ltr'><strong>disciplinas</strong></span> <span class='ocrx_word' id='word_1_309' title='bbox 1321 1361 1470 1396; x_wconf 80' lang='lat' dir='ltr'><strong>aspirabat,</strong></span> <span class='ocrx_word' id='word_1_310' title='bbox 1491 1362 1524 1388; x_wconf 92' lang='lat' dir='ltr'><strong>al</strong></span> <span class='ocrx_word' id='word_1_311' title='bbox 1545 1361 1640 1396; x_wconf 79' lang='lat' dir='ltr'><strong>logica:</strong></span> <span class='ocrx_word' id='word_1_312' title='bbox 1664 1360 1754 1387; x_wconf 83' lang='lat' dir='ltr'><strong>studia</strong></span> 
     </span>
    </p>
   </div>
   <div class='ocr_carea' id='block_1_50' title="bbox 963 1405 1754 1443">
    <p class='ocr_par' dir='ltr' id='par_1_50' title="bbox 963 1405 1754 1443">
     <span class='ocr_line' id='line_1_50' title="bbox 963 1405 1754 1443; baseline -0.005 -8"><span class='ocrx_word' id='word_1_313' title='bbox 963 1409 1085 1435; x_wconf 90' lang='lat' dir='ltr'><strong>animum</strong></span> <span class='ocrx_word' id='word_1_314' title='bbox 1099 1408 1238 1443; x_wconf 85' lang='lat' dir='ltr'><strong>applicuit.</strong></span> <span class='ocrx_word' id='word_1_315' title='bbox 1256 1408 1295 1434; x_wconf 83' lang='lat' dir='ltr'><strong>Ac</strong></span> <span class='ocrx_word' id='word_1_316' title='bbox 1309 1407 1429 1442; x_wconf 90' lang='lat' dir='ltr'><strong>primum</strong></span> <span class='ocrx_word' id='word_1_317' title='bbox 1447 1406 1558 1441; x_wconf 86' lang='lat' dir='ltr'><strong>quidem</strong></span> <span class='ocrx_word' id='word_1_318' title='bbox 1580 1405 1689 1432; x_wconf 84' lang='lat' dir='ltr'><strong>auditor</strong></span> <span class='ocrx_word' id='word_1_319' title='bbox 1703 1405 1754 1432; x_wconf 88' lang='lat' dir='ltr'><strong>fuit</strong></span> 
     </span>
    </p>
   </div>
   <div class='ocr_carea' id='block_1_51' title="bbox 962 1450 1754 1489">
    <p class='ocr_par' dir='ltr' id='par_1_51' title="bbox 962 1450 1754 1489">
     <span class='ocr_line' id='line_1_51' title="bbox 962 1450 1754 1489; baseline -0.006 -8"><span class='ocrx_word' id='word_1_320' title='bbox 962 1453 1081 1485; x_wconf 60' lang='lat' dir='ltr'><strong>Paulini,</strong></span> <span class='ocrx_word' id='word_1_321' title='bbox 1095 1455 1142 1489; x_wconf 90' lang='lat' dir='ltr'><strong>qui</strong></span> <span class='ocrx_word' id='word_1_322' title='bbox 1167 1454 1248 1489; x_wconf 86' lang='lat' dir='ltr'><strong>paulo</strong></span> <span class='ocrx_word' id='word_1_323' title='bbox 1264 1458 1327 1481; x_wconf 89' lang='lat' dir='ltr'><strong>ante</strong></span> <span class='ocrx_word' id='word_1_324' title='bbox 1350 1461 1384 1480; x_wconf 83' lang='lat' dir='ltr'><strong>ex</strong></span> <span class='ocrx_word' id='word_1_325' title='bbox 1404 1453 1471 1480; x_wconf 87' lang='lat' dir='ltr'><strong>urbe</strong></span> <span class='ocrx_word' id='word_1_326' title='bbox 1494 1451 1567 1488; x_wconf 80' lang='lat' dir='ltr'><strong>Tyro</strong></span> <span class='ocrx_word' id='word_1_327' title='bbox 1583 1450 1754 1478; x_wconf 85' lang='lat' dir='ltr'><strong>Antiochiam</strong></span> 
     </span>
    </p>
   </div>
   <div class='ocr_carea' id='block_1_52' title="bbox 963 1497 1756 1532">
    <p class='ocr_par' dir='ltr' id='par_1_52' title="bbox 963 1497 1756 1532">
     <span class='ocr_line' id='line_1_52' title="bbox 963 1497 1756 1532; baseline -0.005 -5"><span class='ocrx_word' id='word_1_328' title='bbox 963 1500 1111 1528; x_wconf 87' lang='lat' dir='ltr'><strong>translatus</strong></span> <span class='ocrx_word' id='word_1_329' title='bbox 1126 1499 1225 1532; x_wconf 81' lang='lat' dir='ltr'><strong>fuerat,</strong></span> <span class='ocrx_word' id='word_1_330' title='bbox 1240 1499 1421 1527; x_wconf 87' lang='lat' dir='ltr'><strong>Constantino</strong></span> <span class='ocrx_word' id='word_1_331' title='bbox 1433 1498 1514 1526; x_wconf 89' lang='lat' dir='ltr'><strong>etiatn</strong></span> <span class='ocrx_word' id='word_1_332' title='bbox 1535 1503 1593 1524; x_wconf 92' lang='lat' dir='ltr'><strong>tum</strong></span> <span class='ocrx_word' id='word_1_333' title='bbox 1609 1497 1756 1532; x_wconf 88' lang='lat' dir='ltr'><strong>imperium</strong></span> 
     </span>
    </p>
   </div>
   <div class='ocr_carea' id='block_1_53' title="bbox 963 1544 1756 1582">
    <p class='ocr_par' dir='ltr' id='par_1_53' title="bbox 963 1544 1756 1582">
     <span class='ocr_line' id='line_1_53' title="bbox 963 1544 1756 1582; baseline -0.005 -8"><span class='ocrx_word' id='word_1_334' title='bbox 963 1547 1143 1582; x_wconf 74' lang='lat' dir='ltr'><strong>gubernante.</strong></span> <span class='ocrx_word' id='word_1_335' title='bbox 1165 1545 1243 1573; x_wconf 81' lang='lat' dir='ltr'><strong>llunc</strong></span> <span class='ocrx_word' id='word_1_336' title='bbox 1267 1553 1328 1573; x_wconf 88' lang='lat' dir='ltr'><strong>cum</strong></span> <span class='ocrx_word' id='word_1_337' title='bbox 1358 1544 1465 1571; x_wconf 84' lang='lat' dir='ltr'><strong>audiret</strong></span> <span class='ocrx_word' id='word_1_338' title='bbox 1488 1544 1596 1575; x_wconf 82' lang='lat' dir='ltr'><strong>Aetius,</strong></span> <span class='ocrx_word' id='word_1_339' title='bbox 1615 1551 1669 1570; x_wconf 90' lang='lat' dir='ltr'><strong>non</strong></span> <span class='ocrx_word' id='word_1_340' title='bbox 1697 1550 1756 1570; x_wconf 89' lang='lat' dir='ltr'><strong>me-</strong></span> 
     </span>
    </p>
   </div>
   <div class='ocr_carea' id='block_1_54' title="bbox 963 1589 1757 1625">
    <p class='ocr_par' dir='ltr' id='par_1_54' title="bbox 963 1589 1757 1625">
     <span class='ocr_line' id='line_1_54' title="bbox 963 1589 1757 1625; baseline -0.006 -4"><span class='ocrx_word' id='word_1_341' title='bbox 963 1594 1082 1621; x_wconf 89' lang='lat' dir='ltr'><strong>diocrem</strong></span> <span class='ocrx_word' id='word_1_342' title='bbox 1104 1593 1159 1620; x_wconf 87' lang='lat' dir='ltr'><strong>vim</strong></span> <span class='ocrx_word' id='word_1_343' title='bbox 1185 1591 1287 1625; x_wconf 69' lang='lat' dir='ltr'><strong>ingenii</strong></span> <span class='ocrx_word' id='word_1_344' title='bbox 1310 1591 1481 1622; x_wconf 83' lang='lat' dir='ltr'><strong>ostendebat,</strong></span> <span class='ocrx_word' id='word_1_345' title='bbox 1506 1590 1534 1617; x_wconf 92' lang='lat' dir='ltr'><strong>in</strong></span> <span class='ocrx_word' id='word_1_346' title='bbox 1557 1589 1757 1625; x_wconf 67' lang='lat' dir='ltr'><strong>quaestionibus</strong></span> 
     </span>
    </p>
   </div>
   <div class='ocr_carea' id='block_1_55' title="bbox 963 1635 1759 1673">
    <p class='ocr_par' dir='ltr' id='par_1_55' title="bbox 963 1635 1759 1673">
     <span class='ocr_line' id='line_1_55' title="bbox 963 1635 1759 1673; baseline -0.006 -7"><span class='ocrx_word' id='word_1_347' title='bbox 963 1639 1095 1667; x_wconf 87' lang='lat' dir='ltr'><strong>adversus</strong></span> <span class='ocrx_word' id='word_1_348' title='bbox 1112 1646 1160 1666; x_wconf 89' lang='lat' dir='ltr'><strong>eos</strong></span> <span class='ocrx_word' id='word_1_349' title='bbox 1181 1636 1345 1673; x_wconf 70' lang='lat' dir='ltr'><strong>quibuscum</strong></span> <span class='ocrx_word' id='word_1_350' title='bbox 1369 1635 1545 1671; x_wconf 86' lang='lat' dir='ltr'><strong>disputabat;</strong></span> <span class='ocrx_word' id='word_1_351' title='bbox 1568 1635 1681 1670; x_wconf 85' lang='lat' dir='ltr'><strong>jamque</strong></span> <span class='ocrx_word' id='word_1_352' title='bbox 1697 1635 1759 1669; x_wconf 82' lang='lat' dir='ltr'><strong>ejus</strong></span> 
     </span>
    </p>
   </div>
   <div class='ocr_carea' id='block_1_56' title="bbox 963 1681 1755 1720">
    <p class='ocr_par' dir='ltr' id='par_1_56' title="bbox 963 1681 1755 1720">
     <span class='ocr_line' id='line_1_56' title="bbox 963 1681 1755 1720; baseline -0.008 -7"><span class='ocrx_word' id='word_1_353' title='bbox 963 1685 1081 1720; x_wconf 89' lang='lat' dir='ltr'><strong>impetus</strong></span> <span class='ocrx_word' id='word_1_354' title='bbox 1092 1693 1107 1712; x_wconf 87' lang='lat' dir='ltr'><strong>a</strong></span> <span class='ocrx_word' id='word_1_355' title='bbox 1120 1685 1260 1720; x_wconf 87' lang='lat' dir='ltr'><strong>plerisque</strong></span> <span class='ocrx_word' id='word_1_356' title='bbox 1275 1683 1488 1718; x_wconf 82' lang='lat' dir='ltr'><strong>haudquaquam</strong></span> <span class='ocrx_word' id='word_1_357' title='bbox 1503 1681 1629 1709; x_wconf 82' lang='lat' dir='ltr'><strong>sustineri</strong></span> <span class='ocrx_word' id='word_1_358' title='bbox 1639 1685 1755 1716; x_wconf 85' lang='lat' dir='ltr'><strong>poterat.</strong></span> 
     </span>
    </p>
   </div>
   <div class='ocr_carea' id='block_1_57' title="bbox 964 1727 1758 1761">
    <p class='ocr_par' dir='ltr' id='par_1_57' title="bbox 964 1727 1758 1761">
     <span class='ocr_line' id='line_1_57' title="bbox 964 1727 1758 1761; baseline -0.006 -2"><span class='ocrx_word' id='word_1_359' title='bbox 964 1731 1071 1758; x_wconf 89' lang='lat' dir='ltr'><strong>Mortuo</strong></span> <span class='ocrx_word' id='word_1_360' title='bbox 1093 1730 1192 1759; x_wconf 87' lang='lat' dir='ltr'><strong>deinde</strong></span> <span class='ocrx_word' id='word_1_361' title='bbox 1216 1730 1347 1761; x_wconf 84' lang='lat' dir='ltr'><strong>Paulino,</strong></span> <span class='ocrx_word' id='word_1_362' title='bbox 1372 1737 1436 1756; x_wconf 91' lang='lat' dir='ltr'><strong>cum</strong></span> <span class='ocrx_word' id='word_1_363' title='bbox 1465 1728 1589 1756; x_wconf 81' lang='lat' dir='ltr'><strong>Eulalius</strong></span> <span class='ocrx_word' id='word_1_364' title='bbox 1613 1727 1694 1755; x_wconf 87' lang='lat' dir='ltr'><strong>tertio</strong></span> <span class='ocrx_word' id='word_1_365' title='bbox 1725 1735 1758 1754; x_wconf 89' lang='lat' dir='ltr'><strong>ac</strong></span> 
     </span>
    </p>
   </div>
   <div class='ocr_carea' id='block_1_58' title="bbox 963 1775 1759 1812">
    <p class='ocr_par' dir='ltr' id='par_1_58' title="bbox 963 1775 1759 1812">
     <span class='ocr_line' id='line_1_58' title="bbox 963 1775 1759 1812; baseline -0.004 -6"><span class='ocrx_word' id='word_1_366' title='bbox 963 1779 1094 1806; x_wconf 90' lang='lat' dir='ltr'><strong>vicesimo</strong></span> <span class='ocrx_word' id='word_1_367' title='bbox 1116 1778 1176 1805; x_wconf 91' lang='lat' dir='ltr'><strong>loco</strong></span> <span class='ocrx_word' id='word_1_368' title='bbox 1202 1782 1265 1812; x_wconf 90' lang='lat' dir='ltr'><strong>post</strong></span> <span class='ocrx_word' id='word_1_369' title='bbox 1286 1777 1427 1812; x_wconf 83' lang='lat' dir='ltr'><strong>apostolos</strong></span> <span class='ocrx_word' id='word_1_370' title='bbox 1443 1776 1534 1804; x_wconf 89' lang='lat' dir='ltr'><strong>sedem</strong></span> <span class='ocrx_word' id='word_1_371' title='bbox 1556 1775 1759 1803; x_wconf 80' lang='lat' dir='ltr'><strong>Antiochenam</strong></span> 
     </span>
    </p>
   </div>
   <div class='ocr_carea' id='block_1_59' title="bbox 963 1820 1757 1861">
    <p class='ocr_par' dir='ltr' id='par_1_59' title="bbox 963 1820 1757 1861">
     <span class='ocr_line' id='line_1_59' title="bbox 963 1820 1757 1861; baseline -0.008 -8"><span class='ocrx_word' id='word_1_372' title='bbox 963 1825 1110 1861; x_wconf 81' lang='lat' dir='ltr'><strong>regendam</strong></span> <span class='ocrx_word' id='word_1_373' title='bbox 1131 1823 1307 1858; x_wconf 82' lang='lat' dir='ltr'><strong>suscepisset,</strong></span> <span class='ocrx_word' id='word_1_374' title='bbox 1326 1822 1415 1849; x_wconf 83' lang='lat' dir='ltr'><strong>‘multi</strong></span> <span class='ocrx_word' id='word_1_375' title='bbox 1440 1830 1474 1849; x_wconf 78' lang='lat' dir='ltr'><strong>ex</strong></span> <span class='ocrx_word' id='word_1_376' title='bbox 1497 1821 1531 1849; x_wconf 90' lang='lat' dir='ltr'><strong>iis</strong></span> <span class='ocrx_word' id='word_1_377' title='bbox 1556 1821 1602 1856; x_wconf 90' lang='lat' dir='ltr'><strong>qui</strong></span> <span class='ocrx_word' id='word_1_378' title='bbox 1622 1821 1657 1848; x_wconf 87' lang='lat' dir='ltr'><strong>ab</strong></span> <span class='ocrx_word' id='word_1_379' title='bbox 1678 1820 1757 1847; x_wconf 84' lang='lat' dir='ltr'><strong>Aetio</strong></span> 
     </span>
    </p>
   </div>
   <div class='ocr_carea' id='block_1_60' title="bbox 125 1866 911 1912">
    <p class='ocr_par' dir='ltr' id='par_1_60' title="bbox 125 1868 911 1905">
     <span class='ocr_line' id='line_1_60' title="bbox 125 1868 911 1905; baseline 0.001 -10"><span class='ocrx_word' id='word_1_380' title='bbox 125 1868 303 1904; x_wconf 74' lang='grc' dir='ltr'><strong>Ἀντιοχείας.</strong></span> <span class='ocrx_word' id='word_1_381' title='bbox 325 1869 475 1902; x_wconf 71' lang='grc' dir='ltr'><strong>Ἐξελαοεὶς</strong></span> <span class='ocrx_word' id='word_1_382' title='bbox 498 1869 525 1896; x_wconf 80' lang='grc' dir='ltr'><strong>δὲ</strong></span> <span class='ocrx_word' id='word_1_383' title='bbox 546 1870 587 1901; x_wconf 76' lang='grc' dir='ltr'><strong>εἰς</strong></span> <span class='ocrx_word' id='word_1_384' title='bbox 608 1869 773 1905; x_wconf 75' lang='grc' dir='ltr'><strong>Ἀνάξαρόον</strong></span> <span class='ocrx_word' id='word_1_385' title='bbox 792 1870 911 1904; x_wconf 79' lang='grc' dir='ltr'><strong>ἀφικνεῖ-</strong></span> 
     </span>
    </p>
   </div>
   <div class='ocr_carea' id='block_1_61' title="bbox 965 1866 1758 1912">
    <p class='ocr_par' dir='ltr' id='par_1_61' title="bbox 965 1866 1758 1904">
     <span class='ocr_line' id='line_1_61' title="bbox 965 1866 1758 1904; baseline -0.01 -4"><span class='ocrx_word' id='word_1_386' title='bbox 965 1872 1081 1900; x_wconf 90' lang='lat' dir='ltr'><strong>convicti</strong></span> <span class='ocrx_word' id='word_1_387' title='bbox 1105 1870 1223 1902; x_wconf 80' lang='lat' dir='ltr'><strong>fuerant,</strong></span> <span class='ocrx_word' id='word_1_388' title='bbox 1247 1877 1318 1904; x_wconf 65' lang='lat' dir='ltr'><strong>atgre</strong></span> <span class='ocrx_word' id='word_1_389' title='bbox 1341 1868 1458 1896; x_wconf 88' lang='lat' dir='ltr'><strong>ferentes</strong></span> <span class='ocrx_word' id='word_1_390' title='bbox 1476 1867 1549 1902; x_wconf 87' lang='lat' dir='ltr'><strong>quod</strong></span> <span class='ocrx_word' id='word_1_391' title='bbox 1573 1867 1608 1894; x_wconf 89' lang='lat' dir='ltr'><strong>ab</strong></span> <span class='ocrx_word' id='word_1_392' title='bbox 1625 1866 1720 1901; x_wconf 85' lang='lat' dir='ltr'><strong>opilice</strong></span> <span class='ocrx_word' id='word_1_393' title='bbox 1731 1871 1758 1893; x_wconf 81' lang='lat' dir='ltr'><strong>et</strong></span> 
     </span>
    </p>
   </div>
   <div class='ocr_carea' id='block_1_62' title="bbox 118 1914 911 1953">
    <p class='ocr_par' dir='ltr' id='par_1_62' title="bbox 118 1914 911 1952">
     <span class='ocr_line' id='line_1_62' title="bbox 118 1914 911 1952; baseline 0.005 -12"><span class='ocrx_word' id='word_1_394' title='bbox 118 1922 177 1941; x_wconf 83' lang='grc' dir='ltr'><strong>ται.</strong></span> <span class='ocrx_word' id='word_1_395' title='bbox 198 1914 226 1940; x_wconf 86' lang='lat'><strong>&#39;0</strong></span> <span class='ocrx_word' id='word_1_396' title='bbox 239 1914 277 1946; x_wconf 73' lang='grc' dir='ltr'><strong>δὲ,</strong></span> <span class='ocrx_word' id='word_1_397' title='bbox 294 1915 344 1949; x_wconf 71' lang='grc' dir='ltr'><strong>ἤδη</strong></span> <span class='ocrx_word' id='word_1_398' title='bbox 368 1915 482 1950; x_wconf 72' lang='grc' dir='ltr'><strong>τάχιστα</strong></span> <span class='ocrx_word' id='word_1_399' title='bbox 498 1915 640 1950; x_wconf 78' lang='grc' dir='ltr'><strong>δυνάμεως</strong></span> <span class='ocrx_word' id='word_1_400' title='bbox 662 1916 753 1950; x_wconf 79' lang='grc' dir='ltr'><strong>πάσης</strong></span> <span class='ocrx_word' id='word_1_401' title='bbox 776 1916 911 1952; x_wconf 86' lang='grc' dir='ltr'><strong>πιπλάμε-</strong></span> 
     </span>
    </p>
   </div>
   <div class='ocr_carea' id='block_1_63' title="bbox 965 1914 1758 1953">
    <p class='ocr_par' dir='ltr' id='par_1_63' title="bbox 965 1914 1758 1953">
     <span class='ocr_line' id='line_1_63' title="bbox 965 1914 1758 1953; baseline -0.009 -6"><span class='ocrx_word' id='word_1_402' title='bbox 965 1920 1138 1948; x_wconf 83' lang='lat' dir='ltr'><strong>adolescente</strong></span> <span class='ocrx_word' id='word_1_403' title='bbox 1156 1918 1220 1945; x_wconf 85' lang='lat' dir='ltr'><strong>victi</strong></span> <span class='ocrx_word' id='word_1_404' title='bbox 1237 1925 1270 1945; x_wconf 89' lang='lat' dir='ltr'><strong>ac</strong></span> <span class='ocrx_word' id='word_1_405' title='bbox 1287 1916 1420 1953; x_wconf 66' lang='lat' dir='ltr'><strong>profligati</strong></span> <span class='ocrx_word' id='word_1_406' title='bbox 1437 1919 1538 1947; x_wconf 88' lang='lat' dir='ltr'><strong>essent,</strong></span> <span class='ocrx_word' id='word_1_407' title='bbox 1555 1914 1758 1949; x_wconf 88' lang='lat' dir='ltr'><strong>conspiratione</strong></span> 
     </span>
    </p>
   </div>
   <div class='ocr_carea' id='block_1_64' title="bbox 118 1960 911 1999">
    <p class='ocr_par' dir='ltr' id='par_1_64' title="bbox 118 1960 911 1999">
     <span class='ocr_line' id='line_1_64' title="bbox 118 1960 911 1999; baseline 0.003 -12"><span class='ocrx_word' id='word_1_408' title='bbox 118 1969 176 1993; x_wconf 81' lang='grc' dir='ltr'><strong>νος,</strong></span> <span class='ocrx_word' id='word_1_409' title='bbox 201 1960 310 1995; x_wconf 75' lang='grc' dir='ltr'><strong>μείζους</strong></span> <span class='ocrx_word' id='word_1_410' title='bbox 326 1961 370 1987; x_wconf 76' lang='grc' dir='ltr'><strong>ἀεὶ</strong></span> <span class='ocrx_word' id='word_1_411' title='bbox 393 1961 612 1997; x_wconf 40' lang='grc' dir='ltr'><strong>τῶν-διδομένων</strong></span> <span class='ocrx_word' id='word_1_412' title='bbox 638 1961 769 1997; x_wconf 74' lang='grc' dir='ltr'><strong>ἀφορμῶν</strong></span> <span class='ocrx_word' id='word_1_413' title='bbox 788 1962 911 1999; x_wconf 79' lang='grc' dir='ltr'><strong>εἰσέφερε</strong></span> 
     </span>
    </p>
   </div>
   <div class='ocr_carea' id='block_1_65' title="bbox 965 1960 1758 1999">
    <p class='ocr_par' dir='ltr' id='par_1_65' title="bbox 965 1960 1758 1997">
     <span class='ocr_line' id='line_1_65' title="bbox 965 1960 1758 1997; baseline -0.005 -6"><span class='ocrx_word' id='word_1_414' title='bbox 965 1964 1050 1996; x_wconf 85' lang='lat' dir='ltr'><strong>facta,</strong></span> <span class='ocrx_word' id='word_1_415' title='bbox 1080 1972 1142 1991; x_wconf 87' lang='lat' dir='ltr'><strong>ettm</strong></span> <span class='ocrx_word' id='word_1_416' title='bbox 1165 1963 1312 1991; x_wconf 86' lang='lat' dir='ltr'><strong>Antiochia</strong></span> <span class='ocrx_word' id='word_1_417' title='bbox 1336 1964 1510 1997; x_wconf 80' lang='lat' dir='ltr'><strong>expulerunt.</strong></span> <span class='ocrx_word' id='word_1_418' title='bbox 1537 1961 1647 1996; x_wconf 86' lang='lat' dir='ltr'><strong>Ejectus</strong></span> <span class='ocrx_word' id='word_1_419' title='bbox 1676 1960 1758 1996; x_wconf 83' lang='lat' dir='ltr'><strong>igitur</strong></span> 
     </span>
    </p>
   </div>
   <div class='ocr_carea' id='block_1_66' title="bbox 118 2006 911 2042">
    <p class='ocr_par' dir='ltr' id='par_1_66' title="bbox 118 2006 911 2042">
     <span class='ocr_line' id='line_1_66' title="bbox 118 2006 911 2042; baseline 0.001 -9"><span class='ocrx_word' id='word_1_420' title='bbox 118 2007 184 2038; x_wconf 72' lang='grc' dir='ltr'><strong>τοὺς</strong></span> <span class='ocrx_word' id='word_1_421' title='bbox 200 2006 333 2041; x_wconf 82' lang='grc' dir='ltr'><strong>καρπούς.</strong></span> <span class='ocrx_word' id='word_1_422' title='bbox 355 2007 383 2034; x_wconf 93' lang='lat'><strong>&#39;0</strong></span> <span class='ocrx_word' id='word_1_423' title='bbox 406 2007 434 2034; x_wconf 79' lang='grc' dir='ltr'><strong>δὲ</strong></span> <span class='ocrx_word' id='word_1_424' title='bbox 454 2007 530 2033; x_wconf 78' lang='grc' dir='ltr'><strong>οὐδὲν</strong></span> <span class='ocrx_word' id='word_1_425' title='bbox 557 2006 683 2038; x_wconf 79' lang='grc' dir='ltr'><strong>ἐπαύετο,</strong></span> <span class='ocrx_word' id='word_1_426' title='bbox 708 2007 771 2039; x_wconf 77' lang='grc' dir='ltr'><strong>τοὺς</strong></span> <span class='ocrx_word' id='word_1_427' title='bbox 800 2008 848 2042; x_wconf 81' lang='grc' dir='ltr'><strong>μὲν</strong></span> <span class='ocrx_word' id='word_1_428' title='bbox 875 2008 911 2034; x_wconf 87' lang='grc' dir='ltr'><strong>δι-</strong></span> 
     </span>
    </p>
   </div>
   <div class='ocr_carea' id='block_1_67' title="bbox 965 2006 1766 2042">
    <p class='ocr_par' dir='ltr' id='par_1_67' title="bbox 965 2007 1766 2042">
     <span class='ocr_line' id='line_1_67' title="bbox 965 2007 1766 2042; baseline -0.005 -4"><span class='ocrx_word' id='word_1_429' title='bbox 965 2011 1058 2038; x_wconf 82' lang='lat' dir='ltr'><strong>Aetius</strong></span> <span class='ocrx_word' id='word_1_430' title='bbox 1074 2011 1246 2037; x_wconf 83' lang='lat' dir='ltr'><strong>Anazarbutn</strong></span> <span class='ocrx_word' id='word_1_431' title='bbox 1263 2018 1292 2037; x_wconf 88' lang='lat' dir='ltr'><strong>se</strong></span> <span class='ocrx_word' id='word_1_432' title='bbox 1306 2009 1432 2037; x_wconf 86' lang='lat' dir='ltr'><strong>contulit.</strong></span> <span class='ocrx_word' id='word_1_433' title='bbox 1446 2007 1571 2042; x_wconf 86' lang='lat' dir='ltr'><strong>Cumque</strong></span> <span class='ocrx_word' id='word_1_434' title='bbox 1580 2007 1634 2034; x_wconf 90' lang='lat' dir='ltr'><strong>vim</strong></span> <span class='ocrx_word' id='word_1_435' title='bbox 1648 2014 1766 2034; x_wconf 77' lang='lat' dir='ltr'><strong>omnem</strong></span> 
     </span>
    </p>
   </div>
   <div class='ocr_carea' id='block_1_68' title="bbox 120 2051 911 2095">
    <p class='ocr_par' dir='ltr' id='par_1_68' title="bbox 120 2051 911 2088">
     <span class='ocr_line' id='line_1_68' title="bbox 120 2051 911 2088; baseline 0.004 -11"><span class='ocrx_word' id='word_1_436' title='bbox 120 2052 251 2087; x_wconf 76' lang='grc' dir='ltr'><strong>ελέγχων,</strong></span> <span class='ocrx_word' id='word_1_437' title='bbox 281 2051 388 2086; x_wconf 76' lang='grc' dir='ltr'><strong>φαύλως</strong></span> <span class='ocrx_word' id='word_1_438' title='bbox 406 2052 434 2078; x_wconf 79' lang='grc' dir='ltr'><strong>δὲ</strong></span> <span class='ocrx_word' id='word_1_439' title='bbox 463 2052 678 2087; x_wconf 76' lang='grc' dir='ltr'><strong>ἀμπισχόμενος,</strong></span> <span class='ocrx_word' id='word_1_440' title='bbox 700 2052 747 2078; x_wconf 68' lang='grc' dir='ltr'><strong>καὶ</strong></span> <span class='ocrx_word' id='word_1_441' title='bbox 773 2052 811 2083; x_wconf 74' lang='grc' dir='ltr'><strong>ὡς</strong></span> <span class='ocrx_word' id='word_1_442' title='bbox 834 2053 911 2088; x_wconf 75' lang='grc' dir='ltr'><strong>ἔτυχε</strong></span> 
     </span>
    </p>
   </div>
   <div class='ocr_carea' id='block_1_69' title="bbox 965 2051 1759 2095">
    <p class='ocr_par' dir='ltr' id='par_1_69' title="bbox 965 2054 1759 2095">
     <span class='ocr_line' id='line_1_69' title="bbox 965 2054 1759 2095; baseline -0.005 -12"><span class='ocrx_word' id='word_1_443' title='bbox 965 2065 995 2084; x_wconf 90' lang='lat' dir='ltr'><strong>ac</strong></span> <span class='ocrx_word' id='word_1_444' title='bbox 1011 2056 1167 2084; x_wconf 83' lang='lat' dir='ltr'><strong>facultatem</strong></span> <span class='ocrx_word' id='word_1_445' title='bbox 1184 2057 1258 2084; x_wconf 88' lang='lat' dir='ltr'><strong>brevi</strong></span> <span class='ocrx_word' id='word_1_446' title='bbox 1281 2055 1428 2084; x_wconf 84' lang='lat' dir='ltr'><strong>admodum</strong></span> <span class='ocrx_word' id='word_1_447' title='bbox 1445 2059 1566 2089; x_wconf 87' lang='lat' dir='ltr'><strong>tempore</strong></span> <span class='ocrx_word' id='word_1_448' title='bbox 1581 2054 1759 2095; x_wconf 57' lang='lat' dir='ltr'><strong>percepisset,</strong></span> 
     </span>
    </p>
   </div>
   <div class='ocr_carea' id='block_1_70' title="bbox 119 2097 1759 2137">
    <p class='ocr_par' dir='ltr' id='par_1_70' title="bbox 119 2097 1759 2137">
     <span class='ocr_line' id='line_1_70' title="bbox 119 2097 1759 2137; baseline -0.002 -7"><span class='ocrx_word' id='word_1_449' title='bbox 119 2097 188 2130; x_wconf 68' lang='grc' dir='ltr'><strong>ζῶν·</strong></span> <span class='ocrx_word' id='word_1_450' title='bbox 962 2102 1082 2137; x_wconf 89' lang='lat' dir='ltr'><strong>majores</strong></span> <span class='ocrx_word' id='word_1_451' title='bbox 1104 2110 1212 2137; x_wconf 84' lang='lat' dir='ltr'><strong>semper</strong></span> <span class='ocrx_word' id='word_1_452' title='bbox 1234 2103 1332 2129; x_wconf 88' lang='lat' dir='ltr'><strong>cdebat</strong></span> <span class='ocrx_word' id='word_1_453' title='bbox 1353 2101 1472 2132; x_wconf 84' lang='lat' dir='ltr'><strong>fructus,</strong></span> <span class='ocrx_word' id='word_1_454' title='bbox 1497 2109 1579 2136; x_wconf 86' lang='lat' dir='ltr'><strong>quam</strong></span> <span class='ocrx_word' id='word_1_455' title='bbox 1604 2105 1683 2127; x_wconf 84' lang='lat' dir='ltr'><strong>erant</strong></span> <span class='ocrx_word' id='word_1_456' title='bbox 1703 2099 1759 2126; x_wconf 90' lang='lat' dir='ltr'><strong>ele-</strong></span> 
     </span>
    </p>
   </div>
   <div class='ocr_carea' id='block_1_71' title="bbox 120 2145 1759 2184">
    <p class='ocr_par' dir='ltr' id='par_1_71' title="bbox 120 2145 1759 2184">
     <span class='ocr_line' id='line_1_71' title="bbox 120 2145 1759 2184; baseline 0 -13"><span class='ocrx_word' id='word_1_457' title='bbox 120 2150 214 2172; x_wconf 85' lang='lat' dir='ltr'><strong>menta</strong></span> <span class='ocrx_word' id='word_1_458' title='bbox 235 2149 317 2180; x_wconf 83' lang='lat' dir='ltr'><strong>atque</strong></span> <span class='ocrx_word' id='word_1_459' title='bbox 338 2145 525 2174; x_wconf 84' lang='lat' dir='ltr'><strong>institutiones</strong></span> <span class='ocrx_word' id='word_1_460' title='bbox 544 2155 613 2182; x_wconf 91' lang='lat' dir='ltr'><strong>quas</strong></span> <span class='ocrx_word' id='word_1_461' title='bbox 630 2147 664 2174; x_wconf 90' lang='lat' dir='ltr'><strong>ab</strong></span> <span class='ocrx_word' id='word_1_462' title='bbox 679 2148 740 2175; x_wconf 85' lang='lat' dir='ltr'><strong>aliis</strong></span> <span class='ocrx_word' id='word_1_463' title='bbox 757 2152 910 2183; x_wconf 79' lang='lat' dir='ltr'><strong>acceperat.</strong></span> <span class='ocrx_word' id='word_1_464' title='bbox 947 2148 1059 2176; x_wconf 81' lang='lat' dir='ltr'><strong>Interim</strong></span> <span class='ocrx_word' id='word_1_465' title='bbox 1083 2157 1149 2176; x_wconf 87' lang='lat' dir='ltr'><strong>vero</strong></span> <span class='ocrx_word' id='word_1_466' title='bbox 1171 2149 1370 2184; x_wconf 83' lang='lat' dir='ltr'><strong>reprehendere</strong></span> <span class='ocrx_word' id='word_1_467' title='bbox 1395 2148 1464 2174; x_wconf 83' lang='lat' dir='ltr'><strong>alios</strong></span> <span class='ocrx_word' id='word_1_468' title='bbox 1483 2152 1509 2174; x_wconf 84' lang='lat' dir='ltr'><strong>et</strong></span> <span class='ocrx_word' id='word_1_469' title='bbox 1539 2146 1682 2174; x_wconf 82' lang='lat' dir='ltr'><strong>confutare</strong></span> <span class='ocrx_word' id='word_1_470' title='bbox 1706 2153 1759 2172; x_wconf 91' lang='lat' dir='ltr'><strong>non</strong></span> 
     </span>
    </p>
   </div>
   <div class='ocr_carea' id='block_1_72' title="bbox 119 2193 1265 2232">
    <p class='ocr_par' dir='ltr' id='par_1_72' title="bbox 119 2193 1265 2232">
     <span class='ocr_line' id='line_1_72' title="bbox 119 2193 1265 2232; baseline 0.002 -11"><span class='ocrx_word' id='word_1_471' title='bbox 119 2193 285 2226; x_wconf 84' lang='lat' dir='ltr'><strong>desistebat;</strong></span> <span class='ocrx_word' id='word_1_472' title='bbox 306 2194 363 2228; x_wconf 85' lang='lat' dir='ltr'><strong>ipse</strong></span> <span class='ocrx_word' id='word_1_473' title='bbox 374 2195 426 2228; x_wconf 59' lang='lat' dir='ltr'><strong>.vili</strong></span> <span class='ocrx_word' id='word_1_474' title='bbox 449 2195 530 2229; x_wconf 89' lang='lat' dir='ltr'><strong>pallio</strong></span> <span class='ocrx_word' id='word_1_475' title='bbox 552 2200 651 2228; x_wconf 84' lang='lat' dir='ltr'><strong>tectus,</strong></span> <span class='ocrx_word' id='word_1_476' title='bbox 666 2200 693 2223; x_wconf 90' lang='lat' dir='ltr'><strong>et</strong></span> <span class='ocrx_word' id='word_1_477' title='bbox 709 2198 783 2223; x_wconf 87' lang='lat' dir='ltr'><strong>tenui</strong></span> <span class='ocrx_word' id='word_1_478' title='bbox 798 2204 830 2223; x_wconf 88' lang='lat' dir='ltr'><strong>ac</strong></span> <span class='ocrx_word' id='word_1_479' title='bbox 845 2197 1006 2231; x_wconf 86' lang='lat' dir='ltr'><strong>paupertino</strong></span> <span class='ocrx_word' id='word_1_480' title='bbox 1021 2201 1099 2224; x_wconf 86' lang='lat' dir='ltr'><strong>utens</strong></span> <span class='ocrx_word' id='word_1_481' title='bbox 1114 2197 1185 2224; x_wconf 90' lang='lat' dir='ltr'><strong>victu</strong></span> <span class='ocrx_word' id='word_1_482' title='bbox 1199 2196 1265 2232; x_wconf 84' lang='lat' dir='ltr'><strong>(l6).</strong></span> 
     </span>
    </p>
   </div>
   <div class='ocr_carea' id='block_1_73' title="bbox 727 2255 1159 2289">
    <p class='ocr_par' dir='ltr' id='par_1_73' title="bbox 727 2255 1159 2289">
     <span class='ocr_line' id='line_1_73' title="bbox 727 2255 1159 2289; baseline -0.002 -6"><span class='ocrx_word' id='word_1_483' title='bbox 727 2255 766 2283; x_wconf 80' lang='lat' dir='ltr'><strong>Ex</strong></span> <span class='ocrx_word' id='word_1_484' title='bbox 783 2256 866 2283; x_wconf 88' lang='lat' dir='ltr'><strong>Suida</strong></span> <span class='ocrx_word' id='word_1_485' title='bbox 885 2256 912 2283; x_wconf 94' lang='lat' dir='ltr'><strong>in</strong></span> <span class='ocrx_word' id='word_1_486' title='bbox 924 2264 990 2284; x_wconf 87' lang='lat' dir='ltr'><strong>voce</strong></span> <span class='ocrx_word' id='word_1_487' title='bbox 1005 2256 1159 2289; x_wconf 77' lang='grc' dir='ltr'><strong>Αὺξέντιος.</strong></span> 
     </span>
    </p>
   </div>
   <div class='ocr_carea' id='block_1_74' title="bbox 157 2313 918 2350">
    <p class='ocr_par' dir='ltr' id='par_1_74' title="bbox 157 2313 918 2350">
     <span class='ocr_line' id='line_1_74' title="bbox 157 2313 918 2350; baseline 0.001 -11"><span class='ocrx_word' id='word_1_488' title='bbox 157 2313 303 2346; x_wconf 75' lang='grc' dir='ltr'><strong>Ᾱὺξέντιος</strong></span> <span class='ocrx_word' id='word_1_489' title='bbox 317 2314 506 2350; x_wconf 69' lang='grc' dir='ltr'><strong>Μοψουεστίας</strong></span> <span class='ocrx_word' id='word_1_490' title='bbox 520 2315 670 2347; x_wconf 79' lang='grc' dir='ltr'><strong>ἐπίσκοπος</strong></span> <span class='ocrx_word' id='word_1_491' title='bbox 680 2324 687 2331; x_wconf 88' lang='grc'><strong>·</strong></span> <span class='ocrx_word' id='word_1_492' title='bbox 701 2315 730 2347; x_wconf 81' lang='grc' dir='ltr'><strong>ὃς</strong></span> <span class='ocrx_word' id='word_1_493' title='bbox 740 2313 774 2350; x_wconf 83' lang='grc' dir='ltr'><strong>ἦν</strong></span> <span class='ocrx_word' id='word_1_494' title='bbox 786 2315 842 2341; x_wconf 86' lang='grc' dir='ltr'><strong>τῶν</strong></span> <span class='ocrx_word' id='word_1_495' title='bbox 854 2315 918 2349; x_wconf 80' lang='grc' dir='ltr'><strong>ὁμο-</strong></span> 
     </span>
    </p>
   </div>
   <div class='ocr_carea' id='block_1_75' title="bbox 121 2359 917 2396">
    <p class='ocr_par' dir='ltr' id='par_1_75' title="bbox 121 2359 917 2396">
     <span class='ocr_line' id='line_1_75' title="bbox 121 2359 917 2396; baseline 0.003 -12"><span class='ocrx_word' id='word_1_496' title='bbox 121 2362 152 2385; x_wconf 80' lang='grc' dir='ltr'><strong>λο</strong></span> <span class='ocrx_word' id='word_1_497' title='bbox 160 2359 245 2394; x_wconf 80' lang='grc' dir='ltr'><strong>(ητῶν</strong></span> <span class='ocrx_word' id='word_1_498' title='bbox 261 2359 481 2396; x_wconf 82' lang='grc' dir='ltr'><strong>ὀνομαζομένων.</strong></span> <span class='ocrx_word' id='word_1_499' title='bbox 496 2359 550 2387; x_wconf 65' lang='grc' dir='ltr'><strong>τΗν</strong></span> <span class='ocrx_word' id='word_1_500' title='bbox 565 2361 592 2388; x_wconf 77' lang='grc' dir='ltr'><strong>δὲ</strong></span> <span class='ocrx_word' id='word_1_501' title='bbox 606 2362 637 2387; x_wconf 82' lang='grc' dir='ltr'><strong>ἐκ</strong></span> <span class='ocrx_word' id='word_1_502' title='bbox 657 2361 711 2387; x_wconf 85' lang='grc' dir='ltr'><strong>τῶν</strong></span> <span class='ocrx_word' id='word_1_503' title='bbox 725 2360 864 2394; x_wconf 74' lang='grc' dir='ltr'><strong>ἐπιφανῶς</strong></span> <span class='ocrx_word' id='word_1_504' title='bbox 879 2359 917 2394; x_wconf 87' lang='grc' dir='ltr'><strong>τῷ</strong></span> 
     </span>
    </p>
   </div>
   <div class='ocr_carea' id='block_1_76' title="bbox 121 2404 917 2442">
    <p class='ocr_par' dir='ltr' id='par_1_76' title="bbox 121 2404 917 2442">
     <span class='ocr_line' id='line_1_76' title="bbox 121 2404 917 2442; baseline 0.003 -12"><span class='ocrx_word' id='word_1_505' title='bbox 121 2404 230 2439; x_wconf 72' lang='grc' dir='ltr'><strong>βασιλεῖ</strong></span> <span class='ocrx_word' id='word_1_506' title='bbox 249 2405 362 2441; x_wconf 84' lang='grc' dir='ltr'><strong>Λικινίῳ</strong></span> <span class='ocrx_word' id='word_1_507' title='bbox 383 2407 636 2442; x_wconf 74' lang='grc' dir='ltr'><strong>στρατευσαμένων,</strong></span> <span class='ocrx_word' id='word_1_508' title='bbox 660 2406 714 2432; x_wconf 87' lang='grc' dir='ltr'><strong>τῶν</strong></span> <span class='ocrx_word' id='word_1_509' title='bbox 736 2406 917 2441; x_wconf 76' lang='grc' dir='ltr'><strong>ὑπογραφὲων</strong></span> 
     </span>
    </p>
   </div>
   <div class='ocr_carea' id='block_1_77' title="bbox 121 2450 918 2487">
    <p class='ocr_par' dir='ltr' id='par_1_77' title="bbox 121 2450 918 2487">
     <span class='ocr_line' id='line_1_77' title="bbox 121 2450 918 2487; baseline 0 -9"><span class='ocrx_word' id='word_1_510' title='bbox 121 2450 218 2478; x_wconf 72' lang='grc' dir='ltr'><strong>τούτου</strong></span> <span class='ocrx_word' id='word_1_511' title='bbox 236 2451 392 2486; x_wconf 80' lang='grc' dir='ltr'><strong>γενόμενος,</strong></span> <span class='ocrx_word' id='word_1_512' title='bbox 411 2451 457 2483; x_wconf 85' lang='grc' dir='ltr'><strong>οὒς</strong></span> <span class='ocrx_word' id='word_1_513' title='bbox 480 2451 520 2487; x_wconf 44' lang='grc' dir='ltr'><strong>ἃὴ,</strong></span> <span class='ocrx_word' id='word_1_514' title='bbox 535 2452 686 2487; x_wconf 80' lang='grc' dir='ltr'><strong>Νοταρίους</strong></span> <span class='ocrx_word' id='word_1_515' title='bbox 708 2451 839 2486; x_wconf 83' lang='grc' dir='ltr'><strong>Ῥωμαίοι</strong></span> <span class='ocrx_word' id='word_1_516' title='bbox 868 2460 918 2478; x_wconf 87' lang='grc' dir='ltr'><strong>κα-</strong></span> 
     </span>
    </p>
   </div>
   <div class='ocr_carea' id='block_1_78' title="bbox 1007 2312 1759 2348">
    <p class='ocr_par' dir='ltr' id='par_1_78' title="bbox 1007 2312 1759 2348">
     <span class='ocr_line' id='line_1_78' title="bbox 1007 2312 1759 2348; baseline -0.007 -8"><span class='ocrx_word' id='word_1_517' title='bbox 1007 2314 1158 2341; x_wconf 82' lang='lat' dir='ltr'><strong>Auxentius</strong></span> <span class='ocrx_word' id='word_1_518' title='bbox 1180 2314 1324 2348; x_wconf 74' lang='lat' dir='ltr'><strong>cpiscopus</strong></span> <span class='ocrx_word' id='word_1_519' title='bbox 1346 2312 1536 2347; x_wconf 56' lang='lat' dir='ltr'><strong>Mopsuestia,</strong></span> <span class='ocrx_word' id='word_1_520' title='bbox 1553 2318 1625 2338; x_wconf 83' lang='lat' dir='ltr'><strong>tinus</strong></span> <span class='ocrx_word' id='word_1_521' title='bbox 1641 2318 1674 2336; x_wconf 82' lang='lat' dir='ltr'><strong>cx</strong></span> <span class='ocrx_word' id='word_1_522' title='bbox 1695 2317 1759 2337; x_wconf 83' lang='lat' dir='ltr'><strong>con-</strong></span> 
     </span>
    </p>
   </div>
   <div class='ocr_carea' id='block_1_79' title="bbox 971 2355 1761 2391">
    <p class='ocr_par' dir='ltr' id='par_1_79' title="bbox 971 2355 1761 2391">
     <span class='ocr_line' id='line_1_79' title="bbox 971 2355 1761 2391; baseline -0.005 -5"><span class='ocrx_word' id='word_1_523' title='bbox 971 2359 1134 2387; x_wconf 85' lang='lat' dir='ltr'><strong>fessoribus.</strong></span> <span class='ocrx_word' id='word_1_524' title='bbox 1154 2359 1216 2385; x_wconf 84' lang='lat' dir='ltr'><strong>Fuit</strong></span> <span class='ocrx_word' id='word_1_525' title='bbox 1233 2359 1275 2386; x_wconf 88' lang='lat' dir='ltr'><strong>hic</strong></span> <span class='ocrx_word' id='word_1_526' title='bbox 1295 2366 1327 2385; x_wconf 82' lang='lat' dir='ltr'><strong>ex</strong></span> <span class='ocrx_word' id='word_1_527' title='bbox 1344 2365 1459 2385; x_wconf 87' lang='lat' dir='ltr'><strong>numero</strong></span> <span class='ocrx_word' id='word_1_528' title='bbox 1474 2365 1568 2384; x_wconf 91' lang='lat' dir='ltr'><strong>eorum</strong></span> <span class='ocrx_word' id='word_1_529' title='bbox 1583 2357 1629 2391; x_wconf 93' lang='lat' dir='ltr'><strong>qui</strong></span> <span class='ocrx_word' id='word_1_530' title='bbox 1645 2356 1672 2382; x_wconf 91' lang='lat' dir='ltr'><strong>in</strong></span> <span class='ocrx_word' id='word_1_531' title='bbox 1686 2355 1761 2389; x_wconf 88' lang='lat' dir='ltr'><strong>pala-</strong></span> 
     </span>
    </p>
   </div>
   <div class='ocr_carea' id='block_1_80' title="bbox 970 2402 1761 2440">
    <p class='ocr_par' dir='ltr' id='par_1_80' title="bbox 970 2402 1761 2440">
     <span class='ocr_line' id='line_1_80' title="bbox 970 2402 1761 2440; baseline -0.005 -8"><span class='ocrx_word' id='word_1_532' title='bbox 970 2406 1008 2432; x_wconf 90' lang='lat' dir='ltr'><strong>tio</strong></span> <span class='ocrx_word' id='word_1_533' title='bbox 1033 2405 1207 2440; x_wconf 89' lang='lat' dir='ltr'><strong>imperatoris</strong></span> <span class='ocrx_word' id='word_1_534' title='bbox 1233 2404 1330 2431; x_wconf 87' lang='lat' dir='ltr'><strong>Licinii</strong></span> <span class='ocrx_word' id='word_1_535' title='bbox 1353 2403 1493 2438; x_wconf 84' lang='lat' dir='ltr'><strong>splendide</strong></span> <span class='ocrx_word' id='word_1_536' title='bbox 1518 2402 1680 2435; x_wconf 85' lang='lat' dir='ltr'><strong>militabant,</strong></span> <span class='ocrx_word' id='word_1_537' title='bbox 1700 2402 1761 2436; x_wconf 90' lang='lat' dir='ltr'><strong>ejus</strong></span> 
     </span>
    </p>
   </div>
   <div class='ocr_carea' id='block_1_81' title="bbox 969 2449 1758 2486">
    <p class='ocr_par' dir='ltr' id='par_1_81' title="bbox 969 2449 1758 2486">
     <span class='ocr_line' id='line_1_81' title="bbox 969 2449 1758 2486; baseline -0.005 -7"><span class='ocrx_word' id='word_1_538' title='bbox 969 2452 1074 2479; x_wconf 87' lang='lat' dir='ltr'><strong>scilicet</strong></span> <span class='ocrx_word' id='word_1_539' title='bbox 1102 2456 1231 2486; x_wconf 79' lang='lat' dir='ltr'><strong>exceptor</strong></span> <span class='ocrx_word' id='word_1_540' title='bbox 1259 2459 1329 2486; x_wconf 85' lang='lat' dir='ltr'><strong>quos</strong></span> <span class='ocrx_word' id='word_1_541' title='bbox 1359 2450 1475 2477; x_wconf 71' lang='lat' dir='ltr'><strong>Romani</strong></span> <span class='ocrx_word' id='word_1_542' title='bbox 1501 2449 1625 2476; x_wconf 85' lang='lat' dir='ltr'><strong>notarios</strong></span> <span class='ocrx_word' id='word_1_543' title='bbox 1649 2453 1758 2476; x_wconf 87' lang='lat' dir='ltr'><strong>vocant.</strong></span> 
     </span>
    </p>
   </div>
   <div class='ocr_carea' id='block_1_82' title="bbox 741 2538 1134 2561">
    <p class='ocr_par' dir='ltr' id='par_1_82' title="bbox 741 2538 1134 2561">
     <span class='ocr_line' id='line_1_82' title="bbox 741 2538 1134 2561; baseline 0 -1"><span class='ocrx_word' id='word_1_544' title='bbox 741 2538 863 2560; x_wconf 78' lang='lat' dir='ltr'><strong>VALESII</strong></span> <span class='ocrx_word' id='word_1_545' title='bbox 883 2539 1123 2561; x_wconf 77' lang='lat' dir='ltr'><strong>ANNOTATIONES</strong></span> <span class='ocrx_word' id='word_1_546' title='bbox 1128 2554 1134 2560; x_wconf 84' lang='lat'><strong>.</strong></span> 
     </span>
    </p>
   </div>
   <div class='ocr_carea' id='block_1_83' title="bbox 161 2593 916 2629">
    <p class='ocr_par' dir='ltr' id='par_1_83' title="bbox 161 2593 916 2629">
     <span class='ocr_line' id='line_1_83' title="bbox 161 2593 916 2629; baseline 0.003 -9"><span class='ocrx_word' id='word_1_547' title='bbox 161 2593 219 2629; x_wconf 74' lang='grc'><strong>(14)</strong></span> <span class='ocrx_word' id='word_1_548' title='bbox 238 2594 384 2627; x_wconf 74' lang='grc' dir='ltr'><strong>Εὐσέϐιος</strong></span> <span class='ocrx_word' id='word_1_549' title='bbox 398 2595 417 2621; x_wconf 79' lang='grc' dir='ltr'><em>ό</em></span> <span class='ocrx_word' id='word_1_550' title='bbox 436 2594 605 2628; x_wconf 59' lang='grc' dir='ltr'><strong>Παμφίλου.</strong></span> <span class='ocrx_word' id='word_1_551' title='bbox 628 2593 678 2621; x_wconf 82' lang='lat' dir='ltr'><strong>Hic</strong></span> <span class='ocrx_word' id='word_1_552' title='bbox 696 2595 835 2622; x_wconf 59' lang='lat' dir='ltr'><strong>memoria</strong></span> <span class='ocrx_word' id='word_1_553' title='bbox 850 2595 916 2622; x_wconf 83' lang='lat' dir='ltr'><strong>vitio</strong></span> 
     </span>
    </p>
   </div>
   <div class='ocr_carea' id='block_1_84' title="bbox 121 2629 914 2664">
    <p class='ocr_par' dir='ltr' id='par_1_84' title="bbox 121 2629 914 2664">
     <span class='ocr_line' id='line_1_84' title="bbox 121 2629 914 2664; baseline -0.001 -7"><span class='ocrx_word' id='word_1_554' title='bbox 121 2629 221 2664; x_wconf 78' lang='lat' dir='ltr'><strong>lapsus</strong></span> <span class='ocrx_word' id='word_1_555' title='bbox 236 2633 277 2656; x_wconf 90' lang='lat' dir='ltr'><strong>est</strong></span> <span class='ocrx_word' id='word_1_556' title='bbox 299 2630 411 2660; x_wconf 83' lang='lat' dir='ltr'><strong>Suidas,</strong></span> <span class='ocrx_word' id='word_1_557' title='bbox 434 2630 481 2664; x_wconf 94' lang='lat' dir='ltr'><strong>qui</strong></span> <span class='ocrx_word' id='word_1_558' title='bbox 507 2629 654 2657; x_wconf 81' lang='lat' dir='ltr'><strong>Eusebium</strong></span> <span class='ocrx_word' id='word_1_559' title='bbox 674 2630 769 2664; x_wconf 84' lang='lat' dir='ltr'><strong>posuit</strong></span> <span class='ocrx_word' id='word_1_560' title='bbox 782 2638 832 2664; x_wconf 88' lang='lat' dir='ltr'><strong>pro</strong></span> <span class='ocrx_word' id='word_1_561' title='bbox 852 2630 914 2656; x_wconf 87' lang='lat' dir='ltr'><strong>Phi-</strong></span> 
     </span>
    </p>
   </div>
   <div class='ocr_carea' id='block_1_85' title="bbox 122 2664 914 2700">
    <p class='ocr_par' dir='ltr' id='par_1_85' title="bbox 122 2664 914 2700">
     <span class='ocr_line' id='line_1_85' title="bbox 122 2664 914 2700; baseline 0.001 -9"><span class='ocrx_word' id='word_1_562' title='bbox 122 2664 274 2698; x_wconf 62' lang='lat' dir='ltr'><strong>lostorgio.</strong></span> <span class='ocrx_word' id='word_1_563' title='bbox 293 2666 404 2700; x_wconf 69' lang='lat' dir='ltr'><strong>Agapeti</strong></span> <span class='ocrx_word' id='word_1_564' title='bbox 424 2665 497 2691; x_wconf 89' lang='lat' dir='ltr'><strong>enim</strong></span> <span class='ocrx_word' id='word_1_565' title='bbox 522 2664 714 2700; x_wconf 75' lang='lat' dir='ltr'><strong>Synnadornm</strong></span> <span class='ocrx_word' id='word_1_566' title='bbox 739 2666 860 2700; x_wconf 74' lang='lat' dir='ltr'><strong>episcopi</strong></span> <span class='ocrx_word' id='word_1_567' title='bbox 887 2665 914 2692; x_wconf 91' lang='lat' dir='ltr'><strong>in</strong></span> 
     </span>
    </p>
   </div>
   <div class='ocr_carea' id='block_1_86' title="bbox 124 2699 916 2734">
    <p class='ocr_par' dir='ltr' id='par_1_86' title="bbox 124 2699 916 2734">
     <span class='ocr_line' id='line_1_86' title="bbox 124 2699 916 2734; baseline 0.001 -8"><span class='ocrx_word' id='word_1_568' title='bbox 124 2699 252 2726; x_wconf 78' lang='lat' dir='ltr'><strong>Historia</strong></span> <span class='ocrx_word' id='word_1_569' title='bbox 275 2700 456 2727; x_wconf 70' lang='lat' dir='ltr'><strong>ecclesiastica</strong></span> <span class='ocrx_word' id='word_1_570' title='bbox 476 2699 613 2734; x_wconf 82' lang='lat' dir='ltr'><strong>nusquam</strong></span> <span class='ocrx_word' id='word_1_571' title='bbox 635 2701 761 2727; x_wconf 74' lang='lat' dir='ltr'><strong>meminit</strong></span> <span class='ocrx_word' id='word_1_572' title='bbox 781 2700 916 2727; x_wconf 76' lang='lat' dir='ltr'><strong>Eusebius</strong></span> 
     </span>
    </p>
   </div>
   <div class='ocr_carea' id='block_1_87' title="bbox 122 2735 918 2770">
    <p class='ocr_par' dir='ltr' id='par_1_87' title="bbox 122 2735 918 2770">
     <span class='ocr_line' id='line_1_87' title="bbox 122 2735 918 2770; baseline 0 -7"><span class='ocrx_word' id='word_1_573' title='bbox 122 2735 315 2763; x_wconf 62' lang='lat' dir='ltr'><strong>Caesariensis.</strong></span> <span class='ocrx_word' id='word_1_574' title='bbox 330 2735 394 2770; x_wconf 87' lang='lat' dir='ltr'><strong>Ejus</strong></span> <span class='ocrx_word' id='word_1_575' title='bbox 404 2741 495 2763; x_wconf 86' lang='lat' dir='ltr'><strong>autem</strong></span> <span class='ocrx_word' id='word_1_576' title='bbox 510 2735 675 2763; x_wconf 86' lang='lat' dir='ltr'><strong>mentionem</strong></span> <span class='ocrx_word' id='word_1_577' title='bbox 693 2735 759 2762; x_wconf 79' lang='lat' dir='ltr'><strong>facit</strong></span> <span class='ocrx_word' id='word_1_578' title='bbox 772 2735 918 2763; x_wconf 68' lang='lat' dir='ltr'><strong>l’ltilostor—</strong></span> 
     </span>
    </p>
   </div>
   <div class='ocr_carea' id='block_1_88' title="bbox 970 2593 1759 2630">
    <p class='ocr_par' dir='ltr' id='par_1_88' title="bbox 970 2593 1759 2630">
     <span class='ocr_line' id='line_1_88' title="bbox 970 2593 1759 2630; baseline -0.005 -8"><span class='ocrx_word' id='word_1_579' title='bbox 970 2596 1031 2630; x_wconf 83' lang='lat' dir='ltr'><strong>gius</strong></span> <span class='ocrx_word' id='word_1_580' title='bbox 1048 2595 1074 2622; x_wconf 92' lang='lat' dir='ltr'><strong>in</strong></span> <span class='ocrx_word' id='word_1_581' title='bbox 1092 2595 1161 2621; x_wconf 91' lang='lat' dir='ltr'><strong>libro</strong></span> <span class='ocrx_word' id='word_1_582' title='bbox 1177 2603 1210 2626; x_wconf 88' lang='lat' dir='ltr'><strong>tt,</strong></span> <span class='ocrx_word' id='word_1_583' title='bbox 1230 2594 1318 2629; x_wconf 82' lang='lat' dir='ltr'><strong>capite</strong></span> <span class='ocrx_word' id='word_1_584' title='bbox 1334 2594 1360 2626; x_wconf 71' lang='lat'><strong>2,</strong></span> <span class='ocrx_word' id='word_1_585' title='bbox 1380 2593 1426 2621; x_wconf 90' lang='lat' dir='ltr'><strong>ubi</strong></span> <span class='ocrx_word' id='word_1_586' title='bbox 1446 2593 1540 2620; x_wconf 85' lang='lat' dir='ltr'><strong>cadent</strong></span> <span class='ocrx_word' id='word_1_587' title='bbox 1559 2593 1615 2621; x_wconf 87' lang='lat' dir='ltr'><strong>fere</strong></span> <span class='ocrx_word' id='word_1_588' title='bbox 1633 2593 1759 2627; x_wconf 80' lang='lat' dir='ltr'><strong>leguntur</strong></span> 
     </span>
    </p>
   </div>
   <div class='ocr_carea' id='block_1_89' title="bbox 970 2630 1256 2666">
    <p class='ocr_par' dir='ltr' id='par_1_89' title="bbox 970 2630 1256 2666">
     <span class='ocr_line' id='line_1_89' title="bbox 970 2630 1256 2666; baseline -0.003 -9"><span class='ocrx_word' id='word_1_589' title='bbox 970 2639 1030 2666; x_wconf 75' lang='lat' dir='ltr'><strong>quae</strong></span> <span class='ocrx_word' id='word_1_590' title='bbox 1046 2631 1117 2666; x_wconf 73' lang='lat' dir='ltr'><strong>apud</strong></span> <span class='ocrx_word' id='word_1_591' title='bbox 1134 2630 1256 2666; x_wconf 62' lang='lat' dir='ltr'><strong>Sintiam.</strong></span> 
     </span>
    </p>
   </div>
   <div class='ocr_carea' id='block_1_90' title="bbox 1006 2664 1544 2699">
    <p class='ocr_par' dir='ltr' id='par_1_90' title="bbox 1006 2664 1544 2699">
     <span class='ocr_line' id='line_1_90' title="bbox 1006 2664 1544 2699; baseline -0.004 -7"><span class='ocrx_word' id='word_1_592' title='bbox 1006 2664 1070 2699; x_wconf 49' lang='grc'><strong>(15)⁷</strong></span> <span class='ocrx_word' id='word_1_593' title='bbox 1080 2665 1145 2692; x_wconf 81' lang='lat' dir='ltr'><strong>Vide</strong></span> <span class='ocrx_word' id='word_1_594' title='bbox 1160 2665 1274 2692; x_wconf 74' lang='lat' dir='ltr'><strong>Pliilost.</strong></span> <span class='ocrx_word' id='word_1_595' title='bbox 1294 2665 1341 2692; x_wconf 71' lang='lat' dir='ltr'><strong>lili.</strong></span> <span class='ocrx_word' id='word_1_596' title='bbox 1359 2673 1388 2696; x_wconf 86' lang='grc' dir='ltr'>ιι,</span> <span class='ocrx_word' id='word_1_597' title='bbox 1403 2665 1430 2691; x_wconf 88' lang='lat' dir='ltr'><strong>in</strong></span> <span class='ocrx_word' id='word_1_598' title='bbox 1442 2672 1502 2698; x_wconf 89' lang='lat' dir='ltr'><strong>cap.</strong></span> <span class='ocrx_word' id='word_1_599' title='bbox 1516 2664 1544 2690; x_wconf 77' lang='lat'><strong>2.</strong></span> 
     </span>
    </p>
   </div>
   <div class='ocr_carea' id='block_1_91' title="bbox 1007 2699 1544 2736">
    <p class='ocr_par' dir='ltr' id='par_1_91' title="bbox 1007 2699 1544 2736">
     <span class='ocr_line' id='line_1_91' title="bbox 1007 2699 1544 2736; baseline -0.002 -9"><span class='ocrx_word' id='word_1_600' title='bbox 1007 2701 1062 2736; x_wconf 80' lang='grc'><strong>(16)</strong></span> <span class='ocrx_word' id='word_1_601' title='bbox 1085 2701 1150 2728; x_wconf 84' lang='lat' dir='ltr'><strong>Vide</strong></span> <span class='ocrx_word' id='word_1_602' title='bbox 1166 2700 1279 2728; x_wconf 82' lang='lat' dir='ltr'><strong>Philost.</strong></span> <span class='ocrx_word' id='word_1_603' title='bbox 1298 2700 1345 2727; x_wconf 91' lang='lat' dir='ltr'><strong>lib.</strong></span> <span class='ocrx_word' id='word_1_604' title='bbox 1365 2708 1404 2732; x_wconf 86' lang='grc' dir='ltr'>ιιι,</span> <span class='ocrx_word' id='word_1_605' title='bbox 1422 2708 1483 2734; x_wconf 89' lang='lat' dir='ltr'><strong>cap.</strong></span> <span class='ocrx_word' id='word_1_606' title='bbox 1502 2699 1544 2726; x_wconf 70' lang='lat'><strong>£5.</strong></span> 
     </span>
    </p>
   </div>
   <div class='ocr_carea' id='block_1_92' title="bbox 861 2821 1036 2843">
    <p class='ocr_par' dir='ltr' id='par_1_92' title="bbox 861 2821 1036 2843">
     <span class='ocr_line' id='line_1_92' title="bbox 861 2821 1036 2843; baseline 0 -2"><span class='ocrx_word' id='word_1_607' title='bbox 861 2821 1036 2843; x_wconf 77' lang='lat' dir='ltr'><strong>\‘ARIORUM.</strong></span> 
     </span>
    </p>
   </div>
   <div class='ocr_carea' id='block_1_93' title="bbox 161 2894 911 2931">
    <p class='ocr_par' dir='ltr' id='par_1_93' title="bbox 161 2894 911 2931">
     <span class='ocr_line' id='line_1_93' title="bbox 161 2894 911 2931; baseline -0.004 -7"><span class='ocrx_word' id='word_1_608' title='bbox 161 2897 204 2925; x_wconf 59' lang='lat' dir='ltr'><strong>(at</strong></span> <span class='ocrx_word' id='word_1_609' title='bbox 224 2896 348 2931; x_wconf 70' lang='grc' dir='ltr'><strong>Πολλὴν</strong></span> <span class='ocrx_word' id='word_1_610' title='bbox 362 2911 396 2916; x_wconf 91' lang='grc'><strong><em>-</em></strong></span> <span class='ocrx_word' id='word_1_611' title='bbox 410 2897 466 2930; x_wconf 75' lang='grc' dir='ltr'><strong>τῆς</strong></span> <span class='ocrx_word' id='word_1_612' title='bbox 484 2896 621 2929; x_wconf 73' lang='grc' dir='ltr'><strong>ἀσεϐείας</strong></span> <span class='ocrx_word' id='word_1_613' title='bbox 643 2894 698 2930; x_wconf 79' lang='grc' dir='ltr'><strong>τὴν</strong></span> <span class='ocrx_word' id='word_1_614' title='bbox 719 2894 831 2930; x_wconf 67' lang='grc' dir='ltr'><strong>ῥώμην.</strong></span> <span class='ocrx_word' id='word_1_615' title='bbox 855 2895 911 2924; x_wconf 64' lang='lat' dir='ltr'><strong>Veri</strong></span> 
     </span>
    </p>
   </div>
   <div class='ocr_carea' id='block_1_94' title="bbox 965 2894 1678 2931">
    <p class='ocr_par' dir='ltr' id='par_1_94' title="bbox 965 2895 1678 2931">
     <span class='ocr_line' id='line_1_94' title="bbox 965 2895 1678 2931; baseline 0.003 -8"><span class='ocrx_word' id='word_1_616' title='bbox 965 2896 1031 2930; x_wconf 89' lang='lat' dir='ltr'><strong>lum,</strong></span> <span class='ocrx_word' id='word_1_617' title='bbox 1048 2904 1097 2924; x_wconf 86' lang='lat' dir='ltr'><strong>non</strong></span> <span class='ocrx_word' id='word_1_618' title='bbox 1110 2896 1263 2924; x_wconf 80' lang='lat' dir='ltr'><strong>mediocrem</strong></span> <span class='ocrx_word' id='word_1_619' title='bbox 1277 2896 1419 2931; x_wconf 70' lang='lat' dir='ltr'><strong>impietalia</strong></span> <span class='ocrx_word' id='word_1_620' title='bbox 1435 2895 1496 2923; x_wconf 71' lang='lat' dir='ltr'><strong>rint.</strong></span> <span class='ocrx_word' id='word_1_621' title='bbox 1512 2895 1556 2923; x_wconf 57' lang='grc' dir='ltr'>ιιι.</span> <span class='ocrx_word' id='word_1_622' title='bbox 1571 2895 1678 2925; x_wconf 82' lang='lat' dir='ltr'><strong>Lowllt.</strong></span> 
     </span>
    </p>
   </div>
  </div>
