1967 3075
202 151 250 179 (ﬁl

901 151 1145 181 PHILOSTOEGII

1783 153 1835 181 633

201 213 288 237 Porro
309 210 370 245 ejus
389 201 534 238 confessio
557 209 716 245 hujusmodi
737 210 796 238 fuit.
827 210 856 237 In
872 209 990 245 quodam

1051 209 1129 237 toﬁct.
1148 210 1185 236 Τὸ
1209 210 1236 237 δὲ
1251 211 1301 245 τῆς
1321 210 1465 245 ὁμολογίας
1490 210 1590 236 τοιόνδε
1615 209 1726 243 γέγονεν
1747 206 1834 241 εἶδος·

197 257 268 284 atrio
284 256 435 290 imperialis
456 256 548 291 palatii
570 260 629 284 erat
649 256 721 289 fons,
742 262 769 284 et
785 264 868 291 supra
889 255 991 283 fontem

199 301 298 329 Bacchi
322 305 424 332 statua,
445 305 472 328 et
488 308 586 336 magna
611 301 827 335 circumquaque
845 301 908 327 vitis
932 308 994 335 qua:

201 349 359 375 universum
380 347 457 374 illum
481 347 571 374 locum
592 351 693 374 tectum
709 352 792 381 atque
808 355 923 381 opacum
937 347 994 374 elli-

199 394 299 422 ciebat.
330 393 370 420 Eo
395 401 458 421 cum
487 393 609 420 Licinius
635 394 768 420 avocandi
794 394 878 420 animi
911 401 993 420 causa

198 439 331 472 venisset,
348 444 404 466 tum
430 439 566 466 Auxentio
586 440 656 473 ipso,
672 443 730 466 tum
747 439 808 466 aliis
824 439 949 474 pluribus
959 447 992 466 ex

199 484 259 518 ejus
280 485 383 519 palatio
407 485 497 519 ipsum
524 484 715 516 sectantibus;
741 484 766 510 in
792 485 874 511 vitem
897 483 994 510 oculos

200 529 368 564 conjiciens,
399 536 479 555 uvam
512 528 658 562 quamdam
685 529 828 562 conspexit
857 528 994 554 inusitata:

200 575 397 610 magnitudinis
417 582 450 602 ac
471 574 640 607 venustatis,
664 581 697 602 ex
718 574 875 609 palmitibus
892 574 994 609 depen-

200 622 318 649 dentem.
338 621 411 648 llattc
427 621 564 648 Auxentio
585 621 669 655 jussit
690 625 720 647 ut
741 619 924 648 abscinderet.
948 618 994 646 ille

201 667 293 696 statim
318 671 427 701 arrepto
447 666 536 693 cultro
559 674 640 700 quem
657 665 831 693 feminalibus
843 673 992 700 appensum

201 714 333 750 gestabat,
346 721 426 740 uvant
441 713 563 740 exsecuit
575 713 641 740 nihil
653 713 818 748 suspicatus.
833 713 910 740 Tunc
924 712 994 740 Lici-

201 759 264 786 nius
281 760 314 786 ad
325 766 387 785 eutn
408 766 560 786 conversus
582 766 588 783 :
608 757 690 790 Pone,
714 758 812 792 inquit,
828 758 897 785 hanc
912 765 993 784 uvam

201 806 236 833 ad
255 806 335 840 pedes
347 804 459 832 Bacchi.
478 805 517 832 Ad
535 805 592 832 hate
606 804 759 832 Auxentius
775 812 782 830 :
803 803 992 839 Nequaquam,

201 860 219 879 ο
242 851 409 886 imperator,
435 851 595 886 respondit;
624 851 797 878 Christianus
819 850 892 876 enim
920 857 992 876 sum.

201 899 261 930 Quo
280 897 383 930 audito,
399 896 521 924 Licinius
537 897 624 923 dixit:
643 897 693 923 Abi
707 897 789 932 igitur
802 896 909 923 solutus
924 895 995 922 mili-

203 943 239 969 tia
251 951 259 974 ;
271 942 390 969 duorutn
406 941 479 968 enim
502 941 619 968 alterum
634 942 684 968 abs
699 945 726 968 te
743 940 800 967 ﬁeri
816 947 929 968 necesse
941 945 993 968 est.

202 987 273 1014 Tum
288 994 354 1014 vero
368 986 522 1013 Auxentius
538 986 605 1013 nihil
621 990 764 1013 cunctatus
784 986 902 1012 balteum
911 986 995 1020 depo-

202 1035 268 1067 suit,
290 1039 372 1068 atque
393 1038 423 1060 ut
438 1037 498 1060 erat
518 1032 679 1062 discinctus,
702 1031 797 1058 libenti
812 1032 905 1058 anitno
916 1038 931 1058 c
946 1038 995 1065 pa-

203 1081 267 1108 latio
286 1079 413 1108 excessit.
425 1078 480 1106 Nec
495 1078 580 1105 multo
588 1083 650 1113 post
661 1077 781 1112 episcopi
790 1085 852 1105 eum
869 1077 996 1112 Mopsue—

204 1127 263 1154 stia-
278 1126 427 1153 antistitem
442 1125 616 1154 ordinarunt.
633 1124 720 1159 llujus
731 1124 815 1151 frater
827 1129 891 1150 natu
907 1123 996 1150 tninor

203 1173 256 1200 fuit
278 1172 452 1204 Theodorus,
474 1171 517 1199 vir
538 1172 585 1206 qui
600 1171 715 1198 Athenis
732 1171 898 1198 rhetoricam
926 1170 997 1196 didi«

203 1223 288 1246 cerat.
310 1217 362 1251 Qui
378 1217 489 1252 quidem
503 1221 530 1244 et
550 1217 607 1252 ipse
619 1221 714 1251 postea
731 1217 916 1250 episcopatum
930 1214 997 1242 Tar-

205 1271 312 1292 sensem
329 1264 441 1292 sortitus
456 1267 507 1290 est.
527 1262 633 1290 Etenim
655 1262 749 1289 Aetius
763 1270 825 1289 cunt
843 1267 922 1289 antea
939 1263 997 1296 ipse

206 1318 254 1345 per
273 1318 312 1342 se,
336 1315 363 1337 et
385 1309 550 1337 Eunomium
572 1310 662 1344 ipsum
683 1313 711 1335 et
725 1309 794 1336 alios
817 1309 862 1343 qui
884 1309 996 1343 majoris

207 1355 296 1382 tncriti
311 1361 400 1388 erant,
415 1355 512 1382 docere
524 1356 622 1382 solitus
640 1359 723 1388 esset,
743 1360 886 1390 postquam
904 1355 998 1383 Euno-

206 1401 291 1428 tnium
313 1401 346 1428 ad
364 1402 477 1428 docendi
499 1409 599 1428 munus
623 1401 769 1435 promovit,
788 1410 851 1428 eum
869 1402 997 1436 deinceps

207 1447 367 1482 magistrum
390 1455 439 1482 pro
465 1455 494 1474 se
518 1455 550 1474 ac
571 1447 709 1474 doctorem
735 1454 796 1474 esse
819 1447 915 1480 voluit,
940 1453 997 1474 tum

207 1493 395 1525 aliorum,tum
405 1500 500 1520 eorum
509 1493 695 1528 prxcipucqui
707 1492 867 1527 perfectiore
875 1493 998 1521 doctrina

207 1543 234 1564 ct
264 1539 435 1566 institutione
462 1539 635 1573 indigebant;
662 1547 723 1565 nam
749 1539 806 1573 ipse
830 1539 940 1574 quidem
965 1539 998 1566 ad

207 1584 341 1620 principia
354 1590 435 1620 atque
447 1586 580 1612 elementa
598 1585 660 1612 aliis
681 1584 812 1611 tradenda
830 1585 998 1620 priestantis-

209 1631 296 1658 simus
312 1637 377 1658 erat.
399 1631 550 1659 Eunomius
574 1639 638 1658 vero
653 1632 686 1658 ad
709 1631 844 1658 elementa
861 1640 922 1666 qua:
942 1636 998 1658 tra-

210 1677 264 1704 dita
283 1676 400 1709 fuerant,
416 1678 562 1705 excidenda
585 1685 617 1704 ac
641 1678 834 1712 promovenda,
855 1683 880 1704 et
903 1678 936 1704 ad
957 1677 996 1703 iu-

1044 251 1099 280 Ἦν
1109 253 1138 280 ἐν
1152 263 1204 280 τινι
1218 255 1269 288 τῆς
1285 254 1426 290 βασιλικῆς
1440 255 1531 286 ἐτείας
1545 253 1612 289 αὐλῇ
1629 254 1716 289 κρήνη
1732 262 1761 279 τε
1773 253 1833 280 ὓδα-

1043 309 1099 332 τος.
1118 301 1165 327 καὶ
1189 301 1233 327 ἐπ’
1259 301 1326 336 αὐτῇ
1352 300 1480 327 Διονύσου
1501 300 1621 335 ἄγαλμα,
1637 300 1684 327 καὶ
1716 299 1836 334 ἄμπελος

1047 347 1151 382 μεγάλη
1167 347 1357 382 περικειμένη,
1376 347 1423 374 καὶ
1444 347 1553 382 σκιερὸν
1567 346 1696 377 ἐπιεικῶς
1715 346 1764 372 καὶ
1778 354 1835 372 συν-

1044 394 1134 429 ηρεφῆ
1145 393 1191 420 τὸν
1203 393 1310 420 ᾶπαντα
1324 393 1406 420 τόπον
1420 392 1602 428 ἐργαζομένη.
1617 391 1748 418 Ἐνταῦθα
1762 392 1777 418 ό
1787 392 1836 417 Λι-

1045 439 1130 470 κίνιος
1149 439 1219 465 κατά
1236 439 1372 474 πρόφασιν
1389 439 1541 474 ἀπαγωγῆς
1554 438 1731 473 ἀφικόμενος,
1745 437 1792 464 τοῦ
1807 446 1836 463 τε

1044 484 1189 518 Αὺξεντίου
1206 485 1281 520 αὑτῴ
1298 486 1344 512 καὶ
1358 485 1445 512 ἄλλων
1459 484 1565 511 πολλῶν
1578 485 1611 510 ὲκ
1627 484 1676 519 τῆς
1687 484 1837 520 θεραπείας

1045 530 1255 566 παρεπομένων,
1271 531 1310 562 εἰς
1327 531 1377 565 τὴν
1391 530 1512 565 ἄμπελον
1528 529 1635 562 ἀνιδὼν,
1650 530 1781 556 ἐθεάσατο
1793 530 1837 564 βό-

1044 585 1112 612 τρυν
1128 576 1227 612 ὡραῖόν
1243 584 1303 602 τινα
1321 575 1367 602 καὶ
1384 576 1480 610 μέγαν,
1497 575 1551 601 τῶν
1566 575 1714 610 κλημάτων
1730 576 1838 601 ἀπαιω-

1048 621 1186 657 ρούμενον.
1205 621 1304 647 Τοῦτον
1322 621 1471 656 προσέταξε
1486 620 1524 655 τῷ
1536 620 1671 655 Αὐξεντίῳ
1682 621 1785 655 τεμεῖν.
1807 620 1837 646 '0

1044 667 1072 693 δὲ
1089 667 1199 698 αὐτίκα,
1214 667 1244 693 τὸ
1262 667 1486 702 προσηρτημένον
1503 669 1562 698 ταῖς
1579 666 1737 702 ἀναξυρίσιν
1753 667 1837 693 αὑτοῦ

1047 714 1191 749 μαχαίριον
1208 713 1383 748 ἁιρελόμενος,
1399 713 1479 748 ἔτεμε
1498 713 1581 748 μηδὲν
1603 712 1789 747 ὑπειδόμενος.
1808 713 1838 738 ’0

1045 757 1091 786 οὖν
1106 760 1225 792 Λικίνιος
1237 760 1304 795 πρὸς
1317 760 1413 790 αὑτὸν,
1429 759 1480 790 Θὲς
1491 759 1580 784 τοίνυν
1594 758 1638 784 τὸν
1654 757 1759 793 βότρυν,
1773 757 1837 792 ἔφη,

1046 806 1114 842 πρὸς
1130 808 1186 838 τοῖς
1198 806 1245 832 τοῦ
1261 805 1388 832 Διονύσου
1405 804 1491 832 ποσίν.
1512 804 1542 832 Ὀ
1557 804 1594 834 δὲ.
1609 805 1664 839 Μὴ,
1677 801 1700 830 ὧ
1715 803 1838 838 βασιλεῦ,

1046 852 1228 887 ἀπεκρίνατο·
1245 852 1407 887 Χριστιανὸς
1418 852 1472 886 γάρ
1483 852 1552 886 εἰμι.
1566 851 1697 881 Κάκεῖνος
1709 858 1716 865 ⁶
1733 849 1839 875 Οὐκοῦν

1046 897 1168 924 ἐκποδὼν
1206 899 1303 934 οἰχήσῃ
1328 898 1379 933 τῆς
1414 897 1558 933 στρατείας
1589 896 1838 931 ἁποπαυσάμενοςο

1045 944 1158 980 θάτερον
1171 944 1226 979 γὰρ
1245 945 1301 970 τοῖν
1321 944 1394 970 δυοῖν
1411 943 1518 978 ἀνάγκη
1544 944 1640 969 ποιεῖν.
1665 943 1694 968 '0
1712 942 1740 968 δὲ
1757 941 1840 977 μηδὲν

1047 989 1183 1025 μελλήσας
1199 990 1249 1024 τήν
1268 998 1297 1015 τε
1313 988 1401 1024 ζώνην
1423 989 1521 1015 ἑαυτοῦ
1540 988 1643 1019 λύεται,
1660 988 1707 1014 καὶ
1722 987 1840 1022 ἅσμενος

1045 1034 1215 1070 ἐξεχώρησεν
1225 1035 1263 1066 ὡς
1275 1033 1331 1070 εἶχε
1343 1035 1398 1061 τῶν
1412 1034 1565 1070 βασιλείων.
1580 1034 1635 1060 Καὶ
1647 1033 1727 1060 αὑτὸν
1736 1034 1761 1059 οἱ
1776 1033 1841 1068 ἐφο-

1047 1090 1089 1117 ροι
1106 1082 1160 1116 (13)
1183 1082 1252 1116 μετὰ.
1267 1090 1328 1107 τινα.
1348 1081 1444 1116 χρόνον
1467 1080 1580 1115 ὕστερον
1599 1080 1746 1105 ἐπίσκοπον
1761 1080 1842 1113 ἐστή-

1047 1136 1128 1154 σαντο
1141 1127 1190 1162 τῆς
1210 1127 1408 1162 Μοψουεστίας.
1425 1126 1526 1153 Τούτου
1541 1126 1569 1152 δὲ
1586 1125 1700 1160 ἁδελφὸς
1711 1124 1841 1160 νεώτερος

1046 1170 1182 1206 Θεόδωρος
1195 1169 1240 1206 ἦν,
1259 1172 1327 1207 ἀνὴρ
1340 1171 1395 1197 τῶν
1418 1171 1546 1206 Ἀθήνῃσι
1562 1170 1775 1196 παιδευθέντων.
1794 1171 1841 1200 Ὃς

1047 1218 1092 1243 καὶ
1107 1218 1188 1248 αὐτὸς
1205 1218 1300 1253 χρόνον
1314 1217 1427 1252 ὕστερον
1443 1217 1596 1253 ἐπισκοπὴν
1612 1218 1660 1252 τῆς
1675 1216 1782 1252 Ταρσοῦ
1797 1217 1842 1242 ὲκ-

1047 1263 1162 1297 κλησίας
1183 1262 1262 1298 ἔτυχε
1279 1262 1502 1298 κληρωσάμενος.
1524 1262 1554 1289 '0
1570 1262 1624 1297 γὰρ
1638 1261 1670 1297 δὴ
1693 1261 1794 1292 Ἀέτιος
1809 1261 1843 1287 τὰ

1047 1309 1169 1344 πρότερα
1188 1308 1220 1334 δι’
1238 1308 1334 1335 ἑαυτοῦ
1352 1308 1396 1335 τόν
1414 1317 1443 1334 τε
1465 1308 1588 1340 Εὐδόξιον
1612 1308 1692 1334 αὑτὸν
1709 1308 1766 1342 (‘20)
1793 1308 1842 1333 καὶ

1047 1355 1143 1386 ἄλλους
1161 1355 1224 1386 τοὺς
1240 1355 1368 1381 πλείστου
1384 1355 1463 1389 λόγου
1479 1355 1570 1387 ἀξίους
1586 1354 1730 1385 διδάσκων,
1746 1353 1842 1388 ἐπειδὴ

1047 1402 1093 1428 τὸν
1110 1402 1240 1436 Εὐνόμιον
1264 1403 1304 1433 είς
1328 1400 1358 1428 τὸ
1380 1402 1430 1436 τῆς
1454 1400 1630 1431 διδασκαλίας
1656 1399 1841 1434 προὺϐίδασεν

1049 1447 1140 1483 ἔργον,
1155 1447 1242 1482 τούτῳ
1261 1447 1311 1482 ἤδη
1328 1447 1398 1473 κατὰ
1415 1447 1446 1473 τὸ
1463 1447 1589 1473 πλεῖστον
1609 1446 1667 1473 ἀνθ’
1687 1445 1784 1472 ἑαυτοῦ
1802 1445 1843 1471 ὀι-

1049 1494 1175 1529 δασκὰλῳ
1189 1494 1289 1529 ἐχρῆτο
1305 1495 1372 1530 πρὸς
1385 1495 1446 1525 τοὺς
1461 1494 1555 1525 ἄλλους
1565 1502 1572 1509 ⁸
1590 1493 1711 1524 καὶτοὺς
1726 1492 1844 1527 μάλιστα

1049 1540 1217 1576 τελειοτέρας
1242 1539 1386 1575 μαθήσεως
1411 1539 1565 1574 δεομένους.
1585 1540 1640 1565 Καὶ
1661 1539 1715 1574 γὰρ
1739 1539 1844 1568 ἐκεῖνος

1054 1585 1103 1621 μὲν
1120 1584 1153 1620 ἦν
1169 1586 1255 1621 ἀρχὰς
1272 1587 1421 1621 παρασχεῖν
1436 1586 1557 1621 ἄριστος.
1573 1582 1650 1617 οὗτος
1661 1585 1688 1611 δὲ
1704 1584 1753 1616 τὰς
1763 1584 1845 1610 δοθεί·

1053 1640 1102 1663 σας
1117 1632 1294 1668 ἐργάσασθαι,
1309 1632 1357 1659 καὶ
1377 1627 1473 1667 σαφῶξ
1487 1642 1515 1658 τε
1532 1633 1590 1668 ἅμα
1611 1633 1658 1659 καὶ
1675 1631 1843 1668 μεγαλοπρε-

1052 1678 1110 1709 πῶς
1128 1679 1139 1704 ὲ
1143 1687 1227 1713 ρμηνε
1232 1678 1246 1704 ὖ
1251 1687 1294 1704 σαι
1313 1679 1457 1714 παραπολὺ
1470 1679 1567 1706 δυνατά
1571 1688 1605 1705 ιτε
1609 1687 1664 1714 ρος.

211 1724 412 1759 lcrpretandum
443 1726 584 1760 perspicue
609 1725 691 1752 simul
717 1729 798 1760 atque
833 1725 992 1759 magnifice,
1011 1726 1089 1760 longe
1107 1727 1152 1754 illo
1166 1728 1337 1761 praestantior
1351 1727 1501 1754 habebatur
1516 1728 1581 1761 tl7).

821 1783 858 1809 Ex
877 1782 960 1810 Suida
976 1784 1004 1811 itt
1021 1792 1086 1811 voce
1104 1785 1227 1817 Εὑδόξιος

248 1843 386 1870 Eudoxius
405 1843 551 1878 episcopus
565 1843 728 1874 Antiochiae,
754 1851 785 1870 cx
805 1843 936 1870 Arabisso
953 1844 1003 1870 mi-

212 1890 288 1917 neris
307 1890 442 1916 Armenia:
457 1890 562 1924 oppido
581 1890 723 1917 oriundus.
740 1889 821 1916 Pater
837 1890 896 1924 ejus
912 1890 1001 1917 Gesn-

213 1937 280 1969 rius,
300 1935 448 1963 Maximino
470 1936 615 1971 imperium
637 1936 855 1967 administrante,
880 1936 1003 1972 martyrii

213 1989 342 2009 coronam
365 1987 562 2016 reportaverat.
587 1982 648 2008 licet
663 1983 739 2016 prius
757 1982 941 2016 voluptatibus
956 1983 1004 2009 ad-

213 2027 313 2054 dictior
331 2028 406 2055 visus
424 2026 530 2055 fuisset.
551 2027 652 2054 Verum
678 2028 778 2061 prioris
798 2029 860 2055 vitae
880 2029 1003 2055 maculas

213 2074 336 2109 martyrii
346 2075 387 2101 sui
399 2082 497 2102 cruore
511 2075 615 2102 studuit
627 2075 728 2102 eluere.
742 2075 809 2101 Nam
823 2082 884 2101 cum
898 2081 1005 2101 utrnm~

214 2128 268 2154 que
282 2120 305 2147 ei
322 2121 416 2155 pedem
435 2128 483 2147 sex
509 2121 637 2148 maximis
657 2121 742 2148 clavis
755 2121 897 2148 carniﬁces
915 2126 1004 2148 trans-

214 2166 350 2197 ﬁxissent,
365 2173 427 2193 eum
441 2166 468 2192 in
484 2174 581 2201 rogum
595 2166 772 2201 conjeccrunt
785 2174 792 2198 ;
808 2166 855 2193 scd
873 2166 1002 2200 qnoniatn

215 2213 248 2239 ad
264 2213 353 2247 ignem
364 2220 511 2246 properans
524 2212 667 2240 confestim
680 2212 877 2245 exspiraverat,
888 2213 1003 2238 cadaver

215 2259 276 2293 ejus
291 2259 453 2286 semiustum
471 2258 560 2285 adhuc
575 2264 602 2285 ct
622 2259 756 2293 integrum
777 2258 923 2293 propinqui
938 2265 1001 2284 cum

215 2312 231 2330 e
245 2312 311 2339 rogo
323 2304 509 2334 sustulissent,
523 2305 550 2331 in
563 2311 629 2339 agro
644 2304 761 2339 quodam
773 2304 819 2338 qui
836 2303 916 2331 Suhel
934 2304 1003 2330 dici-

215 2356 260 2377 tur
273 2350 458 2385 deposueruttt
478 2351 544 2386 (18).

1088 1845 1213 1878 Εὑδόξιος
1229 1847 1378 1878 ἐπίσκοπος
1395 1846 1560 1881 Ἀντιοχείας
1575 1845 1604 1877 ἐξ
1620 1844 1783 1880 Ἀραϐισςοῡ
1798 1845 1846 1880 τῆς

1054 1893 1155 1928 μικρᾶς
1179 1893 1333 1928 Ἀρμενίας.
1357 1893 1436 1919 ’0⁴δὲ
1463 1892 1554 1927 πατὴρ
1574 1891 1656 1918 αὑτοῦ
1683 1891 1846 1926 Καισάριος,

1052 1940 1098 1965 ἐπὶ
1112 1939 1284 1974 Μαξιμιανοῦ
1303 1939 1347 1966 τὸν
1367 1939 1413 1966 τοῦ
1430 1939 1579 1975 μαρτυρίου
1603 1939 1733 1972 στέφανον
1751 1937 1846 1971 ἀνεδή-

1054 1994 1128 2017 σατο,
1156 1986 1244 2012 καίτοι
1270 1985 1402 2022 πρότερον
1425 1985 1525 2020 ἡδονῶν
1541 1985 1630 2018 ἥττων
1652 1984 1754 2018 φανείς.
1776 1983 1846 2008 Ἀλλ’

1053 2030 1184 2066 ἐϐουλήθη
1200 2031 1250 2062 τὰς
1267 2030 1379 2066 πρώτας
1394 2031 1505 2066 κηλῖδας
1520 2031 1563 2057 διὰ
1573 2030 1619 2057 τοῦ
1637 2029 1788 2066 μαρτυρίου
1800 2029 1846 2055 τοῦ

1054 2078 1169 2112 αἵματος
1185 2077 1406 2112 ἁπορῤύῲασοαι.
1422 2077 1522 2108 ’Ὴλους
1533 2077 1587 2111 γὰρ
1604 2075 1738 2111 μεγάλους
1753 2075 1847 2101 ἑκατέ-

1055 2131 1102 2158 ρου
1120 2122 1174 2153 τῶν
1193 2122 1280 2148 ποδῶν
1297 2122 1326 2155 ἒξ
1341 2122 1387 2148 τὸν
1404 2121 1521 2157 ἀριθμὸν
1536 2120 1618 2147 αὐτοῦ
1632 2120 1847 2154 διαπερονήσαν-

1052 2177 1098 2199 τες
1114 2168 1179 2203 πυρὶ
1204 2167 1371 2202 παρέδοσαν·
1393 2168 1440 2194 καὶ
1466 2166 1560 2202 ἐπειδὴ
1586 2166 1685 2192 αὐτίκα
1709 2165 1777 2200 πρὸς
1798 2165 1848 2199 τὴν

1055 2214 1142 2248 φλόγα
1156 2213 1252 2248 χωρῶν
1273 2213 1418 2244 ἀπέθανεν,
1432 2213 1598 2247 ἡμίφλεκτον
1616 2211 1655 2236 ἔτι
1674 2210 1720 2237 καὶ
1736 2209 1807 2236 σῶον
1823 2210 1848 2235 οἱ

1055 2260 1239 2294 προσήκοντες
1262 2258 1307 2284 τὸν
1333 2258 1429 2293 νεκρὸν
1451 2257 1617 2292 ἀνελόμενοι,
1642 2256 1670 2282 ἒν
1689 2264 1742 2282 τινι
1768 2254 1848 2290 ἀγρῷ

1055 2305 1155 2331 Σουϐὲλ
1168 2305 1305 2340 λεγομένῳ
1319 2303 1477 2330 κατέθεσαν.

833 2403 954 2425 VALESII
974 2400 1224 2424 ANNOTATIONES.

252 2458 308 2491 (17)
331 2458 397 2484 Vide
412 2457 527 2485 Philost.
545 2457 571 2484 in
588 2457 634 2484 lib.
651 2465 677 2488 ν,
697 2465 758 2492 cap.
775 2457 800 2484 2.

252 2493 309 2525 (18)
328 2492 388 2519 νεα.
401 2493 515 2519 Philost.
533 2494 579 2519 lib.
599 2501 635 2523 tv.
654 2501 678 2519 ο.
696 2493 723 2519 4.

253 2529 310 2563 (19)
329 2527 384 2555 Καὶ
398 2528 492 2555 αὐτὸν
505 2529 532 2554 οί
547 2528 659 2562 ἔφοροι.
677 2527 734 2555 Hoc
751 2528 857 2562 insigne
874 2529 1009 2563 fragmen-

217 2569 287 2595 tum,
301 2572 334 2590 ex
348 2563 522 2598 Philostorgti
538 2563 662 2589 Historia
675 2564 841 2598 descriptum
858 2571 928 2592 esse.
941 2565 1010 2590 titul-

219 2605 252 2626 IIS
266 2599 436 2633 argumentis
449 2597 576 2625 convinci
588 2603 688 2633 potest.
700 2597 773 2625 Nam
783 2603 810 2625 et
824 2599 1010 2632 locutioplane

218 2634 432 2669 Philostorgium
447 2635 567 2660 redolet:
581 2634 655 2660 verbi
670 2634 766 2666 gratia,
779 2633 870 2669 ἔφοροι
884 2634 934 2661 hoc
951 2635 1010 2661 loco

218 2669 348 2696 dicuntur
368 2669 499 2703 episcopi.
519 2669 596 2701 Quod
620 2669 728 2702 quidem
754 2669 818 2695 alibi
842 2677 923 2703 quain
940 2669 1009 2703 apud

218 2703 431 2739 Philostorgium
444 2704 559 2735 ,diﬂicile
575 2704 705 2738 reperias.
728 2703 859 2731 Praeterea
877 2712 938 2738 qum
959 2705 1010 2730 sub

221 2741 301 2766 linem
319 2740 456 2767 adduntur
474 2739 507 2766 de
521 2739 598 2766 Aetio
614 2744 641 2766 et
654 2740 688 2766 de
708 2740 853 2772 Eunomio,
868 2740 1011 2774 perspicue

219 2775 343 2802 indicant
360 2775 503 2810 fragmenti
527 2775 609 2810 hujus
624 2779 764 2801 auctorem
780 2781 841 2802 esse
858 2775 1010 2801 Philostor-

220 2811 306 2844 ginm.
325 2811 393 2843 Quis
407 2809 481 2836 enim
499 2810 569 2837 alius
588 2809 778 2836 hmreticmum
800 2809 909 2836 illorum
934 2812 1010 2836 dotes

220 2852 253 2872 ac
267 2845 361 2872 laudes
376 2851 432 2872 tam
448 2845 593 2871 ambitiose
606 2844 851 2872 commemoraret?

257 2880 312 2915 (20)
337 2881 391 2907 Τόν
404 2888 436 2907 τε
452 2879 712 2912 Εὑδόξιοναὺτόν.
730 2879 827 2908 Procul
842 2879 925 2907 dubio
942 2881 1011 2907 scri-

1059 2455 1177 2483 bendum
1193 2459 1242 2482 est.
1261 2454 1305 2480 τόν
1320 2462 1349 2480 τε
1370 2453 1512 2488 Εὐνόμιον.
1529 2452 1621 2488 Neque
1642 2452 1714 2479 enim
1728 2451 1848 2480 Eudoxii

1058 2491 1188 2524 magister
1199 2490 1250 2516 fuit
1262 2489 1366 2520 Actius,
1378 2489 1424 2515 sed
1437 2488 1571 2515 Ennomii.
1587 2488 1725 2515 Endoxius
1736 2488 1847 2521 quidem

1058 2525 1251 2552 Antiochensis
1264 2525 1409 2558 cpiscopus
1420 2524 1446 2550 in
1459 2524 1558 2550 divinis
1565 2524 1673 2550 Litteris
1685 2524 1847 2557 magistrum

1059 2562 1152 2588 habuit
1167 2560 1316 2587 Lucianum
1336 2566 1492 2594 martyrem,
1510 2565 1538 2585 ut
1556 2559 1634 2585 tradit
1648 2559 1850 2592 Philostorgius

1059 2597 1085 2623 itt
1103 2597 1172 2622 libro
1188 2603 1215 2622 tt.
1235 2603 1295 2629 cap.
1313 2595 1358 2621 15.
1376 2595 1432 2629 Ego
1451 2598 1539 2620 tamen
1558 2594 1709 2620 Eudoxium
1727 2595 1850 2627 dtSCtpu-

1059 2632 1146 2658 lorum
1166 2631 1278 2658 Luciani
1294 2631 1445 2656 auditorem
1461 2630 1551 2664 potius
1563 2630 1647 2656 fuisse
1663 2629 1845 2656 crediderim:

1059 2675 1122 2694 nam
1147 2674 1209 2694 cttm
1228 2666 1368 2692 Eudoxius
1384 2664 1503 2691 Valentis
1521 2666 1672 2699 principatu
1694 2672 1848 2690 extremum

1059 2703 1130 2728 diem
1154 2702 1263 2733 obierit,
1286 2701 1425 2735 quomodo
1440 2700 1553 2727 Luciani
1579 2700 1721 2735 martyris,
1738 2701 1785 2733 qui
1803 2707 1848 2725 re-

1060 2742 1159 2771 gnante
1174 2734 1321 2763 Maximino
1337 2743 1434 2770 passus
1450 2741 1501 2766 est,
1518 2735 1626 2762 auditor
1639 2734 1700 2762 esse
1717 2734 1848 2769 potuerit,

1059 2773 1185 2806 equidem
1200 2780 1252 2798 llOtt
1266 2772 1354 2798 video.
1371 2771 1509 2797 Asterium
1523 2771 1631 2805 quidem
1644 2771 1848 2806 Cappadocem,

1060 2805 1106 2841 qui
1124 2815 1195 2834 unus
1209 2807 1261 2833 fuit
1276 2815 1307 2833 ex
1322 2806 1464 2840 discipulis
1486 2806 1606 2836 Luciani,
1622 2807 1784 2840 magistrum
1799 2805 1850 2841 ha-

1061 2840 1153 2869 buisse
1174 2843 1281 2868 videtur
1303 2841 1453 2874 Eudoxius,
1478 2847 1506 2868 ut
1521 2842 1621 2869 indicat
1648 2840 1852 2876 Philostorgius

1062 2878 1087 2904 in
1103 2878 1149 2905 lib.
1171 2885 1207 2909 tv,
1227 2884 1285 2911 cap.
1298 2878 1324 2904 Δ.
