1967 3075
111 163 163 194 633

814 169 1039 197 FRAGMENTA.
1695 169 1748 197 ϐῖῶ

657 237 694 264 Ex
716 238 810 265 eodem
831 238 914 266 Suida
926 237 954 265 in
970 246 1036 265 voce
1051 237 1192 272 Θεόφιλος.

145 290 272 324 Θεόφιλος
298 287 375 323 οὗτος
396 292 450 318 ἀπὸ
471 293 558 320 Ἰνδῶν
571 293 726 321 ἐπανελθὼν
746 296 775 321 ὲν
801 297 901 322 Ἀντιο-

990 295 1158 330 Theophilus
1179 303 1211 322 ex
1237 295 1312 322 India
1329 302 1466 328 reversus,
1481 295 1633 322 Antiochiae
1656 295 1746 322 domi-

110 336 172 372 χείρ.
188 336 282 372 διῆγεν
293 345 300 352 ·
317 337 466 373 ἐκκλησίαν
486 339 535 374 μὲν
558 340 757 376 ἀφωρισμένως
776 341 903 376 οὐδεμίαν

111 382 179 416 ἔχων
198 382 293 413 αὐτὸς·
310 383 399 414 κοινὸς
412 383 439 409 δέ
463 392 505 416 τις
520 384 568 417 ὢν,
584 386 622 417 ὼς
637 386 738 418 πάσαις
750 387 824 422 αὐτῷ
845 388 903 423 μετ’

110 427 200 458 ἁδείας
218 427 359 463 ὲπιφοιτᾷν
379 429 417 460 ὡς
438 429 518 461 ἰδίαις
535 430 604 462 ὲξὺν,
631 431 763 466 βασιλέως
779 433 858 460 αὑτὸν
875 435 904 465 ἐς

111 473 143 499 τὰ
157 473 274 508 μάλιστα
293 474 337 500 διὰ
351 476 434 511 τιμῆς
454 484 484 501 τε
502 476 592 511 πάσης
609 477 655 503 καὶ
672 478 759 509 αίδοῦς
773 479 901 512 ἄγοντος·

111 520 156 547 καὶ
173 521 226 546 τῶν
240 520 327 547 ἄλλων
340 521 478 554 ἁπάντων,
491 522 600 554 ὁπόσοις
615 524 753 559 ἐπισταίη,
770 524 839 559 μετὰ
851 525 904 551 πά-

112 575 160 602 σης
173 567 326 602 προθυμίας
339 568 421 594 αὐτὸν
439 568 654 604 ὑποδεχομένων,
670 570 716 596 καὶ
730 570 760 597 τὸ
770 571 819 606 τῆς
839 572 904 607 ἁρε-

111 614 159 648 τῆς
185 613 266 639 αὐτοῦ
293 613 407 649 μέγεθος
434 615 709 651 καταπληττομένων.
731 615 785 643 Ἰἰν
801 617 867 652 ,γὰρ
890 619 904 644 ὁ

111 658 179 695 ἀνὴρ
204 659 338 695 κρείσσων
354 659 370 694 ἢ
392 660 430 691 ὼς
444 660 477 687 ἄν
497 670 539 693 τις
555 661 684 696 δηλώσειε
706 662 776 698 λόγῳ
789 672 795 678 ·
815 664 852 694 ὡς
871 664 904 690 ἄν

111 713 152 736 τις
167 704 221 731 τῶν
242 705 398 732 ἀποστόλων
414 705 507 732 εἰκών.
532 706 650 741 Λέγεται
663 707 695 740 γέ
712 707 754 734 τοί
778 716 842 734 ποτε
857 709 904 735 καὶ

111 750 206 786 νεκρὸν
219 752 370 786 ἀναστῆσαι
386 752 415 778 ὲν
435 752 583 788 Ἀντιοχείᾳ
604 753 733 785 Ἰουδαίας
748 754 831 786 τινός.
848 755 902 781 Θα-

111 797 220 830 λάσσιος
240 797 269 823 δὲ
290 797 368 824 τοῦτό
391 806 470 834 φησι,
484 798 538 825 τῶν
560 799 604 825 ἐπ’
623 800 672 826 οὐκ
696 800 786 834 ὀλίγον
809 801 905 837 τάνδρὶ

112 844 316 879 συγγενομένων
337 843 443 880 χρόνον,
461 844 508 870 καὶ
524 844 623 879 ἥκιστα
636 845 667 881 δὴ
682 847 722 878 είς
741 846 776 873 τὰ
792 847 904 874 τοιαῦτα

109 892 253 927 ψεύδεσθαι
272 892 392 924 ὕποπτος
409 891 463 918 ὥν·
483 892 572 924 ἄλλως
594 902 623 920 τε
645 894 692 920 καὶ
704 894 774 929 ἔχων
787 895 838 921 οὐκ
850 895 905 921 ὀλί-

110 947 176 972 γους
198 939 253 966 τῶν
275 939 344 965 κατὰ
360 939 404 965 τὸν
424 940 505 967 αὑτὸν
529 939 603 976 αὑτῷ
625 941 780 976 γενομένων
808 942 904 978 χρόνον

110 985 172 1015 τοὺς
186 984 450 1020 ὲπιμαρτυροῦντας.

957 342 1049 368 cilium
1072 341 1131 368 lixit
1147 350 1154 368 :
1172 343 1310 376 propriam
1333 341 1444 376 quidem
1471 348 1503 368 ac
1519 340 1685 375 peculiarem
1704 349 1748 368 eca

956 387 1067 414 elesiam
1091 387 1195 413 nullam
1216 386 1336 419 habens;
1355 386 1509 413 communis
1531 393 1598 413 vero
1624 386 1748 414 omnium

954 433 1080 465 antistes,
1104 433 1173 460 adeo
1195 437 1225 460 ut
1241 437 1356 460 cunctas
1370 432 1454 460 libere
1475 440 1525 468 pro
1543 432 1678 459 arbitratu
1698 440 1748 459 suo

955 484 1087 514 tanquam
1100 479 1226 514 proprias
1238 479 1315 506 adire
1328 479 1353 505 ei
1365 479 1469 510 liceret,
1486 486 1548 505 cum
1563 483 1590 505 et
1601 478 1748 513 imperator

955 524 1107 550 maximum
1120 524 1144 551 ei
1163 525 1293 551 honorem
1307 533 1340 551 ac
1357 525 1540 552 reverentiam
1557 525 1710 558 exhiberet,
1722 529 1748 551 et

954 571 1053 606 reliqui
1071 579 1167 599 omnes
1189 572 1222 599 ad
1238 579 1308 606 quos
1331 576 1496 605 accesserat,
1513 579 1621 599 summa
1646 572 1747 599 alacri-

955 621 1009 644 tate
1023 625 1086 644 eum
1111 617 1278 653 exciperent,
1300 618 1467 653 virtutisque
1482 619 1542 653 ejus
1560 618 1746 653 praestantiam

954 662 1169 690 admirarentur.
1194 662 1261 695 Quae
1286 663 1397 698 quidem
1424 664 1487 692 talis
1512 672 1544 692 ac
1561 668 1636 691 tanta
1662 665 1689 691 in
1715 671 1748 691 eo

955 708 1016 740 fuit,
1032 714 1063 736 ut
1077 717 1136 736 eam
1156 717 1238 736 nemo
1255 710 1346 737 verbis
1363 710 1500 744 explicare
1519 710 1608 745 possit
1622 719 1630 737 :
1647 710 1749 745 quippe

955 756 1001 790 qui
1019 755 1109 790 imago
1124 755 1247 790 quaedam
1263 756 1345 783 fuerit
1360 757 1557 791 apostolorum.
1572 756 1656 783 Aiunt
1665 757 1747 784 etiam

954 810 1017 829 eum
1042 802 1190 836 aliquando
1217 802 1369 830 Antiochiae
1393 802 1514 830 Iudaeam
1544 803 1691 837 quamdam
1715 810 1748 830 cx

956 850 1073 876 tnortuis
1097 849 1256 876 suscitas“.
1277 849 1304 876 ιιι
1324 855 1415 876 autem
1439 849 1557 877 allirmat
1574 849 1747 879 Thalassius,

954 896 1001 930 qui
1025 903 1087 923 cum
1114 896 1161 923 illo
1182 895 1338 924 diutissime
1353 900 1479 924 versatus
1493 900 1545 929 est,
1564 901 1591 923 et
1606 896 1634 923 in
1649 895 1745 930 hujus~

955 942 1030 969 modi
1058 943 1140 969 rebus
1168 946 1244 969 extra
1269 941 1454 976 suspicionem
1475 946 1517 969 est
1541 941 1677 968 mendacii
1696 949 1703 967 :
1721 945 1749 967 et

919 980 939 1007 Β
954 986 1000 1021 qui
1015 985 1117 1020 alioqui
1135 985 1208 1012 haud
1226 993 1328 1020 paucos
1345 986 1429 1013 habet
1444 985 1528 1020 hujus
1544 986 1582 1013 rei
1603 990 1687 1013 testes
1701 985 1748 1020 qui

954 1032 1048 1060 eodem
1066 1036 1190 1067 tempore
1208 1032 1344 1059 vixerunt.

671 1087 738 1116 Item
754 1097 787 1117 ex
806 1089 890 1118 Suida
906 1092 934 1119 in
950 1098 1016 1118 voce
1035 1091 1172 1123 Λεόντιος.

145 1144 271 1175 Λεόντιος
287 1144 309 1170 Τ
312 1144 443 1180 ριπόλεως
457 1145 507 1181 τῆς
522 1145 620 1177 Λυδίας
634 1147 793 1179 ἐπίσκοπος,
811 1147 905 1180 Μυσὸς

110 1190 141 1216 τὸ
153 1191 230 1224 γένος
243 1189 297 1216 τῶν
312 1191 380 1226 πρὸς
398 1192 436 1226 τῷ
454 1192 555 1229 Ἴστρῳ
567 1192 783 1228 κατῳκημένων,
798 1194 845 1225 οὓς
857 1194 906 1228 ἀγ-

111 1237 245 1272 χιμάχους
256 1237 380 1273 Ὅμηρος
388 1237 476 1265 καλεῖ.
485 1238 537 1264 Τὸν
549 1239 668 1265 τοιοῦτον
682 1239 808 1267 Λεόντιον
817 1249 903 1277 προσ-

111 1282 277 1318 εταιρίζεται
299 1283 314 1309 ὁ
336 1284 482 1319 κακόφρων
503 1284 693 1320 Φιλοστόργιος
718 1285 747 1312 ἐν
765 1287 797 1322 τῇ
821 1286 906 1322 βίϐλῳ

112 1329 172 1354 ἀντὶ
192 1328 238 1354 τοῦ
258 1329 324 1363 (21),
341 1329 379 1361 ὡς
403 1330 541 1365 ὁμόφρονα
561 1330 611 1365 τῆς
633 1331 804 1368 Ἀρειανικῆς
823 1333 905 1360 αὑτοῦ

114 1374 332 1410 κακοφροσύνης.
353 1375 397 1406 Ὠς
411 1372 488 1407 οὗτος
500 1376 583 1403 παῖδα
594 1377 642 1403 ἕνα
660 1377 794 1413 ἐσχηκὼς,
812 1379 905 1415 ἐπειδὴ

115 1421 152 1455 μὴ
169 1421 290 1456 χρηστὰς
304 1421 415 1453 ἐλπίδας
430 1423 511 1448 αὐτὸν
523 1423 708 1458 ὑποφαίνοντα
727 1425 795 1459 πρὸς
805 1426 907 1462 ἀρετὴν

113 1464 177 1497 εἶδε,
191 1467 347 1502 εὐξάμενος,
360 1467 397 1500 ὥς
413 1477 503 1503 φασιν,
516 1469 556 1495 ἔτι
573 1470 715 1505 μειράκιον
725 1471 799 1504 ὄντα,
818 1473 908 1508 ἐποίη-

113 1521 160 1540 σεν
171 1513 316 1540 ἀποθανεῖν
324 1522 330 1528 ·
343 1514 484 1541 κάλλιστον
496 1516 678 1551 ἡγησάμενος,
689 1517 719 1543 τὸ
730 1517 783 1553 πρὸ
793 1517 907 1553 αἰσχροῦ

111 1568 185 1591 ’τινος
208 1561 410 1588 καταλύσασθαι
429 1562 475 1588 τὸν
501 1562 568 1597 βίον,
595 1563 648 1590 τῶν
667 1564 811 1600 σφαλερῶν
835 1565 906 1592 κατὰ

993 1147 1124 1175 Leontius
1139 1148 1286 1183 episcopus
1306 1147 1426 1183 Tripolis
1445 1147 1523 1175 urbis
1547 1147 1649 1182 Lydiae,
1673 1150 1750 1173 ortus

958 1203 991 1222 ex
1006 1194 1097 1222 Mmsis
1112 1195 1159 1230 qui
1173 1195 1272 1222 Istrum
1288 1194 1424 1224 accolunt.
1441 1201 1511 1229 quos
1527 1193 1660 1220 Homerus
1673 1193 1751 1227 ἀγχι-

959 1242 1061 1277 μάχους
1085 1241 1219 1276 appellat,
1237 1241 1262 1268 id
1276 1245 1335 1274 est,
1353 1241 1472 1268 cominus
1494 1245 1652 1275 pugnantes.
1672 1238 1749 1266 llunr

958 1285 1104 1313 Leontium
1120 1286 1178 1313 suis
1201 1285 1324 1320 partibus
1342 1285 1467 1320 adjungit
1481 1285 1581 1320 itnpius
1596 1284 1750 1311 Philostor-

959 1332 1020 1367 gius
1036 1332 1062 1358 in
1078 1331 1126 1359 lib.
1143 1331 1273 1358 Historia.-
1288 1340 1345 1359 suze
1359 1332 1486 1366 septimo,
1499 1335 1629 1366 tanquam
1644 1330 1752 1357 Arianze

959 1383 1041 1406 sectae
1055 1386 1136 1413 quam
1154 1378 1211 1413 ipse
1238 1379 1428 1412 proﬁtebatur,
1453 1378 1603 1404 addictum.
1623 1375 1672 1404 Hic
1688 1384 1751 1403 cum

960 1424 1072 1451 unicum
1086 1423 1201 1450 haberet
1218 1423 1317 1455 lilium,
1343 1431 1393 1450 nec
1411 1423 1493 1449 ullatn
1510 1424 1535 1449 in
1557 1430 1590 1449 eo
1613 1423 1690 1449 bona:
1707 1421 1752 1448 in-

958 1471 1030 1498 dolis
1046 1474 1138 1497 nolam
1155 1470 1396 1500 animadverteret.
1412 1469 1584 1497 orationibus
1598 1477 1612 1496 a
1629 1468 1682 1495 Deo
1700 1468 1752 1494 im-

959 1517 1087 1550 petravit,
1112 1521 1141 1542 ut
1161 1515 1250 1542 adhuc
1275 1515 1435 1542 adolescens
1455 1523 1488 1542 ex
1514 1515 1564 1541 hac
1584 1514 1638 1541 vita
1663 1514 1751 1541 disce-

960 1563 1052 1595 deret,
1073 1561 1160 1589 satius
1178 1569 1239 1588 esse
1252 1561 1378 1594 judicans
1393 1565 1422 1588 ut
1438 1565 1500 1587 ante
1516 1560 1601 1587 ullum
1621 1559 1751 1594 probrum

111 1606 158 1633 τὸν
170 1605 226 1641 βίον
236 1606 349 1633 όλίσθων
363 1607 415 1639 ἕξω
426 1609 581 1644 γενόμενον.
594 1611 702 1636 Κανόνα
713 1611 740 1636 δὲ
753 1611 833 1638 αὑτὸν
845 1612 906 1639 ἐκά-

960 1618 992 1637 ar.
1016 1609 1150 1644 ﬂagitium
1177 1608 1339 1638 admissum,
1358 1612 1473 1634 mortem
1494 1610 1644 1641 oppeteret,
1661 1614 1694 1633 ex
1711 1607 1752 1632 in-

111 1652 174 1679 λουν
192 1654 241 1688 τῆς
261 1653 432 1689 Ἐκκλησίας.
448 1653 501 1681 Ἦν
517 1656 545 1682 δὲ
567 1656 708 1692 ἐλεύθερος
724 1657 773 1693 τὴν
793 1657 906 1694 γνώμην

111 1699 210 1734 ἐπίσης
223 1699 262 1730 είς
274 1699 377 1732 πάντας
390 1701 436 1726 καὶ
448 1702 692 1737 παρῤησιαστικὸς.
704 1703 758 1729 Καί
768 1712 833 1730 ποτε
845 1712 907 1730 συν-

111 1744 172 1770 όδου
194 1745 352 1780 γενομένης,
368 1745 515 1777 Eds-56551;
536 1747 584 1781 τῆς
609 1747 798 1774 Κωνσταντίου
813 1756 907 1782 γυναι-

111 1790 159 1822 κὸς
175 1791 215 1822 εἰς
236 1791 335 1826 οἴδημα
359 1792 490 1827 ἀρθείσης
507 1794 690 1829 φρονήματος,
714 1795 761 1821 καὶ
786 1795 838 1821 ὑπὸ
853 1795 906 1822 τῶν

111 1832 269 1863 ἐπισκόπων
286 1838 538 1874 προσκυνουμένης,
559 1839 639 1873 μόνος
653 1835 730 1871 οὗτος
744 1840 819 1876 παρὰ
836 1840 907 1875 φαῦ-

111 1882 157 1909 λον
175 1884 259 1919 αὐτὴν
276 1884 426 1919 τιθέμενος,
449 1885 517 1911 οἶκοι
543 1885 648 1916 ἔμενεν.
670 1886 702 1912 'II
724 1886 752 1913 δὲ
771 1887 814 1915 διὰ
828 1887 907 1914 τοῦτο

111 1929 351 1965 ὑποθερμανθεῖσα
360 1931 416 1962 τοῖς
428 1930 533 1966 θυμοῖς,
546 1931 592 1958 καὶ
603 1931 650 1968 τὴν
660 1931 774 1968 γνώμην
785 1933 908 1969 φλεγμή-

110 1983 192 2007 νασα,
209 1975 312 2010 πέμπει
330 1976 398 2012 πρὸς
411 1976 493 2003 αὐτὸν
507 1978 666 2013 αἰτιωμένη,
681 1980 728 2006 καὶ
743 1979 907 2015 ὑποσχέσεσι

110 2022 308 2053 κολακεύουσα,
320 2023 357 2055 ὡς
376 2023 539 2059 Ἐκκλησίαν
554 2033 594 2051 σοι
608 2025 739 2061 μεγίστην
751 2026 848 2061 ἐγερῶ,
861 2028 908 2053 καὶ

110 2069 243 2103 χρήματα
258 2068 511 2105 ἐπιδαψιλεύσομαι,
527 2071 551 2096 εἰ
563 2071 671 2105 ἀφίκοιο
686 2071 754 2107 πρὸς
771 2072 814 2107 μέ.
839 2073 867 2099 Ὀ
879 2073 907 2099 δὲ

110 2114 296 2149 ἁντεὸήλωσε”
310 2114 419 2142 Τούτων
429 2116 477 2150 μὲν
490 2116 551 2142 εἴτι
564 2116 724 2152 βουληθείης
734 2118 906 2150 τελέσασθαι,

110 2159 135 2189 ὦ
151 2161 285 2195 βασίλεια,
300 2163 350 2188 οὐκ
369 2163 431 2197 ἐμοὶ
447 2162 558 2197 μᾶλλον,
573 2163 589 2197 ἢ
605 2164 637 2198 τῇ
659 2164 692 2199 σῇ
704 2163 776 2199 ψυχῇ
794 2164 846 2190 ἴσθι
859 2174 908 2200 χα-

113 2207 254 2243 ριουμένη.
273 2207 305 2233 El
326 2207 354 2233 δὲ
370 2206 515 2242 ,θελήσειας
534 2207 681 2241 ἀφικέσθαι
705 2209 773 2244 πρὸς
801 2209 840 2241 σὲ,
870 2209 907 2241 ὡς

110 2252 163 2287 τῆς
182 2254 238 2284 τοῖς
252 2252 411 2284 ἐπισκόποις
429 2252 588 2288 πρεπούσης
604 2253 847 2290 φυλαχθησομένης
865 2256 908 2281 αἰ-

111 2284 174 2330 δοιῖς
187 2307 194 2313 ·
211 2299 244 2324 ἵν’
258 2298 406 2333 εἰσέλθοιμι
427 2284 476 2333 μέν
496 2284 615 2333 qtae-3'
627 2299 649 2325 δ’
663 2284 768 2326 adnixa.
782 2284 907 2336 €06V0p6-
925 2284 946 2312 Β

111 2353 159 2371 νου
177 2343 224 2370 τοῦ
239 2343 342 2379 ὑψηλοῦ
356 2343 509 2376 καταϐᾶσα,
535 2343 593 2379 μετ’
612 2344 702 2375 αἰδοῦς
724 2345 908 2381 ὑπαντήσειας

111 2390 186 2426 ἐμοὶ,
204 2390 250 2416 καὶ
271 2390 320 2425 τὴν
341 2389 462 2425 κεφαλὴν
484 2389 605 2425 ὑπόσχῃς
618 2390 679 2421 ταῖς
698 2391 778 2425 ἐμαῖς
802 2392 907 2426 χερσὶν,

110 2435 246 2470 εὐλογιῶν
277 2436 443 2472 ἀξιουμένη·
473 2435 590 2462 κᾶπειτα
614 2435 775 2471 καθεσθείην
801 2437 849 2473 μὲν
876 2438 908 2465 ἂν

110 2482 180 2517 ἐγὼ,
197 2482 230 2508 σὺ
245 2482 267 2509 δ’
287 2482 320 2509 ἂν
336 2483 462 2518 ἐστήκοις
480 2482 638 2518 αἰδουμένη,
656 2483 756 2509 ὁπόταν
770 2483 798 2510 δὲ
816 2485 910 2511 κελεύ-

111 2538 205 2564 σαιμι,
218 2529 417 2564 καθεδουμένη,
432 2529 514 2564 ἡνίκα
530 2529 603 2563 δοίην
619 2529 649 2555 τὸ
666 2529 800 2565 σύνθημα.
814 2530 846 2556 El
867 2530 912 2557 οὕ-

109 2583 167 2606 τως
179 2575 292 2609 αἱρήσῃ,
306 2574 456 2609 ἀφικοίμην
472 2574 546 2609 παρὰ
557 2574 601 2600 σε’
618 2574 642 2600 εί
657 2574 678 2600 δ’
692 2574 784 2609 ἓτερον
799 2575 909 2610 τρόπον,

110 2621 162 2656 οὐχ
188 2619 261 2647 οὓτω
286 2620 372 2646 πολλὰ
386 2620 492 2651 δώσεις,
516 2619 569 2646 οὐδ’
582 2619 653 2645 οὕτω
671 2620 777 2655 μεγάλα
798 2620 910 2656 δυνήσῃ,

110 2668 150 2699 ὡς
161 2667 235 2703 ἡμᾶς
250 2667 300 2702 τῆς
313 2666 505 2703 προσηκούσης
518 2667 601 2701 τιμῆς
608 2668 664 2697 τοῖς
673 2666 834 2697 ἐπισκόποις
845 2666 912 2693 καθ-

111 2713 292 2749 υφιεμένους,
314 2714 354 2745 είς
374 2713 418 2739 τὸν
438 2712 510 2739 Οεῖον
530 2711 671 2747 ἐξυϐρίσαι
688 2712 738 2747 τῆς
761 2711 911 2748 ἱερωσύνης

958 1654 1041 1682 certis
1059 1662 1091 1681 ac
1105 1653 1268 1688 periculosis
1284 1653 1366 1687 hujus
1384 1653 1445 1679 vita:
1460 1652 1570 1680 casibus
1585 1651 1751 1679 subdttctus.

958 1701 1045 1728 Porro
1062 1707 1124 1727 eum
1151 1699 1279 1726 Ecclesia:
1310 1705 1435 1725 normam
1459 1698 1540 1733 vulgo
1568 1697 1749 1732 appellabant.

958 1746 1029 1773 Idem
1052 1753 1160 1773 summa
1185 1745 1319 1777 libertate,
1337 1749 1391 1771 tam
1408 1744 1434 1771 in
1452 1743 1603 1776 sentiendo,
1623 1751 1705 1778 quant
1725 1744 1752 1770 in

958 1792 1106 1827 loquendo,
1123 1799 1187 1826 erga
1208 1799 1304 1818 omnes
1324 1799 1357 1818 ex
1373 1798 1452 1825 mquo
1469 1791 1605 1817 utebatur.
1629 1790 1753 1824 Cumque

958 1838 1106 1873 aliquando
1141 1838 1262 1873 synodus
1286 1837 1478 1872 episcoporum
1509 1836 1695 1868 convenisset,
1725 1841 1753 1862 ct

959 1884 1073 1911 Eusebia
1088 1883 1211 1918 Augusta
1229 1890 1299 1910 uxor
1316 1883 1383 1917 imp.
1403 1882 1558 1909 Constantii
1586 1882 1658 1909 fastu
1680 1882 1752 1909 elata

958 1930 993 1957 ab
1009 1930 1148 1957 universis
1163 1930 1302 1965 episcopis
1314 1929 1491 1962 salutaretur,
1505 1929 1583 1956 solus
1599 1929 1642 1956 hic
1658 1929 1753 1964 Augu-

958 1983 1029 2005 stam
1052 1977 1130 2012 parvi
1151 1977 1284 2012 pendens,
1301 1978 1373 2004 domi
1392 1979 1503 2004 manle
1529 1975 1557 2003 ld
1573 1975 1674 2003 factum
1697 1977 1753 2001 Λιι-

958 2029 1038 2060 gusla
1052 2032 1122 2059 :egre
1138 2023 1228 2051 ferens
1239 2043 1246 2055 ,
1262 2027 1289 2050 et
1308 2024 1349 2050 ira
1363 2023 1582 2055 ercandescens,
1600 2021 1749 2057 quemdam

958 2078 992 2096 cx
1008 2069 1140 2096 ministris
1155 2069 1213 2096 suis
1226 2069 1259 2095 ad
1275 2076 1337 2096 eum
1351 2069 1438 2101 misit,
1454 2069 1553 2103 partim
1569 2075 1753 2101 conquerens,

959 2114 1057 2149 partim
1071 2113 1212 2140 blanditiis
1229 2117 1256 2140 et
1269 2113 1521 2148 pollicitationibus
1537 2121 1598 2140 cum
1618 2113 1753 2140 demereri

959 2161 1083 2188 studens.
1095 2159 1241 2186 Maximam
1255 2160 1314 2192 tibi,
1326 2160 1426 2192 aiebat,
1442 2159 1588 2187 ecclesiam
1601 2158 1752 2189 azdilicabo,

958 2211 985 2234 et
1005 2206 1135 2241 pecunias
1149 2207 1262 2241 insuper
1278 2206 1389 2241 largiar,
1404 2206 1426 2233 si
1440 2206 1474 2232 ad
1491 2214 1534 2232 me
1548 2205 1688 2232 visendam
1707 2213 1754 2232 ae-

959 2251 1086 2279 ccsseris.
1098 2251 1204 2284 Quibus
1215 2250 1347 2278 Leontius
1360 2251 1395 2278 ita
1408 2250 1561 2285 respondit:
1577 2249 1680 2276 llorum
1693 2257 1754 2284 quae

962 2298 1030 2325 mihi
1045 2297 1192 2332 promittis,
1210 2297 1344 2332 Augusta,
1361 2297 1382 2324 si
1401 2297 1542 2331 quidpiam
1559 2295 1689 2330 perlicere
1703 2303 1754 2321 vo.

962 2344 1058 2375 lueris,
1079 2343 1151 2371 scias
1170 2343 1250 2370 velim
1272 2343 1344 2377 quod
1362 2343 1461 2369 anima:
1483 2347 1536 2368 tua:
1561 2341 1651 2376 potius
1671 2348 1755 2375 quam

963 2389 1030 2416 mihi
1053 2388 1261 2422 gratiﬁeaberis.
1286 2387 1365 2420 Quod
1381 2388 1402 2414 si
1420 2395 1463 2414 me
1480 2388 1513 2414 ad
1530 2391 1555 2413 te
1579 2386 1753 2413 salutandam

962 2435 1040 2469 cupis
1052 2434 1193 2467 accedere,
1207 2433 1335 2460 accedam
1347 2433 1468 2468 quidem,
1483 2432 1633 2459 dummodo
1647 2439 1677 2458 ea
1695 2439 1756 2466 qua:

962 2480 1098 2516 episcopis
1113 2479 1237 2512 debetur,
1259 2483 1384 2507 servetur
1410 2479 1577 2509 reverentia,
1605 2478 1641 2505 ita
1660 2482 1690 2504 ut
1713 2479 1755 2504 itt-

963 2527 1071 2563 grediar
1085 2527 1196 2562 quidem
1212 2534 1272 2561 ego,
1292 2532 1320 2553 tu
1339 2533 1403 2553 vero
1417 2526 1509 2553 statim
1525 2533 1540 2552 e
1555 2525 1667 2552 sublimi
1683 2524 1754 2551 solo

962 2574 1143 2604 descendens,
1162 2572 1315 2599 verecunde
1337 2571 1402 2598 mihi
1421 2578 1562 2601 occurras,
1581 2575 1608 2596 et
1626 2569 1753 2596 manibus

963 2620 1032 2646 meis
1047 2626 1130 2654 caput
1152 2623 1229 2646 tuutn
1249 2617 1406 2649 submittas,
1433 2617 1650 2644 benedictionem
1673 2623 1687 2642 a
1711 2623 1754 2642 me

963 2666 1117 2701 postulans.
1140 2665 1242 2693 Deinde
1257 2669 1286 2691 ut
1303 2665 1411 2692 sedeam
1428 2664 1536 2698 quidem
1560 2671 1625 2698 ego;
1645 2667 1673 2690 tu
1689 2669 1754 2689 vero

963 2717 1018 2740 stes
1040 2720 1102 2739 cum
1128 2711 1296 2744 reverentia;
1322 2715 1467 2745 postquam
1490 2710 1599 2745 jussero
1629 2717 1752 2742 sessum,

732 2798 853 2821 VALESII
873 2799 1124 2823 ANNOTATIONES.

151 2871 209 2903 (2|)
234 2871 285 2897 Ἐν
296 2868 331 2903 τῇ
341 2869 439 2907 ,ϐίᾶὶιρ
449 2869 515 2907 ἀντί
528 2868 590 2907 τοῦ.
606 2868 784 2907 Scribendum
799 2869 903 2897 videtur

964 2872 997 2907 τῇ
1015 2870 1036 2903 ζ’
1052 2870 1135 2906 βίϐλῳ
1151 2870 1242 2904 αὐτοῦ,
1267 2875 1319 2898 etc.
1337 2869 1403 2897 Nam
1437 2868 1637 2903 Philostorgius
1671 2863 1752 2898 built!

113 2907 224 2935 Lcuttlil
242 2911 409 2933 mentionem
426 2905 489 2932 facit
503 2905 530 2931 in
547 2905 593 2931 lib.
612 2911 659 2937 vn,
675 2911 734 2939 cap.
752 2904 778 2932 6.
