1967 3075
207 156 260 185 635

790 156 1029 185 PHILOSTOllGll
1050 156 1270 185 FRAGMENTA.

1780 152 1832 182 636

202 212 248 239 ubi
265 211 373 247 signum
394 212 443 239 tibi
458 211 570 240 dedero.
591 211 620 240 Si
637 211 747 247 quidem
774 212 800 240 id
815 213 939 248 elegeris,
957 213 990 240 ad

1049 213 1153 248 ὶεσμόν.
1181 213 1278 240 Ταῦτα
1291 213 1329 244 ὡς
1350 213 1528 249 ἀπηγγέλθη,
1551 213 1762 248 ἀναπεμπραται
1783 213 1833 249 τὴν

201 264 227 286 te
242 259 380 287 accedam.
399 258 447 286 Sin
464 259 554 292 aliter,
570 267 710 294 nunquam
727 264 768 287 tot
783 267 814 287 ac
833 264 906 287 tanta
922 260 989 287 mihi

200 304 304 331 donare
319 306 432 340 poteris.
446 309 476 332 ut
492 313 542 341 ego
561 306 594 333 de
610 305 713 333 honore
729 306 774 341 qui
789 306 927 341 episcopis
943 307 990 334 de-

201 352 290 382 betur,
313 352 416 386 aliquid
440 353 592 383 remittens,
621 352 729 379 divinas
747 352 892 379 sacerdotii
918 352 1007 387 leges-

201 397 304 423 violare
319 405 439 432 unquam
455 398 546 425 velim.
574 396 636 424 Haec
651 397 695 424 ubi
713 397 836 424 nuntiata
853 402 930 430 sunt,
947 406 991 425 re-

203 443 267 476 gina
290 442 390 469 mirum
417 444 443 470 in
467 443 577 470 modum
591 443 745 475 excanduit,
769 442 923 477 huiusmodi
947 451 991 471 re-

203 496 335 522 sponsum
351 489 402 515 sibi
424 497 438 515 a
459 488 573 515 Leontio
590 489 681 516 afferri
710 489 921 524 haudquaquam
943 497 992 524 pa-

203 534 300 561 tienter
312 535 462 562 sustinens.
480 534 604 569 Cumque
626 535 741 561 multum
759 535 945 567 intumuisset,
964 540 992 562 et

204 588 367 615 magnopere
383 586 519 608 commota
544 585 617 608 esset
643 581 746 610 animo.
764 587 790 609 et
811 589 860 616 pro
885 581 992 608 levitate

203 632 285 660 alque
301 627 467 661 impatientia
488 627 613 654 muliebri
637 627 727 654 minas
743 628 915 657 intentasset.
934 635 991 655 rem

205 672 237 699 ad
261 673 389 699 maritutn
413 672 515 704 retulit,
543 672 674 699 ultionem
701 672 837 707 ﬂagitans.
862 672 912 700 Hic
925 680 992 700 vero

203 717 366 744 laudandam
391 718 483 753 potius
499 726 560 745 esse
577 718 654 744 duxit
671 718 699 744 in
725 717 839 745 Leontio
855 718 940 745 animi
958 719 991 745 li-

203 764 336 790 bertatem
349 784 356 795 ,
376 768 403 791 et
423 763 516 791 uxoris
540 764 607 790 iram
631 763 744 795 sedavit,
761 771 876 798 eamque
894 765 927 791 ad
945 771 993 791 cu-

202 809 322 837 biculum
340 818 419 837 sutnn
437 811 552 837 remisit.
568 809 693 842 Quodam
710 810 773 836 item
791 814 913 845 tempore
927 811 991 838 dum

201 855 380 884 Constantius
397 857 587 891 episcoporum
613 856 696 883 cmlui
714 856 882 890 przrsideret,
898 861 925 884 et
939 856 991 884 Ec-

1042 259 1166 294 γνώμην,
1180 260 1230 286 οὐκ
1244 260 1390 295 ἀνασχετὸν
1404 260 1547 295 ἡγουμένη
1557 259 1626 294 πρὸς
1639 259 1768 286 Λεοντίου
1781 268 1833 286 τοι·

1042 305 1137 338 ούτους
1151 305 1277 339 δέξασθαι
1299 305 1403 340 λόγους.
1425 307 1478 333 Καὶ
1499 305 1583 333 πολλὰ
1608 305 1766 341 διοιδήσασα
1787 306 1834 332 καὶ

1042 351 1231 387 ιι·ιιτ.οηναι.ι.ἐνη¹
1244 351 1291 378 καὶ
1305 352 1386 378 πολλὰ
1402 353 1433 378 ὲκ
1450 351 1607 386 γυναικείας
1620 351 1768 386 ἀκροχόλου
1786 352 1834 378 καὶ

1042 398 1147 433 κούφης
1167 397 1338 433 ἀπειλήσασα
1363 397 1491 430 διανοίας,
1516 398 1563 424 καὶ
1587 397 1680 433 τάνδρὶ
1702 397 1834 432 διηγησα-

1044 444 1124 479 μένη,
1142 443 1209 479 πρὸς
1223 445 1357 479 τιμωρίαν
1373 443 1493 480 ἐξώρμα.
1518 444 1546 470 '0
1562 443 1589 470 δὲ
1602 443 1702 479 μᾶλλον
1718 444 1834 479 ἐπῄνεσε

1042 489 1091 525 τὴν
1106 489 1262 525 ἐλευθερίαν
1277 490 1326 525 τῆς
1343 489 1466 526 γνώμης,
1484 490 1532 516 καὶ
1553 490 1602 525 τὴν
1621 490 1738 524 γυναῖκα
1761 497 1834 524 παρ-

1042 535 1141 570 ήνεγκε
1151 536 1201 570 τῆς
1217 535 1312 571 ὀργῆς,
1325 537 1371 562 καὶ
1381 536 1541 571 ἀποπέμπει
1557 537 1596 568 εἰς
1612 536 1661 572 τὴν
1671 536 1834 570 γυναικωνῖ-

1042 589 1094 607 τιν.
1114 582 1168 608 Kal
1187 590 1253 608 ποτε
1278 582 1379 617 μεταξὺ
1399 583 1609 618 προκαθημένου
1631 582 1678 609 τοῦ
1703 582 1834 618 βασιλέως

1042 627 1232 654 Κωνσταντίου
1247 628 1300 654 τῶν
1314 628 1482 660 ἐπισκόπων,
1498 629 1544 655 καὶ
1562 629 1656 664 ἄρχειν
1670 628 1724 655 τῶν
1735 628 1835 662 ὲκκλη-

1044 673 1109 699 σιῶν
1127 673 1273 706 ἐθέλοντος,
1286 675 1309 700 οἱ
1323 674 1371 709 μὲν
1385 674 1544 705 πολ).οὶ,πᾶν
1555 675 1569 701 ὃ
1584 683 1610 701 τι
1622 675 1743 709 φήσειεν,
1755 673 1835 709 ἐκρό-

1042 729 1105 746 τουν
1122 721 1168 746 καὶ
1191 720 1355 755 ἐθαύμαζον,
1373 721 1471 756 ἄριστα
1493 721 1617 756 εἰρῆσθαι
1635 720 1813 756 διοριζόμενοι
1826 726 1833 733 ·

1041 767 1056 793 ὁ
1070 766 1097 793 δὲ
1115 766 1230 794 ἐσιώπα.
1248 767 1292 798 Ὠς
1308 767 1336 793 δὲ
1349 767 1431 803 ἤρετο
1446 766 1527 793 αὑτὸν
1541 768 1555 793 ὁ
1569 766 1705 801 βασιλεὺς,
1721 766 1754 792 Τί
1771 774 1836 792 σιω-

1043 813 1098 847 πᾷς
1113 813 1190 847 μόνος
1206 813 1260 839 τῶν
1274 813 1414 846 ἁπάντων;
1429 812 1577 848 Θαυμάζω,
1591 813 1654 848 ἔφη,
1667 813 1742 843 ὅπως
1753 811 1796 837 ἓτε
1802 819 1836 846 ρα

1043 859 1146 885 διέπειν
1153 859 1273 894 ταχϐεὶς,
1281 860 1385 894 ἑτέροις
1396 860 1555 895 ἐπιχειρεῖς,
1569 858 1770 895 στρατιωτικῶν
1786 858 1836 893 μὲν

203 901 300 929 clesias
329 909 379 937 pro
405 902 538 929 arbitratu
563 909 614 929 suo
640 908 733 936 regere
762 902 867 929 vellet:
886 903 993 930 cunctis

1049 905 1093 930 καὶ
1110 904 1256 931 πολιτικῶν
1278 905 1450 940 πραγμάτων
1467 904 1655 940 προεστηκὼς,
1674 903 1836 934 ἐπισκόποις

204 948 284 975 verl‘a
297 949 471 983 imperatoris
487 956 549 976 cum
569 949 666 982 plausu
683 954 710 976 et
724 948 903 976 admiratione
916 950 991 976 exci-

203 994 356 1028 pientibus;
373 1000 400 1021 et
413 1000 486 1021 recte
496 999 593 1021 cuncta
609 995 644 1022 ab
657 1002 689 1021 eo
702 995 773 1022 dicta
785 1002 846 1021 esse
857 995 991 1022 allirman-

203 1039 287 1070 tibus,
304 1040 380 1068 solus
402 1039 534 1067 Leontius
552 1040 695 1067 conticuit.
717 1040 749 1067 Et
767 1048 828 1067 cum
845 1040 991 1075 imperator

203 1091 264 1111 eum
279 1085 485 1120 interrogasset,
504 1093 586 1120 quam
610 1086 645 1113 ob
661 1093 772 1113 causam
789 1086 864 1113 solus
879 1094 913 1113 ex
931 1094 991 1113 om-

1044 949 1072 975 δὲ
1092 950 1156 985 περὶ
1175 950 1229 977 τῶν
1244 952 1283 982 εξς
1299 951 1396 986 μόνους
1412 951 1578 982 ἐπισκόπους
1593 951 1713 985 ἡκόντων
1727 950 1837 976 διατατ-

1044 995 1168 1030 τόμενος.
1186 996 1238 1022 Τὸν
1261 997 1290 1023 δὲ
1313 996 1424 1031 βασιλέα
1450 996 1658 1023 καταιδεσοέντα
1678 994 1837 1030 παύσασθαι
1859 1018 1862 1026 ,

1044 1042 1094 1076 τῆς
1111 1043 1139 1068 ἐν
1156 1043 1213 1074 τοῖς
1229 1044 1360 1075 τοιούτοις
1377 1044 1426 1079 ήδη
1441 1042 1647 1074 διακελεύσεως.
1662 1041 1787 1073 Τοιοῦτος
1802 1038 1836 1075 ἦν
1850 1042 1853 1043 ⁷
1875 1046 1877 1048 '

1044 1089 1058 1113 ὁ
1075 1088 1200 1120 Λεόντιος
1215 1088 1376 1124 ἐλευθέριος.

203 1133 283 1160 nibus
302 1133 403 1165 sileret,
420 1134 559 1169 respondit
574 1133 704 1162 Leontius
720 1143 725 1160 :
742 1133 836 1166 Miror,
856 1134 954 1169 inquit,
972 1138 998 1161 te
1017 1135 1063 1169 qui
1078 1136 1139 1163 aliis
1157 1137 1239 1163 rebus
1268 1136 1492 1163 administrandis
1509 1135 1670 1170 prtepositus
1697 1135 1746 1166 sis,
1769 1134 1836 1162 alias

203 1181 335 1216 regendas
349 1182 488 1216 suscipere
503 1192 509 1209 :
525 1187 627 1210 etcum
648 1183 804 1210 militarium
822 1191 854 1210 ac
866 1183 988 1210 civilium
1008 1185 1180 1217 negotiorum
1196 1185 1244 1212 tibi
1261 1185 1386 1212 mandata
1412 1186 1449 1212 sit
1477 1192 1554 1216 cura,
1575 1184 1710 1219 episcopis
1746 1188 1844 1210 tamen»

204 1231 349 1265 praecipere
370 1230 404 1257 de
423 1231 505 1258 rebus
536 1239 597 1265 quae
617 1231 649 1258 ad
671 1231 745 1258 solos
777 1233 920 1267 episcopos
952 1232 1097 1265 pertinent.
1137 1234 1242 1266 Quibus
1267 1234 1376 1267 auditis,
1402 1234 1578 1260 Constantius
1606 1232 1770 1260 verecundia
1805 1238 1837 1258 ac

204 1275 305 1309 pudore
321 1274 452 1307 suffusus,
470 1275 496 1301 in
515 1275 649 1309 ejusmodi
666 1275 782 1310 negotiis
796 1276 923 1310 deinceps
938 1284 987 1310 pro
1008 1277 1122 1312 imperio
1141 1287 1221 1314 agere
1234 1279 1373 1314 acjubere
1390 1279 1506 1306 destitit.
1529 1278 1616 1306 Tanta
1641 1279 1669 1306 in
1700 1277 1837 1313 loquendo

204 1321 327 1348 libertate
343 1321 473 1356 praeditus
487 1319 538 1348 fuit
553 1320 683 1348 Leontius
703 1320 771 1355 (“.12).

758 1376 824 1405 Item
839 1386 872 1405 ex
890 1377 974 1406 Suida
991 1380 1018 1406 in
1034 1387 1102 1408 voce
1119 1381 1284 1416 Δημόφιλος.

238 1445 416 1480 Demophilus
437 1444 760 1480 Constantinopolitanus
779 1446 934 1481 episcopus,
950 1446 992 1474 vir

204 1499 300 1520 tnsano
308 1492 424 1526 quodam
437 1491 538 1526 impetu
548 1496 646 1519 cuncta
656 1491 738 1519 simul
748 1491 862 1519 miscere
874 1493 972 1520 solitus
985 1502 993 1520 :

1079 1438 1233 1474 Δημόφιλος
1258 1439 1407 1470 ἐπίσκοπος
1431 1438 1634 1465 Κωνσταντίνου
1653 1439 1768 1471 πόλεως,
1784 1437 1838 1470 οἷος

1043 1486 1172 1521 ἐμπεσὼν
1185 1486 1253 1521 ὁμοῦ
1276 1486 1421 1521 σύμπαντα
1441 1486 1536 1522 φύρειν
1553 1486 1609 1521 (25)
1625 1486 1738 1522 ἀκόσμῳ
1756 1487 1839 1522 φορᾷ,

204 1541 231 1564 et
252 1537 297 1572 qui
316 1536 403 1563 instar
424 1536 511 1571 rapidi
535 1537 652 1571 vagique
677 1536 815 1569 torrentis,
845 1537 993 1571 plurimum

1049 1532 1170 1569 καθάπερ
1185 1533 1301 1565 ἄτακτος
1312 1534 1490 1569 χειμάρρους,
1507 1533 1566 1559 ὅλον
1581 1534 1609 1560 ἐν
1620 1534 1677 1564 τοῖς
1691 1533 1781 1567 λόγοις
1794 1533 1840 1560 τὸν

205 1582 255 1609 luti
273 1590 304 1609 ac
318 1581 440 1609 sordium
458 1581 483 1608 in
504 1582 677 1609 sermonibus
692 1582 751 1609 suis
766 1583 950 1615 eonvolvcret,
966 1588 996 1609 ut

205 1628 297 1663 quivis
319 1627 398 1654 facile
413 1627 597 1662 deprehendet
612 1636 645 1655 ex
662 1628 749 1662 prima
765 1628 898 1655 concione
913 1636 994 1662 qualn

205 1674 302 1701 habuit
325 1673 574 1708 Constantinopoli.
599 1673 659 1707 Qua
683 1675 792 1709 quidem
818 1675 846 1701 in
865 1675 997 1702 concione

206 1719 357 1746 verisimile
385 1723 428 1745 est
440 1726 502 1746 eum
524 1720 721 1746 accuratiorem
739 1727 772 1746 ac
796 1720 996 1755 diligentiorem

206 1765 291 1792 fuisse
307 1774 314 1792 :
329 1765 429 1800 quippe
442 1773 503 1792 cum
524 1765 680 1800 hujusmodi
698 1774 840 1794 sermones
854 1767 942 1802 excipi
956 1775 998 1794 so-

206 1812 281 1839 leant
298 1819 313 1838 a
333 1812 460 1838 notariis.
488 1813 566 1839 Certe
590 1812 617 1838 in
637 1813 697 1847 ejus
720 1812 933 1841 Commentariis
950 1814 997 1849 qui

206 1859 354 1885 etiamnum
371 1862 529 1892 supersunt.
548 1858 632 1885 multa
648 1859 759 1886 disserit
773 1859 887 1886 confusa
914 1864 996 1894 atque

207 1904 377 1934 indistincta,
401 1904 480 1930 etde
495 1903 575 1930 Patre
594 1911 626 1930 ac
648 1903 716 1930 Filio
740 1904 865 1939 loquens,
889 1905 999 1933 disertis

207 1951 298 1977 verbis
315 1950 351 1977 ila
366 1951 534 1984 pronuntiat.
551 1950 637 1977 Filius
651 1951 738 1978 solius
754 1950 844 1979 Patris
860 1953 1000 1979 voluntate

209 1996 317 2030 genitus
332 2001 384 2029 est,
402 1996 460 2023 sine
476 1990 598 2031 tempore
621 2005 653 2023 ac
667 1997 725 2023 sine
742 1998 830 2024 melio
841 2018 847 2030 ,
870 2001 899 2024 ut
912 1998 1000 2033 jusso-

209 2048 271 2068 rum
287 2041 379 2068 Patris
398 2042 523 2069 minister
539 2043 574 2069 sit
586 2048 612 2069 et
627 2042 756 2069 famulus.
772 2042 838 2070 Nam
855 2051 916 2070 cum
933 2052 1001 2078 prro-

208 2087 315 2114 videret
339 2089 419 2120 Dens,
447 2096 480 2115 ea
505 2096 566 2122 qua:
592 2089 716 2116 facturus
741 2095 810 2120 erat,
838 2097 892 2117 non
920 2098 1001 2124 posse

209 2133 371 2166 consistere,
389 2134 489 2168 quippe
510 2142 570 2169 quae
588 2135 649 2169 puri
671 2139 752 2170 atque
778 2135 940 2170 impertnisti
959 2144 1001 2162 or.

209 2180 281 2208 dinis
305 2180 395 2207 futura
412 2185 514 2213 essent,
539 2181 652 2215 perinde
666 2190 698 2209 ac
719 2181 791 2209 Deus
814 2183 860 2216 qui
877 2183 933 2217 ipsa
959 2182 1000 2210 fe-

1047 1579 1178 1614 συρφετδν
1199 1579 1283 1614 ἄγων,
1301 1579 1338 1611 ὡς
1354 1580 1456 1606 εἴσεταί
1479 1588 1521 1610 τις
1541 1580 1573 1605 ἐκ
1589 1578 1702 1614 πρώτης
1722 1580 1751 1605 ἐν
1775 1578 1839 1613 γοῦν

1046 1627 1103 1657 τοῖς
1125 1625 1164 1652 ἔτι
1189 1626 1353 1660 σωζομένοις
1375 1627 1566 1662 ὑπομνήμασιν
1590 1625 1672 1652 αὐτοῦ
1696 1625 1844 1660 γεγονυίας

1046 1671 1227 1707 δημηγορίας,
1244 1672 1309 1698 ἔνθα
1320 1673 1367 1699 καὶ
1382 1672 1481 1707 μᾶλλον
1495 1672 1570 1704 εἰκός
1583 1670 1617 1707 ἦν
1634 1672 1783 1706 ἀσφαλείας
1794 1672 1840 1698 αὺ-

1047 1717 1093 1743 τὸν
1113 1717 1240 1752 φροντίδα
1258 1717 1352 1744 θέσθαι
1369 1717 1440 1749 τινὰ,
1462 1717 1499 1750 ὡς
1519 1717 1667 1752 ἐγγράφοις
1681 1716 1840 1752 ἀναλαμϐα-

1048 1762 1169 1798 νομένων
1192 1763 1247 1790 τῶν
1267 1763 1433 1799 λεγομένων.
1455 1764 1499 1790 Ἐν
1522 1764 1627 1795 τούτοις
1642 1763 1708 1797 γοῦν
1728 1763 1795 1789 ἄλλα
1812 1771 1840 1789 τι

1049 1810 1134 1836 πολλὰ
1146 1810 1292 1836 διείλεκται
1307 1809 1439 1852 ἄναρθρα,
1455 1809 1604 1845 διαρρήδην
1622 1817 1651 1835 τε
1664 1809 1692 1835 ὲν
1706 1810 1763 1839 τοῖς
1778 1810 1841 1845 περὶ
1887 1834 1889 1836 .

1049 1856 1156 1892 Πατρὸς
1172 1857 1219 1882 καὶ
1234 1856 1300 1882 Υἱοῡ
1312 1855 1412 1889 λόγοις.
1423 1855 1493 1891 Φησὶ
1507 1856 1572 1891 γὰρ,
1587 1855 1651 1886 Υἱὸς
1671 1855 1721 1890 μὲν
1737 1855 1843 1890 Πατρὺς

1050 1902 1158 1937 θελήσει
1180 1902 1340 1938 γεγέννηται
1363 1902 1456 1937 μόνου,
1480 1902 1612 1937 ἀχρόνως,
1637 1901 1841 1936 ἁμεσιτεύτως·

1051 1950 1095 1976 ἵνα
1111 1949 1233 1980 διάκονος
1249 1949 1360 1983 γένηται
1374 1948 1421 1974 καὶ
1442 1949 1582 1984 ὑπηρέτης
1603 1947 1782 1983 βουλημάτων
1796 1947 1842 1974 τοῦ

1051 1996 1167 2031 Πατρός.
1203 1994 1310 2030 Ἐπειδὴ
1334 1995 1388 2030 γὰρ
1404 1995 1418 2021 ὁ
1449 1993 1644 2030 προγινώσκων
1671 1993 1738 2025 Θεὸς
1764 1994 1806 2020 ὅτι
1827 1992 1843 2020 ἃ

1052 2041 1146 2076 ἔμελλε
1163 2042 1302 2076 πράττειν,
1319 2041 1438 2067 ἀδύνατα
1456 2039 1490 2076 ἦν
1511 2041 1561 2075 τῆς
1574 2041 1729 2076 ἀκρατήτου
1742 2040 1846 2073 τάξεως

1051 2088 1098 2114 τοῦ
1118 2087 1260 2123 μέλλοντος
1276 2087 1345 2114 αὐτὰ
1358 2088 1444 2113 ποιεῖν
1458 2086 1524 2113 Θεοῦ
1538 2088 1566 2113 ὲν
1581 2086 1620 2121 τῷ
1640 2085 1766 2120 γενέσθαι
1781 2085 1844 2120 μέλο

1052 2133 1148 2160 λοντα·
1164 2133 1180 2169 ἢ
1204 2134 1259 2169 γὰρ
1274 2133 1327 2160 ἔδει
1351 2133 1420 2160 αὐτὰ
1439 2133 1527 2160 πάντα
1547 2133 1624 2164 θεοὺς
1634 2132 1762 2166 γενέσθαι
1776 2132 1850 2168 πρὸς

1053 2180 1132 2212 ἀξίαν
1159 2179 1205 2206 τοῦ
1224 2179 1374 2211 ποιοῦντος,
1397 2180 1444 2206 καὶ
1466 2181 1498 2206 ἐκ
1520 2180 1621 2206 τούτων
1646 2179 1758 2214 ἔμελλον
1774 2177 1845 2205 εἶναι

210 2232 294 2254 cerat.
312 2225 379 2254 Nam
397 2235 511 2262 prorsus
530 2235 640 2254 necesse
657 2233 725 2260 erat,
741 2233 770 2255 ut
787 2229 827 2256 vel
852 2229 944 2255 omnia
963 2229 996 2256 dii

1054 2225 1124 2252 θεοξο
1143 2226 1159 2261 ἦ
1175 2226 1227 2252 ἔδει
1243 2225 1312 2251 αὐτὰ
1325 2226 1459 2260 γενόμενα
1477 2225 1532 2260 ίΜ)
1549 2213 1670 2255 λύεσθαιι
1687 2224 1782 2259 ὥσπερ
1798 2233 1848 2260 κη-

208 2276 303 2300 essent
323 2271 400 2305 juxta
423 2272 583 2307 dignitatem
606 2273 665 2307 ejus
686 2274 733 2307 qui
758 2274 802 2300 illa
818 2275 998 2301 condiderat:

208 2325 241 2343 cx
259 2324 314 2352 quo
332 2323 492 2345 eventurum
511 2323 569 2345 erat
591 2324 621 2344 ut
647 2318 738 2353 plures
762 2320 799 2346 dii
823 2323 926 2347 essent.
951 2318 999 2346 Vel

207 2369 282 2390 ecrte
301 2371 412 2391 necesse
431 2369 500 2397 erat,
516 2372 544 2391 ut
558 2369 702 2399 postquam
721 2365 792 2392 facta
808 2365 926 2398 fuerant,
942 2369 999 2393 sta-

209 2411 257 2436 tim
280 2410 506 2442 dissolverentur,
530 2411 643 2445 perinde
663 2419 695 2438 ac
719 2420 781 2438 cera
805 2412 999 2439 ardentissimo

209 2456 265 2490 igni
286 2456 405 2483 admota.
431 2455 535 2484 Idcirco
558 2457 643 2484 Filius
670 2457 777 2484 medius
799 2457 904 2485 exstitit
930 2457 1000 2483 inter

210 2507 352 2529 creaturas
367 2510 428 2537 qua:
442 2503 590 2530 condenda:
607 2508 696 2534 erant,
713 2509 739 2529 et
758 2503 828 2529 inter
844 2502 952 2529 Patrem
967 2510 998 2528 ex

210 2559 265 2586 quo
283 2551 390 2586 genitus
405 2556 456 2583 rst,
475 2556 504 2578 ut
518 2551 542 2578 is
558 2559 617 2579 sese
632 2552 788 2583 demittens,
802 2558 886 2586 seque
905 2551 1001 2585 adjun-

1056 2273 1100 2308 ρον
1119 2272 1186 2307 πυρὶ
1204 2270 1298 2306 θερμῷ
1313 2271 1526 2306 προσαγόμενον.
1543 2271 1641 2305 Γέγονε
1659 2271 1709 2306 μὲν
1728 2268 1776 2297 οὖν
1800 2279 1849 2306 με-

1055 2319 1132 2353 σίτης
1146 2318 1200 2344 τῶν
1218 2327 1247 2344 τε
1262 2317 1409 2352 ἐσομένων,
1426 2318 1473 2343 καὶ
1491 2316 1538 2343 τοῦ
1555 2317 1751 2352 γεγεννηκότος
1767 2317 1849 2343 αὐτὸν

1054 2364 1134 2395 Θεοῦ,
1147 2364 1160 2390 ὁ
1178 2363 1252 2394 Υἱὸς,
1270 2363 1312 2388 ἵνα
1335 2362 1468 2394 συντάξας
1485 2363 1581 2389 ἑαυτὸν
1600 2362 1647 2389 καὶ
1662 2362 1847 2396 συγκαταδαί-

1054 2419 1107 2437 νων
1123 2411 1177 2441 τοῖς
1189 2410 1350 2444 γινομένοις,
1363 2409 1535 2435 ἀποτελέσειε
1549 2409 1579 2435 τὸ
1594 2409 1717 2444 βούλημα
1728 2408 1775 2435 τοῦ
1794 2408 1845 2435 Πασ

1052 2456 1128 2492 τρὺς,
1144 2456 1191 2482 καὶ
1215 2455 1329 2491 μεσίτης
1345 2455 1457 2490 γένηται
1476 2455 1523 2481 τοῦ
1546 2455 1614 2481 Θεοῦ
1632 2455 1680 2481 καὶ
1700 2454 1780 2490 ἡμῶν
1795 2455 1847 2481 τῶι.

1053 2502 1086 2529 δι’
1104 2502 1186 2529 αὑτοῦ
1211 2501 1375 2537 γενομένων.
1399 2501 1543 2528 Ἐλάνθανε
1565 2501 1593 2527 δὲ
1613 2501 1657 2527 διὰ
1676 2501 1778 2528 τούτων
1803 2500 1847 2527 τοί

1054 2548 1122 2574 Θεοῦ
1141 2548 1193 2574 τῶν
1209 2548 1276 2575 ὅλων
1298 2547 1440 2574 ἀσθένειαν
1455 2548 1502 2574 καὶ
1521 2547 1670 2582 βασκανίαν
1685 2547 1848 2582 καταψευδό-

835 2637 957 2660 νΑιΕειι
979 2635 1228 2659 ΑΝΝΟΤΔΤΙΟΝΕΞ.

247 2702 306 2738 (22)
325 2703 393 2731 Vide
409 2702 634 2737 Philostorgium,
652 2702 699 2728 lib.
713 2710 762 2738 vn.

249 2735 306 2774 ('25)
332 2738 418 2774 Ὁμοῦ
440 2735 602 2774 coptam—va
619 2738 735 2774 φύρειν.
755 2735 804 2763 llic
824 2735 1003 2774 Philostorgii

214 2769 301 2811 locusj
311 2775 345 2801 de
358 2769 532 2811 'Demophilo
546 2769 674 2811 episcopo
688 2769 1003 2811 constantinopolitano,

214 2809 367 2844 descriptus
389 2813 432 2835 est
455 2817 487 2835 ex
506 2809 552 2844 lib.
576 2816 603 2834 Ix
620 2807 844 2844 ejusllistoriw.
858 2807 948 2844 _Certe
977 2807 1005 2833 in

215 2841 352 2879 excerptis
371 2844 493 2879 ejusdem
510 2843 571 2869 libri
588 2844 676 2879 capite
689 2842 732 2873 14,
749 2843 842 2879 eadem
856 2841 912 2879 fere
925 2843 1005 2868 verba

217 2877 344 2914 leguntur
360 2877 393 2908 de
408 2878 577 2914 Detnophilo,
594 2878 639 2905 τον
653 2878 680 2904 δὲ
697 2877 850 2912 Δημόφιλον
866 2877 961 2912 φύρειν
978 2885 1008 2902 τε

1053 2701 1141 2727 πάντα
1166 2700 1213 2726 καὶ
1236 2701 1347 2735 συγχεῖν
1371 2699 1584 2734 ἁκρατέστατον,
1607 2699 1654 2725 καὶ
1675 2698 1798 2734 μάλιστά
1818 2706 1851 2732 γε

1053 2735 1087 2762 τὰ
1099 2736 1313 2769 ὲκκλησιαστικὰ
1328 2735 1462 2770 δόγματα,
1476 2739 1529 2762 etc.

1090 2771 1147 2804 (24)
1169 2772 1203 2798 ’Π
1213 2771 1274 2798 ἔδει
1287 2771 1363 2797 αὐτὰ
1376 2769 1529 2805 γενόμενα.
1543 2769 1662 2796 Primam
1673 2776 1771 2805 vocent
1784 2776 1851 2803 sup-

1056 2806 1126 2841 plevi
1139 2803 1181 2833 ex
1194 2808 1362 2842 conjectura.
1379 2803 1468 2834 Deest
1484 2808 1557 2833 enim
1573 2805 1599 2832 in
1618 2805 1736 2840 vulgatis
1758 2803 1851 2831 Suida:

1057 2842 1232 2869 editionibus.

1057 2843 1232 2870 editionibus.
