1967 3075
101 152 148 180 037

717 155 745 183 S.
768 155 918 184 ATTICUS
936 156 989 185 (ΣΡ.
1010 156 1118 185 EPISC.

1677 157 1730 185 638

102 219 186 247 μενος,
195 211 242 238 καὶ
252 210 298 238 τὸν
306 211 371 239 Υῑὺν
383 212 491 240 πάντων
500 212 555 240 τῶν
563 213 720 249 κτισμάτων
732 214 890 249 ἀποφαίνων
904 234 910 246 ε

950 223 1007 251 gens
1022 221 1049 243 et
1063 216 1173 244 socians
1192 217 1225 244 iis
1242 224 1302 251 qua:
1316 217 1432 245 creanda
1451 221 1540 250 erant,
1558 216 1725 244 voluntatem

101 256 318 292 καταδεέστερον.
340 258 370 284 '0
385 258 434 293 μὲν
445 258 499 295 γὰρ
513 259 630 295 ἀσθενὴς
645 261 677 287 ἂν
691 259 735 297 ἦν,
750 262 820 289 κατὰ
836 264 889 298 Δη-

101 302 218 338 μόφιλον,
237 304 261 329 ει
277 303 428 338 βουληθεὶς,
444 304 540 331 ἔπειτα
556 305 666 340 ἀπόρως
681 305 737 342 εἶχε
749 308 805 339 τοῖς
820 309 888 335 πᾶσι

100 350 127 375 τὸ
149 347 217 376 εἶναι
233 349 425 385 δωρήσασθαι·
440 350 537 384 φθόνου
557 352 580 378 δ’
595 353 645 378 οὐκ
665 353 823 389 ἀπήλλακτο
842 354 886 386 ἂν,

100 397 122 422 εἰ
144 395 202 428 ἐξὸν
222 396 296 431 αὐτῷ
311 396 388 427 θεοὺς
411 397 444 423 τὰ
463 398 547 424 ’πάντα
569 399 668 430 ποιεῖν,
681 400 696 425 ὁ
710 399 738 426 δὲ
763 401 888 434 ἐφαίνετο

102 442 294 478 μηχανώμενος
307 443 381 474 ὅπως
398 443 435 478 μὴ
456 443 558 479 ταύτης
573 444 648 480 αὐτῷ
661 445 730 482 τύχῃ
751 446 785 472 τὰ
807 455 889 481 γενη-

102 489 197 524 σόμενα
210 489 260 524 τῆς
276 489 365 522 ἀξίας.
382 489 435 515 Τοῦ
457 489 486 516 δέ
505 491 531 524 γ’
548 488 581 517 αὖ
601 491 698 522 Παιδὸς
717 492 768 518 οὐκ
787 491 821 527 ἦν
835 493 890 519 τῶν

101 534 255 569 κτισμάτων
267 534 353 566 οὐδὲν,
366 533 380 560 ὃ
394 534 431 569 μὴ
446 534 557 569 ἄμεινον
570 535 704 570 ὑπάρχειν
724 535 830 570 ἐδείχθη
845 535 890 568 ἂν,

101 580 176 614 εἴπερ
189 588 221 614 γε
244 579 281 616 μὴ
300 580 334 606 δι’
349 580 445 606 ἑαυτὸν
460 582 563 612 ἐκεῖνος
582 580 659 615 ἔτυχε
675 583 806 615 γεγονὼς,
822 581 891 608 ἀλλὰ

100 626 141 652 διὰ
155 626 254 652 σκοπὸν
268 626 316 652 καὶ
334 627 428 661 χρείαν
448 627 498 662 τῆς
519 626 622 653 τούτων
637 627 780 661 γενέσεως.
796 628 887 654 ’Ἃπαν

100 671 151 708 γάρ
161 680 202 698 τοι
211 672 242 699 τὸ
252 672 285 698 δι’
295 674 396 708 ἑτέρων
410 673 552 708 γινόμενον
566 674 671 709 χρείαν,
680 674 789 700 ἔλαττον
803 674 889 710 ὑπάρα

102 726 155 752 χειν
171 718 282 744 ἐκείνων
307 719 424 754 ἀνάγκη,
440 719 472 745 δι’
485 719 503 745 ἃ.
525 720 571 745 τοῦ
591 718 661 745 εἶναι
680 720 816 755 τυγχάνει.
834 720 888 746 Καὶ

101 763 165 790 ἄλλα
181 763 208 789 δὲ
224 763 352 799 ὲληρῴδει
365 764 461 791 πολλὰ.

938 260 1027 289 Patris
1051 261 1223 297 adimpleret.
1248 267 1375 297 essetque
1401 263 1534 289 mediator
1554 262 1625 289 inter
1641 261 1726 288 Deum

939 312 1021 341 atque
1038 307 1110 334 inter
1123 315 1173 335 nos
1186 308 1231 342 qui
1246 316 1294 342 per
1310 309 1385 335 illum
1402 307 1466 335 facti
1481 316 1588 335 sumus.
1606 308 1658 334 Sed
1673 316 1727 333 non

939 352 1130 379 animadvertit
1159 353 1345 387 Demophilus.
1380 361 1409 380 se
1434 353 1477 380 his
1506 353 1595 379 verbis
1621 360 1731 379 summo

940 398 1063 425 omnium
1086 399 1141 426 Deo
1164 399 1348 426 infirmitatem
1372 405 1399 427 et
1422 399 1550 426 invidiam
1568 398 1637 425 falso
1652 398 1731 425 aliin-

939 451 1012 479 gere,
1027 448 1054 471 et
1072 443 1171 471 Filium
1188 445 1332 473 deterioris
1349 446 1517 473 conditionis
1540 445 1629 472 facere
1646 452 1729 478 quam

940 490 1060 525 reliquas
1075 499 1172 519 omnes
1185 496 1335 519 creaturas.
1354 492 1421 519 Nam
1435 492 1516 519 Pater
1528 491 1637 526 quidem
1655 491 1730 516 intir-

940 543 1001 562 mus
1018 535 1098 563 fuerit
1113 545 1222 565 necesse
1236 543 1277 565 est
1290 538 1368 572 juxta
1384 537 1539 573 Demophili
1553 536 1728 566 sententiam,

940 582 1040 616 quippe
1054 583 1176 617 quicum
1192 584 1325 610 voluisset
1338 583 1445 611 cunctis
1462 583 1608 611 essentiam
1626 581 1728 616 largiri,

941 628 968 654 id
986 633 1079 662 postea
1096 630 1225 664 perlicere
1242 637 1294 656 non
1309 630 1438 664 potuerit.
1458 629 1499 656 Ab
1517 628 1619 655 invidia
1638 632 1729 655 autem

942 683 1114 710 nequaquam
1131 677 1237 704 alienus
1254 678 1346 709 fuerit,
1367 677 1389 705 εἰ
1406 684 1469 704 cum
1490 676 1540 710 ipsi
1556 675 1650 702 liceret
1665 681 1731 700 cun-

942 726 999 748 ctas
1016 728 1157 749 creaturas
1170 723 1236 750 deos
1250 723 1367 754 eilicere.
1387 724 1443 757 ipse
1466 722 1588 749 studiose
1607 720 1680 748 cavit
1697 726 1730 745 ne

906 766 926 792 B
941 771 1073 795 creaturae
1093 768 1215 803 ejusdem
1237 777 1299 796 cum
1319 770 1378 804 ipso
1400 768 1565 796 conditionis
1586 775 1618 794 ac
1640 766 1731 802 digni-

101 811 162 838 tatis
174 815 274 838 essent.
289 809 348 837 Jam
365 817 428 837 vero
448 809 527 843 Filio,
542 810 615 837 nulla
627 814 669 837 est
683 816 809 838 creatura
823 819 884 846 quae
903 819 957 838 non
973 814 1064 846 potior
1078 822 1109 841 ac
1124 815 1228 841 beatior
1239 815 1300 848 jure
1317 815 1412 841 merito
1441 821 1502 841 esse
1523 813 1647 840 videatur
1666 817 1674 839 ‘.
1704 808 1727 834 Si

102 859 209 893 quidem
232 857 276 884 ille
300 865 353 884 non
383 862 494 892 propter
509 859 703 892 semetipsum,
737 858 784 885 sed
806 858 842 884 ob
863 860 1121 894 contemplationem
1147 866 1228 896 atque
1242 869 1322 888 usum
1344 866 1532 889 creaturarum
1555 859 1643 886 factus
1676 862 1729 885 cst.

101 903 235 939 Quidquid
248 904 321 931 enim
334 904 369 930 ob
381 904 497 930 aliorum
513 904 657 930 utilitatem
672 905 711 936 Iit,
737 903 853 932 inferius
885 905 921 932 sit
941 913 1053 934 necesse
1075 912 1117 935 est
1135 907 1168 934 iis
1191 915 1309 942 quorum
1335 915 1418 935 causa
1441 907 1543 934 factum
1566 911 1617 933 est.
1647 904 1732 932 Multa

101 957 208 985 queque
225 950 278 977 alia
292 950 450 985 huiusmodi
465 950 567 985 profert
580 950 676 978 deliria
691 951 760 986 (‘25).

715 1037 754 1059 VA
758 1037 836 1059 LESII
856 1037 1095 1059 ANNOTATIONES
1100 1051 1106 1058 .

135 1103 190 1137 (23)
213 1103 277 1130 Vide
289 1102 455 1138 Philostorg.
471 1103 498 1130 in
510 1103 558 1130 lib.
577 1110 614 1134 ix,
629 1109 689 1137 cap.
707 1101 750 1128 Μ.

102 1198 1419 1216 W

719 1282 806 1306 ΔΝΝο
834 1282 946 1305 DOMINI
970 1282 1089 1305 CDXXV.

529 1376 634 1483 S.
721 1373 1311 1481 ATTICUS

345 1551 1126 1601 CONSTANTINOPOLITANUS
1160 1549 1407 1596 EPISCOP
1419 1550 1485 1595 US

777 1740 1079 1799 NOTITIA

614 1852 685 1884 (Acta
705 1852 754 1877 SS.
768 1851 894 1882 Bolland.,
912 1851 976 1883 Aug.
995 1854 1054 1876 tom.
1067 1849 1087 1881 Ι,
1099 1858 1154 1882 pag.
1166 1850 1228 1881 52'.)

141 1964 896 2001 LSozomenus,lib.vntcap.27,tcmpusordinationis
911 1967 932 1995 (ζ’.
950 1965 1026 1991 illum
1051 1963 1196 1994 ambirent,
1220 1967 1336 1995 eamque
1359 1960 1394 1987 ob
1415 1966 1526 1986 causam
1548 1958 1664 1985 multum
1681 1957 1738 1992 jam

105 2017 127 2044 S
152 2017 234 2043 Attici
247 2017 282 2043 ita
292 2016 394 2042 deiinit:
411 2024 419 2040 ‹
434 2014 485 2042 Sed
498 2014 662 2041 ctArsacius
672 2021 733 2041 cum
746 2012 896 2040 Ecclesiam

103 2061 440 2096 Constantinopolilanam
464 2060 539 2086 brevi
560 2059 690 2094 temporis
709 2059 798 2093 spatio
812 2058 898 2085 admi-

106 2109 264 2140 nistrasset,
283 2114 315 2134 ex
341 2106 392 2134 hac
415 2106 474 2132 luce
487 2106 633 2140 migravit;
648 2105 727 2140 cujus
743 2104 897 2131 successio-

107 2161 171 2180 nem
187 2161 250 2180 cum
269 2151 346 2179 multi
370 2155 462 2179 essent
483 2151 529 2186 qui
557 2151 704 2182 ambirent,
726 2155 824 2185 quarto
838 2155 900 2184 post

107 2200 215 2227 obitum
227 2199 300 2227 illius
315 2206 408 2226 mense
420 2198 562 2225 ordinatus
574 2204 615 2225 est
628 2197 744 2229 Atticus,
759 2196 900 2231 presbyter

107 2246 175 2273 cieri
191 2243 498 2279 Constantinopolitani,
515 2243 562 2278 qui
580 2251 652 2270 unus
665 2242 755 2270 fuerat
769 2250 799 2269 ex
817 2241 897 2269 Joan-

108 2288 154 2318 tiis
168 2290 386 2317 insidiatoribus.
405 2298 414 2314 ι
441 2288 618 2316 Si'Arsacius
641 2295 714 2315 anno
738 2287 801 2319 405,
818 2287 860 2314 die
873 2295 899 2314 χι

109 2335 275 2362 Novembris
289 2334 370 2365 obiit,
385 2337 416 2361 ut
431 2333 559 2368 superius
574 2340 604 2360 ex
621 2332 734 2360 Socrate
745 2331 901 2364 retulimus,

108 2386 138 2408 et
150 2380 230 2414 juxta
256 2379 439 2407 Sozomenum
468 2389 477 2404 ι
503 2383 603 2414 quarto
618 2383 679 2413 post
699 2378 804 2406 obitum
828 2377 901 2404 illius

109 2433 207 2453 mense
227 2425 369 2452 ordinatus
391 2428 433 2452 est
452 2424 567 2456 Atticus,
591 2433 600 2448 ι
622 2423 717 2450 debuit
736 2423 808 2450 circa
827 2430 903 2450 men-

109 2479 170 2499 sem
190 2471 316 2499 Martium
341 2470 406 2498 anni
431 2470 574 2505 sequentis
585 2469 700 2497 Arsacia
719 2469 826 2496 Atticus
841 2476 903 2496 suc-

109 2518 242 2545 cessisse.
269 2516 372 2544 Verum
392 2524 454 2543 cum
483 2515 610 2544 Socrates
627 2516 758 2548 sedecim,
774 2515 904 2543 etPalla-

108 2559 178 2591 dius
190 2562 380 2590 tantummodo
390 2554 598 2596 Quatuordecim
611 2561 816 2596 gubernationis
829 2569 905 2588 nien-

110 2617 158 2636 ses
185 2608 300 2635 Arsacio
329 2607 462 2640 tribuant,
491 2607 525 2634 de
553 2607 733 2634 determinato
762 2607 905 2634 electionis

951 2011 1080 2046 temporis
1095 2010 1217 2044 elapsum
1234 2013 1315 2041 esset,
1337 2008 1422 2035 altero
1438 2011 1500 2042 post
1519 2014 1602 2037 anno,
1621 2005 1740 2032 Arcadio

950 2063 1056 2086 sextum
1070 2061 1096 2083 et
1109 2055 1198 2083 Probo
1215 2054 1387 2084 consulibus.
1401 2063 1410 2078 ›
1429 2053 1528 2080 borum
1540 2052 1700 2079 consulatus
1710 2051 1737 2078 in

951 2110 1052 2130 annum
1066 2102 1118 2128 406
1130 2101 1248 2128 incidit?
1260 2110 1270 2126 ο
1288 2101 1321 2127 ad
1336 2100 1525 2134 episcopatum
1542 2103 1684 2133 promotus
1698 2102 1740 2124 est

950 2149 1056 2176 Atticus
1068 2148 1109 2175 vir
1126 2147 1281 2182 religiosus.
1303 2155 1312 2171 ι

986 2238 1013 2264 2.
1034 2236 1092 2264 Etsi
1114 2237 1222 2263 Atticus
1247 2242 1260 2260 a
1284 2234 1398 2261 Socrate
1409 2233 1449 2258 vir
1468 2231 1608 2266 religiosus
1623 2228 1740 2264 appelle-

953 2288 1006 2314 tur,
1021 2290 1074 2309 non
1086 2282 1145 2308 ideo
1159 2280 1322 2309 inliciamur.
1343 2278 1501 2313 religionem
1517 2278 1638 2311 aliasque
1655 2275 1741 2310 ipsius

952 2330 1068 2356 virtutes
1094 2327 1178 2354 naavis
1202 2325 1367 2360 quibusdam
1396 2323 1601 2351 contaminatas
1631 2321 1739 2348 fuisse:

953 2384 1016 2404 nam
1038 2382 1093 2402 non
1116 2373 1195 2400 modo
1215 2372 1348 2399 Joannem
1368 2371 1594 2406 Chrysostomum
1611 2368 1638 2395 in
1651 2367 1742 2395 conci-

953 2421 1055 2448 liabulo
1073 2420 1106 2447 ad
1117 2419 1253 2452 Quercum
1269 2417 1419 2449 accusavit,
1433 2424 1530 2444 verum
1548 2415 1629 2442 etiam
1650 2415 1741 2442 sedem

954 2466 1287 2501 Constantinopolitanam
1322 2464 1463 2499 illegitime
1496 2462 1616 2494 invasit,
1648 2465 1744 2488 sancto

957 2514 1074 2549 praesule
1094 2513 1183 2540 adhuc
1199 2512 1318 2544 vivente,
1331 2515 1355 2538 et
1377 2510 1463 2544 ipsius
1479 2509 1600 2536 fautores
1614 2507 1744 2534 indiscre—

957 2565 985 2588 to
1007 2560 1066 2587 zelo
1080 2563 1241 2594 persecutus
1261 2562 1313 2590 est,
1338 2557 1374 2584 ita
1397 2561 1427 2583 ut
1447 2564 1461 2582 a
1483 2555 1604 2582 Palladio
1626 2561 1686 2589 pag.
1709 2551 1745 2580 95

961 2615 971 2632 ‹
994 2606 1115 2633 omnium
1131 2605 1261 2632 adversus
1280 2603 1412 2630 Joannem
1429 2602 1599 2629 molitionum
1614 2599 1711 2626 artifex
1732 2608 1741 2624 ι

111 2654 190 2681 illius
208 2661 302 2681 mense
317 2658 364 2681 aut
387 2654 431 2680 die
458 2653 527 2680 nihil
547 2653 614 2680 certi
626 2653 707 2680 statui
731 2657 840 2687 potest:
857 2652 904 2680 sed
923 2643 946 2672 Β
961 2655 1083 2677 vocetur.
1105 2649 1157 2676 Sed
1183 2649 1291 2675 videtur
1315 2648 1386 2674 hanc
1408 2649 1514 2681 culpam
1539 2645 1698 2683 poenitentia
1718 2648 1745 2671 et

111 2701 207 2728 solum
223 2701 358 2735 sequitur,
382 2699 501 2727 Atticum
527 2699 638 2727 ineunte
655 2707 727 2726 anno
745 2699 797 2726 406
809 2699 903 2726 cathe-

111 2749 194 2775 dram
207 2746 538 2781 Constantinopolitanam
553 2753 713 2780 occupasse,
735 2750 764 2772 ut
777 2753 809 2773 ex
825 2753 907 2780 supra

111 2793 200 2822 dictis
218 2792 337 2824 eruitur,
354 2796 382 2819 et
399 2792 557 2819 testimonio
577 2791 698 2818 Socratis
718 2790 907 2823 conﬁrmatur,

111 2840 163 2875 qui
185 2839 233 2866 lib.
259 2846 284 2864 vt
308 2845 368 2872 cap.
389 2837 425 2864 20
446 2845 548 2865 annum
567 2836 748 2864 ordinationis
776 2837 854 2864 istius
874 2837 909 2864 ita

111 2886 220 2914 diserte
239 2884 380 2919 exprimit:
404 2893 412 2908 ‹
431 2883 498 2911 Cum
517 2888 607 2911 autem
631 2882 708 2910 multi
725 2883 910 2918 episcopatum

962 2696 1136 2724 revocatione
1150 2695 1259 2725 eluisse,
1275 2698 1304 2721 ut
1317 2694 1398 2728 paulo
1412 2698 1474 2728 post
1485 2698 1580 2719 contra
1596 2691 1745 2719 Tillemon-

961 2743 1028 2770 tium
1053 2741 1197 2769 ostendere
1223 2739 1394 2767 conabimur.
1421 2739 1500 2767 Certe
1523 2738 1629 2766 Atticus
1652 2741 1745 2771 postea

961 2797 1061 2816 nomen
1077 2787 1104 2815 S.
1120 2787 1234 2815 Joannis
1252 2787 1439 2823 Cbrysostomi
1454 2786 1541 2813 sacris
1555 2785 1654 2812 tabulis
1673 2784 1743 2811 inse-

961 2836 1025 2867 ruit,
1040 2835 1109 2862 utin
1135 2833 1257 2860 Historia
1274 2833 1418 2868 tripartito,
1437 2833 1483 2860 lib:
1498 2838 1546 2865 xn',
1568 2840 1625 2866 cap.
1642 2831 1670 2864 Ξ,
1688 2835 1745 2858 ῑηο

962 2882 1035 2909 ditur
1060 2881 1101 2908 liis
1122 2879 1233 2907 verbis:
1257 2889 1266 2905 ι
1286 2879 1392 2908 Atticus
1420 2887 1500 2914 porro
1519 2879 1663 2914 episcopus
1680 2884 1746 2905 θεῶν
