1967 3075
225 147 278 176 659

788 147 816 175 S.
837 145 988 175 ATTICUS
1006 145 1058 173 ΟΡ.

1080 145 1246 174 EPISCOPU
1251 146 1279 174 S.
1809 150 1855 180 οω

226 214 272 234 sas
307 205 438 234 Ecclesiae
468 207 601 242 sapientia
637 207 799 234 mirabiliter
828 205 991 240 disponebat
1008 224 1015 236 ,
1031 206 1055 234 Α
1068 203 1171 231 crimen
1185 203 1344 239 poenitentia
1357 203 1455 232 deinde
1469 212 1502 233 ac
1515 209 1589 233 recte
1607 205 1686 233 l'actis
1702 206 1854 241 egregieex-

225 252 413 287 doctrinisque
437 254 566 288 populum
582 254 615 280 ad
639 253 750 281 virtutis
775 253 899 280 studiunt
919 258 1017 286 provo-

225 299 327 326 cabat:
356 307 476 334 cumque
500 301 605 327 videret
626 300 743 327 divisam
768 298 929 329 Ecclesium,
953 305 1017 324 cuin

225 343 359 373 Joannittc
379 354 502 374 seorsum
520 347 591 381 apud
605 354 634 374 se
647 347 722 381 ipsos
733 354 810 373 sacra
829 344 960 372 solemnia
972 352 1018 370 cc—

226 391 373 424 lehtarent,
388 392 482 425 jussit,
496 398 525 419 ut
538 393 565 419 in
579 392 750 420 orationibus
759 391 890 418 memoria
903 389 1018 416 Joannis

226 436 383 469 haberetur,
398 439 470 465 sicut
485 438 600 465 aliorum
616 437 809 464 dormientium
825 436 1018 471 episcoporum

227 483 285 510 lteri
301 484 454 516 consuevit,
478 492 526 519 per
550 485 601 512 hoc
622 492 748 518 sperans,
772 483 904 518 plurimos
918 481 951 508 ad
965 479 1018 508 Ec-

227 529 337 556 clesiam
362 531 495 558 revocari.
516 539 527 556 ι
547 530 682 558 Caeterum
709 535 806 557 auctor
822 528 949 555 Ilistoria:
968 526 1018 553 tri-

226 575 332 609 pertitae
349 580 375 602 et
394 576 438 603 alii
455 577 561 611 antiqui
588 577 735 610 scriptores
757 575 920 610 pastoralem
936 572 1018 599 Attici
1033 613 1039 619 ⁸

227 621 405 656 vigilantiam,
418 621 564 650 ferventem
577 624 720 651 catholicae
735 623 796 650 ﬁdei
809 622 910 654 zelum,
926 620 1019 648 muni-

227 665 306 693 ﬁcam
319 675 383 702 erga
404 675 538 702 pauperes
554 668 784 699 misericordiam,
803 668 928 702 aliasque
946 666 1020 694 illius

226 713 342 739 virtutes
358 713 463 748 magnis
482 714 610 742 laudibus
628 715 773 746 extollunt,
786 720 815 741 ut
831 713 915 741 videri
930 715 1021 748 potest

227 759 254 785 itt
272 758 359 793 Opere
373 764 468 787 nostro
480 761 514 787 ad
530 761 601 788 diem
620 769 670 789 Vlll
689 761 822 794 Januarii,
845 760 891 787 ubi
908 759 1020 786 Bollan-

226 805 278 832 dus
288 805 351 834 Acta
369 806 455 840 ipsius
470 806 624 834 illustravit.

261 851 288 878 5.
309 849 364 878 Nos
380 858 516 879 memores
536 852 668 886 propositi
688 852 786 884 nostri,
807 858 863 887 quo
872 849 1019 878 chronolo-

1071 250 1164 285 piavit,
1189 255 1215 278 et
1243 251 1354 285 scriptis
1385 251 1483 278 litteris
1511 257 1606 279 auctor
1635 257 1731 279 sancto
1763 252 1856 286 Cyrillo

1071 297 1256 325 Alexandrino
1273 297 1337 331 fuit,
1356 302 1385 324 ut
1403 297 1594 332 Chrysostomi
1609 305 1709 325 nomen
1727 298 1856 333 diptychis

1071 343 1242 372 inscriberet.
1264 354 1273 370 ι

1107 389 1134 416 5.
1163 389 1266 417 Deinde
1290 389 1437 417 llollaudus
1471 397 1585 418 numero
1601 394 1731 425 sequente
1755 390 1857 418 exhibet

1072 435 1223 462 houorilica
1245 436 1370 469 quaedam
1389 441 1510 463 veterum
1529 438 1697 472 scriptorum
1720 438 1754 465 de
1770 437 1799 464 S.
1813 437 1857 464 At-

1072 481 1126 508 tico
1135 482 1301 514 testimonia,
1312 490 1373 517 qua:
1381 483 1456 510 Actis
1467 482 1526 517 ejus
1538 483 1727 517 praernittenda
1739 483 1857 516 censuit,

1075 536 1084 552 ε
1116 535 1150 554 ne
1173 528 1312 562 asperiore
1341 529 1497 563 aliquorum
1530 529 1556 555 in
1587 534 1713 556 sanctum
1743 529 1857 556 Atticutu

1072 572 1152 607 stylo,
1171 582 1181 598 ι
1202 573 1299 608 tuquit,
1317 582 1326 598 ε
1341 573 1400 608 ejus
1417 573 1543 602 fortassis
1558 575 1584 600 in
1600 574 1713 602 dubium
1733 576 1857 602 sanctitas

1073 623 1227 645 revocetur.
1251 628 1261 644 ι
1276 618 1377 646 Practer
1391 619 1455 652 alia,
1474 628 1535 655 qua:
1552 619 1701 648 Bullaudus
1715 628 1770 648 non
1787 621 1857 647 vidit.

1074 669 1122 691 aut
1134 664 1227 692 videre
1247 673 1301 692 ιιοιι
1318 666 1457 700 potuit,ad
1469 667 1702 702 cotnprobandam
1718 667 1798 702 hujus
1813 668 1857 694 At-

1075 711 1120 738 tici
1133 711 1319 745 sanctitatem,
1331 713 1443 748 allegari
1459 717 1548 748 potest
1566 713 1748 748 fragmentum
1762 715 1857 749 episto-

1074 756 1124 784 laet
1135 757 1204 784 beati
1219 757 1300 785 Attici
1311 758 1607 794 Constantinopolitaui
1621 759 1751 794 episcopi,
1767 769 1776 786 ι
1791 761 1858 795 quod

1074 803 1101 830 in
1118 803 1236 831 concilio
1244 803 1461 832 Chalcedonensi
1472 806 1542 840 apud
1556 805 1726 832 llarduinum
1740 811 1858 833 ttostrum

1075 853 1149 876 tomo
1170 848 1191 875 ll
1212 849 1395 877 Conciliantur
1414 851 1468 878 col.
1496 851 1548 878 654
1572 851 1673 878 citatur
1696 851 1766 878 inter
1790 852 1858 878 varia

226 897 315 932 gicam
329 896 522 932 episcoporum
538 897 907 932 Constantinopolitanorum
919 897 1017 923 serient
1033 891 1055 919 Β
1072 905 1081 919 ι
1098 895 1254 922 testimonia
1275 901 1431 923 sanctorum
1444 895 1567 928 Patrum,
1580 897 1627 932 qui
1638 902 1664 924 et
1674 897 1742 924 duas
1753 902 1858 925 naturas

226 942 361 977 praecipue
378 943 520 970 texendam
532 944 715 978 suscepimus,
734 943 846 970 omissis
857 943 919 970 aliis
935 941 1017 969 Attici

226 988 321 1022 gestis,
341 988 481 1023 pergimus
498 988 531 1015 ad
552 988 612 1022 ejus
635 993 763 1021 mortem,
782 996 866 1023 quam
889 987 1018 1014 Socrates

225 1034 274 1063 lib.
285 1043 334 1067 vn,
350 1042 410 1069 cap.
424 1035 469 1068 25,
485 1035 521 1062 ita
531 1034 631 1062 refert:
647 1044 656 1060 t
671 1034 806 1062 Caeterum
818 1035 924 1062 Atticus
935 1034 1016 1061 etiam

227 1086 334 1115 tempus
350 1081 441 1108 obitus
459 1081 501 1109 sui
523 1081 679 1115 przcscivit;
697 1089 760 1107 nam
777 1088 839 1107 cum
855 1079 944 1107 Nicaea
959 1079 1017 1107 dis-

225 1134 354 1154 cessurus
379 1132 462 1159 esset,
488 1127 621 1162 Calliopio
642 1127 715 1154 illius
734 1127 786 1154 loci
804 1127 964 1162 presbytero
980 1126 1017 1152 ita

225 1174 294 1201 dixit
308 1184 314 1201 :
327 1173 412 1206 Cura,
427 1179 456 1201 ut
480 1179 544 1201 ante
564 1180 729 1201 autumnum
748 1173 1016 1208 Constantinopolim

226 1219 331 1252 venias,
355 1220 378 1246 si
400 1227 443 1247 me
472 1220 561 1246 adhuc
589 1219 681 1246 vivum
706 1219 798 1246 videre
823 1219 911 1253 cupis.
938 1218 1017 1251 Quod

225 1273 286 1292 cutn
302 1265 425 1297 dixisset.
442 1273 457 1293 a
471 1266 583 1292 veritate
591 1273 646 1292 non
663 1265 801 1292 aberravit
812 1273 818 1291 :
829 1272 903 1291 anno
916 1264 1017 1300 quippe

224 1312 398 1346 episcopatus
421 1312 463 1338 sui
485 1313 574 1346 primo
594 1316 621 1338 ct
640 1311 781 1342 vicesimo,
796 1311 840 1338 die
861 1316 939 1338 sexto
954 1310 1016 1338 ldus

224 1357 360 1390 Octobris,
369 1358 436 1385 abiit
445 1366 460 1385 e
471 1358 535 1387 vita.
543 1358 689 1385 consulatu
699 1357 847 1385 Theodosii
859 1357 1014 1390 undecimo,

224 1409 251 1432 ct
264 1404 444 1431 Valentiniani
460 1404 578 1432 Caesaris
594 1405 694 1439 primo.
715 1415 723 1430 ι
744 1404 806 1432 "me
818 1405 951 1432 denotant
963 1412 1014 1431 an-

225 1458 288 1477 num
305 1450 406 1478 Christi
421 1451 483 1483 425,
501 1455 528 1478 et
544 1451 615 1478 dictu
631 1459 648 1478 ι
665 1451 804 1478 Octobris.
833 1451 872 1478 Ex
894 1451 936 1478 his
953 1458 1016 1478 cor-

224 1495 281 1530 rige
304 1503 423 1523 errorem
449 1497 675 1531 chronologicum
705 1496 884 1532 Papebrochii
911 1498 1014 1528 nostri.

224 1543 270 1577 qui
287 1547 361 1568 tomo
376 1541 409 1569 Ill
421 1542 506 1573 Junii,
528 1551 589 1577 pag.
602 1543 664 1575 307,
678 1548 796 1570 mortem
814 1543 843 1569 S.
859 1544 940 1571 Attici
956 1544 1016 1571 obi-
1030 1563 1052 1592 c

225 1593 266 1614 ter
286 1595 359 1614 anno
387 1587 439 1614 428
463 1588 648 1623 consignavit.
675 1587 753 1616 llaud
779 1588 861 1616 dubie
889 1589 1015 1617 Socrates

224 1632 408 1667 computando
429 1633 590 1660 vicesimum
619 1633 738 1668 primttm
765 1634 937 1668 episcopatus
966 1642 1015 1661 au-

224 1687 301 1710 nttm,
322 1679 505 1706 hallucinatus
524 1684 575 1711 cst,
592 1684 640 1706 aut
655 1687 734 1707 error
750 1681 775 1706 itt
789 1681 848 1715 ejus
869 1689 1013 1708 numerum

225 1724 348 1759 irrepsit:
362 1733 423 1752 cum
433 1725 506 1751 enim
518 1725 623 1752 Atticus
632 1726 727 1760 pritnis
737 1727 878 1753 mensibus
891 1727 1015 1754 annHOG

223 1769 381 1796 cathedram
396 1769 729 1804 Constantinopolitanatn
746 1771 911 1805 ascenderit,
925 1777 954 1799 ttt
969 1781 1015 1800 su-

224 1822 272 1848 pra
297 1815 399 1842 dictuut
423 1821 475 1848 est,
500 1816 534 1842 ab
560 1816 670 1842 ineunte
696 1824 769 1843 anno
797 1817 850 1844 406
871 1826 957 1853 usque
981 1819 1015 1845 ad

224 1867 345 1887 mensem
366 1860 509 1898 Octobrem
530 1862 593 1887 anni
607 1861 660 1888 425
686 1869 740 1889 tton
755 1862 808 1889 nisi
827 1863 1014 1891 novcuidccitn

223 1906 289 1933 anni
311 1906 482 1938 eﬂittxeraut,
499 1912 526 1934 et
544 1908 650 1935 Atticus
673 1913 737 1935 ante
755 1913 868 1935 mortem
893 1909 1014 1936 nonduut

225 1954 385 1980 vicesimum
403 1954 576 1988 episcopatus
597 1961 701 1981 annum
727 1956 896 1988 absolverat,
923 1961 950 1982 ut
964 1956 1016 1983 Ba"

225 2000 329 2029 ronius.
349 1998 460 2032 Pagius,
475 1999 575 2033 aliique
592 2000 643 2026 viri
661 2000 760 2026 eruditi
776 2004 839 2027 ante
860 2008 903 2027 me
922 2001 1015 2028 obser-

223 2049 332 2072 varunt.
353 2043 443 2077 Quare
458 2045 484 2071 in
501 2045 584 2072 variis
602 2045 748 2079 prtcsulum
765 2045 1016 2081 Constantinopoli-

223 2096 350 2118 tanorum
373 2091 505 2126 catalogis
527 2092 597 2126 apud
614 2091 773 2119 Bandurum
792 2097 859 2119 tom.
882 2093 1014 2127 Ilmperii

221 2137 367 2164 Orientalis
393 2145 408 2164 τι
440 2145 500 2171 pag.
522 2138 573 2165 l88
594 2138 692 2166 melius
720 2138 814 2173 viginti
838 2140 903 2166 anni
925 2139 1016 2167 Attico

223 2184 339 2211 rotunde
350 2184 517 2211 tribuuntur.

258 2228 285 2256 ι.
303 2228 452 2256 Bollandus
468 2233 563 2256 uoster
577 2229 703 2264 religioni
720 2230 772 2257 sibi
786 2230 874 2262 duxit,
889 2231 1011 2259 Atticum
1033 2245 1054 2272 ι)

222 2276 554 2311 Constantinopolitanutn
587 2277 766 2311 episcopum,
799 2278 880 2313 cujus
913 2287 1014 2306 nomen

221 2321 387 2356 quibusdam
422 2320 580 2349 Graecorum
608 2321 825 2358 Latinorumque
852 2323 1014 2359 Menologiis

222 2367 384 2402 inscriptum
410 2367 521 2402 legerat,
552 2376 585 2396 ex
612 2369 824 2397 immemorabili
855 2371 947 2398 ettltns
970 2373 1013 2398 sui

221 2413 397 2446 possessione
413 2413 569 2440 deturbare.
593 2413 662 2441 lltnc
676 2415 709 2441 ad
726 2415 797 2442 diem
821 2424 869 2442 vut
887 2415 1012 2444 Januarii

220 2458 288 2484 Acta
308 2458 382 2486 illius
401 2466 434 2486 ex
452 2459 536 2486 variis
556 2460 677 2494 antiquis
698 2461 880 2494 scriptoribus
899 2470 1013 2497 operose

220 2503 340 2538 collegit,
363 2508 391 2531 et
414 2504 649 2532 Commentariuut
672 2508 752 2533 suuui
782 2508 819 2534 ita
847 2507 1011 2535 inchoavit:

222 2558 233 2574 ε
249 2549 326 2577 Multi
348 2556 473 2578 sanctum
492 2551 722 2587 Cbrysostoutum
737 2554 794 2580 acri
811 2554 903 2581 studio
921 2555 1012 2588 impu—

221 2603 350 2630 gnaruu',
372 2598 418 2632 qui
437 2603 527 2625 tamctt
543 2608 665 2626 errorem
683 2600 782 2627 deinde
797 2608 876 2627 suum
894 2609 1013 2636 agnove-

222 2647 294 2674 runt,
310 2648 391 2678 atque
414 2645 489 2671 ontni
512 2647 668 2673 sanctitatis
692 2647 771 2674 laude
794 2647 956 2675 ﬂoruerunt.
984 2648 1011 2676 In

222 2688 264 2715 his
281 2688 309 2715 S.
323 2689 429 2717 Atticus
445 2691 589 2725 cpiscopus
608 2692 931 2727 Constantiuopolitauus
949 2694 1011 2726 fuit,

221 2736 268 2769 qui
296 2737 353 2762 zelo
384 2737 564 2764 immoderato
595 2744 621 2765 ct
648 2747 821 2774 nequaquam
859 2741 1011 2768 secundum

222 2781 363 2809 scientiam
391 2784 540 2818 abreptus,
566 2792 620 2810 non
645 2785 807 2813 adversatus
831 2789 938 2813 tantum
970 2792 1014 2814 est-

222 2833 317 2854 sancto
335 2827 541 2864 Chrysostomo,
568 2830 614 2857 sed
640 2836 701 2865 post
723 2832 866 2859 Arsaciutn
892 2835 919 2860 in
939 2834 1010 2868 ejus,

222 2873 370 2901 etiamnum
388 2876 554 2909 superstitis,
575 2876 734 2904 cathedram
757 2879 889 2906 successit
910 2889 916 2906 :
938 2881 1010 2915 quod

1070 939 1096 966 in
1114 938 1225 967 Christo
1243 941 1362 969 confessi
1380 947 1454 974 sunt,
1471 947 1498 969 et
1511 943 1771 970 consubstantialem
1789 943 1858 970 Patri

1069 984 1154 1012 Deum
1167 985 1297 1018 Verbum,
1319 988 1401 1014 etiam
1426 989 1504 1016 nobis
1531 989 1681 1016 secundum
1704 997 1812 1017 carnem
1830 998 1858 1016 ex

1068 1030 1152 1058 Maria
1177 1033 1439 1060 consubstantialem
1456 1034 1569 1066 factum,
1586 1035 1721 1062 veraciter
1738 1043 1858 1063 asserue-

1069 1083 1143 1110 runt,
1163 1089 1173 1104 ι
1189 1084 1218 1105 ut
1238 1079 1335 1106 ibidetu
1357 1080 1410 1107 col.
1427 1079 1477 1108 651
1500 1081 1607 1115 legitur.
1625 1080 1673 1109 His
1700 1082 1770 1109 adde
1791 1083 1857 1109 anti-

1068 1132 1122 1159 qua
1151 1124 1181 1151 S.
1197 1124 1313 1151 Dalmati
1337 1125 1415 1156 Acta,
1433 1134 1495 1161 qua).
1514 1127 1548 1153 ad
1569 1127 1640 1154 diem
1655 1135 1686 1155 ιιι
1700 1128 1816 1163 Augusti
1830 1129 1858 1155 il-

1070 1171 1211 1198 lustrauda
1243 1175 1326 1204 sunt,
1355 1176 1382 1199 et
1410 1174 1437 1199 in
1456 1173 1556 1207 quibus
1589 1173 1662 1208 apud
1700 1174 1859 1201 Anselmum

1068 1217 1226 1244 Bandurutu
1253 1222 1328 1245 totno
1356 1217 1376 1244 ll
1405 1218 1515 1253 Imperii
1546 1219 1693 1247 Orientalis
1721 1228 1783 1256 pag.
1811 1221 1859 1248 699

1069 1264 1170 1298 pra-sul
1216 1264 1261 1291 ille
1289 1264 1607 1300 Constantinopolitanus
1640 1267 1737 1294 merito
1775 1267 1861 1294 sancti

1068 1310 1147 1336 titulo
1169 1310 1207 1336 ita
1223 1310 1379 1337 decoratur:
1395 1321 1404 1336 ‹
1420 1311 1472 1338 Nec
1488 1311 1533 1338 diu
1551 1316 1644 1346 postea
1661 1312 1729 1339 obiit
1751 1319 1860 1341 sanctus

1067 1355 1210 1390 episcopus
1226 1355 1344 1389 Atticus,
1367 1357 1394 1383 in
1414 1357 1494 1391 cujus
1515 1357 1605 1384 locum
1629 1357 1770 1386 Sisinnius
1781 1359 1860 1387 suile-

1067 1404 1129 1428 ctus
1143 1406 1195 1433 est,
1211 1401 1252 1428 vir
1267 1402 1328 1436 pius
1346 1410 1377 1429 ac
1390 1402 1545 1438 religiosus.
1567 1412 1577 1429 ι

1103 1446 1130 1474 6.
1151 1446 1341 1475 Tillemontius
1366 1454 1440 1475 tomo
1465 1447 1511 1474 XII
1542 1448 1707 1476 Monument.
1734 1450 1827 1477 eccles.
1847 1459 1860 1478 ε

1069 1499 1130 1526 pag.
1147 1492 1199 1518 “6
1215 1492 1290 1520 hisce
1303 1493 1434 1520 omnibus
1447 1502 1502 1520 non
1516 1495 1680 1529 acquiescit;
1695 1495 1743 1523 sed
1756 1501 1861 1528 contra.

1069 1538 1152 1564 citato
1172 1538 1206 1565 ad
1224 1539 1376 1574 marginem
1392 1539 1535 1573 Bollaudo,
1553 1541 1655 1568 famam
1677 1542 1760 1570 Attici
1779 1543 1861 1570 libere

1071 1583 1242 1618 proscindit,
1267 1589 1294 1611 et
1319 1585 1447 1612 audacter
1471 1588 1639 1621 pronuntiat,
1673 1589 1746 1615 nulla
1774 1589 1861 1623 ipsum

1069 1629 1237 1662 poenitentiae
1254 1630 1331 1665 signa
1350 1639 1469 1666 unquam
1489 1632 1606 1666 dedisse,
1621 1637 1648 1660 et
1663 1634 1729 1660 nihil
1751 1633 1861 1667 fecisse,

1071 1679 1100 1701 ut
1120 1675 1292 1710 illegitimam
1317 1685 1394 1704 suam
1416 1678 1616 1706 ordinationem
1635 1685 1784 1714 repararet.
1807 1681 1861 1708 huc

1069 1721 1149 1755 plane
1161 1721 1310 1750 laudabiles
1327 1722 1355 1749 S.
1371 1723 1451 1751 Attici
1472 1725 1606 1757 actiones,
1629 1730 1693 1760 puta
1706 1727 1861 1754 misericor-

1069 1767 1142 1793 diam
1167 1775 1231 1802 erga
1255 1777 1398 1804 pauperes,
1425 1771 1451 1798 in
1471 1771 1632 1799 deteriorem
1655 1778 1759 1807 partem
1780 1775 1862 1801 inter—

1070 1818 1203 1848 prctatur,
1215 1820 1313 1849 etpost
1326 1816 1436 1850 explosa
1452 1821 1498 1844 aut
1513 1818 1630 1853 maligne
1641 1819 1775 1853 explicata
1790 1820 1861 1848 illius

1069 1861 1156 1895 elogia
1172 1861 1280 1888 tandetn
1308 1869 1370 1897 pag.
1387 1863 1439 1890 419
1460 1863 1610 1896 concludit,
1633 1865 1705 1891 haud
1725 1865 1862 1893 immerito

1071 1906 1220 1934 timendum
1237 1915 1307 1938 esse,
1333 1916 1367 1935 ne
1392 1909 1558 1936 desiderium
1583 1918 1644 1937 sese
1666 1911 1814 1939 extollendi
1833 1921 1863 1940 ac

1070 1952 1096 1979 in
1111 1953 1179 1980 alios
1195 1953 1351 1980 dominandi
1373 1954 1382 1988 (
1397 1955 1455 1981 sive
1472 1962 1519 1988 per
1534 1956 1724 1983 auctoritatem
1747 1957 1863 1984 benevo-

1070 1999 1246 2035 lentiamque,
1261 2001 1318 2028 sive
1330 2001 1424 2028 saltem
1438 2008 1623 2037 pcrterrorctn
1640 2005 1665 2031 id
1682 2011 1774 2039 posset
1791 2005 1866 2034 asse?

1069 2046 1127 2080 qui)
1145 2048 1172 2073 in
1189 2047 1278 2074 Attico
1293 2047 1375 2074 fuerit
1389 2049 1524 2083 prazcipua
1540 2050 1624 2077 animi
1639 2052 1795 2086 propensio,
1815 2057 1866 2080 aut

1072 2102 1081 2117 ‹
1106 2093 1243 2128 cupiditas
1259 2094 1351 2121 cordis
1372 2094 1433 2129 ejus
1447 2095 1626 2129 dominatrix,
1645 2106 1655 2122 ι
1677 2103 1706 2123 ιιι
1728 2097 1866 2126 Gallicam

1070 2136 1237 2165 Tillemontii
1249 2139 1370 2173 phrasin:
1388 2140 1494 2168 titlelius
1513 2140 1608 2168 Latine
1622 2143 1788 2177 exprimam.

1106 2184 1130 2211 7.
1152 2183 1210 2211 Non
1228 2186 1315 2218 video,
1339 2195 1394 2221 quo
1412 2187 1474 2221 jure
1490 2188 1680 2216 Tilletnontius
1696 2191 1729 2217 de
1747 2192 1868 2219 intentis

1070 2230 1099 2258 S.
1122 2232 1203 2258 Attici
1226 2233 1420 2260 allectionibus
1438 2235 1492 2262 tale
1513 2236 1606 2262 tulerit
1621 2236 1767 2270 judicium,
1788 2239 1868 2272 quod

1067 2277 1118 2304 soli
1136 2277 1191 2304 Deo
1205 2278 1342 2312 convenit,
1359 2280 1487 2314 quodque
1503 2289 1631 2316 supremo
1643 2284 1768 2311 cordium
1783 2293 1868 2312 scru-

1067 2325 1148 2350 tatori
1170 2325 1333 2359 prudentius
1354 2327 1518 2360 reliquisset.
1537 2327 1604 2355 Nolo
1622 2329 1666 2356 hic
1684 2329 1868 2358 Tillemontio

1065 2369 1184 2404 olijicere
1198 2371 1335 2405 vulgarem
1354 2371 1424 2406 juris
1441 2373 1573 2407 regulam,
1595 2382 1648 2408 qua
1668 2376 1763 2402 tandiu
1781 2378 1868 2411 quis-

1066 2417 1137 2450 piam
1161 2417 1335 2450 prtesumitur
1356 2418 1459 2449 bonus.
1486 2420 1572 2447 donec
1598 2421 1729 2454 probetur
1757 2424 1867 2452 malus.

1066 2462 1134 2490 Nolo
1148 2463 1199 2497 ipsi
1214 2471 1352 2498 opponere
1375 2465 1547 2493 notissimam
1563 2467 1727 2495 Christiana
1739 2469 1869 2496 charito-

1066 2510 1100 2536 tis
1115 2509 1211 2544 legem,
1232 2518 1285 2545 qua
1301 2511 1432 2545 juhemur
1450 2513 1574 2540 actiones
1598 2514 1715 2548 proximi
1740 2515 1868 2550 benigne

1064 2555 1211 2590 explicare,
1235 2558 1357 2591 quandiu
1373 2558 1525 2586 manifesta:
1541 2559 1653 2587 malitia:
1671 2568 1724 2587 non
1743 2563 1866 2589 convin-

1064 2607 1174 2630 cuntur.
1194 2602 1261 2630 Nolo
1277 2603 1394 2638 denique
1408 2606 1452 2632 hic
1479 2607 1602 2640 proferre
1622 2608 1714 2635 varias
1728 2608 1757 2635 S.
1774 2609 1865 2636 Attici

1064 2650 1188 2681 virtutes,
1201 2657 1261 2683 qua:
1273 2650 1299 2676 ιιι
1311 2651 1386 2677 Actis
1403 2652 1463 2686 ejus
1473 2652 1507 2679 ad
1520 2652 1592 2679 diem
1606 2661 1656 2680 vm
1675 2652 1802 2682 Januarii
1818 2656 1865 2682 in-

1064 2695 1150 2721 veniri
1173 2700 1297 2729 possunt.
1320 2695 1377 2724 Hoc
1401 2697 1480 2724 unice
1503 2698 1655 2732 contendo,
1676 2700 1799 2727 Atticum
1833 2702 1863 2727 in

1065 2741 1244 2768 immoderato
1262 2749 1313 2769 suo
1330 2748 1425 2770 contra
1447 2743 1476 2771 S.
1492 2744 1718 2780 Chrysostomum
1736 2747 1798 2774 zelo
1814 2752 1865 2774 at-

1064 2794 1117 2820 que
1132 2787 1159 2812 in
1174 2787 1314 2822 illegitima
1332 2789 1507 2824 episcopatus
1525 2791 1700 2825 possessione
1716 2800 1807 2827 usque
1825 2793 1865 2820 ad

1065 2839 1178 2861 mortem
1198 2842 1251 2861 non
1276 2843 1473 2869 perseverasse.
1496 2836 1522 2864 Id
1543 2842 1632 2865 atttem
1645 2840 1792 2866 ostendere
1807 2847 1863 2866 co-

1065 2882 1150 2909 nabor
1164 2882 1264 2916 duplici
1278 2886 1449 2916 argumento,
1464 2891 1581 2918 quorum
1596 2892 1680 2932 unum
1694 2886 1748 2912 erit
1762 2893 1778 2912 a
1794 2893 1867 2920 pos-
