1967 3075
227 155 280 184 ωδ

225 213 358 249 quosdam
378 213 542 242 Macedonia:
563 215 707 250 episcopos
728 215 799 250 apud
815 215 965 248 Labbeum,
979 218 1021 241 to-

224 268 270 288 mo
290 260 325 287 Ν
338 260 528 294 Conciliorum,
542 261 595 289 eo].
617 261 697 294 1708,
709 262 813 294 innuat,
831 261 1019 290 Innocentium

224 306 252 334 in
262 307 439 334 admittendis
449 309 482 334 ad
492 308 715 336 communionem
724 308 890 335 adversariis
900 308 928 335 S.
937 308 1021 344 Chry-

225 354 340 381 sostomi
357 362 408 381 non
427 353 563 382 dillieilem
579 354 674 386 luisse,
693 359 775 389 atque
796 355 829 382 ad
848 356 1020 390 propositum

225 405 352 428 nostrum
376 404 438 436 post
452 401 506 428 alia
520 401 560 428 sic
576 401 707 435 loquatur
723 410 730 428 :
750 410 758 427 ι
776 402 847 428 Ante
859 401 940 428 breve
956 406 1020 428 tem-

225 454 287 482 pus,
308 447 334 474 id
346 451 397 478 est,
413 447 464 474 sub
481 447 682 482 praedecessore
705 455 766 474 meo
789 447 875 474 beata:
891 448 1019 474 recorda-

226 494 309 521 tionis
324 493 494 526 Innocentio,
507 492 689 520 Orientalium
710 493 895 521 Ecelesiarum
910 494 1020 528 poutiti-

225 547 272 566 ces
281 539 414 571 dolentes,
428 546 458 566 se
469 545 484 564 a
500 539 571 565 beati
584 537 655 566 Petri
665 540 858 566 communione
867 539 1017 574 sejunctos,

225 593 274 620 per
295 585 397 620 legatos
423 593 528 620 pacem,
549 585 621 611 sicut
646 584 768 612 cltaritas
793 591 884 612 vestra
908 585 1016 619 retinet,

225 635 410 667 poposcerunt
427 639 434 657 :
459 639 513 665 quo
529 635 654 665 tempore
667 632 816 665 apostolica
833 632 912 659 sedes
925 632 1017 659 omnia

226 686 280 705 non
297 677 439 705 diﬂiculter
459 676 583 704 indulsit.
611 686 620 702 ι
647 676 726 705 Nunc
750 677 936 705 adversarium
955 685 1017 712 pro—

225 724 294 759 priis
311 724 371 751 suis
392 723 478 750 armis
495 723 696 758 aggrediamur,
709 729 746 757 et,
766 728 794 751 ut
810 724 890 759 \‘ulgo
905 724 957 751 diei
969 732 1015 751 so-

225 772 273 804 let,
288 771 321 798 ad
338 770 476 798 hominem
497 775 731 805 argumentemur.

262 818 306 845 15.
342 817 532 845 Tillemontius
567 821 643 844 tomo
675 816 733 844 XIV
771 817 888 844 Monuit).
921 818 1013 846 eules.

224 871 284 898 pag.
299 864 354 891 280
368 863 477 895 fatetur,
493 863 522 891 S.
541 863 673 899 Cyrillum
687 863 903 891 Alexandrinum
921 864 947 891 iu
964 872 1014 892 suo

224 909 406 937 immoderato
439 913 534 936 contra
566 908 594 936 S.
627 908 759 936 Joannem
786 909 1015 945 Chrysostomum

224 956 283 983 zelo
295 956 397 984 diutius
409 964 491 991 quam
506 956 574 984 alios
587 964 682 984 omnes
695 964 896 991 perseverasse,
909 957 1015 991 ipsum-

224 1010 278 1037 que
295 1003 425 1030 maluisse
441 1003 475 1030 ab
491 1001 613 1030 Ecclesia
628 1002 750 1029 Romana
767 1007 794 1029 et
807 1002 877 1029 forte
891 1003 1015 1036 pluribus

223 1047 287 1075 aliis
300 1052 456 1083 separatum
469 1055 589 1079 manere,
603 1055 686 1082 quam
700 1054 799 1073 nomen
807 1047 867 1081 ejus
879 1046 1015 1082 diptychis

223 1094 384 1122 inscribere.
410 1093 462 1120 Sed
484 1093 583 1120 deinde
603 1093 692 1120 citans
728 1093 754 1119 in
782 1092 906 1127 margine
935 1092 1015 1119 Nice-

225 1141 342 1175 phorum
355 1139 497 1167 Callistum
511 1139 559 1166 lib.
573 1147 619 1166 xtv
635 1139 706 1166 Hist.
725 1138 817 1165 ecclcs.
834 1147 893 1172 cap.
909 1139 954 1170 28,
968 1147 1014 1166 er-

225 1194 337 1214 roneam
353 1185 381 1213 S.
396 1186 491 1222 Cyrilli
508 1186 713 1220 persuasionem
732 1185 775 1212 his
790 1185 934 1220 Nicephori
954 1193 1014 1212 ver-

224 1235 267 1262 bis
281 1238 395 1262 excusat
416 1243 422 1261 :
439 1243 447 1260 ι
461 1231 596 1266 Quoniam
610 1241 674 1260 vero
684 1233 829 1260 dissidium
844 1233 894 1259 hoc
903 1233 1012 1267 quidem

223 1288 257 1307 ex
273 1279 458 1310 aemulatione,
476 1278 602 1312 quamvis
620 1285 673 1304 non
690 1277 840 1304 secundum
859 1276 1012 1307 scientiam,

223 1333 279 1353 non
295 1329 386 1352 autem
406 1331 441 1351 ex
457 1323 569 1356 invidia,
586 1331 674 1357 neque
691 1322 824 1350 diabolica
838 1322 1013 1349 contentione

224 1371 356 1401 manavit,
375 1378 428 1397 non
442 1373 570 1404 oportere
584 1369 673 1395 virum
689 1374 715 1394 et
729 1368 854 1395 doctrina
873 1371 900 1393 et
912 1367 1013 1393 virtute

223 1420 409 1451 praestantem,
434 1415 484 1442 bac
500 1423 552 1441 una
573 1415 600 1440 in
616 1421 645 1441 re
664 1413 831 1444 claudicare,
851 1421 906 1447 quo
921 1413 1012 1440 minus

223 1463 257 1490 ad
279 1470 414 1490 summam
439 1460 632 1497 perfectionem
654 1460 818 1495 perveniret,
844 1459 898 1486 Deo
921 1459 1010 1486 visum

221 1513 273 1536 est.
288 1508 419 1536 llomines
432 1509 504 1534 enim
517 1507 554 1534 illi
570 1512 657 1538 erant,
679 1511 705 1533 et
717 1506 846 1532 humanis
862 1505 1013 1532 alfeclioni-

222 1557 274 1583 bus
288 1555 411 1583 obnoxii.
439 1564 448 1581 ι
468 1553 530 1581 “me
551 1553 691 1581 excusatio
708 1554 790 1580 etiam
807 1561 855 1587 pro
867 1553 956 1579 Attico
971 1551 1012 1578 al—

222 1602 286 1629 lerri
301 1606 400 1636 potest.

258 1647 301 1674 14.
323 1647 445 1682 Denique
457 1646 648 1673 Tillemontius
662 1645 760 1672 ibidem
777 1653 837 1680 pag.
853 1644 901 1671 ‘18!
917 1652 949 1671 cx
966 1652 1012 1671 eo-

221 1695 282 1722 dem
303 1694 458 1729 Nicephoro
481 1694 594 1721 Callisto
613 1696 716 1723 narrat,
740 1691 877 1726 quomodo
901 1693 1010 1718 tandem

222 1742 250 1769 S.
278 1741 394 1777 Cyrillus
413 1749 511 1768 nomen
533 1740 561 1767 S.
585 1739 773 1774 Chrysostomi
800 1738 887 1765 sacris
910 1737 1010 1764 tabulis

221 1789 378 1820 inseruerit,
399 1794 427 1815 ut
448 1796 496 1815 nos
517 1787 548 1814 ad
569 1787 639 1814 diem
656 1794 739 1812 xxvnt
755 1785 878 1812 Januarii
895 1785 921 1811 iu
936 1784 1010 1811 Aclis

222 1835 251 1862 S.
265 1835 358 1870 Cyrilli
371 1834 384 1870 §
399 1834 415 1861 6
430 1834 581 1860 retulimus.
596 1832 647 1859 Sed
658 1831 848 1859 Tillemontius
861 1831 959 1858 ibidem
977 1830 1011 1857 de

221 1888 273 1907 suo
285 1880 370 1912 addit,
387 1879 520 1914 Cyrillum
532 1878 603 1905 haud
618 1877 759 1904 tlillieulter
770 1876 921 1903 ol.tinuisse
933 1883 1009 1902 cotu-

223 1927 380 1954 munionem
406 1925 533 1953 Ecclesia:
562 1923 702 1953 Romanae.
729 1922 773 1950 cui
804 1926 869 1949 tunc
896 1925 1010 1956 praeerat

221 1971 360 2003 Zosimus,
377 1971 462 1998 missa
481 1969 551 1996 haud
570 1969 651 1995 dubie
670 1967 783 1994 Romam
799 1967 942 2002 legatione.
956 1965 1009 1993 Sed

221 2017 312 2045 nullos
330 2017 412 2051 hujus
441 2015 585 2050 legationis
603 2018 686 2040 testes
701 2018 749 2040 aut
773 2013 879 2039 tabulas
899 2013 1007 2047 allegat,

221 2064 293 2091 sicut
309 2068 399 2090 tanten
416 2062 442 2088 in
458 2062 519 2088 aliis
540 2061 668 2087 Historia:
684 2066 740 2086 sua:
755 2057 941 2089 ecclesiastica:
956 2066 1009 2084 mo-

220 2110 350 2136 numentis
372 2109 471 2143 ubique
493 2108 587 2135 sedulo
606 2107 696 2134 facere
723 2105 876 2133 consuevit.
893 2105 950 2132 lloc
967 2104 1006 2132 si-

219 2155 303 2184 lentio
319 2155 458 2187 indicavit,
477 2162 537 2182 sese
556 2153 705 2180 Romanam
731 2153 824 2188 Cyrilli
844 2151 1006 2186 legationem

218 2209 354 2237 nusquam
369 2201 438 2236 apud
454 2205 558 2228 veteres
567 2200 714 2234 scriptores
727 2198 873 2230 invenisse,
891 2196 1006 2232 eamque

219 2249 349 2275 duntaxat
363 2246 489 2274 intulisse
505 2254 519 2272 a
536 2245 693 2280 posteriori,
713 2245 777 2280 quia
795 2244 920 2271 videlicet
936 2243 1005 2270 inter

217 2293 419 2321 communionis
436 2296 463 2319 et
482 2292 557 2327 pacis
571 2292 743 2319 conditiones
759 2299 775 2318 a
789 2290 921 2317 Romanis
937 2297 1005 2324 pon-

219 2339 337 2366 tiﬁcibus
353 2338 554 2373 requirebatur.
566 2337 747 2364 Adversarius
764 2337 845 2368 igitur
861 2343 914 2362 non
934 2343 1005 2369 aegre

217 2385 286 2411 l'erat
305 2391 356 2411 nos
375 2383 501 2418 superius
523 2381 618 2410 eodem
643 2383 795 2416 argumenti
818 2388 916 2415 genere
940 2388 1004 2408 usos

216 2439 287 2462 esse,
306 2436 385 2464 atque
401 2438 414 2457 a
437 2429 582 2465 posteriori
596 2429 749 2463 collegisse,
770 2428 842 2463 quod
857 2427 885 2454 S.
898 2427 1004 2455 Atticus

217 2479 226 2510 <
239 2477 319 2512 cujus
333 2477 427 2504 saltem
444 2476 582 2503 Romanas
600 2475 748 2510 legationes
778 2479 893 2502 testatur
915 2474 1004 2502 Theo-

216 2524 337 2558 doretus)
354 2521 518 2550 satisfecerit
531 2522 660 2550 omnibus
674 2521 885 2553 conditionibus,
901 2528 960 2556 quae
970 2521 1004 2548 ab

217 2568 374 2596 Innocentio
387 2569 515 2602 pontiﬁce
531 2568 717 2603 exigebantur.

254 2613 298 2641 15.
325 2613 354 2641 Si
376 2613 565 2641 Tillemontius
584 2614 611 2640 in
632 2621 715 2641 causa
741 2613 770 2640 S.
791 2613 883 2649 Cyrilli
899 2618 1001 2640 tantam

215 2661 403 2688 auctoritatem
414 2661 515 2688 tribuat
527 2660 681 2695 Nicephoro
695 2660 818 2692 Callisto,
835 2660 1001 2688 nobisetiam

217 2707 277 2735 licet
283 2708 407 2734 eumdem
418 2712 556 2734 auctorem
565 2707 693 2741 allegare,
701 2707 747 2741 qui
761 2707 807 2734 lib.
818 2715 872 2739 xiv,
883 2714 943 2741 cap.
956 2705 1001 2739 24,

216 2754 334 2782 Atticum
360 2754 397 2781 ita
422 2753 514 2781 laudat
539 2762 545 2780 :
574 2763 583 2779 ‹
609 2753 714 2780 Atticus
741 2758 830 2780 autem
857 2753 1002 2788 episcopus

214 2800 532 2834 Constantinopolitauus
545 2819 552 2831 ,
573 2804 603 2827 ut
623 2799 742 2827 Ecclesia
768 2800 934 2827 incrementa
951 2807 1000 2826 sua

213 2851 334 2881 caperet,
351 2846 467 2873 mirilice
485 2853 595 2881 operam
611 2845 698 2873 dedit:
721 2853 827 2873 summa
849 2846 920 2873 enim
936 2853 1001 2880 pru-

213 2895 304 2922 deutia
321 2901 379 2922 eam
393 2894 599 2926 administrans,
621 2893 750 2921 continua
770 2893 892 2920 doctrina
914 2900 1000 2929 popu-

785 156 814 185 S.
836 155 988 184 ATTICUS
1005 155 1058 183 ΟΡ.
1079 155 1279 187 EPISCOPUS.

1810 164 1853 193 6M

1035 215 1058 243 A
1073 214 1128 242 lum
1149 216 1182 242 ad
1199 217 1318 244 studium
1334 218 1442 245 \irtutis
1457 219 1585 246 excitavit
1599 228 1605 252 ς
1621 223 1647 246 et
1657 219 1691 246 ad
1709 219 1854 248 misericor-

1071 261 1144 288 diam
1160 267 1242 297 atque
1265 263 1436 297 largitionem
1457 269 1511 290 tam
1535 264 1665 299 proclivis
1686 264 1748 296 fuit.
1763 270 1792 292 ut
1807 274 1855 294 non

1071 307 1154 334 modo
1171 307 1222 339 eis,
1243 308 1290 343 qui
1311 309 1338 335 in
1356 309 1485 343 parmciis
1498 309 1558 343 ejus
1579 314 1668 342 erant,
1691 311 1783 345 egenis
1801 319 1856 345 pro-

1070 352 1216 380 videndum
1243 353 1365 384 duceret,
1383 354 1430 381 sed
1455 355 1537 381 etiam
1559 354 1657 381 vicinis
1672 355 1855 384 Constantino-

1070 399 1124 432 poli
1136 397 1266 426 Eeclesiis
1281 400 1424 434 pecuniam
1444 400 1558 427 multam
1574 401 1608 427 ad
1627 409 1777 436 pauperum
1798 410 1856 430 eon-

1070 444 1233 471 solationetn
1260 446 1388 473 mitteret.
1413 455 1422 472 ι
1452 445 1568 473 Easdem
1597 446 1624 474 S.
1645 447 1728 475 Attici
1751 447 1856 475 virtutes

1069 489 1116 516 lib.
1144 497 1192 521 vn,
1211 498 1271 525 cap.
1293 491 1338 522 25,
1355 497 1488 518 memorat
1514 492 1653 523 Socrates,
1675 501 1756 527 quem
1774 497 1855 520 tamen

1069 535 1261 564 Tillemontius
1292 537 1423 572 explodit.
1459 537 1545 566 Porro
1584 538 1655 565 idem
1693 538 1855 574 Nieepborus

1069 582 1117 609 ιιι).
1149 591 1205 615 xn',
1235 591 1296 618 cap.
1319 583 1374 616 25,
1402 584 1507 616 innuit,
1544 584 1665 611 Atticum
1703 592 1766 611 vere
1799 592 1854 612 cum

1069 628 1098 655 S.
1116 628 1317 664 Chrysostomo
1334 635 1445 656 mortuo
1456 630 1483 656 in
1500 631 1615 665 gratiam
1632 630 1756 664 rediisse,
1772 631 1856 658 talem-

1067 681 1121 708 que
1147 673 1232 701 l'uisse
1255 674 1327 702 illius
1351 675 1571 702 emendationem
1596 683 1628 703 ac
1654 677 1854 711 pmnitentiam,

1070 730 1079 746 ι
1094 724 1124 747 ut
1137 720 1378 755 reprehensionem
1400 729 1472 754 eam,
1490 730 1543 756 qua
1564 723 1703 756 expetitus
1721 729 1774 756 est,
1788 724 1855 758 quod

1065 765 1180 794 Joannis
1200 773 1348 795 sectatores
1368 769 1439 795 male
1459 769 1607 803 acceperit,
1631 777 1645 797 a
1667 777 1697 797 se
1718 771 1854 803 amolitus,

1066 809 1127 842 aliis
1146 814 1313 842 obvelaverit
1335 815 1425 843 bonis.
1448 825 1457 841 ι
1477 815 1548 848 Quid
1569 824 1633 851 ergo
1655 817 1779 851 peccavit
1798 817 1856 844 Bol—

1066 861 1175 895 landus,
1195 862 1260 889 dum
1281 862 1359 890 initio
1375 863 1570 890 Commentarii
1589 865 1631 890 sui
1648 864 1728 895 dixit,
1750 864 1779 891 S.
1794 865 1857 891 Atti-

1069 917 1131 936 cum
1151 909 1267 936 erimina
1282 909 1391 944 injustas
1405 917 1462 937 sua:
1482 910 1681 944 persecutimtis
1703 917 1735 937 ac
1751 910 1855 945 illegiti-

1069 963 1121 982 ma:
1136 955 1288 983 invasionis
1307 956 1466 990 poenitentia
1489 961 1516 983 et
1533 961 1605 984 recte
1621 956 1700 984 lactis
1714 957 1856 992 expiasse?

1105 1001 1148 1028 16.
1168 1000 1342 1036 Nicephorus
1352 1002 1471 1037 denique
1479 1003 1591 1030 citatum
1603 1009 1685 1038 caput
1697 1003 1732 1031 25
1746 1004 1781 1031 ita
1793 1011 1856 1031 con-

1069 1047 1171 1075 cludit:
1193 1057 1202 1073 ‹
1219 1047 1354 1075 Cmterum
1377 1056 1439 1076 cum
1456 1048 1562 1076 Atticus
1585 1057 1696 1084 quoque
1714 1050 1855 1085 episcopus

1068 1094 1328 1130 propterJoannitas
1340 1094 1486 1122 Ecclesiam
1496 1104 1556 1123 esse
1569 1096 1685 1123 scissent
1701 1096 1812 1128 videret,
1824 1096 1856 1123 de

1068 1141 1222 1175 principum
1249 1141 1384 1167 sententia
1401 1142 1458 1175 ipse
1470 1149 1580 1176 quoque
1601 1142 1766 1169 mentionem
1785 1142 1855 1168 illius

1068 1187 1126 1214 ﬁeri
1140 1187 1166 1214 iu
1183 1187 1388 1222 precationibus
1401 1187 1496 1221 jussit,
1508 1187 1740 1222 quemadmodum
1754 1187 1778 1213 id
1791 1193 1815 1214 el
1828 1187 1854 1214 in

1068 1233 1129 1259 aliis
1145 1232 1293 1267 episcopis,
1309 1232 1355 1267 qui
1385 1233 1438 1259 vita
1453 1232 1653 1264 excessissent,
1671 1233 1727 1259 ﬁeri
1746 1233 1855 1259 solitum

1066 1282 1134 1306 erat.
1146 1280 1234 1313 Atqtte
1248 1287 1280 1305 ex
1294 1286 1327 1306 eo
1343 1283 1464 1313 tempore
1477 1279 1650 1313 paxexstitit,
1664 1279 1750 1306 donec
1763 1283 1855 1314 postea

1068 1332 1177 1359 quoque
1199 1325 1321 1359 reliquiae
1341 1325 1401 1359 ejus
1423 1325 1484 1351 urbi
1506 1324 1650 1359 imperanti
1675 1325 1755 1351 illata:
1781 1329 1853 1351 sunt.

1067 1370 1174 1397 Atticus
1196 1370 1339 1402 invidiam,
1366 1370 1392 1396 in
1410 1377 1492 1404 quam
1506 1376 1616 1405 propter
1637 1371 1758 1397 divinum
1773 1369 1851 1397 Joan-

1067 1424 1129 1443 nem
1144 1415 1292 1448 deciderat,
1318 1416 1370 1443 hoc
1388 1416 1470 1443 modo
1494 1416 1636 1451 magniﬁce
1655 1416 1781 1443 abolevit.
1800 1415 1854 1443 Nec

1067 1462 1111 1488 ille
1126 1462 1208 1489 modo
1222 1463 1248 1488 id
1263 1461 1345 1495 fecit;
1360 1462 1406 1489 sed
1425 1462 1486 1488 aliis
1501 1470 1609 1496 quoque
1623 1461 1734 1489 Joannis
1749 1469 1851 1488 memo-

1067 1509 1135 1536 riam
1152 1509 1279 1543 precibus
1295 1509 1414 1536 inserere
1425 1508 1626 1540 recusantibus,
1639 1513 1665 1534 et
1678 1507 1780 1543 Cyrillo
1796 1516 1853 1536 ma-

1067 1556 1139 1582 xime
1157 1555 1330 1582 Alexandria:
1352 1555 1472 1590 pra‘suli,
1491 1555 1538 1589 qui
1565 1555 1699 1581 hostiliter
1722 1553 1855 1581 Joannem

1063 1602 1169 1634 oderat,
1188 1601 1261 1636 qttod
1286 1601 1330 1628 ille
1347 1609 1362 1628 a
1385 1601 1536 1635 Theophilo
1560 1605 1658 1635 patruo
1680 1608 1730 1627 suo
1747 1600 1855 1627 diSSt’ll‘

1063 1649 1156 1681 sisset,
1182 1648 1327 1682 persuasit.
1355 1657 1363 1673 ι
1389 1647 1458 1674 Tutn
1487 1646 1657 1679 Nieephorus
1678 1646 1855 1681 sequentibus

1062 1695 1199 1729 capitibus
1224 1694 1319 1720 recitat
1337 1693 1439 1720 litteras
1463 1693 1543 1719 Atliei
1564 1696 1588 1719 et
1603 1692 1706 1727 Cyrilli,
1726 1692 1798 1719 ultro
1816 1692 1850 1718 ci-

1062 1745 1159 1775 troque
1175 1740 1201 1766 in
1216 1739 1267 1766 hac
1285 1747 1366 1766 causa
1387 1739 1512 1773 scriptas,
1532 1746 1565 1765 ex
1587 1738 1687 1773 quibus
1706 1737 1856 1765 Tillemon~

1062 1788 1118 1814 tius
1141 1792 1216 1814 tomo
1238 1785 1285 1813 ΧΠ
1303 1785 1467 1812 Mannment.
1486 1785 1580 1811 erclcs.
1602 1793 1664 1819 pag.
1687 1784 1740 1811 116
1758 1784 1854 1815 infert,

1064 1835 1183 1862 Atticum
1197 1833 1308 1867 reliquis
1321 1833 1380 1859 suis
1391 1832 1512 1867 peccatis
1523 1831 1661 1858 addidisse
1673 1832 1854 1866 bypocrisitn,

1063 1881 1084 1907 si
1104 1881 1130 1907 in
1147 1880 1237 1906 auitno
1254 1879 1380 1905 habuerit
1395 1886 1486 1909 sensa,
1506 1886 1566 1911 quzc
1581 1877 1606 1903 in
1618 1877 1678 1904 istis
1695 1877 1794 1904 litteris
1806 1885 1855 1904 ex-

1061 1927 1171 1962 pressit.
1187 1926 1288 1952 Durum
1304 1924 1601 1958 cnimvcrojudiciuml

1097 1973 1140 1999 17.
1163 1972 1283 2007 ingenue
1297 1971 1395 2004 fateor,
1411 1979 1444 1998 ex
1457 1971 1563 1998 duabus
1583 1970 1611 1997 S.
1631 1970 1712 1997 Attici
1727 1970 1856 2004 epistolis

1060 2019 1218 2046 nonnullam
1246 2017 1431 2045 dillicultatem
1457 2017 1559 2044 moveri
1580 2025 1670 2051 posse,
1684 2024 1746 2044 eum
1767 2017 1795 2043 in
1819 2016 1857 2043 iis

1059 2066 1202 2100 signiticet,
1233 2072 1262 2092 se
1285 2066 1383 2091 timore
1409 2069 1437 2091 et
1462 2064 1626 2091 necessitate
1648 2063 1737 2097 potius
1763 2070 1852 2096 quam

1059 2119 1152 2138 amore
1174 2115 1221 2137 aut
1242 2110 1400 2145 pmnitentia
1418 2109 1558 2136 inductum
1584 2108 1677 2141 fuisse,
1700 2113 1728 2134 ut
1745 2115 1856 2135 metuo-

1059 2158 1127 2184 riam
1139 2156 1167 2183 S.
1179 2156 1293 2183 Joannis
1303 2155 1492 2191 (Ilirysostomi
1502 2155 1671 2190 indiptychis
1687 2154 1853 2181 celebraret.

1058 2204 1191 2231 Praeterea
1212 2203 1329 2234 Atticus,
1354 2203 1381 2229 in
1402 2202 1522 2236 Epistola
1539 2202 1574 2228 ad
1593 2202 1701 2228 Petrum
1713 2206 1738 2228 et
1756 2201 1856 2228 dide—

1021 2258 1043 2286 D
1058 2251 1126 2277 sium
1146 2251 1270 2277 diaconos
1294 2249 1405 2284 scripta,
1429 2248 1543 2275 innuero
1563 2248 1680 2279 videtur,
1695 2247 1855 2282 depositio-

1057 2304 1117 2323 netn
1134 2295 1324 2330 Cbrysostomi
1338 2294 1364 2321 in
1381 2293 1606 2329 pseudo-synodo
1626 2294 1798 2326 Quercetaua
1813 2294 1856 2321 le-

1055 2343 1178 2378 gitimam
1196 2343 1290 2370 fuisse.
1312 2341 1364 2368 Sed
1379 2348 1441 2368 eum
1455 2341 1554 2375 scripta
1566 2345 1592 2368 et.
1606 2345 1679 2375 gesta
1696 2340 1854 2367 illustrium

1055 2395 1103 2416 aut.
1118 2392 1275 2416 sanctorum
1293 2387 1416 2414 virorum
1449 2393 1557 2420 semper
1575 2386 1601 2412 in
1625 2385 1767 2412 meliorem
1786 2393 1858 2420 pata

1056 2439 1109 2461 tem
1122 2434 1282 2469 explicanda
1301 2433 1367 2464 sint,
1388 2432 1522 2466 imprimis
1539 2430 1673 2465 suspicari
1689 2438 1856 2465 possemus.

1054 2481 1172 2508 Atticum
1193 2479 1270 2506 initio
1283 2479 1469 2511 existimasse,
1484 2477 1556 2512 quod
1574 2479 1606 2504 ad
1623 2485 1702 2504 suam
1722 2478 1858 2504 reconci-

1032 2553 1035 2556 ,
1054 2526 1192 2553 liatiouem
1204 2531 1231 2553 et
1243 2525 1426 2552 Ecclesiarum
1439 2531 1532 2558 pacem
1549 2523 1694 2554 sulliceret.
1707 2523 1729 2549 si
1744 2530 1856 2562 nomen

1053 2571 1241 2607 Chrysostomi
1255 2570 1501 2605 quomodocunque
1519 2568 1606 2596 sacris
1622 2568 1723 2595 tabulis
1743 2567 1858 2594 insere-

1053 2622 1103 2645 ret.
1115 2617 1162 2644 Sic
1176 2617 1262 2652 potuit
1277 2616 1306 2643 S.
1317 2616 1433 2652 Cyrillo,
1445 2623 1525 2650 quem
1538 2614 1636 2641 Joanni
1647 2614 1715 2649 Chr)
1722 2619 1856 2641 sostomo

1053 2663 1170 2690 maxime
1192 2663 1330 2690 adversari
1355 2666 1477 2693 noverat,
1501 2661 1572 2688 hanc
1594 2659 1745 2686 molliorem
1769 2662 1856 2694 pacis

1052 2709 1234 2738 conditionem
1249 2715 1411 2743 proponere,
1421 2712 1451 2734 ut
1465 2714 1525 2734 eam
1541 2706 1647 2733 facilius
1661 2705 1857 2740 amplectere-

1051 2761 1105 2782 tur.
1121 2756 1154 2782 At
1167 2754 1229 2789 quis
1248 2759 1362 2785 asseret,
1379 2753 1451 2779 illam
1468 2752 1548 2779 Attici
1563 2751 1725 2786 ltypothesin
1738 2751 1774 2778 ab
1791 2751 1855 2778 Ec-

1051 2801 1134 2828 clesia
1163 2799 1285 2826 Romana
1316 2799 1456 2833 probatam
1485 2798 1587 2825 fuisse?
1610 2797 1691 2824 Forte
1716 2797 1775 2825 haec
1793 2797 1857 2824 fuit

1051 2847 1138 2881 prima
1157 2846 1231 2881 pacis
1251 2845 1382 2875 conditio,
1405 2852 1488 2879 quam
1509 2844 1616 2872 Atticus
1631 2844 1688 2872 sedi
1710 2843 1858 2871 Romanae

1051 2893 1159 2927 obtulit,
1185 2897 1211 2920 et
1232 2897 1328 2927 prseter
1345 2899 1426 2927 quam
1451 2891 1572 2919 Ecclesia
1589 2890 1710 2918 Romana
1731 2891 1766 2918 ab
1782 2891 1857 2926 ipso

1025 1571 1047 1599 C
