1967 3075
106 161 160 190 645

850 162 1003 190 NOTlTIA.

1698 167 1751 195 666

106 218 174 245 alias
194 217 294 253 exegit,
316 225 377 253 quae
400 218 544 254 implenda:
565 223 654 252 erant,
676 224 821 255 antequam
846 229 902 248 sua:
917 226 940 252 Α
955 222 1042 250 adhuc
1058 230 1171 250 crroncc
1184 224 1320 258 putaverit
1341 232 1461 252 canones
1472 225 1672 253 ecclesiasticos
1687 233 1751 261 pos-

105 264 295 291 communioni
309 264 501 292 restitueretur
518 274 524 292 :
542 265 606 292 dum
624 266 696 293 enim
713 265 900 294 Tlteodorelus

107 309 213 342 scribit,
228 309 349 337 Atticum
368 321 377 337 (
397 316 458 346 post
475 311 576 339 multas
600 312 751 346 legationes
777 320 808 340 ac
825 314 900 348 pacis

106 357 254 392 petitiones
269 359 378 385 tandem
402 369 411 384 ι
431 359 465 386 ab
488 359 708 387 Occidentalibus
728 360 760 387 ad
775 367 899 388 commu-

105 402 216 430 nionem
246 403 398 431 admissnm
428 404 534 437 fuisse,
564 405 633 432 satis
659 405 780 437 indicat,
808 406 900 440 plures

106 447 233 483 utrinque
263 449 416 483 propositas
439 448 524 476 fuisse
548 450 731 482 conditiones,
753 454 899 485 antequam

106 497 178 523 inter
193 495 314 523 Atticum
337 501 364 524 et
387 495 538 524 Romanam
557 496 706 524 Erclesiam
731 498 898 525 conveniret.

143 542 186 570 ts.
208 542 295 576 Adde,
319 543 393 578 qunti
411 544 462 578 ipsi
484 543 637 570 Orientales
658 543 778 570 Atticum
801 544 900 570 exhor-

105 589 154 616 tali
178 588 289 621 fuerint,
313 595 344 617 ut
362 589 555 617 defensoribus
579 589 693 617 Joannis
710 590 898 625 Cbrysoslomi

105 643 167 663 sese
182 637 381 664 reconciliaret.
408 636 436 664 Id
456 636 600 664 manifeste
619 637 773 672 colligimus
796 645 828 664 ex
846 635 899 672 Sy-

106 682 194 713 nesio,
213 683 342 717 episcopo
360 682 491 717 Cyrenaeo
505 688 532 709 et
547 689 658 710 auctore
675 683 842 718 syncltrono,
852 683 898 718 qui

105 728 250 755 occasione
276 729 419 763 cujusdam
440 729 598 762 Alexandri,
623 737 704 764 quem
730 728 758 756 S.
779 728 899 756 Joannes

106 774 320 810 Cbrysostomus
339 775 591 809 Basiuopolitanum
616 776 774 811 episcopum
799 784 898 803 conse-

105 824 240 850 craverat,
253 819 331 854 epist.
347 819 381 847 66
396 820 430 846 ad
446 820 623 854 Theotimum,
637 826 700 856 post
715 822 767 848 alia
784 822 823 849 sic
836 821 900 849 scri-

105 864 165 892 bit:
185 873 195 891 ε
212 865 281 892 Cum
297 865 402 894 Joanne
420 867 549 895 defuncto
572 867 760 895 familiaritate
784 868 899 902 conjun-

104 914 167 938 ctus
178 915 236 944 est;
256 912 407 939 honoretur
422 913 494 940 enim
509 921 524 940 a
538 914 616 940 nobis
631 915 764 941 memoria
783 914 895 946 mortui,
913 912 933 940 Β

105 956 170 990 quia
184 957 273 984 omnis
285 957 474 984 malevolentia
498 966 560 986 cum
577 959 628 986 ltac
643 959 698 986 vita
716 967 769 986 una
784 959 898 994 deponi-

105 1006 159 1029 tur.
180 1001 249 1030 Cum
278 1011 312 1031 eo
333 1004 518 1032 familiaritate
541 1005 724 1040 coniunctus,
751 1011 896 1041 antequam

106 1047 235 1077 Ecclesia:
247 1050 381 1077 seditione
393 1050 624 1084 conﬂictarentur,
635 1051 670 1078 ab
685 1051 758 1078 illius
769 1052 897 1080 manibus

103 1094 251 1130 episcopus
267 1095 422 1124 declaratus
446 1101 488 1123 est
511 1096 688 1132 Bithynorum
713 1097 895 1133 Basinopolis.

105 1139 285 1177 Posteaquam
306 1147 396 1170 autem
410 1148 469 1170 orta
482 1149 521 1171 est
535 1144 682 1176 dissensio,
699 1146 848 1179 permansit
860 1147 895 1178 ei,

104 1193 120 1214 ι
136 1194 191 1222 quo
206 1187 365 1222 designatus
382 1188 479 1219 fuerat,
497 1189 613 1222 anticus,
627 1194 655 1217 et
670 1189 721 1217 fuit
733 1198 765 1218 ex
781 1191 834 1219 illis
849 1192 897 1227 qui

105 1232 132 1259 in
146 1233 279 1261 seditione
290 1233 350 1268 ejus
364 1239 456 1268 partes
468 1235 554 1261 secuti
570 1240 644 1262 sunt.
654 1234 835 1271 Posteaquam
848 1245 897 1264 au-

103 1284 157 1306 tem
169 1280 276 1307 concilii
288 1281 420 1307 sententia
433 1281 498 1308 vicit
511 1301 518 1313 ,
531 1281 690 1316 aliquandiu
706 1283 816 1316 quidem
835 1291 897 1318 per-

103 1324 205 1352 mansit
230 1325 337 1353 seditio.
360 1326 430 1359 Quid
448 1334 511 1353 vero
526 1335 633 1354 narrem
645 1327 751 1359 scienti,
767 1328 821 1355 imo
835 1329 895 1363 ipsi,

103 1371 151 1405 qui
168 1371 371 1398 administravit
384 1372 601 1399 conciliationem
615 1372 714 1400 factata
723 1373 734 1399 ἱ)
743 1372 896 1401 Praesertim

103 1424 165 1443 cttm
177 1417 320 1451 quemdam
330 1417 449 1444 libellum
459 1417 567 1453 legerim
577 1418 783 1453 doctum,quem
791 1419 823 1446 ad
833 1419 896 1447 bea-

104 1464 172 1494 tum,
190 1462 217 1488 ni
233 1461 322 1494 fallor,
339 1462 457 1489 Atticum
476 1463 625 1494 scribebas,
642 1464 754 1491 hortans
771 1465 844 1491 illum
862 1465 896 1491 ad

102 1508 287 1542 receptioncm
304 1509 412 1535 illorutn
428 1509 559 1539 virorum,
574 1518 582 1534 ι
598 1510 644 1544 qui
658 1510 784 1538 videlicet
804 1516 896 1546 partes

102 1551 290 1589 Chrysostomi
320 1554 514 1589 sequebantur.
543 1554 623 1582 Forte
634 1555 750 1587 Atticus,
769 1556 811 1583 his
824 1557 896 1583 aliis-

102 1606 155 1633 que
171 1598 351 1627 Orientalium
365 1601 515 1628 amicorutu
536 1602 773 1629 exhortationibus
791 1608 893 1635 motus,

101 1649 199 1679 postea
216 1646 351 1673 sinceram
365 1654 427 1674 cum
453 1647 606 1675 fautoribus
621 1648 810 1684 Cbrysostomi
827 1650 896 1676 ami-

101 1689 195 1717 citiam
212 1691 286 1723 iniit,
304 1696 331 1718 et
343 1691 421 1726 plene
439 1693 570 1720 satisfecit
589 1694 791 1722 conditionibus
804 1716 810 1727 ,
827 1703 895 1729 quas

101 1737 225 1765 Romana
234 1737 356 1766 Ecclesia
373 1739 407 1766 ab
420 1739 480 1774 ipso
491 1740 625 1775 exigebat.
643 1740 671 1767 Si
685 1741 741 1768 lucc
754 1742 895 1776 conjectu-

101 1792 132 1812 ra
150 1790 244 1812 nostra
260 1793 314 1812 non
333 1786 430 1821 placet,
444 1787 557 1814 alteram
575 1789 780 1822 responsionem
798 1789 893 1816 otl'ero.

138 1833 182 1861 t9.
195 1833 300 1862 Atticus
312 1842 345 1861 ex
356 1843 407 1862 una
421 1843 453 1870 pa
461 1841 500 1862 rte
516 1844 565 1871 per
579 1844 721 1865 erroneam
737 1838 894 1873 opinionem

101 1881 257 1912 verebatur,
279 1886 308 1908 ut
322 1881 435 1909 colendo
457 1883 616 1910 memoriam
634 1882 748 1910 Joannis
771 1883 894 1919 Chryso-

100 1926 184 1952 stomi
203 1926 402 1954 ecclesiasticos
413 1935 532 1955 canones
545 1929 611 1956 satis
622 1934 716 1956 exacte
727 1929 892 1963 observaret;

99 1980 133 2000 ex
148 1973 233 2000 altera
250 1981 312 2001 vero
328 1974 435 2001 videbat
461 1982 490 2002 se
516 1983 529 2002 a
546 1977 609 2002 sede
633 1976 756 2002 Romana
784 1983 894 2011 separa-

101 2022 171 2051 tum,
188 2023 216 2046 et
238 2019 387 2047 Ecclesiam
412 2021 519 2055 tnaguis
541 2022 791 2055 perturbationibus
809 2023 894 2057 agita-

101 2068 169 2096 tam,
182 2072 215 2092 eo
229 2065 301 2100 quod
322 2067 481 2094 memoriam
501 2066 688 2103 Cbrysostomi
702 2069 838 2096 celebrare
851 2076 894 2096 re-

100 2111 298 2139 cusaret.Cum
315 2111 342 2139 in
356 2113 408 2141 hoc
421 2114 548 2148 perplexo
560 2122 649 2142 rerutn
666 2120 740 2143 statu
756 2115 802 2143 diu
814 2116 893 2143 dubi-

100 2158 284 2192 tasset,quid
309 2158 360 2186 sibi
385 2159 475 2193 potius
501 2159 654 2187 faciendum
677 2165 759 2192 esset,
783 2161 892 2189 tandem

100 2204 271 2239 scrupulosa
296 2212 431 2232 canonum
450 2205 632 2233 observationi
656 2207 838 2234 obedientiam
866 2212 893 2235 et

909 1587 930 1615 C

951 267 1067 295 sessioni
1086 276 1142 295 sua:
1157 268 1257 296 favere.
1277 269 1310 295 At
1330 277 1362 296 eo
1389 274 1510 304 tempore
1528 269 1556 297 S.
1580 270 1697 306 Cyrillus
1719 272 1747 298 in

950 314 1045 340 eodem
1068 322 1160 342 errore
1184 315 1355 347 versabatur,
1370 320 1408 349 .ut
1430 320 1505 350 patet
1521 323 1554 343 ex
1576 316 1748 350 rcsponsoria

951 360 1024 388 illitis
1050 361 1083 387 ad
1099 362 1217 388 Atticum
1232 361 1366 395 Epistola,
1391 370 1452 397 qua:
1474 362 1544 397 apud
1563 361 1748 397 Nicephorum

950 406 1091 434 Callistum
1113 407 1160 434 lib.
1197 415 1259 440 xiv,
1278 415 1338 442 cap.
1357 407 1403 439 27,
1421 407 1460 436 sic
1484 409 1580 443 incipit
1597 417 1603 434 :
1620 417 1628 434 ι
1647 408 1748 442 Lectis,

950 459 1010 485 qum
1026 459 1040 478 a
1050 452 1148 485 pietate
1159 456 1205 478 tua
1218 451 1250 478 ad
1264 459 1307 478 me
1321 451 1413 479 missm
1423 458 1498 482 sunt,
1512 452 1619 484 litteris,
1632 452 1748 481 Joannis

951 504 1050 524 nomen
1070 497 1157 524 sacris
1174 497 1336 532 inscriptum
1353 505 1414 525 esse
1434 498 1533 526 tabulis
1549 499 1679 526 intellexi.
1697 499 1747 526 Ubi

950 551 1015 570 vero
1028 551 1085 576 eos,
1102 543 1148 577 qui
1162 543 1224 570 inde
1247 543 1282 570 ad
1307 551 1357 570 nos
1372 551 1479 577 venere,
1495 544 1670 580 interrogavi,
1692 553 1747 572 non

951 589 977 616 in
999 589 1131 616 laicorum
1159 589 1206 616 sed
1231 590 1422 624 episcoporum
1450 590 1573 625 catalogo
1597 591 1746 625 ascriptum

950 643 1011 663 csse
1024 635 1125 663 audivi.
1148 635 1234 662 Porro
1249 636 1409 670 despicienti
1429 636 1506 667 mihi,
1521 642 1601 671 atque
1616 637 1641 663 in
1655 637 1748 664 animo

950 681 1097 716 reputanti,
1122 689 1155 708 an
1176 681 1222 716 qui
1242 681 1295 708 hoc
1317 681 1416 714 fecere,
1440 681 1611 709 Nictcnorunt
1636 682 1746 709 Patrum

950 725 1059 753 decreta
1084 731 1245 761 sequantur,
1262 731 1288 753 et
1305 727 1503 760 aliquantulum
1521 727 1620 754 nteulis
1635 727 1747 754 lumini-

951 772 1001 799 bus
1024 773 1051 798 in
1068 780 1194 806 magnam
1209 772 1282 799 illam
1305 772 1439 808 synodum
1457 773 1620 805 ittteudettti,
1634 774 1746 800 univer-

950 825 1011 845 sum
1029 822 1185 845 sanctorum
1205 818 1314 845 illorum
1339 817 1450 845 Patrum
1465 819 1609 853 collegium
1629 819 1746 853 quibus-

951 863 1013 890 dam
1027 863 1108 890 veluti
1124 864 1213 890 oculis
1234 871 1358 895 renuere,
1371 868 1399 890 et
1416 864 1521 891 viribus
1536 865 1677 895 omnibus,
1690 871 1746 899 quo

948 909 1040 936 minus
1053 909 1086 936 ad
1105 917 1161 936 rem
1179 916 1240 935 eam
1255 909 1487 944 comprobandam
1502 917 1656 941 accttrram,
1672 910 1733 937 obsi

950 960 1022 982 stere
1037 955 1173 982 videntur.
1193 955 1336 987 Quomodo
1353 963 1473 990 namque
1493 956 1563 982 inter
1588 956 1745 983 sacerdotes

949 999 996 1026 Dei
1010 1000 1175 1032 censebitur,
1191 1000 1335 1027 illorumve
1349 999 1418 1027 feret
1430 1004 1541 1031 sortem,
1556 1001 1599 1028 cui
1613 1001 1744 1028 sacerdo-

950 1045 1011 1072 talis
1028 1045 1146 1080 dignitas
1162 1046 1293 1080 abrogata
1310 1045 1370 1072 est?
1389 1044 1534 1078 Quomodo
1560 1054 1624 1073 vero
1649 1046 1675 1073 iu
1701 1054 1743 1073 ca-

949 1092 1039 1126 talogo
1056 1099 1198 1120 sacrorum
1220 1092 1410 1119 tniuistrorunt
1425 1093 1487 1126 erit,
1509 1092 1555 1127 qui
1574 1093 1743 1120 ecclesiasti-

952 1137 992 1165 cis
1005 1138 1143 1165 mtenibus
1156 1139 1258 1172 ejectus
1272 1139 1333 1166 est?
1347 1147 1356 1163 ι
1374 1138 1477 1166 Omitto
1497 1139 1630 1173 reliquam
1645 1138 1672 1165 S.
1689 1139 1742 1174 Cy-

949 1183 1002 1210 rilli
1026 1183 1180 1218 epistolam,
1212 1191 1273 1218 quae
1301 1184 1456 1211 durissimis
1472 1183 1607 1212 ronttaS.
1627 1184 1742 1219 CltrySn-

950 1232 1069 1255 stomutn
1083 1228 1307 1262 expressionibus
1324 1228 1473 1256 ac-otiiosis
1489 1230 1742 1264 comparationibus

948 1274 1027 1308 plena
1050 1278 1103 1306 est,
1130 1279 1159 1300 ut
1182 1274 1264 1301 etiam
1293 1273 1440 1302 Facundus
1466 1273 1671 1302 llcrmiaucnsis
1691 1282 1741 1310 pro

949 1320 1106 1354 Defensione
1116 1321 1196 1346 trium
1211 1321 1388 1354 capitulorum
1405 1321 1512 1347 conciti:
1521 1319 1742 1348 Clmtadonensts

948 1366 997 1393 lib.
1015 1375 1051 1398 tv,
1067 1374 1128 1401 cap.
1146 1366 1171 1399 1,
1187 1371 1248 1401 post
1267 1366 1379 1393 allatum
1399 1366 1522 1401 ejusdem
1542 1368 1664 1402 epistolae
1687 1368 1740 1395 fra-

948 1416 1100 1447 gmentum,
1117 1412 1304 1446 conqueritur.

983 1466 1028 1493 2|.
1050 1465 1108 1493 Non
1125 1471 1167 1493 est
1182 1466 1237 1494 ullo
1255 1466 1336 1493 modo
1349 1467 1506 1498 verisimile,
1526 1466 1554 1494 S.
1580 1467 1700 1494 Atticum
1714 1467 1739 1493 in

948 1520 980 1540 ea
1004 1513 1132 1547 opinione
1157 1519 1358 1546 perseverasse,
1382 1520 1444 1539 cutn
1471 1512 1594 1540 Ecclesia
1617 1511 1738 1540 Romana

948 1559 1040 1593 plures
1057 1559 1091 1585 ab
1105 1559 1163 1593 ipso
1180 1558 1299 1592 exegerit
1315 1559 1391 1593 pacis
1408 1559 1591 1591 conditiones,
1609 1563 1638 1586 ut
1658 1567 1738 1594 supra

948 1605 1076 1632 diximus.
1092 1605 1147 1631 lnto
1168 1605 1274 1631 etiantsi
1293 1606 1376 1639 gratis
1390 1607 1581 1636 concederem,
1603 1606 1678 1633 illum
1696 1607 1737 1633 iu-

948 1656 1027 1679 caute
1041 1651 1069 1678 in
1094 1659 1129 1678 co
1153 1658 1245 1677 errore
1260 1652 1455 1685 permansisse,
1472 1659 1506 1678 an
1522 1657 1666 1686 propterea
1685 1657 1737 1680 sta-

949 1698 996 1724 tim
1016 1705 1049 1724 ex
1069 1696 1134 1723 albo
1151 1701 1309 1724 sanctorum
1330 1697 1526 1732 expungendus
1547 1696 1617 1723 erit?
1638 1696 1673 1724 Ut
1696 1697 1741 1724 hic

947 1743 999 1770 alia
1017 1742 1234 1777 praetermittam,
1250 1741 1391 1776 quomodo
1402 1741 1428 1768 in
1439 1745 1596 1768 sanctorum
1612 1741 1737 1776 catalogo

946 1789 1120 1824 relinquetur
1132 1788 1158 1814 S.
1174 1788 1303 1823 Cyrillus,
1322 1787 1369 1821 qui
1385 1794 1456 1814 anno
1467 1787 1515 1813 451
1533 1787 1647 1818 ve1452,
1665 1792 1736 1821 post-

946 1843 1028 1871 quam
1041 1835 1097 1869 jam
1113 1834 1160 1861 diu
1176 1841 1274 1861 nomen
1292 1833 1320 1860 S.
1335 1834 1524 1869 Cbrysostomi
1545 1833 1683 1868 diptycltis
1698 1834 1736 1860 itt-

946 1886 1079 1913 seruerat,
1093 1884 1183 1907 tamen
1197 1880 1223 1906 in
1239 1879 1361 1914 Epistola
1379 1879 1413 1906 ad
1427 1880 1555 1906 Acacium
1572 1879 1735 1906 Bai-mensem

946 1928 983 1954 i!a
1005 1927 1101 1955 scribit
1120 1935 1125 1952 :
1146 1935 1155 1952 t
1179 1925 1245 1953 Volo
1263 1930 1354 1953 autem
1376 1931 1450 1953 tuam
1474 1927 1646 1953 sanctitatem
1672 1927 1735 1954 utile

946 1973 1052 2009 [Lupus
1068 1978 1096 1999 ut
1116 1972 1172 2009 ille]
1188 1973 1288 2007 aliquid
1302 1980 1528 2005 commemorare,
1541 1973 1612 2007 quod
1627 1973 1658 2000 ad
1671 1981 1735 2007 prae-

945 2028 1009 2047 sens
1023 2020 1139 2054 pertinet
1157 2024 1282 2054 tempus:
1295 2019 1405 2054 quando
1417 2019 1489 2046 enim
1502 2020 1528 2046 in
1547 2027 1643 2054 magna
1664 2019 1736 2047 Cott-

946 2065 1227 2100 stautinopolisancta
1247 2070 1336 2093 vestra
1357 2065 1480 2100 synodus
1502 2071 1664 2101 congregata
1685 2071 1736 2099 est,

944 2115 1010 2138 tunc
1035 2111 1145 2146 quando
1166 2110 1287 2138 Joannes
1308 2115 1350 2138 est
1374 2116 1531 2143 accusatus,
1546 2111 1643 2138 deinde
1662 2116 1736 2146 gesta

945 2163 1008 2185 sunt
1033 2166 1115 2193 super
1137 2166 1170 2185 eo
1193 2165 1206 2184 a
1233 2157 1326 2185 multis
1349 2158 1375 2184 in
1398 2158 1502 2192 scripto
1527 2159 1736 2189 commentaria,

944 2212 1006 2232 cum
1031 2204 1153 2231 futurum
1178 2208 1260 2237 esset,
1284 2208 1314 2230 ut
1336 2208 1431 2230 contra
1453 2212 1515 2231 eum
1534 2204 1655 2231 definitio
1673 2212 1735 2239 pro-

99 2257 275 2276 communem
303 2250 431 2278 Ecclesiae
455 2259 549 2286 pacem
571 2252 701 2286 praetulit,
723 2257 754 2280 ut
778 2254 891 2288 ipsemet
908 2260 929 2287 ι)
944 2250 1071 2282 ferretur,
1093 2255 1120 2278 et
1144 2258 1231 2277 essem
1258 2257 1308 2283 ego
1327 2257 1397 2277 unus
1413 2250 1576 2282 astantium,
1601 2251 1676 2282 scio,
1691 2258 1736 2278 me

100 2296 128 2324 in
145 2295 266 2331 Epistola
281 2296 316 2323 ad
331 2296 461 2332 Cyrillum
481 2298 524 2325 bis
541 2299 631 2325 verbis
647 2299 767 2326 declarat
781 2309 787 2326 :
809 2309 818 2325 ί
837 2299 891 2327 Co.

99 2342 280 2377 gitationibus
292 2343 394 2370 nostris
408 2343 440 2370 ad
456 2343 549 2378 populi
564 2344 739 2371 concordiam
757 2344 889 2377 inclinati,

98 2388 253 2415 canouibus
267 2388 375 2422 quidem
395 2387 507 2415 Patrum
525 2389 718 2416 detrimentum
733 2390 836 2417 nullum
851 2390 892 2418 ai-

99 2433 230 2466 t'erimus;
247 2440 348 2461 exactae
362 2439 451 2461 autem
475 2436 620 2462 verborum
635 2435 818 2462 observationi
833 2437 891 2463 uui-

99 2481 173 2508 versi
188 2481 262 2508 orbis
274 2489 368 2516 pacem
388 2481 568 2516 praeferimus.
586 2492 595 2508 ι
615 2482 716 2510 Deinde
726 2483 890 2518 quibusdam

97 2526 231 2561 exemplis
255 2527 361 2562 probat,
381 2527 528 2562 aliquando
548 2528 583 2555 ob
598 2529 758 2556 cbaritatem
771 2533 818 2556 aut
839 2538 890 2564 pu-

98 2571 200 2599 blicam
228 2571 387 2604 utilitatem,
415 2573 448 2599 de
472 2573 614 2600 severitate
641 2574 888 2603 ecclesiasticarum

98 2617 326 2644 constitutionum
342 2617 444 2652 aliquid
463 2618 657 2646 remittendum
675 2627 745 2647 esse.

133 2661 179 2689 5'20.
202 2661 270 2689 Tota
290 2662 374 2697 igitur
397 2663 426 2689 S.
447 2663 528 2690 Attici
553 2663 633 2698 culpa
654 2664 681 2691 itt
700 2672 734 2691 eo
753 2665 888 2698 consistit,

63 2709 70 2715 ’
98 2707 172 2744 quod
187 2712 250 2743 post
265 2708 420 2735 restitutam
435 2708 463 2736 S.
478 2709 665 2744 Cbrysostomi
681 2711 840 2737 memoriam
855 2712 889 2746 (si

98 2757 190 2780 tamen
210 2753 267 2780 haec
282 2752 364 2780 fuerit
374 2752 490 2787 perfecta
503 2759 530 2780 ct
540 2754 633 2781 ultima
654 2755 792 2782 memoriae
803 2754 889 2791 Chry-

98 2800 276 2827 sostomiauae
304 2800 455 2832 restitutio,
474 2801 507 2828 de
524 2809 576 2835 qua
605 2809 634 2829 re
657 2802 738 2836 paulo
763 2802 888 2836 superius

99 2854 173 2874 num.
190 2846 224 2873 17
238 2846 446 2883 disputavimus)
468 2848 588 2875 nondum
617 2849 730 2876 omnino
747 2849 888 2877 convictus

99 2893 181 2921 tuerit
204 2893 239 2921 de
261 2893 362 2929 iujusta
389 2894 417 2922 S.
443 2895 630 2930 Cltrysostomi
657 2895 834 2930 depositione,
862 2901 888 2924 ct

949 2297 1060 2324 audisse
1072 2297 1245 2324 sanctitatem
1265 2301 1338 2323 luam
1356 2296 1568 2331 sanetzesynodo
1587 2297 1627 2324 sic
1644 2296 1734 2324 dicen-

945 2347 999 2370 tem
1020 2343 1113 2375 :Quia
1137 2343 1160 2368 si
1188 2342 1297 2375 scirem,
1324 2341 1394 2376 quod
1413 2350 1498 2374 nunc,
1526 2342 1549 2367 si
1570 2341 1672 2368 Joanui
1691 2350 1729 2369 ve-

945 2389 1016 2415 niam
1029 2388 1198 2423 largiremur,
1220 2387 1315 2414 melior
1327 2387 1400 2421 ﬁeret
1418 2388 1568 2422 semetipso,
1589 2393 1612 2414 et
1633 2388 1734 2415 rerede-

945 2439 983 2461 ret
1005 2443 1021 2461 α
1039 2434 1141 2460 duritia
1169 2438 1194 2460 et
1218 2433 1371 2467 asperitate,
1394 2441 1452 2468 quae
1475 2433 1502 2458 in
1517 2441 1547 2460 eo
1567 2439 1616 2465 est,
1646 2441 1734 2461 omnes

943 2489 987 2508 t'os
1026 2489 1159 2516 rogassem
1188 2488 1235 2514 pro
1265 2488 1305 2507 eo.
1340 2479 1515 2507 Admirabilis
1553 2487 1617 2515 ergo
1653 2479 1733 2507 etiarn

942 2528 1015 2554 circa
1036 2528 1089 2554 boc
1105 2527 1204 2554 iterum
1216 2526 1338 2561 judicata
1353 2531 1395 2554 est
1414 2526 1545 2553 sanctitas
1564 2531 1619 2557 tua,
1634 2526 1734 2562 quippe

942 2577 972 2600 ιιι
994 2581 1055 2608 quae
1081 2573 1180 2600 dixerit
1200 2573 1353 2600 veritatem.
1377 2571 1449 2605 Quid
1480 2572 1564 2607 igitur
1590 2572 1734 2606 oportebat

942 2625 1063 2647 sanctam
1079 2619 1212 2655 synodum
1230 2618 1330 2650 facere,
1348 2626 1409 2653 quae
1421 2618 1637 2652 impwnitentem
1652 2622 1678 2644 et
1693 2618 1734 2645 sic

941 2666 1107 2700 pertinacem
1128 2665 1228 2700 reperit
1246 2664 1321 2691 illum
1333 2684 1341 2694 ,
1357 2664 1405 2699 qui
1422 2669 1503 2691 rectae
1521 2663 1583 2690 ﬁdei
1599 2672 1733 2698 repugna-

940 2711 998 2738 vit?
1017 2721 1026 2737 ι
1047 2710 1122 2738 Hanc
1143 2710 1172 2737 S.
1186 2709 1278 2745 Cyrilli
1296 2709 1438 2743 epistolam
1463 2710 1533 2736 inter
1557 2710 1628 2736 alias
1641 2709 1732 2736 vario-

941 2765 1000 2784 rum
1016 2756 1139 2788 Palrum,
1162 2755 1195 2782 ad
1219 2755 1365 2782 concilium
1382 2755 1549 2790 Epltesinum
1564 2760 1729 2789 spectantes,

939 2803 1113 2831 Christianus
1138 2801 1229 2836 Lupus
1259 2800 1372 2828 Lovanii
1386 2809 1459 2828 anno
1485 2801 1565 2834 1682,
1577 2809 1638 2836 cap.
1652 2801 1697 2834 56,
1714 2810 1729 2829 a

940 2858 1000 2886 pag.
1032 2849 1083 2877 129
1104 2849 1196 2881 edidit,
1223 2852 1249 2875 et
1272 2847 1427 2883 Stephanus
1444 2848 1570 2875 Baluzius
1597 2848 1623 2874 in
1651 2847 1727 2875 Nora

940 2895 1119 2924 Couciliorum
1134 2894 1296 2928 collectione,
1316 2902 1363 2922 seu
1387 2895 1572 2930 Supplementa
1585 2894 1619 2921 ad
1631 2894 1727 2922 collec-
