1967 3075
231 135 282 163 647

232 194 328 219 tionem
342 189 455 226 Philippi
464 189 571 221 Labbei,
581 189 692 216 Parisiis
701 196 773 216 anno
787 187 865 219 i707,
878 196 891 215 a
903 187 1023 219 col.758,

231 237 347 268 recudit.
362 237 406 263 ubi
422 236 550 263 utrolibet
562 236 623 262 loco
636 234 798 269 intcgralcgi
815 238 914 268 potest.

268 283 314 309 22.
337 281 375 308 Ex
399 286 457 309 toto
484 282 566 317 hujus
591 281 712 316 epistolae
739 285 868 307 contextu
891 284 1020 314 apparet,

230 329 304 363 quod
323 328 442 364 Cyrillus
454 328 554 355 Acacio
569 327 734 362 persuadere
747 326 847 360 cupiat,
863 325 1021 353 Nestorium

233 374 441 401 hrcresiarcham
452 374 516 408 jure
531 374 630 400 merito
647 372 858 400 condemnatum
877 372 972 399 fuisse.
988 372 1023 399 Ut

231 426 321 448 autem
340 421 364 447 id
377 420 479 447 clarius
489 422 595 454 probet,
608 419 678 446 inter
692 419 744 446 alia
757 419 853 454 allegat
867 418 1021 453 exemplum

231 465 346 492 Joannis
365 465 566 500 Chrysostomi.
583 470 664 500 atque
681 473 696 492 a
713 465 795 491 simili
815 468 1022 500 argumentatur

233 511 260 538 iu
280 512 351 538 hunc
374 510 430 538 fere
453 511 562 537 modum
588 519 593 536 :
617 510 737 538 Joannes
758 509 972 545 Chrysostomus
994 509 1021 536 in

233 562 327 584 sancta
341 557 445 592 synodo
460 557 493 583 ad
504 557 641 589 Quercum
657 557 692 584 ab
712 557 870 591 episcopattt
883 556 1022 590 depositus

232 610 275 632 est
301 605 338 632 ob
361 604 489 632 duritiam
514 608 541 631 et
559 605 732 638 asperitatem
761 604 822 638 (sic
847 604 1022 631 adversantes

233 656 327 679 sancto
341 651 449 684 praesuli
464 650 592 677 invictam
609 650 670 684 ejus
685 651 865 678 constantiam
880 657 1021 684 perperam

232 697 414 732 appellabant)
429 704 443 723 a
452 703 504 730 qua
515 696 603 731 ipsum
622 704 762 731 nunquam
771 703 941 723 recessurum
952 696 1022 722 Aca‘

233 745 292 771 cius
316 751 378 770 vero
403 743 575 777 praedixerat.
602 743 657 770 Cur
680 743 761 777 igitur
783 747 877 769 sancta
902 743 1023 777 synodus

233 788 370 823 Ephesina
387 796 446 815 non
469 789 641 823 deposuisset
658 789 815 816 Nestorium
834 788 868 814 ob
886 788 1021 820 haeresim,

232 841 314 868 quam
331 833 505 868 pertinaciter
526 834 738 868 propugnabat?
754 833 788 860 At
803 833 909 860 videtur
925 832 953 859 S.
971 833 1023 868 Cy-

233 881 311 907 rillus
324 880 376 907 hoc
390 880 534 906 ratiocinio
547 881 671 911 innuere,
683 881 756 914 quod
774 884 838 907 tunc
852 880 972 907 nondum
988 880 1022 906 de

233 924 366 958 injustitia
392 925 642 959 Chrysostomiana:
674 925 854 960 depositionis
881 925 1023 953 convictus

237 975 328 1003 esset;
345 971 367 998 si
387 971 459 997 enim
476 971 658 998 innocentiam
671 970 698 998 S.
713 971 900 1006 Chrysostomi
915 979 948 998 eo
960 978 1024 998 tcm-

233 1024 300 1051 pore
322 1016 488 1050 agnovisset,
506 1024 588 1050 quam
610 1017 662 1043 vim
680 1017 790 1044 haberet
803 1017 862 1052 ejus
876 1025 1023 1052 argumen-

234 1061 318 1088 tatio?
330 1061 473 1094 Quomodo
496 1061 657 1089 invidiosam
677 1062 747 1089 inter
759 1062 913 1089 Nestorium
935 1063 1023 1089 hmre-

234 1108 317 1134 ticum
333 1112 360 1134 et
372 1106 401 1134 S.
413 1106 544 1135 Joannem
556 1107 781 1142 Chrysostomum
792 1108 1024 1143 comparationem

234 1152 405 1179 institueret?
426 1152 570 1185 Quomodo
591 1153 708 1188 denique
729 1153 936 1188 iniquissimum
961 1161 1024 1181 con-

234 1198 390 1225 ciliabulum
414 1198 446 1224 ad
468 1198 616 1231 Quercum,
641 1199 668 1225 in
691 1207 746 1233 quo
764 1198 793 1226 S.
813 1199 1024 1235 Chrysostomus

236 1245 308 1271 falso
322 1249 467 1271 accusatus
485 1252 517 1272 ac
536 1245 680 1273 damnatus
706 1246 811 1279 fuerat,
834 1246 878 1273 hic
893 1254 908 1272 a
923 1245 1025 1281 Cyrillo

239 1300 248 1315 α
273 1295 367 1317 sancta
380 1291 500 1325 synodus
517 1300 526 1316 ι
540 1296 694 1324 vocaretur,
706 1295 733 1318 et
747 1299 809 1318 cum
823 1295 918 1318 sancto
931 1292 1024 1320 conci-

238 1336 276 1364 lio
292 1335 431 1371 Ephesino
449 1337 672 1371 compararetur?

270 1383 317 1410 23.
343 1382 382 1409 Ex
410 1382 453 1409 his
475 1383 624 1410 secundum
653 1383 814 1410 sententiam
840 1383 1024 1412 Tillemontia-

240 1437 302 1455 nam
318 1428 418 1455 inferre
432 1435 551 1463 possent.
564 1435 663 1455 nomen
681 1427 786 1463 Cyrilli,
800 1437 877 1464 aeque
887 1438 919 1457 ac
931 1431 1024 1462 Attici,

233 1483 268 1501 ex
281 1474 474 1502 ecclesiasticis
496 1474 596 1501 tabulis
607 1473 749 1501 delendum
770 1482 841 1508 esse,
863 1484 923 1502 cum
939 1476 1026 1511 Cyril-

235 1520 276 1548 lus
297 1520 324 1546 in
345 1520 396 1546 hac
411 1519 527 1554 cpistola
544 1519 663 1546 nondum
675 1525 805 1554 agnoscat
820 1520 958 1555 injuriam,
971 1529 1025 1556 qua

236 1568 265 1596 S.
294 1567 426 1594 Joannem
457 1566 683 1601 Chrysostomum
708 1566 844 1599 aﬂ'eccrat,
868 1574 918 1594 nec
939 1567 1025 1594 ullum

237 1614 282 1640 hic
294 1613 414 1648 prazbeat
428 1612 594 1647 paenitentia.
606 1611 747 1643 indicium,
766 1612 800 1639 ob
817 1620 897 1646 quam
913 1621 1025 1640 causam

235 1658 425 1686 Tillemontius
439 1663 514 1686 tomo
532 1657 579 1684 ΧΠ
595 1657 759 1685 Monument.
781 1658 874 1685 eccles.
895 1667 957 1694 pag.
972 1659 1025 1686 M6

233 1708 260 1731 ct
289 1704 343 1731 425
363 1704 483 1731 Atticum
514 1703 650 1738 praecipue
671 1703 853 1738 reprehendit,
876 1712 992 1740 eumque
1010 1713 1025 1732 e

234 1751 358 1785 catalogo
383 1754 540 1777 sanctorum
566 1750 704 1784 expungit.
730 1749 758 1776 Si
782 1749 863 1785 igitur
882 1755 1024 1785 propterea

233 1796 352 1823 Atticum
368 1795 429 1822 albo
446 1799 604 1822 sanctorum
622 1794 726 1826 eradat,
742 1803 791 1822 cur
807 1795 833 1822 in
849 1803 881 1822 eo
895 1795 1024 1831 Cyrillum

233 1842 378 1876 relinquit?
394 1841 433 1868 Ne
458 1842 501 1868 his
523 1841 627 1868 diutius
649 1841 789 1873 immorer,
813 1841 924 1868 unicum
944 1841 1023 1869 Tille-

233 1887 337 1914 montio
352 1887 483 1914 dilemma
498 1894 631 1922 propono.
648 1886 767 1922 Cyr-illus
786 1895 929 1915 erroneam
946 1896 1024 1916 suam

233 1935 267 1961 de
287 1934 456 1969 depositione
472 1933 501 1961 S.
519 1933 708 1969 Chrysostomi
727 1933 885 1968 opinionem
903 1940 965 1968 post
980 1935 1026 1962 da-

234 1983 275 2005 tas
297 1978 330 2004 ad
352 1978 481 2005 Acacium
502 1978 607 2005 litteras
627 1978 669 2005 vel
693 1979 862 2011 retractavit,
882 1980 923 2006 vel
946 1981 971 2006 in
992 1989 1024 2008 ea

235 2031 322 2059 usque
337 2023 371 2051 ad
387 2029 503 2051 mortem
519 2024 678 2058 permansit.
696 2023 724 2050 Si
736 2025 800 2051 velit
816 2026 945 2059 primum,
961 2035 1024 2061 pro-

234 2069 303 2097 ferat
325 2074 451 2097 auctores
475 2070 526 2097 ﬁde
547 2070 655 2105 dignos,
671 2075 719 2097 aut
738 2070 796 2105 ipsa
811 2071 905 2106 Cyrilli
922 2073 1023 2107 scripta

235 2117 262 2143 in
276 2116 375 2152 quibus
390 2124 421 2143 ea
442 2117 597 2143 retractatio
613 2124 741 2152 expresse
752 2118 866 2152 legatur.
880 2118 979 2146 Saltem
996 2121 1023 2148 in

235 2163 311 2189 Actis
324 2161 352 2189 S.
369 2162 475 2198 Cyr-illi,
493 2171 554 2197 qua:
577 2167 652 2189 tomo
671 2162 731 2189 XlV
747 2162 913 2192 Monument.
929 2167 1020 2193 eccles.

835 131 862 158 S.
884 128 1000 156 ATTICI
1018 128 1070 156 (ΖΡ.
1094 129 1261 157 EPISCOPI.

1806 128 1848 155 638

1040 191 1062 218 Α
1076 188 1158 214 etiam
1176 188 1291 214 libenter
1312 187 1437 219 admitto,
1458 192 1486 214 ut
1503 187 1530 213 S.
1554 186 1685 222 Cyrillum
1701 186 1733 212 de
1746 186 1850 220 pertina-

1076 234 1116 261 cia
1130 235 1238 261 erronei
1258 238 1286 261 et
1303 233 1389 269 iniqui
1405 234 1446 261 sui
1464 233 1559 268 judicii
1576 240 1716 259 excusem.
1732 231 1766 259 At
1780 231 1849 258 vicis-

1076 279 1127 305 sim
1142 279 1232 312 exigo,
1251 283 1280 305 ιιι
1296 279 1390 305 eadem
1407 278 1499 313 regula
1518 278 1543 304 in
1560 279 1588 304 S.
1606 278 1695 304 Attico
1708 277 1795 304 locum
1811 276 1851 303 ha-

1072 324 1148 356 ,beat.
1179 322 1207 350 Si
1242 323 1325 358 igitur
1356 324 1464 351 Atticus
1497 324 1619 350 nondum
1654 323 1720 350 satis
1755 327 1851 349 neverat

1076 369 1234 404 injustitiam
1249 370 1496 405 Chrysostomiame
1504 369 1745 399 exauctorationis,
1756 369 1851 404 quando

1076 416 1109 443 ad
1132 415 1161 444 S.
1180 416 1311 452 Cyrillum
1327 416 1475 448 scribebat,
1501 417 1610 443 dicatur
1629 415 1777 442 secundum
1791 414 1852 441 hanc

1076 462 1241 490 Tillemontii
1260 463 1391 498 regulam,
1416 471 1498 497 quam
1530 462 1615 497 probo
1644 466 1672 489 et
1704 461 1851 496 amplector,

1076 509 1246 544 iniquitatem
1260 509 1439 544 istiusjudicii
1455 515 1548 544 postea
1565 510 1718 544 agnovisse,
1737 507 1852 542 quamvis

1076 555 1181 590 antiqui
1204 555 1353 590 scriptores
1375 563 1435 583 eam
1456 555 1579 582 notitiam
1599 555 1671 581 clare
1683 554 1715 581 ad
1740 558 1852 588 posteros

1076 609 1131 628 non
1160 602 1372 629 transmiserint.
1402 601 1557 628 Secundum
1581 608 1623 632 ca,
1652 607 1713 635 qua:
1740 599 1853 634 superius

1075 647 1205 679 diximus,
1221 647 1290 674 forte
1301 655 1332 674 eo
1347 653 1468 682 tempore
1482 647 1588 674 Atticus
1600 646 1721 673 nondum
1736 652 1792 672 sese
1803 652 1855 671 om-

1076 695 1142 721 nino
1169 702 1231 721 cum
1257 693 1379 721 Romana
1399 694 1520 721 Ecclesia
1541 693 1773 723 reconciliavcrat,
1790 691 1854 726 quo!

1076 744 1166 767 tamen
1184 742 1357 775 postmodum
1375 740 1475 773 effecit,
1494 740 1547 767 etsi
1563 739 1711 774 perfectam
1730 739 1799 765 illius
1815 745 1855 764 re-

1077 785 1297 812 conciliationem
1317 786 1466 820 antiquitas
1490 785 1591 812 diserte
1615 793 1668 811 noo
1687 783 1853 819 expresserit.

1078 828 1154 856 llaud
1182 830 1262 857 dubie
1288 830 1376 865 prima
1401 835 1448 857 aut
1476 830 1611 865 przecipua
1642 830 1716 864 pacis
1745 829 1856 855 conditio

1039 869 1059 898 Β
1074 875 1135 907 fuit,
1150 880 1180 902 ut
1194 884 1292 903 nomen
1304 876 1333 904 S.
1346 876 1535 911 Chrysostomi
1547 876 1683 911 diptychis
1700 875 1857 901 insrrihere-

1075 927 1129 953 tur,
1140 926 1239 956 praeter
1251 929 1333 956 quam
1352 922 1500 949 secundum
1513 929 1594 955 supra
1609 921 1681 948 dicta
1694 920 1796 947 Atticus
1808 919 1858 946 ad-

1075 969 1128 995 huc
1141 969 1209 996 alias
1223 969 1336 1003 implere
1346 969 1450 1000 debuit,
1466 969 1499 995 de
1507 969 1607 1002 quibus
1620 968 1653 995 ab
1671 968 1730 1001 ipso
1746 967 1858 1001 impletis

1074 1019 1180 1042 veteres
1201 1015 1322 1042 historici
1342 1023 1395 1042 non
1420 1014 1613 1042 meminerunt.
1636 1014 1769 1043 Caeterum
1794 1014 1858 1040 dun-

1076 1064 1152 1086 taxat
1172 1067 1249 1094 rogo.
1268 1065 1297 1087 ut
1314 1060 1343 1087 S.
1361 1060 1479 1096 Cyrillus
1496 1065 1522 1088 ct
1534 1060 1562 1087 S.
1580 1061 1686 1087 Atticus
1703 1059 1779 1094 juxta
1794 1059 1860 1086 hanc

1076 1105 1316 1133 Tillemontiauam
1332 1107 1453 1141 regulam
1469 1106 1612 1141 :equaliter
1623 1106 1791 1141 judicentur.

1110 1152 1155 1179 25.
1177 1151 1235 1179 Non
1252 1153 1338 1185 video,
1355 1154 1493 1188 quomodo
1510 1153 1574 1180 hinc
1589 1153 1705 1180 evadere
1720 1152 1806 1187 possit
1818 1151 1861 1178 ad-

1076 1197 1226 1228 versarius,
1243 1197 1442 1231 nisiconl‘ugiat
1458 1198 1490 1224 ad
1509 1197 1622 1224 alteram
1639 1196 1770 1231 regulam,
1783 1202 1861 1229 qttam

1076 1248 1151 1270 tomo
1175 1243 1198 1270 Χ
1221 1242 1386 1270 Monument.
1401 1243 1494 1270 ecclcs.
1522 1251 1582 1277 pag.
1603 1243 1651 1270 5M
1676 1242 1727 1270 sibi
1751 1241 1863 1274 aliisque

1075 1289 1239 1324 praescribit,
1256 1295 1283 1317 et
1299 1297 1353 1324 qua
1365 1289 1479 1316 dubiam
1492 1289 1614 1316 Flaviani
1629 1288 1789 1316 Antiochcni
1801 1294 1863 1314 sau-

1076 1336 1200 1364 ctitatcm
1220 1336 1257 1363 ita
1273 1336 1392 1363 vindicat
1409 1346 1414 1362 :
1437 1346 1445 1361 ε
1465 1337 1549 1371 Igitur
1565 1336 1708 1363 dicendum
1727 1339 1779 1368 est,
1794 1333 1864 1370 quod

1077 1382 1197 1410 Ecclesia
1221 1382 1313 1409 Grtcca
1338 1383 1476 1417 antiquam
1500 1382 1672 1410 traditionem
1696 1386 1789 1409 secuta
1815 1383 1862 1413 sit,

1077 1430 1185 1464 quando
1201 1430 1274 1456 illum
1297 1439 1306 1454 ι
1327 1429 1441 1465 (scilicet
1458 1428 1627 1458 Flavianum.
1641 1428 1675 1455 de
1687 1435 1742 1462 quo
1757 1427 1864 1463 ibiagit)

1081 1485 1090 1500 ι
1109 1476 1218 1510 publico
1237 1476 1311 1502 cttltu
1335 1480 1487 1502 veneratur.
1506 1475 1584 1507 Quod
1608 1475 1630 1501 si
1656 1474 1683 1500 in
1698 1475 1758 1508 ejus
1781 1474 1866 1508 gestis

1077 1529 1223 1549 occurram
1250 1522 1357 1556 aliqua,
1385 1529 1445 1556 quae
1472 1530 1543 1556 :rgre
1570 1521 1696 1547 videntur
1721 1520 1865 1547 conciliari

1077 1576 1229 1603 possecum
1244 1568 1339 1603 spiritu
1349 1568 1501 1599 charitatis,
1515 1568 1560 1602 qui
1573 1568 1648 1594 solus
1657 1572 1764 1594 sanctos
1775 1567 1866 1597 efﬁcit.

1078 1615 1235 1642 meminisse
1252 1619 1369 1649 oportet.
1389 1622 1439 1641 nos
1455 1622 1516 1641 esse
1533 1614 1670 1646 homines,
1686 1614 1767 1641 nimis
1783 1615 1867 1641 debili

1078 1670 1109 1688 ac
1119 1662 1193 1688 tenui
1211 1661 1314 1688 lumine
1335 1661 1496 1690 illustratos.
1515 1668 1543 1688 ιιι
1563 1661 1595 1687 de
1609 1661 1736 1687 humanis
1747 1661 1866 1688 actioni-

1077 1707 1128 1734 bus
1139 1714 1288 1741 earumque
1306 1706 1522 1734 circumstantiis
1538 1713 1610 1734 recte
1623 1707 1789 1741 judicemus.
1811 1718 1819 1733 ι
1834 1708 1868 1735 At

1076 1753 1199 1787 nunquid
1215 1753 1267 1780 hoc
1286 1754 1395 1780 axioma
1411 1761 1488 1787 teque
1504 1753 1575 1780 favct
1590 1754 1689 1786 Attico,
1704 1762 1787 1789 Quam
1806 1754 1869 1781 Fla-

1076 1799 1173 1826 viano?
1190 1798 1286 1826 Nonne
1307 1799 1387 1825 etiam
1412 1799 1457 1826 hic
1488 1799 1540 1826 dici
1565 1804 1663 1834 potest,
1686 1800 1759 1835 quod
1780 1800 1869 1827 Grmci

1077 1845 1158 1877 (addo
1173 1852 1280 1879 quoque
1295 1844 1406 1871 Latinos
1423 1845 1554 1880 quosdam
1570 1846 1777 1882 lllartyrologos)
1795 1847 1870 1874 anti—

1076 1899 1158 1926 quam
1175 1891 1347 1918 traditionem
1366 1891 1452 1918 secuti
1472 1892 1539 1922 sint,
1553 1893 1617 1919 dum
1641 1893 1760 1921 Atticum
1779 1895 1870 1921 sacris

1076 1937 1134 1964 suis
1155 1936 1244 1964 Fastis
1266 1937 1460 1964 inseruerunt?
1482 1937 1571 1965 Verbo
1589 1947 1652 1970 uno,
1671 1940 1803 1975 quidquid
1821 1942 1872 1968 ad-

1075 1983 1213 2010 versarius
1235 1983 1278 2010 hic
1293 1983 1402 2013 dixerit.
1420 1992 1471 2011 nos
1484 1985 1579 2011 eodem
1595 1985 1628 2011 de
1644 1985 1733 2012 Attico
1745 1986 1871 2013 allirma-

1075 2027 1175 2054 bimus.
1195 2026 1274 2054 Certe
1296 2028 1318 2054 si
1337 2027 1525 2056 Tillemontius
1540 2030 1652 2057 traditas
1671 2038 1684 2057 a
1706 2039 1735 2058 se
1756 2032 1873 2066 regulas

1075 2074 1256 2106 observasset,
1275 2078 1329 2100 tam
1354 2074 1451 2101 durum
1477 2083 1509 2102 ac
1531 2077 1704 2104 temerarium
1729 2078 1872 2112 judicium

1075 2128 1129 2147 non
1145 2121 1251 2147 tulisset
1263 2120 1295 2146 de
1310 2121 1440 2154 przcclaro
1453 2122 1520 2154 viro,
1541 2131 1621 2158 quem
1636 2124 1787 2159 antiquitas
1808 2134 1873 2152 Ina-

1075 2166 1135 2200 gnis
1160 2167 1301 2194 exornavit
1323 2166 1460 2197 laudibus.
1476 2177 1592 2203 quarum
1614 2169 1658 2197 hic
1675 2171 1829 2199 nonnullas
1845 2172 1874 2198 in

1039 1545 1060 1574 C

233 2217 248 2236 τι
264 2217 323 2244 pag.
348 2208 399 2235 267
416 2216 503 2243 usque
523 2209 556 2235 ad
575 2209 625 2236 676
638 2217 671 2236 ev
688 2210 824 2238 veteribus
843 2212 1022 2246 scriptoribus
1038 2222 1060 2250 ι)
1075 2212 1190 2246 gratiam
1207 2213 1355 2241 adversarii
1369 2215 1487 2241 breviter
1495 2223 1683 2248 congeremus.

232 2255 341 2289 copiose
356 2254 514 2288 illustravit,
529 2255 633 2282 nullum
655 2256 739 2290 hujus
755 2258 955 2285 retractationis
980 2263 1021 2286 te-

232 2307 299 2327 stem
325 2301 459 2328 hactenus
483 2301 620 2335 produxit.
638 2301 666 2329 Si
683 2303 829 2330 secundam
857 2304 1022 2333 dilemmatis

231 2349 336 2379 partem
350 2345 442 2379 eligat,
463 2346 599 2380 sequitur,
620 2346 691 2374 hunc
713 2347 861 2375 innocuum
873 2348 965 2380 Cyrilli
979 2358 1023 2378 er-

232 2398 321 2417 rorem
342 2391 481 2417 sanctitati
494 2392 554 2424 ejus
568 2399 622 2418 non
637 2392 754 2420 oliicere.

267 2437 313 2463 24.
335 2437 387 2464 Sed
400 2437 468 2464 forte
480 2437 671 2466 Tillemontius
684 2440 733 2467 hoc
744 2440 871 2468 dilemma
885 2441 1022 2471 declinare

231 2483 376 2510 conabitur
404 2485 570 2512 recurrendo
596 2485 629 2512 ad
655 2486 774 2521 regulam
801 2488 912 2519 criticsc,
939 2498 1021 2524 quam

232 2533 307 2554 torno
329 2528 387 2554 XIV
413 2528 682 2557 Monuntcnt.eccles.
707 2539 767 2566 pag.
788 2532 838 2559 798
852 2534 890 2560 sic
910 2534 991 2562 tradit
1013 2544 1020 2562 :

233 2584 242 2598 ί
261 2573 387 2601 llistorici
405 2580 459 2601 tam
484 2576 640 2610 frequenter
655 2578 785 2605 omittunt
806 2587 848 2605 res
862 2580 1021 2608 verissimas

231 2626 258 2646 et
275 2621 420 2654 aliquando
433 2621 552 2648 maxime
569 2623 770 2654 memorabiles.
789 2629 817 2651 ut
837 2625 1019 2659 periculosum

231 2667 277 2699 sit,
290 2675 322 2694 cx
338 2676 431 2694 corum
443 2668 551 2694 silentio
559 2673 647 2695 certas
656 2670 847 2698 conclusiones
856 2671 999 2701 deducere.
1008 2682 1018 2700 ι

232 2711 300 2739 llinc
316 2713 421 2744 inferet,
438 2713 466 2739 S.
486 2713 615 2748 Cyrillum
637 2720 728 2747 postea
741 2717 930 2744 verosimiliter
945 2727 1021 2745 erro-

233 2766 288 2784 rem
310 2767 388 2784 sumn
411 2759 555 2792 agnovisse
573 2767 604 2786 ac
629 2764 799 2792 rctractasse,
823 2763 929 2789 etiamsi
948 2764 1018 2798 apud

233 2805 320 2838 ipsum
335 2804 362 2831 S.
382 2805 512 2840 Cyrillum
530 2810 576 2832 aut
593 2805 662 2833 alios
678 2806 806 2841 antiquos
824 2808 974 2842 scriptorcs
992 2810 1018 2837 id

233 2857 286 2877 uuo
303 2849 434 2885 legamus.
460 2850 559 2877 Totum
584 2851 655 2878 istud
680 2852 764 2886 probe
786 2852 916 2888 intelligo,
937 2860 1018 2890 atque

1110 2256 1154 2282 26.
1177 2256 1313 2291 imprimis
1335 2258 1364 2286 S.
1387 2258 1504 2294 Cyrillus
1525 2260 1724 2288 Alexandrinus
1759 2261 1786 2288 iu
1807 2261 1877 2296 Epi-

1074 2302 1142 2328 stola
1153 2305 1186 2329 ad
1195 2303 1302 2330 clericos
1315 2304 1711 2341 Constantinopolitanae,apud
1723 2307 1874 2335 Labheurn

1073 2348 1192 2375 tomolll
1212 2349 1402 2383 (Σοηείιὶονιιηι,
1421 2352 1473 2379 col.
1494 2352 1557 2382 583.
1575 2353 1608 2379 de
1626 2352 1752 2380 Nestorio
1773 2354 1813 2381 ita
1835 2355 1879 2381 in-

1073 2398 1208 2429 terrogat:
1221 2406 1229 2421 ι
1241 2395 1368 2431 Nunquid
1379 2398 1492 2432 aequalis
1505 2399 1544 2425 vel
1560 2400 1708 2434 sapientior
1722 2405 1766 2427 est
1785 2400 1877 2428 beato

1071 2441 1181 2467 Attico?
1192 2451 1201 2467 ›
1213 2442 1377 2470 leestinus
1387 2451 1465 2478 papa,
1474 2444 1498 2470 in
1510 2445 1606 2472 litteris
1617 2446 1651 2471 ad
1659 2445 1879 2478 Nestorium,vi-

1073 2487 1211 2522 gilantiam
1220 2488 1248 2516 S.
1259 2490 1340 2516 Attici
1348 2495 1441 2517 cantra
1449 2490 1607 2526 Pelagianos
1619 2492 1792 2524 ibidem,col.
1802 2493 1876 2526 555,

1073 2534 1113 2560 sic
1124 2534 1215 2561 laudat
1231 2543 1238 2561 :
1254 2545 1262 2560 ι
1278 2535 1400 2570 Denique
1411 2541 1513 2564 sancta:
1524 2538 1724 2565 recordationis
1740 2539 1875 2570 Atticus,

1072 2580 1213 2608 catholicae
1225 2582 1355 2616 magister
1365 2582 1437 2614 Iidci,
1450 2587 1476 2609 et
1491 2591 1553 2611 vere
1565 2585 1634 2612 beati
1652 2585 1766 2613 Joannis
1779 2587 1876 2614 etiam

1071 2625 1106 2652 ad
1122 2627 1173 2653 ista
1197 2635 1352 2658 successor,
1370 2636 1418 2655 eos
1435 2629 1471 2655 ita
1491 2635 1651 2664 persecutus
1664 2635 1706 2658 est
1719 2639 1770 2666 pro
1792 2631 1879 2668 Rege

1071 2672 1221 2704 communi,
1236 2677 1265 2699 ut
1279 2673 1313 2700 iis
1329 2681 1363 2700 ne
1376 2675 1465 2701 standi
1475 2675 1584 2709 quidem
1597 2676 1651 2703 illic
1661 2677 1737 2711 copia
1749 2682 1879 2712 przesta-

1071 2723 1154 2745 retur.
1168 2718 1266 2746 Mansit
1287 2727 1338 2746 nos
1365 2725 1426 2754 post
1443 2721 1503 2755 ejus
1520 2723 1622 2749 exitum
1647 2724 1809 2750 sollicitudo
1829 2725 1879 2751 vel

1071 2765 1201 2797 maxima,
1217 2773 1279 2792 cum
1297 2774 1440 2794 successor
1453 2768 1539 2802 ipsius
1554 2773 1645 2796 utrum
1660 2770 1744 2797 etiam
1760 2771 1791 2797 in
1806 2771 1880 2805 ejus

1070 2809 1121 2836 lide
1134 2811 1301 2843 succederet,
1315 2821 1509 2847 quaereremus,
1523 2816 1587 2849 quia
1598 2815 1705 2844 dilIicile
1719 2821 1760 2844 est
1773 2817 1881 2845 conti-

1071 2856 1159 2890 nuari,
1175 2864 1235 2892 qum
1248 2858 1320 2885 bona
1332 2863 1395 2887 sunt
1407 2868 1414 2893 ;
1426 2868 1488 2888 nam
1503 2861 1554 2889 sibi
1570 2869 1641 2898 saepe
1661 2863 1778 2890 alternis
1798 2863 1881 2892 viei-
