1967 3075
90 167 133 195 649

521 160 688 188 EPISTULA
705 161 750 187 AD
768 155 905 184 PATBES
923 153 1071 182 CONCILII
1086 150 1258 180 AFRICANI.

1642 145 1695 175 6:30

92 228 134 254 bus
151 226 258 254 adversa
280 223 438 252 succedunt.
463 231 472 246 ι
503 222 544 248 An
569 220 710 248 Romanus
734 217 855 252 pontifex
871 223 894 249 Α
908 220 970 241 cum
988 213 1060 240 enim
1071 233 1079 246 ,
1093 212 1171 246 juxta
1185 211 1297 244 vulgare
1314 208 1422 235 cﬁ‘atum
1435 228 1442 241 ,
1459 215 1536 234 amor
1551 211 1597 234 aut
1614 213 1695 242 pares

94 272 191 300 Atticum
219 270 368 306 appellaret
390 276 483 296 verum
500 267 530 295 S.
546 266 661 294 Joannis
674 264 860 299 Chrysostomi

92 323 270 348 successorem,
291 315 314 343 si
343 315 449 342 Atticus
472 314 540 340 nihil
557 320 677 348 unquam
701 311 809 338 fecisset
827 309 861 336 ad

92 363 255 399 reparandam
281 362 450 396 illegitimam
466 360 539 387 sedis
553 358 862 392 Conslantinopolitanm

92 409 255 440 invasioncm,
269 411 299 434 ut
313 406 503 433 Tillemontius
518 405 599 432 nimis
615 409 716 431 temere
729 403 863 430 afﬁrmat?

91 455 171 484 Adde,
189 453 366 480 Caelestinum
387 459 485 486 papam
513 451 539 477 in
564 450 656 477 eadem
686 448 806 483 Epistula
829 448 862 474 ad

93 499 230 526 Nestorium
246 498 313 525 satis
329 497 460 530 indicare,
475 496 547 531 quod
564 495 670 522 Atticus
685 502 747 521 cum
765 493 863 521 Roma-

91 545 128 572 nis
147 543 316 578 pontiﬁcibus
341 543 488 570 amicitiam
512 542 644 573 coluerit,
671 541 736 568 dum
761 540 862 567 ibidem

91 591 136 617 col.
149 590 192 616 561
215 591 247 616 de
263 589 346 616 nimia
370 588 488 616 Nestorii
509 595 573 623 erga
595 586 755 622 Pelagianos
772 586 863 613 indul-

91 634 167 669 gentia
182 635 221 661 sic
242 634 442 668 conqueritur:
466 642 475 657 ι
497 631 665 666 Ejicerentur
682 630 818 665 denique,
839 630 862 657 si

90 680 133 707 tibi
154 687 259 715 quoque
285 679 411 707 similiter
426 678 610 713 displicerent.
632 677 688 704 Cur
712 681 803 704 tamen
819 683 861 707 ea,

90 735 143 761 qua:
153 727 177 754 in
189 727 238 754 hos
254 731 320 754 tunc
336 730 400 753 sunt
413 731 484 758 acta,
497 727 668 759 quaeruntur,
681 731 744 750 cum
758 726 862 750 certum

89 773 130 806 sit,
150 772 220 799 illinc
243 772 277 799 ad
301 780 351 799 nos
374 780 389 798 a
403 771 539 798 catholico
553 775 619 798 tunc
639 770 759 797 antistite
773 770 864 796 Attico

93 823 159 852 gesta
179 817 300 846 directa?
314 818 371 845 Cur
388 826 441 845 non
455 822 556 844 sancta:
569 817 709 844 memoria:
725 816 864 844 Sisinnius

90 866 136 892 ista
155 865 292 900 quaesivit?
307 865 375 898 Quia
389 865 482 900 utique
502 864 554 892 sub
569 865 712 892 decessore
726 871 777 891 suo
801 871 863 898 pro-

89 911 191 938 baverat
215 919 262 938 eos
283 911 346 946 jure
366 911 519 938 damnatos.
540 920 549 935 ι
577 909 646 937 Hinc
672 910 739 937 satis
772 909 863 944 liquet,
882 913 901 939 Β

90 956 117 984 S.
133 958 246 985 Atticum
262 958 377 985 amicam
399 957 549 984 litterarum
568 956 787 983 communionem
802 963 864 981 cum

90 1002 200 1031 Ecclesia
214 1003 335 1031 Romana
351 1011 539 1031 conservasse.

121 1072 163 1099 27.
182 1071 253 1099 Idem
270 1071 391 1106 pontifex
407 1071 435 1099 in
449 1071 568 1106 Epistola
582 1072 616 1098 ad
627 1071 728 1098 clerum
744 1075 768 1097 et
784 1078 867 1104 popu‘

87 1118 140 1146 tum
152 1117 473 1153 Constantinopolitanum
485 1122 558 1144 tomo
571 1116 673 1144 Labbei
690 1117 814 1151 proxime
826 1115 867 1143 ci-

88 1168 152 1196 tato,
172 1164 222 1192 col.
237 1163 300 1196 565,
316 1168 375 1198 post
395 1163 546 1190 celebratas
561 1163 590 1190 S.
606 1161 794 1197 Chrysostomi
810 1161 870 1188 laun

87 1210 143 1243 des,
155 1210 187 1237 de
198 1210 270 1237 illius
284 1217 442 1238 successore
456 1209 494 1236 ita
509 1209 630 1243 loquitur
644 1217 650 1234 :
672 1218 681 1233 ‹
701 1208 782 1235 Rexit
795 1208 867 1235 enim

88 1259 185 1283 sancta:
198 1255 336 1282 memoriae
348 1255 492 1289 episcopus
505 1255 611 1282 Atticus
622 1254 808 1282 Christianum
820 1262 870 1288 po-

88 1303 177 1337 pulum
193 1302 344 1330 decessoris
359 1303 496 1338 exemplo,
509 1307 536 1330 et
550 1302 698 1338 sacrilegos
710 1305 870 1336 persecutus

88 1353 128 1376 est
142 1349 329 1376 haereticomm
344 1349 460 1377 furores.
479 1358 488 1375 ι
501 1349 635 1376 Praeterea
650 1348 813 1376 Ccelestinus
824 1355 871 1375 eo-

87 1393 147 1420 dem
173 1397 256 1426 tomo,
278 1393 330 1421 col.
349 1393 427 1427 1075,
446 1394 474 1421 S.
492 1393 684 1421 Maximianum
713 1394 870 1428 episcopum

87 1437 413 1473 Constantinopolitanum
425 1459 433 1471 ,
455 1440 519 1474 quia
533 1447 596 1467 cum
612 1440 642 1467 S.
655 1439 746 1467 Attico
758 1439 872 1474 conjun-

89 1485 208 1512 ctissimc
227 1486 339 1518 vixerat,
362 1486 415 1513 hoc
435 1487 522 1522 elogio
536 1490 616 1514 ornat
631 1495 637 1513 :
655 1495 665 1512 ι
684 1487 721 1513 lta
741 1486 814 1513 enim
829 1493 872 1513 re-

88 1531 289 1559 verendissimae
304 1533 443 1560 memoriae
457 1533 516 1559 viro
538 1533 639 1565 Attico,
655 1532 795 1560 catholicae
810 1532 870 1560 ﬁdei

88 1578 280 1611 propugnatori
295 1577 455 1610 fortissimo,
467 1582 557 1606 mente
568 1578 667 1613 pariter
681 1583 707 1606 et
721 1578 809 1606 otIicio
831 1587 873 1606 co—

88 1622 217 1656 haerebat,
241 1627 269 1650 ut
283 1623 340 1658 jam
356 1628 420 1651 tttnc
445 1624 529 1652 futuri
546 1625 573 1651 in
589 1624 684 1652 eodem
701 1624 874 1660 episcopatus

88 1669 205 1703 insignia
217 1670 406 1704 prmlucerent.
422 1680 431 1696 ›
445 1671 479 1697 At
491 1678 524 1698 ex
540 1671 591 1698 hac
604 1671 663 1706 ipsa
675 1671 704 1698 S.
716 1670 873 1698 Maximiani

85 1721 149 1740 cum
159 1714 251 1742 Attico
264 1715 456 1750 conjunctione
471 1716 649 1743 confirmatur
661 1716 752 1751 opinio
764 1721 870 1743 nostra:

913 259 1031 287 inveniat
1054 263 1100 284 aut
1124 257 1224 286 faciat,
1253 255 1315 290 quis
1340 254 1417 281 facile
1439 253 1533 280 credat
1555 253 1698 280 sanctissi~

912 312 986 331 mum
997 302 1192 329 Maximianum
1207 306 1262 328 tam
1276 300 1354 327 firmo
1370 299 1496 326 amicitiae
1510 297 1619 324 vinculo
1635 303 1687 323 con

911 350 1034 385 junctum
1059 349 1143 375 fuisse
1168 347 1231 374 huic
1252 347 1371 382 praasuli,
1397 346 1420 373 si
1446 345 1550 372 Atticus
1565 342 1698 371 manseri‘

913 396 1030 430 injustus
1057 394 1192 422 cathedra:
1213 392 1521 426 Constantinopolitanze
1544 396 1694 425 possessor.

914 449 946 469 ac
962 441 1024 468 talis
1040 441 1132 471 fuerit.
1149 440 1255 475 qualem
1274 438 1463 465 'fillemontius
1487 436 1624 471 depinxit?
1645 435 1697 461 De-

915 488 996 521 nique
1013 487 1082 513 idem
1099 485 1218 520 pontifex
1235 485 1385 515 Romanus,
1410 483 1536 510 columna
1556 485 1698 515 sequente.

914 533 986 560 hunc
1011 532 1039 559 S.
1071 531 1265 558 Maximianum
1296 531 1333 556 ita
1362 529 1513 556 hortatur:
1544 536 1552 553 t
1579 526 1698 560 Sequere

914 579 1048 613 priorum,
1064 586 1079 604 a
1095 578 1195 612 quibus
1209 577 1332 604 eruditus
1348 583 1377 603 es
1392 582 1418 602 et
1431 575 1561 606 nutritus,
1574 571 1698 606 exempla

915 624 1072 658 pontificum
1085 633 1091 656 ;
1103 623 1373 651 beatissimiJoannis
1387 622 1414 649 in
1431 620 1601 656 praedicando
1614 619 1699 646 scien-

915 671 992 703 tiam,
1018 671 1103 698 sancti
1126 670 1207 697 Attici
1225 670 1251 696 in
1278 668 1458 704 repurgandis
1473 666 1621 694 hmresibus
1633 665 1700 699 vigi~

914 717 1036 747 lantiam,
1054 716 1206 743 decessoris
1220 716 1258 742 tui
1279 711 1404 748 Sisini-it,
1419 713 1499 748 cujus
1515 717 1541 740 te
1558 718 1701 739 Successo-

914 770 970 790 rem
987 762 1133 794 credimus,
1150 762 1299 796 simplicem
1313 761 1469 795 puritatem.
1493 769 1502 785 ι

949 806 996 833 28.
1007 806 1125 833 Sanctus
1136 806 1250 841 Prosper
1264 806 1290 832 in
1304 807 1424 832 carmine
1437 805 1472 831 De
1488 803 1613 839 ingratis,
1626 802 1700 837 quod

915 853 1062 880 novissime
1083 852 1206 884 Parisiis,
1233 860 1304 880 anno
1321 852 1400 884 ΠΗ,
1415 852 1484 878 inter
1501 851 1559 885 cjus
1579 849 1665 883 Opera
1685 857 1700 875 a

916 899 969 926 col.
983 898 1035 925 “5
1049 898 1150 925 editum
1165 902 1217 931 est,
1232 897 1319 925 telum
1335 897 1415 924 Attici
1432 901 1526 924 contra
1541 895 1701 928 Pelagianos

917 944 1014 971 ibidem
1032 944 1084 970 col.
1105 943 1151 970 19H
1169 943 1298 978 praedicat
1310 943 1352 970 bis
1368 943 1492 969 versibus
1509 950 1515 967 :

954 989 1023 1022 Quid
1042 989 1134 1023 loquar
1147 994 1171 1015 et
1183 997 1285 1020 curam,
1306 997 1402 1024 magna
1417 996 1495 1023 quam
1509 987 1587 1024 gessit
1601 987 1628 1013 in
1639 985 1702 1013 urbe

953 1022 1193 1057 Constantinopoli,
1211 1025 1288 1050 docto
1302 1022 1383 1050 bonus
1400 1022 1443 1050 ore
1459 1022 1582 1049 sacerdos

953 1060 1067 1090 Atticus,
1082 1060 1192 1093 antiqua
1207 1059 1305 1094 legatos
1320 1059 1504 1086 ltazreticorum

954 1094 1122 1128 Con/‘ulmtdo
1133 1094 1204 1128 ﬁde?
1215 1093 1252 1120 De
1265 1102 1317 1129 qua
1331 1099 1391 1120 tum:
1407 1093 1488 1127 impia
1506 1093 1596 1129 corda.

955 1130 1081 1161 Quamvis
1097 1137 1124 1156 se
1142 1129 1255 1156 obducta
1271 1134 1384 1164 tegerent
1399 1128 1525 1155 velamine
1543 1128 1628 1164 forma

954 1164 1066 1197 Judicii,
1083 1169 1107 1191 et
1125 1165 1215 1192 tacita:
1230 1162 1346 1191 tuter-ant
1363 1168 1493 1190 torntenta
1511 1162 1631 1197 repulsae.

919 1211 1053 1238 Praetereo
1069 1211 1113 1237 hic
1127 1210 1251 1244 quaedam
1267 1210 1387 1237 Orientis
1401 1209 1530 1241 concilia,
1552 1215 1612 1242 quze
1631 1207 1705 1234 anti-

920 1258 1009 1284 stitem
1029 1257 1104 1284 illum
1125 1258 1192 1284 tanti
1216 1256 1349 1289 fecerunt,
1373 1260 1402 1283 ut
1418 1256 1488 1282 inter
1499 1255 1567 1282 alios
1596 1258 1707 1281 sanctos

920 1303 1015 1331 Patres
1030 1304 1132 1339 scripta
1147 1303 1220 1331 beati
1237 1303 1321 1330 Attici
1338 1303 1468 1330 adversus
1483 1301 1624 1329 ltaeretiCos
1641 1300 1706 1327 cita-

920 1351 985 1378 rint.
1008 1352 1110 1378 Omitto
1131 1351 1212 1378 etiam
1230 1349 1431 1377 Theodoretum
1445 1369 1453 1381 ,
1473 1347 1622 1379 Socratem,
1639 1346 1708 1374 Leo—

922 1398 984 1425 ncﬁn
1004 1398 1131 1433 Magnum
1155 1403 1265 1432 papam,
1287 1396 1335 1431 qui
1362 1402 1457 1422 omnes
1470 1394 1587 1421 Atticum
1602 1393 1709 1428 magnis

922 1444 1049 1471 laudibus
1075 1443 1247 1475 extulerunt;
1263 1450 1325 1469 nam
1337 1442 1393 1469 haec
1402 1448 1487 1476 pauca
1498 1445 1653 1468 sanctorum
1665 1440 1707 1466 vi—

925 1499 1018 1517 rorum
1036 1489 1205 1521 testimonia,
1218 1496 1279 1523 quae
1293 1487 1326 1515 de
1341 1487 1401 1522 ipso
1418 1486 1606 1521 produximus,
1615 1485 1706 1512 omni-

923 1536 975 1563 bus
989 1535 1155 1563 Tillemontii
1172 1534 1338 1568 conjecturis
1352 1538 1379 1561 et
1393 1532 1612 1560 cavillationibus
1627 1530 1707 1565 longe

887 1599 908 1628 Ο
924 1582 1091 1617 praeferenda
1110 1589 1264 1609 censemus.
1289 1579 1367 1607 Nunc
1388 1584 1492 1614 tempus
1518 1583 1567 1610 est,
1592 1582 1622 1605 ut
1647 1581 1710 1612 post

928 1629 999 1655 hanc
1015 1628 1200 1655 velitationem
1216 1634 1313 1654 rursus
1328 1626 1402 1652 filum
1418 1624 1537 1652 historiae
1553 1628 1652 1652 nOstrae
1666 1631 1710 1650 ar-

927 1674 1042 1708 repturi,
1071 1673 1198 1701 ﬁniamus
1213 1671 1346 1699 vindicias
1364 1670 1393 1698 S.
1410 1671 1502 1703 Attici,
1519 1670 1563 1698 cui
1577 1669 1711 1697 successit

929 1718 958 1745 S.
975 1718 1112 1746 Sisinnius
1125 1718 1144 1746 l.

465 1899 524 1954 S.
573 1899 825 1956 ATTICI
872 1899 982 1956 GP.
1031 1897 1351 1955 EPISCOPI

239 2017 535 2064 EPISTOLA
570 2018 645 2062 AD
682 2017 907 2062 PATRES
944 2016 1213 2063 CONCILII
1250 2017 1556 2062 AFRICANI.

392 2114 552 2141 Authenticu
567 2114 672 2140 concilii
690 2112 794 2140 Nicwni
809 2121 855 2148 per
868 2112 1027 2139 Marcellum
1043 2112 1233 2140 subdiaconum
1252 2113 1419 2140 transmittit.

735 2188 945 2221 (Lam,Concil.,
957 2188 989 2218 tt,
1004 2189 1088 2220 1675.)

894 2255 930 2262 ..-

83 2302 216 2331 Dominis
229 2300 339 2336 sanctis,
357 2299 450 2336 m_e_ri_to
473 2298 631 2336 {rectissimis
647 2298 780 2336 fratribus
794 2302 880 2334 coepi-
897 2302 919 2329 D
934 2299 1066 2333 Bithyniae
1078 2306 1093 2325 a
1112 2298 1240 2326 Patribus
1254 2299 1430 2332 constitutos,
1445 2300 1497 2328 sub
1511 2299 1573 2328 ﬁdei
1586 2301 1717 2336 astipula-

123 2337 228 2371 scopis.
244 2335 367 2371 Aurelio,
379 2333 526 2371 Valentino,
539 2333 578 2360 vel
591 2334 692 2371 caneris
707 2333 882 2369 charissiniis,

123 2374 154 2410 in
169 2368 272 2407 synodo
288 2369 367 2410 _apud
391 2368 579 2404 Carthaginem
602 2369 696 2395 habita
719 2370 882 2404 constitutis,

123 2409 236 2434 Atticus
252 2409 398 2439 episcopus.

124 2483 185 2511 Per
204 2482 290 2509 ﬁlium
303 2483 427 2507 nostrum
443 2479 600 2506 Marcellum
617 2478 816 2507 subdiaconum
839 2489 885 2509 ve-

83 2534 185 2558 strum
202 2532 306 2562 scripta
320 2530 419 2553 vestra:
442 2524 596 2552 dilectionis
613 2532 675 2552 cum
693 2526 768 2553 omni
782 2527 884 2561 gratia-

84 2583 154 2604 rum
172 2574 281 2602 aclione
302 2572 419 2606 suscepi,
437 2571 551 2598 Domino
574 2571 676 2605 gratias
699 2579 793 2606 agenS,
810 2573 882 2607 quod

82 2620 186 2648 merui
205 2623 344 2646 tantorum
367 2617 483 2644 fratrum
498 2615 688 2644 benedictione
703 2617 817 2651 perfrui,
833 2617 882 2646 do-

82 2668 162 2695 mini
185 2665 340 2694 beatissimi
367 2664 475 2691 fratres.
494 2662 621 2690 Scribitis
642 2671 706 2691 sane
722 2667 752 2690 ut
766 2664 885 2692 verissi—

80 2718 153 2742 n’los
171 2719 307 2743 canones,
326 2710 399 2745 apud
422 2709 540 2736 Nicmam
556 2708 693 2736 civitatem
711 2711 883 2746 metropolim

291 2938 426 2968 Ριτιιοι..
443 2939 500 2970 Gl.
519 2939 614 2970 LXV.

934 2345 1007 2372 tione
1022 2344 1147 2379 dirigam.
1171 2343 1204 2370 Et
1226 2345 1287 2378 quis
1301 2348 1353 2377 est,
1375 2345 1423 2379 qui
1440 2352 1610 2373 communem
1626 2346 1719 2380 ﬁdem,

934 2390 977 2417 vel
992 2393 1094 2417 statuta
1108 2397 1124 2416 a
1140 2389 1269 2417 Patribus
1283 2390 1400 2423 ﬁrmata,
1419 2391 1479 2418 suis
1493 2391 1623 2419 fratribus
1636 2392 1719 2420 dene-

935 2434 1002 2470 get?
1018 2433 1077 2466 Qua
1094 2433 1128 2461 de
1147 2441 1185 2467 re,
1209 2442 1257 2470 per
1272 2435 1397 2462 eumdem
1419 2435 1501 2462 tilium
1530 2443 1621 2463 meum
1648 2436 1719 2463 Mar—

936 2479 1036 2507 cellum
1063 2479 1261 2507 subdiaconum
1288 2484 1422 2512 vestrum,
1447 2481 1562 2508 nimium
1592 2481 1721 2511 festinan-

936 2529 1001 2558 tem,
1014 2525 1086 2552 sicut
1103 2525 1198 2553 statuti
1214 2530 1278 2553 sunt
1293 2526 1321 2554 in
1338 2525 1427 2554 Nicaea
1439 2527 1549 2555 civitate
1562 2535 1577 2554 a
1592 2526 1720 2556 Patrious

936 2578 1056 2598 canones
1070 2571 1098 2598 tn
1113 2572 1229 2606 integro,
1245 2576 1275 2599 ut
1290 2572 1423 2608 jussistis,
1443 2573 1550 2607 direxi;
1563 2577 1668 2609 petens,
1691 2577 1721 2601 ut

936 2626 987 2654 pro
1001 2626 1044 2646 me
1058 2619 1203 2654 plurimum
1221 2624 1312 2648 vestra
1335 2625 1430 2649 sancta
1446 2621 1620 2656 congregatio
1642 2628 1722 2648 orare

935 2665 1038 2700 jubeat.
1056 2664 1091 2691 Et
1107 2665 1161 2694 alia
1170 2674 1249 2693 manu
1263 2674 1272 2693 :
1288 2666 1360 2694 Deus
1375 2670 1468 2695 noster
1489 2667 1662 2695 sanctitatem
1675 2673 1722 2694 ve-

938 2717 1022 2740 stram
1037 2711 1184 2745 custodiat,
1199 2713 1273 2747 quod
1285 2717 1422 2749 optamus,
1437 2713 1526 2740 sancti
1542 2712 1650 2741 fratres.

1556 2936 1594 2968 91
