1967 3075
242 135 293 165 (Ἦ

793 141 824 169 S.
846 142 1003 171 PROCLL'S
1040 149 1043 167 4

1065 144 1091 171 Ρ.
1114 144 1315 176 EPISCOPL'S.
1816 152 1863 181 ῢεῖ

255 224 1855 243 M—

479 307 523 352 S.
552 307 755 352 ATTICI
795 309 1091 356 EPISTOLA
1125 312 1200 355 AD
1236 312 1285 356 S.
1324 312 1633 358 CYRILLUM

805 404 1081 433 ALEXANDRINUSI
1110 406 1304 435 EPISCOPUM

608 481 645 509 De
661 482 690 509 S.
708 482 823 510 Joannis
839 483 1029 519 Cbrysostomi
1049 485 1161 512 nomine
1177 485 1315 520 diptychis
1331 486 1488 514 inserendo.

555 551 618 579 Vide
633 553 701 579 inter
714 553 744 580 S.
762 553 859 589 (ἔῃνίΗὶ
877 555 1016 589 epistolas,
1033 555 1099 590 Opp.
1120 561 1183 583 tom.
1208 557 1237 589 γ,
1255 563 1330 591 parte
1347 566 1377 589 ιι,
1392 567 1409 591 p
1423 558 1555 586 201-305.

251 648 1857 667 Ἥ

336 730 604 775 EJUSDEM
639 733 928 780 EPISTOLA
960 736 1034 780 AD
1070 737 1315 782 PETBUM
1352 739 1427 782 ET
1462 740 1767 785 EDESIUM.

640 827 735 855 Exstat
750 830 821 864 apud
841 829 1034 866 Nicephorum,
1052 833 1125 861 Hist.
1143 834 1235 861 ποιεί.
1254 835 1300 862 lib.
1316 843 1373 867 xiv,
1393 843 1418 862 c.
1432 835 1477 862 27.

241 922 1850 946 Mm

518 1008 790 1054 EJUSDEM
826 1010 1120 1057 EPISTOLA
1145 1012 1220 1056 AD
1248 1012 1583 1060 CALLIOPEN

833 1105 939 1133 Socrat.
959 1106 1031 1134 llist.
1049 1107 1140 1134 ποίεε.
1162 1115 1210 1138 vn,
1226 1107 1270 1134 25.

235 1199 1866 1222 -—_————=____—————4
1024 1214 1030 1218 .
1044 1215 1644 1222 _——____
1650 1217 1838 1222 ______.-

865 1288 950 1310 ANNO
972 1287 1082 1310 DOMINI
1104 1288 1229 1310 CDXLVI.

627 1354 1441 1488 ‘S.PROCLUS‘

474 1553 1171 1600 CONSTANTINOPOLITAN
1183 1556 1250 1600 US
1275 1556 1621 1603 EPISCOPUS.

893 1694 1220 1752 NOTITIA.

602 1797 766 1832 (GAI.LAND.,
797 1798 852 1824 Yet.
873 1797 950 1824 Patr.
968 1798 1095 1826 Biblioth.
1124 1799 1169 1831 l.\',
1196 1800 1314 1836 Proleg.,
1331 1808 1356 1835 p.
1384 1802 1490 1835 xxxix.)

269 1934 288 1960 I.
306 1931 431 1959 Proclum
449 1939 463 1957 a
481 1932 610 1966 primaeva
631 1934 712 1958 :etate
727 1930 827 1957 litteris
844 1937 875 1956 ac
893 1929 1019 1964 discipli—
1033 1936 1055 1963 Α
1071 1938 1143 1957 nunc
1155 1934 1352 1965 Iterum,atqne
1366 1931 1462 1958 iterum
1479 1933 1512 1960 ad
1524 1933 1616 1961 sedem
1627 1935 1865 1973 Constantinopo-

231 1980 275 2007 nis
301 1977 460 2005 excolendis
487 1977 583 2004 sedulo
611 1976 830 2009 incumbentem,
852 1975 885 2002 ad
909 1975 1018 2003 lectoris

230 2025 346 2061 gradum
381 2023 466 2050 fuisse
499 2027 667 2058 promotum,
691 2030 724 2049 ex
752 2021 865 2049 Socrate
889 2021 1020 2056 intelligi-

233 2079 297 2098 mus
309 2071 358 2106 (α).
370 2069 471 2097 Deinde
479 2069 569 2096 Attico
579 2069 707 2104 episcopo
714 2068 1018 2103 Constantinopolitano

230 2126 340 2155 operam
355 2117 440 2149 dedit,
460 2116 540 2151 cujus
551 2116 634 2144 etiam
651 2115 776 2143 notarius
796 2115 918 2148 exstitit;
935 2117 1018 2149 atque

229 2166 263 2192 ab
280 2173 313 2192 eo
329 2164 465 2191 diaconus
485 2167 512 2189 et
528 2162 672 2198 presbyter
691 2162 836 2189 ordinatus
853 2161 938 2189 fuisse
953 2168 1016 2196 pero

229 2211 348 2238 hibetur.
367 2210 471 2237 Interea
497 2213 605 2236 mortuo
621 2208 819 2244 Cyzicenorum
842 2208 968 2242 praesule,
987 2211 1017 2233 ut

229 2257 326 2285 scribit
349 2256 418 2283 idem
439 2255 567 2283 Socrates
586 2254 634 2289 (b),
653 2254 795 2282 Sisinnius
806 2254 888 2281 Attici
902 2261 1015 2281 succes-

228 2311 285 2334 sor,
299 2303 332 2330 ad
350 2303 423 2329 illam
440 2302 584 2337 regendam
597 2301 748 2329 Ecclesiam
764 2301 923 2336 episcopum
940 2299 1015 2327 ordi-

226 2349 313 2374 navit.
330 2348 363 2373 At
382 2354 443 2374 eum
467 2350 664 2381 praevertentes
682 2345 821 2381 Cyziceni,
836 2345 931 2376 alium,
951 2344 1014 2371 Dal-

226 2394 341 2420 matium
358 2393 477 2425 nomine,
487 2392 539 2420 sibi
556 2393 715 2427 episcopum
730 2391 954 2419 constituendum
970 2398 1015 2417 cu-

225 2443 332 2466 rarunt.
356 2438 621 2473 Constantinopolim
648 2437 740 2473 itaque
758 2437 866 2465 rediens
885 2436 1012 2467 Proclus,

224 2485 262 2512 tbi
285 2485 442 2520 frequenter
464 2485 655 2512 concionando
676 2491 802 2520 magnam
822 2484 864 2511 sui
893 2483 1012 2510 nominis

224 2530 412 2557 celebritatem
434 2534 601 2557 consecutus
620 2534 662 2557 est
680 2529 726 2565 (ε).
743 2528 794 2555 Vir
809 2528 871 2560 fuit,
893 2529 915 2555 si
932 2528 1011 2562 quis»

224 2583 304 2610 quam
331 2576 420 2608 alius,
439 2575 552 2611 optimis
567 2576 691 2603 moribus
716 2575 858 2611 praditus.
879 2574 939 2608 Quo
963 2581 1012 2601 no-

257 2668 296 2704 (ᾳ)
310 2667 423 2704 soci-at.
436 2667 509 2695 Hist.
521 2667 586 2695 εισι.
602 2668 648 2695 lib.
665 2675 714 2699 vn,
727 2674 787 2702 cap.
804 2667 848 2693 Η.

258 2703 294 2738 (b)
310 2703 347 2738 lil.
369 2703 434 2738 ibid.
450 2711 511 2737 cap.
527 2703 572 2730 ‘28.

257 2741 292 2768 (vi
310 2737 347 2773 id.
365 2737 429 2765 ibid.
443 2747 502 2773 cap.
519 2738 562 2764 Μ.

258 2773 297 2807 (ά)
313 2772 351 2799 Id.
370 2773 435 2800 ibid.
452 2772 529 2808 capp.
545 2773 590 2805 26,
607 2772 653 2803 29.
670 2773 714 2799 55.

1070 1977 1183 2002 litanam
1196 1976 1383 2011 occupandam
1393 1978 1485 2012 populi
1495 1980 1565 2006 votis
1572 1982 1717 2015 expetitus,
1725 1984 1782 2011 sive
1799 1990 1864 2019 post

1069 2026 1184 2048 mortem
1194 2022 1276 2048 Attici
1285 2027 1312 2049 et
1325 2022 1450 2056 Sisinnii,
1459 2024 1516 2051 sive
1524 2030 1585 2060 post
1595 2027 1796 2057 abdicationem
1807 2031 1863 2059 he-

1068 2067 1159 2098 storii,
1174 2071 1203 2093 ut
1219 2071 1316 2094 auctor
1327 2072 1369 2095 est
1380 2069 1496 2096 subinde
1507 2070 1634 2100 laudatus
1643 2073 1794 2102 historicus
1804 2076 1862 2111 (d);

1068 2113 1294 2145 tandem,eodem
1311 2118 1379 2142 teste
1389 2115 1435 2150 (ε),
1446 2121 1506 2149 post
1516 2116 1710 2146 Maximianum
1726 2120 1784 2148 fato
1796 2121 1862 2149 t‘un-

1068 2164 1142 2186 ctum
1156 2159 1306 2186 Arcobindo
1319 2165 1343 2186 et
1356 2160 1457 2195 Aspare
1471 2170 1553 2195 00:3,,
1566 2163 1652 2197 pridie
1663 2164 1728 2192 Idus
1740 2167 1861 2201 Apriles,

1068 2203 1093 2231 id
1111 2208 1153 2231 est
1173 2211 1246 2231 anno
1263 2203 1366 2232 Christi
1384 2205 1447 2237 454,
1472 2207 1498 2233 in
1520 2206 1595 2234 illius
1615 2207 1744 2237 Ecclesiae
1765 2212 1863 2246 ponti-

1067 2249 1138 2277 ticali
1162 2249 1263 2277 throno
1280 2255 1322 2277 est
1341 2250 1506 2279 collocatus.
1527 2252 1578 2285 Qui
1598 2259 1744 2288 postquam
1768 2258 1864 2285 multa

1066 2304 1117 2331 pro
1132 2296 1185 2323 ﬁde
1203 2296 1339 2324 catholica
1354 2298 1552 2333 propngnanda
1566 2300 1696 2334 praeclare
1709 2302 1860 2336 gessisset.

1065 2343 1171 2370 exactis
1192 2343 1220 2369 in
1248 2342 1399 2378 Byzantina
1426 2345 1490 2371 sede
1515 2345 1596 2373 annis
1621 2353 1684 2379 xm,
1705 2351 1732 2374 et
1749 2348 1862 2383 aliquot

1065 2389 1219 2420 mensibus.
1236 2397 1252 2416 e
1269 2390 1338 2417 vivis
1354 2390 1463 2417 demum
1479 2392 1597 2419 excessit
1615 2400 1688 2420 anno
1712 2393 1763 2421 M7
1778 2396 1862 2426 desi-

1064 2440 1156 2463 nente.
1176 2435 1214 2462 De
1227 2435 1278 2462 hac
1296 2439 1387 2462 tamen
1402 2438 1534 2471 temporis
1548 2439 1691 2466 notatione
1704 2440 1730 2466 in
1750 2449 1861 2468 annum

1063 2485 1090 2508 et
1101 2481 1173 2508 diem
1189 2479 1279 2507 Procli
1290 2481 1481 2514 emortualem,
1494 2483 1565 2509 haud
1578 2490 1696 2511 concors
1712 2490 1805 2512 exstat
1821 2487 1862 2512 vi-

1064 2535 1156 2554 rorum
1167 2526 1338 2554 eruditorum
1349 2529 1497 2560 sententia,
1513 2534 1542 2556 ut
1556 2529 1649 2557 videre
1662 2534 1704 2557 est
1717 2532 1790 2565 apud
1804 2531 1863 2558 Pa-

1065 2574 1141 2608 gium
1154 2572 1187 2608 (Ῑ)
1203 2580 1235 2600 ac
1248 2572 1456 2601 Tillemontinm
1468 2574 1516 2609 (g),
1531 2582 1601 2610 quos
1616 2576 1746 2604 consulas
1757 2578 1860 2604 velim.

1024 2669 1045 2696 Β
1097 2666 1131 2699 (e)
1148 2665 1187 2692 Id.
1206 2665 1271 2692 ibid.
1288 2673 1348 2700 cap.
1363 2666 1407 2692 40.

1095 2701 1128 2735 (f)
1149 2700 1223 2734 Pagi.
1240 2700 1273 2726 ad
1287 2708 1351 2727 ann.
1368 2700 1432 2736 μβ,
1447 2701 1479 2736 §§
1494 2701 1509 2727 8
1526 2710 1601 2736 seqq.

1096 2738 1132 2770 (μ)
1151 2735 1259 2762 ’l‘illem.
1284 2740 1351 2764 tom.
1372 2735 1537 2771 XVI,'p'agg.
1563 2735 1611 2764 7i7
1627 2741 1654 2766 et
1675 2737 1737 2772 799,
1754 2743 1817 2767 not.
1843 2739 1864 2766 2

1059 2779 1105 2796 sur
1120 2771 1148 2796 S.
1168 2771 1267 2799 l’rocle.

250 2861 262 2872 ”
271 2861 354 2888 Attico
365 2862 411 2888 (ΣΡ.
427 2863 539 2887 Procium
552 2866 577 2887 et
588 2862 731 2887 Flananum
743 2863 788 2886 ιιι.
803 2862 928 2892 jungimus
938 2861 1048 2891 quamvis
1060 2862 1147 2886 ordine
1161 2861 1336 2892 chronologico
1346 2860 1464 2890 juniores.
1477 2860 1543 2885 EDﬂ'.
