1967 3075
137 165 188 193 6⁸ἱό

850 164 1001 193 ΝΟΤΙἸΊΛ.

1703 168 1755 196 σει
1773 164 1775 166 ’

168 220 200 247 ll.
216 218 345 246 Doctrina
356 223 384 246 et
394 218 554 254 eloquentia
568 220 716 253 plurimum
728 221 849 248 valuisse
863 229 923 249 san-
938 226 959 253 Α
974 222 1094 249 codicum
1117 222 1207 256 aliqua
1233 222 1372 249 collatione
1391 230 1422 249 ac
1442 230 1507 249 nova
1524 224 1639 249 versione
1655 223 1758 258 (melio-

135 271 208 294 ctum
225 265 362 296 Proclum,
379 265 406 292 id
423 273 488 292 vero
504 273 536 293 ex
549 270 670 294 veterum
686 267 847 295 testimoniis
861 276 920 302 qua:

135 312 209 339 illius
229 311 359 345 operibus
374 310 569 345 prmmisimus,
589 311 668 345 plane
684 315 853 345 compertum
871 312 920 338 ba-

136 358 242 385 bemus.
256 356 405 391 Complura
421 356 533 390 scripsit
555 357 651 384 beatus
667 357 776 391 pra-sul,
795 365 855 392 quae
878 362 920 383 ta-

136 411 197 431 men
217 403 250 430 ad
273 410 321 429 nos
341 410 428 436 usque
449 403 521 428 haud
539 403 630 429 omnia
657 410 815 437 pervenere.
836 403 921 435 Quid—

136 449 200 485 quid
214 453 304 476 autem
316 457 349 476 ex
365 449 425 482 cjus
440 449 592 476 litterarum
606 449 783 476 monimentis
795 449 921 483 detegere

136 496 223 527 licuit.
244 495 380 524 bomilias.
393 495 534 528 epistolas,
556 493 718 529 lragnienta,
734 498 800 525 εις..
815 502 846 521 ea
861 498 922 529 post

138 540 367 568 Elinenhorstium
388 540 534 575 diligenter
548 539 617 568 satis
636 539 745 574 collegit
765 539 922 567 Vincentius

138 587 299 617 Riceardus.
324 594 355 613 ac
368 586 463 613 Latine
472 586 575 613 reddita
588 590 614 613 et
641 586 784 613 uberrim‘s
801 587 923 613 animad-

137 634 309 661 versionibus
342 632 474 659 adornata
501 640 573 659 anno
604 631 690 663 1650,
707 631 836 659 Romanis
852 632 923 667 typis

138 679 285 706 commisit.
312 678 488 705 Postmodum
507 677 597 704 Procli
622 678 754 704 Homilias
773 678 830 704 sive
857 677 924 704 Ora-

139 726 226 753 tiones
248 733 283 752 xx
305 725 338 751 ad
362 732 426 751 mss.
440 724 549 752 codices
564 724 711 754 recensuit.
727 724 816 750 denuo
830 723 924 750 Latine

139 770 219 797 vertit
259 777 291 795 ac
327 769 455 796 brevibus
489 769 561 796 notis
598 769 727 795 instruxit
760 767 924 795 Franciscus

140 815 323 843 Canibelisius
346 814 396 849 (α),
414 815 447 842 de
462 814 618 849 bujusmodi
633 822 684 842 suo
704 815 819 841 consilio
839 814 924 840 lecto-

139 870 197 890 rem
224 862 260 888 ita
289 862 423 888 monitum
449 861 564 888 reddens
591 861 648 895 (ωε
671 860 760 888 Visum
779 865 817 887 est
841 861 925 887 sancti

975 267 1037 302 res),
1053 268 1105 294 (uri
1122 268 1216 294 iterant
1229 268 1340 301 publicre
1355 268 1440 294 dare:
1458 267 1543 294 valere
1563 267 1647 302 jussis
1665 270 1758 302 spissis

975 314 1040 344 illis.
1060 322 1105 340 nec
1125 322 1186 340 raro
1205 315 1333 348 parergis,
1351 314 1488 340 autetiam
1503 314 1589 340 minus
1604 314 1759 349 quandoque

975 361 1043 392 aptis
1063 359 1186 386 Riccardi
1207 360 1276 386 notis
1295 368 1303 386 :
1321 360 1360 385 uti
1382 367 1427 386 nec
1448 359 1564 386 instituti
1586 360 1670 386 nostri
1690 360 1759 385 ratio

974 410 1067 432 nostra
1081 406 1122 431 hic
1139 407 1217 440 plura
1235 405 1371 440 prwscribi
1384 405 1456 432 sinit.
1472 419 1508 424 —-
1522 405 1587 438 Qua:
1607 406 1689 431 textui
1705 407 1760 431 elu-

976 451 1088 478 cidando
1107 452 1255 478 necessaria
1269 451 1433 482 videbuntur,
1451 451 1478 477 in
1496 450 1606 485 singulis
1621 450 1690 477 bret-i
1703 459 1760 476 ora-

977 497 1091 524 tionibus
1107 497 1255 531 eztpediam.
1277 496 1340 523 Hzec
1353 497 1398 524 ille
1416 506 1422 523 ς
1448 497 1526 530 cujus
1542 501 1686 531 propterea
1701 496 1760 522 edi—

976 543 1089 575 tionem,
1109 543 1141 569 ad
1159 543 1285 570 bomilias
1301 542 1372 577 quod
1393 543 1499 575 attinet,
1519 547 1612 576 utpote
1628 546 1761 578 pra'stan-

976 589 1083 620 tim-em,
1105 587 1294 615 Riccardiaum
1316 588 1519 615 anteferendum
1538 589 1711 620 censuimus;
1733 591 1761 614 et

977 632 1073 659 breves
1089 632 1280 659 adnotationes
1295 640 1364 667 quas
1384 632 1473 659 editor
1485 632 1518 658 ad
1537 633 1638 659 calcem
1653 632 1759 666 rcjecit.

977 678 1089 705 lectoris
1108 678 1253 705 commodo
1267 678 1453 709 consulentes,
1472 678 1504 704 ad
1519 686 1582 705 oras
1598 679 1760 713 paginarum

978 724 1162 759 subjiciendus
1181 725 1319 752 duximus.
1339 724 1453 759 Reliqua
1483 732 1566 759 porro
1575 733 1608 751 ex
1626 724 1762 751 Iticcardo

978 770 1191 804 desumpsimus.
1208 770 1278 803 Quid
1294 775 1384 798 autem
1402 779 1491 806 operae
1505 771 1596 798 studio
1611 774 1717 802 nostro,
1734 770 1762 798 in

978 815 1067 842 Procli
1082 815 1206 850 epistolis
1225 816 1396 850 potissimum
1413 815 1593 846 exeudendis,
1611 814 1762 850 prastitum

979 861 1024 892 sit.
1042 862 1142 888 notulxe
1157 861 1277 895 produnt
1297 869 1365 895 quas
1382 861 1484 896 ubique
1505 861 1687 888 subdidimns.
1706 860 1763 887 Cie-

140 908 232 936 Procli
250 907 400 937 Orationes.
425 907 558 934 Vincentio
574 907 702 934 Iiwcardo
721 907 812 934 Roma:
827 907 921 938 editas,
940 912 960 939 Β
975 911 1063 934 ternm
1092 906 1165 933 haud
1196 907 1276 933 fuerit
1305 906 1435 938 otiosum,
1459 907 1594 946 judicium
1626 907 1764 942 perlegere

143 954 203 981 aliis
221 955 319 981 nostris
335 953 427 988 quibus
440 954 554 980 maxime
569 953 684 988 Deipara
700 952 778 988 Virgo
793 953 841 980 hoc
853 958 924 979 tonio

141 1000 297 1033 celebratur,
318 999 478 1034 adjungere;
503 999 645 1035 multisque
665 999 783 1034 partibus
808 1004 924 1031 nostras,

183 1086 222 1122 (ιι)
241 1086 362 1114 Combel‘.
377 1087 489 1122 Auctar.
505 1093 568 1122 nov.
586 1086 618 1113 ad
630 1085 756 1112 Bibliot/t.
773 1084 844 1118 PP.,
864 1090 929 1114 tom.

140 1120 162 1154 I,
177 1120 253 1156 pagg.
267 1121 396 1149 501—496.
412 1122 490 1149 Paris
515 1121 594 1148 1648.

182 1157 220 1192 (b)
236 1157 274 1184 Id.
297 1158 363 1184 ibid.
381 1165 442 1193 pag.
458 1157 519 1184 467.

978 952 1051 986 quod
1072 950 1106 979 de
1128 952 1239 986 scriptis
1265 957 1360 979 sancto
1383 952 1481 980 Proclo
1507 952 1618 979 tributis
1638 951 1700 979 tulit
1727 951 1761 977 cl.

979 998 1169 1026 Tillemontius
1186 998 1230 1034 (ι),

1019 1084 1055 1120 (c)
1072 1084 1180 1120 Tillem.
1194 1089 1258 1111 tom.
1272 1083 1342 1116 XVI,
1358 1092 1437 1120 pagg.
1453 1084 1504 1111 718
1515 1088 1542 1111 et
1556 1084 1608 1111 800
1619 1092 1690 1120 seq.,
1705 1088 1762 1112 nol.

983 1120 999 1147 ’5
1015 1128 1061 1146 sur
1076 1119 1104 1147 S.
1127 1119 1231 1146 Prode.

148 1255 927 1263 ..φυῇ-ψ

982 1253 1740 1263 ——_.—————\,———————-———-

678 1337 935 1383 NOTITIA
969 1337 1222 1382 ALTERA.

295 1433 439 1470 (FESSLER,
456 1433 641 1460 Institutiones
657 1433 832 1469 Patrologicaa
840 1434 907 1461 tomi
925 1433 990 1465 duo,
1007 1432 1160 1470 OEniponte
1175 1434 1255 1462 1851.
1274 1449 1309 1454 -
1322 1434 1399 1462 Tom.
1416 1433 1447 1466 ΙΙ,
1464 1443 1524 1470 pag.
1541 1435 1616 1470 577.)

178 1547 208 1574 S.
232 1547 357 1579 Proclus,
377 1547 467 1574 adhuc
490 1546 650 1574 adolescens
672 1545 701 1573 S.
730 1546 828 1574 Joanni
845 1547 931 1583 Chry-

143 1597 267 1620 sostomo
282 1593 419 1628 imprimis
434 1592 546 1624 Charus,
565 1600 613 1627 per
625 1592 695 1619 sacri
714 1593 860 1620 ministerii
873 1601 928 1628 gra-

143 1639 196 1666 dus
214 1639 241 1665 in
264 1638 386 1666 Ecclesia
406 1638 710 1672 Constantinopolitano
728 1638 762 1665 ad
780 1639 931 1675 presbyteri

147 1686 308 1721 dignitatem
318 1684 452 1712 ascendit.
469 1684 494 1712 ls
508 1692 570 1711 cum
599 1692 624 1711 a.
635 1684 687 1712 426
712 1692 727 1711 a
742 1683 862 1712 Sisinnio
876 1687 931 1720 epi-

146 1739 230 1766 scopo
254 1731 555 1766 Constantinopolitano
580 1730 670 1766 Cyzici
690 1731 835 1766 episcopus
855 1732 930 1759 ordi-

145 1781 227 1804 natus
245 1781 328 1810 esset,
347 1777 420 1805 cives
440 1777 500 1810 ejus
521 1776 625 1811 oppidi,
642 1776 798 1811 priusquam
817 1776 930 1805 Proclus

146 1824 211 1851 illuc
227 1831 257 1851 se
273 1823 420 1854 conferret.
439 1824 522 1850 alium
537 1823 588 1850 sibi
603 1823 760 1858 episcopum
780 1823 928 1858 elegerunt.

145 1868 207 1901 Quo
221 1873 371 1903 comperto.
389 1868 503 1895 Proclus
520 1868 595 1902 pacis
617 1875 712 1895 amans
734 1867 930 1895 Constantino-

146 1915 200 1950 poli
218 1916 378 1949 permansit,
393 1914 484 1949 ibiqne
498 1914 676 1941 concionibus
692 1914 725 1941 ad
738 1914 867 1949 populum
883 1915 930 1942 ha-

148 1961 213 1988 bitis
232 1961 379 1995 plurimum
396 1960 525 1987 inclaruit
547 1959 596 1995 td).

182 2005 359 2034 Postmodum
375 2006 422 2033 ubi
436 2005 578 2033 Nestorius
591 2013 699 2034 errores
716 2014 781 2034 suos
796 2006 932 2034 Constan-

147 2053 262 2087 tinopoli
279 2052 460 2080 disseminare
472 2052 564 2086 erepit,
580 2051 694 2080 Proclus
718 2053 874 2080 adhucdnm
894 2053 931 2080 ibi

144 2099 264 2134 degens,
289 2099 466 2126 celeberrima
495 2098 617 2126 oratione
639 2099 745 2133 publice
768 2099 794 2126 in
817 2100 932 2127 ecclesia

150 2145 254 2175 habita.
277 2151 386 2173 strenue
411 2152 459 2172 eos
481 2144 659 2179 impugnavit.
685 2144 734 2172 Vir
758 2145 808 2172 l'uit
827 2146 933 2173 eximite

148 2192 327 2227 benignitatis
342 2195 369 2218 et
392 2191 624 2222 mansuetudinis,
642 2199 692 2218 nec
716 2191 830 2219 minoris
852 2192 934 2219 indu-

147 2238 234 2269 strias,
258 2245 321 2272 qua,
349 2237 413 2264 licet
432 2237 486 2263 vim
509 2242 649 2264 extentam
673 2241 769 2264 contra
791 2237 933 2265 haereticos

148 2283 273 2310 adhiberi
285 2283 379 2314 nollet,
394 2286 519 2310 errantes
534 2287 623 2309 tamen
638 2282 747 2309 assidue
762 2291 810 2317 pro
819 2284 934 2311 veritate

147 2329 294 2357 decertans
314 2329 491 2363 victoriaeque
518 2332 647 2356 assuetus
672 2328 699 2355 in
714 2329 785 2356 viam
810 2329 932 2357 veritatis

982 1549 1050 1575 itum
1069 1547 1107 1583 (a.
1128 1547 1192 1582 451)
1209 1547 1236 1574 in
1259 1547 1333 1574 illius
1354 1546 1482 1574 Ecclesize
1501 1546 1649 1581 pontiﬁcali
1668 1548 1767 1574 throno

986 1594 1137 1621 collocatus
1156 1597 1197 1621 est
1219 1593 1266 1628 (f);
1286 1593 1433 1628 statimque
1455 1593 1613 1628 synodieam
1632 1593 1666 1620 ad
1683 1593 1768 1629 Cyril-

984 1640 1038 1666 lum
1057 1639 1277 1671 Alexandrt'num,
1294 1638 1632 1671 JoannemAntioc/tenum,
1651 1639 1767 1675 aliosque

985 1684 1100 1712 Orientis
1117 1685 1250 1719 episcopos
1266 1685 1350 1715 misit.
1369 1692 1422 1719 qua
1437 1685 1471 1711 de
1489 1692 1539 1712 sua
1558 1685 1767 1713 conﬁrmatione

981 1738 1030 1757 eos
1061 1730 1192 1757 certiores
1219 1729 1344 1756 redderet
1374 1729 1421 1765 (g).
1437 1729 1548 1757 Biennio
1568 1735 1628 1765 post
1648 1731 1683 1765 (a.
1704 1731 1766 1767 456)

981 1780 1083 1803 exorta:
1111 1779 1175 1803 sunt
1197 1776 1258 1803 lites
1280 1776 1313 1803 de
1340 1775 1505 1807 Theodoro,
1536 1776 1709 1812 Mopsuestia:
1739 1778 1766 1805 in

981 1821 1079 1848 Cilicia
1103 1821 1167 1848 olim
1181 1821 1319 1856 episcopo,
1341 1827 1403 1848 ante
1423 1822 1515 1856 plures
1535 1821 1590 1856 jam
1616 1830 1702 1850 annos
1719 1822 1766 1849 de-

983 1867 1087 1898 functo,
1106 1866 1153 1901 qui
1167 1867 1194 1893 in
1211 1867 1288 1894 libris
1313 1867 1371 1894 suis
1396 1868 1475 1902 longe
1496 1867 1604 1902 lateque
1620 1868 1768 1896 celebratis

981 1913 1108 1942 Nestorio
1124 1913 1208 1941 facem
1222 1914 1387 1948 praetulerat.
1401 1913 1557 1940 Doctrinam
1569 1922 1600 1941 ex
1616 1914 1677 1941 istis
1691 1915 1768 1941 libris

983 1964 1136 1995 excerptam
1164 1960 1327 1993 Nestoriani,
1345 1960 1494 1994 praesertim
1529 1960 1557 1986 in
1585 1960 1713 1987 Armenia
1742 1964 1768 1987 et

981 2005 1093 2039 Persia,
1113 2006 1164 2034 sul)
1187 2006 1423 2033 commendatione
1447 2006 1516 2032 tanti
1533 2007 1651 2033 nominis
1672 2014 1769 2041 propa-

983 2060 1048 2086 gare
1071 2053 1161 2080 conati
1178 2056 1252 2079 sunt.
1278 2052 1376 2079 Verum
1398 2052 1515 2079 Aeacius
1540 2052 1718 2080 Melitinensis
1742 2057 1769 2079 et

983 2097 1103 2125 Rabulas
1120 2096 1276 2125 Edessenus
1289 2097 1444 2132 episcopus,
1459 2105 1488 2124 re.
1504 2098 1623 2132 cognita.
1635 2099 1768 2125 Armenes

985 2146 1150 2170 monuerunt
1163 2143 1196 2170 de
1210 2143 1330 2170 cavendo
1343 2151 1437 2170 errore
1451 2145 1555 2178 magnis
1570 2151 1599 2170 sc
1611 2143 1768 2170 nominibus

985 2193 1108 2224 tegente;
1123 2189 1225 2216 Cilicia
1240 2194 1330 2216 autem
1354 2189 1487 2224 episcopi.
1510 2189 1663 2224 patrocinio
1677 2189 1769 2217 Theo—

984 2235 1045 2262 dori
1064 2239 1203 2270 suscepto,
1219 2236 1317 2262 litteris
1333 2236 1360 2262 in
1375 2236 1532 2263 Armeniam
1545 2235 1658 2263 directis
1675 2236 1769 2263 Acacii

984 2286 1011 2309 et
1032 2281 1144 2308 Rabula:
1169 2282 1271 2308 monita
1289 2281 1398 2308 nonnisi
1414 2290 1447 2308 ex
1473 2282 1564 2310 studio
1586 2283 1770 2310 contentionis

984 2327 1106 2362 profecta
1127 2329 1332 2355 asseverabant.
1359 2327 1451 2362 Itaque
1476 2328 1611 2363 oppositis
1641 2329 1771 2363 utrinque

147 2375 282 2402 reducere
306 2375 446 2410 satagebat
469 2374 514 2409 (e).
536 2374 710 2409 Quapropter
729 2375 827 2402 iterum
850 2379 932 2411 atque
948 2374 1098 2420 I)vocihus
1123 2374 1150 2401 in
1178 2382 1278 2409 anceps
1303 2374 1405 2400 redacti
1431 2373 1566 2401 Armenia:
1591 2374 1711 2410 episcopi
1743 2375 1770 2401 in

145 2422 258 2452 iterum,
273 2424 303 2447 ut
319 2420 410 2448 sedem
424 2420 755 2455 Constantinopolitanam
773 2425 931 2456 occuparet,

145 2466 239 2501 populi
257 2466 326 2493 votis
339 2465 487 2500 expetitus,
509 2465 618 2493 tandem
632 2469 695 2500 post
709 2465 868 2493 Maximiani
884 2467 933 2494 ob-

183 2555 224 2590 (d)
239 2555 346 2582 Socrat.
365 2554 466 2581 Histor.
481 2554 573 2581 eccles.
587 2553 634 2580 lib.
651 2563 698 2585 vn.
714 2562 738 2590 c7.
755 2555 799 2587 26,
816 2555 861 2585 ﬂ.
881 2555 928 2588 b5;

144 2589 291 2625 Nicephori
303 2589 405 2617 Hister.
415 2589 506 2616 eccles.
517 2590 624 2625 lib.xtv.
634 2590 712 2625 c558;
722 2589 868 2624 Ephrtemii
877 2590 929 2625 By-

145 2623 249 2654 zantini
263 2625 406 2660 Catalogus
418 2624 631 2660 patriarcharum
647 2623 889 2659 Constantinopol.,
899 2623 928 2652 v.

144 2660 266 2689 9711-19
284 2661 311 2687 in
326 2658 376 2693 Af;
395 2660 459 2686 Maii
480 2658 557 2686 Nova
573 2658 674 2687 collect.
695 2665 808 2687 veterum
823 2658 928 2694 smer

145 2701 167 2723 t.
191 2695 234 2724 Ill.
250 2703 276 2730 p.
305 2703 323 2726 ι,
345 2703 371 2730 p.
387 2694 450 2730 229.
465 2694 508 2721 Cf.
525 2694 671 2721 Tillemont
688 2695 707 2722 l.
724 2703 761 2728 c.,
774 2703 800 2730 p.
817 2695 910 2722 604-6.

195 2729 373 2766 (elysiocrat.
390 2729 494 2766 Πίερον.
510 2729 602 2766 cades.
614 2729 750 2766 qlibhvn.
766 2729 791 2757 (ὲ.
807 2731 836 2757 Ill
850 2751 857 2762 ,
874 2730 927 2762 42;

145 2765 176 2793 S.
191 2763 245 2793 Leo
265 2765 390 2800 M.epist.
403 2765 466 2796 155,
482 2771 507 2791 c.
526 2765 538 2791 1
551 2774 559 2797 ;
572 2763 703 2800 S.Cyrill.
721 2765 867 2792 Alexandr.
885 2773 928 2800 ep.

144 2801 179 2829 51
211 2800 291 2835 (Opp.
313 2799 333 2827 ιζ
350 2799 383 2831 ν,
399 2808 426 2834 p.
443 2808 473 2831 ιι,
492 2808 518 2833 p.
541 2799 619 2834 495);
633 2799 641 2835 ⁷,
654 2799 805 2834 Synoditon
836 2800 928 2828 δαείη.

186 2828 254 2863 ἸΞἹΪ
266 2828 315 2863 ὈΓ.
334 2828 480 2862 ἰ’ὶὶὶέωοηὶ
493 2828 515 2861 Ἰ.
532 2843 556 2862 c.
574 2828 600 2868 p1
614 2828 709 2862 706:9.

184 2870 232 2906 (1)
245 2871 351 2898 Socrat.
370 2869 441 2906 Hist.
467 2869 556 2897 eules.
568 2870 622 2906 μί).
644 2878 691 2903 vn,
709 2877 733 2897 c.
750 2869 795 2903 26,
818 2870 868 2904 29,
886 2871 930 2903 55,

146 2906 199 2940 40;
220 2905 372 2941 Synodicon
386 2905 489 2937 Casin.,
506 2914 530 2932 ρ.
550 2905 609 2932 123.

986 2420 1102 2447 concilio
1129 2425 1297 2457 statuerunt,
1318 2419 1445 2447 Proelum
1469 2427 1500 2447 ea
1514 2419 1548 2448 de
1569 2428 1599 2448 re
1615 2421 1769 2454 consulere,

987 2467 1021 2493 ad
1036 2473 1115 2501 quem
1136 2466 1206 2493 duos
1228 2466 1401 2501 presbyteros
1421 2466 1525 2500 legatos
1548 2466 1683 2493 miserunt
1707 2474 1769 2494 cum

1020 2554 1056 2589 (g)
1079 2554 1240 2581 Prommium
1255 2553 1332 2587 hujus
1347 2553 1490 2588 synodica,
1514 2553 1547 2580 de
1567 2561 1619 2588 qua
1636 2554 1708 2581 haud
1725 2555 1770 2582 in-

984 2589 1114 2624 frequens
1126 2590 1196 2624 apud
1208 2593 1313 2624 veteres
1328 2593 1375 2624 est
1393 2589 1506 2624 mentio,
1530 2593 1620 2616 exstat
1636 2590 1663 2616 in
1682 2590 1769 2624 Syno-

983 2622 1042 2651 dico
1060 2622 1210 2654 Casini’nsi,
1227 2632 1252 2650 c.
1270 2623 1320 2650 150
1334 2622 1388 2657 (ed.
1402 2622 1517 2649 Schulze
1541 2631 1584 2658 ep.
1602 2623 1674 2658 129),
1698 2622 1725 2651 et
1742 2626 1769 2652 in

984 2660 1053 2694 Opp.
1073 2659 1160 2686 Procli
1183 2659 1236 2694 ed.
1254 2658 1451 2694 Gallandqrep.
1471 2658 1515 2694 17.
1535 2658 1596 2685 Vid.
1621 2658 1770 2694 Synotlicon

984 2693 1075 2722 casm.
1091 2702 1117 2721 c.
1133 2694 1201 2725 1M,
1226 2693 1288 2726 145,
1315 2693 1375 2724 148,
1395 2693 1455 2722 149.
1477 2693 1539 2720 158.
1556 2694 1598 2721 Cf.
1623 2693 1771 2722 Tillemont

983 2734 1003 2756 t.
1019 2729 1089 2760 XIV.
1107 2729 1137 2756 s.
1160 2729 1270 2764 Cyrille,
1297 2732 1348 2754 art.
1364 2727 1414 2764 421
1430 2728 1548 2764 (p.572.
1570 2728 1642 2763 573).
1659 2745 1695 2750 -
1711 2731 1770 2757 Alia

982 2765 1106 2799 quaedam
1124 2764 1153 2792 S.
1170 2762 1258 2791 Procli
1274 2762 1416 2799 synodica.
1439 2763 1519 2796 cujus
1534 2762 1638 2791 mentio
1655 2764 1771 2791 habetur

981 2798 1010 2827 in
1027 2799 1189 2826 Theodoreti
1207 2799 1286 2834 epist.
1305 2798 1348 2828 86,
1365 2798 1511 2834 posteriori
1530 2803 1652 2833 tempore
1667 2800 1770 2833 scripta

983 2835 1101 2865 videtur.
1122 2834 1164 2861 (ll.
1188 2833 1374 2869 P.'Constant
1390 2833 1564 2869 i_n_epistolis
1593 2834 1698 2869 pontill'.
1716 2835 1771 2862 lio-

985 2878 1070 2903 man.,
1085 2870 1216 2897 Monituin
1234 2869 1261 2896 in
1279 2868 1307 2896 S.
1325 2867 1400 2902 Xysti
1418 2866 1507 2904 lll’ep.
1524 2870 1568 2896 10.
