1967 3075
170 155 224 184 6'31

773 155 985 184 TESTlMONlA
1004 156 1183 185 VETERUM.

1752 156 1806 185 658

173 214 226 249 In),
242 217 270 241 et
286 213 319 240 de
338 209 462 247 ejusdem
481 212 679 240 circumcisione
700 218 797 241 Octavo
816 219 877 250 post
897 215 966 242 nati-
982 224 1003 250 Α
1019 214 1161 250 pontiﬁces
1189 214 1305 242 summis
1326 214 1453 244 laudibus
1470 217 1546 244 illum
1567 216 1731 244 extollerent
1755 214 1805 251 (b).

174 259 283 286 vitalem
304 259 347 286 die
367 259 411 294 (A.
438 258 491 285 Mai
527 259 545 285 I.
564 265 589 286 c.
616 267 642 294 p.
671 261 866 295 LXXXIV—VII),
885 261 912 288 in
939 268 962 288 s.

174 305 339 340 theophania
356 305 414 332 sive
434 306 462 332 in
486 306 632 340 epiphania
658 306 764 334 Domini
792 307 873 342 (orat.
898 308 962 342 vn);

173 358 266 378 sermo
278 350 316 378 De
331 352 526 384 incarnatione,
540 352 633 380 dictus
645 353 671 380 in
685 352 806 381 Sabbato
819 358 882 381 ante
892 354 965 387 Qua-

174 396 354 431 dragesimam
370 396 379 432 (
397 398 427 423 A.
445 397 498 424 Mai
526 397 543 424 l.
569 405 593 425 c.
617 406 643 433 p.
670 400 914 434 LxxxvnI—xcu);
931 399 965 426 In

175 441 435 476 transﬁgurationem
454 444 536 479 (orat.
558 444 632 479 VIII):
650 444 684 472 In
701 453 789 472 ramos
809 444 964 472 Palinurum

176 488 256 522 (orat.
272 489 325 523 ix);
340 489 367 516 in
383 489 478 517 feriant
491 491 613 525 quintam
624 491 663 518 De
676 500 750 519 εαιγιιι
764 492 871 519 Domini
883 493 964 527 (orat.

176 534 224 568 x);
241 535 267 560 in
287 535 440 563 l’arasceve
455 536 492 563 De
503 538 626 571 passione
639 537 779 565 Dominiea
799 539 880 571 (orat.
908 538 963 573 xI);

177 588 248 608 unus
257 581 294 608 De
303 583 494 610 resurrectione
504 583 610 610 Domini
620 584 712 612 dictus
721 585 746 611 in
755 588 834 612 nocte
844 586 964 620 paschali

178 628 259 662 (orat.
274 630 336 662 xu);
355 634 410 656 tres
426 630 491 658 ius.
511 630 614 657 Pascha
626 631 706 667 (orat.
727 638 787 664 xm,
801 641 846 659 XIV
857 638 883 659 et
902 633 964 666 xv);

177 681 248 700 unus
265 673 302 700 De
310 675 463 701 ascensione
477 674 637 711 Domini(A.
653 676 704 703 Mai
727 677 745 704 l.
760 685 785 704 c.
801 685 967 712 p.Lxxvu—

177 722 304 753 Lxxxtn);
317 720 436 755 denique
453 729 525 749 unus
540 721 572 748 In
581 724 608 752 S.
624 723 794 751 Pentecosten
805 724 885 760 (orat.
897 725 965 760 xvn).

212 763 239 790 2.
261 764 366 792 Laudes
383 771 547 794 sanctorum.
572 768 626 796 llas
644 770 716 796 inter
729 770 831 797 eminet
847 771 968 798 celeber-

177 809 248 836 rima
264 810 309 838 illa
326 811 446 840 laudatio
463 814 490 840 in
514 813 566 841 SS.
592 814 640 842 Dei
659 815 818 843 Genitricem
839 816 966 848 Mariam,

177 855 305 884 Nestorio
321 863 455 892 praesente
476 860 578 893 habita,
592 861 627 888 ab
639 869 727 896 eoque
745 862 902 898 frequenter
917 863 967 889 im-

178 908 299 938 pugnata
315 906 398 933 (orat.
414 906 445 941 t);
458 911 486 934 et
503 907 588 934 altera
606 909 705 936 similis
717 909 870 944 argumenti
887 910 968 944 (orat.
986 909 1005 936 B

178 950 216 983 v).
232 951 374 978 Accedunt
401 952 523 980 laudatio
541 953 571 980 S.
594 953 673 981 Pauli
695 956 812 990 apostoli
838 955 969 983 fervidior

179 996 261 1029 (orat.
285 998 354 1033 xxx),
381 998 410 1026 S.
436 999 552 1027 Andreae
575 1001 692 1036 apostoli
708 1002 789 1037 (orat.
814 1002 872 1037 xx),
889 1006 916 1029 et
939 1002 968 1029 S.

178 1041 295 1070 Joannis
313 1043 504 1079 Cbrysostomi
523 1045 603 1079 (orat.
622 1046 692 1081 xxi).
711 1046 759 1074 llis
781 1047 971 1082 adjungendus

179 1089 254 1115 venit
265 1097 356 1117 sermo
369 1089 408 1117 De
419 1089 448 1118 S.
466 1091 599 1119 Clemente
612 1097 739 1128 martyre,
753 1093 870 1129 Ancyrae
883 1094 910 1120 in
922 1093 972 1120 Ga-

179 1134 244 1161 latia
262 1135 392 1170 episcopo
411 1137 454 1170 (Α.
471 1136 524 1163 Mai
552 1138 570 1164 l.
585 1145 610 1164 c.
630 1146 657 1172 p.
676 1138 846 1173 xcw—vm).

215 1181 244 1208 5.
265 1180 408 1209 Tractatus
420 1183 452 1209 de
463 1183 709 1211 truditiouedivinw
720 1183 813 1211 Μίδεω
827 1186 887 1219 (seu
900 1188 971 1211 orat.

180 1229 261 1263 χχιι),
280 1228 400 1264 alioquin
424 1230 535 1258 nonnisi
552 1230 746 1265 fragmentum,
766 1239 821 1266 quo
844 1231 973 1266 praecipui

182 1275 355 1310 liturgiarum
370 1275 442 1310 apud
461 1276 573 1304 Graecos
586 1281 767 1305 recensentur
787 1283 925 1311 auctores,
941 1286 973 1306 ac

182 1321 336 1356 praesertim
352 1322 470 1357 liturgim
479 1322 508 1349 S.
520 1322 615 1350 Basilii
627 1323 774 1352 etJoannis
783 1325 973 1360 Chrysostomi

182 1367 260 1401 origo
273 1368 430 1402 exponitur,
442 1375 457 1394 a
466 1369 630 1404 quibusdam
639 1370 666 1396 in
676 1370 788 1398 dubium
802 1371 973 1407 vocatur(a).

220 1412 262 1440 11.
290 1413 418 1447 Epistula:
444 1415 474 1442 S.
503 1415 595 1443 Procli
618 1421 715 1450 septem
744 1417 824 1444 hodie
852 1422 973 1450 exstant,

183 1466 299 1493 quarum
314 1461 393 1495 longe
406 1461 583 1488 celeberrima
596 1467 656 1490 est:
671 1463 836 1498 Tomus(seu
853 1463 975 1498 Epistola

183 1505 216 1532 de
227 1505 290 1541 ﬁde)
303 1506 336 1532 ad
360 1507 509 1541 Armenios,
525 1515 580 1542 quo
600 1509 761 1544 mysterium
779 1510 976 1537 lucarnationis

186 1553 292 1579 Domini
309 1561 440 1587 perquam
463 1560 592 1581 accurate
607 1555 763 1590 exponitur,
781 1555 850 1582 adeo
869 1560 898 1583 ut
917 1556 976 1591 epi-

1018 261 1130 288 Czeterze
1147 260 1270 295 epistola:
1293 261 1335 288 vel
1352 261 1532 296 epistolarum
1557 262 1710 296 fragmenta
1732 261 1805 296 (scil.

1018 316 1062 342 cp.
1077 307 1104 337 '5,
1118 307 1146 338 4,
1161 305 1204 339 10,
1220 306 1264 338 11,
1280 307 1324 338 15,
1340 307 1384 342 17)
1404 308 1505 343 ubique
1521 308 1656 343 insignem
1672 307 1732 341 ejus
1742 307 1809 334 cha—

1019 353 1127 380 ritatem
1145 352 1276 388 produnt,
1296 360 1347 380 nec
1363 353 1454 381 minus
1467 353 1531 382 ﬁdei
1545 354 1644 385 zelum,
1663 360 1745 388 quam
1761 360 1809 387 pa-

1019 398 1059 426 cis
1076 402 1158 433 atque
1171 398 1284 433 justitize
1298 406 1418 425 antorem
1431 399 1538 434 spirant
1552 399 1596 434 te).

1055 444 1094 471 Ex
1118 445 1243 472 doctrina
1259 445 1288 471 S.
1306 444 1397 472 Procli
1422 445 1489 472 illud
1507 445 1626 472 maxime
1649 447 1745 471 notatu
1765 443 1809 470 di-

1019 499 1113 526 gnum,
1128 491 1200 526 quod
1217 491 1317 525 saepius
1330 491 1357 518 in
1372 491 1452 518 Temo
1467 491 1501 518 ad
1516 490 1668 521 Armenios,
1680 493 1707 517 et
1722 490 1749 516 in
1765 497 1810 516 ce-

1021 538 1163 565 leberrima
1181 538 1225 564 illa
1237 537 1401 564 Laudatione
1410 537 1460 564 SS.
1475 537 1522 564 Dei
1535 537 1675 564 Genitricis
1690 538 1771 568 (orat.
1788 538 1808 567 ι)

1019 586 1148 612 illibatam
1167 584 1196 612 S.
1217 585 1307 612 lllarize
1335 585 1517 619 virginitatem
1548 584 1630 611 etiam
1654 587 1716 618 post
1743 589 1809 617 par-

1022 634 1079 657 tum
1093 630 1205 657 disertis
1220 629 1313 657 verbis
1330 631 1437 657 astruit.
1543 656 1547 661 ,

1057 676 1192 703 Editiones
1207 684 1216 703 :
1230 675 1259 703 S.
1275 676 1364 703 Procli
1380 676 1517 711 Opuscula
1531 675 1578 703 Gr.
1596 679 1623 702 et
1638 674 1699 701 Lat.
1720 673 1764 702 ed.
1776 673 1809 701 ϐ.

1022 721 1206 754 Elmenhorst,
1219 720 1342 757 Lugduni
1356 721 1449 748 Batav.
1464 721 1533 748 1617
1549 721 1576 747 in
1589 720 1628 747 8“.
1644 719 1717 754 (Hmc
1729 717 1812 746 editio

1022 769 1146 796 continet
1159 772 1265 795 tantum
1284 772 1402 802 quatuor
1414 769 1553 795 orationes
1570 771 1597 794 et
1613 770 1669 793 tres
1681 764 1812 800 epistolas

1022 820 1104 849 atque
1118 814 1273 841 Tractatum
1293 814 1326 842 de
1344 814 1486 840 traditione
1503 812 1598 840 diuinae
1612 811 1736 846 liturgice,
1754 810 1811 844 ple-

1024 869 1109 896 raque
1122 861 1170 888 Gr.
1188 865 1215 889 et
1229 861 1290 890 Lat.
1303 871 1310 894 ;
1327 861 1382 888 vid.
1399 861 1433 888 de
1449 860 1566 895 singulis
1578 858 1724 886 Holl'mann
1738 856 1812 884 Lexi—

1021 917 1069 936 con
1081 908 1257 944 bibliograph.
1276 913 1295 934 t.
1309 907 1354 940 lll,
1368 915 1391 934 s.
1403 916 1428 933 v.
1444 907 1557 933 Proclus
1575 914 1602 940 p.
1620 902 1765 938 475—74.)
1777 918 1811 922 —-

1020 954 1049 981 S.
1065 954 1153 982 Procli
1175 955 1300 982 analecta
1315 954 1374 988 (seu
1390 952 1479 988 Opera
1498 952 1624 986 collecta)
1639 958 1654 977 ιι
1667 949 1811 977 Vincentio

1020 1001 1154 1028 Riccardo
1174 1000 1221 1028 Gr.
1237 1005 1264 1027 et
1279 1000 1338 1027 Lat.
1355 1007 1418 1026 cum
1433 1001 1626 1028 commentam,
1637 995 1730 1023 Romae
1745 994 1812 1022 1650

1021 1048 1047 1075 in
1061 1048 1098 1075 Ιιο.
1111 1047 1182 1074 -—-P.
1195 1046 1377 1074 Combelisius
1390 1045 1417 1072 in
1429 1044 1557 1071 Auctario
1567 1052 1630 1070 novo
1643 1042 1813 1070 Bibliotheca:

1022 1095 1149 1127 Patrum,
1167 1093 1256 1120 Paris.
1274 1092 1353 1123 1618,
1371 1095 1392 1118 t.
1412 1090 1431 1123 l,
1449 1097 1476 1126 p.
1489 1089 1662 1122 502-ι-ι196,
1683 1088 1813 1116 homilias

1022 1149 1071 1169 seu
1088 1140 1229 1167 orationes
1244 1138 1342 1174 viginti
1358 1137 1387 1165 S.
1403 1137 1492 1164 Prooli
1509 1136 1622 1171 (omissa
1633 1140 1739 1162 tantum
1753 1141 1815 1161 ora-

1022 1187 1096 1215 tione
1123 1186 1223 1213 Asterii
1243 1184 1384 1219 Amascni)
1410 1183 1509 1211 iterum
1540 1182 1693 1210 recensitas
1717 1182 1764 1208 Gr.
1788 1185 1815 1208 et

1023 1233 1084 1261 Lat.
1102 1241 1165 1261 cum
1182 1232 1256 1260 notis
1271 1231 1368 1260 edidit.
1380 1246 1415 1250 —
1428 1229 1553 1264 Denique
1570 1229 1662 1256 omnia
1681 1227 1710 1255 S.
1725 1227 1815 1254 Procli

1024 1289 1118 1316 opera,
1138 1288 1199 1315 qua:
1218 1280 1362 1314 hucusque
1383 1281 1494 1312 reperta
1519 1280 1594 1308 sunt,
1613 1283 1647 1302 ex
1667 1274 1732 1302 edit.
1750 1273 1815 1300 Rie-

1025 1327 1099 1354 cardi
1114 1332 1141 1354 et
1160 1325 1318 1353 Combelisii
1338 1324 1453 1351 collecta
1469 1322 1572 1357 optime
1588 1321 1755 1349 exhibentur
1767 1320 1814 1347 Gr.

1025 1377 1052 1400 et
1067 1372 1127 1400 Lat.
1144 1373 1171 1399 in
1183 1370 1298 1398 Galland
1318 1370 1446 1397 Bibliotlt.
1461 1369 1573 1396 Patrum
1587 1367 1663 1399 ι.1Χ,
1677 1375 1704 1402 p.
1720 1365 1770 1393 601
1781 1380 1817 1385 -

1027 1418 1089 1449 704.
1105 1418 1151 1445 ubi
1167 1417 1248 1444 etiam
1268 1417 1306 1452 (p.
1323 1415 1441 1450 705—4)
1467 1414 1617 1448 fragmenta
1642 1412 1766 1448 quaedam
1783 1418 1817 1437 ex

1027 1464 1198 1492 orationibus
1210 1462 1358 1498 deperditis
1368 1466 1395 1488 et
1411 1470 1442 1489 ex
1456 1460 1579 1496 epistolis
1594 1458 1733 1486 nonnullis
1749 1457 1816 1484 Pro-

1028 1512 1062 1538 cli
1084 1510 1270 1545 reperiuntur.
1287 1508 1394 1541 Quibus
1420 1516 1493 1534 nunc
1519 1505 1619 1533 addere
1634 1508 1742 1539 oportet
1757 1511 1817 1530 ser-

1029 1564 1124 1583 mones
1136 1556 1169 1582 ab
1185 1556 1217 1582 A.
1230 1554 1280 1581 Mai
1317 1557 1451 1588 repertos,
1467 1559 1581 1588 quorum
1604 1551 1709 1586 primus
1726 1549 1774 1577 Gr.
1791 1553 1820 1576 et

185 1599 260 1634 sropi
276 1599 402 1626 catholici
422 1607 471 1634 per
487 1604 574 1627 totum
594 1600 732 1628 Orientem
748 1601 835 1629 cidem
851 1602 974 1630 subscri-
989 1593 1009 1621 ο
1027 1603 1099 1636 Lat.,
1121 1602 1217 1637 reliqui
1231 1601 1327 1628 Latine
1344 1604 1449 1627 tantum
1465 1599 1637 1626 exhibentur.

185 1645 280 1673 herent
293 1651 425 1681 tanquam
442 1654 546 1674 normze
558 1651 639 1674 rectae
652 1647 723 1680 ﬁdei,
739 1648 846 1683 ipsique
859 1649 975 1676 Romani

240 1725 279 1757 la)
296 1724 339 1752 Cl‘.
358 1725 504 1753 Tillemont
524 1725 543 1753 1.
563 1733 587 1753 c.
606 1734 632 1760 p.
663 1726 745 1758 80L;
770 1726 879 1753 Ceillier
892 1727 910 1753 l.
933 1734 971 1757 c.,

186 1769 215 1788 ιι.
230 1761 265 1787 26
287 1761 323 1794 (p.
337 1761 431 1788 491-
446 1761 507 1796 95),
528 1765 555 1788 et
571 1765 590 1787 t.
607 1762 633 1793 l,
653 1770 713 1796 cap.
742 1763 759 1787 2
771 1781 777 1792 ,
794 1765 846 1788 art.
863 1782 869 1790 .
889 1770 916 1788 ιι.
937 1762 971 1793 8,

186 1802 225 1832 (p.
243 1796 413 1832 7510—11.);
438 1796 503 1832 Eu}.
532 1796 677 1823 Renandot
705 1796 807 1832 Liturg.
840 1796 972 1824 Oriental.

186 1831 310 1863 Collect.,
329 1836 348 1857 t.
364 1831 390 1864 l,
421 1839 448 1866 p.
475 1831 520 1862 2‘2,
550 1837 576 1859 et
603 1831 638 1858 ‘26
654 1849 682 1852 —
702 1832 730 1865 7,
750 1831 787 1860 1.7
807 1833 837 1858 Α.
854 1832 974 1859 Fabricii

186 1866 315 1902 Bibliotlt.
341 1866 426 1894 Grece.
443 1867 496 1893 vol.
520 1867 565 1897 IX.
591 1875 618 1902 p.
641 1867 775 1894 510-11,
791 1868 875 1895 Card.
899 1868 974 1894 Bona

190 1901 288 1938 Rerum
319 1902 410 1937 liturg.
427 1903 473 1929 lib.
497 1910 516 1934 ι,
532 1911 557 1930 c.
574 1901 606 1936 9’,
623 1911 652 1930 n.
668 1903 702 1936 9,
719 1903 801 1930 etiam
834 1903 976 1938 liturgialn

190 1937 219 1964 ὃ,
241 1936 330 1963 Procli
344 1936 488 1965 memorat.

225 1973 261 2007 (b)
282 1972 318 1999 De
338 1973 446 2008 nomine
473 1973 549 2000 Tomi
576 1973 631 2000 vid.
653 1981 734 2008 supra
757 1977 777 2000 ι.
806 1973 833 2002 1.
866 1972 880 2008 §
915 1973 976 2004 115,

187 2015 217 2043 p.
228 2008 290 2035 405.
307 2023 342 2028 —
358 2007 394 2036 De
407 2007 481 2035 Tomi
497 2009 580 2043 hujus
598 2007 763 2036 auctoritate
777 2009 814 2036 cl'.
827 2007 976 2036 Tillemont

1026 1731 1045 1753 ι.
1063 1725 1133 1757 XIV,
1153 1725 1183 1753 S.
1202 1724 1313 1759 Cyrille,
1339 1728 1390 1750 art.
1408 1723 1456 1750 Ml
1555 1721 1719 1759 639751);
1740 1719 1766 1747 J.
1785 1719 1818 1746 A.

1027 1761 1145 1789 Fabricii
1163 1757 1294 1796 ΒὶιιιῖοιΙιἶ
1310 1759 1470 1796 ϐτίσοηνο-Ι.
1485 1758 1573 1796 ΙΧπι).
1591 1757 1730 1796 iﬁlli—t2.
1797 1790 1803 1796 _

1064 1797 1099 1831 (ε)
1120 1796 1248 1823 Riccardi
1263 1795 1349 1831 editio
1366 1794 1485 1831 sedecim
1499 1793 1632 1831 epistolas
1652 1792 1747 1831 habet,
1758 1792 1820 1825 qui-

1028 1827 1082 1860 bus
1091 1827 1260 1858 'Gallandius
1269 1830 1405 1866 decimam
1419 1827 1560 1866 septimam
1575 1828 1673 1866 adjecit
1684 1827 1747 1866 ;_sed
1757 1833 1822 1866 pars

1030 1868 1120 1902 major
1137 1865 1312 1893 illustrandis
1324 1866 1418 1902 rebus
1434 1863 1519 1899 gestis
1539 1863 1568 1890 S.
1580 1863 1673 1902 Procli
1691 1863 1821 1902 lius-ervit.

1030 1911 1062 1929 ac
1074 1897 1186 1929 honuisi
1205 1906 1302 1936 septem
1314 1901 1348 1928 de
1363 1897 1464 1936 quibus
1482 1906 1563 1933 supra
1580 1897 1674 1925 iul’ila
1687 1897 1717 1924 S.
1733 1897 1822 1936 Procli

1030 1937 1190 1972 singillatim
1204 1932 1296 1964 actum
1309 1940 1362 1969 est,
1372 1932 1504 1963 Proclum
1516 1932 1605 1969 ipsum
1617 1937 1758 1960 aui-torem
1773 1932 1822 1958 ha-

1032 1974 1107 2000 bent.

188 2097 1818 2118 mw

411 2187 703 2233 VETEBUM
741 2187 1116 2233 TESTIMONIA
1157 2188 1230 2231 DE
1270 2187 1316 2231 S.
1354 2185 1591 2231 PROCLO

695 2281 862 2309 EPISCOPO
882 2278 1312 2309 CONSTANTINOPOLITANO.

192 2403 326 2432 CvntLLus
345 2403 431 2429 ALEX.
451 2402 480 2428 in
507 2400 630 2435 Exposit.
648 2400 780 2435 Symboli.
797 2399 840 2435 Ea:
857 2404 926 2433 part.
944 2406 983 2430 ιιι,
1004 2397 1091 2435 tione.
1109 2396 1208 2435 Ερριςέξἶ
1222 2404 1282 2430 cap.
1300 2396 1346 2427 45,
1367 2395 1414 2422 sub
1429 2395 1476 2430 ﬁn.
1490 2409 1525 2414 —
1549 2393 1634 2421 Cone.
1668 2391 1732 2418 edit.
1759 2391 1820 2419 Ven.

807 2434 902 2466 Labb.,
918 2438 981 2460 tom.
1004 2432 1050 2466 lll,
1065 2440 1126 2467 pag.
1146 2432 1223 2458 i721.

229 2499 322 2526 Ταῦτα.
337 2499 430 2535 φρονεῖ
443 2497 502 2532 μεθ’
524 2496 602 2531 ἡμῶν
615 2496 628 2521 ὁ
644 2495 815 2530 φιλόχριστος
831 2495 885 2522 τῶν
900 2495 970 2529 ἁγίω

1075 2492 1137 2520 Hau:
1153 2492 1236 2520 sentit
1251 2492 1394 2520 nobiscum
1415 2490 1620 2518 amantissimus
1647 2489 1750 2517 Christi
1766 2498 1822 2518 san-

192 2547 322 2582 Πατέρων
345 2545 433 2580 χορὸς,
456 2544 503 2571 καὶ
518 2543 598 2574 αὐτὸς
617 2542 645 2568 δὲ
668 2543 681 2569 ὁ
702 2541 761 2568 νυνὶ
783 2542 829 2568 τὸν
842 2541 892 2576 τῆς
904 2541 986 2575 ἁγίας

193 2594 399 2620 Κωνσταντινου
403 2590 519 2618 πολιτῶν
525 2590 553 2616 Ἐ
557 2590 625 2625 xxI-rx
630 2589 689 2620 πίας
700 2589 913 2624 κατακοσμήσεις
925 2588 938 2614 θ
944 2588 986 2623 p6-

192 2647 248 2666 νην.
264 2637 410 2668 ὁσιώτατος
434 2637 481 2662 καὶ
495 2634 704 2664 θεοσεϐέστατος
719 2633 843 2667 ἀδελφὸς,
865 2633 911 2659 καὶ
924 2641 985 2658 συν-

193 2683 344 2714 επίσκοπος
357 2682 486 2718 Πρόκλος.

1039 2544 1145 2567 ctorum
1161 2538 1272 2565 Patrum
1298 2538 1412 2568 chorus,
1436 2541 1462 2564 et
1491 2537 1548 2572 ipse
1571 2536 1618 2571 qui
1634 2544 1707 2563 nunc
1727 2540 1828 2563 sancta-

1039 2584 1350 2619 Constantinopolitame
1364 2583 1493 2611 Ecclesiae
1508 2582 1635 2609 thronum
1649 2587 1773 2614 exornat,
1787 2590 1817 2609 re

1039 2632 1232 2667 ligiosissimus
1246 2636 1273 2658 et
1286 2630 1504 2666 sapientissimus
1519 2628 1602 2655 frater
1611 2632 1639 2655 et
1650 2628 1828 2662 eoepiscopus

1041 2678 1154 2706 Procles

587 2741 651 2768 lusu
670 2741 747 2773 ibid,
765 2748 825 2774 pag.
844 2739 922 2772 1727,
942 2739 976 2766 ad
988 2738 1121 2766 Joannem
1136 2737 1268 2765 Antioch.
1284 2740 1311 2764 et
1327 2735 1425 2772 synod.

236 2801 281 2828 Ἕν
297 2801 329 2836 τῇ
343 2799 603 2834 πρὸςἈρμενιους
617 2795 837 2830 Ἐπιστυ.2ῇ,τὸν
857 2796 906 2830 τῆς
924 2795 990 2830 ἀλη-

197 2847 274 2878 θείας
284 2846 362 2880 λόγον
376 2844 542 2880 ὀρθοτομῶν,
555 2844 697 2878 διεκήρυξε
715 2842 807 2877 eaad);
819 2844 832 2868 ὁ
842 2841 989 2873 ὁσιώτατος

198 2893 248 2919 καὶ
265 2891 473 2923 θεοσεῦέστατος
488 2890 600 2924 ἀδελφὸς
618 2889 708 2924 ἡμῶν,
730 2889 775 2916 καὶ
791 2889 987 2919 συνεπῐσκοπος

1079 2794 1108 2822 In
1124 2793 1246 2828 Epistola
1261 2792 1294 2819 ad
1312 2792 1458 2822 Armenios,
1481 2798 1543 2818 cum
1559 2796 1713 2817 sermonem
1729 2792 1829 2815 verum

1044 2841 1078 2868 tis
1093 2845 1167 2868 recte
1182 2843 1322 2869 tractaret,
1345 2838 1447 2866 diserte
1465 2834 1622 2872 pr‘mdicavit
1639 2834 1828 2862 sanctissimus

1043 2891 1068 2916 et
1085 2886 1308 2922 religiosissimus
1322 2884 1405 2912 frater
1418 2887 1510 2911 noster
1525 2888 1552 2911 et
1572 2882 1751 2917 coepiscopus
1760 2878 1828 2906 Pro-
