1967 3075
131 151 180 178 €31

739 151 952 180 TESTl‘MONlA
973 152 1149 181 VETERUM.

1708 157 1759 185 6&2

128 210 229 245 ἑτέρας
253 209 356 240 πόλεως
373 209 566 244 ὀνομασθέντα,
582 210 598 245 ἢ
619 211 666 236 καὶ
682 211 745 237 ὄντα
760 212 918 243 ἐπίσκοπον,

975 211 1037 239 ferri
1050 212 1210 240 Ecclesium.
1242 213 1389 240 Ordinatus
1410 214 1500 248 itaque
1524 213 1648 247 Proclus,
1676 216 1760 244 funus

127 257 168 288 εἰς
185 256 268 291 ἀλλην
284 254 486 290 μετατίθεσθαι.
502 254 698 289 Ὲνθρονισθεὶς
711 255 756 283 οὖν
773 257 787 283 ό
799 258 919 292 Πρόκλος

125 302 177 338 τὴν
194 301 341 337 ἐκκομιδὴν
362 300 408 327 τοῦ
424 300 596 336 Μαξιμιανοῦ
613 300 738 336 σώματος
760 303 916 338 ἐποιήσατο.

968 260 1092 294 corporis
1109 259 1264 286 Maximiani
1285 261 1451 294 procuravit.

796 359 860 387 loeu
877 361 955 394 ibid.,
971 370 1030 396 cap.
1046 362 1091 390 41.

163 416 283 451 Πρόκλος
296 416 328 442 ἐκ
344 415 455 451 πρώτης
465 416 572 451 ἡλικίας
585 415 761 452 ἁναγνώστης
776 417 922 452 ἐτύγχανεν

128 463 177 496 ὢν,
190 463 285 498 ἐφοίτα
298 471 327 489 τε
343 463 381 494 είς
394 462 581 494 διδασκάλους,
594 463 640 489 καὶ
656 463 803 498 ῥητορικῆς
818 463 922 497 ἐγίνετο

129 508 263 545 ζηλωτής.
282 509 400 540 Τελέσας
416 509 444 535 δὲ
461 510 501 541 εἰς
516 509 610 544 ἄνδρα,
623 509 657 536 τὰ
672 509 757 536 πολλὰ
778 510 868 545 παρῆν
882 509 921 544 τῷ

127 555 271 590 ἑπισκόπῳ
283 555 408 590 Ἀττικῷ,
422 555 597 590 ὑπογραφεὺς
606 555 687 582 αὑτοῦ
703 555 756 582 τῶν
772 555 858 590 λόγων
873 564 920 590 γε·

127 603 251 637 νόμενος.
270 602 450 637 Προκόψαντα
463 602 492 628 δὲ
510 602 590 628 αὐτὸν
611 602 657 628 καὶ
682 603 710 628 ὲν
726 603 759 637 τῇ
779 602 854 635 τάξει
872 603 921 637 τῆς

127 649 263 681 διακονίας
276 649 398 680 Ἀττικὸς
410 649 597 684 προηγάγετο·
613 649 740 682 ἀξιωθεὶς
754 650 782 676 δὲ
797 650 842 676 καὶ
857 658 922 684 πρε-

129 695 298 731 σϐυτερείου,
326 695 363 727 ὡς
386 697 527 731 προεῖπον,
553 695 605 722 ὑπὸ
629 695 762 722 Σισιννίου
780 695 849 731 πρὸς
871 695 921 730 τὴν

128 741 250 773 Κυζίκου
265 742 418 776 ἐπισκοπὴν
432 741 597 777 προεϐλήθη.
615 741 682 768 Τότε
697 742 729 777 δὴ
740 741 790 777 τῆς
801 743 830 768 ὲν
844 742 922 768 Κων-

128 789 350 816 σταντινουπόλει
378 788 544 823 Ἐκκλησίας
571 789 617 815 τὸν
644 789 738 823 θρόνον
767 787 922 823 ἐκληρώθη.

1009 419 1122 446 Proclus
1139 427 1172 447 ex
1189 420 1318 454 primaeva
1331 424 1410 447 aelate
1428 420 1513 447 lector
1529 420 1626 453 fuerat,
1639 424 1666 448 et
1683 422 1762 449 audi-

971 466 1006 491 tis
1022 466 1235 500 praeceptoribus
1250 466 1394 493 rhetorica:
1409 473 1520 500 operam
1535 466 1658 493 dederat.
1692 467 1760 494 Cum

971 514 1061 537 autem
1077 510 1104 536 in
1120 510 1208 537 virum
1224 511 1367 542 evasisset,
1379 511 1508 545 episcopo
1525 510 1616 538 Attico
1634 510 1761 545 frequen-

970 556 1134 587 teraderat,
1165 564 1196 583 ac
1221 556 1353 583 librorum
1379 556 1453 583 illius
1487 557 1662 583 amanuensis
1691 560 1760 584 erat.

969 600 1149 636 Progressqu
1160 605 1262 633 autem,
1278 602 1386 629 Atticus
1400 601 1434 628 ad
1449 601 1611 628 diaconatus
1624 602 1705 628 etiam
1718 609 1764 629 or-

969 647 1060 674 dinem
1077 648 1220 675 subvexit:
1245 648 1343 675 deinde
1365 651 1392 675 et
1415 647 1614 683 presbyterium
1636 647 1761 679 sortitus,

969 699 984 718 a
1002 691 1134 725 Sisinnio,
1153 692 1224 719 sicut
1240 696 1319 720 antea
1337 692 1405 726 dixi,
1431 693 1464 720 ad
1481 692 1670 727 episcopatum
1684 692 1764 728 Cyzi-

969 745 1066 764 cenum
1083 738 1228 765 ordinatus
1241 742 1293 765 est.
1309 737 1487 766 Postmodum
1503 746 1568 765 vero
1583 742 1610 765 et
1627 738 1763 766 Constan-

968 783 1157 818 tinopolitana:
1173 783 1301 812 Ecclesiae
1325 784 1417 811 sedem
1439 788 1481 811 est
1498 789 1674 813 consecutus.
1699 786 1764 813 Erat

130 832 182 859 'Hv
194 834 223 860 δὲ
248 834 317 869 ἀνὴρ
334 833 437 867 ἀγαθὸς
458 834 489 861 τὸ
506 832 582 870 ἦθος,
597 836 621 862 εἰ
637 836 683 862 καί
699 844 742 867 τις
757 835 850 867 ἄλλος’
871 835 920 862 ὑπὸ

975 833 1060 856 autem
1074 830 1118 857 hic
1133 830 1184 862 vir,
1202 830 1225 858 si
1241 830 1386 866 quisquam
1404 831 1485 864 alius,
1502 832 1611 867 ingenio
1631 839 1662 860 ac
1679 829 1764 859 mori-

128 879 183 915 γὰρ
198 879 237 914 τῷ
260 880 375 915 Ἀττικῷ
389 880 554 914 παιδευθεὶς,
571 881 661 908 πάντα
676 881 758 908 αὑτοῦ
769 881 803 908 τὰ
816 881 920 916 χρηστὰ

975 875 1023 903 bus
1043 876 1142 907 bonus,
1159 876 1240 903 etiam
1257 877 1291 903 ab
1311 876 1402 904 Attico
1417 877 1570 910 institutus,
1593 885 1763 913 quaecunque

128 925 297 960 ἐμιμήσατοι
324 925 373 961 τὴν
401 926 429 952 δὲ
456 925 640 959 ἀνεξικακίαν,
667 927 747 953 πλέον
770 927 803 962 ἢν
818 927 921 958 ἐκεῖνος

128 968 212 1006 εἶχεν,
228 971 387 1007 ἐξήσκησεν.
417 971 447 999 '0
465 973 514 1008 μὲν
535 972 590 1008 γὰρ
603 973 659 1004 τοῖς
672 972 847 1009 αἱρεσιώταις
875 981 921 1007 φοι

129 1017 208 1053 εερὸν
223 1019 251 1044 ὲν
264 1017 352 1053 καιρῷ
367 1018 462 1045 ἑαυτὸν
472 1019 676 1046 ὲπεδείκνυσεν-
693 1017 770 1051 οὗτος
778 1019 806 1045 δὲ
820 1028 922 1055 προση-

129 1065 177 1100 νὴς
189 1066 246 1097 τοῖς
260 1066 342 1092 πᾶσιν
358 1066 462 1099 ἐγίνετο
472 1074 479 1081 ·
506 1065 592 1101 τούτῳ
607 1066 635 1092 δὲ
659 1065 759 1100 μᾶλλον
778 1066 884 1097 αὐτοὺς,
903 1065 920 1101 ἢ

129 1110 177 1146 βίᾳ
201 1111 386 1146 προσάγεσθαι
410 1111 548 1147 προνοῶν·
578 1112 683 1147 αἵρεσιν
714 1111 767 1146 γὰρ
793 1111 921 1146 οὐδεμίαν

130 1155 255 1182 σκύλλειν
270 1155 440 1192 αἱρούμενος,
467 1156 496 1182 τὺ
517 1156 626 1192 ἀξίωμα
647 1156 696 1191 τῆς
719 1156 872 1191 πραότητος
888 1157 920 1191 τῇ

129 1201 281 1239 Ἔκκληοίᾳ
298 1201 420 1237 φυλάξας
436 1202 560 1229 ἀπέδωκε
570 1211 576 1217 ·
611 1201 682 1228 κατὰ
696 1201 776 1228 τοῦτο
792 1201 822 1228 τὸ
840 1201 922 1236 μέρος

129 1250 175 1276 τὸν
189 1249 299 1285 βασιλέα
314 1249 481 1285 μιμούμενος
495 1248 643 1276 Θεοδόσιον.

799 1350 864 1377 lDEI
881 1348 959 1380 ibid.,

165 1411 228 1437 Ἐπὶ
245 1410 349 1441 τούτοις
370 1409 420 1445 μὲν
438 1406 484 1436 οὖν
501 1409 548 1435 καὶ
567 1408 581 1434 ό
595 1407 722 1443 βασιλεὺς
755 1407 835 1434 αὑτὸν
852 1408 921 1434 ἀπε-

128 1457 221 1491 ῖέχετο
239 1465 245 1471 ·
264 1457 310 1483 καὶ
322 1456 376 1491 γὰρ
391 1456 446 1486 τοῖς
463 1454 569 1491 ἀληθῶς
584 1454 743 1490 ἱερωμένοις
761 1453 920 1489 ἐφάμιλλος,

130 1504 178 1530 καὶ
191 1502 307 1538 οὐδαμοῦ
323 1503 385 1534 τοὺς
398 1500 506 1528 διώκειν
524 1500 665 1531 ἐθέλοντας
681 1499 837 1535 ἀπεδέχετο.

802 1602 866 1630 loau
884 1602 960 1636 ibid.,

165 1665 283 1701 Θνήσκει
305 1665 355 1699 μὲν
374 1664 523 1700 Βαρὸάρων
552 1664 566 1690 ὁ
583 1664 712 1700 ἔπαρχος,
738 1659 760 1697 ᾧ
777 1664 864 1699 ὄνομα
881 1661 916 1698 ἦν
929 1667 950 1695 C

136 1712 261 1747 Ῥούγας,
277 1711 384 1747 βληθεὶς
406 1711 548 1747 κεραυνῷ·
570 1711 663 1746 λοιμός
682 1719 711 1737 τε
726 1710 923 1746 ἐπιλαϐόμενος

129 1759 161 1786 τὸ
175 1759 299 1786 πλεῖστον
311 1758 364 1785 τῶν
377 1758 422 1784 ὑπ’
436 1757 511 1793 αὐτῷ
523 1757 673 1792 ἀνθρώπων
687 1756 852 1792 διέφθειρεν.
867 1757 922 1783 Καὶ

129 1805 161 1832 οὐ
175 1804 254 1832 τοῦτο
270 1804 350 1840 μόνον
378 1803 541 1839 ἐξήρκεσεν·
568 1803 637 1830 ἀλλὰ
665 1802 721 1838 γὰρ
748 1801 867 1838 καὶπῦρ
894 1801 923 1834 ἐξ

129 1850 245 1885 οὐρανοῦ
263 1849 403 1881 κατελθὸν,
421 1849 534 1880 πολλοὺς
554 1849 608 1875 τῶν
628 1848 844 1882 ὑπολειφθέντων
858 1848 923 1874 ἀνά-

129 1896 226 1923 λωσεν.
243 1895 310 1921 Τότε
337 1894 369 1930 δὴ
395 1893 443 1921 καὶ
471 1895 486 1920 ὁ
512 1893 660 1925 ἐπίσκοπος
677 1892 808 1928 Πρόκλος,
826 1893 858 1919 ὲκ
875 1891 922 1918 τοῦ

137 1941 267 1978 ἰεζεκιὴλ
284 1941 450 1976 προφητείαν
463 1941 507 1966 ἐπ’
517 1940 664 1975 ἐκκλησίας
674 1939 817 1970 διδάσκων,
831 1940 864 1974 τῇ
882 1946 924 1972 γε-

129 1990 231 2026 νομένῃ
244 1990 277 2016 ἐκ
290 1989 357 2016 Θεοῦ
373 1988 494 2024 σωτηρίᾳ
508 1987 713 2023 προσαρμόσας,
729 1986 828 2017 ἱκανῶς
843 1985 923 2012 ἐθαυ-

131 2035 233 2072 μάσθη.
258 2035 289 2062 'H
305 2035 334 2062 δὲ
358 2035 511 2070 προφητεία
528 2035 601 2061 ἐστὶν
616 2034 684 2069 αὓτη
698 2042 705 2048 ·
735 2033 792 2060 Καὶ
807 2033 859 2064 σὺ,
876 2031 923 2059 υἱὲ

130 2082 300 2116 ἀνθρώπου,
315 2081 529 2116 προφήτευσον
542 2082 591 2108 ἐπὶ
602 2081 670 2116 Γὼγ
686 2081 828 2115 ἄρχοντα.
839 2081 921 2113 Ῥὼς,

130 2127 233 2162 Μισὸχ
248 2127 297 2154 καὶ
313 2126 406 2153 Θοϐέλ
417 2134 424 2142 ·
440 2126 532 2160 κρινῶ
550 2126 605 2160 γὰρ
620 2126 713 2153 αὐτὸν
728 2125 856 2158 θανάτῳ,
872 2125 921 2151 καί

129 2174 241 2209 αἵματι,
256 2173 305 2200 καί
319 2172 395 2205 ὐετῷ
416 2171 642 2202 κατακλύζοντι,
657 2171 707 2199 καί
717 2172 815 2205 λίθοις
829 2171 922 2207 χαλά-

131 2218 198 2252 ζης·
229 2218 278 2245 καὶ
305 2217 375 2252 πῦρ,
394 2217 443 2244 καὶ
464 2216 545 2244 θεῖον
561 2216 661 2251 ,βρέξω
687 2217 733 2244 ἐπ’
748 2217 852 2249 αὑτὸν,
872 2217 922 2243 καί

129 2264 180 2291 ἐπὶ
197 2263 313 2296 πάντας
325 2263 396 2295 τοὺς
408 2263 471 2298 μετ’
484 2263 589 2295 αὑτοῦ,
606 2263 656 2289 καὶ
669 2264 712 2295 εὶς
726 2263 800 2296 ἔθνη
821 2263 922 2290 πολλὰ

129 2310 191 2344 μετ’
202 2308 305 2336 αὐτοῦ.
318 2309 372 2336 Καὶ
385 2308 661 2343 μεγαλυνθήσομαι,
673 2308 722 2335 καί
737 2308 921 2342 ἐνδοξασθῆ-

971 921 999 948 ὶη
1016 921 1062 948 illo
1078 921 1148 948 bona
1172 921 1290 954 fuerant,
1313 922 1436 950 imitatus
1451 927 1493 951 est
1507 933 1514 957 ;
1544 924 1687 951 clementia
1699 932 1763 951 vero

973 975 1039 1006 usus
1052 972 1093 994 est
1107 967 1221 1002 majore,
1245 975 1326 1002 quam
1354 969 1380 995 in
1398 969 1487 996 Attico
1502 969 1598 997 fuerat.
1627 970 1674 998 llle
1688 977 1765 997 nam-

973 1023 1026 1049 que
1054 1015 1190 1042 hmreticis
1217 1015 1367 1042 terribilem
1393 1024 1423 1044 se
1450 1024 1499 1051 pro
1525 1021 1647 1052 tempore
1673 1024 1764 1045 osten-

972 1060 1067 1094 derat;
1096 1061 1140 1088 hic
1166 1069 1231 1088 vero
1255 1061 1382 1089 omnibus
1406 1062 1528 1096 placidus
1545 1062 1606 1096 fuit,
1628 1063 1718 1090 ethoc
1735 1071 1765 1091 se

971 1111 1052 1141 pacto
1068 1114 1115 1133 eos
1139 1106 1224 1142 magis
1249 1115 1330 1142 quam
1347 1107 1476 1134 violentia
1493 1112 1674 1135 attracturum
1694 1117 1763 1143 pne-

971 1153 1117 1188 cogitavit:
1138 1154 1239 1181 etenim
1256 1154 1358 1180 millam
1380 1154 1503 1181 lueresim
1517 1155 1643 1182 divexarc
1657 1157 1759 1187 volens,

972 1200 1181 1227 mansuetudine
1192 1200 1350 1234 dignitatem
1365 1199 1493 1227 Ecclesia
1508 1201 1609 1227 salvam
1624 1202 1762 1232 restituit;

973 1250 1054 1281 atque
1077 1254 1108 1274 ea
1134 1247 1161 1274 in
1183 1255 1211 1274 re
1236 1246 1420 1274 Theodosium
1451 1247 1643 1282 imperatorem
1671 1247 1762 1274 imita-

973 1297 1018 1320 ιυε
1033 1297 1085 1320 est.

978 1357 1037 1382 cap.
1057 1347 1102 1374 ΔΞ.

1012 1406 1067 1434 Hac
1084 1407 1175 1442 itaque
1192 1407 1297 1434 ratione
1315 1407 1463 1442 imperator
1474 1406 1599 1434 Proclum
1615 1407 1761 1441 laudabat;

975 1462 1038 1481 nam
1057 1457 1083 1481 et
1102 1454 1159 1488 ipse
1179 1461 1259 1480 veros
1280 1453 1437 1480 imitabatur
1453 1454 1619 1486 sacerdotes,
1642 1462 1692 1482 nec
1708 1455 1764 1482 ullo

975 1505 1055 1535 pacto
1069 1507 1116 1527 eos
1126 1499 1295 1534 approbabat
1321 1499 1368 1534 qui
1392 1499 1426 1526 ad
1451 1500 1669 1534 persequendum
1685 1505 1763 1527 erant

974 1546 1073 1581 parati.

978 1611 1036 1638 cap.
1053 1603 1097 1630 45.

1002 1665 1182 1692 Barbarorum
1207 1666 1273 1698 dux,
1301 1666 1410 1694 nomine
1435 1665 1538 1702 Rugas.
1559 1666 1673 1694 fulmine
1691 1666 1762 1693 ictus

972 1711 1096 1744 interiit;
1125 1717 1151 1738 et
1166 1712 1251 1746 pestis
1275 1713 1420 1740 subsecuta
1441 1713 1586 1740 maximam
1604 1721 1699 1740 eorum
1712 1713 1762 1739 ho-

974 1758 1077 1784 minum
1090 1758 1136 1793 qui
1152 1758 1204 1785 sub
1222 1759 1269 1786 illo
1287 1758 1406 1790 fuerant,
1423 1763 1526 1793 partem
1543 1759 1689 1787 interemit.
1708 1759 1761 1785 Ne-

973 1811 1026 1839 que
1039 1805 1079 1832 sic
1093 1805 1172 1839 plaga
1189 1804 1292 1839 quievit
1305 1814 1312 1838 ;
1328 1805 1375 1832 sed
1393 1809 1419 1832 et
1432 1805 1503 1840 ignis
1513 1813 1527 1832 e
1538 1805 1608 1832 cmlo
1623 1804 1762 1840 delapsus.

974 1850 1105 1885 plurimos
1116 1851 1197 1878 ex‘iis
1212 1851 1258 1885 qui
1276 1856 1478 1883 remanserunt,
1494 1851 1673 1886 consumpsit.
1687 1850 1764 1878 Tunc

973 1903 1040 1924 sane
1054 1897 1199 1932 episcopus
1216 1896 1341 1929 Proclus,
1359 1905 1420 1924 cum
1439 1897 1466 1923 in
1482 1898 1598 1924 ecclesia
1613 1896 1646 1923 de
1662 1897 1761 1924 collata

973 1942 1060 1970 salute
1072 1942 1224 1970 Ezechielis
1236 1947 1384 1978 exponeret
1395 1943 1575 1978 prophetiam,
1589 1943 1763 1970 admirationi

974 1987 1025 2015 fuit
1040 1987 1158 2015 abunde.
1183 1988 1268 2015 Erant
1282 1993 1373 2016 autem
1393 1988 1475 2015 verba
1489 1987 1653 2022 prophetiae:
1676 1986 1709 2012 Et
1724 1991 1761 2019 tu,

973 2034 1014 2067 ﬁli
1034 2033 1158 2064 hominis.
1183 2034 1328 2061 ratioinare
1342 2038 1434 2061 contra
1445 2033 1500 2068 Gog
1512 2033 1667 2068 principem,
1681 2032 1761 2064 Rhos,

973 2079 1077 2107 Μίδοεὴ
1093 2084 1117 2107 et
1134 2079 1232 2112 Tabel;
1248 2079 1377 2114 judicabo
1389 2080 1459 2107 enim
1475 2088 1534 2107 eum
1552 2085 1645 2112 morte,
1663 2085 1688 2106 et
1700 2087 1763 2106 san-

972 2126 1050 2161 guine
1062 2131 1086 2153 et
1099 2126 1182 2153 imbre
1195 2125 1346 2158 uehementi,
1371 2131 1396 2153 et
1417 2126 1548 2160 lapidibus
1559 2125 1714 2161 grandinis;
1737 2129 1762 2152 et

973 2172 1068 2207 ignem,
1088 2177 1113 2199 et
1129 2172 1240 2206 sulphur
1254 2173 1345 2206 pluum
1363 2180 1442 2206 super
1453 2180 1523 2204 eum,
1538 2177 1562 2199 et
1581 2180 1658 2206 super
1673 2180 1762 2198 omnes

972 2219 1018 2254 qui
1037 2226 1096 2245 cum
1108 2227 1148 2250 eo,
1170 2223 1194 2245 et
1218 2225 1296 2252 super
1306 2223 1393 2252 gentes
1407 2218 1505 2244 multas
1522 2226 1582 2244 cum
1596 2226 1636 2245 eo.
1653 2217 1688 2243 Et
1705 2225 1763 2244 mu—

971 2264 1119 2300 guiﬁcabor
1131 2269 1156 2291 et
1179 2264 1361 2300 glori/icabor,
1386 2268 1411 2291 et
1423 2269 1500 2291 notus
1514 2272 1558 2291 ero
1578 2264 1605 2291 in
1624 2269 1762 2298 conspectu

973 2310 1120 2336 multarum
1143 2311 1275 2345 gentium:
1297 2315 1321 2337 et
1334 2314 1487 2345 cognoscent
1506 2310 1569 2345 quia
1583 2317 1629 2344 ego
1639 2317 1698 2336 sum
1710 2309 1761 2336 Da-

130 2362 232 2389 σομαι,
246 2354 295 2381 καὶ
306 2353 519 2389 τνωσθήσομαι
528 2354 669 2381 ἐναντίον
675 2353 799 2381 πολλῶν
812 2354 920 2381 ἐθνῶν·

975 2356 1061 2382 minus
1075 2356 1094 2382 '.
1112 2354 1293 2382 Vehementer
1308 2355 1411 2390 itaque,
1431 2355 1501 2383 sicut
1517 2355 1584 2388 dixi,
1597 2355 1633 2382 ob
1649 2354 1701 2382 ista
1715 2354 1764 2382 ad»

130 2401 181 2428 καί
194 2400 360 2436 γνώσονται
374 2399 419 2426 ὅτι
433 2399 492 2434 ἐγώ
506 2400 564 2434 είμι
579 2401 595 2425 ὁ
608 2400 725 2433 Κύριος.
749 2400 856 2435 Σφόδρα
872 2400 921 2435 μὲν

129 2447 187 2481 οὖν,
206 2447 243 2479 ὠς
258 2447 336 2483 ἔφην,
353 2445 511 2482 ἐθαυμάσθη
527 2446 573 2474 ἐπὶ
588 2445 692 2477 τούτοις
708 2447 722 2472 ὁ
739 2446 869 2482 Πρόκλος.

975 2400 1112 2427 mirationi
1127 2400 1177 2428 fuit
1191 2399 1315 2429 Proclus.

929 2493 971 2523 III
976 2516 982 2522 .

168 2545 211 2572 Ex
223 2544 342 2572 concilio
367 2544 539 2572 Antiocheno
558 2544 610 2572 sub
624 2543 849 2577 Domno,intea:to
863 2545 962 2571 actioni
982 2551 1025 2571 xuv
1039 2545 1148 2572 concilii
1166 2545 1308 2578 Chalced.,
1324 2545 1388 2572 edit.
1417 2545 1478 2572 Ven.
1496 2544 1578 2573 Labb.
1599 2551 1662 2573 tom.
1679 2545 1724 2578 IV;

759 2587 836 2614 pagg.
853 2580 932 2612 1659,
950 2580 1029 2613 1662,
1049 2580 1131 2607 1665.

167 2636 270 2671 Δόμνος
284 2635 434 2666 ἐπίσκοπος
447 2635 666 2670 τῆςἈντιοχείας
679 2633 770 2662 εἶπεν·
792 2633 857 2662 Οἶδα
871 2637 921 2663 κὰ-

127 2681 170 2716 γὼ
189 2680 406 2716 ἐκδεδημηκέναι
426 2680 472 2706 τὸν
498 2680 647 2707 ἐπίσκοπον
668 2680 844 2708 Ἀθανάσιον·
875 2681 922 2707 καὶ

129 2727 184 2762 γὰρ
207 2726 319 2761 ἐκόμισε
338 2734 382 2761 μοι
405 2726 555 2761 γράμματα
580 2726 633 2752 τῶν
650 2725 862 2761 θεοφιλεστάτων
875 2727 922 2753 καὶ

130 2772 292 2806 ἁγιωτάτων
304 2772 471 2805 ἐπισκόπων,
485 2772 532 2798 τοῦ
546 2772 640 2807 κυρίου
654 2772 921 2809 Πρόκλου,φημὶ,καὶ

129 2818 177 2846 τοῦ
191 2818 289 2854 κυρίου
305 2817 453 2853 Κυρίλλου.

168 2891 178 2908 ι
196 2889 297 2919 Ezech.
314 2897 429 2922 xxxvut,
446 2890 481 2918 32
500 2896 558 2926 seq.

1007 2636 1128 2664 Domnus
1143 2637 1288 2671 cpiscopus
1301 2637 1454 2664 Antiochia
1468 2637 1553 2664 dixit:
1577 2636 1645 2664 Novi
1665 2643 1692 2664 et
1711 2647 1761 2672 rgo

971 2682 1134 2710 formidasse
1163 2683 1421 2711 reverendissimmn
1452 2683 1610 2718 episcopum
1639 2683 1761 2710 Athana-

970 2730 1041 2757 sium
1053 2738 1059 2754 :
1071 2737 1134 2756 nam
1145 2729 1241 2757 detulit
1253 2729 1319 2756 mihi
1332 2729 1441 2756 litteras.
1450 2729 1496 2757 Dei
1509 2729 1760 2756 amautissimorum

970 2778 997 2801 et
1010 2774 1246 2801 sanctissimorum
1268 2775 1470 2810 episcoporum,
1495 2774 1587 2802 domui
1604 2774 1694 2802 Procli
1706 2774 1760 2802 sci-

971 2820 1034 2848 licet
1050 2824 1076 2848 et
1090 2820 1183 2848 domni
1198 2820 1303 2857 Cyrilli.
