1967 3075
211 135 264 165 ωό

760 136 789 165 S.
811 137 970 166 PROCLUS
990 138 1042 166 CP.
1064 137 1262 166 EPISCOPUS.

1777 137 1830 164 66-5

241 194 401 223 Theodorus
423 195 569 230 episcopus
589 195 671 223 dixit:
700 195 800 223 Divina:
826 197 922 224 litterae
946 205 993 231 per

1081 197 1216 233 Θεόδωρος
1238 197 1386 228 ἐπίσκοπος
1409 195 1499 223 εἶπεν·
1518 197 1599 223 Ὄσια
1615 195 1766 231 γράμματα
1789 195 1834 222 διὰ

207 241 255 270 Dei
270 242 488 269 amantissimum
509 242 668 276 episcopum
684 242 863 270 Athanasium
881 243 994 278 prolalaa

205 293 269 316 sunt
285 292 443 315 sanctorum
459 288 739 323 archiepiscoporum.
754 288 852 315 lubeat
867 293 914 316 tua
931 297 994 316 san-

207 335 288 363 ctitas
304 335 355 362 has
371 335 453 370 relegi
470 342 565 362 coram
576 340 672 363 sancto
688 335 815 362 concilio.

245 421 418 450 Theoctistus
433 422 578 457 episcopus
599 421 734 448 Berrhaaae
749 421 817 449 dixit
831 431 836 448 :
860 421 922 449 llaec
936 421 994 456 ipsa

207 472 235 494 et
258 475 308 502 ego
330 467 465 502 perspexi,
491 468 553 502 quia
579 466 645 494 falsa
664 467 787 494 docuerit
804 467 994 494 sanctissimos

208 517 234 539 et
247 512 496 540 venerabilissimos
511 512 665 547 episcopos,
681 511 807 539 Proclum
825 512 949 540 videlicet
965 516 994 539 et

206 556 349 593 Cyrillum,
367 558 610 586 reverendissimus
622 557 768 593 cpiscopus
782 559 960 586 Athanasius.

242 602 348 630 Sabbas
364 603 507 638 episcopus
523 602 607 630 dixit:
631 603 660 630 Si
673 604 791 639 quietem
809 604 932 639 diligeret
949 612 993 631 re-

150 640 157 645 μ’
207 648 422 675 verendissimus
431 648 577 683 episcopus
586 649 763 680 Athanasius.
777 658 831 677 non
841 658 903 678 eum
914 657 995 685 opor-

206 697 298 720 tuerat
313 698 375 729 post
388 694 532 729 repudium
547 699 573 722 et
586 695 791 729 jusjurandum,
806 696 993 730 importunum

205 739 338 767 exsistere
363 739 546 768 sanctissimis
571 739 699 768 Patribus
727 745 754 768 et
781 741 995 776 archiepiscopis

207 785 304 813 Proclo
317 790 344 813 et
359 785 469 822 Cyrillo.

1044 243 1091 269 τοῦ
1104 243 1309 277 θεοφιλεστάτου
1329 243 1479 269 ἐπισκόπου
1499 242 1658 269 Ἀθανασίου
1670 242 1835 277 κεκόμισται

1044 288 1098 313 τῶν
1117 287 1276 321 ἁγιωτάτων
1296 287 1342 314 καὶ
1361 287 1574 321 θεοφιλεστάτων
1596 287 1760 314 ἐπισκόπων.
1779 287 1835 313 Κε-

1045 331 1168 358 λευσάτω
1182 340 1228 358 σου
1240 333 1256 366 ἡ
1273 331 1396 366 ἁγιότης,
1409 331 1495 359 ταῦτα
1509 331 1716 365 ἀναγνωσθῆναι
1729 330 1775 356 ἐπὶ
1784 331 1834 365 τῆς

1047 376 1127 410 ἁγίας
1142 376 1261 402 συνόδου.

1081 421 1240 453 Θεόκτιστος
1268 421 1416 454 ἐπίσκοπος
1436 422 1566 458 Βεῤῥοίας
1587 419 1666 448 εἶπε·
1696 419 1736 447 Τὰ
1765 423 1835 447 aut!

1048 467 1165 493 συνεῖδον
1181 467 1257 501 κάγὼ
1270 467 1308 497 ὡς
1320 467 1404 503 ψευδῆ
1419 467 1521 500 ἐδίδαξε
1534 467 1596 498 τοὺς
1607 466 1772 500 ἁγιωτάτους
1788 465 1837 491 καὶ

1046 513 1210 544 ὁσιωτάτους
1229 513 1470 548 ἀρχιεπισκόπους,
1488 513 1608 548 Πρόκλον
1628 513 1700 547 φημὶ
1718 511 1765 537 καὶ
1778 510 1838 537 Κύ-

1048 559 1135 594 gmw
1152 560 1166 586 ὁ
1179 559 1375 591 εὑλαϐέστατος
1392 559 1537 590 ἐπίσκοπος
1558 558 1725 589 Ἀοανάσιος.

1080 603 1186 635 Σάϐὂας
1200 605 1348 636 ἐπίσκοπος
1361 602 1454 630 εἶπενο
1481 604 1512 630 Εἰ
1536 603 1584 638 τὴν
1607 601 1721 638 ἡσυχίαν
1739 601 1838 636 ἠγάπα

1048 652 1062 677 ό
1085 650 1280 681 εὐλαϐέστατος
1310 650 1459 681 ἐπίσκοπος
1488 648 1668 680 Ἀθανάσιος.
1705 647 1755 673 οὐκ
1782 646 1838 672 ἒδει

1048 697 1128 722 αὑτὸν
1155 697 1223 731 μετά
1249 696 1414 731 παραίτησιν
1429 695 1475 722 καὶ
1502 695 1599 730 ὅρκους
1620 692 1762 728 ἐνοχλῆσαι
1780 695 1839 723 τοῖς

1049 743 1135 776 ἁγίοις
1151 743 1274 778 Πατρὰσι
1291 742 1336 768 καὶ
1348 741 1572 777 ἁρχιεπισκὸποις
1589 740 1701 776 ῐιρόκλῳ
1717 739 1763 765 καὶ
1778 737 1838 764 Κυ-

1051 788 1141 824 ρίλλῳ.

1011 845 1050 874 IV
1055 868 1063 874 .

515 907 706 936 Tneonom'rus
718 909 797 943 epist.
816 916 925 940 Lxxxvr,
942 908 974 935 ad
993 908 1162 942 Flavianum,
1178 908 1244 943 Opp.
1262 907 1371 940 tam.lll,
1385 916 1445 943 pag.
1461 907 1525 934 σοι.

244 962 328 994 Scito,
341 961 461 994 domine,
478 962 551 998 quod
562 963 681 991 demisso
693 970 756 998 erga
768 971 819 990 nos
830 963 921 990 animo
932 963 992 994 fuit,
1009 970 1031 997 Β

207 1014 242 1034 ex
255 1014 310 1041 quo
338 1007 365 1034 in
386 1007 453 1036 urbe
470 1011 572 1040 vestra,
600 1011 722 1043 tempore
751 1009 836 1036 beatae
859 1008 996 1036 memoria:

208 1051 308 1086 Procli,
321 1053 451 1089 synodica
474 1058 535 1081 acta
550 1055 764 1089 composuimus,
790 1058 935 1090 sequentes
950 1062 996 1082 ca-

209 1105 296 1126 nones
308 1103 466 1126 sanctorum
485 1099 606 1127 Patrum.

1082 963 1162 996 Ἰσθι,
1188 964 1316 996 δέσποτα,
1342 963 1380 995 ὡς
1402 963 1452 998 τὴν
1468 962 1536 998 πρὸς
1561 961 1640 998 ἡμῶν
1664 961 1726 996 ἔσχε
1745 969 1840 997 μικρο-

1049 1009 1158 1044 ψυχίαν,
1184 1010 1214 1042 ἐξ
1228 1006 1259 1036 οὗ
1283 1011 1339 1041 τοῖς
1359 1009 1423 1044 παρ’
1440 1009 1504 1044 ὑμῖν
1518 1007 1711 1042 γεγενημένοις
1738 1005 1840 1032 συναδι-

1049 1057 1116 1087 κοίς,
1144 1057 1191 1088 ἐπ).
1205 1055 1252 1082 τοῦ
1277 1056 1326 1091 τῆς
1342 1055 1478 1090 μακαρίας
1496 1055 1604 1089 μνήμης
1626 1051 1758 1087 Πρόκλου,
1775 1059 1842 1077 συν-

1047 1101 1175 1137 εθέμεθα,
1199 1103 1256 1133 τοῖς
1280 1101 1335 1127 τῶν
1352 1100 1438 1134 ἁγίων
1457 1099 1586 1135 Πατέρων
1605 1098 1714 1126 κανόσιν
1727 1096 1843 1124 ἁκολου-

1048 1145 1191 1180 ϐήσαντες.

688 1202 754 1229 locu
767 1201 851 1237 epist.
869 1210 914 1234 cx,
928 1203 962 1230 ad
978 1203 1124 1238 Domuum,
1138 1204 1204 1231 ibid.
1222 1212 1282 1238 pag.
1296 1203 1358 1232 980.

245 1259 476 1288 Consuetudinem
507 1261 598 1295 itaque
621 1262 706 1288 secuti
727 1270 833 1294 sumus.
863 1268 890 1291 et
913 1263 1001 1290 homi-

210 1312 261 1332 nes
276 1305 407 1342 insignes,
423 1311 480 1334 tum
519 1306 655 1340 doctrina,
687 1313 744 1335 tum
776 1309 832 1335 vita
862 1309 994 1336 celebres.

209 1349 295 1378 Multa
309 1353 391 1379 etiam
416 1353 468 1380 alia
496 1353 653 1388 hujusmodi
671 1354 757 1382 beatae
777 1355 915 1382 memoriae
932 1355 998 1383 Pro-

209 1396 270 1424 clus
288 1396 609 1434 Constantinopolitanus
641 1401 786 1435 episcopus
811 1401 942 1434 edoctus,
970 1405 998 1429 ct

210 1442 270 1478 ipse
288 1445 487 1472 ordinationem
514 1446 635 1481 suscepit
646 1451 673 1473 et
688 1446 827 1479 laudavit,
846 1447 998 1482 litterisque

211 1491 382 1525 approbavit.

1091 1264 1166 1291 Ἐθει
1182 1264 1271 1291 τοίνυν
1283 1263 1516 1298 ὴκολοιιοήσαμεν,
1535 1262 1582 1288 καὶ
1597 1259 1722 1296 ἀνδράσιν
1740 1260 1843 1295 ἐπισή-

1049 1318 1120 1346 μοις,
1130 1310 1177 1336 καὶ
1190 1310 1236 1336 ἐπὶ
1251 1308 1349 1343 γνώσει
1362 1309 1408 1335 καὶ
1420 1309 1469 1343 βίῳ
1484 1307 1735 1343 πολλυῦρυλλήτοις.
1750 1305 1842 1332 Πολλὰ.

1047 1356 1076 1382 δὲ
1101 1357 1146 1382 καὶ
1171 1355 1239 1382 ἄλλα
1269 1355 1381 1382 τοιαῦτα
1394 1354 1583 1389 δεδιδαγμένος
1605 1354 1620 1380 ὁ
1634 1354 1683 1388 τῆς
1700 1352 1840 1388 μακαρίας

1050 1401 1158 1436 μνήμης
1167 1399 1287 1436 Πρόκλος
1300 1401 1314 1426 ὁ
1324 1399 1374 1434 τῆς
1388 1397 1708 1426 Κωνσταντινονπολιτῶν
1721 1397 1836 1423 ἐπίσκο-

1049 1455 1109 1478 πος,
1124 1446 1171 1473 καὶ
1186 1445 1266 1477 αὐτὸς
1279 1445 1327 1481 τὴν
1341 1445 1507 1481 χειροτονίαν
1522 1443 1640 1477 ἐδέξατο,
1657 1443 1704 1470 καὶ
1722 1442 1843 1478 ἐγραμν

1050 1492 1167 1519 ἐπαινῶν
1181 1493 1226 1519 καὶ
1237 1492 1393 1526 θαυμάζων.

284 1610 326 1637 Ex
337 1610 426 1637 libello
441 1610 548 1638 Eusebii
567 1611 680 1646 episcopi
694 1611 812 1647 Darylan‘
828 1613 855 1638 in
869 1617 922 1640 act.
939 1620 947 1639 ι
967 1620 1046 1640 conc.
1067 1611 1209 1644 Chalced.,
1221 1610 1286 1638 edit.
1303 1611 1367 1638 Ven.
1389 1609 1471 1636 Labb.
1491 1615 1554 1636 tom.
1569 1599 1614 1641 iV,
1631 1617 1690 1644 pag.
1706 1608 1767 1635 951.

249 1669 278 1695 in
294 1668 346 1696 fide
358 1673 513 1696 sanctorutn
526 1667 636 1696 Patrum
653 1673 837 1697 trecentorum
861 1670 956 1697 decem
969 1674 996 1697 et

1085 1670 1124 1705 Τῇ
1143 1667 1233 1696 πίστει
1253 1669 1308 1696 τῶν
1329 1669 1414 1703 ἁγίων
1435 1667 1576 1704 Πατέρων,
1602 1667 1656 1694 τῶν
1679 1666 1843 1702 τριακοσίων

213 1719 276 1742 octo
292 1715 319 1742 in
334 1714 422 1742 Nicaea
436 1720 672 1750 congregatorutn,
686 1720 712 1742 et
729 1716 756 1743 in
772 1716 816 1744 his
831 1724 891 1751 qua:
907 1716 998 1751 sapuit

1055 1717 1111 1744 ἰέκα
1127 1718 1174 1743 καὶ
1185 1716 1269 1748 όκτὼ,
1283 1716 1336 1743 τῶν
1355 1717 1384 1742 ἐν
1400 1715 1501 1751 Νικαίᾳ
1516 1713 1774 1750 συναγηγερμένων,
1793 1713 1843 1740 καὶ

213 1764 241 1786 et
262 1760 386 1794 exposuit
406 1759 580 1788 beatissimus
599 1761 718 1796 Cyrillus
737 1761 927 1789 Alexandrinae
946 1770 1000 1789 ma-

215 1813 275 1839 gna:
299 1806 417 1833 civitatis
443 1806 581 1841 quondam
611 1807 779 1842 episcopus,
822 1812 848 1835 et
885 1815 1000 1843 magnus

1045 1764 1102 1794 τοῖς
1115 1762 1272 1798 φρονηθεῦι
1286 1763 1332 1789 καὶ
1342 1762 1476 1789 ἐκτεθεῖσι
1489 1761 1564 1798 παρὰ
1578 1761 1625 1787 τοῦ
1643 1761 1778 1796 μακαρίου
1788 1761 1843 1787 Κυ‹

1050 1809 1139 1845 ρίλλου
1155 1809 1202 1835 τοῦ
1219 1809 1268 1844 τῆς
1291 1808 1487 1844 ’Δλεξανδρέων
1505 1807 1712 1843 μεγαλοπόλεως
1729 1806 1842 1840 γεγονό-

214 1851 392 1885 Athanasius,
412 1855 439 1880 et
457 1851 616 1887 Gregorius,
634 1857 662 1880 et
680 1852 804 1887 Proclus,
831 1854 919 1881 sancti
943 1854 999 1889 epi-

1055 1864 1094 1887 ro;
1109 1856 1270 1887 ἐπισκόπου,
1283 1856 1330 1882 καὶ
1342 1855 1499 1881 Ἀθανασίου
1512 1854 1559 1881 τοῦ
1574 1854 1703 1890 μεγάλου,
1715 1854 1760 1880 καὶ
1772 1853 1792 1879 Γ
1795 1861 1844 1888 ρη-

216 1897 302 1932 scopi.

1050 1901 1155 1936 γορίου,
1172 1902 1220 1928 καὶ
1233 1902 1355 1937 Πρόκλου
1369 1901 1423 1927 τῶν
1440 1901 1524 1935 ἁγίων
1541 1901 1708 1927 ἐπισκόπων.

613 1956 652 1983 Ea:
667 1962 720 1984 art.
735 1965 762 1985 χι
776 1958 894 1992 ejusdem
906 1966 986 1987 conc.
999 1959 1141 1993 Chalced.,
1158 1960 1223 1987 ibid.
1247 1959 1311 1987 16H
1327 1964 1353 1986 et
1372 1959 1453 1986 i6”.

254 2010 389 2038 Lucianus
403 2012 647 2041 reverendissimus
662 2014 808 2049 episcopus
820 2014 906 2050 Byziae
922 2016 1000 2043 dixit:

217 2056 343 2092 Suscepit
366 2065 428 2085 eum
452 2058 615 2086 beatissima
635 2061 773 2087 memoriae
789 2060 913 2089 Proclus.
936 2061 1000 2089 Glo-

217 2103 361 2131 riosissilni
371 2105 478 2139 judices
493 2105 636 2133 dixerunt:
659 2107 687 2134 Si
702 2107 815 2136 Proclus
828 2113 929 2136 sancta:
944 2118 1002 2136 me-

217 2151 326 2182 moriae,
344 2151 390 2185 qui
405 2151 455 2177 fuit
474 2152 695 2188 archiepiscopus
715 2154 796 2188 regis:
809 2155 1002 2182 Constantino-

216 2198 298 2232 polis.
326 2199 447 2234 suscepit
473 2198 634 2227 Bassianum
662 2201 920 2229 reverendissimum
945 2203 1002 2237 epi-

216 2253 350 2280 scopum,
379 2249 406 2272 et
434 2247 644 2274 communicavit
671 2247 695 2274 ei
726 2251 855 2282 tanquam
873 2249 1002 2283 episcopo

215 2291 395 2326 Ephesiorum
408 2292 565 2327 metropolis
586 2293 831 2321 reverendissimus
841 2294 931 2321 clerus
944 2301 1003 2321 san-

1089 2018 1237 2050 Λουκιανὺς
1249 2019 1263 2044 ό
1276 2017 1472 2048 εὐλαϐέστατος
1481 2017 1628 2048 ἐπίσκοπος
1636 2016 1735 2050 Βύζης,
1750 2014 1841 2042 εἶπεν

1054 2063 1178 2096 Ἐδέξατο
1192 2064 1273 2090 αὐτὸν
1286 2065 1300 2090 ό
1316 2063 1471 2099 μακαρίτης
1485 2063 1613 2098 Πρόκλος.
1632 2063 1663 2089 Oi
1678 2061 1844 2094 ἐνδοξότατοι

1054 2109 1183 2144 ἄρχοντες
1198 2107 1272 2136 εἷπον
1283 2118 1289 2125 -
1316 2110 1346 2136 Εἰ
1360 2109 1480 2144 Πρόκλος
1499 2110 1514 2135 ὁ
1535 2108 1584 2143 τῆς
1598 2108 1673 2139 ὁσίας
1692 2109 1813 2143 μνήμης,
1829 2109 1844 2134 ὁ

1054 2155 1172 2192 γεγονὼς
1182 2156 1394 2192 ἀρχιεπίσκοπος
1402 2154 1722 2185 Κωνστειντινουπόλεως,
1732 2153 1841 2186 ἐδέξατο

1054 2203 1134 2229 αὑτὸν
1149 2203 1296 2230 Βασσιανὸν
1322 2203 1368 2229 τὸν
1382 2202 1577 2229 εὑλαὸέστατον
1601 2201 1768 2232 ἐπίσκοπον,
1794 2201 1841 2227 καὶ

1055 2248 1232 2283 ἐκοινώνησεν
1245 2248 1318 2283 αὐτῷ
1332 2248 1370 2280 ὡς
1383 2247 1525 2282 ὲπισκόπῳ
1539 2246 1724 2282 τῆςῈφεσίων
1739 2254 1840 2281 μητρο-

1055 2295 1190 2327 πόλεως,ό
1203 2293 1399 2325 εὐλαϐέστατος
1412 2293 1510 2328 κλῆρος
1520 2293 1568 2327 τῆς
1580 2292 1659 2326 ἁγίας
1668 2292 1842 2318 Κωνσταντι-

216 2341 268 2365 vtae
293 2337 603 2372 Constantinopolitanae
628 2338 756 2366 Ecclesia
792 2347 842 2367 nos
878 2339 999 2367 edoceat.

1055 2341 1203 2372 νουπόλεως
1214 2340 1378 2375 Ἐκκλησίας
1388 2339 1595 2366 διδασκέτωσαν.
1603 2338 1728 2373 Θεόφιλος
1737 2339 1750 2364 ό
1761 2338 1842 2364 εὐλα-

216 2382 385 2418 Thenphilus
398 2383 642 2412 reverendissimus
657 2386 799 2420 presbyter
809 2385 1003 2413 Constantino-

216 2428 287 2464 polis
301 2432 402 2456 sanctae
417 2428 545 2456 Ecclesiae
558 2430 640 2456 dixit:
662 2430 696 2457 Ut
711 2439 803 2458 coram
821 2431 886 2463 Deo,
901 2436 927 2458 et
943 2439 1004 2459 sus-

217 2475 290 2509 cepit
313 2482 375 2501 eum
395 2479 497 2502 sanctae
514 2477 652 2503 memoriae
672 2476 786 2505 Proclus
799 2479 1003 2505 communican-

218 2525 283 2550 tem.
301 2524 327 2548 et
347 2521 523 2555 synodalibus
540 2522 638 2550 litteris
661 2523 811 2554 honoratis.
824 2523 928 2551 dimisit
943 2532 1004 2551 eum

217 2567 251 2594 ad
269 2566 404 2601 Ephesum
419 2575 426 2599 ;
455 2571 482 2594 et
501 2568 528 2594 in
548 2568 686 2603 diptychis
711 2569 801 2603 posuit
818 2569 878 2603 ejus
891 2577 1001 2601 nomen,

216 2617 244 2640 et
262 2612 428 2640 recitabatur
448 2621 536 2648 usque
559 2613 592 2639 ad
621 2613 756 2640 modicum
772 2613 870 2640 abhinc
885 2617 1003 2647 tempus.

217 2659 318 2686 Omnes
331 2659 551 2686 reverendissimi
568 2659 659 2686 clerici
674 2659 855 2686 sanctissimae
869 2659 1005 2686 Constan-

218 2705 403 2738 tinopolitanae
417 2705 545 2732 Ecclesiae
563 2705 707 2732 dixerunt:
735 2705 768 2731 Et
789 2713 838 2732 nos
861 2705 917 2732 haec
944 2706 1002 2739 ipsa

217 2749 373 2777 didicimus.
391 2750 515 2784 Suscepit
527 2751 598 2777 enim
617 2759 689 2782 eltln,
707 2755 732 2776 et
747 2751 956 2778 communicavit
979 2752 1004 2778 ei

217 2795 303 2822 beatae
316 2797 453 2824 memoriae
466 2795 589 2826 Proclus.
608 2802 632 2823 et
651 2797 712 2824 fecit
728 2797 873 2833 synodicas
887 2799 1002 2829 litteras,

218 2844 245 2868 et
260 2841 287 2868 in
298 2842 434 2878 diptychis
450 2851 511 2870 eum
532 2843 630 2877 posuit.

1051 2387 1179 2418 ϐέστατος
1195 2387 1378 2422 πρεσϐύτερος
1398 2387 1447 2421 τῆς
1467 2386 1538 2413 κατὰ
1559 2385 1844 2413 Κωνσταντινούπολιν

1053 2433 1206 2467 ἁγιωτάτης
1222 2432 1385 2467 Ἐκκλησίας
1400 2430 1492 2458 εἶπεν*
1511 2432 1555 2463 Ὠς
1567 2432 1614 2457 ἐπὶ
1630 2430 1708 2463 Θεοῦ,
1728 2431 1775 2457 καὶ
1787 2431 1844 2457 ἐδέ-

1054 2479 1118 2512 ξατο
1131 2478 1210 2504 αὑτὸν
1233 2479 1247 2504 ό
1273 2479 1301 2504 ἐν
1325 2478 1412 2512 ἁγίοις
1430 2477 1550 2512 Πρόκλος
1576 2476 1778 2506 κοινωνίκοντα,
1795 2475 1844 2502 καὶ

1055 2523 1202 2554 συνοδικοῖς
1218 2523 1364 2558 γράμμασι
1391 2525 1509 2558 τιμήσας
1531 2523 1622 2554 αὑτὸν,
1649 2522 1783 2548 ἀπέλυσεν
1797 2522 1843 2548 ἐπὶ

1055 2570 1104 2604 τὴν
1123 2569 1238 2603 Ἔφεσον
1248 2579 1254 2584 ·
1274 2569 1320 2594 καὶ
1335 2569 1364 2594 ἐν
1377 2569 1432 2600 τοῖς
1453 2569 1592 2604 διπτύχοις
1605 2567 1698 2599 ἔταξεν
1713 2566 1796 2593 αὐτοῦ
1812 2566 1842 2592 τὺ

1055 2614 1149 2649 ὄνομα,
1167 2615 1212 2641 καὶ
1234 2614 1341 2648 ἐλέγετο
1353 2614 1407 2646 ἐως
1422 2615 1474 2650 πρὸ
1489 2614 1580 2648 ὀλίγου
1598 2613 1705 2649 καιροῦ.
1738 2613 1842 2644 Πάντες

1054 2660 1079 2685 οἱ
1095 2659 1283 2686 εὑλαϐἐστατοι
1305 2659 1429 2694 κληρικοὶ
1448 2659 1498 2694 τῆς
1519 2658 1840 2686 Κωνσταντινουπολιτῶν

1055 2704 1208 2738 ἁγιωτάτης
1230 2704 1391 2738 Ἐκκλησίας
1417 2702 1509 2730 εἷπον·
1539 2704 1593 2730 Καὶ
1617 2704 1698 2738 ἡμεῖς
1723 2703 1757 2729 τὰ
1771 2702 1840 2729 αὐτὰ

1055 2750 1181 2785 λέγομεν.
1203 2750 1326 2787 Ἐδέξατο
1340 2750 1394 2785 γὰρ
1409 2751 1499 2783 αὑτὸν,
1513 2751 1559 2776 καὶ
1575 2750 1752 2785 ἐκοινώνησεν
1767 2748 1842 2784 αὐτῷ

1056 2799 1070 2823 ὀ
1083 2798 1214 2832 μακάριος
1224 2797 1352 2832 Πρόκλος,
1362 2798 1408 2823 καὶ
1422 2797 1532 2831 ἐποίησε
1544 2796 1668 2822 συνοδικὰ
1678 2796 1840 2830 γράμματα,

1057 2845 1103 2870 καὶ
1118 2845 1156 2875 εἰς
1172 2843 1206 2869 τὰ
1222 2843 1337 2878 δίπτυχα
1352 2843 1430 2869 αὑτὸν
1447 2843 1550 2874 ἔταξεν.
