1967 3075
127 169 184 200 665

740 175 953 206 TESTIMONIA
973 176 1153 205 VETERUM.

1704 177 1758 207 606

520 244 562 271 Ex
581 250 634 273 act.
651 254 695 274 xtv
711 247 830 282 ejusdem
840 248 950 276 concilii
966 247 1108 278 Chalced..
1127 247 1192 274 ibid.
1207 256 1269 283 pag.
1287 247 1364 275 1646.

172 299 328 331 Ἀθανάσιος
351 301 366 327 ὁ
390 300 585 333 εὐλαΰέστατος
609 303 758 336 ἐπίσκοπος
781 302 858 330 εἶπε·
886 305 922 331 To
937 316 958 342 Α

130 345 196 380 ἐμὸν
214 346 331 380 πρᾶγμα
350 345 405 372 ἀπὸ
432 346 538 382 μακροῦ
554 348 651 383 χρόνον
676 349 842 385 κατῆρκται·
875 351 922 376 καὶ

130 389 225 416 τούτου
238 390 358 425 ἥκουσαν
376 391 400 417 οἱ
423 391 473 426 τῆς
496 392 634 427 μακαρίας
655 394 764 429 μνήμης
789 394 922 429 Κύριλλός

131 443 160 462 τε
174 437 220 462 καὶ
234 436 364 471 Πρόκλος.
393 437 440 463 καὶ
460 438 594 472 φανεροὺς
620 438 721 471 τύπους
743 439 867 474 ἔγραψαν
883 440 921 474 τῷ

137 481 302 517 Ἀντιοχείας
327 483 464 518 γενομένῳ
493 485 635 519 ἐπισκόπῳ
650 485 762 520 Δὸμνῳ-
796 486 921 513 συνέθετο

131 527 234 558 ἐκεῖνος
245 527 365 562 πληροῦν
380 528 473 554 ταῦτα.
484 528 573 561 Ἀξιῶ,
588 531 612 556 εί
625 531 788 564 παρίσταται
805 533 837 566 τῇ
855 532 921 567 ὑμε-

130 572 198 608 τέρᾳ
229 571 355 608 ἐξουσίᾳ,
384 574 418 600 τὰ
443 574 595 610 γράμματα
621 575 675 602 τῶν
700 577 921 612 ἁρχιεπισκόπων

132 618 347 655 ἀναγνωσθῆναι.
374 621 405 646 Οἱ
429 620 595 653 ἐνδοξότατοι
615 622 745 658 ἄρχοντες
759 621 855 649 εἶπον·
882 623 923 650 Τὰ

131 665 284 701 γράμματα
299 666 420 702 Πρόκλου
436 667 482 693 καὶ
497 667 632 703 Κυρίλλου
652 668 705 695 τῶν
728 669 778 703 τῆς
794 669 924 702 εὐλαϐοὖς

133 712 244 747 μνήμης
260 712 552 746 ἀναγινωσκέσθωσαν.

1009 305 1176 333 Athanasius
1187 303 1430 332 rererendissimus
1442 304 1587 338 episcopus
1600 304 1669 330 dixit
1681 313 1688 331 :
1701 303 1759 331 Mea

971 359 1054 379 causa
1068 360 1082 379 τι
1101 353 1181 387 longo
1197 355 1318 385 tempore
1328 351 1455 377 inchoata
1469 354 1522 381 est,
1543 354 1569 377 et
1582 350 1651 377 hanc
1665 349 1760 377 audie-

970 402 1035 424 runt
1052 399 1137 425 beata:
1155 398 1292 424 memoria:
1306 397 1424 432 Cyrillus
1443 401 1470 424 et
1483 396 1606 428 Proclus,
1625 401 1654 423 et
1669 400 1759 423 certas

971 443 1075 471 litteras
1104 444 1273 478 scripserunt
1297 443 1401 470 Domno
1431 443 1476 476 qui
1499 442 1551 469 fuit
1572 442 1759 469 Antiochenus

969 490 1124 524 episcopus.
1140 489 1319 524 promisitque
1336 489 1380 516 ille
1395 496 1442 516 eas
1459 489 1604 523 complere.
1617 487 1692 522 Rogo
1705 487 1759 514 ita-

971 543 1033 569 que.
1055 535 1078 562 si
1095 535 1202 562 videtur
1218 539 1316 562 vestra!
1331 534 1471 570 potestati,
1491 534 1759 568 archiepiscoporum

972 580 1070 606 littera:
1087 580 1253 614 relegantur.
1270 579 1467 607 Gloriosissimi
1490 579 1597 614 judices
1608 579 1758 606 dixerunt:

972 625 1079 653 Littera.-
1094 625 1184 654 Procli
1212 631 1239 654 et
1252 625 1347 661 Cyrilli
1373 626 1608 653 reverendissimte
1624 625 1760 653 memoriae

972 673 1129 706 relegantur

927 772 977 802 VI.

169 828 211 855 Ex
222 830 333 864 epistola
349 830 487 863 Quintiani
502 830 615 865 episcopi
628 831 809 893 Acculanidad
828 832 928 895 Ιῦοιιοιιῖ

748 876 761 894 ε
782 874 812 895 ιι.
854 877 894 895 en.

983 835 1262 898 ullonemﬂgscopum
1275 836 1432 866 Antiochia).
1446 844 1478 863 ea:
1491 841 1556 863 tam.
1572 835 1592 862 V
1612 836 1717 864 Concil.

988 879 1081 906 .,pag.
1115 879 1131 898 :.
1153 891 1159 897 .

170 921 277 953 Ταύτας
290 921 339 953 τὰς
351 921 455 948 δώδεκα
469 922 644 958 καθαιρέσεις
656 923 803 950 ἀπέστειλά
816 933 867 955 σοι,
883 925 922 950 εἰ-

1010 926 1064 955 llas
1092 927 1235 955 duodecim
1259 927 1444 961 depositiones
1466 927 1500 955 ad
1521 932 1547 955 te
1574 928 1646 960 misi,
1672 929 1762 956 sciens

133 967 186 1000 δὼς
201 969 240 995 ὄτι
254 968 306 1004 χρὴ
317 968 501 1000 ἐξακολουθεῖν
512 971 544 1004 τῇ
559 969 730 1004 ἀποκαλύψει
747 970 794 997 τοῦ
808 970 924 997 ὁσιωτά-

983 974 1046 1008 ιιιοιΙ
1063 978 1168 1008 oportet
1192 974 1270 1008 sequi
1287 975 1479 1011 revelationem
1495 973 1661 1001 sanctissimi
1675 973 1764 1002 Procli

133 1023 182 1041 του
196 1016 244 1048 τῆς
259 1016 582 1042 Κωνσταντινουπολιτῶν
596 1017 757 1052 Ἑκκλησίας
775 1018 924 1044 ἐπισκόπου

134 1061 257 1096 Πρόκλου
268 1071 274 1077 ·
294 1062 353 1094 πῶς
369 1064 398 1089 ὲν
419 1062 458 1098 τῷ
469 1063 572 1098 κάμπῳ
587 1063 768 1099 καταδραμὼν
780 1065 827 1091 σὺν
844 1065 926 1090 παντὶ

134 1109 174 1144 τῷ
187 1108 253 1144 λαῷ,
270 1109 490 1144 κυματιζομένης
504 1109 556 1136 ὑπὸ
573 1110 692 1145 σεισμῶν
707 1110 756 1145 τῆς
773 1109 857 1144 αὐτῆς
875 1111 925 1137 πό-

135 1155 218 1187 λεως·
233 1156 280 1182 καὶ
294 1156 393 1192 θρήνου
407 1156 460 1182 ὑπὸ
473 1157 581 1183 πάντων
596 1157 837 1192 ἀναπεμπομένου,
849 1157 926 1191 ἄφνω

136 1202 220 1229 παῖδα
239 1203 278 1235 εἰς
291 1203 336 1229 τὸν
355 1203 468 1239 οὐρανὸν
484 1203 601 1239 ἀρθῆναι
616 1203 669 1229 ὑπό
690 1212 763 1235 τινος
776 1203 925 1238 δυνάμεως,

136 1249 185 1276 καὶ
198 1249 284 1284 τούτῳ
300 1249 423 1277 ἐνθέσθαι
438 1250 485 1276 τοῦ
500 1249 651 1276 λιτανεύειν
667 1249 697 1276 τὺ
714 1249 861 1285 Τρισάγιον
878 1249 925 1275 καὶ

137 1295 229 1330 λέγειν
239 1305 245 1311 ·
266 1297 362 1331 Ἄγιος
375 1298 391 1323 ὀ
409 1297 480 1328 Θεός
489 1305 496 1311 ⁸
512 1296 595 1330 ἅγιος
609 1295 745 1330 ἰσχυρὸς,
757 1295 841 1330 ἅγιος
854 1295 926 1322 ἀθά-

137 1353 236 1377 νατος,
258 1345 388 1378 ἐλέησον
407 1343 496 1378 ἡμᾶς.
522 1343 578 1370 Καὶ
593 1343 678 1370 ταῦτα
700 1343 747 1370 τοῦ
765 1343 926 1378 ἐπαγγεῖλαι

138 1391 177 1424 τῷ
191 1391 331 1425 ὲπισκόπῳ
345 1390 526 1425 προσετάχθη.
541 1390 588 1421 '0;
598 1390 644 1416 καὶ
656 1389 724 1424 μετὰ
736 1389 850 1424 τρίωρον
861 1388 927 1424 ἔστη

139 1436 169 1462 ὲν
185 1435 223 1470 τῷ
239 1436 415 1471 τριὸουναλίῳ
428 1435 503 1471 παρὰ
519 1435 582 1466 τοὺς
604 1435 688 1464 πόδας
708 1436 754 1462 τοῦ
764 1434 845 1461 αὑτοῦ
855 1433 923 1470 [τοῦ]

140 1482 300 1512 ἐπισκόπου.
316 1481 458 1508 καὶταῦτα
471 1482 628 1517 διηγήσατο.
643 1481 698 1508 Καὶ
708 1481 794 1512 οὕτως
807 1480 930 1506 λιτανευ-

141 1529 255 1562 σάντων,
273 1529 391 1564 ἔστησαν
406 1529 431 1554 οἱ
443 1527 558 1562 σεισμοί.

977 1019 1285 1054 Constantinopolitanze
1302 1020 1430 1048 Ecclesia:
1446 1019 1583 1054 episcopi;
1608 1020 1716 1054 quando
1735 1021 1764 1048 in

978 1073 1104 1100 campum
1115 1074 1177 1093 cmu
1191 1067 1319 1094 universo
1335 1067 1434 1101 populo
1451 1067 1587 1098 cucurrit,
1615 1066 1765 1094 ﬂuctuante

979 1112 1036 1147 ipsa
1053 1112 1163 1139 civitate
1189 1113 1241 1140 sub
1263 1118 1344 1140 terra
1372 1116 1457 1144 motu,
1475 1116 1503 1139 et
1525 1112 1653 1139 clunibus
1672 1111 1765 1139 ﬂetum

978 1157 1174 1189 einittenlibus.
1185 1162 1296 1193 repente
1312 1166 1425 1193 puerum
1442 1158 1470 1184 in
1484 1165 1546 1185 aera
1565 1158 1648 1185 levari
1666 1165 1681 1184 a
1698 1165 1766 1192 qua-

980 1203 1041 1231 dam
1065 1205 1175 1236 virtute,
1199 1208 1226 1231 et
1253 1204 1316 1232 huic
1338 1204 1440 1240 imponi
1468 1203 1627 1239 suppliciter
1640 1204 1767 1231 occinere

978 1251 1143 1286 Trisagium.
1159 1258 1190 1277 ac
1205 1251 1314 1278 dicere:
1334 1250 1447 1278 Sanctus
1464 1250 1544 1283 Deus,
1556 1255 1662 1277 sanctus
1678 1250 1766 1285 fortis,

979 1302 1086 1324 sanctus
1105 1297 1277 1329 immortalis,
1290 1299 1412 1324 miserere
1431 1297 1521 1329 nobis;
1541 1301 1567 1324 et
1584 1298 1640 1324 hac
1660 1304 1768 1323 annun-

980 1344 1049 1371 tiare
1062 1344 1189 1378 episcopo
1200 1344 1296 1378 jussus
1308 1348 1360 1371 est.
1375 1344 1425 1377 Qui
1435 1347 1461 1370 et
1471 1352 1517 1378 per
1532 1349 1586 1371 tres
1598 1343 1679 1370 horas
1692 1343 1768 1370 stetit

980 1391 1007 1417 in
1028 1390 1169 1421 tribunali,
1188 1397 1267 1417 secus
1292 1390 1374 1425 pedes
1398 1390 1485 1425 ipsius
1510 1390 1640 1425 episcopi,
1663 1393 1690 1416 et
1709 1389 1767 1416 hinc

980 1436 1113 1463 narravit.
1132 1435 1166 1462 Et
1181 1435 1225 1463 hic
1254 1436 1414 1472 suppliciter
1432 1436 1577 1464 orantibus
1595 1435 1670 1463 stetit
1689 1439 1768 1463 teme

982 1486 1083 1510 motus.

932 1586 997 1616 VII.

355 1649 396 1676 Ea:
404 1649 520 1684 epistola
534 1649 624 1676 Acacii
639 1650 750 1684 episcopi
766 1648 822 1676 (ΣΡ.
844 1648 877 1675 ad
897 1649 1015 1676 eumdem
1035 1648 1146 1676 Petrum
1163 1646 1320 1679 Fullouem,
1335 1647 1402 1674 ibid.
1416 1655 1477 1682 pag.
1494 1646 1557 1673 25!.

177 1707 215 1733 Οὐ
236 1707 315 1742 μόνον
328 1707 381 1742 γὰρ
397 1708 441 1741 τῳ
458 1708 617 1746 χξρουόικὺν
630 1708 713 1743 ὕμνον
727 1709 882 1741 ὲνόθευσας,
895 1709 928 1736 δι’

1016 1707 1075 1735 Nou
1091 1707 1179 1735 solum
1196 1707 1269 1734 enim
1284 1706 1461 1733 cherubicum
1474 1706 1549 1733 illum
1564 1705 1693 1740 hymnum
1708 1711 1769 1730 cor-

142 1750 173 1780 οὗ
191 1753 237 1779 καὶ
253 1754 269 1788 ἡ
290 1753 410 1789 ἡμετέρα
424 1754 500 1785 πόλις
514 1753 668 1790 ὲστερειῦθη
685 1755 848 1791 σαλευομένη
864 1755 929 1782 ποτὲ

143 1799 196 1826 ὑπὸ
209 1799 354 1826 ἀνενδότων
375 1800 504 1835 σεισμῶν,
519 1800 612 1831 παιδὸς
627 1802 724 1836 νηπίου
742 1803 806 1837 περὶ
822 1803 867 1828 τὸν
885 1803 928 1828 αἰ-

143 1847 210 1882 οέρα
221 1846 389 1882 ἀρπαγέντος
404 1847 446 1873 ἐπ’
461 1846 539 1881 ὂψεσι
550 1847 640 1882 πάσης
650 1847 699 1881 τῆς
710 1848 814 1880 πόλεως
825 1848 862 1880 ὡς
877 1849 930 1881 ἕως

141 1893 234 1929 τρίτου
250 1892 363 1927 οὐρανοῦ
387 1892 458 1918 κατὰ
481 1892 526 1919 τὸν
541 1893 685 1919 θεσπέσιον
699 1894 815 1920 Παῦλον.
842 1893 934 1921 Κάκεῖ

142 1939 293 1973 ἀκηκοότος
309 1937 358 1973 τὴν
369 1938 486 1973 ἄῤῥητον
503 1938 604 1972 ταύτην
619 1938 780 1973 ὑμνολογίαν
791 1947 798 1955 ’
825 1939 886 1966 καθ’
898 1940 930 1975 ἣν

142 1985 219 2020 ὥραν
230 1985 258 2011 ὲν
273 1984 312 2019 τῷ
322 1985 424 2020 κάμπῳ
436 1984 469 2011 τὰ
480 1984 569 2019 πλήθη
585 1984 654 2019 μετὰ
667 1984 791 2020 δακρύων
804 1985 921 2012 ἀνεϐόων

143 2030 184 2059 τὸ,
196 2029 292 2064 Κύριε,
301 2029 442 2063 ἐλέησον.
450 2029 518 2064 πρὸς
528 2029 573 2055 τὸν
583 2029 659 2061 Θεὸν,
673 2030 731 2064 ἅμα
742 2030 788 2056 τοῦ
800 2031 828 2056 ὲν
844 2030 932 2064 ἁγίοις

145 2075 268 2110 Πρόκλου
289 2074 336 2101 τοῦ
355 2075 497 2110 γεγονότος
515 2074 621 2110 [ἰατρὸς
634 2074 722 2110 ἡμῶν,
741 2075 787 2101 καὶ
808 2075 933 2110 ἀρχιεπι-

146 2121 249 2148 σκόπου
263 2120 364 2156 ταύτης
372 2121 421 2157 τῆς
431 2121 564 2156 βασιλίδος
575 2121 622 2147 καὶ
634 2120 803 2156 φιλοχρίστου
819 2121 930 2152 πόλεως,

983 1754 1092 1788 cupisti,
1110 1761 1157 1788 per
1170 1762 1250 1788 quem
1265 1758 1292 1780 et
1305 1757 1397 1780 nostra
1415 1753 1512 1779 civitas
1529 1753 1633 1779 tirmata
1645 1754 1697 1781 est.
1707 1757 1770 1777 cum

982 1799 1047 1827 olim
1075 1803 1229 1826 moveretur
1258 1799 1293 1826 ab
1321 1798 1499 1826 interioribus
1533 1796 1613 1828 terrae
1639 1796 1770 1828 motibus,

983 1853 1069 1880 puero
1087 1846 1190 1872 infante
1207 1845 1240 1873 ad
1254 1846 1355 1873 :ethcra
1372 1849 1449 1880 rapto
1472 1845 1499 1871 in
1521 1845 1671 1878 conspectu
1686 1843 1772 1870 totius

984 1891 1102 1919 civitatis
1120 1899 1207 1926 usque
1231 1891 1263 1918 ad
1288 1891 1398 1918 tertium
1415 1890 1524 1920 (-(elum,
1542 1886 1774 1923 quemadmodum

984 1938 1091 1965 divinus
1105 1938 1206 1965 Paulus
1219 1939 1239 1965 '.
1269 1937 1370 1965 Ibidem
1386 1937 1456 1964 hanc
1474 1936 1637 1964 inell'abilem
1659 1935 1768 1970 hymno-

986 1984 1083 2019 logiam
1100 1985 1255 2018 obaudivit;
1276 1985 1303 2011 in
1323 1992 1375 2018 qua
1389 1984 1454 2010 hora
1471 1983 1497 2010 in
1516 1990 1613 2016 campo
1628 1980 1775 2008 multitudo

985 2039 1047 2058 cum
1069 2031 1215 2067 lacrymis:
1240 2031 1361 2064 Domine,
1389 2031 1519 2062 miserere,
1543 2029 1712 2056 exclamabat
1738 2026 1776 2054 ad

986 2075 1080 2108 Deum.
1095 2077 1175 2105 simul
1187 2085 1249 2105 cum
1263 2082 1358 2105 sancto
1370 2077 1451 2104 Patre
1462 2081 1556 2104 nostro
1571 2075 1668 2102 Proclo
1683 2074 1772 2101 archi-

985 2123 1114 2158 episcopo
1129 2124 1210 2158 hujus
1225 2125 1324 2159 regalis
1339 2128 1366 2151 οι
1378 2131 1392 2150 a
1410 2123 1466 2151 Deo
1481 2127 1577 2150 amatae
1593 2121 1711 2148 civitatis

933 2181 1011 2211 VIII.

326 2242 367 2270 Ex
381 2243 492 2278 epistola
504 2242 605 2269 Justini
619 2242 732 2276 episcopi
745 2242 773 2268 in
784 2241 878 2269 Sicilia
895 2242 928 2269 ad
949 2242 1068 2269 ιιιιηιιιεηι
1085 2242 1194 2271 Petrum
1210 2243 1362 2276 Fullonezn,
1375 2243 1512 2278 ibid.pag.
1522 2243 1586 2270 227.

182 2301 261 2333 Δέξαι
279 2298 325 2327 οὗν
343 2300 380 2332 ὡς
404 2298 518 2334 ἀδελφοῦ
536 2307 583 2325 σου
596 2299 755 2334 παραίνεσιν
767 2306 774 2313 ·
795 2297 843 2323 καὶ
855 2296 935 2331 γενοῦ

146 2349 251 2383 ποιμὴν
266 2347 320 2373 τῶν
332 2345 488 2382 προϐάτων,
505 2346 552 2372 καὶ
569 2345 599 2371 οὺ
614 2344 710 2376 λύκος·
728 2343 775 2370 καὶ
788 2343 827 2378 τῷ
845 2351 934 2378 μακα-

149 2394 200 2429 ρίῳ
223 2393 337 2429 Πρόκλῳ
352 2391 498 2423 ἀκόλουθος
522 2391 612 2425 γενοῦ,
635 2390 682 2416 καὶ
698 2391 731 2425 τῇ
756 2389 838 2416 αὐτοῦ
854 2390 882 2416 ἐν
897 2388 936 2424 τῷ

147 2441 252 2475 κάμπῳ
267 2438 450 2473 ἀποκαλύψει.

1024 2298 1138 2334 Suscipe
1153 2307 1217 2334 ergo
1232 2304 1362 2334 tanquam
1377 2299 1469 2327 fratris
1486 2300 1524 2326 tui
1543 2298 1755 2326 admonitionem
1765 2307 1778 2331 ;

987 2349 1013 2370 et
1028 2345 1076 2372 tias
1092 2350 1184 2380 pastor
1200 2346 1304 2377 ovium,
1322 2350 1349 2372 et
1365 2353 1420 2372 non
1436 2346 1533 2380 lupus;
1550 2349 1577 2371 et
1594 2346 1641 2372 tias
1657 2349 1773 2372 sectatus

990 2391 1058 2418 beati
1075 2391 1162 2418 Procli
1179 2395 1205 2419 et
1221 2391 1394 2419 revelationis
1411 2391 1471 2426 ejus
1485 2391 1511 2418 in
1528 2398 1634 2425 campo.

949 2499 991 2527 IX

325 2561 368 2588 Ex
381 2560 451 2587 Hist.
467 2560 535 2587 eccl.
550 2558 708 2593 Tripartita,
727 2557 774 2585 lib.
787 2566 836 2590 xu,
850 2566 907 2593 cap.
924 2559 952 2590 5,
967 2559 1038 2593 apud
1054 2558 1255 2588 Cassiodorum.
1271 2559 1337 2592 Opp.
1353 2562 1417 2584 tom.
1433 2557 1455 2588 l,
1474 2565 1535 2592 pag.
1552 2557 1614 2584 548.

185 2618 326 2649 Sisinnins
350 2619 475 2646 Proclum
499 2619 525 2645 in
545 2617 645 2653 Cyzico
672 2617 861 2649 consecravit;
890 2617 937 2648 qui

146 2674 295 2702 antequam
311 2665 528 2700 proﬁcisceretur
546 2663 579 2690 ad
594 2662 721 2698 Cyzicum
733 2683 740 2694 ,
760 2662 834 2689 cives
867 2670 937 2697 prm—

150 2715 280 2742 cedentes
295 2711 456 2738 Dalmatium
470 2710 633 2737 monachum
654 2709 811 2743 episcopum
828 2709 937 2735 sibimet

150 2760 360 2788 ordinaverunt.
375 2757 449 2793 parvi
461 2757 608 2792 pendentes
619 2755 739 2790 regulam
754 2754 935 2789 quajubetur,

150 2811 251 2843 praeter
267 2804 597 2838 Constantinopolitanum
613 2801 770 2837 episcopum
785 2800 936 2828 ordinatiu-

195 2883 204 2899 '
215 2882 237 2910 ll
253 2882 316 2910 Cor.
332 2889 378 2911 xu,
395 2881 422 2908 2.

991 2625 1050 2644 nem
1072 2618 1108 2645 ibi
1130 2617 1188 2644 fieri
1205 2625 1259 2644 non
1277 2617 1384 2644 debere.
1402 2615 1480 2649 Quod
1499 2617 1559 2644 ideo
1580 2615 1706 2651 Cyziceni
1729 2623 1770 2642 ne-

988 2663 1146 2698 glexerunt,
1171 2663 1234 2696 quia
1262 2662 1352 2688 Attico
1378 2662 1428 2688 soli
1451 2662 1508 2687 lucc
1531 2661 1571 2688 lex
1598 2659 1776 2695 personaliter"

990 2709 1109 2744 praestita
1122 2709 1272 2735 videbatur.
1286 2707 1386 2735 Mansit
1398 2715 1462 2742 ergo
1480 2707 1591 2734 I‘roclus
1605 2715 1658 2733 non
1674 2707 1777 2734 habens

990 2753 1137 2781 Ecclesium
1155 2755 1312 2788 propriam:
1334 2754 1379 2788 qui
1392 2758 1481 2779 tamen
1496 2753 1521 2779 in
1539 2753 1661 2779 doctrina
1687 2753 1776 2780 cccle~

989 2801 1090 2828 siaruiu
1107 2800 1382 2835 Constantinopoleos
1399 2800 1476 2827 valde
1491 2800 1615 2828 ﬂorebat.
