1967 3075
207 159 260 187 667

764 158 792 185 S.
814 156 974 186 PROCLUS
992 156 1045 184 (ΣΡ.
1066 156 1267 185 EPISCOPUS.

1783 152 1831 181 θεῖε

840 227 912 254 Ibid.
932 235 990 261 cap.
1006 225 1048 258 10,
1065 234 1126 260 pag.
1145 225 1206 252 551.

244 284 425 312 Maximianus
441 292 503 312 cum
522 284 591 312 duos
613 291 702 312 annos
719 288 745 312 et
761 291 808 312 sex
824 292 931 312 menses
946 283 997 311 Ec-
1012 288 1034 316 Α
1049 283 1122 317 cepit
1144 281 1331 309 intltronizare
1348 280 1486 308 Proetum.
1510 278 1589 312 Quod
1612 279 1694 306 etiam
1720 276 1831 306 Romani

206 332 320 360 clesiam
336 331 528 367 gubernasset,
543 330 688 358 defunctus
700 334 742 358 est
754 331 899 358 consulatu
916 329 996 356 Ario-

207 377 298 405 biuda:
315 383 341 404 et
356 377 479 412 Asparis.
496 377 539 404 die
552 385 591 404 xtt
620 377 722 404 mensis
738 376 849 411 Aprilis,
868 376 894 403 in
913 376 997 410 δειριί-

207 431 288 450 mana
300 423 403 458 majore
411 423 590 458 jejuniorttm,
604 422 671 449 feria
686 431 711 448 ν.
724 422 802 449 Tunc
817 421 898 456 igitur
911 420 998 448 Theo-

208 468 302 496 dosius
327 469 474 503 imperator
498 469 636 503 sapienter
665 475 776 495 causam
790 467 941 502 prospexit,
963 474 997 494 ne

207 522 306 542 rursus
323 515 356 542 de
369 515 528 550 episcopatu
546 514 689 542 seditionis
701 514 818 549 qua'stio
835 517 882 540 aut
897 513 997 541 tumul-

207 563 253 586 tus
273 560 300 586 in
321 559 440 587 Ecclesia
459 563 629 587 nasceretur.
647 558 715 586 Cum
736 558 825 585 adhuc
844 566 909 593 ergo
932 565 996 584 cor-

207 613 260 641 pus
277 605 434 633 Maximiani
447 606 560 640 jacet-et,
577 605 758 640 prtesentibus
776 604 913 640 episcopis
926 611 997 638 pra:-

856 671 926 699 lbid.
944 680 1003 707 cap.

243 732 359 760 Proclus
375 732 409 759 ab
429 735 508 759 aetate
527 732 613 767 prima
631 732 718 760 lector
731 731 793 764 fuit,
811 731 883 766 apud
901 731 996 758 docto-

208 786 253 806 I'es
268 784 357 805 tanten
375 778 525 805 observans
542 779 643 805 zelator
660 785 769 813 quoque
791 777 818 804 in
835 777 971 804 rhetorica
987 785 994 803 :

209 823 256 859 qui
270 823 334 850 dum
349 823 383 850 ad
400 823 548 858 perfectam
563 823 681 850 venisset
692 827 799 850 aetatem
810 842 818 855 ,
837 823 997 858 plerumque

208 877 271 897 cum
286 870 376 897 Attico
392 873 450 896 erat
465 870 595 904 episcopo
610 873 739 903 exceptor
753 877 911 896 sermonum
925 869 996 904 cjus.

1048 327 1170 362 episcopi
1185 326 1326 353 leestini
1341 325 1438 353 litterae
1451 325 1637 357 ﬁrmaverunt,
1649 330 1719 358 quas
1735 323 1769 350 ad
1784 323 1834 358 Cy-

1047 374 1138 400 rillum
1154 372 1325 400 Alexandriae
1335 371 1482 399 destinavit
1494 371 1653 405 episcopum
1669 373 1697 397 et
1709 369 1742 396 ad
1758 368 1835 396 Joan-

1048 427 1109 447 nem
1122 419 1324 446 Antiochenum
1342 423 1368 445 et
1382 417 1482 445 Rufum
1492 417 1782 449 Thessalonicensem,
1798 415 1834 442 di-

1048 474 1115 493 cens
1136 466 1200 500 quia
1223 465 1291 493 nihil
1311 465 1468 500 prohiberet
1484 464 1598 492 alterius
1620 463 1740 491 civitatis
1761 462 1833 490 exsi-

1049 516 1165 539 stentem
1179 512 1338 547 episcopum
1356 512 1384 539 in
1400 512 1480 538 aliam
1496 510 1655 546 demigrari.
1671 510 1836 536 lnthronila-

1048 562 1093 585 tus
1121 558 1203 593 igitur
1226 558 1340 586 Proetus
1363 558 1510 592 exsequias
1531 555 1688 584 Maximiani
1711 554 1835 591 corporis

1048 603 1208 632 celebravit.

1020 672 1061 703 ll,
1074 681 1134 707 pag.
1149 672 1212 700 352.

1050 738 1080 758 se
1107 731 1258 758 terribilem
1289 736 1442 766 opportune
1468 730 1660 764 monstrabat;
1693 731 1746 757 iste
1773 737 1839 757 vero

1050 777 1178 803 omnibus
1193 777 1266 803 mitis
1282 782 1340 803 erat
1353 785 1359 809 ;
1374 780 1400 804 et
1413 777 1453 803 sic
1468 784 1515 804 eos
1533 776 1625 812 potius
1640 783 1722 810 quant
1740 776 1840 802 violen-

1051 827 1093 849 ter
1107 821 1215 850 llectere
1230 823 1377 854 nitebatur,
1395 823 1498 850 nullam
1517 823 1642 850 haeresim
1661 822 1775 856 fatigare
1789 829 1837 849 vo-

1052 868 1110 895 lens
1127 878 1133 896 :
1151 870 1177 896 iu
1198 869 1248 896 hac
1268 874 1344 903 parte
1363 868 1546 896 Theodosium
1568 869 1689 896 imitatus
1716 868 1839 904 impera-

209 914 243 941 Et
258 914 321 941 dum
341 915 503 949 proliceret,
527 915 562 941 ab
575 914 665 940 Attico
684 914 818 941 diaconus
841 915 995 946 ordinatur,
1013 912 1034 940 B
1049 918 1146 942 torem.
1163 915 1209 942 llle
1221 923 1338 949 namque
1350 914 1502 949 judicabat,
1516 919 1611 942 contra
1625 913 1775 950 culpabiles
1787 915 1838 941 im-

209 964 304 995 postea
320 960 473 995 presbyter.
489 959 510 986 Α
530 959 652 988 Sisinnio
667 967 731 986 vero
747 959 838 994 Cyzici
854 959 999 987 ordinatur

209 1007 366 1040 episcopus.
388 1005 450 1032 Haec
465 1000 589 1040 equidem
606 1006 630 1032 ei
646 1005 774 1040 primitus
794 1011 998 1040 provenerunt;

210 1055 305 1086 postea
329 1053 457 1078 tltrottuttt
483 1052 795 1086 Constantinopolitanae
816 1052 930 1079 sortitur
945 1053 997 1080 Ee-

210 1098 309 1124 clesize.
327 1097 392 1124 Erat
405 1098 478 1124 ettitn
490 1098 531 1124 vir
545 1098 666 1125 moribus
680 1098 808 1132 optimis;
824 1103 849 1125 et
865 1099 899 1125 ab
910 1099 998 1126 Attico

211 1143 313 1170 utiliter
326 1143 460 1176 eruditus,
477 1144 569 1170 omnia
580 1143 640 1178 ejus
653 1144 822 1171 imitabatur.
840 1144 892 1171 Sed
906 1146 932 1171 in
946 1145 999 1172 isto

211 1189 343 1223 patientia
354 1190 444 1224 potior
458 1190 618 1225 apparebat.
632 1190 664 1217 Et
678 1190 723 1218 ille
737 1190 847 1226 quidem
864 1191 999 1218 luereticis

1051 961 1146 996 periali
1164 968 1218 988 non
1233 962 1271 987 uti
1288 965 1422 996 potestate
1442 970 1448 987 :
1466 961 1510 988 ltic
1533 964 1623 987 autem
1642 961 1717 996 parvi
1738 959 1840 995 pende-

1052 1008 1109 1040 bat,
1127 1009 1148 1035 si
1169 1008 1231 1043 quis
1247 1008 1281 1036 de
1302 1008 1357 1035 Deo
1373 1016 1426 1034 tton
1445 1008 1481 1034 ita
1494 1011 1618 1042 saperet,
1637 1008 1709 1034 sicut
1725 1006 1792 1041 ipse.
1811 1005 1839 1033 ln

1052 1054 1095 1081 his
1111 1055 1193 1089 igitur
1207 1055 1289 1081 etiam
1312 1054 1462 1089 imperator
1480 1054 1610 1080 laudabat
1629 1061 1690 1080 eum
1704 1062 1711 1085 ;
1727 1060 1789 1079 cum
1813 1056 1841 1078 et

1052 1100 1110 1135 ipse
1131 1108 1210 1128 veros
1240 1100 1398 1127 sacerdotes
1426 1100 1596 1132 imitaretur,
1621 1104 1648 1127 et
1670 1105 1840 1134 nequaquam

1052 1147 1178 1182 persequi
1194 1148 1315 1174 volentes
1333 1147 1499 1174 admitteret.

1018 1259 1055 1289 Χ.

343 1321 386 1348 Ea:
398 1321 575 1349 Confessione
591 1321 653 1349 ﬁdei
667 1322 780 1349 Joannis
797 1322 939 1353 Maxentii,
954 1323 979 1348 in
992 1322 1120 1350 Biblioth.
1138 1322 1189 1350 PP.
1201 1323 1291 1350 Paris.
1308 1327 1372 1349 tom.
1386 1321 1431 1354 IV,
1446 1327 1516 1357 part.
1533 1330 1553 1355 ι,
1570 1331 1631 1358 pag.
1647 1322 1709 1350 457.

248 1377 301 1404 Sed
319 1377 362 1405 his
383 1378 463 1413 paulo
486 1378 659 1406 manifestius
673 1380 769 1406 beatus
787 1379 900 1406 Proelus
916 1380 998 1414 hujus

212 1425 288 1452 urbis
302 1426 458 1460 episcopus,
472 1434 554 1461 quem
571 1427 652 1453 etiam
668 1428 823 1454 veneranda
838 1428 940 1462 recepit
956 1436 1000 1463 sy—

211 1471 300 1500 nodus
317 1471 548 1500 Chalcedonensis
559 1492 566 1504 ,
587 1473 620 1500 ad
637 1473 780 1500 Armenios
795 1483 801 1500 :
821 1481 883 1500 cum
904 1479 998 1500 contra

212 1516 349 1544 Theodori
370 1518 565 1552 blasphemias,
583 1519 629 1554 qui
645 1521 855 1554 quateruitatem
871 1528 920 1555 pro
940 1519 1001 1546 Tri-

213 1565 298 1591 nitate
319 1565 401 1600 impie
416 1565 618 1600 dogntalizavit,
635 1570 774 1600 peteretur
788 1567 822 1592 ah
836 1567 894 1600 ipsa
909 1571 999 1599 gente,

213 1616 242 1637 ut
257 1611 400 1644 scriberet,
419 1611 596 1646 ejusdemque
609 1611 794 1647 blasphetnias
812 1611 953 1643 refutaret,
970 1611 1002 1639 de

1054 1379 1104 1406 hac
1123 1380 1258 1407 sententia
1274 1385 1314 1407 cst
1328 1380 1452 1411 locutus,
1472 1379 1581 1410 dicens,
1596 1383 1649 1406 etc.
1672 1379 1843 1414 Quapropter

1054 1427 1076 1454 si
1096 1428 1158 1461 quis
1180 1427 1250 1453 ltanc
1271 1426 1353 1460 hujus
1369 1426 1517 1453 beatissimi
1541 1425 1630 1452 Patris
1649 1433 1731 1460 super
1749 1426 1844 1460 splen-

1054 1474 1146 1501 dorem
1162 1473 1227 1500 solis
1242 1473 1377 1499 lucentem
1400 1472 1561 1499 sententiam
1577 1471 1778 1505 reprehendere
1793 1479 1844 1498 au-

1053 1519 1109 1550 det,
1132 1526 1213 1545 unatn
1231 1518 1315 1544 totius
1334 1516 1479 1544 Trinitatis
1500 1516 1725 1546 subsistentiam,
1743 1515 1769 1542 id
1791 1519 1845 1548 est,

1053 1564 1144 1592 Patris
1157 1568 1183 1591 et
1199 1563 1260 1590 Filii
1272 1569 1297 1590 et
1312 1563 1432 1598 Spiritus
1445 1562 1544 1594 sancti,
1560 1562 1705 1589 manifeste
1717 1570 1779 1589 cum
1795 1561 1847 1589 Sa-

1054 1611 1134 1638 bellio
1152 1611 1263 1638 credere
1282 1609 1505 1644 deprehenditur.

1019 1679 1069 1708 XI.

251 1761 293 1780 ea:
308 1753 375 1780 libro
389 1761 415 1779 tv
432 1753 574 1787 Ephra'mii
587 1754 701 1787 episcopi
716 1753 901 1788 Tlteopolitani
915 1752 947 1779 ad
963 1753 1112 1779 orientales
1127 1752 1287 1783 monachos,
1308 1751 1378 1785 apud
1394 1749 1519 1778 Pltotium
1539 1750 1608 1777 Bibl.
1627 1751 1686 1778 cod.
1700 1759 1809 1783 ccxxrx,

956 1796 1017 1822 P09-

251 1858 282 1884 Et
301 1865 367 1885 sane
392 1857 506 1884 Proclus
537 1856 869 1891 Constantinopolitanus,
893 1861 920 1884 et
945 1855 999 1891 Cy-

215 1904 305 1930 riacus
320 1903 401 1937 Paphi
416 1895 562 1937 episcopus
572 1923 579 1933 ,
598 1911 669 1928 unus
684 1911 699 1929 e
719 1903 848 1929 trecentis
867 1902 960 1928 decent
974 1906 1001 1929 et

215 1953 277 1975 orto
295 1947 438 1980 Pati-ibus,
462 1948 517 1974 haec
538 1948 631 1974 eatleut
652 1947 761 1974 habent.
782 1947 828 1974 llle
850 1947 958 1981 quidem
973 1947 1000 1973 in

215 1994 406 2021 Pulcherianis
428 1998 488 2028 post
509 1993 650 2026 Natalem;
672 1998 698 2019 et
722 1993 766 2019 hic
789 1994 816 2019 in
844 1993 1002 2027 Epiphania:

215 2041 338 2067 oratione
358 2049 364 2066 :
386 2040 432 2074 qui
450 2039 532 2066 etiam
556 2039 583 2065 itt
603 2039 728 2066 oratione
751 2038 788 2066 De
815 2038 1003 2065 Incarnatione

216 2086 309 2113 cadent
331 2086 420 2113 habet.

1034 1788 1096 1814 827.

1091 1855 1146 1881 Καὶ
1160 1855 1212 1890 μὴν
1229 1854 1275 1880 καὶ
1292 1853 1412 1889 Πρόκλος
1430 1855 1444 1881 6
1460 1854 1781 1886 Κωνσταντινουπὸλεως,
1801 1855 1847 1881 καὶ

1055 1901 1194 1936 Κυριακὸς
1210 1902 1224 1926 ὁ
1245 1901 1294 1936 τῆς
1311 1901 1404 1934 Πάφου
1425 1900 1583 1932 ἐπίσκοπος,
1602 1897 1642 1932 εἷς
1659 1900 1696 1927 ὢν
1718 1901 1772 1927 τῶν
1792 1904 1848 1936 ur;

1055 1947 1140 1981 ἁγίων
1153 1946 1299 1981 Πατέρων,
1314 1946 1348 1972 τὰ
1362 1946 1431 1972 αὑτά
1448 1954 1530 1981 φησιν
1540 1967 1546 1973 .
1570 1946 1599 1973 'O
1614 1947 1662 1982 μὲν
1678 1948 1707 1973 ἐν
1725 1947 1849 1982 Πουλχε-

1056 1995 1161 2029 ριαναῖς
1177 1993 1246 2028 μετὰ
1263 1992 1292 2019 τὸ
1314 1992 1453 2018 Γενέθλιον
1464 2001 1471 2007 ·
1490 1994 1504 2018 6
1524 1992 1553 2018 δὲ
1568 1993 1596 2018 ἐν
1611 1993 1649 2028 τῷ
1667 1993 1716 2024 Εἰς
1726 1992 1763 2018 τὰ
1776 1993 1847 2018 Θεο-

1057 2038 1244 2074 φιὶνιαλόγῳ-
1264 2040 1278 2065 6
1292 2039 1372 2070 αὐτὸς
1388 2039 1416 2065 δὲ
1436 2039 1481 2065 καὶ
1501 2039 1530 2065 ἐν
1549 2038 1588 2074 τῷ
1608 2039 1678 2073 Περὶ
1698 2039 1850 2072 ἐνανθρω-

1057 2086 1178 2120 πήσεως
1195 2085 1267 2120 λόγῳ
1283 2085 1316 2111 τὰ
1332 2085 1401 2111 αὐτὰ
1417 2085 1500 2119 λέγει.

402 2156 443 2184 Ea:
457 2156 578 2183 oratione
593 2164 624 2182 ιιι
636 2156 753 2190 ejusdem
768 2155 802 2182 ad
817 2154 952 2182 Domuum
969 2159 995 2182 ct
1007 2155 1138 2183 Joannem
1153 2157 1314 2188 monachos,
1332 2155 1396 2182 ibid.
1410 2163 1486 2191 pagg.
1504 2155 1567 2188 806,
1583 2156 1644 2183 807.

253 2227 291 2254 Ad
305 2227 362 2254 hmo
375 2226 638 2262 Hierosolymitanus
650 2226 779 2260 Cyrillus,
795 2227 876 2253 lcouii
893 2226 999 2261 Amphiv

217 2273 333 2303 lochins.
352 2272 465 2300 Proclus
493 2273 768 2307 Constantinopoleos
791 2274 931 2308 episcopi;
956 2274 1002 2308 qui

1099 2227 1160 2253 Ἐπὶ
1177 2228 1283 2259 τούτοις
1304 2228 1350 2254 καὶ
1372 2228 1386 2254 ὁ
1405 2228 1458 2254 τῶν
1487 2227 1679 2262 Ἰεροσολύμων
1701 2228 1852 2262 Κύριλλος,

1057 2274 1104 2300 καὶ
1126 2275 1298 2310 Ἀμφιλόχιος
1312 2277 1326 2301 6
1341 2275 1387 2301 τοῦ
1408 2275 1517 2301 Ἰκονίου
1529 2295 1536 2306 ,
1550 2275 1597 2301 καὶ
1608 2275 1728 2310 Πρόκλος
1743 2276 1757 2301 6
1772 2275 1850 2301 Κων-

216 2318 244 2345 ίιι
258 2317 471 2352 Quadragesima
487 2318 526 2344 sic
539 2318 618 2345 habet
631 2328 637 2346 :
653 2318 749 2345 Divina
764 2324 862 2345 natura
875 2320 1000 2351 int-ream,

1059 2321 1319 2352 σταντινουπόλεως·
1336 2321 1364 2353 ὃς
1373 2321 1419 2348 καί
1433 2330 1515 2356 φησιν
1530 2321 1558 2347 ὲν
1571 2322 1602 2357 τῇ
1620 2320 1852 2357 Τεσσαρακοστῇ¹

216 2369 241 2392 et
255 2369 352 2391 nosti-te
365 2365 452 2391 carnis
469 2364 587 2398 legitima
602 2365 747 2399 assumptio
759 2385 765 2396 ,
779 2370 804 2391 ct
820 2373 887 2392 unus
902 2371 940 2392 est
958 2365 1005 2392 Fi-

218 2410 269 2436 lius
290 2429 296 2437 .
317 2431 323 2437 .
343 2429 350 2436 .
372 2430 380 2437 .
401 2430 407 2437 .
429 2430 436 2437 .
455 2409 508 2437 Sed
534 2415 561 2437 et
583 2410 681 2438 Petrus
705 2416 808 2446 martyr
834 2411 1005 2438 Alexandriae

218 2456 317 2490 praesul
334 2456 432 2483 similia
448 2460 574 2484 testatur.
596 2456 709 2484 Proclus
726 2465 834 2492 quoque
849 2457 1006 2484 Constanti-

219 2501 392 2534 nopolitanus
406 2501 553 2537 episcopus
566 2503 592 2529 in
608 2510 735 2530 sermone
750 2502 789 2529 De
801 2503 937 2529 nativitate
952 2503 1007 2529 Do-

218 2555 292 2573 ηιιιιι.

1059 2364 1094 2391 Ἠ
1119 2366 1184 2392 θεία
1205 2367 1299 2400 φύσις
1315 2366 1467 2400 ἄκτιστος,
1483 2368 1501 2400 ἠ
1521 2367 1555 2399 ἑξ
1577 2367 1650 2402 ἐμοῦ
1674 2368 1852 2401 πρόσληψις

1054 2411 1225 2444 ἀνόθευτος·
1244 2414 1291 2439 καὶ
1308 2414 1394 2440 ἐστιν
1411 2412 1455 2447 εἷς
1475 2415 1550 2447 Υἱός.
1567 2435 1574 2442 ,
1592 2434 1598 2440 .
1628 2414 1707 2440 Ἀλλὰ
1727 2415 1774 2441 καὶ
1798 2415 1852 2441 Πέ-

1055 2466 1118 2493 τρος
1132 2459 1145 2484 6
1162 2458 1364 2495 Ἀλεξανδρείας
1376 2459 1423 2486 καὶ
1437 2460 1551 2495 μάρτυς,
1565 2459 1599 2486 τὰ
1610 2460 1690 2495 ὃμοια
1703 2461 1854 2496 μαρτυρεῖ,

1056 2505 1102 2530 καὶ
1115 2505 1236 2540 Πρόκλος
1248 2507 1261 2532 6
1275 2505 1594 2537 Κωνσταντινουπόλεως,
1612 2506 1640 2532 ἐν
1655 2514 1684 2532 τε
1698 2505 1737 2541 τῷ
1751 2508 1802 2539 Εἰς
1818 2506 1855 2532 τὸ

1057 2551 1221 2578 Γενέθλιον
1237 2551 1318 2586 λόγῳ.

558 2619 600 2646 Ex
616 2619 684 2646 libro
699 2627 707 2646 ι
724 2620 841 2654 ejusdem
861 2620 1006 2655 Ephrtemii
1021 2621 1056 2649 De
1070 2621 1162 2649 verbis
1179 2621 1284 2657 Cyrilli,
1299 2620 1366 2648 ibid.
1381 2630 1441 2656 pag.
1461 2621 1512 2648 794

254 2675 368 2712 Magnus
389 2684 498 2712 quoque
513 2677 631 2705 Basilius
650 2678 814 2713 Cappadox,
835 2679 915 2714 cujus
935 2679 1006 2707 fama

219 2723 378 2749 universum
395 2728 558 2758 pervagatur
572 2725 677 2756 urbem,
694 2724 809 2758 formum
826 2729 852 2752 et
865 2726 1009 2752 essentiam

221 2768 292 2795 idem
311 2776 371 2796 esse
386 2769 474 2795 docet.
499 2769 614 2797 Proetus
629 2778 738 2805 quoque
754 2770 1008 2806 Constantinopoli-

222 2818 303 2840 tauus
322 2814 468 2849 episcopus
484 2814 610 2842 similiter
635 2824 640 2841 :
665 2816 746 2842 ntodo
766 2816 901 2850 siquidem
921 2825 1009 2845 esseu-

222 2859 287 2887 tiam
301 2861 445 2896 appellavit
461 2862 585 2897 formam,
604 2862 684 2891 modo
703 2870 767 2890 vero
786 2867 919 2890 naturam.

1099 2679 1127 2706 '0
1143 2679 1294 2714 θαυμάσιος
1307 2679 1334 2705 δὲ
1351 2679 1490 2711 Βασίλειος
1503 2681 1517 2706 6
1530 2681 1561 2706 ὲκ
1573 2681 1780 2712 Καππαδοκίας,
1798 2682 1859 2708 πᾶ-

1059 2735 1107 2753 σαν
1123 2726 1244 2761 φωτίσας
1258 2726 1306 2761 τὴν
1322 2726 1494 2761 οἰκουμένην,
1509 2726 1566 2759 τὴν
1580 2726 1701 2761 μορφὴν
1730 2729 1778 2754 καὶ
1793 2727 1860 2761 τὴν

1058 2773 1167 2800 οὐσίαν
1181 2772 1277 2804 ταυτὸν
1293 2772 1460 2806 δογματίζει.
1479 2772 1533 2798 Καὶ
1549 2772 1669 2807 Πρόκλος
1689 2772 1717 2798 δὲ
1737 2773 1751 2798 ό
1773 2774 1860 2800 Κων-

1060 2817 1305 2848 σταντινουπόλεως
1328 2817 1493 2850 ἐπίσκοπος,
1514 2817 1659 2848 ductim):
1683 2817 1697 2843 6
1724 2818 1775 2852 μὲν
1798 2818 1862 2854 γὰρ

1059 2865 1108 2900 τὴν
1120 2863 1241 2900 μορφὴν
1252 2864 1361 2891 οὐσίαν
1375 2864 1515 2900 ὠνόμασεν
1525 2871 1532 2877 ·
1547 2864 1560 2890 6
1575 2863 1602 2890 δὲ
1619 2863 1726 2897 φύσιν.
