1967 3075
92 184 142 214 669

685 187 894 216 TESTIMONIA
914 187 1090 215 VETERUM.

1658 190 1710 217 (ρο

873 256 939 286 XII.

335 304 375 332 Ea:
389 305 545 334 Constituto
565 306 655 342 Vigilii
670 316 745 342 papre
764 309 835 342 apud
848 309 996 336 Baram’um
1013 309 1047 342 ad
1064 316 1162 335 annum
1176 307 1236 341 555,
1253 307 1267 343 §
1281 308 1331 334 174
1348 313 1371 335 et
1386 316 1440 343 seq.

125 364 237 393 Beatum
252 365 378 394 Proclum
395 365 476 399 hujus
493 365 573 400 regiae
589 365 708 391 civitatis
725 366 873 392 antistitem
891 377 910 404 Α
924 365 1128 393 eruditissimus
1145 365 1328 396 sacerdotum,
1344 369 1370 391 et
1381 372 1432 391 non
1447 364 1527 399 longe
1541 372 1556 391 a
1571 364 1709 392 Theodori

91 409 128 437 ita
143 413 283 439 memorati
303 412 415 439 Joannis
433 411 594 438 Antiocheni
610 411 730 446 episcopi
747 411 873 438 similiter

91 460 198 483 constat
215 457 387 492 respondisse
404 457 557 491 rescriptis,
572 462 624 484 etc.
642 456 794 492 Perpendat
808 465 873 492 ergo

91 502 199 537 pietatis
220 507 317 531 vestrae
341 503 474 538 sapientia
498 502 646 537 singularis
671 503 736 538 quia
758 502 871 530 Proclus

926 411 1109 446 Mopsuestcni
1148 412 1201 437 vita
1233 416 1374 445 repertus,
1406 411 1477 437 mala
1503 419 1563 446 quae
1594 411 1710 439 libenter

925 458 1117 490 damnaverat,
1134 458 1215 489 cuius
1234 463 1326 485 essent
1338 477 1345 489 ,
1361 465 1390 485 se
1403 457 1458 492 jam
1483 462 1548 484 tunc
1568 457 1710 492 professus

925 508 967 531 est
983 505 1118 539 ignorare.

868 563 947 594 XIII.

220 611 263 639 Ex
278 620 357 640 conc.
370 613 672 649 Constantinopolitano
688 622 718 646 ll,
733 623 825 650 gener.
841 616 872 647 V,
891 616 981 642 collat.
1000 623 1041 647 ιιι,
1053 615 1115 643 edit.
1139 615 1201 642 Ven.
1218 615 1300 642 Labb.
1315 620 1378 643 tom.
1396 615 1440 648 Vl,
1457 623 1516 650 pag.
1529 616 1574 643 Η.

124 668 271 704 Sequimur
287 679 334 706 per
347 672 436 698 omnia
450 677 476 699 et
490 677 600 699 sanctos
622 673 716 700 Patres
733 677 759 699 et
778 674 873 700 docto—

87 721 132 741 res
150 714 286 747 Ecclesiae,
296 715 483 750 Athanasium,
504 717 645 750 llilarium,
661 722 725 750 ete.,
741 718 870 750 Leonem,

927 673 1069 704 Proclum;
1085 678 1111 700 ct
1130 673 1296 708 suscipimus
1313 674 1404 701 omnia
1426 681 1485 708 quae
1502 673 1535 700 de
1556 678 1628 700 recta
1646 673 1708 705 ﬁde.

927 722 953 745 et
973 718 1197 745 condemnatione
1215 718 1405 745 hmreticorum
1422 722 1608 753 exposuerunt
1622 717 1673 753 (α).

520 774 563 801 ΕΞ
573 775 661 802 eodem
678 776 794 803 concilio
810 776 874 808 Cl’.,
894 776 984 802 collut.
998 784 1033 806 vr,
1054 775 1117 802 ibid.
1137 783 1196 809 pug.
1213 775 1271 802 156.

123 831 221 860 Sancta
236 833 356 869 synodus
373 835 440 862 dixit
457 845 462 862 :
476 836 608 862 Omnibus
621 836 795 863 manifestum
811 844 870 864 esse

85 882 215 912 putamus
234 886 267 905 ex
288 879 403 913 epistola
424 887 438 906 a
461 880 557 907 Proeto
576 881 711 914 religiosa?
734 883 872 909 memoriae

85 922 200 957 scripta,
218 923 291 956 quod
312 932 367 950 non
384 925 468 952 libera
485 930 525 952 est
550 926 584 952 ab
602 927 777 954 accusatione
800 927 872 961 apud

84 974 148 994 eum
172 969 310 1003 proposita
332 969 367 996 ad
392 969 490 997 Mai-im
519 970 626 998 Persam
649 972 778 1004 epistola;
805 980 869 999 nam

923 835 1079 863 Nestorium
1098 835 1227 866 vindicat,
1244 840 1268 861 et
1287 834 1362 868 impii
1380 833 1515 861 Theodori
1536 834 1638 868 scripta
1661 840 1710 867 per

923 881 1014 909 omnia
1036 881 1213 915 comprobat,
1235 888 1294 915 qua:
1320 886 1421 906 sancta:
1438 879 1575 906 memoriae
1596 878 1709 905 Proclus

924 927 1053 962 prmcepit
1072 934 1132 953 emn
1152 926 1394 952 analllemntizare.

332 1024 375 1052 Ex
387 1026 476 1052 eodem
491 1027 610 1053 concilio
624 1026 689 1059 CP.,
702 1027 792 1054 collat.
808 1036 835 1060 v,
849 1027 945 1062 Cyrilli
956 1028 1032 1062 epist.
1051 1027 1084 1054 ad
1102 1027 1243 1057 Acacium,
1259 1026 1322 1052 ibid.
1339 1006 1400 1060 pagi.
1420 1025 1453 1052 79

121 1079 180 1106 Non
197 1080 340 1114 oportebat
355 1081 438 1109 latere
453 1083 624 1110 sanctitatem
641 1088 713 1110 tuam
728 1094 734 1111 :
751 1089 798 1111 aut
816 1085 871 1111 for-
887 1089 907 1116 Β
923 1086 1003 1120 longa
1024 1085 1058 1112 de
1077 1085 1279 1119 dispensatione
1296 1083 1401 1110 Domini
1418 1083 1503 1110 nostri
1517 1082 1582 1110 Jesu
1597 1082 1709 1110 Christi.

91 1126 165 1152 sitan
181 1131 207 1153 et
223 1128 358 1162 cognovit.
373 1128 444 1163 quod
459 1136 553 1156 omnes
565 1128 716 1157 Orientales
730 1131 875 1166 religiosis-

85 1171 149 1198 simi
162 1172 279 1207 episcopi
297 1173 322 1200 in
337 1173 478 1201 Antiochia
493 1180 688 1206 convenerunt,
706 1184 767 1202 cum
785 1181 875 1204 trans-

84 1216 208 1244 misisset
232 1218 272 1246 eis
294 1223 396 1246 tomum
421 1220 550 1248 dominus
578 1229 654 1249 meus
680 1222 874 1250 sanctissimus

84 1263 233 1298 episcopus
250 1264 372 1297 Proclus,
393 1266 527 1293 bonorum
548 1267 658 1302 plenum
681 1268 871 1296 intellectuum

83 1314 114 1337 et
132 1316 269 1339 rectorum
289 1312 466 1348 dogmatum;
489 1319 547 1340 erat
571 1315 642 1341 enim
658 1317 726 1342 ratio
742 1317 827 1342 multa
848 1320 876 1344 et

924 1131 1073 1167 Supposuit
1089 1132 1169 1159 etiam
1187 1131 1305 1165 capitula
1319 1130 1442 1165 quaedam
1460 1129 1573 1156 collecta
1589 1137 1603 1154 ιι
1618 1128 1709 1155 Theo-

923 1178 985 1205 dori
1002 1178 1155 1208 codicibus.
1170 1184 1230 1211 quae
1249 1180 1445 1203 consonantem
1457 1174 1574 1202 Nestorii
1591 1173 1709 1208 pet-lidiis

923 1223 1091 1250 intellectum
1117 1223 1227 1254 habent,
1248 1228 1275 1249 et
1302 1221 1463 1248 adhortatus
1489 1224 1531 1247 cst
1558 1220 1639 1247 etiam
1664 1219 1708 1246 illa

925 1269 1166 1296 auathematizare.

858 1375 934 1404 XIV.

232 1431 398 1458 Asasnsws
414 1432 525 1460 Sum“
538 1433 584 1461 lib.
611 1434 733 1470 ’οδηγοῦ,
751 1443 808 1469 cap.
821 1436 848 1468 5,
862 1444 887 1462 ea

931 1435 973 1462 Iit.
988 1434 1055 1469 Opp.
1069 1433 1185 1461 Ct’etseri
1197 1433 1276 1465 1740,
1290 1437 1353 1459 ιοιη.
1366 1431 1437 1465 XIV,
1448 1439 1507 1466 pag.
1524 1431 1567 1458 59.

121 1484 216 1520 Πολλῷ
228 1485 308 1513 πλέον
320 1486 347 1512 δὲ
360 1487 478 1520 πάντων,
492 1490 539 1515 καὶ
554 1490 607 1526 πρὸ
618 1490 727 1517 πάντων
742 1491 794 1526 χρὴ
809 1492 874 1518 ἀνοι-

81 1530 244 1566 θεματιζειν
258 1532 304 1558 τὸν
318 1533 497 1568 κηρύττοντα,
513 1535 529 1571 ἢ
549 1535 644 1571 ἔχοντα
660 1537 722 1564 νέαν
741 1538 842 1568 πίστιν,
858 1538 874 1573 ἢ

79 1577 146 1604 νέον
160 1577 257 1612 δόγμα,
277 1579 502 1615 παρηλλαγμένον
516 1582 566 1617 τῆς
580 1583 698 1615 πίστεως
714 1583 767 1610 τῶν
782 1585 811 1610 ἐν
826 1584 876 1610 Νι-

79 1624 153 1659 mia}
169 1627 222 1659 τιη’
246 1625 384 1661 Πατὲρων.
415 1626 550 1659 Ὡσαύτως
573 1629 620 1654 καὶ
645 1629 689 1655 τὸν
711 1630 838 1664 εὑρόντα.
859 1630 876 1665 ἤ

77 1667 280 1703 παραλαϐόντα
295 1670 326 1696 ἐκ
341 1670 390 1705 τῆς
406 1671 513 1697 συνόδου
529 1672 699 1708 Χαλκηδόνος
711 1673 773 1700 νέαν
788 1673 878 1700 πίστιν

77 1715 224 1750 παρεκτὸς
235 1716 280 1742 τοῦ
297 1719 468 1752 φρονήματος
479 1718 533 1744 τῶν
545 1719 630 1752 ἁγίων
641 1720 712 1746 Ποιτέ
718 1728 770 1754 ρων
783 1721 875 1746 Διονυ-

77 1760 158 1791 σίου,
179 1761 335 1797 Εἱρηναίου,
359 1762 528 1795 ἈΘαναο-ἰου,
549 1764 699 1796 Βασιλείαν,
716 1765 875 1801 Γρηγορίου,

83 1805 231 1839 Ἰωάννου,
252 1808 387 1843 Πρόκλου·
406 1810 453 1836 καὶ
464 1810 517 1836 τῶν
531 1810 632 1836 λοιπῶν
649 1811 733 1845 ἁγίων
748 1812 877 1847 Πατὲρων

74 1850 143 1877 τῶν
158 1852 315 1887 ὁμοφρόνων
333 1853 433 1880 αὐτῶν.
454 1854 522 1885 Τοὺς
541 1854 595 1889 γὰρ
613 1854 649 1889 μὴ
667 1855 877 1886 ἀκολουθοῦντας

73 1896 194 1928 τούτοις
210 1899 264 1929 τοῖς
279 1899 367 1932 ἁγίοις
385 1899 555 1931 διδασκάλοις
566 1920 572 1931 ,
593 1902 775 1936 κατακρίτους
796 1901 879 1936 ἡγού-

76 1942 161 1978 μεθα
179 1943 226 1969 καὶ
239 1943 395 1980 ἀλλοτρίους
409 1943 456 1970 τοῦ
469 1945 596 1980 Χριστοῦ.

960 1490 1018 1518 ΡΙΊΕ
1037 1489 1163 1517 omnibus
1186 1497 1250 1517 vero
1275 1492 1301 1517 et
1318 1493 1381 1516 aute
1403 1488 1495 1515 omnia
1522 1485 1711 1514 exsecrandus

924 1542 985 1570 est,
1003 1537 1050 1572 qui
1069 1543 1166 1563 novam
1185 1535 1263 1563 ﬁdem
1280 1539 1326 1562 aut
1346 1534 1507 1562 sententiam
1523 1531 1654 1567 praedicat
1670 1532 1710 1558 vel

926 1586 999 1610 tenet
1019 1582 1156 1610 diversam
1178 1590 1195 1608 a
1219 1581 1349 1608 trecentis
1368 1579 1461 1607 decem
1481 1582 1509 1606 et
1531 1581 1593 1605 oeto
1616 1576 1712 1604 Nicaea:

927 1629 1065 1656 l’atribus.
1087 1628 1217 1655 Similiter
1236 1631 1263 1654 et
1281 1626 1328 1662 qui
1350 1625 1483 1652 invenerit
1498 1628 1545 1651 aut
1560 1623 1712 1657 susceperit

927 1684 959 1703 ex
979 1675 1096 1702 concilio
1107 1673 1321 1701 Chalcedonensi
1332 1679 1430 1699 novam
1442 1675 1540 1705 praeter
1553 1673 1710 1696 sanctorqu

927 1720 1037 1747 Patrum
1053 1724 1183 1750 mentem,
1198 1717 1330 1752 Dionysii,
1347 1717 1451 1748 lrcnzpi,
1465 1714 1618 1746 Athanasii,
1635 1713 1710 1741 Basi—

929 1766 966 1798 lii,
979 1765 1113 1800 Gregorii,
1131 1764 1255 1795 Joannis,
1265 1763 1353 1790 Procli
1372 1762 1595 1797 reliquorumquc
1606 1763 1712 1786 sancto-

926 1819 986 1838 rum
999 1811 1109 1837 Patrum
1123 1818 1184 1838 cum
1200 1810 1243 1836 his
1255 1808 1443 1836 concordium.
1460 1806 1528 1834 Nam
1542 1807 1588 1842 qui
1599 1809 1710 1833 sanctos

928 1859 978 1885 hos
995 1858 1122 1884 doctores
1143 1865 1196 1883 non
1217 1861 1378 1891 sequuntur,
1397 1855 1540 1882 damnatos
1555 1853 1681 1880 ducimus
1697 1857 1712 1876 a

927 1904 1092 1938 Christoque
1108 1903 1223 1930 alienos.

697 2002 763 2030 IDEM
780 2003 845 2030 ibid.
863 2011 922 2038 cap.
938 2003 965 2034 6,
986 2012 1046 2039 pag.
1060 2003 1105 2030 46.

121 2057 214 2087 Ὅσας
232 2056 259 2082 δὲ
276 2056 356 2083 πάλιν
376 2057 486 2092 χρήσεις
505 2057 636 2091 λεγούσας
651 2058 700 2090 τὰς
718 2059 763 2085 δύο
781 2060 877 2094 φύσεις

69 2100 152 2138 εὗρε
167 2101 317 2136 Γρηγορίου
333 2110 362 2128 τε
378 2103 424 2128 καὶ
446 2103 569 2129 Ἰωάννου
579 2123 586 2135 ,
602 2104 647 2130 καὶ
661 2105 808 2140 Κυριλλου,
831 2106 877 2131 καὶ

78 2147 266 2177 Ἀθανασίου,
281 2148 327 2173 καὶ
338 2147 470 2183 Πρόκλου,
485 2148 531 2174 καὶ
543 2149 595 2175 τῶν
608 2149 708 2176 λοιπῶν
721 2151 877 2185 περιφανῶν

66 2194 268 2225 διδασκάλων,
286 2190 323 2219 ὧν
339 2194 367 2219 αἱ
387 2193 472 2228 βίϐλοι
487 2195 534 2221 καὶ
550 2195 577 2221 αἱ
592 2196 704 2231 χρήσεις
723 2197 877 2232 ἀπαραίτη-

64 2240 120 2268 τοί
142 2239 268 2271 εὶσι,διὰ
283 2239 313 2265 τὸ
341 2240 410 2266 κατὰ
433 2240 522 2266 πᾶσαν
541 2241 591 2276 τὴν
614 2242 774 2276 οἰκουμένην
794 2243 877 2274 αὐτὰς

63 2285 264 2322 προκεῖσθαι.

965 2059 1083 2086 Rursum
1101 2066 1162 2093 qua:
1176 2057 1332 2085 testimonia
1351 2055 1463 2083 oll‘endit
1478 2055 1546 2082 duas
1563 2054 1714 2082 asset-entia

930 2109 1042 2132 naturas
1060 2105 1086 2131 iu
1107 2104 1253 2138 Gregorio,
1276 2102 1398 2133 Joanne,
1416 2102 1531 2136 Cyrillo,
1555 2101 1713 2132 Athanasio,

931 2150 1088 2181 Ambrosio,
1103 2149 1199 2176 Proclo
1214 2149 1373 2182 caeterisque
1386 2147 1524 2182 praeclaris
1544 2146 1713 2178 doctoribus.

932 2204 1047 2230 querum
1075 2195 1152 2222 libris
1178 2198 1205 2221 et
1235 2193 1378 2220 sententiis
1405 2191 1536 2226 refragari
1572 2192 1712 2225 nequiret,

934 2245 1076 2276 postquam
1095 2244 1151 2267 toto
1172 2244 1306 2266 terrarum
1321 2239 1379 2265 orbi
1394 2241 1502 2265 constat
1514 2237 1587 2264 duas
1598 2237 1673 2271 ipsos
1687 2235 1715 2262 in

933 2286 1042 2314 Christo
1057 2290 1170 2313 naturas
1185 2285 1330 2312 aIIirmare.

670 2346 736 2373 low
756 2346 819 2373 ibid.
834 2353 891 2380 cap.
908 2346 934 2377 7,
955 2352 1031 2379 pagg.
1048 2343 1092 2376 5‘2,
1106 2343 1149 2370 53.

107 2399 194 2428 Εἶτα
210 2400 279 2435 μετὰ
297 2401 341 2427 τὸν
361 2401 528 2437 Ἀρτέμωνα,
545 2402 648 2434 Παῦλος
660 2403 674 2429 ὁ
693 2403 877 2438 Σαμοςατεὺς,

966 2400 1031 2427 Post
1045 2400 1218 2425 Artemouetn
1234 2398 1321 2425 exorti
1338 2403 1402 2425 sunt
1419 2397 1519 2425 Paulus
1537 2397 1715 2423 Samosaten-

62 2449 122 2476 καὶ
140 2446 282 2481 Διόδωρος
301 2447 328 2473 δὲ
348 2425 546 2483 καὶΓΘεξδωρος
559 2449 573 2474 ὁ
598 2425 753 2484 Ἀντιοχείιὲ
765 2449 879 2483 γεγόνα-

932 2447 980 2478 sis,
1001 2445 1134 2472 Diodorus
1155 2450 1182 2471 et
1198 2443 1359 2471 Theodorus
1373 2444 1569 2474 Antiochcnus,
1589 2450 1603 2468 a
1616 2442 1715 2476 quibus

58 2504 131 2527 σιν,
147 2493 186 2525 ἐξ
199 2489 237 2518 ὧν
250 2492 284 2519 τὰ
297 2493 381 2528 μυρία
393 2493 514 2528 δόγματα
528 2494 577 2528 τῆς
591 2494 750 2529 διαιρέσεως
764 2495 878 2529 ἧντλησε

931 2493 1073 2519 innumera
1094 2491 1127 2518 de
1147 2491 1281 2518 divisione
1303 2490 1427 2524 dogmata
1448 2489 1590 2516 Nestorius
1614 2489 1715 2520 hausit,

55 2538 249 2573 Νεστόριος,
268 2539 338 2564 κοιοὰ
355 2540 487 2574 μαρτυρεῖ
502 2539 546 2565 καὶ
562 2540 575 2565 ὁ
591 2539 668 2573 ἂγιος
685 2539 817 2574 Πρόκλος,
832 2537 879 2565 καὶ

933 2543 961 2565 ιιι
972 2543 1106 2565 testantur
1118 2541 1230 2565 sanctus
1247 2536 1361 2564 Proclus
1374 2539 1401 2563 et
1416 2536 1510 2563 beatus
1528 2534 1654 2570 Cyrillus.

54 2589 75 2615 ὁ
97 2584 259 2622 μακάριος
272 2583 415 2618 Κύριλλος.

103 2629 263 2664 ῘνΙεγάλως
276 2630 290 2655 ὁ
306 2629 437 2664 Κύριλλος
452 2630 557 2656 ἐπαινεί
569 2630 688 2666 Πρόκλον
703 2630 747 2656 τὸν
763 2630 879 2666 σύγχρο-

54 2688 116 2707 νον
141 2674 250 2703 αὑτοῦ.
272 2675 353 2708 Λέγει
364 2675 418 2710 γὰρ
436 2676 464 2701 ὲν
480 2676 513 2710 τῇ
531 2676 663 2710 ἑρμηνείᾳ
677 2675 723 2702 τοῦ
742 2676 879 2711 Συμϐόλου

53 2725 191 2754 οὕτως·
219 2719 317 2746 Ταῦτα
339 2720 444 2754 φρονεῖ
463 2721 527 2755 μεθ’
547 2721 631 2755 ἡμῶν
654 2723 670 2747 ὁ
689 2722 881 2756 φιλόχριστος

53 2771 133 2800 τῶν
157 2766 263 2800 ἁγίων
275 2765 412 2799 Πατέρων
427 2767 531 2800 χῳόςο
551 2766 600 2792 καὶ
616 2765 707 2799 αὐτὸς
723 2766 756 2792 δὲ
776 2768 793 2793 ὁ
813 2767 882 2793 νυνὶ

51 2818 125 2847 τὸν
153 2812 224 2846 τῆς
237 2812 325 2846 ἁγίας
345 2812 706 2839 Κωνσταντινουπολιτῶγ
724 2812 882 2847 κοσμήσας

971 2630 1074 2665 Magnis
1087 2630 1213 2657 laudibus
1227 2629 1301 2656 etTert
1315 2628 1433 2664 Cyrillus
1447 2627 1573 2654 Proclum
1588 2626 1639 2653 sibi
1652 2633 1718 2652 con-

934 2681 1150 2711 temporaneum.
1174 2675 1241 2701 Nam
1269 2675 1296 2701 in
1324 2674 1504 2708 explicatione
1532 2671 1654 2707 Syiuboli
1682 2671 1717 2698 ita

932 2722 1027 2749 scribit
1043 2731 1049 2748 :
1065 2721 1130 2748 Ηιεο
1145 2720 1279 2747 nobiscum
1299 2720 1377 2746 sentit
1398 2718 1496 2745 Clu-isi:
1518 2717 1718 2743 amantissimul

932 2773 1084 2794 sanctorum
1099 2766 1211 2792 Patrum
1225 2766 1336 2797 chorus;
1347 2771 1371 2791 et
1385 2765 1429 2790 ille
1445 2765 1499 2798 ipse
1514 2764 1558 2798 qui
1575 2770 1642 2789 nunc
1658 2770 1720 2788 san—

932 2818 981 2839 ctw
1011 2811 1314 2845 Constantinopolitanw
1341 2810 1465 2837 Ecclesim
1492 2809 1614 2836 thronum
1639 2812 1719 2840 tenet,

98 2895 150 2931 (α)
170 2892 243 2920 llxcc
258 2891 353 2919 eadem
364 2891 446 2919 etiam
461 2892 594 2920 habentur
610 2891 637 2918 in
655 2892 752 2919 coucil.
768 2891 928 2919 Lateranen.
943 2892 994 2920 sub
1009 2891 1125 2919 Martino
1140 2891 1160 2925 ι,
1181 2899 1257 2919 cons.
1271 2890 1298 2919 ει
