1967 3075
98 159 140 187 i753

690 158 902 187 TESTIMONIA
921 159 1102 187 VETERUM.

1660 162 1715 190 874

87 219 191 246 ωιόπου
215 218 244 244 ὲν
263 217 324 249 ταῖς
342 216 450 252 δεήσεσι
475 215 670 248 λιτανεύοντες.
696 217 740 243 Ἑν
760 218 809 252 μιᾷ
830 215 877 244 οὖν

937 225 1012 253 ιεορο
1035 218 1280 253 supplicationibus
1302 225 1334 244 ac
1356 218 1580 253 processionibus
1603 220 1713 249 intenti.

86 263 293 300 κυμαινομένης
306 264 356 299 τῆς
369 263 430 298 γῆς,
444 263 492 289 καλ⁹
505 263 605 294 παντὸς
619 262 666 288 τοῦ
680 262 745 289 λαοῦ
761 263 877 298 κράζον-

86 319 132 342 τος
143 310 184 342 τὸ,
192 311 289 343 Κύριε,
299 309 439 343 ἐλέησον,
453 308 581 340 ἐκτενῶς,
591 308 655 343 περὶ
664 308 738 344 ὥραν
750 312 773 342 γ’
789 309 876 343 ἄφνω,

89 357 198 383 πάντων
215 355 351 391 ὁρώντων,
371 355 470 389 συνέϐη
486 355 537 381 ὑπὸ
552 355 627 386 Θείας
640 354 780 390 δυνάμεως
793 354 878 389 ἀρθῆ-

87 402 133 429 vui
148 411 210 428 τινα
228 401 367 428 νεανίσκον
386 401 426 433 εἰς
442 401 488 428 τὸν
502 401 580 437 ἀέρα,
603 401 650 427 καὶ
667 401 782 428 ἀκοῦσαι
804 402 878 434 θείας

89 448 183 482 φωνῆς
198 447 406 483 παρεγγυούσης
418 447 510 478 αὑτὸν,
521 447 680 481 ἀναγγεῖλαι
688 447 727 483 τῷ
737 448 879 484 ὲπισκόπῳ

90 495 137 521 καὶ
155 494 194 529 τῷ
214 493 271 528 λαῷ
292 493 443 520 λιτανεύειν
465 492 538 519 οὕτω
557 493 603 520 καὶ
621 493 711 527 λέγειν
723 501 730 509 ⁵
749 494 844 528 Ἄγιος
862 495 878 521 ὁ

91 541 174 572 Θεὸς,
190 540 274 574 ἅγιος
301 539 441 574 ἰσχυρὸς,
462 538 546 573 ἅγιος
571 539 728 572 ἀθάνατος,
748 539 879 573 ἐλέησον

89 586 182 621 ἡμᾶς·
203 586 286 621 μηδὲν
303 586 394 620 ἕτερον
417 584 622 620 προστιθέντας.
647 585 676 611 '0
696 584 725 610 δὲ
744 586 773 611 ὲν
790 585 878 619 ἁγίοις

90 632 210 668 Πρόκλος
224 631 324 666 ταύτην
340 631 484 665 δεξάμενος
500 630 547 666 τὴν
563 630 711 664 ἀπόφασιν,
728 631 878 666 ἐπέτρεψεν

89 677 129 713 τῷ
144 677 200 712 λαῷ
211 677 322 712 ψάλλειν
336 676 406 702 οὕτω
416 684 422 691 ·
436 677 483 702 καὶ
495 675 595 708 εὐθέως
607 676 712 711 ἀπέστη
726 677 739 702 ὁ
755 677 876 711 σεισμός.

93 722 126 750 Ἦ
146 724 174 750 δὲ
199 723 320 759 μακαρία
345 722 512 758 Πουλχερία,
535 723 581 749 καὶ
600 723 614 748 ὁ
639 723 740 758 ταύτης
767 723 879 757 ἀδελφὸς

89 769 324 806 ύπεραγασθέντες
337 769 375 804 τῷ
392 769 521 803 θαύματι,
537 768 684 795 ὲθέσπισαν
704 768 773 795 κατὰ
788 770 878 795 πᾶσαν

86 815 136 851 τὴν
154 815 330 851 οἰκουμένην,
352 815 398 841 τὸν
415 815 486 841 θεῖον
502 815 596 841 τοῦτον
611 814 761 849 ψάλλεσθαι
782 814 876 849 ὓμνον.

88 863 142 888 Καὶ
164 862 218 889 ἀπὸ
233 862 293 888 τότε
310 861 464 897 παρέλαϐον
484 861 570 887 πᾶσαι
585 861 612 886 αἱ
638 860 796 895 Ἑκκλησίαι
817 860 877 886 καθ’

87 909 206 944 ἑκάστην
224 908 330 945 ἡμέραν
347 908 421 943 ᾄδειν
434 907 515 934 αὐτὸν
528 907 566 942 τῷ
579 906 650 942 Θεῷ.

929 263 1051 296 Quadam
1071 271 1135 298 ergo
1155 263 1199 291 die
1217 263 1366 290 fluctuante
1383 268 1468 294 terra,
1491 268 1518 291 et
1543 265 1617 292 omni
1638 266 1717 300 plehe

927 309 1058 336 attentius
1078 309 1267 336 exclamante:
1285 308 1378 344 Kyrie,
1390 310 1506 341 eleison;
1528 311 1600 337 circa
1618 311 1716 338 lteram

927 353 1036 380 tertiam
1047 373 1054 385 ,
1070 355 1197 382 omnibus
1217 355 1381 388 videntibus,
1396 356 1511 390 contigit
1525 363 1540 382 a
1555 356 1647 383 divina
1659 357 1716 383 vir-

927 403 984 427 tute
998 400 1104 427 sustolli
1120 401 1264 435 quemdam
1279 400 1512 429 adolescentuluru
1527 402 1555 429 in
1568 410 1656 429 aerem
1668 422 1676 433 ,
1689 407 1716 430 et

928 446 1016 473 audiri
1031 446 1150 473 divinant
1167 454 1260 474 vocem
1274 447 1297 473 ei
1314 447 1525 481 prmcipientem,
1538 448 1669 482 episcopo
1684 455 1716 474 ac

927 493 1029 527 populo
1044 493 1180 525 nuntiare,
1197 496 1226 520 ut
1243 493 1354 520 litanias
1377 494 1417 521 sic
1439 493 1573 525 facerent,
1597 498 1624 521 et
1641 494 1716 522 dice-

927 542 1008 566 rent:
1025 537 1139 565 Sanctus
1152 538 1233 571 Deus,
1249 543 1357 566 sanctus
1374 539 1462 573 fortis,
1482 546 1590 566 sanctus
1608 540 1718 566 immor-

927 584 1002 614 talis,
1020 585 1140 611 miserere
1155 584 1245 615 nobis;
1263 584 1332 611 nihil
1351 585 1424 611 aliud
1446 589 1626 620 apponentes.
1647 585 1717 612 San-

928 634 988 656 cltts
1002 636 1091 656 autem
1107 629 1232 660 Proclus,
1250 630 1301 657 hac
1315 635 1440 665 suscepta
1457 631 1602 662 sententia,
1616 639 1717 665 praeco

929 676 967 710 pit
983 676 1082 710 populo
1095 676 1134 703 sic
1149 676 1283 711 psallere;
1300 681 1326 703 et
1344 677 1434 704 statim
1451 681 1532 704 terra!
1549 683 1638 704 tnotus
1657 684 1718 704 ces-

929 723 1008 750 savit.
1027 722 1110 749 Porro
1125 723 1203 750 beata
1222 722 1365 750 Pulcheria
1378 725 1411 751 de
1430 724 1563 751 miraculo
1583 731 1644 751 eum
1658 723 1717 757 ejus

928 768 1012 795 fratre
1040 776 1122 803 supra
1151 769 1261 796 modum
1289 769 1440 801 admirata,
1466 770 1556 797 sanxit
1578 770 1641 804 per~
1653 769 1718 796 urti-

929 821 1037 840 versum
1060 814 1153 841 orltem
1179 819 1314 842 terrarum
1337 815 1460 842 divinum
1479 816 1621 843 decantari
1644 815 1718 842 hunc

930 859 1072 894 hymnum.
1097 859 1128 886 Et
1146 863 1211 887 tunc
1231 866 1393 896 receperunt
1411 869 1507 889 omnes
1523 861 1652 889 Ecclesia:
1670 868 1718 896 per

895 904 916 931 B
931 905 1054 940 singulos
1071 905 1130 933 dies
1147 905 1219 933 hunc
1235 913 1334 934 canere
1351 906 1416 934 Deo.

864 964 932 994 XXI
937 989 943 994 .

623 1027 744 1055 Puo'rtus
761 1026 892 1055 Biblioth.
913 1027 972 1054 cod.
994 1036 1050 1059 Lm,
1065 1035 1126 1062 pag.
1144 1027 1190 1055 45.

129 1086 250 1122 Ἔγραψε
269 1085 297 1112 δὲ
313 1086 363 1121 τὴν
382 1086 441 1112 κατ’
457 1084 538 1112 αὑτοῦ
559 1085 662 1120 ψῆφον,
687 1085 756 1121 πρὸς
781 1085 878 1112 Οὐολο-

89 1135 182 1162 σιανὺν
195 1131 289 1168 (οὗτος
308 1131 342 1168 ἦν
362 1132 434 1164 θεῖος
455 1133 504 1167 τῆς
522 1132 600 1166 ἁγίας
619 1132 742 1168 Μελένης
759 1131 880 1166 Ἑλληνό-

88 1189 181 1216 φρων·
199 1181 228 1205 ὲν
248 1179 276 1205 δὲ
291 1179 330 1214 τῷ
348 1177 543 1213 ἀποθνήσκειν,
559 1177 743 1213 μεταθέμενος
760 1177 828 1212 πρὸς
849 1177 880 1203 τὸ

87 1225 237 1263 ἐρθόδοξον,
259 1225 306 1251 καὶ
326 1224 470 1258 φωτισθεὶς
495 1223 569 1259 παρὰ
592 1223 639 1249 τοῦ
663 1223 741 1257 ἁγίου
758 1223 879 1258 Πρόκλου

88 1270 415 1301 Ιέωνσταντινουπόλεως·
444 1269 526 1296 αὑτοῦ
553 1269 608 1305 γὰρ
634 1269 733 1305 εὑρέθη
759 1268 880 1304 πρέσϐυς

88 1317 266 1349 ἀποσταλείς·
280 1317 324 1343 ὅτε
344 1317 393 1343 καὶ
407 1317 440 1352 τῇ
458 1315 523 1351 ἁγία
541 1317 665 1351 ἐνέτυχεν
682 1315 710 1348 ἐξ
733 1314 880 1351 Ἰεροσολύ-

89 1374 147 1400 μων
164 1363 355 1399 καταλαϐούσῃ
368 1362 418 1399 τὴν
439 1363 563 1398 βασιλίδα
582 1362 636 1389 τῶν
652 1362 773 1394 πόλεων)
792 1362 878 1398 ἔπαρ-

88 1419 134 1445 χον
148 1410 263 1441 πόλεως.

970 1083 1087 1119 Scripsit
1099 1089 1189 1111 autem
1203 1084 1419 1119 (Constantius)
1435 1089 1530 1112 contra
1546 1085 1633 1119 ipsqu
1649 1084 1721 1120 (Coe-

932 1129 1062 1165 lcstium)
1087 1130 1226 1157 decretum
1257 1129 1290 1157 ad
1312 1129 1492 1158 Volusianum
1518 1130 1594 1157 urbis
1621 1131 1719 1165 praefe-

932 1180 1007 1203 ctum
1024 1186 1030 1203 :
1046 1176 1093 1212 qui
1109 1176 1218 1211 quidem
1230 1175 1398 1204 Volusianus
1410 1180 1468 1204 erat
1482 1180 1584 1204 sanctae
1600 1176 1721 1204 Melanizn

933 1226 1048 1256 patruus
1063 1229 1077 1249 e
1091 1222 1231 1256 gentilium
1249 1226 1334 1249 secta.
1351 1221 1385 1248 At
1401 1222 1465 1248 dum
1483 1229 1544 1248 eum
1562 1221 1720 1249 Constanti-

932 1267 1023 1302 nopoli
1038 1268 1180 1302 legationis
1195 1268 1283 1295 ollicio
1303 1267 1460 1302 fungentem
1480 1275 1554 1296 mors
1570 1268 1720 1298 invaderet.

932 1312 966 1339 ad
979 1313 1159 1340 orthodoxam
1177 1313 1256 1341 [idem
1273 1314 1399 1344 transiit,
1417 1314 1627 1349 baptizatusque
1648 1317 1689 1341 est
1706 1321 1721 1340 a

933 1364 1029 1386 sancto
1047 1359 1144 1387 I’roclo
1161 1360 1467 1395 Constantinopolitano
1493 1362 1635 1397 episcopo.
1661 1361 1723 1396 Quo

933 1406 996 1433 item
1018 1410 1139 1441 tempore
1156 1411 1251 1434 sant-ta
1272 1407 1318 1433 illa
1334 1407 1433 1435 mulier
1447 1415 1463 1435 c
1482 1407 1680 1444 Hierosolymis
1694 1410 1722 1435 in

933 1450 1035 1485 regiam
1055 1450 1148 1478 urbem
1165 1451 1285 1479 advenit.

858 1509 950 1540 XXII.

460 1573 596 1600 Gsonctus
614 1571 758 1599 CEDBENUS
772 1571 842 1598 Hist.
855 1570 1004 1606 Compend.
1024 1576 1087 1598 tom.
1104 1570 1124 1604 l,
1140 1579 1204 1607 pag.
1216 1571 1278 1604 270,
1296 1572 1358 1600 27L

123 1629 169 1664 Τῷ
192 1632 234 1664 κη’
258 1629 336 1656 ἔτει.
360 1648 367 1656 .

89 1676 210 1711 Πρόκλος
221 1677 235 1702 ὁ
245 1675 396 1710 ἁγιώτατος
407 1675 556 1706 ἐπίσκοπος
570 1674 885 1706 Κωνσταντινουπόλεως

89 1721 303 1757 προχειρίζεται,
319 1722 348 1753 ὃς
364 1722 395 1748 τὺ
406 1721 452 1747 τοῦ
469 1721 663 1757 Χρυσοπόμου
678 1720 802 1755 λείψανον
818 1721 885 1746 ἀνα-

89 1767 198 1801 κομίζει
220 1767 258 1802 τῷ
273 1767 294 1793 λ’
315 1767 369 1794 ἔτει
392 1768 441 1802 τῆς
458 1766 598 1802 βασιλείας
612 1766 766 1799 Θεοδοσίου,
783 1767 829 1793 καὶ
846 1767 886 1798 εἰς

89 1812 146 1838 τῶν
162 1812 247 1846 ἁγίων
263 1812 432 1839 Ἀποστόλων
442 1812 587 1847 ἀποτίθησι
603 1811 675 1844 ναὸν,
691 1821 718 1838 κ.
733 1821 757 1838 τ.
771 1812 795 1838 λ.

124 1858 170 1894 Τῷ
185 1859 222 1885 λθ¹
242 1859 296 1885 έτει
313 1858 447 1894 Κύριλλος
470 1858 682 1894 Ἀλεξανδρείας,
700 1859 746 1885 καὶ
763 1858 884 1895 Πρόκλος

90 1905 414 1938 Κωνσταντινουπόλεως,
430 1905 549 1936 εὐσεϐῶς
561 1905 759 1940 ἐκοιμήθησαν.

426 1649 433 1657 .
454 1629 667 1664 τελευτήσαντος
691 1628 878 1664 Μαξιμιανοῦ,

966 1629 1045 1655 Anno
1060 1637 1146 1656 xxvru
1161 1629 1326 1658 Maximiano
1339 1631 1395 1658 vita
1412 1630 1517 1663 functo,
1531 1631 1724 1661 sanctissimus

935 1675 1049 1703 Proclus
1073 1676 1220 1711 episcopus
1240 1676 1562 1712 Constantinopolitanus
1583 1679 1723 1714 deligitur.

935 1725 962 1748 et
978 1722 1123 1748 ordinatur
1138 1731 1144 1748 :
1162 1722 1240 1756 isque
1254 1723 1384 1758 reliquias
1399 1723 1588 1759 Cltrysostomi
1602 1730 1725 1760 reporta‘

935 1767 975 1795 vit
989 1774 1063 1794 anno
1084 1775 1136 1794 xxx
1151 1767 1324 1802 imperatoris
1345 1768 1503 1803 Theodosii,
1520 1770 1604 1806 inque
1623 1772 1725 1806 templo

937 1813 1130 1848 Apostolorum
1142 1814 1278 1849 deposuit,
1296 1821 1348 1843 etc.

972 1860 1050 1888 Anno
1064 1869 1146 1888 xxxtx
1159 1860 1278 1896 Cyrillus
1296 1862 1467 1890 Alexandrim
1483 1866 1510 1890 et
1526 1863 1639 1892 Proclus
1651 1863 1725 1892 Con—

939 1907 1131 1942 stantinopolis
1145 1907 1279 1943 episcopi,
1296 1908 1341 1942 pie
1359 1909 1413 1936 vita
1429 1908 1552 1937 defuncti
1569 1915 1642 1938 sunt.

862 1964 970 1994 XXIII.

582 2024 700 2053 Joannes
716 2026 841 2054 Zouanas
857 2027 956 2054 Annal.
973 2033 1036 2056 tom.
1059 2028 1092 2060 ll,
1107 2037 1168 2064 pag.
1187 2029 1232 2056 55.

126 2083 206 2111 Μετὰ
215 2083 260 2110 τὸν
269 2083 441 2118 Μαξιμιανὸν
453 2084 498 2110 ἐπὶ
508 2083 609 2111 διετίαν
621 2084 883 2120 ἀρχιερατεύσαντα,

92 2131 223 2168 Πρόκλος,
245 2131 258 2157 ὁ
273 2131 320 2157 τοῦ
338 2132 480 2167 Χρυσοστό
484 2140 534 2167 μου
554 2132 678 2167 μαθητὴς
687 2152 694 2161 ,
712 2133 886 2168 πατριάρχης

93 2178 302 2214 προεχειρίσθη·
321 2178 373 2205 ὑπὸ
397 2178 528 2205 Σισιννίου
552 2179 721 2214 πατριάρχου
738 2179 886 2210 ἐπίσκοπος

92 2225 214 2257 Κυζίκου
232 2225 327 2261 πρώην
344 2225 554 2260 χειροτονηθεὶς,
578 2225 615 2260 μὴ
636 2225 742 2261 δεχθεὶς
762 2226 790 2252 δὲ
812 2225 887 2261 παρὰ

92 2271 148 2297 τῶν
165 2272 223 2298 ἐκεῖ
240 2271 333 2307 ἕτερον
351 2270 486 2305 ἑλομένων
503 2271 646 2306 ἀρχιερέα,
663 2271 710 2297 καὶ
724 2272 769 2298 τὴν
785 2271 886 2306 μεταξὺ

93 2317 190 2352 χρόνον
209 2316 356 2352 σχολάζων.
373 2313 458 2347 Οὗτος
472 2317 562 2343 τοίνυν
580 2316 618 2352 τῷ
636 2317 724 2353 θρόνῳ
742 2318 790 2353 τῆς
811 2319 887 2344 Κων-
903 2308 925 2336 Ῑ)

95 2362 342 2393 σταντινουπόλεως
357 2362 537 2398 ὲνθρονισθεὶς
549 2382 556 2394 ,
572 2362 645 2394 ἀξιοῖ
659 2363 705 2390 τὸν
720 2363 841 2398 βασιλέα,
857 2364 888 2390 τὸ

96 2407 242 2443 ἱερώτατον
269 2408 316 2434 τοῦ
345 2408 538 2443 Χρυσοστόμου
565 2408 646 2444 σῶμα
669 2410 701 2435 ὲκ
726 2409 888 2441 Πιτυοῦντος

95 2453 322 2489 ἀνακομισθῆναι.
339 2455 385 2481 καὶ
403 2455 440 2490 μὴ
455 2455 546 2490 μένειν
561 2455 608 2482 κα)¹
624 2455 741 2482 θανόντα
756 2455 801 2481 τὸν
815 2455 892 2490 ἅγιον

96 2501 253 2535 ὑπερόριον.
262 2500 386 2527 Πείθεται
397 2500 484 2536 τούτῳ
494 2502 507 2527 ὀ
521 2500 656 2535 βασιλεὺς,
671 2502 716 2527 καὶ
730 2501 894 2536 ἀνακομίζε-

96 2555 142 2573 ται
155 2548 170 2573 ὁ
180 2547 225 2573 τοῦ
240 2546 317 2580 ἁγίου
332 2547 428 2581 νεκρός
437 2555 444 2562 ·
464 2547 510 2573 καὶ
523 2547 681 2582 ὑποδέχεται
693 2547 748 2574 τῶν
761 2547 894 2584 ὑπερϐαλ-

96 2594 196 2629 λούσης
214 2594 298 2628 τιμῆς
309 2613 315 2625 ,
331 2594 379 2620 καὶ
395 2593 570 2620 κατατίθεται
588 2594 664 2625 ἐντὸς
677 2594 725 2620 τοῦ
748 2594 892 2629 θυσιαστη-

99 2641 157 2676 ρίου
170 2640 217 2667 τοῦ
231 2639 284 2666 τῶν
300 2639 380 2666 ὁσίων
400 2639 571 2666 Ἀποστόλων
587 2639 762 2676 περιωνύμου
779 2640 855 2667 ναοῦ.

972 2086 1037 2114 Post
1051 2087 1262 2121 llIaximianum,
1284 2090 1443 2124 pontiﬁcatu
1461 2091 1570 2119 biennio
1589 2092 1726 2127 functura,

937 2133 1051 2161 Proclus
1065 2134 1253 2169 Chrysostomi
1269 2135 1420 2171 discipulus
1433 2138 1586 2172 patriarcha
1600 2144 1726 2175 creatur;

938 2179 983 2213 qtti
1000 2179 1103 2213 pridem
1124 2187 1138 2206 τι
1157 2179 1278 2207 Sisinnin
1292 2182 1458 2216 patriarcha,
1476 2183 1566 2219 Cyzici
1581 2185 1726 2220 episcopus

938 2225 1106 2260 designatus,
1127 2227 1174 2253 sed
1195 2234 1209 2252 a
1228 2226 1381 2262 Cyzicenis,
1400 2229 1447 2263 qui
1468 2230 1549 2256 aliutu
1570 2231 1725 2266 elegerant,

939 2280 993 2300 non
1006 2278 1143 2307 receptus,
1159 2277 1280 2308 tempore
1295 2274 1438 2308 iuterjecto
1459 2276 1544 2302 otium
1560 2281 1662 2312 egerat.
1678 2278 1727 2305 llic

940 2321 1022 2355 igitur
1034 2321 1060 2347 in
1073 2322 1136 2348 sede
1147 2321 1450 2357 Constantinopolitaua
1462 2328 1599 2357 receptus,
1615 2326 1682 2358 petit
1693 2325 1728 2352 ab

941 2367 1114 2400 imperatore,
1138 2372 1167 2394 ut
1182 2375 1282 2402 corpus
1298 2369 1385 2396 sancti
1399 2369 1585 2404 Chrysostomi
1600 2370 1727 2406 Pityunte

940 2411 1085 2443 referatur,
1102 2420 1135 2439 ne
1151 2413 1191 2440 vir
1204 2417 1316 2440 sanctus
1330 2419 1389 2448 post
1403 2415 1507 2441 obitum
1523 2416 1604 2443 etiam
1619 2417 1728 2444 exsula-

941 2462 992 2484 ret.
1011 2457 1090 2485 Paret
1108 2459 1267 2493 itnperator,
1287 2460 1457 2495 relatumque
1472 2463 1559 2489 sam-ti
1575 2463 1691 2491 cadaver
1702 2468 1729 2491 et

942 2504 1041 2538 insigni
1069 2512 1130 2531 cum
1160 2505 1262 2533 honore
1286 2512 1454 2542 susceptum,
1477 2508 1549 2535 intra
1577 2510 1728 2537 sacrarium

942 2551 1032 2585 templi
1049 2551 1128 2586 cujus
1152 2559 1251 2579 nomen
1275 2556 1318 2580 est
1344 2558 1501 2581 sanctorum
1525 2555 1729 2590 Apostolorum,

941 2597 1077 2624 conditur.

861 2698 955 2728 XXIV
961 2722 967 2728 .

383 2761 552 2789 Nrceruoaus
567 2761 696 2790 CALLIST.
718 2762 788 2790 Hist.
807 2764 875 2791 eccl.
895 2762 941 2790 lib.
959 2772 1014 2796 xtv,
1030 2771 1090 2798 cap.
1107 2763 1152 2796 29,
1167 2768 1229 2791 tam.
1248 2764 1281 2796 Il,
1293 2772 1355 2800 pag.
1372 2765 1434 2792 501.

135 2821 268 2852 Σισίννιος
294 2820 340 2847 τοῦ
357 2820 518 2855 Κυζικηνῶν
537 2821 668 2857 προέδρου
686 2822 811 2855 θανόντος
822 2844 829 2854 ,
847 2823 892 2849 τὸν

100 2866 172 2894 θεῖον
184 2866 306 2903 Πρόκλον
324 2868 357 2902 τῇ
378 2866 490 2903 Κυζίκῳ
508 2867 680 2903 ἐχειροτόνει.
700 2868 754 2894 Καὶ
770 2868 801 2903 δὴ
820 2869 892 2904 Πρό-

982 2823 1119 2859 Cyziceno
1143 2824 1272 2859 episcopo
1299 2829 1418 2856 mortuo,
1446 2824 1584 2852 Sisinnius
1610 2825 1729 2852 divinum

946 2868 1074 2897 Proetum
1099 2870 1230 2899 Ecclesiae
1248 2870 1340 2906 Cyzici
1358 2871 1517 2906 episcopum
1543 2870 1663 2899 ordinat.
1679 2871 1729 2898 Sed
