1967 3075
224 150 278 178 675

775 150 805 178 S.
825 149 988 178 PROCLUS
1007 150 1061 177 (ΖΡ.
1083 149 1282 178 EPISCOPUS.

1794 150 1848 180 676

225 206 299 234 enim
315 213 378 233 cum
405 205 531 240 Proelus,
548 211 578 234 ut
605 214 639 234 eo
661 207 806 240 transiret,
827 208 854 234 in
871 208 1012 242 procinctu

1073 208 1121 243 ιλῳ
1136 208 1164 233 ὲν
1182 207 1343 242 παρασκευῇ
1360 206 1416 233 ὄντι
1435 206 1499 241 περὶ
1513 206 1596 242 αὐτὴν
1611 207 1718 242 χωρεῖν,
1735 206 1850 241 φθάνου-

225 256 310 284 esset,
335 253 464 280 homines
480 253 517 280 ibi
539 253 699 288 episcopum
724 254 922 288 praevenientes
939 254 1014 280 ordi-

227 301 328 324 narunt
350 297 515 325 Dalmatium
535 299 694 333 quemdam,
722 299 810 325 virum
830 300 1014 326 venerandum

227 348 255 370 et
268 343 295 371 in
310 345 471 372 monasticis
487 344 628 371 laboribus
643 344 834 371 exercitatum.
851 344 877 371 Id
893 345 930 370 illi
945 344 1017 371 fece-

228 392 294 416 runt
307 409 315 422 ,
345 391 488 417 sanctione
512 390 557 417 illa
577 394 733 424 contempta
753 397 813 424 qua:
830 394 928 425 pra-ter
951 398 1015 417 sen-

230 437 343 464 tentiam
361 438 481 472 episcopi
496 436 794 470 Constantinopolitani
816 436 1014 464 ordinationem

229 483 290 511 ﬁeri
314 487 396 511 vetat.
420 483 477 511 Hoc
493 483 539 510 ubi
560 483 596 509 ita
621 482 720 509 factum
746 486 802 512 est.
829 481 942 509 Proclus
962 490 1016 509 non

229 530 416 565 oppugnavit;
434 534 460 555 et
475 528 603 555 Ecclesim
620 528 729 563 quidem
753 528 820 554 nulli
848 529 962 563 praefuit.
989 529 1016 555 in

230 574 545 610 Constantinopolitanis
567 579 657 601 autem
684 574 809 601 ecclesiis
832 575 954 601 docendo
971 574 1018 601 llo-

231 622 297 648 ruit.

1066 263 1108 281 σιν
1135 255 1234 280 ἐκεῖνοι
1260 253 1307 280 καὶ
1331 253 1526 288 χειροτονοῦσιν
1546 253 1630 288 ἄνδρα
1655 253 1751 288 σεμνόν
1778 262 1849 284 τινα,

1065 300 1218 335 Δαλμάτιον
1232 299 1327 334 ὄνομα,
1340 300 1497 334 ἁσκητικοῐς
1514 299 1604 330 πόνοις
1616 298 1849 334 ὲγγυμνασμένον.

1065 347 1120 372 Καὶ
1134 345 1213 372 τοῦτο
1229 345 1323 381 ἔδρων,
1341 346 1370 372 ἐν
1384 345 1502 381 δευτέρῳ
1517 345 1562 371 τὸν
1582 345 1662 379 νόμον
1682 345 1800 380 θέμενοι,
1821 345 1852 376 ὃς

1065 391 1175 417 ἐκέλευε
1193 391 1267 426 παρὰ
1286 391 1398 426 γνώμην
1415 390 1462 416 τοῦ
1479 390 1627 417 ἐπισκόπου
1641 391 1689 425 τῆς
1704 391 1851 416 Κωνσταν-

1066 437 1150 469 τινου,
1166 437 1331 472 χειροτονίαν
1347 436 1384 472 μὴ
1398 436 1530 470 γίνεσθαι.
1551 436 1580 462 Ὁ
1595 436 1644 471 μὲν
1659 434 1704 463 οὖν
1720 435 1851 470 Πρόκλος,

1063 483 1158 509 τούτου
1173 483 1329 518 γενομένου,
1345 483 1404 509 καθ’
1417 482 1511 509 ἑαυτὸν
1524 482 1726 511 συνεστέλλετο,
1736 482 1854 516 Ἐκκλη-

1066 529 1126 559 σίας
1143 528 1190 563 μὲν
1207 528 1340 563 μηδεμιᾶς
1358 528 1567 563 προϊστάμενος,
1588 529 1646 558 ταῖς
1665 527 1693 553 δὲ
1706 527 1756 562 τῆς
1774 528 1854 554 Κων-

1068 574 1206 601 σταντίνου
1219 575 1375 610 ἐκκλησίαις
1388 574 1426 610 τῷ
1441 574 1577 600 διδάσκειν
1591 574 1687 600 ἀνθῶν.

823 677 886 704 locu
904 676 968 703 ibid.
987 686 1045 712 cup.
1066 679 1110 708 38.
1125 687 1184 714 pag.
1202 678 1263 706 529..

267 736 380 764 Proclus
399 743 413 761 a
431 735 517 770 primo
537 735 636 769 capillo
658 736 873 770 praeceptoribus
893 744 970 766 usus,
988 737 1015 762 in

232 787 290 810 arte
311 781 419 808 dicendi
443 782 617 816 potissimum
641 782 800 808 elaboravit.
820 781 850 808 Et
868 787 929 816 post
951 784 1016 809 ado-

1104 739 1224 773 Πρόκλος
1235 739 1267 765 ἐκ
1278 738 1389 777 πρώτης
1396 738 1486 773 τριχὸς
1504 739 1542 768 εἰς
1556 738 1728 768 διδασκάλους
1743 737 1856 771 φοιτῶν,

1071 785 1216 820 ῥητορικῆς
1233 785 1279 810 ὲπί
1296 784 1420 810 πλεῖστον
1435 783 1600 818 ἐπεμελήθη.
1620 783 1665 814 Εἰς
1682 782 1855 816 ἀναγνώστου

233 829 391 856 lescentiam
418 828 594 857 exactam,in
611 827 725 861 juvenili
751 828 894 854 admodum
921 833 1017 858 atlale.

1073 831 1097 857 δὲ
1110 831 1221 862 τελέσας
1238 831 1352 865 βαθμὸν,
1367 832 1395 856 ἐν
1408 831 1456 865 νέᾳ
1473 830 1542 856 πάνυ
1559 831 1593 865 τῇ
1611 829 1703 865 ἡλικίᾳ
1715 838 1721 844 ·
1741 830 1786 856 καὶ
1804 829 1857 866 ἤδη

231 875 258 901 in
273 875 402 901 lectorum
421 873 544 899 ordinem
561 877 713 907 cooptatus,
729 875 844 906 primum
867 873 920 898 divi
934 872 1017 899 Joan-

231 920 276 947 nis
299 919 490 954 Chrysostonli
512 918 845 952 Constantinopolitanam
868 918 1016 945 Ecclesiam

232 965 454 993 administrmnis
469 970 597 996 sectator,
614 965 749 999 librisque
772 965 925 991 Scribendis
941 965 1018 999 adju-

232 1017 287 1044 tor,
309 1016 335 1039 et
362 1012 486 1045 corporis
512 1010 572 1045 ejus
601 1015 712 1037 curator
740 1009 801 1036 fuit.
833 1009 882 1036 llic
905 1008 1017 1036 Paulum

232 1058 329 1088 Joanni
355 1065 454 1093 magno
476 1057 503 1084 in
526 1064 619 1083 aurem
635 1056 815 1088 dictitantem,
838 1060 920 1090 atque
941 1064 1020 1083 arca-

234 1104 339 1130 niorem
361 1102 540 1137 epistolarum
569 1109 681 1128 suarum
700 1109 811 1129 sensum
836 1101 1018 1132 revelantem.

233 1158 282 1185 per
311 1150 395 1176 rimas
421 1152 599 1184 prospectans
626 1147 703 1174 vidit.
727 1147 816 1182 Atque
843 1147 889 1173 ubi
919 1147 963 1173 ille
992 1147 1018 1173 in

234 1196 331 1224 exsilio
355 1195 440 1226 vixit,
465 1195 498 1221 ab
517 1194 590 1221 illius
604 1193 747 1220 all'ectione
771 1202 825 1220 non
843 1193 1000 1220 desciscens
1012 1213 1018 1225 ,

234 1250 297 1269 cum
322 1242 382 1276 ejus
401 1248 560 1268 successore
583 1240 675 1267 Attico
691 1240 820 1274 episcopo
841 1239 901 1272 fuit,
919 1240 1020 1266 oratio-

234 1295 300 1315 num
325 1287 412 1322 ipsius
438 1287 536 1314 srriba.
559 1287 643 1318 Quem
673 1285 717 1312 ille
740 1286 767 1312 in
786 1285 877 1312 divino
901 1285 963 1312 vitae
981 1285 1021 1310 in-

235 1334 332 1360 stituto
354 1332 582 1368 progredientem,
609 1332 636 1358 in
656 1331 819 1358 diaconatus
836 1331 949 1366 gradum
964 1339 1022 1358 sus.-

236 1380 308 1407 tulit.
326 1379 426 1406 Deinde
451 1387 516 1406 vero
533 1386 594 1404 cum
616 1379 642 1404 in
656 1378 877 1413 presbyterorum
893 1378 1020 1404 cathedra

234 1424 379 1451 Dominum
398 1423 530 1454 laudaret,
559 1431 573 1449 a
600 1423 721 1449 Sisinnio
739 1422 866 1450 Ecclesia:
881 1423 1021 1458 Cyzicena:

236 1470 396 1505 designatus
410 1473 461 1496 est
483 1469 609 1496 antistes.
624 1467 718 1503 Longo
734 1476 797 1495 vero
813 1473 934 1503 tempore
961 1473 1022 1503 post

234 1516 543 1550 Constantinopolitanae
558 1515 685 1543 Ecclesia:
708 1515 884 1550 episcopatus
903 1515 927 1541 ei
947 1523 1022 1541 cum-

235 1563 338 1590 tnissus
350 1561 442 1589 est.Et
450 1562 521 1596 quod
531 1562 653 1589 moribus
663 1566 745 1596 atque
756 1561 889 1588 institutis
899 1561 1022 1596 placidus

235 1607 353 1634 maxime
366 1607 408 1634 vir
423 1612 506 1637 esset.
530 1615 700 1642 quzccunque
719 1607 745 1634 in
761 1606 866 1634 Joanne
882 1611 909 1633 et
932 1606 1022 1633 Attico

235 1653 335 1680 eximia
352 1657 449 1684 erant,
475 1653 621 1688 expressit.
641 1653 773 1679 Malorum
798 1652 942 1679 tolerantia
969 1652 1022 1678 illis

234 1700 315 1727 etiam
332 1700 458 1731 superior
478 1699 539 1726 luit.
562 1699 669 1726 Atticus
688 1706 805 1732 namque
825 1698 924 1732 saepius
940 1698 1022 1724 etiam

238 1747 273 1774 iis
288 1747 334 1781 qui
351 1747 377 1773 in
396 1747 447 1774 lide
459 1754 474 1772 a
487 1754 516 1773 se
531 1754 585 1772 non
611 1745 800 1776 dissentirent,
818 1745 948 1772 terribilis
963 1752 1023 1771 esse

235 1792 311 1821 visus
324 1797 375 1820 est.
390 1793 439 1820 llic
453 1800 518 1820 vero
534 1796 561 1820 et
576 1799 640 1827 erga
658 1792 730 1824 illos,
750 1796 777 1818 et
794 1792 820 1818 in
844 1791 912 1818 alios
928 1799 1022 1818 omnes

235 1839 358 1874 placidus
374 1843 401 1866 et
412 1839 481 1866 lenis
497 1838 642 1865 admodum
659 1838 719 1869 fuit,
733 1838 919 1865 benevolentia
933 1837 1023 1872 potius

235 1891 318 1918 quam
333 1884 358 1910 vi
374 1891 422 1911 eos
438 1884 471 1910 ad
490 1891 519 1920 se
537 1885 695 1918 pertrahere
708 1883 736 1910 in
754 1883 845 1910 animo
861 1883 975 1909 habens.
991 1883 1024 1910 Et

235 1931 365 1965 quoniam
383 1929 485 1957 nemini
501 1930 643 1956 turbarum
660 1937 772 1956 causam
789 1929 915 1964 praebuit,
932 1928 1023 1955 Eccle-

238 1974 286 2001 sia:
301 1974 459 2008 dignitatem
473 1974 499 2000 in
511 1974 680 2000 humanitate
696 1978 723 2000 et
735 1973 941 2000 mansuetudine
955 1981 1023 2000 con—

240 2019 396 2051 sistentem,
413 2020 545 2055 integram
563 2020 745 2047 conservavit.
763 2040 770 2047 .
786 2038 792 2045 .
805 2019 858 2046 lste
874 2025 962 2046 autem
974 2019 1024 2046 mi-

236 2071 289 2091 nus
310 2066 418 2092 curavit
433 2065 456 2093 si
471 2066 533 2100 quis
549 2065 581 2092 de
600 2065 654 2092 Deo
671 2065 761 2093 itidem
779 2069 807 2092 ut
826 2066 883 2100 ipse
901 2066 1021 2092 sentiret.

237 2109 290 2138 Sed
307 2111 439 2139 doctrinae
454 2113 556 2146 jugiter
571 2112 742 2145 incumbens,
759 2112 873 2147 placide,
893 2121 946 2139 non
967 2114 1024 2139 vio-

236 2156 336 2189 lenter,
357 2158 460 2192 plebem
477 2159 528 2186 sibi
542 2158 672 2185 devinxit.

1073 877 1251 912 παραμείψας
1282 876 1326 902 τὸν
1356 876 1493 911 μείρακα,
1522 875 1616 910 πρῶτα
1644 875 1692 910 μὲν
1720 875 1759 910 τῷ
1790 875 1856 910 θείῳ

1076 921 1185 956 Ἰωάννῃ
1201 920 1239 956 τῷ
1251 920 1436 956 Χρυσοστόμῳ
1460 919 1634 955 ’ἱεραρχοῦντι
1650 918 1699 953 τῆς
1712 919 1860 944 Κωνστινι

1069 967 1141 994 τίνου
1159 966 1317 1002 παρείπετο,
1337 965 1471 1000 ὑπουργὸς
1492 964 1565 999 αὑτῷ
1579 964 1626 990 καὶ
1650 964 1778 999 συνεργὸς
1801 963 1856 990 τῶν

1069 1012 1157 1047 λόγων
1171 1012 1322 1047 γινόμενος,
1340 1011 1386 1038 καὶ
1395 1012 1445 1045 ὅση
1463 1011 1542 1046 χρεία
1555 1009 1602 1037 τοῦ
1619 1009 1743 1046 σώματος
1759 1010 1858 1045 ἐκείνῳ

1070 1059 1222 1094 γινόμενος.
1237 1055 1320 1089 Οὗτος
1335 1057 1363 1083 δὲ
1375 1057 1422 1084 καὶ
1434 1056 1531 1092 Παύλῳ
1546 1056 1613 1092 πρὸς
1628 1054 1674 1088 οὖς
1690 1056 1729 1091 τῷ
1747 1056 1859 1091 μεγάλῳ

1077 1106 1187 1141 Ἰωάννῃ
1205 1104 1395 1140 διαλεγομένῳ,
1412 1104 1458 1130 καὶ
1471 1103 1516 1129 τὸν
1530 1102 1592 1129 νοῦν
1610 1102 1663 1129 τῶν
1679 1103 1782 1131 ἐκείνου
1799 1104 1859 1128 ἐπι-

1072 1151 1172 1178 στολῶν
1187 1151 1384 1178 ὲκκαλύπτοντι
1403 1148 1604 1184 μυστικώτερον
1635 1148 1790 1183 ὲνέτυχς,τῇ
1808 1148 1860 1181 τῆς

1072 1198 1177 1234 θυρίδος
1193 1197 1378 1232 παρακύπτων
1389 1196 1452 1231 ὁπῇ.
1469 1195 1545 1221 Ἐπεὶ
1556 1195 1578 1221 δ’
1596 1196 1697 1225 ἐκεῖνος
1714 1194 1861 1229 ὑπερόριος

1071 1242 1115 1276 ἦν,
1129 1243 1166 1279 μὴ
1181 1243 1230 1277 τῆς
1245 1243 1349 1269 ἐκείνου
1363 1243 1479 1277 σχέσεως
1493 1240 1623 1272 ἀποστὰς,
1635 1240 1673 1276 τῷ
1687 1241 1744 1275 μετ’
1756 1241 1861 1266 ἐκεῖνον

1072 1289 1214 1324 ἐπισκόπῳ
1233 1287 1347 1322 Ἀττικῴ
1374 1288 1464 1322 συνῆν,
1483 1287 1656 1322 ὑπογραφεὺς
1676 1285 1730 1312 τῶν
1753 1285 1861 1311 ἐκείνου

1072 1335 1158 1369 λόγων
1186 1334 1374 1368 καθεστηκώς.
1397 1334 1444 1359 Ὃν
1465 1332 1497 1367 δὴ
1513 1334 1545 1367 τῇ
1564 1331 1634 1358 κατὰ
1656 1332 1722 1358 Θεὸν
1745 1330 1862 1365 προϐαί-

1073 1389 1151 1406 νοντα
1164 1381 1269 1414 ἀγωγῇ,
1295 1379 1341 1405 καὶ
1362 1378 1408 1404 τοῦ
1424 1379 1474 1413 τῆς
1496 1378 1631 1409 διακονίας
1651 1377 1726 1412 ἠξίου
1741 1376 1860 1412 βαθμοῦ.

1075 1427 1188 1453 Ἔπειτα
1205 1426 1232 1451 δὲ
1247 1426 1292 1451 καὶ
1306 1427 1334 1451 ὲν
1348 1425 1466 1460 καθέδρᾳ
1482 1423 1673 1458 πρεσϐυτέρων
1691 1423 1800 1452 αἰνέσας
1815 1422 1862 1449 τὸν

1073 1471 1186 1506 Κύριον.
1204 1470 1255 1496 ὑπὸ
1269 1470 1399 1496 Σισιννίου
1415 1470 1464 1504 τῆς
1475 1468 1545 1495 κατὰ
1558 1468 1676 1499 Κύζικον
1698 1467 1868 1502 Ἐκκλησίας·

1035 1526 1056 1554 c
1073 1517 1227 1553 προεϐλήθη
1255 1517 1402 1550 ἐπισκοπῇ,
1429 1515 1522 1550 Πολλῴ
1545 1515 1573 1541 δὲ
1602 1515 1714 1550 ὕστερον
1738 1515 1785 1540 καὶ
1811 1514 1861 1548 τῆς

1074 1562 1280 1589 Κωνσταντίνου
1299 1562 1460 1596 Ἐκκλησίας
1474 1561 1522 1596 τὴν
1539 1560 1689 1595 ἐπισκοπὴν
1704 1559 1862 1595 ἐπετράπη,

1074 1609 1197 1644 Χρηστὸς
1215 1609 1242 1635 δὲ
1255 1609 1292 1634 ὢν
1310 1609 1379 1644 ἀνὴρ
1397 1608 1513 1643 μάλιστα
1527 1607 1598 1634 κατά
1613 1616 1640 1633 τε
1654 1605 1718 1642 ἦθος
1735 1607 1782 1634 καὶ
1799 1606 1862 1641 τρό-

1075 1662 1134 1686 πον,
1148 1654 1196 1680 ὅσα
1208 1654 1236 1680 δὲ
1253 1654 1364 1689 Ἰωάννῃ
1385 1654 1432 1680 καὶ
1454 1652 1567 1687 Ἀττικῴ
1585 1653 1723 1688 προσῆσαν
1742 1652 1860 1687 χρηστὰ,

1074 1699 1238 1734 ἀνεμάξατο,
1257 1698 1430 1731 Ἀνεξίκακος
1455 1697 1482 1724 δὲ
1500 1697 1547 1723 καὶ
1573 1697 1651 1723 πλέον
1675 1697 1745 1732 ἤπερ
1763 1698 1861 1723 ἐκεῖνοι

1074 1745 1192 1778 ἐγένετο.
1215 1744 1336 1776 Ἀττικὸς
1352 1744 1400 1779 μὲν
1418 1744 1472 1779 γὰρ
1493 1743 1621 1775 πολλάκις
1638 1744 1753 1774 καὶτοῖς
1769 1743 1862 1777 διαφό-

1076 1799 1132 1826 ροις
1159 1791 1208 1825 τῆς
1233 1791 1349 1822 πίστεως
1369 1790 1482 1826 φοϐερὸς
1508 1790 1580 1825 μάλα
1606 1790 1702 1816 ἐδόκει.
1725 1787 1810 1820 Οὗτος
1833 1789 1862 1814 δὲ

1075 1837 1212 1869 κάκείνοις
1231 1837 1278 1863 καὶ
1294 1838 1375 1863 πᾶσιν
1390 1837 1469 1870 ἤπιος
1485 1837 1531 1862 καὶ
1559 1835 1698 1872 προσηνὴς
1723 1835 1795 1870 μάλα
1816 1833 1860 1870 ἦν.

1073 1883 1178 1914 τούτοις
1202 1882 1302 1918 μᾶλλον
1321 1882 1336 1918 ἧ
1361 1882 1406 1918 βίᾳ
1424 1882 1511 1909 ἕλκειν
1526 1883 1646 1914 ἐκείνους
1661 1881 1862 1917 διανοούμενος.

1074 1929 1176 1964 Μηδενὶ
1191 1929 1246 1963 γὰρ
1268 1928 1390 1963 ταραχῆς
1407 1928 1492 1960 αἴτιος
1516 1927 1665 1959 καταστὰς,
1682 1927 1711 1953 τὸ
1732 1927 1780 1962 τῆς
1799 1926 1863 1952 ’ίζκυ

1075 1974 1188 2008 κλησίας
1199 1974 1316 2009 ἀξίωμα,
1329 1974 1358 2000 το
1374 1973 1492 2005 ἐπιεικές
1506 1982 1576 2008 φημι
1593 1973 1639 2000 καὶ
1652 1974 1748 2009 πρᾶον,
1765 1972 1862 2005 ὰθιγὲς

1074 2019 1241 2055 διετήρησεν.
1257 2039 1262 2045 .
1276 2039 1282 2046 .
1297 2039 1305 2045 .
1321 2016 1404 2051 Οὗτος
1417 2020 1445 2046 δὲ
1462 2019 1570 2046 ἔλαττον
1584 2019 1749 2054 ἐφρόντιζεν,
1767 2019 1800 2054 ἢν
1824 2019 1862 2054 μή

1074 2075 1116 2098 τις
1132 2067 1194 2102 περὶ
1205 2066 1273 2092 Θεοῦ
1290 2063 1394 2103 ᾖαὺτῴ
1409 2067 1496 2093 ἐδόκει
1519 2067 1634 2102 ἐφρόνει.
1653 2065 1817 2101 Διδασκαλίᾳ
1834 2066 1862 2091 δὲ

1076 2114 1182 2148 συνεχεῖ
1195 2112 1354 2148 χρώμενος,
1378 2113 1479 2149 ἠρέμα,
1509 2113 1555 2140 καὶ
1582 2113 1611 2139 οὺ
1637 2113 1692 2148 βίᾳ,
1709 2112 1743 2139 τὰ
1770 2112 1863 2147 πλήθη

1076 2160 1240 2195 προσήγετο.

1006 2227 1083 2256 XXV
1089 2250 1095 2256 .

575 2290 616 2316 Ea:
631 2291 677 2317 lib.
696 2299 722 2318 Iv
739 2290 813 2319 Juris
828 2289 1020 2319 Gram-Rom.
1038 2292 1066 2319 in
1081 2292 1191 2327 Syllaba
1204 2293 1386 2328 episcoporum
1398 2293 1533 2328 Byzantii.

272 2346 386 2374 Proclus
410 2353 425 2373 a
455 2345 577 2373 Sisinnio
591 2345 683 2381 Cyzici
709 2347 853 2381 episcopus
869 2347 1020 2379 ordinatus,

1112 2348 1232 2383 Πρόκλος
1253 2348 1304 2374 ὑπὸ
1334 2349 1466 2375 Σισιννίου
1490 2348 1687 2384 χειροτονηθεὶς
1713 2350 1864 2383 ἐπίσκοπος

235 2396 263 2420 et
278 2399 332 2418 non
353 2391 500 2423 admissus.
517 2391 634 2418 vacavit.
650 2392 671 2417 Α
686 2396 771 2419 morte
785 2400 849 2420 vero
865 2392 1021 2420 Maximiani

236 2437 327 2465 factus
352 2441 394 2465 est
420 2437 536 2464 antistes
565 2436 833 2470 Constantinopolis,
860 2447 923 2466 cum
949 2439 1022 2467 illius

236 2483 354 2511 cadaver
387 2483 414 2510 in
444 2483 570 2510 diaconio
594 2482 712 2518 iaceret;
736 2484 845 2519 praefuit
870 2484 1023 2512 sacerdotio

236 2530 326 2565 primo
340 2530 419 2557 antiis
435 2537 482 2558 xn.

1075 2393 1206 2425 Κυζίκου,
1223 2395 1269 2420 καὶ
1291 2394 1327 2429 μὴ
1342 2394 1456 2428 δεχθεὶς,
1473 2395 1612 2429 ὲσχόλασε.
1635 2395 1711 2422 Μετὰ
1727 2395 1756 2422 δὲ
1780 2395 1864 2423 θανά-

1075 2448 1122 2466 του
1138 2439 1308 2472 Μαξιμιανοῦ
1322 2440 1417 2474 γέγονε
1434 2441 1752 2473 Κωνσταντινουπόλεως,
1767 2443 1864 2478 κειμέ-

1075 2494 1122 2511 νου
1134 2485 1182 2512 τοῦ
1198 2485 1324 2520 λειψάνου
1349 2486 1431 2513 αὑτοῦ
1447 2488 1476 2513 ἐν
1496 2487 1534 2522 τῷ
1551 2487 1712 2522 διακονικῷο
1732 2489 1864 2524 ἀρχιερα-

1076 2531 1174 2563 τεύσας
1188 2531 1235 2567 ἐτη
1252 2531 1295 2566 ιβ’.

736 2587 805 2614 Ibid.
821 2587 834 2623 §
849 2587 887 2615 De
902 2589 1129 2617 translationibus
1147 2591 1349 2625 episcoporum.

271 2643 350 2670 Anno
365 2650 414 2669 xm
429 2643 602 2678 imperatoris
612 2642 758 2670 Theodosii
775 2642 898 2671 Junioris
912 2644 1022 2671 Arcadii

238 2687 298 2720 ﬁlii,
307 2695 422 2723 magnus
435 2689 479 2716 ille
492 2689 606 2716 Proelus
620 2690 763 2717 ordinatus
774 2691 918 2725 episcopus
933 2691 1023 2725 Cyzici

237 2740 253 2759 a
269 2733 392 2760 Sisinnio
413 2734 579 2768 patriarcha.
595 2742 648 2760 non
666 2734 804 2762 admissus
824 2735 851 2761 in
871 2735 928 2761 otio
946 2735 1022 2761 vixit.

237 2777 303 2806 Post
318 2777 517 2814 depositionem
535 2787 602 2807 vero
618 2780 750 2810 Nestorii.
766 2781 894 2808 decretus
917 2781 940 2807 ei
963 2782 1022 2815 qni—

236 2823 298 2851 dem
308 2826 480 2858 episcopatus
493 2825 829 2860 Constantinopolitanus.
848 2826 896 2854 sed
913 2827 940 2853 in
954 2826 1023 2854 solio

237 2876 291 2897 non
306 2873 348 2897 est
361 2870 510 2899 collocatus
530 2871 565 2898 ob
583 2872 712 2899 invidiam
725 2872 884 2907 pontiﬁcum
905 2873 952 2907 qui
973 2881 1023 2907 po-

1115 2647 1158 2672 ‘Ev
1172 2645 1211 2681 τῷ
1231 2650 1264 2680 ιγ’
1287 2646 1341 2673 ἔτει
1361 2647 1409 2682 τῆς
1425 2647 1564 2682 βασιλείας
1582 2648 1721 2675 Θεοδοσίου
1739 2650 1786 2676 τοῦ
1811 2652 1863 2678 Μι-

1073 2691 1151 2726 κροῦ,
1162 2691 1208 2718 τοῦ
1221 2691 1286 2718 Υἱοῦ
1301 2692 1454 2727 Ἀρκαδίου,
1463 2694 1476 2720 ὁ
1492 2694 1577 2727 μέγας
1584 2695 1703 2729 Πρόκλος
1712 2695 1864 2730 ἐπίσκοπος

1072 2737 1192 2768 Κυζίκου
1220 2738 1418 2772 χειροτονηθεὶς
1443 2739 1489 2765 ἐπὶ
1516 2740 1648 2766 Σισιννίου
1672 2742 1863 2777 πατριάρχου,

1072 2781 1222 2816 ὲσχόλασε,
1254 2781 1291 2818 μὴ
1320 2782 1434 2818 δεχθείς.
1463 2784 1539 2810 Μετὰ
1566 2784 1594 2811 δὲ
1622 2785 1672 2821 τὴν
1700 2787 1863 2823 καθαίρεσιν

1072 2827 1228 2863 Νεστοριου,
1244 2828 1379 2864 ἐψηφίσθη
1396 2829 1445 2864 μὲν
1466 2830 1788 2866 Κωνσταντινουπόλεως,
1810 2834 1862 2860 οὐκ

1072 2873 1243 2910 ὲνεθρονίσθη
1260 2874 1288 2900 δὲ
1310 2875 1354 2901 διὰ
1373 2874 1469 2910 φθόνον
1490 2876 1544 2903 τῶν
1567 2878 1862 2913 παριδυναστευόντων
