1967 3075
88 155 190 189 ,677

736 149 818 178 TES'I
827 148 946 176 IMONIA
964 146 1143 176 VETERUM.

1710 138 1764 174 διδ

137 213 199 240 τότε
214 209 373 245 ἀρχιερέων.
390 209 467 235 Μετὰ
482 209 510 235 δὲ
527 207 616 241 τοῦτο,
629 207 675 234 τοῦ
692 206 926 243 χειροτονηθέντος
940 217 948 237 Α

991 205 1062 232 entia
1087 212 1135 232 sua
1163 210 1237 230 nunc
1262 203 1453 231 abntebantur.
1479 202 1576 231 Pbstea
1601 207 1665 231 vero
1681 212 1764 240 quam

137 255 310 292 Μαξιμιανοῠ
343 255 571 290 τελευτήσαντος.
594 254 634 281 ἕτι
656 254 783 288 κειμένου
808 252 854 279 τοῦ
875 252 929 278 λει-

136 304 223 338 ψάνου
246 301 346 335 αὑτοῦ,
371 301 563 337 προσεκλήθη,
584 302 632 327 καὶ
655 299 827 335 ὲνεθρονίσθη
853 299 930 325 Κων-

140 347 409 379 σταντινουπὸλεως,
439 346 592 373 συναινέσει
619 346 666 372 καὶ
692 344 740 372 τοῦ
766 343 929 370 Κελεστίνου

139 394 219 421 πάπα
234 393 355 429 Ῥώμης,
368 392 521 429 συμψήφων
532 392 685 427 γενομένων
696 391 740 419 καὶ
752 389 799 416 τοῦ
812 387 930 424 μεγάλου

140 438 276 474 Κυρίλλου
293 438 340 465 καὶ
360 438 484 465 Ἰωάννου
503 436 678 472 Ἀντιοχείας.

979 251 1123 279 ordinatus
1135 250 1217 277 isthic
1230 249 1411 276 Maximianus
1425 249 1496 276 diem
1510 250 1632 281 obiisset,
1648 250 1770 278 necdum’

979 297 1089 332 sepulto
1112 296 1199 330 ipsius
1217 295 1359 327 cadavere,
1379 295 1526 322 accersitus
1543 300 1596 326 est,
1611 298 1638 322 et
1652 295 1679 321 in
1695 296 1767 322 so‘lio

979 343 1143 373 collocatus,
1171 342 1252 369 etiam
1273 341 1422 369 Caelestino
1438 348 1506 376 papa
1527 340 1651 368 Romano
1672 348 1768 368 assen-

981 388 1074 418 tiente,
1090 395 1121 414 ac
1134 388 1321 422 episcopatum
1341 387 1366 414 ei
1383 386 1595 414 decernentibus
1609 394 1709 422 magno
1721 387 1768 414 illo

982 434 1082 469 Cyrillo
1096 438 1123 461 et
1137 433 1241 461 Joanne
1261 433 1442 460 Antiocheno.

908 492 1013 523 XXVI.

523 554 563 581 Ea:
576 554 729 588 Menologio
742 552 898 580 Graecorum
910 552 1007 579 Basilii
1022 552 1114 584 imper.
1127 556 1196 584 part.
1215 559 1233 580 ι,
1246 559 1307 585 pag.
1327 551 1388 577 HO.

177 615 216 650 Τῇ
231 614 300 649 αὐτῇ
315 612 407 648 ἡμέρᾳ
431 611 469 638 κδ’
493 610 598 638 Ὠκτοό.
626 611 719 646 μνήμη
738 610 784 636 τοῦ
800 610 828 636 ὲν
843 609 930 644 ἁγίοις

143 661 249 696 Πατρὸς
270 659 348 694 ἡμῶν
372 658 492 693 Πρόκλου
514 657 684 692 πατριάρχου
709 657 931 682 Κωνσταντινου-

144 707 258 739 πόλεως.
278 706 306 732 '0
322 707 350 731 ὲν
366 704 455 738 ἁγίοις
472 703 566 739 Πατὴρ
579 702 657 738 ἡμῶν
671 701 801 738 Πρόκλος,
816 701 933 736 eomes;

143 752 182 779 ὢν
195 753 242 779 καὶ
262 751 352 785 σοφὸς,
369 751 415 777 καὶ
434 750 571 785 ἐνάρετος.
588 748 778 784 ἐχειροτονήθη
796 748 871 783 παρὰ
885 746 932 773 τοῦ

145 800 224 834 ἁγίου
256 798 388 824 Σισιννίου
424 796 595 831 πατριάρχου
620 794 933 825 Κωνσταντινουπόλεως

144 845 293 878 ἐπίσκοπος
311 843 439 875 Κυζίκου.
460 841 607 873 Ἀπελοὼν,
620 841 668 867 καὶ
684 840 721 876 μὴ
737 840 841 875 δεχθεὶς
857 839 933 875 παρὰ

1022 608 1122 635 Eadem
1148 607 1193 636 die
1211 616 1238 634 ιι
1265 607 1326 635 Kal.
1352 607 1420 636 Nov.
1439 611 1663 637 commemoratio
1681 612 1770 640 sancti

983 655 1075 682 Patris
1108 655 1197 681 nostri
1223 653 1311 681 Procli
1331 655 1494 689 patriarchae
1520 656 1771 693 Constantinopoli-

983 702 1050 727 tani.
1072 701 1190 728 Sanctus
1218 701 1298 728 Pater
1326 706 1419 728 noster
1444 701 1556 729 Proclus
1582 711 1642 730 cum
1659 703 1770 738 pietate.

985 745 1120 780 sapientia
1133 753 1165 772 ac
1175 745 1276 772 virtute
1287 750 1358 772 esset
1375 746 1501 781 insignis,
1515 755 1529 774 a
1544 752 1639 775 sancto
1651 748 1772 776 Sisinnio

984 791 1140 826 patriarcha
1171 790 1475 826 Constantinopolitano
1504 793 1593 828 (Iyzici
1626 795 1772 830 episcopus

984 841 1093 864 creatus
1105 842 1157 864 est.
1177 837 1242 864 Illuc
1259 837 1446 872 proﬁciscens,
1464 847 1525 866 cum
1538 847 1553 866 a
1570 841 1679 868 clericis
1695 842 1772 878 Cyzi-

144 892 199 919 τῶν
215 893 274 918 ἐκεῖ
290 890 429 926 κληρικῶν
448 889 594 924 αίρετικῶν
608 888 701 919 ὄντων,
720 886 890 922 ὑπέστρεψεν
905 886 934 912 ἐν

990 883 1071 914 cenis,
1087 884 1188 918 quippe
1200 883 1245 918 qui
1262 883 1382 912 haeretici
1399 891 1507 917 essent,
1524 894 1578 913 non
1595 888 1772 922 reciperetur,

146 935 446 966 Κωνσταντίνουπόλει,
471 935 516 961 τὸν
540 934 641 970 μεταξὺ
665 933 802 968 σχολάζων
825 932 931 967 χρόνον.

145 976 192 1010 καὶ
206 982 348 1018 προσέχων
361 980 449 1016 ἑαυτῷ
468 989 497 1007 τε
514 980 560 1006 καὶ
571 981 605 1015 τῇ
621 978 783 1013 ἀναγνώσει.
802 978 936 1013 Τελευτή-

147 1037 242 1060 σαντος
257 1028 285 1054 δὲ
297 1026 469 1062 Μαξιμιανοῦ
489 1025 536 1052 τοῦ
557 1025 738 1060 πατριάρχου,
754 1024 794 1050 ἔτι
810 1023 858 1049 τοῦ
878 1023 936 1049 λει-

146 1075 233 1109 ψάνου
246 1072 330 1100 αὐτοῦ
344 1072 471 1108 κειμένου
485 1073 514 1098 ὲν
525 1071 564 1107 τῷ
579 1071 704 1107 ίερατείῳ
716 1071 766 1106 τῆς
783 1069 936 1104 ἁγιωτάτης

146 1119 194 1146 τοῦ
219 1119 285 1145 Θεοῦ
316 1118 437 1154 μεγάλης
463 1117 625 1152 ἐκκλησίας,
654 1115 857 1151 προχειρίζεται
887 1123 939 1141 πα-

144 1166 280 1202 τριάρχης
309 1163 629 1194 Κωνσταντινουπόλεως.
663 1162 719 1189 Καὶ
754 1160 937 1197 ὲνθρονίζεται

146 1213 206 1239 κατ’
217 1211 301 1248 αὐτὴν
316 1211 365 1247 τὴν
380 1211 501 1246 μεγάλην
512 1209 647 1244 ἑϐδομάδα
657 1209 685 1235 ὲν
701 1209 733 1243 τῇ
742 1207 810 1243 άγίᾳ
821 1208 936 1243 Πέμπτῃ

145 1257 194 1284 τοῦ
213 1256 347 1292 σωτηρίου
366 1255 468 1287 πάθους
480 1254 527 1281 τοῦ
544 1254 647 1289 Κυρίου
667 1253 746 1288 ἡμῶν
766 1252 852 1288 Ἰησοῦ
869 1253 937 1288 Χρι-

148 1303 224 1330 στοῦ.
241 1303 297 1329 Καὶ
311 1302 402 1333 καλῶς
417 1301 644 1336 πολιτευσάμενος
667 1299 714 1326 καὶ
730 1299 799 1334 μετὰ
813 1298 862 1334 τὴν
882 1306 936 1334 χει-

149 1349 285 1386 ροτονίαν,
308 1349 355 1375 καὶ
375 1348 488 1378 πολλοὺς
515 1346 559 1373 διὰ
585 1346 633 1382 τῆς
656 1345 828 1376 διδασκαλίας
851 1343 935 1371 αὐτοῦ

147 1387 301 1431 ὠφελήσας,
312 1395 499 1429 ἐπεσκόπησεν
512 1393 558 1429 ἔτη
573 1392 676 1420 δώδεκα
688 1392 736 1418 καὶ
751 1392 837 1427 μῆνας
850 1392 935 1426 τρεῖς,

146 1442 195 1468 καὶ
208 1440 361 1472 τελειωθεὶς
375 1440 558 1467 ἀνεπαύσατο.

987 929 1253 964 Constantinopolim
1283 929 1373 962 rediit,
1396 930 1441 957 ubi
1465 939 1512 965 per
1529 933 1637 967 aliquod
1665 938 1773 970 tempus

984 975 1018 1002 ab
1031 974 1270 1002 administratione
1284 982 1396 1007 vacans,
1415 975 1465 1002 sibi
1487 977 1637 1012 litterisque
1663 986 1772 1013 operam

986 1021 1071 1053 dedit,
1090 1020 1178 1055 quoad
1194 1020 1357 1047 Maximiano
1382 1022 1537 1056 patriarcha
1554 1023 1692 1057 defuncto,
1710 1033 1772 1052 cum

987 1067 1077 1094 adhuc
1093 1067 1210 1094 cadaver
1224 1067 1285 1102 ejus
1312 1067 1340 1094 in
1364 1069 1546 1096 sanctissimae
1562 1074 1589 1096 et
1613 1078 1717 1105 magnae
1731 1079 1769 1099 ec-

987 1113 1078 1140 clesia:
1092 1113 1138 1140 Dei
1154 1114 1277 1140 sacrario
1289 1114 1404 1148 jaceret,
1416 1121 1525 1142 creatur
1539 1118 1691 1151 patriarcha
1706 1119 1771 1146 Con-

988 1159 1258 1194 stantinopolitanus.
1276 1159 1310 1186 Et
1325 1161 1353 1187 in
1369 1161 1469 1188 throno
1489 1163 1582 1190 eadem
1598 1163 1656 1198 ipsa
1671 1172 1774 1199 magna:

988 1204 1165 1232 hebdomadae
1184 1210 1279 1234 sancta
1303 1207 1398 1241 quinta
1420 1208 1463 1234 die
1487 1209 1616 1236 salutaris
1639 1211 1774 1244 passionis

988 1249 1096 1278 Domini
1112 1251 1200 1279 nostri
1214 1251 1279 1279 Iesu
1300 1253 1403 1281 Christi
1418 1255 1578 1282 collocatur.
1597 1255 1629 1283 Et
1643 1257 1690 1292 qui
1714 1258 1774 1293 epi-

988 1297 1063 1331 scopi
1078 1305 1180 1325 munus
1199 1298 1301 1333 optime
1312 1298 1434 1332 functus,
1460 1304 1514 1327 tam
1530 1301 1556 1328 in
1572 1310 1670 1330 manus
1688 1303 1776 1339 impo-

989 1341 1099 1375 sitione,
1111 1350 1192 1377 quam
1214 1344 1240 1370 in
1257 1344 1403 1372 multorum
1429 1347 1531 1373 auxilio
1553 1355 1603 1374 sua
1621 1348 1707 1382 ipsius
1730 1349 1775 1377 do-

989 1387 1088 1420 ctrina,
1111 1396 1174 1415 cum
1193 1389 1309 1417 sedisset
1331 1391 1357 1418 in
1383 1391 1542 1426 episcopatu
1567 1400 1654 1422 annos
1674 1394 1776 1423 duode-

988 1432 1040 1459 cim
1062 1438 1089 1460 et
1107 1441 1214 1462 menses
1239 1440 1306 1469 tres,
1327 1444 1360 1463 ex
1383 1436 1433 1463 hac
1447 1438 1501 1464 vita
1521 1439 1654 1474 migrans,
1669 1440 1695 1467 in
1711 1449 1776 1476 pace

988 1480 1099 1514 quierit.

899 1540 1018 1571 XXVII.

241 1609 281 1637 Ex
301 1609 458 1644 Menologio
478 1609 565 1636 (ἐι-ωε.
585 1607 659 1634 card.
679 1607 784 1638 Sirleli,
800 1607 848 1632 sub
865 1607 908 1633 die
935 1614 1000 1633 xxxv
1015 1605 1211 1641 0ctobr.Apud
1224 1606 1362 1634 Canisium
1374 1608 1401 1634 in
1411 1607 1545 1636 Thesaur.
1562 1614 1626 1639 tam.
1642 1610 1691 1644 Ill,

831 1667 902 1698 part.
916 1671 935 1695 ι,
952 1671 1012 1699 pag.
1028 1663 1091 1690 486.

184 1726 286 1754 Eodem
310 1726 354 1752 die
377 1723 604 1752 commemoratio
626 1722 713 1750 sancti
734 1721 823 1748 Patris
850 1721 973 1769 nostric
990 1721 1061 1756 guis,
1076 1729 1137 1748 cum
1160 1729 1247 1749 annos
1263 1721 1406 1750 duodecim
1421 1726 1448 1749 et
1469 1731 1578 1751 menses
1592 1728 1649 1751 tres
1670 1724 1776 1759 episco-

145 1771 237 1801 Procli
259 1771 423 1807 patriarchae
445 1768 758 1804 Constantinopolitani:
780 1767 827 1802 qui
845 1775 937 1794 sacra-
957 1767 973 1769 ⁷
989 1771 1083 1802 patum
1108 1767 1177 1795 bene
1201 1768 1331 1801 rexisset,
1351 1768 1378 1795 in
1393 1775 1461 1803 pace
1480 1769 1607 1805 migravit
1629 1769 1662 1797 ad
1687 1770 1776 1798 Domi-

147 1828 209 1848 rum
226 1819 391 1846 Litterarum
412 1817 509 1853 peritia
533 1820 559 1844 et
587 1815 723 1851 probitate
739 1821 845 1841 morum
868 1814 936 1841 insi-

990 1821 1056 1840 num

907 1870 1041 1901 XXVIII.

583 1935 625 1962 Ea:
643 1935 794 1971 Menologio
811 1935 952 1971 Horologii
969 1935 1069 1966 (ἔτινε,
1086 1933 1150 1962 edit.
1169 1933 1258 1962 Venet.
1275 1934 1355 1962 1552.

184 1993 307 2029 Νοεμϐρ.
323 1993 349 2025 t',
365 1994 512 2029 προεόρτια
528 1994 578 2028 τῆς
595 1995 624 2020 ὲν
640 1993 680 2029 τῷ
694 1993 750 2029 ναῷ
771 1994 874 2021 εἰσόδου
888 1994 938 2029 τῆς

149 2040 300 2077 ὑπεραγίας
312 2039 442 2066 Θεοτόκου
453 2047 460 2054 ”
479 2040 525 2066 καὶ
539 2039 585 2066 τοῦ
597 2041 626 2066 ὲν
637 2039 725 2074 ἁγίοις
738 2039 845 2075 Πατρδς
859 2039 938 2076 ἡμῶν

149 2087 273 2123 Πρόκλου
288 2086 505 2122 ἁρχιεπισκόπου
523 2086 846 2118 Κωνσταντινουπόλεως.

192 2132 326 2166 Ἐπαξίως
357 2133 477 2168 σήμερον
507 2132 687 2168 πανηγυρίζει
716 2133 733 2168 ἡ
765 2131 859 2158 πασῶν
885 2131 941 2158 τῶν

149 2179 255 2205 πόλεων
274 2179 426 2213 τιμιωτέρα
444 2177 552 2213 ἀληθῶς
569 2179 597 2205 ὲν
615 2180 648 2214 τῇ
668 2179 752 2213 σεπτῇ
777 2177 941 2213 μεταστάσει

150 2234 212 2258 σου,
224 2225 316 2261 Πάτερ
331 2225 460 2260 Πατέρων
475 2224 582 2261 Πρόκλε
598 2225 674 2259 σοφέ.

1027 1993 1076 2021 Die
1099 2001 1116 2020 χ
1142 1992 1322 2024 Novembris.
1349 1993 1500 2028 profestum
1523 1993 1663 2028 ingressus
1685 2001 1777 2022 sacro-

992 2045 1094 2068 sancta
1110 2039 1156 2067 Dei
1173 2040 1320 2067 Genitricis
1335 2040 1362 2066 in
1382 2040 1524 2075 templum,
1545 2044 1572 2068 et
1588 2043 1673 2068 sancti
1689 2041 1778 2069 Patris

992 2085 1079 2112 nostri
1099 2084 1186 2112 Procli
1202 2085 1401 2120 archiepiscopi
1414 2085 1719 2121 Constantinopolitani.

1027 2131 1124 2159 Merito
1144 2131 1225 2158 hodie
1249 2132 1384 2159 celebrent
1408 2137 1573 2159 conventum
1601 2132 1657 2166 agit
1681 2133 1708 2159 in
1731 2137 1778 2159 tuo

991 2177 1141 2205 venerabili
1163 2178 1293 2209 transitu,
1311 2178 1367 2205 haec
1388 2186 1449 2213 quae
1461 2186 1524 2206 vere
1537 2180 1644 2206 caeteris
1668 2184 1778 2213 praestat

994 2223 1117 2257 urbibus,
1136 2230 1153 2250 ο
1167 2223 1248 2250 Pater
1259 2223 1370 2250 Patrum
1383 2224 1586 2258 sapientissime
1597 2224 1706 2252 Procle.

907 2283 1013 2314 XXIX.

660 2345 701 2372 Ea:
716 2346 868 2381 Menologio
881 2346 980 2380 Grzec.,
995 2347 1059 2374 edit.
1081 2346 1171 2374 Venet.
1186 2347 1264 2374 1551.

185 2404 226 2440 Τῇ
241 2402 281 2430 κε’
295 2403 387 2439 ἡμέρᾳ
402 2403 539 2439 Σετιιιῖεμὸ⁸
560 2403 608 2430 ἐπὶ
621 2403 671 2439 τῆς
687 2403 825 2438 βασιλείας
844 2403 942 2430 Θεοδο-

1029 2403 1077 2432 Die
1097 2412 1150 2431 xxv
1174 2403 1358 2439 Septembris,
1381 2404 1532 2439 imperante
1556 2403 1710 2433 Theodosio
1732 2404 1779 2432 Ju-

149 2450 208 2478 σίου
232 2449 278 2476 τοῦ
295 2449 383 2482 Νέου,
403 2449 456 2485 πρὸ
477 2449 528 2485 τῆς
553 2449 741 2480 Ἀναστάσεως
758 2449 808 2485 τὴν
834 2449 941 2485 ἡμέραν

148 2496 246 2531 γέγονε
273 2495 385 2530 σεισμὸς
402 2495 533 2531 φοϐερός·
563 2496 610 2522 καὶ
633 2495 677 2522 διὰ
701 2495 781 2522 τοῦτο
805 2496 854 2522 τοῦ
876 2495 941 2523 λαοῦ

149 2539 250 2572 παντὸς
264 2540 312 2567 σὺν
325 2539 364 2575 τῷ
382 2540 488 2574 βασι.λεί
498 2540 631 2576 Θεοδοσίῳ
648 2542 695 2567 καὶ
709 2540 824 2576 Πρόκλῳ
835 2540 875 2576 τῷ
891 2549 943 2567 πα-

148 2586 279 2622 τριάρχῃ,
299 2585 369 2621 μετὰ
385 2586 485 2618 παντὸς
508 2586 555 2613 τοῦ
569 2586 619 2622 τῆς
641 2586 809 2623 Ἐκκλησίας
832 2586 943 2623 πληρώ-

151 2641 248 2669 ματος,
260 2632 308 2659 καὶ
327 2632 418 2668 πάσης
431 2633 482 2668 τῆς
499 2633 603 2664 πόλεως
620 2633 672 2666 ἔξω
691 2633 884 2660 λιτανευόντων
899 2632 943 2659 διὰ

148 2678 195 2705 τὸν
208 2678 291 2713 φόϐον
307 2680 336 2706 ὲν
354 2680 394 2716 τῷ
406 2679 515 2714 Κάμπῳ
525 2687 531 2693 ·
545 2678 595 2715 ήδη
612 2679 661 2714 τῆς
676 2679 731 2706 τῶν
752 2676 944 2714 Θεοπασχιτῶν

150 2725 284 2762 αἱρέσεως
296 2725 326 2758 ἐξ
337 2724 468 2761 ἐπηρείας
480 2724 526 2751 τοῦ
541 2724 663 2752 διαϐόλου
684 2724 771 2761 ἀρχὴν
787 2724 943 2760 λαμσανού-

151 2780 212 2807 σης,
231 2771 279 2797 καὶ
294 2770 332 2806 τῷ
344 2770 485 2807 Τρισαγίῳ
500 2770 542 2803 τὸ,
561 2771 592 2797 ’0
608 2770 790 2804 σταυρωθεὶς
800 2770 838 2797 δι’
851 2770 942 2805 ἡμᾶς,

151 2816 404 2852 βλασφημούντων·
422 2816 553 2852 ἐξαίφνης
574 2816 681 2844 παιδίον
696 2817 820 2852 ἀρπαγὲν
838 2818 878 2848 εὶς
896 2816 942 2842 τὸν

151 2863 220 2899 ἀέρα
235 2863 383 2898 ἀνεφέρετο
401 2864 508 2891 πάντων
523 2864 551 2889 ὲν
566 2863 697 2899 ἐκπλήξει
711 2863 758 2890 καὶ
778 2862 852 2898 φόϐῳ
875 2871 942 2899 κρα-

989 2450 1077 2482 niore,
1094 2453 1157 2477 ante
1175 2449 1248 2477 diem
1272 2449 1505 2482 Resurrectionis,
1521 2450 1621 2477 accidit
1639 2450 1779 2478 horribilis

989 2499 1070 2523 terrae
1100 2499 1192 2522 motus
1211 2503 1219 2522 :
1246 2503 1301 2530 quo
1323 2494 1424 2522 factum
1447 2499 1490 2524 est
1515 2499 1543 2522 nt
1569 2499 1644 2524 totus
1662 2497 1778 2531 populus

989 2549 1053 2569 cum
1077 2541 1243 2576 imperatore
1265 2540 1420 2569 Theodosio
1444 2545 1472 2569 et
1493 2542 1650 2576 patriarcha
1669 2541 1778 2573 Proclo,

991 2594 1023 2615 ac
1043 2588 1179 2615 universae
1202 2587 1332 2616 Ecclesiae
1354 2588 1428 2615 clero
1453 2592 1567 2623 totaque
1589 2588 1657 2616 urbe
1681 2589 1780 2616 exierit

992 2637 1069 2661 extra
1091 2633 1240 2666 civitatem,
1256 2634 1283 2660 in
1309 2633 1399 2661 locum
1414 2633 1461 2669 qui
1478 2634 1580 2661 dicitur
1595 2634 1724 2669 Campus.
1745 2635 1779 2661 ad

992 2680 1125 2708 orandum
1146 2687 1203 2714 prai-
1228 2680 1335 2708 timore.
1358 2680 1418 2708 Jam
1445 2680 1569 2715 improba
1593 2679 1779 2716 Theopascbi-

992 2730 1082 2753 tarum
1106 2726 1241 2753 diabolica
1257 2726 1369 2754 haeresis
1386 2726 1494 2753 initium
1510 2726 1645 2759 sumebat,
1661 2731 1687 2753 et
1702 2726 1780 2754 Tris-

991 2772 1054 2807 agio
1066 2773 1289 2807 blasphemantes
1300 2772 1435 2800 addebant
1446 2781 1452 2800 ι
1464 2772 1516 2805 Qui
1529 2773 1673 2806 cruciﬁxus
1684 2778 1722 2799 est
1731 2781 1779 2807 pro

990 2818 1076 2845 nobis.
1106 2817 1247 2853 Extemplo
1274 2818 1404 2853 puerulus
1426 2818 1455 2845 in
1477 2825 1567 2846 aerem
1591 2822 1685 2854 raptus
1711 2819 1780 2845 voli-

991 2863 1075 2897 tabat,
1093 2864 1276 2893 clamantibus
1291 2865 1398 2893 cunctis
1413 2872 1469 2901 pm
1494 2869 1606 2900 stupore
1620 2869 1646 2892 et
1669 2865 1783 2896 timore,“
