1967 3075
121 169 169 197 681

641 171 771 200 ORATIO
791 172 835 200 DE
855 173 1029 202 LAUDIBUS
1048 174 1076 201 S.
1098 173 1228 203 MARIAE.

1690 179 1744 206 “8‘3

128 229 193 255 Ἰδοὺ
219 227 273 262 γὰρ
287 227 323 262 γῆ
347 227 393 253 καὶ
411 226 530 254 θάλαττα
554 226 704 263 δωροφορεῖ
719 228 756 264 (4)
781 230 814 264 τῇ
839 238 904 265 παρ‹

961 238 993 257 ac
1006 230 1089 265 Virgo
1109 236 1160 258 est.
1173 231 1306 258 Amabilis
1321 231 1400 265 plane
1417 239 1448 258 ac
1464 232 1596 260 mirabilis
1613 233 1670 261 hzec
1684 235 1743 261 coi-

121 273 235 309 θένῳ·ὴ
253 273 301 308 μὲν
318 273 351 302 τὰ
365 273 437 300 νῶτα
461 272 556 308 αὐτῆς,
579 275 639 305 ταῖς
663 274 757 301 ὁλκάσι
783 275 906 310 γαληνῶς

121 319 308 354 ὑφαπλώσασα
320 318 357 354 (5)
368 328 374 334 '
391 320 406 354 ἡ
421 319 449 345 δὲ
462 319 497 346 τὰ
509 319 568 355 ἴχνη
581 320 635 346 τῶν
650 320 811 356 βαδιζόντων
835 322 907 348 ἀκω-

120 365 208 396 λύτως
227 365 458 400 παραπέμπουσα.
473 366 642 402 Σκιρτάτωὴ
659 367 749 400 φύσις,
765 369 811 395 καὶ
826 370 908 402 ἀγαλ-

120 410 222 438 λιὰσθω
242 411 272 437 τὸ
298 411 376 445 γένος
391 411 445 437 τῶν
462 411 613 447 ἀνθρώπων
626 433 633 444 ,
657 413 698 439 ὅτι
715 415 761 440 καὶ
780 416 907 449 γυναῖκες

119 457 253 492 τιμῶνται
264 466 270 472 ·
285 457 420 493 χορευέτω
433 458 449 492 ἡ
466 457 654 494 ἀνθρωπότης,
666 460 707 486 ὅτι
720 460 767 486 καὶ
779 461 906 496 παρθένοι

119 503 284 536 δοξάζονται.
313 503 409 531 ’⁷οπου
434 503 487 539 γὰρ
515 504 701 532 ἐπλεόνασεν
724 506 743 540 ἠ
770 506 906 541 ἁμαρτία,

118 551 416 583 ὑπερεπερίσσευσεν
432 551 450 581 1')
469 549 563 584 χάρις.
582 551 748 578 Συνεκάλεσε
763 552 817 588 γὰρ
833 554 906 588 ἡμᾶς

119 595 167 622 νῦν
187 596 304 623 ἐνταῦθα
325 597 341 631 ή
366 596 431 630 ἁγία
447 597 577 629 Θεοτόκος
595 598 733 634 Παρθένος
748 599 859 634 Μαρία·
877 601 907 626 τὸ

118 641 271 676 ἁμόλυντον
292 643 342 678 τῆς
357 642 506 678 παρθενίας
528 643 679 679 κειμήλιον,
695 644 710 670 6
735 645 843 679 λογικὸς
859 645 905 672 τοῦ

117 688 246 724 δευτέρου
279 689 365 724 Ἀδὰμ
388 689 567 725 παράδεισος·
600 690 629 717 τὸ
653 691 832 727 ἐργαστήριον
857 691 906 726 τῆς

119 735 242 767 ὲνώσεως
262 736 317 762 τῶν
334 736 458 771 φύσεων·
483 737 499 772 ή
530 737 682 772 πανήγυρις
702 737 747 764 τοῦ
772 739 905 774 σωτηρίου

119 782 353 818 συναλλάγματος,
366 783 382 818 ἡ
400 782 516 814 παστὰς,
528 783 556 809 ἐν
595 784 609 809 6
622 784 707 817 Λόγος
719 784 907 819 ὲνυμφεύσατο

117 829 167 864 τήν
182 829 281 864 σάρκα·
298 830 314 864 ἡ
331 828 451 864 ἔμψυχος
469 829 518 864 τῆς
538 830 645 863 φύσεως
661 830 750 865 βάτος,
766 832 797 866 ἢν
813 831 843 857 τὸ
857 830 907 866 τῆς

118 874 192 906 θείας
211 875 305 907 ὠδῖνος
328 875 383 911 πῦρ
409 876 438 903 οὐ
464 876 650 902 κατέκαυσεν·
670 877 686 912 ὴ
711 877 794 908 ὅντως
818 877 905 912 κούφη

959 277 1007 304 tio.
1037 277 1077 304 Ειι
1098 278 1170 304 enim
1199 282 1271 304 terra
1293 283 1319 305 et
1348 285 1424 305 mare
1449 278 1551 312 pariter
1579 279 1742 314 obsequium

957 322 1049 350 fovent
1065 334 1072 350 -.
1098 324 1148 350 hoc
1164 323 1273 358 quidem
1297 324 1440 358 obsequio,
1458 325 1594 359 placidum
1611 326 1744 361 navigan~

958 369 1032 396 tibus
1047 369 1159 407 dorsum
1180 370 1369 403 substernens,
1397 370 1442 397 illa
1458 378 1522 398 vero
1544 371 1677 398 viatorum
1698 380 1744 399 ve-

958 416 1038 450 stigia
1070 416 1194 450 expedite
1229 416 1365 444 deferens.
1394 416 1478 443 Saliat
1504 420 1622 448 natura,
1647 417 1744 444 huma-

957 469 1077 497 numque
1094 463 1209 490 exsultet
1222 470 1317 498 genus,
1333 463 1434 498 quippe
1452 470 1514 490 cum
1533 463 1660 490 mulieres
1677 470 1744 497 quo-

957 513 1011 540 que
1031 506 1212 534 bonoreutur.
1233 507 1338 534 Chorus
1362 507 1443 534 ducat
1469 507 1611 534 hominum
1633 511 1741 538 natura,

957 551 1030 585 quod
1045 555 1072 578 et
1085 552 1205 587 virgines
1218 552 1315 579 honori
1326 552 1478 579 habeantur
1492 562 1498 579 :
1512 551 1562 579 Ubi
1577 552 1648 580 enim
1659 552 1744 579 abun-

957 597 1029 624 davit
1046 597 1182 630 delictum,
1200 598 1421 631 superabundavit
1439 603 1463 625 et
1484 599 1572 633 gratia
1585 598 1604 625 ³.
1629 597 1679 625 llic
1692 606 1743 626 nos

957 644 1059 679 quippe
1075 644 1155 671 modo
1168 665 1175 677 ,
1195 649 1287 671 saneta
1304 644 1349 672 Dei
1371 645 1495 672 Cenitrix
1512 652 1544 671 ac
1559 644 1641 680 Virgo
1659 645 1743 671 Maria

961 689 988 716 in
1012 697 1095 716 unum
1122 690 1232 724 coegit:
1254 690 1413 725 impollutus
1435 691 1479 718 ille
1500 691 1664 725 virginitatis
1681 690 1741 717 the-

958 744 1068 770 saurus,
1087 737 1218 772 spiritalis
1239 737 1353 764 secundi
1374 737 1471 764 Adami
1490 736 1644 772 paradiSns,
1661 735 1742 763 unio»

959 784 1001 810 uis
1024 789 1183 810 naturarum
1200 782 1321 815 oflicina,
1341 784 1470 810 salutaris
1494 783 1650 810 commercii
1672 791 1742 809 nun-

957 829 1038 860 diuae,
1056 829 1204 858 thalamus.
1229 829 1256 855 in
1279 836 1333 863 quo
1356 829 1408 855 sibi
1427 827 1547 855 Verbum
1568 836 1675 855 caruerit
1694 827 1742 854 de-

957 875 1108 908 sponsavit,
1127 875 1266 901 animatus
1289 879 1394 901 naturae
1417 875 1502 902 rubus
1513 874 1534 905 ‘,
1552 882 1632 907 quem
1657 873 1742 900 divini

117 920 227 956 νεφέλη,
255 922 270 956 ὴ
296 921 342 948 τὸν
364 922 412 948 ἐπὶ
442 921 495 948 τῶν
524 922 657 956 χερουόὶμ
685 921 754 956 μετὰ
782 921 904 956 σώματος

957 925 1052 955 partus
1072 921 1143 955 ignis
1155 929 1209 947 non
1223 920 1391 953 combussit;
1406 929 1470 948 vere
1485 921 1551 948 levis
1563 921 1607 947 illa
1622 920 1707 947 nubes
1719 920 1741 950 ’⁵,

118 967 293 1002 βαστάσασα·
319 968 333 993 ὁ
354 967 401 994 τοῦ
416 968 445 1001 ἐξ
467 967 582 1003 οὐρανοῦ
607 967 685 994 ὑετοῦ
712 968 904 1004 καθαρώτατος

117 1013 210 1045 πόκος,
226 1014 255 1046 ἐξ
272 1011 301 1040 οὗ
315 1014 328 1039 ὀ
343 1013 444 1048 ποιμὴν
457 1013 487 1039 τὸ
499 1013 634 1048 πρόϐατον
648 1013 799 1040 ἐνεδύσατο.
811 1014 904 1049 Μαρία

116 1060 133 1093 ή
144 1059 222 1094 δούλη
236 1060 283 1086 καὶ
299 1060 400 1095 μήτηρ.
415 1060 431 1094 ἡ
446 1059 589 1095 παρθένος,
603 1059 650 1086 καὶ
665 1060 788 1095 οὐρανὸς,
804 1061 820 1094 ή
836 1060 902 1095 μόνη

116 1104 184 1130 ε)εοῦ
199 1105 266 1140 πρὸς
280 1104 440 1140 ἀνθρώπους
453 1105 573 1140 γέφυρα·
589 1105 602 1131 6
619 1106 732 1140 φρικτὸς
748 1106 796 1141 τῆς
804 1107 904 1133 οἰκονο-

117 1151 181 1186 μίας
198 1148 347 1185 ιστὺς,ἐνῷ
363 1152 490 1187 ἀρρήτως
506 1151 611 1187 ὺφὰνθη
627 1153 641 1178 6
657 1152 707 1187 τῆς
724 1152 846 1184 ἐνώσεως
863 1162 904 1188 χι-

116 1197 179 1224 τών·
193 1194 278 1233 οὗπερ
290 1198 430 1234 ἱστουργὺς
445 1198 543 1232 μὲν,’τὸ
552 1198 665 1234 Πνεῦμα
672 1199 702 1225 τὸ
714 1199 789 1233 ἅγιον
798 1210 805 1216 ·
815 1199 903 1236 ἔριθος

116 1245 156 1272 δὲ.
172 1246 188 1280 ὴ
206 1244 235 1277 ἐξ
253 1245 337 1279 ὕψους
354 1246 538 1273 ὲπισκιάσασα
560 1246 690 1282 δύναμις·
714 1246 786 1281 ἔριον
811 1246 849 1277 δὲ.
873 1247 904 1274 τὸ

116 1291 229 1326 ἀρχαῖον
247 1291 295 1318 τοῦ
325 1291 411 1327 ’Λδὰμ
433 1292 544 1319 κώδιον·
563 1293 649 1328 κρόκη
666 1293 704 1325 δὲ,
720 1294 736 1327 ὴ
760 1293 809 1328 τῆς
830 1293 903 1328 Παρ-

116 1337 192 1363 θένου
209 1337 247 1372 (6)
272 1337 421 1372 ἀμόλυντος
443 1338 525 1374 σάρξ·
546 1339 642 1374 κερκὶς
662 1338 701 1369 δὲ,
719 1340 735 1374 ἡ
751 1339 902 1374 ἀμέτρητος

116 1384 162 1410 τοῦ
178 1385 342 1419 φορέσαντος
358 1385 453 1420 χάρις·
468 1386 593 1421 τεχνίτης
608 1386 645 1418 δὲ,
663 1387 677 1412 ὁ
690 1386 723 1413 δι’
741 1387 826 1420 ἀκοῆς
847 1388 903 1413 εἰσ-

116 1429 242 1464 πηδήσας
258 1430 354 1463 Λόγος.
371 1430 420 1461 Τίς
434 1429 497 1463 εἶδε,
513 1431 556 1462 τίς
570 1431 696 1465 ἤκουσεν,
716 1432 756 1457 ὅτι
772 1433 877 1467 μήτραν
889 1433 903 1458 6

116 1475 182 1507 Θεὸς
196 1476 411 1512 ἀπεριγράπτως
426 1476 527 1511 ᾧκησε,
543 1477 590 1503 καὶ
607 1477 635 1503 6v
648 1478 760 1513 οὐρανὸς
773 1478 823 1504 οὑκ
835 1477 903 1513 ἐχώ-

117 1528 212 1555 ρησεν,
227 1521 244 1556 ἡ
257 1521 365 1557 γαστὴρ
380 1521 430 1548 οὑκ
446 1521 672 1557 ὲστενοχώρησεν.

152 1654 189 1680 B’.
214 1654 283 1681 Ἀλλ’
300 1655 428 1691 ἐγεννήθη
445 1656 477 1682 ὲκ
498 1655 626 1689 γυναικὶς
648 1655 713 1687 Θεὸς
735 1657 765 1682 οὐ
781 1656 883 1692 γυμνός
895 1665 902 1671 ·

115 1701 163 1727 καὶ
179 1700 320 1735 ἄνθρωπος
348 1702 378 1728 οὺ
400 1702 492 1736 ψιλός·
515 1702 562 1728 καὶ
576 1701 663 1736 πύλην
686 1703 820 1738 σωτηρίας
837 1704 851 1729 ὁ
865 1711 906 1729 τε-

115 1747 202 1782 χθεὶς,
220 1748 270 1783 τὴν
285 1748 366 1775 πάλαι
387 1748 437 1783 τῆς
450 1747 587 1783 ἁμαρτίας
606 1747 689 1779 ἔδειξε
709 1747 803 1783 θύραν.
817 1749 904 1775 Ὅπου

115 1794 172 1828 γὰρ
186 1795 199 1820 6
214 1793 275 1828 ὄφις
285 1793 330 1821 διὰ
343 1795 392 1829 τῆς
405 1794 547 1829 παρακοῆς
557 1794 602 1820 τὸν
620 1794 657 1820 ἰὸν
670 1794 786 1829 ἐξέχεεν,
801 1794 904 1821 ἐκεῖθεν

115 1840 130 1866 ὁ
158 1840 244 1874 Λόγος
273 1840 310 1875 (7)
335 1840 380 1867 διὰ
396 1840 446 1876 τῆς
465 1841 587 1876 ὑπακοῆς
609 1840 748 1873 εἰσελθὼν,
773 1841 818 1867 τὸν
843 1841 905 1868 ναὸν

114 1885 350 1921 ἑςωοπλάστησεν.
368 1885 448 1912 Ὅθεν
468 1886 483 1912 6
498 1886 605 1922 πρῶτος
617 1887 666 1922 τῆς
684 1887 820 1922 ἁμαρτίας
836 1887 906 1914 Κάῖν

115 1930 270 1966 προέκοψεν
292 1930 341 1966 (8),
364 1931 467 1958 ἐκεῖθεν
484 1933 498 1959 ὁ
512 1932 558 1959 τοῦ
573 1932 669 1966 γένους
689 1932 828 1968 λυτρωτὴς
839 1932 907 1969 Χρι-

116 1976 179 2008 στὸς
199 1977 327 2013 ἁσπόρως
339 1977 516 2013 ὲόλάστησεν.
532 1978 588 2004 Οὐκ
610 1978 767 2014 ὲπῃσχύνθη
786 1979 800 2004 6
814 1978 907 2012 φιλάν-

115 2021 226 2057 θρωπος
240 2023 289 2057 τὴν
302 2023 334 2048 ὲκ
349 2022 477 2056 γυναικὸς
489 2022 570 2048 ὠδῖνα
579 2030 587 2037 -
600 2021 662 2057 ζωὴ,
678 2021 733 2057 γὰρ
747 2019 781 2057 ἦν
793 2022 822 2048 τὸ
839 2031 908 2058 πρα-

114 2069 335 2105 γματευόμενον·
351 2070 400 2096 οὐκ
411 2069 546 2104 ἐμολύνθη
557 2070 671 2104 οἰκήσας
687 2071 803 2104 μήτραν,
819 2069 908 2105 ἥνπερ

155 2147 166 2164 ³
181 2148 261 2176 Rom.
281 2156 309 2182 v,
330 2148 375 2175 20.
413 2148 425 2164 ‘
444 2148 529 2176 Exod.
545 2156 587 2181 ιιι,
604 2148 632 2175 2.
669 2149 680 2164 ⁸
701 2148 751 2175 lsa.
770 2156 827 2181 xix,
847 2148 873 2176 1.

152 2227 191 2260 (4)
211 2226 275 2261 Leg.
297 2227 457 2263 cumraliis,
469 2227 622 2262 δοροφορεῖ.

152 2262 191 2297 (5)
212 2262 252 2288 Al.
266 2262 462 2296 ὲφαπλώσασα.

153 2298 192 2331 (6')
205 2298 246 2323 Al.
266 2298 282 2332 ὴ
299 2299 331 2323 ὲκ
343 2298 393 2332 τῆς
408 2297 554 2332 παρθένου.

153 2333 190 2366 (7)
207 2332 249 2359 ΑΙ.
265 2332 381 2367 ἐνέχεεν,
398 2333 456 2358 ἐκεῖ
469 2332 483 2357 6
498 2332 587 2364 λόγος.

153 2369 190 2402 (8)
212 2367 261 2394 Ms.
280 2368 341 2394 cod.
358 2367 459 2393 lllazar.
474 2367 635 2401 προέκοψεν.

153 2404 190 2437 (9)
212 2402 387 2436 Corporatum
403 2403 526 2437 portavit.
544 2403 623 2429 Μετὰ
638 2402 773 2437 σώματος
787 2401 902 2434 ,βαστιὶ-

115 2436 211 2465 caua.
236 2437 282 2464 Sic
306 2443 332 2465 et
352 2436 431 2465 vetns
455 2437 500 2464 ille
518 2436 687 2465 Vaticanusi
714 2446 773 2464 cum
796 2445 903 2470 corpore

117 2473 233 2509 portauit
245 2481 254 2499 :
273 2477 373 2509 non_ut
387 2473 457 2509 male
477 2473 613 2509 inle_rpres
636 2473 744 2500 concilii
760 2472 901 2509 Ephesiui,

116 2507 145 2544 et
162 2513 223 2544 post
246 2516 308 2535 eum
330 2507 501 2544 Riccardus:
524 2507 558 2534 In
576 2515 755 2544 corporedsuo
780 2507 900 2542 gestavit.

117 2542 238 2571 Tametsi
256 2543 329 2570 enim
345 2543 396 2570 hoc
413 2544 561 2569 maximum
575 2547 627 2573 est,
640 2547 670 2569 ut
685 2542 769 2570 Maria
781 2548 860 2569 utero
876 2547 903 2569 et

118 2580 145 2605 in
171 2587 222 2606 suo
248 2585 363 2612 corpore
388 2579 534 2612 gestaverit
560 2577 724 2610 Dominum;
743 2578 786 2604 hic
811 2581 901 2603 tamen

117 2613 233 2642 Proclus
247 2614 358 2640 modum
375 2614 509 2648 praecipue
533 2613 656 2648 respicit,
677 2621 732 2648 quo
770 2621 833 2640 cum
856 2613 901 2646 qui

117 2657 201 2684 super
227 2649 375 2676 Cherubim
393 2649 571 2682 incorporeus
588 2648 681 2680 sedet,
704 2657 765 2675 eum
787 2655 902 2682 corpore

115 2692 149 2711 ac
163 2693 196 2711 eo
208 2685 334 2711 indutum
346 2684 404 2718 ipsa
419 2684 547 2718 portavit.

152 2720 208 2753 (10)
219 2717 370 2746 Teum-imit
381 2718 485 2752 jugum.
495 2718 591 2753 Liquet
606 2718 673 2745 satis
687 2727 740 2745 non
758 2718 844 2752 accipi
858 2717 901 2744 hic

115 2761 211 2782 vocem
226 2755 297 2785 ἱστός
318 2762 366 2788 pro
387 2755 443 2787 ipsa
467 2754 538 2784 tela.
562 2754 613 2780 sub
639 2754 718 2787 cujus
744 2754 901 2787 metaphora

115 2789 231 2816 l'roelus
244 2790 371 2816 unionem
384 2789 469 2822 ipsam
485 2794 641 2815 naturarum
658 2788 789 2815 describit
802 2788 900 2813 l'aetam

116 2825 144 2851 in
166 2825 260 2856 Maria,
278 2831 358 2858 quam
383 2824 462 2857 paulo
486 2824 611 2857 superius
638 2824 699 2857 ejus
720 2823 901 2857 ἐργαστήριον

115 2860 195 2890 dixit.
204 2861 276 2886 velut
284 2859 434 2893 opiﬁciuam
442 2867 451 2885 :
464 2860 506 2886 hic
516 2860 647 2893 pressius,
660 2858 743 2885 ἱστόν·
755 2859 900 2884 lextoriuui

115 2895 207 2930 ipsum
224 2897 447 2926 instrumentum,
466 2894 492 2920 in
509 2901 563 2928 quo
580 2894 712 2922 mirabilis
731 2893 779 2921 illa
797 2894 849 2920 tela
869 2899 900 2918 ac

277 2943 413 2972 Pnuot.
436 2942 493 2973 Gn.
512 2943 606 2973 LXV.

911 2149 921 2164 ⁶
940 2147 1029 2176 Judic.
1050 2157 1089 2181 vr,
1107 2149 1151 2176 57.

955 974 1016 1001 qua:
1039 967 1179 994 sedentem
1198 974 1280 1001 super
1301 966 1464 999 Cherubim,
1487 970 1662 1000 corporatum
1680 973 1743 1000 por-

956 1013 1084 1047 Iavit(9);
1097 1013 1308 1040 mundissimum
1326 1013 1414 1040 vellus
1425 1012 1435 1027 ⁶
1454 1012 1549 1039 imbris
1563 1012 1692 1043 caelestis,
1707 1020 1742 1038 ex

955 1067 1011 1094 quo
1025 1059 1123 1086 Pastor
1139 1067 1217 1086 ovem
1232 1059 1330 1086 induit.
1347 1059 1443 1090 Maria,
1463 1059 1587 1093 inquam,
1602 1059 1700 1085 ancilla
1715 1062 1743 1085 et

955 1109 1058 1137 mater,
1075 1106 1161 1140 virgo,
1187 1113 1219 1132 ac
1245 1105 1354 1138 omium,
1369 1104 1416 1133 Dei
1439 1105 1472 1132 ad
1495 1105 1619 1133 homines
1645 1105 1742 1132 unicus

954 1151 1204 1185 pons,horreudum
1213 1150 1410 1178 incarnationis
1419 1151 1564 1178 textorinm
1574 1150 1740 1185 jugum(10),

954 1198 981 1224 in
993 1205 1048 1232 quo
1058 1197 1188 1225 ineﬂabili
1199 1197 1314 1232 quadam
1326 1197 1431 1224 ratione
1440 1196 1550 1224 uuionis
1561 1197 1635 1224 illius
1651 1197 1742 1224 tunica

953 1242 1079 1270 confecta
1095 1247 1137 1270 est
1153 1253 1158 1270 :
1178 1243 1257 1278 cujus
1271 1243 1381 1278 quidem
1396 1247 1486 1270 textor
1501 1243 1607 1270 exstitit
1623 1242 1742 1278 Spiritus

954 1292 1085 1320 sanctus;
1107 1288 1223 1321 nectrix,
1240 1288 1328 1316 virtus
1344 1288 1513 1315 obumbrans
1527 1296 1560 1315 ex
1579 1288 1651 1319 alto;
1667 1288 1740 1320 lana,

954 1333 1096 1368 antiquum
1112 1334 1208 1360 Adami
1222 1334 1326 1368 vellus;
1347 1338 1444 1366 trama,
1467 1334 1608 1368 impolluta
1626 1341 1690 1361 caro
1709 1342 1741 1361 ex

954 1379 1059 1414 virgine
1075 1380 1148 1414 (ll);
1165 1381 1301 1407 textorius
1328 1379 1432 1413 radius,
1453 1381 1584 1407 immensa
1611 1381 1742 1415 gestantis

954 1426 1061 1460 gratia;
1078 1427 1176 1453 artifex
1199 1427 1320 1459 tandem,
1338 1425 1457 1454 Verbum
1471 1434 1520 1461 per
1539 1426 1659 1453 auditum
1684 1427 1742 1453 illa-

953 1473 1031 1501 beus.
1049 1473 1117 1506 Quis
1130 1472 1209 1504 vidit.
1223 1473 1286 1505 quis
1301 1472 1415 1505 audivit,
1429 1472 1598 1500 inhabitasse
1614 1471 1698 1500 Deum
1715 1474 1742 1499 in

955 1524 1034 1547 utero
1057 1520 1298 1554 incircumscripte
1323 1519 1405 1554 (12);
1432 1527 1463 1547 ac
1486 1527 1548 1546 eum
1578 1527 1660 1554 quem
1681 1520 1741 1546 (ξωιί

956 1573 1054 1600 capere
1078 1573 1131 1592 non
1158 1569 1295 1599 poterant,
1318 1565 1402 1592 nullis
1427 1569 1563 1592 arctatum
1589 1566 1741 1600 angustiis,

957 1614 1081 1638 ventrem
1099 1610 1221 1645 Virginis
1238 1610 1498 1644 comprehendisse?

994 1657 1024 1684 ll.
1040 1656 1125 1684 Natus
1141 1664 1223 1691 porro
1239 1664 1272 1684 ex
1293 1656 1405 1684 muliere
1421 1660 1473 1688 est,
1486 1655 1557 1684 Deus
1571 1665 1624 1684 non
1642 1656 1741 1687 nudus.

957 1706 985 1728 at
998 1709 1048 1729 nec
1060 1702 1142 1729 homo
1157 1710 1258 1737 purus;
1272 1705 1408 1737 natusque
1420 1710 1478 1730 eam
1490 1710 1550 1737 qua:
1564 1703 1627 1730 olim
1639 1703 1741 1738 peccati

959 1752 1036 1783 porta
1049 1747 1148 1780 fuerat,
1165 1748 1264 1775 salutis
1286 1749 1399 1783 januam
1424 1747 1523 1776 eﬂ'ecit.
1537 1748 1605 1775 Nam
1623 1748 1668 1775 ubi
1688 1755 1740 1775 ser-

959 1802 1027 1829 pens
1034 1802 1082 1828 per
1093 1794 1308 1822 iuobedientiam
1321 1795 1474 1830 ingressum
1492 1795 1566 1822 virus
1577 1794 1709 1834 ell‘uderat
1720 1795 1742 1826 ⁷,

958 1840 995 1867 ibi
1017 1839 1138 1867 Verbum
1163 1848 1211 1876 per
1236 1841 1419 1868 obedientiam
1449 1841 1620 1876 ingres‘Sum,
1653 1841 1741 1868 vivum

957 1886 1010 1913 sibi
1026 1886 1206 1914 exaediﬁcavit
1222 1887 1363 1922 templum.
1383 1886 1461 1914 Unde
1487 1887 1591 1922 peccati
1606 1887 1651 1914 ille
1665 1887 1741 1922 priu-

957 1932 1076 1967 cipatum
1093 1935 1188 1960 tenens
1201 1932 1269 1960 Cain
1290 1936 1439 1960 emerserat
1461 1932 1483 1964 ⁵,
1501 1933 1564 1960 inde
1579 1931 1741 1967 Redemptor

958 1977 1066 2011 generis
1094 1977 1223 2005 Christus
1248 1977 1307 2005 sine
1327 1978 1431 2005 semine
1445 1978 1555 2012 prodiit.
1568 1977 1626 2004 Non
1635 1978 1744 2005 erubuit

958 2023 1084 2051 Clemens
1109 2023 1180 2052 Deus
1208 2024 1284 2051 nasci
1312 2032 1346 2051 ex
1376 2024 1499 2051 muliere.
1527 2023 1593 2050 Nam
1616 2025 1670 2051 vita
1686 2028 1744 2051 erat

959 2069 1031 2104 quod
1042 2070 1078 2096 ita
1092 2070 1275 2097 moliebatur:
1288 2070 1390 2096 nullam
1405 2071 1542 2098 contraxit
1555 2071 1641 2098 labem
1657 2071 1743 2098 vulvae

1190 2150 1200 2165 ⁷
1212 2149 1280 2176 Gen.
1298 2158 1338 2182 tn,
1355 2150 1382 2176 (i.
1420 2149 1510 2177 “Gen.
1526 2159 1562 2182 tv,
1579 2151 1603 2177 1.

955 2227 1094 2254 consertio
1121 2231 1282 2254 naturarum
1315 2227 1385 2254 facta
1410 2228 1446 2255 sit
1469 2227 1559 2255 divina
1584 2228 1683 2255 virtute
1710 2236 1742 2256 ac

955 2266 1022 2289 arte.
1042 2261 1109 2289 Vide
1125 2262 1299 2289 Riccardum.

992 2298 1047 2331 (ll)
1057 2297 1203 2331 [inpolluta
1218 2305 1280 2323 caro
1294 2305 1326 2325 ex
1338 2297 1444 2332 virgine.
1455 2297 1561 2325 Placuit
1573 2298 1629 2326 haec
1644 2299 1740 2331 lectio;

954 2339 984 2360 ut
1000 2334 1059 2366 ipsa
1076 2332 1244 2369 significetur
1262 2332 1362 2369 Christi
1378 2340 1459 2369 eam,
1480 2341 1510 2359 ac
1529 2342 1609 2367 quam
1627 2335 1684 2369 ipse
1698 2343 1741 2367 ge-

954 2368 1051 2398 stavit;
1066 2368 1256 2400 cujusunioue
1266 2375 1296 2393 ac
1308 2368 1424 2394 mirabili
1436 2371 1543 2394 textura
1556 2376 1616 2395 cum
1629 2370 1740 2400 deitate,

954 2403 1024 2429 facta
1042 2407 1083 2429 est
1095 2403 1253 2429 (accumula:
1267 2403 1310 2429 illa
1326 2403 1377 2429 tela
1396 2411 1427 2428 ac
1446 2404 1547 2429 tunica.

990 2438 1047 2470 (12:
1066 2436 1306 2471 Incircumscriple.
1334 2437 1439 2464 Habent
1462 2443 1619 2465 constanter
1632 2439 1741 2466 codices

954 2472 1184 2508 ἀπεριγράπτως·
1210 2481 1270 2506 utne
1282 2481 1333 2499 vox
1346 2473 1372 2498 in
1384 2472 1506 2505 subjecta
1520 2475 1631 2501 materia
1645 2475 1741 2501 admo-

953 2509 1018 2534 dum
1032 2507 1187 2534 communis
1209 2512 1266 2539 est;
1284 2516 1335 2534 nec
1358 2508 1435 2534 video
1449 2513 1478 2534 ut
1493 2508 1636 2535 debuerint
1657 2510 1741 2536 inter-

954 2547 1044 2577 pretes
1070 2542 1204 2580 adjective
1232 2542 1362 2580 reddere,
1390 2546 1518 2580 tauquam
1537 2549 1616 2580 esset
1642 2545 1741 2580 ἀπερί-

953 2586 1090 2613 γραπτος·
1107 2577 1147 2604 vel
1173 2578 1330 2605 adverbium
1349 2578 1450 2613 rminus
1471 2577 1636 2612 quadraret.
1666 2577 1739 2608 quod

953 2612 1037 2640 unum
1055 2618 1144 2639 tamen
1161 2614 1276 2640 maxime
1284 2612 1408 2647 quadrat,
1420 2617 1483 2639 utet
1496 2614 1576 2647 paulo
1588 2615 1740 2641 inferiusrb

953 2648 1117 2683 ἁφθάρτως·
1133 2656 1167 2675 ex
1194 2655 1249 2682 quo
1259 2649 1332 2683 male
1344 2647 1485 2680 Cajanitze.
1507 2653 1575 2675 teste
1594 2649 1740 2676 Anastasio

953 2684 1001 2710 lib.
1029 2682 1126 2717 Ὅδηγι.
1156 2690 1216 2717 cap.
1237 2682 1269 2709 10
1293 2683 1343 2710 sibi
1360 2683 1496 2718 ἄφθαρτος
1515 2683 1646 2715 fecerant,
1662 2689 1691 2711 ut
1707 2692 1740 2711 eo

953 2719 1101 2753 probarent
1125 2718 1226 2744 Christi
1244 2719 1324 2753 etiam
1347 2720 1470 2751 corporis
1493 2718 1737 2753 incorruptionem,

954 2752 1014 2780 rum
1041 2753 1157 2780 Proclus
1186 2753 1273 2780 solum
1293 2752 1415 2787 designet
1439 2753 1549 2780 modum
1574 2752 1737 2780 nativitatis.

953 2788 1031 2821 Quod
1049 2789 1109 2822 ejus
1136 2789 1195 2815 loco
1216 2789 1316 2815 habent
1333 2788 1412 2814 modo
1440 2789 1561 2818 codices,
1578 2790 1737 2824 ἀφράστως,

955 2832 1001 2857 per
1025 2823 1189 2859 imperitiam
1217 2824 1326 2857 irrepsit
1356 2824 1592 2858 antiquariorum,
1618 2823 1646 2852 et
1673 2824 1737 2859 quia

955 2859 1075 2894 proxime
1086 2858 1255 2894 praecedebat
1266 2858 1296 2884 τὸ
1309 2858 1457 2893 ἄφραστον.

1540 2941 1577 2970 22
