1967 3075
200 170 253 198 083

810 171 839 198 Β.
861 170 987 199 PROCLI
1007 171 1059 200 GP.
1078 171 1234 203 EPiSCOPl

1781 175 1834 205 ΕΜ

200 231 331 267 hospitio.
344 238 426 266 quam
439 230 514 258 nullo
530 230 588 266 ipse
604 230 763 259 condiderat
779 238 830 259 suo
844 231 990 259 dedecore.

1044 232 1124 265 αὐτὸς
1137 233 1308 269 ἀνυὸρίστως
1323 233 1550 269 ἐδημιούργησεν.
1564 233 1595 260 Εἰ
1611 233 1648 270 μὴ
1662 235 1717 271 γὰρ
1732 236 1832 272 παρθέ-

200 277 258 305 Nisi
276 278 349 305 enim
377 280 465 304 mater
492 277 568 311 virgo
585 277 779 312 perseveravit,
797 277 892 312 utique
906 284 992 312 purus

200 325 283 352 homo
294 329 335 352 est
351 324 397 359 qui
421 328 464 352 est
489 328 581 357 natus,
605 331 655 351 nec
668 328 710 351 est
727 328 823 358 partus
846 323 990 350 mirabilis.

200 371 233 398 At
250 373 273 400 si
289 372 370 399 etiam
387 374 448 406 post
464 374 568 405 partmn
584 371 661 405 virgo
669 370 818 405 permansit
829 391 836 403 ,
854 370 992 405 quomodo

199 426 254 445 non
275 418 358 446 etiam
385 418 437 444 erit
463 416 546 449 Deus,
575 424 606 443 ac
626 417 785 452 mysterium
808 417 889 451 quale
912 424 992 443 nemo

199 463 276 490 elfari
292 463 399 498 potest?
426 461 505 488 Nulla
533 462 557 489 is
581 462 758 496 corruptione
783 465 864 488 natus
876 464 929 492 est,
944 460 991 495 qui

201 509 276 536 nullo
288 508 453 544 prohibente
467 508 569 535 clausis
582 507 825 542 januisiugressus
833 511 892 540 est;
911 507 991 542 cujus

200 554 321 583 Thomas
345 555 508 590 conjunctas
536 559 650 581 naturas
681 553 777 581 videns
796 574 803 585 ,
830 553 992 581 exclamavit

200 601 323 636 dixitque
337 610 342 627 :
365 601 493 628 Dominus
510 609 593 632 meus,
607 605 631 627 et
648 599 717 627 Deus
730 608 802 627 meus
818 600 839 626 '.

235 648 280 676 ΙΙΙ,
298 648 320 676 0
334 649 425 679 homo,
441 656 475 675 ne
494 653 601 682 partum
622 647 695 673 hunc
708 646 926 674 erubescendum
942 653 991 681 pu-

201 699 242 722 Ies
261 703 267 721 :
284 695 385 729 quippe
410 694 456 728 qui
487 693 583 720 salutis
608 692 688 719 nobis
707 699 792 718 causa
810 690 924 718 effectus
944 690 990 718 sit.

200 739 268 767 Nam
295 739 318 766 si
347 747 380 766 ex
407 738 521 765 muliere
543 741 624 764 natus
649 744 704 763 non
726 740 810 767 esset,
824 743 878 762 non
899 735 992 770 utique

200 789 316 813 mortem
342 785 518 820 oppetivisset
536 792 543 809 :
560 783 634 818 quod
651 783 674 810 si
692 790 776 810 carne
796 786 911 809 mortem
936 789 991 809 non

200 832 371 868 oppetiisset,
398 839 487 866 neque
514 830 590 858 illum
615 836 725 864 quoque
742 836 791 864 per
814 832 929 854 mortem
942 827 990 854 de-

200 880 356 911 struxisset,
374 879 418 914 qui
433 876 543 904 habebat
555 876 647 902 mortis
668 875 820 909 imperium,
834 873 861 900 id
876 878 915 900 est
930 873 991 899 dia-

1043 287 1087 311 νος
1101 279 1206 315 ἔμεινεν
1226 281 1242 314 ἡ
1262 281 1364 316 μήτηρ,
1376 279 1454 315 ψιλὸς
1469 279 1612 316 ἄνθρωπος
1626 282 1640 307 6
1653 282 1768 317 τεχθεὶς.
1784 284 1832 310 καὶ

1041 325 1073 351 οὐ
1091 326 1242 361 παράδοξος
1264 327 1278 352 6
1299 325 1377 357 τόκος
1388 334 1394 341 ·
1412 326 1435 352 εἰ
1451 325 1479 352 δὲ
1496 327 1544 353 καὶ
1565 326 1634 361 μετὰ
1646 327 1725 354 τόκον
1741 328 1832 363 ἔμεινε

1043 372 1187 408 παρθένος,
1198 373 1256 404 πῶς
1265 373 1326 407 οὐχὶ
1339 373 1386 399 καὶ
1397 372 1472 406 Θεὸς,
1485 373 1533 400 καὶ
1547 373 1578 399 τὸ
1589 375 1738 410 μυστήριον
1748 375 1829 410 ἄφρα»

1043 426 1124 451 στον;
1142 419 1260 450 Ἐκεῖνος
1276 419 1424 455 ἀφράστως
1445 419 1502 454 (Μ)
1519 420 1660 455 ἐγεννήθη,
1684 421 1698 447 6
1714 420 1761 446 καὶ
1778 421 1833 446 τῶν

1043 464 1132 499 θυρῶν
1159 465 1361 500 κεκλεισμένων
1382 465 1510 492 εἰσελθὼν
1536 466 1702 498 ἀκωλύτως·
1725 464 1756 494 οὗ
1784 466 1833 502 τὴν

1043 510 1173 545 συζυγίαν
1188 511 1242 537 τῶν
1263 511 1370 545 φύσεων
1394 511 1455 538 ἰδὼν
1480 513 1494 539 6
1515 512 1632 547 Θωμᾶς,
1651 513 1832 549 ὰνεκεκράγει

1041 556 1127 592 λέγων
1136 566 1143 572 ·
1163 557 1193 584 '0
1207 558 1315 592 Κύριός
1323 567 1394 593 μου,
1407 558 1455 585 καὶ
1465 560 1481 586 ὁ
1494 559 1566 591 Θεός
1574 567 1644 593 μου.

1077 647 1114 676 I'.
1135 647 1181 684 Μὴ
1196 648 1383 684 (ἐπαισχυνθῇς
1393 649 1443 684 τὴν
1462 648 1554 680 ὠδῖνα.
1565 646 1588 676 ὣ
1601 649 1726 685 ἄνθρωπε
1736 657 1743 663 ·
1762 650 1832 685 αὕτη

1047 693 1102 728 γὰρ
1117 694 1182 728 ἡμῖν
1199 693 1293 727 γέγονε
1324 693 1460 728 σωτηρίας
1484 694 1606 729 ἀφορμή.
1624 694 1655 720 Ei
1670 693 1706 729 μὴ
1724 693 1778 729 γὰρ
1799 695 1833 720 ὲκ

1042 739 1174 774 γυναικὸς
1184 739 1327 774 ἐγεννήθη,
1339 739 1389 765 οὐκ
1403 738 1436 765 ἂν
1446 739 1580 766 ἀπέθανεν
1589 747 1596 754 ·
1606 740 1629 765 εἰ
1643 739 1679 774 μὴ
1688 738 1832 768 ἀπέθανεν,

1043 785 1093 812 οὐκ
1105 784 1137 812 ἂν
1153 785 1196 811 διὰ
1210 785 1257 811 τοῦ
1269 784 1385 811 θανάτου
1394 785 1476 812 αὐτοῦ
1486 786 1553 821 κατή
1559 794 1643 821 ργησε
1655 785 1707 812 τὸν
1718 786 1751 811 τὸ
1763 784 1833 819 κρά-

1042 840 1092 863 τος
1103 830 1279 865 ἔχοντα.τοῦ
1292 831 1423 858 θανάτου
1433 851 1441 862 ,
1462 831 1600 858 τουτέστι
1612 832 1665 858 τὸν
1679 831 1832 859 διάϐολον.

1043 877 1099 911 Οὐχ
1129 877 1207 911 ὗόρις
1234 877 1405 912 ἀρχιτέκτονι
1421 878 1523 912 μεῖναι,
1536 877 1564 903 ὲν
1582 873 1622 908 οἷς
1639 876 1719 908 αὐτὸς
1734 877 1834 911 ᾠκοδό-

200 924 288 952 bolum
312 925 344 951 ¹⁰.
366 910 582 958 llaudquaquam
610 920 761 947 architecto
788 918 914 946 dedecori
937 921 990 950 est,

1045 910 1145 957 μησεν
1159 910 1188 948 οὺ
1204 910 1306 957 μιαίνει
1319 922 1404 955 πηλὸς
1418 910 1463 948 τὸν
1477 922 1612 957 κεραμέα,
1624 910 1834 955 ἀνακαινέζοντα

200 975 230 998 ut
251 978 310 998 eam
340 970 439 997 incolat
467 969 577 995 domum
610 974 692 1002 quant
721 966 779 1001 ipse
805 965 990 999 cxstruxerit;

199 1017 383 1053 nequelutum
402 1015 513 1050 figulum
524 1013 620 1044 inﬁcit,
634 1020 695 1040 cum
705 1012 749 1040 ille
762 1012 903 1040 vasculum
918 1012 991 1047 quod

200 1063 327 1094 ﬁnxerat,
347 1060 456 1096 reliugit
477 1060 536 1086 :ita
553 1066 588 1086 ne
608 1058 751 1093 quicquam
774 1056 858 1085 Deum
875 1057 987 1092 purissi-

200 1117 275 1137 mum
304 1107 411 1144 polluit,
436 1105 508 1142 quod
526 1113 559 1133 ex
585 1104 712 1139 virginali
737 1108 815 1131 utero
847 1103 990 1138 prodierit.

200 1156 287 1188 Quam
306 1153 379 1181 enim
390 1152 459 1180 citra
474 1158 582 1178 onmem
595 1150 636 1177 sui
654 1150 742 1177 labem
765 1149 941 1180 formaverat,
959 1156 991 1176 ex

199 1209 232 1229 ea
263 1200 337 1228 nulla
362 1203 503 1226 contracta
530 1196 635 1224 macula
668 1195 812 1230 processit.
836 1194 990 1226 0uterum,

201 1247 229 1274 in
248 1255 304 1282 quo
319 1245 474 1273 communis
495 1243 636 1271 hominum
649 1241 782 1269 libertatis
793 1241 902 1268 libellus
917 1248 992 1267 com~

199 1293 307 1328 positus
321 1292 380 1319 estl
407 1289 429 1317 0
450 1293 585 1322 ventrem,
600 1288 627 1315 in
643 1295 697 1323 quo
715 1287 847 1315 adversus
855 1286 990 1314 diabolum

199 1338 351 1367 fabrefacta
363 1341 428 1365 sunt
448 1336 540 1363 arma!
559 1334 580 1362 0
594 1342 702 1366 arvum,
712 1333 739 1360 in
753 1341 808 1368 quo
819 1337 923 1360 natura:
935 1332 992 1367 ipse

199 1385 316 1412 colonus
330 1384 390 1411 sine
405 1382 510 1410 semine
519 1381 622 1416 spicam
632 1379 716 1407 edidit
732 1380 802 1414 (13)!
820 1378 841 1405 Ο
851 1378 990 1414 templum,

201 1431 230 1458 in
247 1438 300 1466 quo
314 1429 385 1457 Deus
414 1427 544 1456 sacerdos
569 1426 683 1454 elfectus
700 1430 757 1459 est;
783 1433 838 1453 non
866 1429 991 1452 naturain

201 1477 356 1507 demutans,
382 1474 430 1502 sed
460 1481 522 1501 eum
553 1481 602 1508 per
625 1471 842 1500 misericordiam
863 1471 990 1502 induens,

201 1523 248 1559 qui
259 1527 299 1550 est
308 1521 458 1549 secundum
473 1519 596 1547 ordinem
607 1518 804 1546 Melchisedech
821 1518 862 1544 “l
880 1517 991 1544 Verbum

200 1577 264 1596 caro
279 1568 379 1603 [actum
389 1571 426 1594 est
437 1567 459 1582 "
470 1585 477 1597 ,
487 1572 644 1601 quanquam
659 1562 745 1590 Judaei
758 1563 858 1590 dicenti
877 1561 992 1589 Domino
1006 1584 1026 1612 Ο

200 1614 389 1643 nouercdant.
410 1611 480 1639 Vere
507 1611 578 1638 Deus
599 1610 714 1636 fortnam
740 1608 860 1636 hominis
883 1607 991 1640 induit,

200 1661 310 1689 tametsi
325 1659 440 1696 gentiles
452 1657 614 1684 miraculum
629 1655 810 1682 subsannent.
823 1654 864 1680 0b
878 1653 903 1680 id
919 1653 991 1680 enim

201 1707 336 1735 clamabat
351 1706 454 1733 Paulus
471 1714 478 1731 :
495 1703 598 1730 Judaais
615 1702 719 1735 quidem
735 1699 905 1731 scandalum,
924 1707 991 1733 gen-

202 1754 270 1781 tibus
301 1761 360 1780 vero
381 1751 524 1779 stultitiam
540 1750 573 1775 ¹¹.
591 1748 658 1774 Nam
686 1755 774 1782 neque
797 1746 918 1782 mysterii
938 1746 990 1772 vim

201 1803 397 1836 cognoverunt,
418 1806 450 1825 eo
470 1795 542 1832 quod
568 1794 729 1822 miraculum
743 1798 852 1828 captum
883 1797 992 1827 superet

200 1854 233 1874 ac
245 1846 378 1873 rationem
397 1853 404 1871 ε
424 1842 453 1870 Si
475 1842 544 1869 enim
572 1839 764 1874 cognovissent,
784 1846 918 1872 nunquam
942 1837 991 1863 Do-

200 1894 302 1921 minum
325 1892 417 1928 gloria!
437 1889 630 1923 cruciﬁzissent
644 1887 676 1912 η.
698 1886 756 1913 Nisi
775 1886 848 1912 enim
872 1885 990 1912 Verbum

201 1943 310 1968 uterum
336 1937 535 1968 inhabitasset,
566 1942 656 1970 neque
679 1941 745 1961 caro
768 1931 939 1959 consedisset
964 1932 992 1958 in

1042 968 1111 1003 ὅπερ
1125 968 1226 994 ἔπλασε
1244 968 1355 1000 σκεῦος·
1372 968 1457 1000 οὕτως
1473 968 1534 995 οὐδὲ
1554 968 1654 1003 μιαίνει
1672 969 1716 995 τὸν
1730 969 1833 1004 ἄχραν-

1041 1023 1087 1040 τον
1103 1014 1179 1046 Θεὸν,
1195 1014 1225 1040 τὸ
1240 1015 1273 1041 ὲκ
1292 1014 1459 1049 παρθενικῆς
1478 1015 1597 1050 γαστρὸς
1610 1015 1760 1050 προελθεῖν.
1780 1015 1834 1042 Ἦν

1042 1057 1097 1092 γὰρ
1113 1057 1238 1085 πλάττων
1263 1058 1313 1084 οὐκ
1339 1059 1472 1094 ὲμολύνθη
1482 1079 1489 1090 ,
1509 1059 1553 1085 διὰ
1567 1059 1667 1094 ταύτης
1682 1059 1832 1095 προελθὼν,

1042 1104 1091 1130 οὐκ
1108 1104 1234 1139 ἐμιάνθη.
1245 1105 1276 1130 Ὢ
1285 1105 1401 1140 γαστὴρ,
1413 1106 1442 1131 ὲν
1457 1103 1514 1142 ᾖτὸ
1526 1106 1574 1141 τῆς
1589 1106 1742 1141 ἐλευθερίας
1752 1106 1834 1141 ἡμῶν

1042 1152 1231 1186 γραμματεῖον
1259 1151 1410 1186 συνετάγηξ
1426 1151 1448 1177 ὢ
1462 1151 1560 1183 κοιλία,
1576 1151 1605 1178 ὲν
1651 1151 1681 1178 τὸ
1697 1152 1767 1179 κατὰ
1783 1152 1833 1178 τοῦ

1041 1197 1164 1224 διαϐόλου
1179 1197 1259 1224 ὅπλον
1275 1197 1442 1232 ὲχαλκεύθηῑ
1454 1196 1477 1223 ὦ
1491 1197 1605 1232 ἄρουρα,
1619 1198 1647 1223 ὲν
1688 1199 1701 1224 ὁ
1718 1198 1766 1233 τῆς
1781 1198 1833 1231 φύ-

1043 1250 1111 1274 σεως
1126 1242 1249 1278 γεωργὸς
1262 1243 1308 1270 τὸν
1322 1243 1441 1277 ἄσταχυν
1459 1243 1587 1279 ἁσπόρως
1609 1242 1792 1278 ἑϐλάστησενῑ
1810 1242 1835 1269 ὦ

1043 1288 1116 1320 ναὸς,
1135 1289 1164 1314 ὲν
1209 1288 1275 1320 Θεὸς
1292 1289 1402 1322 γέγονεν
1417 1288 1507 1324 ἱερεύς
1520 1297 1525 1303 ·
1543 1289 1573 1314 οὐ
1587 1289 1635 1324 τὴν
1651 1288 1730 1324 φύσιν
1747 1298 1834 1324 μετα-

1044 1334 1141 1365 ϐαλὼν,
1160 1334 1228 1361 ἀλλὰ
1243 1334 1287 1361 τὸν
1303 1334 1373 1361 κατὰ
1383 1334 1431 1370 τὴν
1448 1334 1524 1368 τάξιν
1537 1334 1583 1361 τοῦ
1605 1335 1773 1370 Μελχισεδὲκ
1797 1336 1831 1361 δι’

1043 1378 1133 1407 οἶκτον
1154 1380 1350 1415 ὲνδυσάμενοςῑ
1373 1381 1403 1407 '0
1425 1381 1518 1415 Λόγος
1541 1381 1619 1415 σὰρξ
1634 1381 1761 1416 ἐγένετο,
1779 1380 1834 1409 κᾶν

1049 1427 1171 1454 Ἰουδαῖοι
1185 1427 1337 1454 ἀπιστῶσιν
1364 1427 1392 1453 Ὀ
1409 1427 1474 1458 Θεὸς
1493 1427 1599 1463 μορφὴν
1615 1427 1756 1464 ἀνθρώπου
1771 1427 1834 1462 ἑφό-

1046 1482 1124 1508 ρεσεν
1146 1472 1264 1508 ἀληθῶς,
1283 1473 1334 1500 κᾶν
1356 1473 1483 1509 Ἓλληνες
1507 1474 1658 1509 κωμῳδῶσι
1677 1475 1708 1501 τὸ
1729 1475 1831 1510 Θαῦμα.

1043 1519 1094 1545 Διά
1107 1519 1161 1555 γὰρ
1171 1519 1251 1546 τοῦτο
1260 1528 1266 1534 ·
1283 1519 1433 1552 Ἰουδαίοις
1444 1520 1503 1554 μὲν
1515 1520 1833 1554 σκάνδαλον,”Ελλ-ησι

1043 1565 1077 1591 δὲ
1087 1566 1213 1600 μωρίαν,
1228 1566 1241 1592 ὁ
1259 1565 1364 1596 Παῦλος
1385 1566 1459 1592 ὲῧόα.
1477 1566 1529 1592 Τοῦ
1549 1567 1602 1602 γὰρ
1621 1567 1769 1602 μυστηρίου
1784 1567 1835 1602 τὴν

1043 1611 1158 1647 δύναμιν
1173 1612 1223 1638 οὐκ
1243 1611 1375 1645 ἔγνωσαν,
1388 1613 1482 1648 ἐπειδὴ
1496 1612 1566 1648 ὑπὲρ
1583 1613 1661 1646 λόγον
1677 1613 1707 1639 τὸ
1723 1613 1815 1647 Θαῦμα
1826 1621 1833 1627 ·

1043 1658 1078 1684 Εἰ
1100 1657 1154 1691 γὰρ
1167 1657 1315 1692 ἔγνωσαν,
1342 1659 1398 1685 οὐκ
1416 1658 1454 1685 ἂν
1471 1659 1524 1685 τὸν
1541 1659 1649 1692 Κύριον
1670 1658 1724 1692 τῆς
1742 1658 1836 1691 δόξης

1042 1703 1248 1737 ἐσταύρωσαν.
1269 1705 1300 1730 Εἰ
1321 1704 1358 1740 μὴ
1375 1704 1427 1740 γὰρ
1451 1705 1465 1731 ὁ
1482 1705 1567 1739 Λόγος
1591 1704 1681 1740 ᾤκησε
1701 1705 1834 1740 γαστέρα,

1041 1748 1091 1775 οὐκ
1103 1749 1136 1775 ἄν
1153 1749 1287 1784 ἐκαθέσθη
1303 1750 1318 1784 ἠ
1336 1750 1403 1786 σὰρξ
1415 1751 1460 1776 ἐπὶ
1473 1750 1519 1777 τοῦ
1537 1750 1614 1784 ἁγίου
1629 1749 1737 1785 Θρόνου.
1751 1751 1782 1776 Εἰ
1795 1749 1836 1784 τῷ

1043 1794 1103 1830 Θεῷ
1118 1794 1197 1831 ὕϐρις
1219 1796 1260 1827 εἰς
1278 1796 1386 1831 μήτραν
1410 1797 1443 1832 ἢν
1466 1795 1583 1823 ἔπλασεν
1601 1795 1700 1827 ἐλθεῖν,
1718 1796 1771 1831 ἄρα
1787 1796 1836 1822 καὶ

1044 1840 1074 1867 τδ
1088 1842 1143 1872 τοῖς
1160 1841 1318 1876 ἀνθρώποις
1340 1842 1484 1869 διακονεῖν.
1506 1842 1561 1869 Καὶ
1573 1843 1597 1868 ei
1618 1842 1657 1877 τῷ
1673 1841 1733 1877 Θεῷ
1755 1841 1836 1877 ὕϐρις

1045 1889 1100 1919 τοῖς
1111 1887 1265 1923 ἀνθρώποις
1275 1888 1420 1922 διακονεῖν,
1433 1889 1485 1916 οὐκ
1499 1888 1531 1915 ἂν
1542 1889 1576 1915 δι’
1587 1889 1662 1924 ἡμᾶς
1678 1887 1837 1923 ὲπτώχευσε

1047 1932 1174 1964 πλούσιος
1190 1932 1237 1959 ὥν.

199 1989 300 2016 throno
313 1990 418 2014 sancto.
432 1983 460 2011 Si
477 1984 530 2011 Deo
555 1982 712 2017 ignominiae
736 1984 822 2013 esset,
857 1979 885 2007 in
920 1983 1027 2007 uterum
1046 1980 1121 2007 illabi
1145 1989 1226 2016 quem
1251 1981 1309 2016 ipse
1329 1981 1475 2015 formarat,
1503 1985 1576 2009 esset
1605 1989 1715 2017 quoque
1733 1980 1837 2016 probro

200 2035 355 2064 hominibus
366 2033 532 2060 ministrare.
547 2031 623 2064 Quod
642 2030 665 2058 si
687 2029 742 2057 Deo
755 2032 828 2057 esset
851 2028 953 2063 probro
968 2028 1125 2056 ministrare
1142 2028 1310 2062 hominibus,
1338 2029 1549 2065 haudquaquam
1580 2036 1641 2056 cum
1657 2028 1733 2055 dives
1750 2032 1837 2059 esset,

200 2090 250 2118 pro
265 2081 346 2109 nobis
363 2087 465 2115 egenus
481 2078 568 2105 factus
580 2080 654 2104 esset
667 2077 699 2102 “.

237 2128 280 2155 IV.
299 2127 350 2161 Qui
370 2135 417 2162 per
435 2129 560 2153 naturam
575 2124 754 2160 impassibilis
766 2128 834 2155 erat,
847 2123 870 2150 is
879 2126 990 2157 propter

200 2183 278 2204 suam
290 2173 505 2202 misericordiam
516 2171 607 2198 multis
616 2178 645 2198 se
656 2169 830 2205 passionibus
838 2169 987 2196 obnoxium

201 2221 274 2250 fecit.
288 2219 504 2254 Haudquaquam
528 2217 655 2244 Christus
668 2224 701 2243 ex
721 2214 846 2250 profectu
860 2214 888 2240 in
903 2213 986 2240 Deum

237 2305 248 2321 ’
263 2303 342 2331 Joan.
360 2311 406 2334 xx,
427 2301 474 2329 ‘28.
531 2301 553 2316 ¹⁰
574 2299 658 2328 Hebr.
672 2306 704 2330 ll,
721 2298 764 2326 14.

238 2340 259 2356 ¹⁸
282 2340 302 2367 ιι
317 2339 381 2366 Cor.
398 2345 458 2369 vuI,
472 2336 499 2364 9.

236 2411 293 2448 (15)
311 2410 426 2448 Spicum
445 2408 537 2448 edidit,
551 2408 597 2434 τὸν
620 2407 747 2448 (ia-raqu
757 2404 992 2448 ἐϐλάστησε.υξ³ίιτ
1010 2406 1032 2434 D

201 2441 254 2475 lam
269 2441 374 2477 active,
405 2445 462 2472 sive
482 2445 609 2471 colonum
633 2443 712 2477 illum
729 2441 844 2468 Proclus
862 2441 994 2477 intelligat

202 2482 335 2518 Spiritum
351 2475 475 2518 sanctum
486 2500 493 2511 ,
510 2479 568 2518 sive
585 2479 672 2518 ipsum
685 2476 830 2518 'Verbuur;
845 2483 907 2502 nam
924 2475 993 2502 utri-

200 2512 255 2553 que
274 2517 403 2553 tribuitur
415 2515 543 2553 formatio
559 2512 691 2552 Dominici
709 2512 845 2553 corporis,
862 2515 890 2538 et
902 2513 991 2553 city-ut

201 2545 305 2587 spicam
319 2551 459 2587 Christum
488 2549 671 2587 achominem
693 2545 882 2587 sitte’semiue
895 2545 991 2587 edide:

199 2581 284 2619 runt;
308 2594 358 2614 nec
381 2585 461 2613 video
481 2590 510 2611 ut
527 2585 689 2617 interpretes
715 2583 749 2619 ab
764 2590 796 2619 ea
819 2581 879 2619 eju_s
898 2581 991 2619 pltrasi

200 2616 349 2650 abhorrere
369 2621 524 2651 debuerint,
544 2627 576 2646 ac
592 2616 688 2644 neutro
705 2618 829 2644 reddere.
855 2616 992 2643 Pauloiu-

200 2658 286 2686 ferius
306 2658 333 2683 in
357 2657 448 2684 verbis
479 2656 544 2685 illis,
575 2654 628 2688 ἄρα
649 2654 740 2679 καὶτὸ
758 2653 814 2683 τοῖς
836 2651 991 2686 ἀνθρώποις

199 2693 349 2720 διακονεῖν’
376 2692 415 2719 sic
428 2695 539 2718 secutus
556 2687 615 2716 Vat,
636 2688 770 2719 codicem,
790 2691 819 2713 ut
835 2687 918 2713 nolim
935 2694 990 2713 non

199 2736 322 2758 monere,
341 2727 421 2754 aliam
433 2734 494 2753 esse
512 2725 628 2752 aliorum
644 2724 767 2751 omnium
782 2721 919 2758 codicum,
931 2725 989 2758 tum

199 2771 272 2798 quos
302 2756 406 2797 profert
431 2761 592 2798 Hiemi-dus.
614 2763 684 2798 tum.
698 2764 828 2798 quosego
848 2757 901 2798 vidi
920 2756 990 2798 duos

198 2791 290 2833 fegios
303 2791 338 2824 ac
354 2804 444 2833 unum,
458 2794 651 2833 card._Mazar.
663 2791 856 2833 sjc'nimit‘um,
874 2793 927 2827 ἄρα
943 2791 990 2818 καὶ

198 2829 257 2865 τοῖς
274 2833 399 2868 ἀγγέλοις
412 2832 488 2868 ὕϐρις
503 2829 812 2868 ἀνθρώποιςριακονεζν.

236 2860 304 2903 (ΠΥ
317 2860 397 2902 [εδδ
419 2860 572 2903 ὰιρθᾶρτως
591 2872 624 2891 ex
709 2862 847 2903 {Anastasii
868 2860 987 2903 llodego,

199 2896 272 2940 (cap.
285 2896 333 2937 ἰο,
350 2896 411 2938 pag.
431 2896 474 2936 7'4)
489 2896 515 2928 et
529 2901 592 2935 quia
611 2899 696 2927 series
711 2899 769 2933 ipsa
782 2898 857 2932 petit.
883 2911 900 2916 -
911 2896 989 2923 lluuc

1078 2122 1114 2148 Δ’.
1133 2122 1180 2148 Ὢν
1188 2122 1259 2148 κατὰ
1267 2121 1349 2156 φύσιν
1357 2121 1475 2157 ἀπαθὴς,
1492 2121 1586 2155 γέγονε
1600 2120 1633 2147 δι’
1645 2118 1734 2147 οἶκτον
1751 2121 1838 2147 πολυ-

1043 2166 1140 2202 παθής.
1169 2168 1225 2194 Οὐκ
1254 2169 1286 2195 ὲκ
1311 2168 1455 2203 προκοπῆς
1476 2167 1570 2202 γέγονε
1588 2168 1653 2199 Θεὸς
1672 2168 1685 2194 ὁ
1702 2167 1834 2202 Χριστός·

1042 2212 1088 2248 Μὴ
1104 2213 1207 2248 γένοιτο
1218 2214 1224 2240 l
1240 2215 1307 2242 ἀλλὰ
1319 2215 1384 2247 Θεὸς
1397 2214 1445 2247 ὢν,
1457 2214 1490 2240 δι’
1505 2212 1594 2242 οἶκτον
1609 2214 1719 2248 γέγονεν
1731 2214 1840 2250 ἄνθρω-

823 2297 843 2313 ¹¹
865 2296 936 2324 Psal.
953 2303 991 2323 cu

1044 2311 1056 2321 γ-
1096 2294 1118 2309 ¹¹
1137 2293 1215 2321 Joan.
1237 2301 1256 2325 ι,
1275 2293 1319 2320 Η.
1359 2293 1381 2308 ¹⁸
1400 2291 1488 2320 lCor.
1512 2300 1530 2324 t,
1544 2292 1590 2319 25.
1629 2291 1652 2308 “
1668 2291 1677 2318 Ι
1691 2291 1753 2319 Cor.
1772 2299 1804 2324 ll,
1821 2291 1841 2319 8

1046 2403 1073 2429 in
1091 2403 1179 2429 locum
1201 2400 1340 2428 Anastasii
1353 2399 1415 2427 vide
1440 2400 1479 2428 sis
1500 2398 1678 2426 Germonium
1699 2397 1736 2424 De
1754 2401 1837 2424 veler.

1045 2439 1136 2465 lueret.
1153 2438 1215 2464 ccci.
1242 2435 1331 2471 dogm.
1350 2440 1468 2470 corrupt.
1484 2442 1546 2470 pag.
1570 2434 1639 2471 1556.
1655 2434 1789 2471 Caeterum
1810 2436 1840 2471 et

1045 2473 1175 2500 Leontius
1190 2467 1355 2507 Byzantinus
1372 2467 1551 2507 libate-antra
1565 2468 1673 2495 Nestor.
1686 2467 1837 2507 efﬂat-geli.

1045 2508 1127 2544 (Bibl.
1145 2503 1319 2544 PPCI’aris.
1336 2511 1402 2544 tom.
1418 2505 1462 2544 IX.
1487 2509 1557 2544 part.
1575 2513 1594 2533 I.
1606 2512 1675 2544 lpag.
1693 2503 1756 2544 970)
1770 2503 1838 2544 legit

1044 2537 1208 2579 ἆφΟάρτως·
1232 2541 1310 2579 vertit
1331 2541 1403 2579 enim
1431 2537 1585 2579 Turrianus
1603 2540 1762 2579 incorrupte.
1784 2537 1838 2564 Sed

1044 2574 1151 2608 mirum,
1176 2577 1265 2610 inquit
1280 2576 1441 2606 Riccardus,
1462 2575 1500 2609 (in
1525 2580 1582 2601 not.
1602 2574 1643 2610 ad
1672 2574 1743 2600 hanc
1764 2576 1837 2600 orat.

1043 2622 1104 2649 pag.
1125 2612 1171 2645 86)
1185 2608 1332 2649 italegisse
1354 2612 1527 2649 Artaxias-ium
1548 2615 1583 2649 et:
1598 2608 1748 2649 Leontium.
1776 2616 1839 2634 cum

1043 2644 1130 2676 bniites
1139 2655 1204 2682 quas
1214 2644 1321 2673 viderim
1330 2646 1430 2674 codices
1442 2644 1726 2682 Imbeantdtppdtcrtog.
1737 2651 1838 2682 arcano

1043 2678 1183 2716 modofet
1205 2683 1287 2708 etiam
1314 2682 1370 2708 Lm.
1387 2682 1514 2715 interpres
1545 2678 1658 2706 i’at'fsic
1677 2680 1750 2716 legit,
1773 2678 1838 2713 quia

1042 2714 1131 2748 rerlit;
1158 2717 1338 2751 ineﬂ‘abiliter.
1357 2716 1398 2743 Ea:
1412 2717 1505 2750 quibus
1514 2716 1610 2749 optime
1624 2714 1716 2751 probat
1727 2718 1837 2751 sanctus

1043 2755 1166 2785 Proelus,
1195 2749 1329 2779 Christum
1356 2749 1447 2778 natum
1478 2758 1510 2778 ea:
1525 2751 1634 2784 virgine,
1655 2750 1737 2785 fuisse
1755 2749 1838 2775 etiam

1039 2790 1135 2820 Deum,
1156 2795 1214 2814 cum
1233 2787 1309 2814 illum
1332 2787 1416 2816 ipsum
1434 2786 1464 2813 S.
1481 2786 1594 2812 Thomas
1606 2790 1630 2812 et
1650 2784 1793 2820 Dominum
1811 2787 1837 2820 et

1039 2818 1138 2864 Deum;
1154 2823 1276 2857 appellet.
1305 2821 1366 2849 llaec
1395 2822 1448 2849 ille.
1479 2821 1609 2856 Legimus
1638 2821 1721 2847 etiant
1747 2818 1839 2881 ἀφρίζ-

1039 2868 1109 2881 ιττωε
1133 2867 1158 2881 III
1189 2857 1294 2881 collect.
1334 2857 1415 2881 (Imm.
1445 2856 1531 2881 Laitb.
1561 2861 1628 2881 tom.
1657 2854 1702 2881 HL
1723 2861 1750 2881 D.
1772 2853 1789 2881 5
1828 2873 1838 2881 ι

1039 2868 1109 2891 στως
1133 2853 1294 2885 iu'eollect.
1334 2857 1415 2886 Couc.
1445 2853 1532 2885 Lahb:
1561 2861 1628 2883 tom.
1657 2854 1702 2888 Ill,
1723 2861 1750 2889 p.
1772 2853 1838 2883 579.

1038 2895 1105 2923 edit.
1128 2893 1199 2922 Ven.
1219 2892 1305 2920 Labb.
