1967 3075
95 184 146 214 685

625 185 754 214 ORATIO
775 185 819 214 DE
838 186 1015 215 LAUDIBUS
1035 185 1064 214 S.
1085 186 1217 215 MARUE.

1669 191 1724 218 (386

95 251 152 274 πος,
180 243 218 275 ὡς
245 243 420 279 πιστεύομεν.
440 244 497 271 Οὐκ
524 245 667 281 ἄνθρωπον
697 246 883 273 ἀποθεωθέντα

937 246 1033 274 evasit.
1057 246 1145 274 Absit.
1173 246 1225 274 Sed
1240 246 1311 274 Deus
1327 255 1389 274 cum
1410 252 1493 279 esset,
1510 253 1540 275 ut
1554 248 1634 276 docet
1647 249 1724 280 fides,

96 291 280 326 κηρύττομεν,
308 291 376 318 ἀλλὰ
402 291 468 318 Θεὸν
492 292 668 329 σαρκωθέντα
689 293 883 329 ὁμολογοῦμεν.

95 336 146 372 Τὴν
157 336 261 363 οἰκείαν
271 336 366 371 δούλην
387 337 562 373 ἐπεγράψατο
574 337 690 374 μητέρα,
702 339 716 364 ὁ
724 339 783 365 κατ’
792 339 885 365 οὐσίαν

94 383 219 419 ἀμήτωρ,
233 383 281 410 καὶ
303 385 362 410 κατ’
379 384 534 420 οἰκονομίαν
550 384 597 410 ἐπὶ
613 384 665 419 γῆς
676 385 807 421 ἀπάτωρ’
824 386 886 412 ἐπεὶ

95 429 150 460 πῶς
162 430 176 456 6
193 429 274 461 αὐτὸς
290 430 360 457 κατὰ
376 429 494 462 Παῦλον,
506 429 625 465 ἀμήτωρ
639 431 689 457 καὶ
702 431 841 465 ἀπάτωρ;
854 432 885 458 Εἰ

94 474 167 509 ψιλὸς
182 475 334 511 ἄνθρωπος,
355 476 405 502 οὐκ
425 476 542 512 ἀμήτωρ
553 485 559 491 ·
578 475 633 511 ἔχει
648 476 702 512 γὰρ
718 477 823 512 μητέρα
835 485 843 492 ⁸
861 478 884 503 εί

95 520 195 554 γυμνὸς
214 519 291 552 Θεὸς,
314 520 364 547 οὑκ
386 521 501 557 ἀπάτωρ
514 529 520 535 ·
540 520 596 557 ἔχει
615 521 670 556 γὰρ
690 522 797 558 πατέρα
811 530 817 537 ·
837 521 885 548 νῦν

94 564 120 592 δὲ
133 566 146 591 6
172 565 264 598 αὐτὸς,
279 566 396 602 ἀμήτωρ
413 566 474 601 μὲν,
497 566 536 598 ὡς
557 566 681 603 πλάστης
693 587 700 600 ,
715 567 830 602 ἀπάτωρ
844 567 882 598 δὲ,

97 611 133 642 ὼς
147 611 195 638 ἄνθ
201 620 300 647 ρωπος.

937 292 1125 319 misericordia
1142 298 1243 325 motus,
1266 293 1354 321 factus
1371 298 1413 322 est
1439 294 1531 322 homo.
1553 294 1613 322 Non
1628 297 1727 330 praedi-

937 345 1032 365 camus
1043 338 1180 366 hominem
1196 339 1363 372 deiﬁcatnm,
1382 339 1430 368 sed
1448 340 1533 368 Deum
1553 341 1727 368 incarnatum

937 385 1108 412 confitemur.
1139 385 1274 412 Ancillam
1297 393 1374 414 suam
1394 386 1422 414 in
1439 390 1554 414 matrem
1570 387 1680 420 ascivit,
1702 387 1728 416 is

936 430 983 464 qui
1002 438 1050 465 per
1066 435 1191 458 naturam
1210 435 1322 459 matrem
1342 432 1450 466 nescit,
1472 433 1574 468 quique
1588 433 1728 460 nihilomi-

938 484 991 504 nus
1005 477 1154 504 secundum
1170 478 1350 505 mconomiam
1363 478 1390 506 in
1405 483 1475 506 terra
1487 479 1547 507 sine
1560 483 1636 514 patre
1653 479 1727 507 exsi-

938 521 995 549 stit.
1020 521 1129 557 Alioqui
1161 522 1299 557 quomodo
1326 524 1396 551 idem
1414 524 1473 559 ipse
1498 524 1613 552 doctore
1630 523 1725 557 Paulo,

938 565 995 594 sine
1012 573 1099 601 patre,
1110 572 1134 594 et
1152 568 1209 594 sine
1220 573 1304 596 matre
1319 569 1341 584 ”
1353 568 1364 595 ?
1376 568 1403 595 Si
1418 572 1460 597 est
1470 577 1556 605 purus
1567 569 1660 602 homo,
1672 577 1726 598 non

937 618 979 640 est
995 614 1054 642 sine
1079 619 1176 647 matre,
1192 620 1306 643 matrem
1321 616 1393 643 enim
1405 615 1504 644 habet:
1525 616 1547 644 si
1574 621 1616 644 est
1638 616 1728 644 nudus

95 657 175 690 Deus,
190 666 244 685 non
261 662 304 686 est
318 659 378 687 sine
399 663 478 694 patre
499 669 505 686 :
522 660 603 687 habet
623 660 696 688 enim
717 665 833 695 patrem.
851 661 885 687 At
905 669 988 693 nunc,
1006 668 1078 689 unus
1093 660 1220 696 idemque
1230 662 1290 690 sine
1305 667 1392 690 matre
1419 663 1528 698 quidem
1555 669 1608 696 est,
1624 669 1655 691 ut
1672 665 1728 699 pla-

94 709 165 739 stes;
178 706 238 734 sine
253 711 330 742 patre
345 715 421 739 vero,
435 711 465 734 ut
473 708 589 743 plasma.

128 753 166 781 E’.
182 754 335 789 Αίδὲσθητι,
351 751 373 781 ὧ
390 755 528 791 ἄνθρωπε,
548 755 598 782 κᾶν
616 755 666 791 τὴν
678 756 726 782 τοῦ
745 755 884 792 ἀρχαγγέ-

93 800 138 827 λου
148 800 334 836 προσηγορίαν
342 808 349 815 ”
360 801 374 827 ὁ
384 801 438 836 γὰρ
449 801 499 837 τὴν
507 801 617 837 Μαρίαν
627 802 884 838 εὑαγγελισάμενος,

93 845 213 882 Γαϐριὴλ
232 845 357 880 ἐλέγετο·
373 846 398 872 τί
419 846 447 873 δὲ
470 846 652 882 ἑρμηνεύεται
668 847 796 884 Γαϐριήλ;
807 847 883 874 Μάοε

973 752 1005 779 V.
1018 752 1152 780 Reverere
1165 753 1271 786 saltem,
1284 761 1301 781 ο
1322 753 1416 785 homo,
1434 756 1589 790 archangeli
1606 757 1726 792 appella—

937 799 1050 827 tionem.
1062 798 1088 827 ls
1104 807 1221 835 namque
1235 801 1280 835 qui
1297 800 1386 828 lzetum
1407 802 1482 829 illum
1498 803 1623 830 nuntium
1635 803 1727 831 Marite

937 845 1044 878 detulit,
1056 845 1165 872 Gabriel
1177 847 1338 876 vocabatur.
1354 846 1424 880 Quid
1440 855 1505 875 vero
1522 848 1630 876 Gabriel
1643 850 1726 877 inter-

93 891 221 923 ἀκούσας,
235 891 277 918 ὅτι
293 892 365 925 Θεὸς
372 892 421 919 καὶ
437 892 603 926 ἅνθρωπος.
628 892 704 919 Ἐπεὶ
720 893 775 927 γὰρ
786 894 800 919 6
819 895 883 929 παρ’

937 891 1071 926 preteris?
1086 892 1182 927 Arrige
1197 900 1277 920 aures
1289 897 1316 920 et
1328 893 1419 921 disce:
1438 893 1507 921 Deus
1525 899 1550 922 et
1565 894 1641 922 homo
1656 895 1724 931 (19).

93 935 174 962 αὐτοῦ
197 936 440 972 εὐαγγελιζόμενος
466 935 533 968 Θεός
557 937 615 963 ἐστι
647 936 694 964 καὶ
721 937 882 972 ἄνθρωπος,

93 982 242 1018 προέλαϐεν
257 983 273 1018 ἡ
289 982 459 1018 προσηγορία
480 982 510 1009 τὸ
534 982 636 1018 θαῦμα,
656 983 700 1010 ἵνα
713 983 884 1019 πιστώσηται

92 1029 141 1064 τὴν
156 1028 323 1064 οἰκονομίαν.
336 1028 414 1055 Μάθε
427 1029 535 1064 πρῶτον
545 1029 594 1064 τὴν
605 1029 761 1065 οἰκονομίαν
774 1030 821 1057 καὶ
835 1030 883 1065 τὴν

93 1074 182 1102 αἰτίαν
197 1075 246 1111 τῆς
263 1075 425 1111 παρουσίας,
445 1075 493 1102 καὶ
506 1075 566 1102 τότε
581 1075 692 1108 δόξασον
706 1076 754 1112 τὴν
771 1076 884 1113 δύναμιν

93 1121 139 1148 τοῦ
154 1121 351 1158 σαρκωθέντος,
363 1121 457 1158 ἐπειδὴ
473 1121 557 1149 πολλὰ
571 1121 686 1157 ὤφειλεν
700 1123 730 1156 ἐξ
743 1123 884 1159 ἁμαρτιῶν

93 1167 174 1203 ἡτῶν
190 1168 342 1203 ἀνθρώπιον
360 1167 450 1202 φύσις,
479 1167 527 1194 καὶ
546 1167 644 1203 ἠπόρει
661 1167 729 1204 πρὸς
747 1168 778 1195 τὸ
793 1169 883 1204 χρέος.

93 1214 143 1242 Διὰ
153 1215 208 1251 γὰρ
225 1214 272 1241 τοῦ
291 1215 378 1250 Ἀδὰμ
391 1214 491 1245 πάντες
507 1215 540 1249 τῇ
550 1214 673 1250 ἁμαρτίᾳ
687 1216 884 1252 ἑχειρογραφή-

95 1269 197 1296 σαμεν·
215 1260 324 1292 δούλους
340 1261 416 1296 ἡμᾶς
433 1261 559 1296 κατεῖχεν
575 1262 588 1287 6
600 1260 737 1293 διάϐολος-
749 1262 798 1293 τὰς
813 1262 884 1294 ὠνὰς

92 1308 171 1343 ἡμῶν
187 1307 333 1343 περιέφερε
342 1307 410 1344 (15),
424 1307 512 1343 χάρτῃ
528 1307 698 1343 κεχρημένος
712 1307 751 1344 τῷ
764 1309 885 1336 πολυπα-

93 1355 135 1382 θεί
152 1355 230 1391 ἡμῶν
243 1355 349 1391 σώματι
360 1364 366 1371 ·
375 1356 498 1390 εἱστήκει
512 1356 526 1382 6
539 1355 624 1387 κακὸς
639 1355 691 1382 τῶν
708 1355 803 1383 παθῶν
815 1355 885 1383 πλα-

94 1402 257 1438 στογράφος,
278 1401 407 1428 ἐπισείων
433 1401 512 1437 ἡμῶν
530 1401 560 1428 τὸ
584 1402 675 1438 χρέος,
689 1403 736 1429 καὶ
761 1403 884 1430 ἀπαιτῶν

93 1447 166 1482 ἡμᾶς
183 1447 232 1483 τὴν
248 1447 337 1482 δίκην.
352 1447 426 1473 Ἔδει
438 1446 528 1473 τοίνυν
541 1446 614 1473 δυοῖν
629 1446 742 1483 θάτερον
752 1447 785 1482 ’ἥ
802 1449 884 1474 πᾶσιν

92 1494 247 1529 ἐπαχθῆναι
261 1494 306 1520 τὺν
319 1494 351 1520 ἐκ
362 1494 412 1528 τῆς
427 1493 575 1529 καταδίκης
589 1493 713 1526 θάνατον,
728 1493 823 1529 ἐπειδὴ
837 1494 885 1520 καὶ

92 1539 195 1571 πάντες
218 1540 357 1575 ἥμαρτον·
371 1539 388 1575 ἦ
409 1539 530 1566 τοιοῦτον
544 1539 651 1575 δοθῆναι
667 1540 735 1575 πρὸς
751 1540 884 1568 ἀντίδοσιν

935 937 1004 970 Quia
1022 938 1113 973 itaque
1128 938 1174 966 ille
1199 946 1280 973 quem
1311 940 1505 973 annuntiabat,
1525 940 1597 969 Deus
1615 946 1675 969 erat
1692 950 1724 969 ac

934 982 1035 1015 homo;
1047 991 1101 1018 quo
1118 983 1227 1011 facilius
1245 985 1477 1019 dispensationem
1488 985 1664 1021 persuadeat,
1683 987 1724 1015 rei

935 1029 1098 1056 miraculum
1122 1029 1242 1057 nominis
1270 1030 1411 1058 notatione
1422 1031 1563 1067 anticipat.
1574 1032 1652 1060 Disce
1665 1034 1724 1068 pri-

934 1082 1006 1101 mum
1016 1075 1197 1102 (economiam
1208 1083 1240 1103 ac
1251 1083 1362 1104 causam
1378 1077 1511 1106 adventus
1519 1100 1526 1112 ,
1538 1083 1650 1114 tumque
1660 1080 1721 1114 ejus

934 1120 979 1155 qui
992 1123 1034 1148 est
1052 1120 1219 1153 incarnatus,
1231 1121 1380 1156 potentiam
1394 1122 1522 1151 laudibus
1537 1123 1635 1153 evehe,
1657 1130 1725 1157 quo-

934 1167 1007 1194 niam
1036 1167 1187 1194 humanum
1214 1175 1300 1203 genus
1321 1168 1395 1203 gravi
1426 1176 1459 1196 ex
1483 1169 1603 1205 peccatis
1633 1169 1725 1196 debito

934 1213 1096 1242 obstrictum
1120 1217 1189 1245 erat,
1210 1214 1339 1249 nullaque
1358 1213 1479 1242 debitum
1495 1215 1603 1244 ratione
1622 1215 1726 1251 depen-

933 1259 999 1287 dere
1028 1264 1142 1294 poterat.
1172 1260 1224 1287 Per
1245 1260 1377 1287 Adamum
1405 1260 1477 1288 enim
1497 1268 1593 1289 omnes
1620 1263 1725 1297 peccati

935 1305 1189 1341 subscripseramus
1199 1305 1382 1341 chirographo
1398 1316 1405 1334 :
1419 1315 1513 1335 servos
1529 1315 1580 1335 nos
1599 1307 1726 1336 diabolus

935 1351 1061 1384 tenebat;
1078 1351 1172 1380 multis
1182 1351 1302 1379 obnoxio
1310 1353 1485 1387 passionibus
1502 1358 1598 1381 noslro
1611 1361 1727 1389 corpore

935 1406 985 1426 ceu
1005 1398 1100 1426 charta
1112 1407 1190 1430 usus,
1207 1398 1355 1434 emptionis
1376 1399 1471 1427 titulos
1488 1399 1700 1427 circumferebat
1717 1409 1725 1427 :

935 1449 1011 1473 stans
1027 1445 1116 1473 malus
1133 1445 1178 1473 ille
1195 1444 1323 1473 falsarius
1347 1445 1475 1472 vitiorum
1494 1446 1726 1473 commentarien-

935 1491 984 1522 sis,
997 1490 1117 1518 debitum
1130 1491 1165 1518 ob
1180 1491 1275 1518 oculos
1298 1489 1427 1526 ponebat,
1448 1497 1554 1525 nosque
1566 1491 1598 1518 ad
1616 1491 1723 1526 suppli-

935 1538 1007 1563 cium
1019 1535 1192 1570 deposcebat.
1211 1535 1332 1562 Duorum
1362 1535 1454 1570 itaque
1479 1535 1592 1563 alterum
1611 1543 1727 1563 necesse

92 1588 212 1623 τίμημα,
233 1587 248 1613 ὃ
271 1588 326 1614 πᾶν
351 1586 392 1622 τῷ
416 1586 492 1622 χρέει
514 1586 622 1622 ὑπῆρχε
652 1587 788 1622 δικαίωμα
817 1587 883 1622 πρὸς

936 1585 1005 1612 erat.
1034 1586 1081 1608 aut
1103 1585 1218 1609 mortem
1234 1581 1410 1609 damnatione
1431 1581 1567 1609 decretam
1589 1582 1726 1609 universis

93 1634 270 1671 παραίτησιν,
290 1633 449 1669 Ἀνθρωπος
464 1633 513 1668 μὲν
525 1631 572 1660 οὖν
588 1633 674 1660 σῶσαι
693 1633 743 1660 οὐκ
758 1633 880 1668 ἠδύνατο·

92 1681 222 1708 ὑπέκειτο
235 1680 289 1717 γὰρ
309 1680 384 1716 χρέει
407 1681 456 1716 τῆς
471 1679 624 1716 ἁμαρτίας·
640 1680 756 1714 ἅγγελος
771 1680 799 1706 δὲ
820 1679 882 1713 ἐξα-

91 1725 262 1762 γοράσασθαι
277 1725 327 1760 τὴν
349 1725 548 1760 ἀνθρωπότητα
573 1724 623 1750 οὐκ
649 1724 740 1759 ἴσχυεν
753 1732 760 1738 ·
784 1723 884 1758 ἠπόρει

90 1772 147 1808 γὰρ
162 1771 209 1798 τοῦ
223 1771 345 1798 τοιούτου
358 1770 457 1805 λύτρου
468 1777 474 1785 ·
490 1770 584 1796 λοιπὸν
603 1767 649 1796 οὖν
662 1770 676 1796 6
693 1769 886 1804 ἀναμάρτητος

89 1818 160 1850 Θεὸς
188 1817 257 1853 ὑπὲρ
278 1816 333 1843 τῶν
355 1816 556 1852 ἡμαρτηκότων
585 1814 730 1842 ἀποθανεῖν
757 1813 882 1848 ὤφειλεν.

90 1864 166 1900 Αὕτη
181 1864 235 1900 γὰρ
244 1864 366 1890 ἐλείπετο
377 1862 424 1889 τοῦ
441 1861 525 1890 κακοῦ
537 1861 612 1893 λύσις
626 1860 692 1896 (16).
739 1868 742 1873 ”

937 1627 1041 1660 inferri,
1056 1627 1165 1662 quando
1175 1627 1256 1654 etiam
1269 1634 1364 1654 omnes
1381 1630 1561 1662 peccaverant
1578 1635 1585 1653 z
1602 1631 1649 1654 aut
1663 1634 1727 1662 pre—

936 1674 1005 1701 tium
1021 1672 1157 1709 ejusmodi
1173 1673 1201 1699 in
1224 1679 1311 1707 poenae
1333 1672 1522 1708 repensionem
1542 1672 1633 1707 pendi,
1652 1672 1726 1707 quod

938 1721 1066 1748 universo
1080 1719 1255 1754 debitojuste
1272 1717 1306 1746 ad
1324 1718 1454 1746 amussim
1478 1719 1665 1754 responderet.
1678 1719 1728 1746 At-

937 1766 983 1801 qui
1003 1766 1084 1793 bomo
1111 1764 1231 1800 quidem,
1247 1764 1319 1800 quod
1334 1765 1438 1799 peccati
1452 1764 1544 1792 debito
1561 1765 1725 1800 subiaceret,

938 1813 1045 1840 salvare
1059 1812 1154 1846 utique
1167 1818 1221 1838 non
1239 1815 1354 1846 poterat.
1366 1810 1486 1845 Angelus
1500 1818 1563 1838 vero
1575 1810 1726 1837 hmnanum

939 1859 1029 1894 ipsum
1043 1865 1130 1893 genus
1143 1865 1199 1885 non
1224 1857 1332 1885 valebat
1350 1856 1484 1884 redimere
1499 1866 1506 1884 :
1520 1864 1573 1884 non
1593 1857 1664 1884 enim
1682 1857 1726 1883 in-

90 1918 160 1945 gens
174 1910 241 1937 adeo
272 1907 468 1944 redemptionis
487 1907 606 1942 pretium
630 1907 812 1942 suppetebat;
845 1905 980 1940 reliquum
998 1911 1062 1940 ergo
1091 1908 1160 1936 erat,
1185 1906 1214 1931 ut
1238 1904 1266 1931 in
1290 1912 1370 1939 quem
1391 1908 1534 1938 peccatum
1555 1911 1609 1931 non
1640 1905 1725 1937 cadit,

90 1959 166 1987 Deus
180 1967 231 1994 pro
247 1957 436 1993 peccatoribus
461 1960 624 1984 moreretur.
641 1955 705 1983 Hmc
729 1955 801 1983 enim
817 1954 881 1981 mali
897 1954 977 1981 unica
992 1955 1113 1980 restabat
1129 1953 1238 1980 solutio.

129 2007 174 2040 Cl".
191 2005 223 2032 Ti
235 2002 297 2037 οὖνς
315 2003 396 2035 αὐτὸς
412 2004 427 2030 6
444 2003 535 2030 πᾶσαν
548 2003 629 2038 φύσιν
645 2003 677 2029 ὲκ
693 2002 729 2037 μὴ
742 2001 826 2028 όντων
843 2001 884 2032 εἰς

88 2052 122 2080 τὸ
145 2050 216 2079 εἶναι
236 2050 416 2086 παραγαγὼν,
439 2050 453 2076 ὁ
477 2050 559 2085 μηδὲν
589 2048 657 2084 πρὸς
681 2048 804 2084 παροχὴν
818 2048 885 2074 ἀπο-

91 2099 148 2135 ρῶν
157 2098 181 2133 (1
189 2098 225 2131 7),
233 2097 327 2132 ἐξεῦρε
335 2097 390 2128 τοῖς
400 2096 576 2130 κατακρίτοις
586 2094 657 2130 ζωὴν
665 2094 883 2129 ἀσφαλεστάτην,

89 2144 141 2171 καὶ
164 2143 203 2178 τῷ
220 2142 328 2177 θανάτῳ
344 2141 420 2168 λύσιν
440 2141 676 2175 εὐπρεπεστάτην.
703 2139 759 2166 Καὶ
780 2139 884 2173 γίνεται

90 2189 239 2225 ἄνθρωπος
254 2188 286 2214 ἐκ
306 2186 458 2223 Παρθένου,
473 2185 510 2218 ὡς
524 2184 600 2212 ὀἶδεν
621 2184 718 2216 αὐτός·
736 2185 815 2219 λόγος
830 2185 884 2220 γὰρ

89 2235 264 2272 ἑρμηνεῦσαι
275 2234 306 2260 τὸ
320 2233 413 2268 θαῦμα
427 2233 456 2259 οὑ
474 2232 605 2260 δύναται·
627 2232 673 2259 καὶ
688 2231 854 2266 ἀποθνήσκει
869 2231 883 2257 ὃ

89 2283 202 2317 ἐγένετο
212 2289 218 2297 ·
235 2281 283 2308 καὶ
297 2279 441 2316 λυτροῦται
460 2278 473 2305 ὃ
489 2279 605 2314 ὑπῆρχε,
621 2279 692 2305 κατὰ
709 2279 754 2305 τὸν
769 2278 882 2312 λέγοντα

89 2328 208 2356 Παῦλον·
223 2323 305 2360 Ἐ’νῷ
313 2326 422 2362 ἔχομεν
429 2326 487 2360 τὴν
496 2325 706 2359 ἀπολύτρωσιν
715 2324 762 2351 διὰ
772 2324 825 2351 τοῦ
836 2324 882 2350 αῖ-

88 2382 185 2408 ματος
204 2372 308 2404 αὑτοῦ,
326 2371 384 2405 τὴν
405 2372 516 2406 ἄφεσιν
540 2370 601 2397 τῶν
626 2369 881 2404 παραπτωμάτων.

89 2420 124 2445 Ὢ
135 2419 189 2445 τῶν
198 2418 323 2454 μεγάλων
336 2417 520 2453 πραγμάτωνε
536 2416 626 2448 ἄλλοις
637 2416 883 2451 ἐπραγματεύσατο

93 2464 121 2490 τὸ
146 2463 295 2490 ἀθάνατον·
321 2462 403 2492 αὐτὸς
430 2461 485 2496 γὰρ
512 2460 617 2496 ὑπῆρχε
656 2459 789 2491 ἀθάνατος
815 2459 882 2495 (18).

87 2508 220 2540 Τοιοῦτος
239 2508 292 2543 γὰρ
305 2507 385 2539 ἄλλος
408 2507 469 2534 κατ’
491 2505 647 2541 οἰκονομίαν
671 2505 733 2532 οὔτε
760 2505 881 2539 γέγονεν,

85 2556 151 2582 οὔτε
169 2553 214 2591 ἦν,
231 2554 292 2581 οὔτε
309 2553 386 2580 ἔσται
399 2553 473 2585 ποτὲ,
487 2553 504 2588 ἢ
521 2553 600 2588 μόνος
613 2552 628 2578 ὁ
645 2552 677 2578 ἐκ
685 2550 822 2586 Παρθένου
836 2559 882 2577 τε-

80 2602 167 2635 χθεὶς
196 2601 263 2633 Θεὸς
286 2601 332 2628 καὶ
353 2600 509 2634 ἄνθρωπος·
535 2599 584 2626 οὐκ
605 2597 882 2626 ἅντιταλαντεύουσαν

124 2681 148 2697 ¹⁶
169 2680 253 2707 llehr.
269 2688 316 2710 vn,
329 2680 355 2706 3.
395 2679 416 2694 ¹⁷
435 2677 536 2713 Ephes.
555 2685 574 2710 ι,
594 2676 619 2703 7.

122 2737 183 2771 (15)
199 2737 241 2764 Al.
251 2735 396 2771 προέφερε.

121 2773 183 2807 (te)
202 2772 245 2799 Al.
260 2771 406 2807 Mtpwotc.

121 2803 182 2844 (171
198 2807 240 2844 Al.
257 2803 278 2840 ᾧ
297 2803 325 2844 μ’.
338 2806 455 2844 ῥὶπορον.

121 2839 181 2878 (18)
197 2839 270 2878 Μιιῑξ
284 2839 365 2878 (ti-31:6;
379 2839 611 2878 p6vogpﬁéplow.

122 2872 182 2914 (19)
203 2877 269 2904 Deus
283 2882 307 2903 et
322 2872 408 2901 Itonia.
428 2875 477 2914 Alii
492 2872 563 2900 aliud
579 2872 790 2914 etXm-umilliius
805 2875 878 2914 vocis

82 2908 187 2942 aﬂ‘érré
213 2913 314 2944 solent,
342 2918 374 2937 ac
394 2910 540 2945 praecipue,
558 2912 587 2936 ut
605 2908 715 2936 Gabriel
735 2908 878 2935 Fortitudo

971 1999 1014 2027 Vl.
1027 1999 1097 2032 Quid
1112 2000 1196 2034 ergo?
1210 1999 1256 2027 Ille
1276 1999 1335 2034 ipse
1349 1998 1395 2033 qui
1419 2003 1544 2025 naturam
1570 1999 1724 2026 universam

935 2053 968 2073 ex
979 2044 1075 2078 nihilo,
1091 2048 1122 2072 ut
1136 2048 1220 2077 esset,
1236 2044 1373 2076 eilecerat,
1396 2044 1497 2078 cuique
1519 2044 1593 2070 nulla
1617 2044 1650 2072 ad
1668 2052 1728 2072 ero-

934 2090 1053 2125 gandum
1073 2089 1168 2117 deerat
1191 2089 1318 2122 facultas,
1342 2089 1423 2116 morti
1450 2096 1483 2116 ac
1503 2089 1725 2117 condemnationi

936 2135 1066 2168 addictis,
1090 2136 1256 2164 tutissimam
1282 2135 1366 2162 vitam
1396 2135 1551 2168 adinvenit,
1573 2136 1725 2171 mortisque

938 2182 1100 2210 solutionem
1126 2181 1358 2209 deccntissimam.
1377 2180 1420 2208 Fit
1444 2181 1574 2208 nimirum
1595 2181 1676 2209 homo
1691 2190 1726 2209 ex

938 2227 1058 2263 Virgine,
1078 2227 1160 2254 modo
1182 2227 1207 2255 ei
1228 2231 1364 2262 pernoto;
1383 2227 1457 2254 nulla
1478 2227 1549 2254 enim
1567 2228 1655 2254 oratio
1673 2227 1725 2253 mi—

937 2274 1060 2301 raculum
1088 2273 1141 2300 hoc
1168 2274 1276 2307 assequi
1304 2273 1410 2305 valeat;
1438 2273 1627 2308 moriturque,
1651 2273 1724 2307 quod

937 2320 1026 2348 factus
1039 2325 1113 2353 erat;
1126 2320 1236 2348 redimit
1249 2328 1322 2352 vero,
1339 2319 1411 2354 quod
1420 2323 1479 2346 erat
1489 2339 1496 2351 ,
1508 2320 1585 2354 juxta
1601 2320 1672 2354 quod
1687 2320 1726 2346 ait

936 2366 1039 2394 Paulus
1058 2375 1064 2393 :
1084 2365 1117 2393 In
1130 2374 1180 2400 quo
1200 2366 1324 2392 habemus
1343 2366 1545 2400 redemptionem
1555 2373 1600 2399 per
1617 2366 1725 2400 sangui-

937 2421 994 2439 nem
1007 2413 1100 2446 ipsius,
1128 2412 1308 2439 remissionem
1331 2417 1497 2446 peccatorum
1517 2411 1548 2438 "’.
1570 2411 1592 2438 0
1614 2411 1722 2443 miram,

934 2466 1116 2493 magnamque
1131 2459 1202 2485 rem!
1220 2458 1452 2485 lmmortalitatem
1473 2457 1535 2484 aliis
1556 2456 1721 2489 conciliavit,

935 2508 1017 2539 atque
1038 2504 1165 2539 peperit:
1185 2503 1286 2539 quippe
1310 2504 1357 2538 qui
1377 2504 1435 2538 ipse
1461 2503 1625 2530 immortalis
1650 2507 1721 2530 erat.

933 2551 1019 2579 Nemo
1038 2552 1111 2579 enim
1140 2551 1285 2586 quisquam
1301 2551 1363 2578 talis
1384 2551 1490 2578 ratione
1511 2549 1721 2581 incarnationis,

933 2598 975 2626 vel
990 2598 1050 2631 fuit,
1068 2598 1109 2625 vel
1127 2602 1197 2633 erat,
1222 2598 1264 2626 vel
1285 2602 1327 2625 est
1342 2605 1463 2633 unquam
1486 2597 1604 2630 futurus,
1624 2602 1723 2632 prater

929 2731 978 2759 Dei
993 2731 1119 2763 dicatur;
1137 2731 1178 2759 vel
1192 2731 1273 2758 etiam
1295 2731 1373 2765 fortis
1393 2730 1462 2757 Deus
1473 2738 1482 2756 :
1494 2737 1530 2765 ica
1548 2729 1652 2764 phrasi.
1664 2737 1720 2764 qua

929 2768 997 2802 psal.
1016 2775 1034 2797 ι,
1056 2767 1083 2798 1.
1099 2767 1210 2798 dicitur,
1227 2767 1325 2793 Beatus
1350 2766 1409 2796 vir;
1429 2765 1474 2802 ubi
1494 2764 1719 2802 llebraaarsimili

930 2799 986 2829 fere
1007 2802 1093 2828 forma
1115 2802 1215 2828 habent
1240 2806 1322 2835 atque
1345 2801 1370 2827 in
1390 2800 1501 2827 nomine
1513 2799 1633 2831 Gabriel,
1652 2800 1718 2826 rcd-

929 2839 1052 2872 tllltthllc
1065 2837 1269 2877 Ilebraizames,
1278 2834 1466 2877 ’Beatitufdines
1478 2836 1536 2877 v'i‘rt'.
1545 2834 1649 2863 Nomen
1656 2840 1716 2877 "pl.

929 2870 1013 2900 rirunt
1026 2877 1154 2907 potentem
1172 2872 1318 2908 significat,
1339 2879 1370 2898 ac
1384 2870 1574 2905 fortitudinem.
