  <div class='ocr_page' id='page_1' title='image "/cluster/home/n/w/nwhite01/storage/ocr_20150623/65/njp.32101077772687/361.png"; bbox 0 0 1967 3075; ppageno 0'>
   <div class='ocr_carea' id='block_1_1' title="bbox 215 215 266 244">
    <p class='ocr_par' dir='ltr' id='par_1_1' title="bbox 215 215 266 244">
     <span class='ocr_line' id='line_1_1' title="bbox 215 215 266 244; baseline -0.059 0"><span class='ocrx_word' id='word_1_1' title='bbox 215 215 266 244; x_wconf 83' lang='lat'><strong>687</strong></span> 
     </span>
    </p>
   </div>
   <div class='ocr_carea' id='block_1_2' title="bbox 811 197 1228 230">
    <p class='ocr_par' dir='ltr' id='par_1_2' title="bbox 811 197 1228 230">
     <span class='ocr_line' id='line_1_2' title="bbox 811 197 1228 230; baseline -0.01 0"><span class='ocrx_word' id='word_1_2' title='bbox 811 203 839 230; x_wconf 87' lang='lat' dir='ltr'><strong>S.</strong></span> <span class='ocrx_word' id='word_1_3' title='bbox 861 198 985 229; x_wconf 76' lang='lat' dir='ltr'><strong>PROCLI</strong></span> <span class='ocrx_word' id='word_1_4' title='bbox 1002 198 1054 227; x_wconf 85' lang='lat' dir='ltr'><strong>CP.</strong></span> <span class='ocrx_word' id='word_1_5' title='bbox 1076 197 1228 226; x_wconf 85' lang='lat' dir='ltr'><strong>EPISCOPI</strong></span> 
     </span>
    </p>
   </div>
   <div class='ocr_carea' id='block_1_3' title="bbox 1786 189 1840 216">
    <p class='ocr_par' dir='ltr' id='par_1_3' title="bbox 1786 189 1840 216">
     <span class='ocr_line' id='line_1_3' title="bbox 1786 189 1840 216; baseline 0 0"><span class='ocrx_word' id='word_1_6' title='bbox 1786 189 1840 216; x_wconf 80' lang='lat'><strong>638</strong></span> 
     </span>
    </p>
   </div>
   <div class='ocr_carea' id='block_1_4' title="bbox 216 249 1029 302">
    <p class='ocr_par' dir='ltr' id='par_1_4' title="bbox 216 260 1029 302">
     <span class='ocr_line' id='line_1_4' title="bbox 216 260 1029 302; baseline -0.018 -4"><span class='ocrx_word' id='word_1_7' title='bbox 216 279 277 299; x_wconf 77' lang='lat' dir='ltr'><strong>eum</strong></span> <span class='ocrx_word' id='word_1_8' title='bbox 302 269 401 299; x_wconf 78' lang='lat' dir='ltr'><strong>solum,</strong></span> <span class='ocrx_word' id='word_1_9' title='bbox 427 266 473 302; x_wconf 85' lang='lat' dir='ltr'><strong>qui</strong></span> <span class='ocrx_word' id='word_1_10' title='bbox 497 274 530 293; x_wconf 83' lang='lat' dir='ltr'><strong>ex</strong></span> <span class='ocrx_word' id='word_1_11' title='bbox 559 264 668 300; x_wconf 77' lang='lat' dir='ltr'><strong>Virgine</strong></span> <span class='ocrx_word' id='word_1_12' title='bbox 685 262 756 289; x_wconf 84' lang='lat' dir='ltr'><strong>Deus</strong></span> <span class='ocrx_word' id='word_1_13' title='bbox 777 268 809 287; x_wconf 83' lang='lat' dir='ltr'><strong>ac</strong></span> <span class='ocrx_word' id='word_1_14' title='bbox 825 260 907 286; x_wconf 91' lang='lat' dir='ltr'><strong>homo</strong></span> <span class='ocrx_word' id='word_1_15' title='bbox 921 260 1029 288; x_wconf 56' lang='lat' dir='ltr'><strong>natust</strong></span> 
     </span>
    </p>
   </div>
   <div class='ocr_carea' id='block_1_5' title="bbox 1081 249 1841 302">
    <p class='ocr_par' dir='ltr' id='par_1_5' title="bbox 1081 249 1841 292">
     <span class='ocr_line' id='line_1_5' title="bbox 1081 249 1841 292; baseline -0.012 -8"><span class='ocrx_word' id='word_1_16' title='bbox 1081 258 1134 284; x_wconf 76' lang='lat' dir='ltr'><strong>ivov</strong></span> <span class='ocrx_word' id='word_1_17' title='bbox 1160 257 1229 292; x_wconf 76' lang='grc' dir='ltr'>ἔχων</span> <span class='ocrx_word' id='word_1_18' title='bbox 1259 256 1308 290; x_wconf 83' lang='grc' dir='ltr'>τὴν</span> <span class='ocrx_word' id='word_1_19' title='bbox 1332 253 1410 287; x_wconf 77' lang='grc' dir='ltr'>ἀξίαν</span> <span class='ocrx_word' id='word_1_20' title='bbox 1432 252 1470 288; x_wconf 87' lang='grc' dir='ltr'>τῷ</span> <span class='ocrx_word' id='word_1_21' title='bbox 1499 252 1597 287; x_wconf 80' lang='grc' dir='ltr'>πλήθει</span> <span class='ocrx_word' id='word_1_22' title='bbox 1623 250 1676 277; x_wconf 85' lang='grc' dir='ltr'>τῶν</span> <span class='ocrx_word' id='word_1_23' title='bbox 1695 249 1841 280; x_wconf 74' lang='grc' dir='ltr'><strong>ὑποδίκων.</strong></span> 
     </span>
    </p>
   </div>
   <div class='ocr_carea' id='block_1_6' title="bbox 217 305 1004 350">
    <p class='ocr_par' dir='ltr' id='par_1_6' title="bbox 217 305 1004 350">
     <span class='ocr_line' id='line_1_6' title="bbox 217 305 1004 350; baseline -0.019 -5"><span class='ocrx_word' id='word_1_24' title='bbox 217 323 274 350; x_wconf 84' lang='lat' dir='ltr'><strong>est;</strong></span> <span class='ocrx_word' id='word_1_25' title='bbox 292 315 352 344; x_wconf 84' lang='lat' dir='ltr'><strong>non</strong></span> <span class='ocrx_word' id='word_1_26' title='bbox 369 322 402 342; x_wconf 88' lang='lat' dir='ltr'><strong>eo</strong></span> <span class='ocrx_word' id='word_1_27' title='bbox 416 314 504 342; x_wconf 89' lang='lat' dir='ltr'><strong>solum</strong></span> <span class='ocrx_word' id='word_1_28' title='bbox 536 311 634 338; x_wconf 87' lang='lat' dir='ltr'><strong>merito</strong></span> <span class='ocrx_word' id='word_1_29' title='bbox 650 309 766 344; x_wconf 86' lang='lat' dir='ltr'><strong>pollens,</strong></span> <span class='ocrx_word' id='word_1_30' title='bbox 794 305 868 342; x_wconf 91' lang='lat' dir='ltr'><strong>quod</strong></span> <span class='ocrx_word' id='word_1_31' title='bbox 894 311 1004 332; x_wconf 87' lang='lat' dir='ltr'><strong>reorum</strong></span> 
     </span>
    </p>
   </div>
   <div class='ocr_carea' id='block_1_7' title="bbox 218 349 1005 392">
    <p class='ocr_par' dir='ltr' id='par_1_7' title="bbox 218 349 1005 392">
     <span class='ocr_line' id='line_1_7' title="bbox 218 349 1005 392; baseline -0.019 -1"><span class='ocrx_word' id='word_1_32' title='bbox 218 361 383 391; x_wconf 90' lang='lat' dir='ltr'><strong>multitudini</strong></span> <span class='ocrx_word' id='word_1_33' title='bbox 405 358 569 387; x_wconf 63' lang='lat' dir='ltr'><strong>redimendae</strong></span> <span class='ocrx_word' id='word_1_34' title='bbox 584 364 632 392; x_wconf 77' lang='lat' dir='ltr'><strong>par</strong></span> <span class='ocrx_word' id='word_1_35' title='bbox 648 359 731 386; x_wconf 84' lang='lat' dir='ltr'><strong>esset,</strong></span> <span class='ocrx_word' id='word_1_36' title='bbox 744 353 790 381; x_wconf 89' lang='lat' dir='ltr'><strong>sed</strong></span> <span class='ocrx_word' id='word_1_37' title='bbox 807 357 834 380; x_wconf 87' lang='lat' dir='ltr'><strong>et</strong></span> <span class='ocrx_word' id='word_1_38' title='bbox 848 350 922 387; x_wconf 91' lang='lat' dir='ltr'><strong>quod</strong></span> <span class='ocrx_word' id='word_1_39' title='bbox 938 349 1005 377; x_wconf 94' lang='lat' dir='ltr'><strong>mul-</strong></span> 
     </span>
    </p>
   </div>
   <div class='ocr_carea' id='block_1_8' title="bbox 219 396 1004 445">
    <p class='ocr_par' dir='ltr' id='par_1_8' title="bbox 219 396 1004 445">
     <span class='ocr_line' id='line_1_8' title="bbox 219 396 1004 445; baseline -0.018 -8"><span class='ocrx_word' id='word_1_40' title='bbox 219 409 386 445; x_wconf 84' lang='lat' dir='ltr'><strong>tispartihus</strong></span> <span class='ocrx_word' id='word_1_41' title='bbox 397 403 626 434; x_wconf 86' lang='lat' dir='ltr'><strong>excelleret.Nam</strong></span> <span class='ocrx_word' id='word_1_42' title='bbox 637 410 690 437; x_wconf 84' lang='lat' dir='ltr'><strong>qua</strong></span> <span class='ocrx_word' id='word_1_43' title='bbox 707 401 793 428; x_wconf 85' lang='lat' dir='ltr'><strong>Filius</strong></span> <span class='ocrx_word' id='word_1_44' title='bbox 810 403 862 431; x_wconf 88' lang='lat' dir='ltr'><strong>est,</strong></span> <span class='ocrx_word' id='word_1_45' title='bbox 878 396 1004 426; x_wconf 83' lang='lat' dir='ltr'><strong>eamdem</strong></span> 
     </span>
    </p>
   </div>
   <div class='ocr_carea' id='block_1_9' title="bbox 219 445 1006 483">
    <p class='ocr_par' dir='ltr' id='par_1_9' title="bbox 219 445 1006 483">
     <span class='ocr_line' id='line_1_9' title="bbox 219 445 1006 483; baseline -0.019 0"><span class='ocrx_word' id='word_1_46' title='bbox 219 463 282 483; x_wconf 88' lang='lat' dir='ltr'><strong>cum</strong></span> <span class='ocrx_word' id='word_1_47' title='bbox 298 454 380 481; x_wconf 85' lang='lat' dir='ltr'><strong>Patre</strong></span> <span class='ocrx_word' id='word_1_48' title='bbox 399 456 524 479; x_wconf 86' lang='lat' dir='ltr'><strong>naturam</strong></span> <span class='ocrx_word' id='word_1_49' title='bbox 548 445 804 476; x_wconf 89' lang='lat' dir='ltr'><strong>incommutabiliter</strong></span> <span class='ocrx_word' id='word_1_50' title='bbox 822 449 913 472; x_wconf 85' lang='lat' dir='ltr'><strong>servat</strong></span> <span class='ocrx_word' id='word_1_51' title='bbox 929 452 936 470; x_wconf 71' lang='grc' dir='ltr'>ε</span> <span class='ocrx_word' id='word_1_52' title='bbox 951 449 1006 477; x_wconf 88' lang='lat' dir='ltr'><strong>qua</strong></span> 
     </span>
    </p>
   </div>
   <div class='ocr_carea' id='block_1_10' title="bbox 221 490 1004 532">
    <p class='ocr_par' dir='ltr' id='par_1_10' title="bbox 221 490 1004 532">
     <span class='ocr_line' id='line_1_10' title="bbox 221 490 1004 532; baseline -0.019 -2"><span class='ocrx_word' id='word_1_53' title='bbox 221 509 285 530; x_wconf 88' lang='lat' dir='ltr'><strong>vero</strong></span> <span class='ocrx_word' id='word_1_54' title='bbox 302 506 392 528; x_wconf 89' lang='lat' dir='ltr'><strong>rerum</strong></span> <span class='ocrx_word' id='word_1_55' title='bbox 412 496 512 532; x_wconf 81' lang='lat' dir='ltr'><strong>opifex,</strong></span> <span class='ocrx_word' id='word_1_56' title='bbox 538 495 640 523; x_wconf 85' lang='lat' dir='ltr'><strong>nullius</strong></span> <span class='ocrx_word' id='word_1_57' title='bbox 660 493 769 520; x_wconf 90' lang='lat' dir='ltr'><strong>virtutis</strong></span> <span class='ocrx_word' id='word_1_58' title='bbox 797 495 839 519; x_wconf 90' lang='lat' dir='ltr'><strong>est</strong></span> <span class='ocrx_word' id='word_1_59' title='bbox 859 490 1004 524; x_wconf 75' lang='lat' dir='ltr'><strong>indigens:</strong></span> 
     </span>
    </p>
   </div>
   <div class='ocr_carea' id='block_1_11' title="bbox 221 536 1008 583">
    <p class='ocr_par' dir='ltr' id='par_1_11' title="bbox 221 536 1008 583">
     <span class='ocr_line' id='line_1_11' title="bbox 221 536 1008 583; baseline -0.019 -7"><span class='ocrx_word' id='word_1_60' title='bbox 221 555 275 583; x_wconf 85' lang='lat' dir='ltr'><strong>qua</strong></span> <span class='ocrx_word' id='word_1_61' title='bbox 304 550 395 573; x_wconf 90' lang='lat' dir='ltr'><strong>autem</strong></span> <span class='ocrx_word' id='word_1_62' title='bbox 423 543 598 572; x_wconf 85' lang='lat' dir='ltr'><strong>misericors,</strong></span> <span class='ocrx_word' id='word_1_63' title='bbox 630 541 763 567; x_wconf 86' lang='lat' dir='ltr'><strong>immensa</strong></span> <span class='ocrx_word' id='word_1_64' title='bbox 790 536 1008 569; x_wconf 72' lang='lat' dir='ltr'><strong>inrxhaustaque</strong></span> 
     </span>
    </p>
   </div>
   <div class='ocr_carea' id='block_1_12' title="bbox 223 581 1008 624">
    <p class='ocr_par' dir='ltr' id='par_1_12' title="bbox 223 581 1008 624">
     <span class='ocr_line' id='line_1_12' title="bbox 223 581 1008 624; baseline -0.018 -3"><span class='ocrx_word' id='word_1_65' title='bbox 223 581 410 622; x_wconf 82' lang='lat' dir='ltr'><strong>misericordia</strong></span> <span class='ocrx_word' id='word_1_66' title='bbox 429 589 511 624; x_wconf 87' lang='lat' dir='ltr'><strong>pollet</strong></span> <span class='ocrx_word' id='word_1_67' title='bbox 523 597 530 614; x_wconf 88' lang='lat'><strong>:</strong></span> <span class='ocrx_word' id='word_1_68' title='bbox 541 595 592 622; x_wconf 93' lang='lat' dir='ltr'><strong>qua</strong></span> <span class='ocrx_word' id='word_1_69' title='bbox 608 585 725 620; x_wconf 88' lang='lat' dir='ltr'><strong>denique</strong></span> <span class='ocrx_word' id='word_1_70' title='bbox 740 582 872 619; x_wconf 81' lang='lat' dir='ltr'><strong>ponlil&#39;ex,</strong></span> <span class='ocrx_word' id='word_1_71' title='bbox 893 581 1008 608; x_wconf 88' lang='lat' dir='ltr'><strong>idoneus</strong></span> 
     </span>
    </p>
   </div>
   <div class='ocr_carea' id='block_1_13' title="bbox 224 628 1008 668">
    <p class='ocr_par' dir='ltr' id='par_1_13' title="bbox 224 628 1008 668">
     <span class='ocr_line' id='line_1_13' title="bbox 224 628 1008 668; baseline -0.017 -3"><span class='ocrx_word' id='word_1_72' title='bbox 224 640 390 666; x_wconf 75' lang='lat' dir='ltr'><strong>intercessor</strong></span> <span class='ocrx_word' id='word_1_73' title='bbox 399 634 503 662; x_wconf 89' lang='lat' dir='ltr'><strong>assistit</strong></span> <span class='ocrx_word' id='word_1_74' title='bbox 518 642 524 660; x_wconf 91' lang='lat'>:</span> <span class='ocrx_word' id='word_1_75' title='bbox 538 639 653 668; x_wconf 92' lang='lat' dir='ltr'><strong>quorum</strong></span> <span class='ocrx_word' id='word_1_76' title='bbox 665 630 798 660; x_wconf 86' lang='lat' dir='ltr'><strong>omnium,</strong></span> <span class='ocrx_word' id='word_1_77' title='bbox 810 628 878 656; x_wconf 84' lang='lat' dir='ltr'><strong>nihil</strong></span> <span class='ocrx_word' id='word_1_78' title='bbox 888 633 1008 662; x_wconf 82' lang='lat' dir='ltr'><strong>unquam</strong></span> 
     </span>
    </p>
   </div>
   <div class='ocr_carea' id='block_1_14' title="bbox 225 673 1010 714">
    <p class='ocr_par' dir='ltr' id='par_1_14' title="bbox 225 673 1010 714">
     <span class='ocr_line' id='line_1_14' title="bbox 225 673 1010 714; baseline -0.015 -4"><span class='ocrx_word' id='word_1_79' title='bbox 225 683 322 714; x_wconf 79' lang='lat' dir='ltr'><strong>simile,</strong></span> <span class='ocrx_word' id='word_1_80' title='bbox 339 680 406 708; x_wconf 84' lang='lat' dir='ltr'><strong>nihil</strong></span> <span class='ocrx_word' id='word_1_81' title='bbox 422 679 525 714; x_wconf 70' lang='lat' dir='ltr'><strong>aequale</strong></span> <span class='ocrx_word' id='word_1_82' title='bbox 546 680 573 704; x_wconf 89' lang='lat' dir='ltr'><strong>in</strong></span> <span class='ocrx_word' id='word_1_83' title='bbox 592 677 646 704; x_wconf 87' lang='lat' dir='ltr'><strong>alio</strong></span> <span class='ocrx_word' id='word_1_84' title='bbox 670 676 798 710; x_wconf 84' lang='lat' dir='ltr'><strong>quopiam</strong></span> <span class='ocrx_word' id='word_1_85' title='bbox 815 673 934 709; x_wconf 83' lang='lat' dir='ltr'><strong>reperire</strong></span> <span class='ocrx_word' id='word_1_86' title='bbox 947 673 1010 707; x_wconf 82' lang='lat' dir='ltr'><strong>quis</strong></span> 
     </span>
    </p>
   </div>
   <div class='ocr_carea' id='block_1_15' title="bbox 225 718 1012 764">
    <p class='ocr_par' dir='ltr' id='par_1_15' title="bbox 225 718 1012 764">
     <span class='ocr_line' id='line_1_15' title="bbox 225 718 1012 764; baseline -0.015 -8"><span class='ocrx_word' id='word_1_87' title='bbox 225 729 333 764; x_wconf 80' lang='lat' dir='ltr'><strong>poterit.</strong></span> <span class='ocrx_word' id='word_1_88' title='bbox 349 727 416 754; x_wconf 85' lang='lat' dir='ltr'><strong>Nam</strong></span> <span class='ocrx_word' id='word_1_89' title='bbox 431 725 494 753; x_wconf 88' lang='lat' dir='ltr'><strong>vide</strong></span> <span class='ocrx_word' id='word_1_90' title='bbox 521 725 580 759; x_wconf 87' lang='lat' dir='ltr'><strong>ejus</strong></span> <span class='ocrx_word' id='word_1_91' title='bbox 605 722 785 750; x_wconf 82' lang='lat' dir='ltr'><strong>clementiam.</strong></span> <span class='ocrx_word' id='word_1_92' title='bbox 812 720 915 756; x_wconf 83' lang='lat' dir='ltr'><strong>Sponte</strong></span> <span class='ocrx_word' id='word_1_93' title='bbox 931 718 1012 745; x_wconf 83' lang='lat' dir='ltr'><strong>morti</strong></span> 
     </span>
    </p>
   </div>
   <div class='ocr_carea' id='block_1_16' title="bbox 226 762 1012 803">
    <p class='ocr_par' dir='ltr' id='par_1_16' title="bbox 226 762 1012 803">
     <span class='ocr_line' id='line_1_16' title="bbox 226 762 1012 803; baseline -0.014 0"><span class='ocrx_word' id='word_1_94' title='bbox 226 775 352 802; x_wconf 78' lang='lat' dir='ltr'><strong>addictus</strong></span> <span class='ocrx_word' id='word_1_95' title='bbox 366 781 397 801; x_wconf 91' lang='lat' dir='ltr'><strong>ac</strong></span> <span class='ocrx_word' id='word_1_96' title='bbox 415 773 622 802; x_wconf 87' lang='lat' dir='ltr'><strong>condemnatus,</strong></span> <span class='ocrx_word' id='word_1_97' title='bbox 642 773 757 796; x_wconf 88' lang='lat' dir='ltr'><strong>mortem</strong></span> <span class='ocrx_word' id='word_1_98' title='bbox 774 775 835 803; x_wconf 68' lang='lat' dir='ltr'><strong>qua:</strong></span> <span class='ocrx_word' id='word_1_99' title='bbox 849 762 1012 801; x_wconf 76' lang='lat' dir='ltr'><strong>crucifigen-</strong></span> 
     </span>
    </p>
   </div>
   <div class='ocr_carea' id='block_1_17' title="bbox 1056 295 1844 335">
    <p class='ocr_par' dir='ltr' id='par_1_17' title="bbox 1056 295 1844 335">
     <span class='ocr_line' id='line_1_17' title="bbox 1056 295 1844 335; baseline -0.01 -6"><span class='ocrx_word' id='word_1_100' title='bbox 1056 303 1123 330; x_wconf 83' lang='grc' dir='ltr'>ἀλλά</span> <span class='ocrx_word' id='word_1_101' title='bbox 1152 302 1199 329; x_wconf 80' lang='grc' dir='ltr'>καὶ</span> <span class='ocrx_word' id='word_1_102' title='bbox 1216 302 1317 332; x_wconf 78' lang='grc' dir='ltr'><strong>πάσαις</strong></span> <span class='ocrx_word' id='word_1_103' title='bbox 1335 300 1437 335; x_wconf 74' lang='grc' dir='ltr'><strong>ψήφοις</strong></span> <span class='ocrx_word' id='word_1_104' title='bbox 1455 298 1649 334; x_wconf 82' lang='grc' dir='ltr'>ὑπερέχουσαν.</span> <span class='ocrx_word' id='word_1_105' title='bbox 1671 297 1716 323; x_wconf 84' lang='grc' dir='ltr'><strong>Ἐν</strong></span> <span class='ocrx_word' id='word_1_106' title='bbox 1737 296 1785 331; x_wconf 73' lang='grc' dir='ltr'><strong>μὲν</strong></span> <span class='ocrx_word' id='word_1_107' title='bbox 1803 295 1844 331; x_wconf 79' lang='grc' dir='ltr'>τῷ</span> 
     </span>
    </p>
   </div>
   <div class='ocr_carea' id='block_1_18' title="bbox 1057 341 1846 382">
    <p class='ocr_par' dir='ltr' id='par_1_18' title="bbox 1057 341 1846 382">
     <span class='ocr_line' id='line_1_18' title="bbox 1057 341 1846 382; baseline -0.011 -7"><span class='ocrx_word' id='word_1_108' title='bbox 1057 349 1121 380; x_wconf 79' lang='grc' dir='ltr'><strong>Υἱὸς</strong></span> <span class='ocrx_word' id='word_1_109' title='bbox 1147 346 1227 380; x_wconf 82' lang='grc' dir='ltr'>εἶναι,</span> <span class='ocrx_word' id='word_1_110' title='bbox 1247 348 1277 374; x_wconf 81' lang='grc' dir='ltr'>τὸ</span> <span class='ocrx_word' id='word_1_111' title='bbox 1291 345 1500 382; x_wconf 79' lang='grc' dir='ltr'><strong>ἀπαράλλακτον</strong></span> <span class='ocrx_word' id='word_1_112' title='bbox 1526 343 1620 374; x_wconf 81' lang='grc' dir='ltr'>σώζων</span> <span class='ocrx_word' id='word_1_113' title='bbox 1639 343 1707 378; x_wconf 74' lang='grc' dir='ltr'>πρὸς</span> <span class='ocrx_word' id='word_1_114' title='bbox 1728 341 1774 367; x_wconf 82' lang='grc' dir='ltr'>τὸν</span> <span class='ocrx_word' id='word_1_115' title='bbox 1787 342 1846 368; x_wconf 77' lang='lat' dir='ltr'><strong>Ila-</strong></span> 
     </span>
    </p>
   </div>
   <div class='ocr_carea' id='block_1_19' title="bbox 1056 387 1847 430">
    <p class='ocr_par' dir='ltr' id='par_1_19' title="bbox 1056 387 1847 430">
     <span class='ocr_line' id='line_1_19' title="bbox 1056 387 1847 430; baseline -0.013 -8"><span class='ocrx_word' id='word_1_116' title='bbox 1056 395 1137 430; x_wconf 84' lang='grc' dir='ltr'>τέρα·</span> <span class='ocrx_word' id='word_1_117' title='bbox 1154 395 1183 420; x_wconf 82' lang='grc' dir='ltr'><strong>ὲν</strong></span> <span class='ocrx_word' id='word_1_118' title='bbox 1198 393 1226 420; x_wconf 80' lang='grc' dir='ltr'><strong>δὲ</strong></span> <span class='ocrx_word' id='word_1_119' title='bbox 1235 392 1274 428; x_wconf 82' lang='grc' dir='ltr'><strong>τῷ</strong></span> <span class='ocrx_word' id='word_1_120' title='bbox 1286 391 1461 427; x_wconf 82' lang='grc' dir='ltr'>δημιουργὸς,</span> <span class='ocrx_word' id='word_1_121' title='bbox 1478 389 1509 416; x_wconf 79' lang='grc' dir='ltr'>τὸ</span> <span class='ocrx_word' id='word_1_122' title='bbox 1522 390 1571 425; x_wconf 82' lang='grc' dir='ltr'>τῆς</span> <span class='ocrx_word' id='word_1_123' title='bbox 1585 389 1726 423; x_wconf 84' lang='grc' dir='ltr'>δυνάμεως</span> <span class='ocrx_word' id='word_1_124' title='bbox 1742 387 1847 422; x_wconf 85' lang='grc' dir='ltr'>ἀπροσ-</span> 
     </span>
    </p>
   </div>
   <div class='ocr_carea' id='block_1_20' title="bbox 1057 432 1846 476">
    <p class='ocr_par' dir='ltr' id='par_1_20' title="bbox 1057 432 1846 476">
     <span class='ocr_line' id='line_1_20' title="bbox 1057 432 1846 476; baseline -0.015 -7"><span class='ocrx_word' id='word_1_125' title='bbox 1057 442 1115 473; x_wconf 79' lang='grc' dir='ltr'><strong>δεὲς</strong></span> <span class='ocrx_word' id='word_1_126' title='bbox 1130 441 1199 476; x_wconf 78' lang='grc' dir='ltr'>ἔχων</span> <span class='ocrx_word' id='word_1_127' title='bbox 1208 449 1214 455; x_wconf 90' lang='grc'>·</span> <span class='ocrx_word' id='word_1_128' title='bbox 1228 441 1257 466; x_wconf 89' lang='grc' dir='ltr'><strong>ὲν</strong></span> <span class='ocrx_word' id='word_1_129' title='bbox 1267 440 1294 467; x_wconf 85' lang='grc' dir='ltr'><strong>δὲ</strong></span> <span class='ocrx_word' id='word_1_130' title='bbox 1304 439 1344 474; x_wconf 86' lang='grc' dir='ltr'><strong>τῷ</strong></span> <span class='ocrx_word' id='word_1_131' title='bbox 1356 437 1562 474; x_wconf 82' lang='grc' dir='ltr'>φιλοικτίρμων,</span> <span class='ocrx_word' id='word_1_132' title='bbox 1576 435 1606 462; x_wconf 81' lang='grc' dir='ltr'>τὺ</span> <span class='ocrx_word' id='word_1_133' title='bbox 1618 435 1657 466; x_wconf 83' lang='grc' dir='ltr'><strong>εἰς</strong></span> <span class='ocrx_word' id='word_1_134' title='bbox 1674 432 1846 468; x_wconf 82' lang='grc' dir='ltr'><strong>συμπάθειαν</strong></span> 
     </span>
    </p>
   </div>
   <div class='ocr_carea' id='block_1_21' title="bbox 1057 477 1848 523">
    <p class='ocr_par' dir='ltr' id='par_1_21' title="bbox 1057 477 1848 523">
     <span class='ocr_line' id='line_1_21' title="bbox 1057 477 1848 523; baseline -0.015 -8"><span class='ocrx_word' id='word_1_135' title='bbox 1057 487 1260 523; x_wconf 81' lang='grc' dir='ltr'>ἀνυπέρϐλητον</span> <span class='ocrx_word' id='word_1_136' title='bbox 1283 485 1474 521; x_wconf 83' lang='grc' dir='ltr'>ὲδημοσίευσεν</span> <span class='ocrx_word' id='word_1_137' title='bbox 1486 491 1493 498; x_wconf 85' lang='lat'><strong><em>°</em></strong></span> <span class='ocrx_word' id='word_1_138' title='bbox 1511 484 1540 510; x_wconf 80' lang='grc' dir='ltr'>ὲν</span> <span class='ocrx_word' id='word_1_139' title='bbox 1553 481 1582 508; x_wconf 75' lang='grc' dir='ltr'><strong>δὲ</strong></span> <span class='ocrx_word' id='word_1_140' title='bbox 1598 481 1638 516; x_wconf 84' lang='grc' dir='ltr'><strong>τῷ</strong></span> <span class='ocrx_word' id='word_1_141' title='bbox 1649 479 1801 516; x_wconf 80' lang='grc' dir='ltr'>ἀρχιερεὺς,</span> <span class='ocrx_word' id='word_1_142' title='bbox 1816 477 1848 503; x_wconf 80' lang='grc' dir='ltr'>τὸ</span> 
     </span>
    </p>
   </div>
   <div class='ocr_carea' id='block_1_22' title="bbox 1060 526 1849 570">
    <p class='ocr_par' dir='ltr' id='par_1_22' title="bbox 1060 526 1849 570">
     <span class='ocr_line' id='line_1_22' title="bbox 1060 526 1849 570; baseline -0.015 -8"><span class='ocrx_word' id='word_1_143' title='bbox 1060 536 1100 567; x_wconf 79' lang='grc' dir='ltr'><strong>εἰς</strong></span> <span class='ocrx_word' id='word_1_144' title='bbox 1115 535 1285 570; x_wconf 87' lang='grc' dir='ltr'>παράστασιν</span> <span class='ocrx_word' id='word_1_145' title='bbox 1295 532 1451 565; x_wconf 79' lang='grc' dir='ltr'>ἀξιόπιστον</span> <span class='ocrx_word' id='word_1_146' title='bbox 1460 530 1560 566; x_wconf 83' lang='grc' dir='ltr'>φέρων,</span> <span class='ocrx_word' id='word_1_147' title='bbox 1576 526 1617 560; x_wconf 76' lang='grc' dir='ltr'><strong>οἷς</strong></span> <span class='ocrx_word' id='word_1_148' title='bbox 1631 527 1706 554; x_wconf 79' lang='grc' dir='ltr'><strong>οὐδὲν</strong></span> <span class='ocrx_word' id='word_1_149' title='bbox 1719 526 1793 561; x_wconf 84' lang='grc' dir='ltr'>εὖροι</span> <span class='ocrx_word' id='word_1_150' title='bbox 1806 533 1849 556; x_wconf 88' lang='grc' dir='ltr'><strong>τις</strong></span> 
     </span>
    </p>
   </div>
   <div class='ocr_carea' id='block_1_23' title="bbox 1060 571 1851 613">
    <p class='ocr_par' dir='ltr' id='par_1_23' title="bbox 1060 571 1851 613">
     <span class='ocr_line' id='line_1_23' title="bbox 1060 571 1851 613; baseline -0.014 -5"><span class='ocrx_word' id='word_1_151' title='bbox 1060 581 1093 609; x_wconf 83' lang='grc' dir='ltr'>ἃν</span> <span class='ocrx_word' id='word_1_152' title='bbox 1110 581 1153 608; x_wconf 76' lang='grc' dir='ltr'><strong>ἐπ’</strong></span> <span class='ocrx_word' id='word_1_153' title='bbox 1166 579 1254 606; x_wconf 79' lang='grc' dir='ltr'>οὐδενὶ</span> <span class='ocrx_word' id='word_1_154' title='bbox 1268 577 1352 613; x_wconf 79' lang='grc' dir='ltr'><strong>ἴσονῆ</strong></span> <span class='ocrx_word' id='word_1_155' title='bbox 1370 576 1561 612; x_wconf 85' lang='grc' dir='ltr'>παραπλήσιον</span> <span class='ocrx_word' id='word_1_156' title='bbox 1573 573 1692 601; x_wconf 84' lang='grc' dir='ltr'>πώποτε.</span> <span class='ocrx_word' id='word_1_157' title='bbox 1707 572 1778 608; x_wconf 86' lang='grc' dir='ltr'>Ὀρα</span> <span class='ocrx_word' id='word_1_158' title='bbox 1794 571 1851 606; x_wconf 80' lang='lat'><strong>7&amp;9</strong></span> 
     </span>
    </p>
   </div>
   <div class='ocr_carea' id='block_1_24' title="bbox 1061 616 1851 661">
    <p class='ocr_par' dir='ltr' id='par_1_24' title="bbox 1061 616 1851 661">
     <span class='ocr_line' id='line_1_24' title="bbox 1061 616 1851 661; baseline -0.015 -7"><span class='ocrx_word' id='word_1_159' title='bbox 1061 626 1142 654; x_wconf 81' lang='grc' dir='ltr'>αὑτοῦ</span> <span class='ocrx_word' id='word_1_160' title='bbox 1163 626 1212 661; x_wconf 83' lang='grc' dir='ltr'>τὴν</span> <span class='ocrx_word' id='word_1_161' title='bbox 1235 623 1452 660; x_wconf 86' lang='grc' dir='ltr'>φιλανθρωπίαν.</span> <span class='ocrx_word' id='word_1_162' title='bbox 1476 619 1563 647; x_wconf 83' lang='grc' dir='ltr'><strong>Ἐχὼν</strong></span> <span class='ocrx_word' id='word_1_163' title='bbox 1590 618 1779 654; x_wconf 78' lang='grc' dir='ltr'>κατακριθεὶς,</span> <span class='ocrx_word' id='word_1_164' title='bbox 1802 616 1851 643; x_wconf 81' lang='grc' dir='ltr'><strong>τὸν</strong></span> 
     </span>
    </p>
   </div>
   <div class='ocr_carea' id='block_1_25' title="bbox 1061 663 1853 705">
    <p class='ocr_par' dir='ltr' id='par_1_25' title="bbox 1061 663 1853 705">
     <span class='ocr_line' id='line_1_25' title="bbox 1061 663 1853 705; baseline -0.013 -6"><span class='ocrx_word' id='word_1_165' title='bbox 1061 672 1131 699; x_wconf 82' lang='grc' dir='ltr'>κατὰ</span> <span class='ocrx_word' id='word_1_166' title='bbox 1146 671 1201 698; x_wconf 83' lang='grc' dir='ltr'>τῶν</span> <span class='ocrx_word' id='word_1_167' title='bbox 1217 669 1432 705; x_wconf 86' lang='grc' dir='ltr'>σταυρωσάντων</span> <span class='ocrx_word' id='word_1_168' title='bbox 1456 667 1538 693; x_wconf 80' lang='grc' dir='ltr'>αὑτὸν</span> <span class='ocrx_word' id='word_1_169' title='bbox 1566 665 1644 692; x_wconf 78' lang='grc' dir='ltr'>ἔλυσε</span> <span class='ocrx_word' id='word_1_170' title='bbox 1663 665 1786 695; x_wconf 83' lang='grc' dir='ltr'>θάνατον,</span> <span class='ocrx_word' id='word_1_171' title='bbox 1803 663 1853 690; x_wconf 75' lang='grc' dir='ltr'>καὶ</span> 
     </span>
    </p>
   </div>
   <div class='ocr_carea' id='block_1_26' title="bbox 1065 709 1853 752">
    <p class='ocr_par' dir='ltr' id='par_1_26' title="bbox 1065 709 1853 752">
     <span class='ocr_line' id='line_1_26' title="bbox 1065 709 1853 752; baseline -0.013 -8"><span class='ocrx_word' id='word_1_172' title='bbox 1065 715 1218 752; x_wconf 76' lang='grc' dir='ltr'>ἀπέστρεψε</span> <span class='ocrx_word' id='word_1_173' title='bbox 1229 715 1279 751; x_wconf 79' lang='grc' dir='ltr'>τὴν</span> <span class='ocrx_word' id='word_1_174' title='bbox 1295 714 1349 741; x_wconf 86' lang='grc' dir='ltr'>τῶν</span> <span class='ocrx_word' id='word_1_175' title='bbox 1368 712 1586 740; x_wconf 77' lang='grc' dir='ltr'><strong>ἀποκτεινάντων</strong></span> <span class='ocrx_word' id='word_1_176' title='bbox 1608 710 1733 746; x_wconf 75' lang='grc' dir='ltr'><strong>ἀνομίαν,</strong></span> <span class='ocrx_word' id='word_1_177' title='bbox 1747 709 1788 741; x_wconf 77' lang='grc' dir='ltr'>είς</span> <span class='ocrx_word' id='word_1_178' title='bbox 1802 709 1853 744; x_wconf 80' lang='grc' dir='ltr'>τὴν</span> 
     </span>
    </p>
   </div>
   <div class='ocr_carea' id='block_1_27' title="bbox 1064 759 1484 798">
    <p class='ocr_par' dir='ltr' id='par_1_27' title="bbox 1064 759 1484 798">
     <span class='ocr_line' id='line_1_27' title="bbox 1064 759 1484 798; baseline -0.012 -8"><span class='ocrx_word' id='word_1_179' title='bbox 1064 763 1118 790; x_wconf 88' lang='grc' dir='ltr'>τῶν</span> <span class='ocrx_word' id='word_1_180' title='bbox 1129 761 1323 798; x_wconf 85' lang='grc' dir='ltr'>άνομησάντων</span> <span class='ocrx_word' id='word_1_181' title='bbox 1338 759 1484 795; x_wconf 82' lang='grc' dir='ltr'><strong>σωτηρίαν.</strong></span> 
     </span>
    </p>
   </div>
   <div class='ocr_carea' id='block_1_28' title="bbox 227 801 1855 856">
    <p class='ocr_par' dir='ltr' id='par_1_28' title="bbox 227 801 1855 856">
     <span class='ocr_line' id='line_1_28' title="bbox 227 801 1855 856; baseline -0.013 -8"><span class='ocrx_word' id='word_1_182' title='bbox 227 822 301 849; x_wconf 86' lang='lat' dir='ltr'><strong>tibus</strong></span> <span class='ocrx_word' id='word_1_183' title='bbox 315 820 403 856; x_wconf 87' lang='lat' dir='ltr'><strong>ipsum</strong></span> <span class='ocrx_word' id='word_1_184' title='bbox 412 818 573 848; x_wconf 87' lang='lat' dir='ltr'><strong>debebatur,</strong></span> <span class='ocrx_word' id='word_1_185' title='bbox 585 801 737 847; x_wconf 81' lang='lat' dir='ltr'><strong>destruxit;</strong></span> <span class='ocrx_word' id='word_1_186' title='bbox 749 801 1012 846; x_wconf 74' lang='lat' dir='ltr'><strong>interfectorumque</strong></span> <span class='ocrx_word' id='word_1_187' title='bbox 1031 810 1216 845; x_wconf 87' lang='lat' dir='ltr'><strong>iniquitatem,</strong></span> <span class='ocrx_word' id='word_1_188' title='bbox 1235 808 1263 834; x_wconf 94' lang='lat' dir='ltr'><strong>in</strong></span> <span class='ocrx_word' id='word_1_189' title='bbox 1278 813 1373 834; x_wconf 90' lang='lat' dir='ltr'><strong>eorum</strong></span> <span class='ocrx_word' id='word_1_190' title='bbox 1388 805 1435 840; x_wconf 90' lang='lat' dir='ltr'><strong>qui</strong></span> <span class='ocrx_word' id='word_1_191' title='bbox 1453 804 1546 839; x_wconf 90' lang='lat' dir='ltr'><strong>inique</strong></span> <span class='ocrx_word' id='word_1_192' title='bbox 1576 803 1708 838; x_wconf 80' lang='lat' dir='ltr'><strong>egissent,</strong></span> <span class='ocrx_word' id='word_1_193' title='bbox 1739 801 1855 829; x_wconf 76' lang='lat' dir='ltr'><strong>salutem</strong></span> 
     </span>
    </p>
   </div>
   <div class='ocr_carea' id='block_1_29' title="bbox 228 865 373 903">
    <p class='ocr_par' dir='ltr' id='par_1_29' title="bbox 228 865 373 903">
     <span class='ocr_line' id='line_1_29' title="bbox 228 865 373 903; baseline -0.021 -9"><span class='ocrx_word' id='word_1_194' title='bbox 228 865 373 903; x_wconf 83' lang='lat' dir='ltr'><strong>convertit.</strong></span> 
     </span>
    </p>
   </div>
   <div class='ocr_carea' id='block_1_30' title="bbox 269 891 1029 945">
    <p class='ocr_par' dir='ltr' id='par_1_30' title="bbox 269 891 1017 945">
     <span class='ocr_line' id='line_1_30' title="bbox 269 891 1017 945; baseline -0.013 -5"><span class='ocrx_word' id='word_1_195' title='bbox 269 891 429 940; x_wconf 19' lang='lat' dir='ltr'><strong>Vlltﬂliosse</strong></span> <span class='ocrx_word' id='word_1_196' title='bbox 441 910 533 945; x_wconf 83' lang='lat' dir='ltr'><strong>itaque</strong></span> <span class='ocrx_word' id='word_1_197' title='bbox 556 909 672 939; x_wconf 85' lang='lat' dir='ltr'><strong>salvare,</strong></span> <span class='ocrx_word' id='word_1_198' title='bbox 694 907 782 942; x_wconf 84' lang='lat' dir='ltr'><strong>majus</strong></span> <span class='ocrx_word' id='word_1_199' title='bbox 797 909 855 933; x_wconf 89' lang='lat' dir='ltr'><strong>erat</strong></span> <span class='ocrx_word' id='word_1_200' title='bbox 872 912 954 940; x_wconf 83' lang='lat' dir='ltr'><strong>quam</strong></span> <span class='ocrx_word' id='word_1_201' title='bbox 967 910 1017 939; x_wconf 88' lang='lat' dir='ltr'><strong>pro</strong></span> 
     </span>
    </p>
   </div>
   <div class='ocr_carea' id='block_1_31' title="bbox 1081 891 1859 945">
    <p class='ocr_par' dir='ltr' id='par_1_31' title="bbox 1103 891 1859 934">
     <span class='ocr_line' id='line_1_31' title="bbox 1103 891 1859 934; baseline -0.011 -7"><span class='ocrx_word' id='word_1_202' title='bbox 1103 902 1139 928; x_wconf 93' lang='lat' dir='ltr'><strong>Z&#39;.</strong></span> <span class='ocrx_word' id='word_1_203' title='bbox 1160 897 1317 934; x_wconf 80' lang='grc' dir='ltr'><strong>Ἀνθρώπου</strong></span> <span class='ocrx_word' id='word_1_204' title='bbox 1327 896 1418 924; x_wconf 83' lang='grc' dir='ltr'><strong>τοίνυν</strong></span> <span class='ocrx_word' id='word_1_205' title='bbox 1428 895 1517 930; x_wconf 75' lang='grc' dir='ltr'>ψιλοῦ,</span> <span class='ocrx_word' id='word_1_206' title='bbox 1529 892 1670 921; x_wconf 78' lang='grc' dir='ltr'>σῶσαιούκ</span> <span class='ocrx_word' id='word_1_207' title='bbox 1683 891 1717 928; x_wconf 82' lang='grc' dir='ltr'>ἦν</span> <span class='ocrx_word' id='word_1_208' title='bbox 1726 901 1732 906; x_wconf 92' lang='grc'>·</span> <span class='ocrx_word' id='word_1_209' title='bbox 1745 893 1792 920; x_wconf 71' lang='grc' dir='ltr'><strong>καὶ</strong></span> <span class='ocrx_word' id='word_1_210' title='bbox 1803 893 1859 929; x_wconf 85' lang='grc' dir='ltr'><strong>γάρ</strong></span> 
     </span>
    </p>
   </div>
   <div class='ocr_carea' id='block_1_32' title="bbox 231 950 1019 993">
    <p class='ocr_par' dir='ltr' id='par_1_32' title="bbox 231 950 1019 993">
     <span class='ocr_line' id='line_1_32' title="bbox 231 950 1019 993; baseline -0.014 -6"><span class='ocrx_word' id='word_1_211' title='bbox 231 959 359 987; x_wconf 74' lang='lat' dir='ltr'><strong>facultate</strong></span> <span class='ocrx_word' id='word_1_212' title='bbox 371 957 433 993; x_wconf 88' lang='lat' dir='ltr'><strong>puri</strong></span> <span class='ocrx_word' id='word_1_213' title='bbox 443 955 581 983; x_wconf 89' lang='lat' dir='ltr'><strong>hominis:</strong></span> <span class='ocrx_word' id='word_1_214' title='bbox 598 953 733 988; x_wconf 90' lang='lat' dir='ltr'><strong>siquidem</strong></span> <span class='ocrx_word' id='word_1_215' title='bbox 758 953 818 987; x_wconf 87' lang='lat' dir='ltr'><strong>ipse</strong></span> <span class='ocrx_word' id='word_1_216' title='bbox 839 958 950 986; x_wconf 90' lang='lat' dir='ltr'><strong>quoque</strong></span> <span class='ocrx_word' id='word_1_217' title='bbox 964 950 1019 977; x_wconf 89' lang='lat' dir='ltr'><strong>sal-</strong></span> 
     </span>
    </p>
   </div>
   <div class='ocr_carea' id='block_1_33' title="bbox 230 995 1019 1033">
    <p class='ocr_par' dir='ltr' id='par_1_33' title="bbox 230 995 1019 1033">
     <span class='ocr_line' id='line_1_33' title="bbox 230 995 1019 1033; baseline -0.014 -1"><span class='ocrx_word' id='word_1_218' title='bbox 230 1007 339 1032; x_wconf 85' lang='lat' dir='ltr'><strong>vantem</strong></span> <span class='ocrx_word' id='word_1_219' title='bbox 368 1000 553 1029; x_wconf 84' lang='lat' dir='ltr'><strong>necessarium</strong></span> <span class='ocrx_word' id='word_1_220' title='bbox 574 998 701 1029; x_wconf 82' lang='lat' dir='ltr'><strong>habebat.</strong></span> <span class='ocrx_word' id='word_1_221' title='bbox 725 998 803 1033; x_wconf 83' lang='lat' dir='ltr'><strong>juxta</strong></span> <span class='ocrx_word' id='word_1_222' title='bbox 820 996 892 1031; x_wconf 89' lang='lat' dir='ltr'><strong>quod</strong></span> <span class='ocrx_word' id='word_1_223' title='bbox 918 995 1019 1022; x_wconf 84' lang='lat' dir='ltr'><strong>Paulus</strong></span> 
     </span>
    </p>
   </div>
   <div class='ocr_carea' id='block_1_34' title="bbox 232 1040 1018 1080">
    <p class='ocr_par' dir='ltr' id='par_1_34' title="bbox 232 1040 1018 1080">
     <span class='ocr_line' id='line_1_34' title="bbox 232 1040 1018 1080; baseline -0.013 -4"><span class='ocrx_word' id='word_1_224' title='bbox 232 1050 270 1076; x_wconf 86' lang='lat' dir='ltr'><strong>ait</strong></span> <span class='ocrx_word' id='word_1_225' title='bbox 286 1058 293 1075; x_wconf 84' lang='lat'><strong>:</strong></span> <span class='ocrx_word' id='word_1_226' title='bbox 310 1047 406 1075; x_wconf 73' lang='lat' dir='ltr'><strong>Omnes</strong></span> <span class='ocrx_word' id='word_1_227' title='bbox 422 1049 604 1080; x_wconf 75' lang='lat' dir='ltr'><strong>peccat-erunt,</strong></span> <span class='ocrx_word' id='word_1_228' title='bbox 620 1048 645 1071; x_wconf 86' lang='lat' dir='ltr'><strong>et</strong></span> <span class='ocrx_word' id='word_1_229' title='bbox 659 1046 735 1078; x_wconf 67' lang='lat' dir='ltr'><strong>egent</strong></span> <span class='ocrx_word' id='word_1_230' title='bbox 746 1042 832 1077; x_wconf 79' lang='lat' dir='ltr'><strong>gloria</strong></span> <span class='ocrx_word' id='word_1_231' title='bbox 845 1041 894 1068; x_wconf 89' lang='lat' dir='ltr'><strong>Dei</strong></span> <span class='ocrx_word' id='word_1_232' title='bbox 909 1040 947 1072; x_wconf 79' lang='grc'><strong>⁸⁸,</strong></span> <span class='ocrx_word' id='word_1_233' title='bbox 964 1043 1018 1066; x_wconf 85' lang='lat' dir='ltr'><strong>etc.</strong></span> 
     </span>
    </p>
   </div>
   <div class='ocr_carea' id='block_1_35' title="bbox 233 1086 1020 1129">
    <p class='ocr_par' dir='ltr' id='par_1_35' title="bbox 233 1086 1020 1129">
     <span class='ocr_line' id='line_1_35' title="bbox 233 1086 1020 1129; baseline -0.011 -7"><span class='ocrx_word' id='word_1_234' title='bbox 233 1095 301 1128; x_wconf 82' lang='lat' dir='ltr'><strong>Quia</strong></span> <span class='ocrx_word' id='word_1_235' title='bbox 312 1101 377 1129; x_wconf 82' lang='lat' dir='ltr'><strong>ergo</strong></span> <span class='ocrx_word' id='word_1_236' title='bbox 387 1095 527 1128; x_wconf 85' lang='lat' dir='ltr'><strong>peccatum</strong></span> <span class='ocrx_word' id='word_1_237' title='bbox 540 1090 662 1125; x_wconf 89' lang='lat' dir='ltr'><strong>ejusdem</strong></span> <span class='ocrx_word' id='word_1_238' title='bbox 686 1096 762 1117; x_wconf 90' lang='lat' dir='ltr'><strong>reum</strong></span> <span class='ocrx_word' id='word_1_239' title='bbox 776 1088 884 1115; x_wconf 84' lang='lat' dir='ltr'><strong>diabolo</strong></span> <span class='ocrx_word' id='word_1_240' title='bbox 900 1086 1020 1114; x_wconf 86' lang='lat' dir='ltr'><strong>obstrin-</strong></span> 
     </span>
    </p>
   </div>
   <div class='ocr_carea' id='block_1_36' title="bbox 236 1133 1019 1174">
    <p class='ocr_par' dir='ltr' id='par_1_36' title="bbox 236 1133 1019 1174">
     <span class='ocr_line' id='line_1_36' title="bbox 236 1133 1019 1174; baseline -0.011 -6"><span class='ocrx_word' id='word_1_241' title='bbox 236 1143 328 1171; x_wconf 74' lang='lat' dir='ltr'><strong>xerat,</strong></span> <span class='ocrx_word' id='word_1_242' title='bbox 342 1140 431 1174; x_wconf 89' lang='lat' dir='ltr'><strong>ipsum</strong></span> <span class='ocrx_word' id='word_1_243' title='bbox 450 1136 576 1165; x_wconf 86' lang='lat' dir='ltr'><strong>diabolus</strong></span> <span class='ocrx_word' id='word_1_244' title='bbox 594 1136 623 1163; x_wconf 94' lang='lat' dir='ltr'><strong>in</strong></span> <span class='ocrx_word' id='word_1_245' title='bbox 640 1139 757 1162; x_wconf 83' lang='lat' dir='ltr'><strong>mortem</strong></span> <span class='ocrx_word' id='word_1_246' title='bbox 776 1133 941 1169; x_wconf 67' lang='lat' dir='ltr'><strong>praecipitem</strong></span> <span class='ocrx_word' id='word_1_247' title='bbox 957 1139 1019 1166; x_wconf 81' lang='lat' dir='ltr'><strong>age-</strong></span> 
     </span>
    </p>
   </div>
   <div class='ocr_carea' id='block_1_37' title="bbox 235 1178 1019 1218">
    <p class='ocr_par' dir='ltr' id='par_1_37' title="bbox 235 1178 1019 1218">
     <span class='ocr_line' id='line_1_37' title="bbox 235 1178 1019 1218; baseline -0.013 -4"><span class='ocrx_word' id='word_1_248' title='bbox 235 1187 290 1214; x_wconf 82' lang='lat' dir='ltr'><strong>lat.</strong></span> <span class='ocrx_word' id='word_1_249' title='bbox 305 1185 439 1218; x_wconf 86' lang='lat' dir='ltr'><strong>Quocirca</strong></span> <span class='ocrx_word' id='word_1_250' title='bbox 467 1190 511 1210; x_wconf 85' lang='lat' dir='ltr'><strong>res</strong></span> <span class='ocrx_word' id='word_1_251' title='bbox 539 1185 640 1209; x_wconf 75' lang='lat' dir='ltr'><strong>nostra:</strong></span> <span class='ocrx_word' id='word_1_252' title='bbox 655 1182 682 1207; x_wconf 91' lang='lat' dir='ltr'><strong>in</strong></span> <span class='ocrx_word' id='word_1_253' title='bbox 702 1180 851 1207; x_wconf 88' lang='lat' dir='ltr'><strong>maximum</strong></span> <span class='ocrx_word' id='word_1_254' title='bbox 871 1178 1019 1206; x_wconf 79' lang='lat' dir='ltr'><strong>discrimen</strong></span> 
     </span>
    </p>
   </div>
   <div class='ocr_carea' id='block_1_38' title="bbox 236 1225 1024 1262">
    <p class='ocr_par' dir='ltr' id='par_1_38' title="bbox 236 1225 1024 1262">
     <span class='ocr_line' id='line_1_38' title="bbox 236 1225 1024 1262; baseline -0.013 -2"><span class='ocrx_word' id='word_1_255' title='bbox 236 1232 360 1260; x_wconf 77' lang='lat' dir='ltr'><strong>adductae</strong></span> <span class='ocrx_word' id='word_1_256' title='bbox 387 1233 477 1262; x_wconf 86' lang='lat' dir='ltr'><strong>erant,</strong></span> <span class='ocrx_word' id='word_1_257' title='bbox 493 1236 544 1256; x_wconf 89' lang='lat' dir='ltr'><strong>nec</strong></span> <span class='ocrx_word' id='word_1_258' title='bbox 562 1235 624 1262; x_wconf 81' lang='lat' dir='ltr'><strong>spes</strong></span> <span class='ocrx_word' id='word_1_259' title='bbox 640 1227 695 1254; x_wconf 86' lang='lat' dir='ltr'><strong>ulla</strong></span> <span class='ocrx_word' id='word_1_260' title='bbox 717 1225 887 1254; x_wconf 87' lang='lat' dir='ltr'><strong>liberationis</strong></span> <span class='ocrx_word' id='word_1_261' title='bbox 906 1232 922 1251; x_wconf 87' lang='lat' dir='ltr'><strong>a</strong></span> <span class='ocrx_word' id='word_1_262' title='bbox 937 1227 1024 1251; x_wconf 87' lang='lat' dir='ltr'><strong>morte</strong></span> 
     </span>
    </p>
   </div>
   <div class='ocr_carea' id='block_1_39' title="bbox 237 1268 1023 1312">
    <p class='ocr_par' dir='ltr' id='par_1_39' title="bbox 237 1268 1023 1312">
     <span class='ocr_line' id='line_1_39' title="bbox 237 1268 1023 1312; baseline -0.013 -7"><span class='ocrx_word' id='word_1_263' title='bbox 237 1278 342 1312; x_wconf 86' lang='lat' dir='ltr'><strong>reliqua</strong></span> <span class='ocrx_word' id='word_1_264' title='bbox 357 1275 509 1303; x_wconf 85' lang='lat' dir='ltr'><strong>videbatur.</strong></span> <span class='ocrx_word' id='word_1_265' title='bbox 530 1272 582 1305; x_wconf 84' lang='lat' dir='ltr'><strong>Qui</strong></span> <span class='ocrx_word' id='word_1_266' title='bbox 599 1272 725 1299; x_wconf 84' lang='lat' dir='ltr'><strong>destinati</strong></span> <span class='ocrx_word' id='word_1_267' title='bbox 749 1274 827 1298; x_wconf 88' lang='lat' dir='ltr'><strong>erant</strong></span> <span class='ocrx_word' id='word_1_268' title='bbox 847 1269 956 1301; x_wconf 86' lang='lat' dir='ltr'><strong>medici,</strong></span> <span class='ocrx_word' id='word_1_269' title='bbox 976 1268 1023 1295; x_wconf 93' lang='lat' dir='ltr'><strong>de-</strong></span> 
     </span>
    </p>
   </div>
   <div class='ocr_carea' id='block_1_40' title="bbox 238 1315 1027 1359">
    <p class='ocr_par' dir='ltr' id='par_1_40' title="bbox 238 1315 1027 1359">
     <span class='ocr_line' id='line_1_40' title="bbox 238 1315 1027 1359; baseline -0.01 -9"><span class='ocrx_word' id='word_1_270' title='bbox 238 1325 359 1359; x_wconf 87' lang='lat' dir='ltr'><strong>ploratos</strong></span> <span class='ocrx_word' id='word_1_271' title='bbox 374 1319 567 1356; x_wconf 66' lang='lat' dir='ltr'><strong>prmdicabant.</strong></span> <span class='ocrx_word' id='word_1_272' title='bbox 575 1317 646 1351; x_wconf 85' lang='lat' dir='ltr'><strong>Quid</strong></span> <span class='ocrx_word' id='word_1_273' title='bbox 659 1317 741 1353; x_wconf 79' lang='lat' dir='ltr'><strong>ergo?</strong></span> <span class='ocrx_word' id='word_1_274' title='bbox 751 1316 877 1344; x_wconf 79' lang='lat' dir='ltr'><strong>Videntes</strong></span> <span class='ocrx_word' id='word_1_275' title='bbox 888 1315 1027 1351; x_wconf 74' lang='lat' dir='ltr'><strong>propheta:</strong></span> 
     </span>
    </p>
   </div>
   <div class='ocr_carea' id='block_1_41' title="bbox 239 1363 1028 1402">
    <p class='ocr_par' dir='ltr' id='par_1_41' title="bbox 239 1363 1028 1402">
     <span class='ocr_line' id='line_1_41' title="bbox 239 1363 1028 1402; baseline -0.011 -4"><span class='ocrx_word' id='word_1_276' title='bbox 239 1371 359 1398; x_wconf 84' lang='lat' dir='ltr'><strong>humana</strong></span> <span class='ocrx_word' id='word_1_277' title='bbox 383 1367 472 1402; x_wconf 85' lang='lat' dir='ltr'><strong>majus</strong></span> <span class='ocrx_word' id='word_1_278' title='bbox 497 1365 633 1393; x_wconf 89' lang='lat' dir='ltr'><strong>industria</strong></span> <span class='ocrx_word' id='word_1_279' title='bbox 662 1365 762 1392; x_wconf 88' lang='lat' dir='ltr'><strong>vulnus</strong></span> <span class='ocrx_word' id='word_1_280' title='bbox 786 1363 930 1395; x_wconf 85' lang='lat' dir='ltr'><strong>inﬂictum,</strong></span> <span class='ocrx_word' id='word_1_281' title='bbox 945 1363 1028 1391; x_wconf 66' lang='lat' dir='ltr'><strong>coale-</strong></span> 
     </span>
    </p>
   </div>
   <div class='ocr_carea' id='block_1_42' title="bbox 240 1408 1028 1445">
    <p class='ocr_par' dir='ltr' id='par_1_42' title="bbox 240 1408 1028 1445">
     <span class='ocr_line' id='line_1_42' title="bbox 240 1408 1028 1445; baseline -0.011 -1"><span class='ocrx_word' id='word_1_282' title='bbox 240 1422 310 1444; x_wconf 80' lang='lat' dir='ltr'><strong>stem</strong></span> <span class='ocrx_word' id='word_1_283' title='bbox 338 1413 473 1442; x_wconf 87' lang='lat' dir='ltr'><strong>medicum</strong></span> <span class='ocrx_word' id='word_1_284' title='bbox 495 1411 687 1439; x_wconf 87' lang='lat' dir='ltr'><strong>inclamabant.</strong></span> <span class='ocrx_word' id='word_1_285' title='bbox 704 1411 743 1438; x_wconf 81' lang='lat' dir='ltr'><strong>Ac</strong></span> <span class='ocrx_word' id='word_1_286' title='bbox 758 1418 829 1438; x_wconf 87' lang='lat' dir='ltr'><strong>unus</strong></span> <span class='ocrx_word' id='word_1_287' title='bbox 848 1409 957 1445; x_wconf 79' lang='lat' dir='ltr'><strong>quidem</strong></span> <span class='ocrx_word' id='word_1_288' title='bbox 970 1408 1028 1436; x_wconf 85' lang='lat' dir='ltr'><strong>aie-</strong></span> 
     </span>
    </p>
   </div>
   <div class='ocr_carea' id='block_1_43' title="bbox 241 1454 1029 1490">
    <p class='ocr_par' dir='ltr' id='par_1_43' title="bbox 241 1454 1029 1490">
     <span class='ocr_line' id='line_1_43' title="bbox 241 1454 1029 1490; baseline -0.01 -1"><span class='ocrx_word' id='word_1_289' title='bbox 241 1463 288 1490; x_wconf 80' lang='lat' dir='ltr'><strong>bat</strong></span> <span class='ocrx_word' id='word_1_290' title='bbox 303 1471 309 1489; x_wconf 89' lang='lat'><strong>:</strong></span> <span class='ocrx_word' id='word_1_291' title='bbox 322 1460 427 1488; x_wconf 79' lang='lat' dir='ltr'><strong>Inclina</strong></span> <span class='ocrx_word' id='word_1_292' title='bbox 442 1457 531 1489; x_wconf 65' lang='lat' dir='ltr'><strong>calor.</strong></span> <span class='ocrx_word' id='word_1_293' title='bbox 549 1462 572 1484; x_wconf 88' lang='lat' dir='ltr'><strong>et</strong></span> <span class='ocrx_word' id='word_1_294' title='bbox 586 1456 712 1484; x_wconf 76' lang='lat' dir='ltr'><strong>descende</strong></span> <span class='ocrx_word' id='word_1_295' title='bbox 721 1457 753 1484; x_wconf 69' lang='grc' dir='ltr'><strong>ι’.</strong></span> <span class='ocrx_word' id='word_1_296' title='bbox 772 1456 849 1483; x_wconf 80' lang='lat' dir='ltr'><strong>Alius</strong></span> <span class='ocrx_word' id='word_1_297' title='bbox 859 1463 942 1483; x_wconf 89' lang='lat' dir='ltr'><strong>vero:</strong></span> <span class='ocrx_word' id='word_1_298' title='bbox 957 1454 1029 1482; x_wconf 83' lang='lat' dir='ltr'><strong>Sana</strong></span> 
     </span>
    </p>
   </div>
   <div class='ocr_carea' id='block_1_44' title="bbox 241 1501 1031 1539">
    <p class='ocr_par' dir='ltr' id='par_1_44' title="bbox 241 1501 1031 1539">
     <span class='ocr_line' id='line_1_44' title="bbox 241 1501 1031 1539; baseline -0.01 -5"><span class='ocrx_word' id='word_1_299' title='bbox 241 1516 292 1539; x_wconf 86' lang='lat' dir='ltr'><strong>me,</strong></span> <span class='ocrx_word' id='word_1_300' title='bbox 310 1506 464 1538; x_wconf 79' lang='lat' dir='ltr'><strong>Domine,et</strong></span> <span class='ocrx_word' id='word_1_301' title='bbox 480 1507 596 1533; x_wconf 67' lang='lat' dir='ltr'><strong>saviabor</strong></span> <span class='ocrx_word' id='word_1_302' title='bbox 609 1505 642 1531; x_wconf 75' lang='grc' dir='ltr'>ιθ.</span> <span class='ocrx_word' id='word_1_303' title='bbox 658 1503 736 1531; x_wconf 78' lang='lat' dir='ltr'><strong>Unus</strong></span> <span class='ocrx_word' id='word_1_304' title='bbox 753 1513 759 1530; x_wconf 89' lang='lat'><strong>:</strong></span> <span class='ocrx_word' id='word_1_305' title='bbox 778 1501 874 1529; x_wconf 70' lang='lat' dir='ltr'><strong>Excita</strong></span> <span class='ocrx_word' id='word_1_306' title='bbox 886 1501 1031 1535; x_wconf 78' lang='lat' dir='ltr'><strong>potentiam</strong></span> 
     </span>
    </p>
   </div>
   <div class='ocr_carea' id='block_1_45' title="bbox 243 1545 1031 1584">
    <p class='ocr_par' dir='ltr' id='par_1_45' title="bbox 243 1545 1031 1584">
     <span class='ocr_line' id='line_1_45' title="bbox 243 1545 1031 1584; baseline -0.011 -4"><span class='ocrx_word' id='word_1_307' title='bbox 243 1559 328 1584; x_wconf 67' lang='lat' dir='ltr'><strong>tuam,</strong></span> <span class='ocrx_word' id='word_1_308' title='bbox 344 1557 368 1579; x_wconf 91' lang='lat' dir='ltr'><strong>et</strong></span> <span class='ocrx_word' id='word_1_309' title='bbox 384 1553 451 1582; x_wconf 75' lang='lat' dir='ltr'><strong>veni,</strong></span> <span class='ocrx_word' id='word_1_310' title='bbox 469 1556 498 1578; x_wconf 82' lang='lat' dir='ltr'><strong>ut</strong></span> <span class='ocrx_word' id='word_1_311' title='bbox 515 1552 601 1578; x_wconf 76' lang='lat' dir='ltr'><strong>salvos</strong></span> <span class='ocrx_word' id='word_1_312' title='bbox 611 1550 696 1584; x_wconf 70' lang='lat' dir='ltr'><strong>facias</strong></span> <span class='ocrx_word' id='word_1_313' title='bbox 712 1556 759 1575; x_wconf 72' lang='lat' dir='ltr'><strong>nos</strong></span> <span class='ocrx_word' id='word_1_314' title='bbox 772 1548 806 1574; x_wconf 84' lang='lat'><strong>“.</strong></span> <span class='ocrx_word' id='word_1_315' title='bbox 819 1547 915 1574; x_wconf 83' lang='lat' dir='ltr'><strong>Alius:</strong></span> <span class='ocrx_word' id='word_1_316' title='bbox 931 1545 960 1573; x_wconf 88' lang='lat' dir='ltr'><strong>Si</strong></span> <span class='ocrx_word' id='word_1_317' title='bbox 975 1553 1031 1572; x_wconf 75' lang='lat' dir='ltr'><strong>vere</strong></span> 
     </span>
    </p>
   </div>
   <div class='ocr_carea' id='block_1_46' title="bbox 1069 938 1861 975">
    <p class='ocr_par' dir='ltr' id='par_1_46' title="bbox 1069 938 1861 975">
     <span class='ocr_line' id='line_1_46' title="bbox 1069 938 1861 975; baseline -0.011 -2"><span class='ocrx_word' id='word_1_318' title='bbox 1069 946 1116 973; x_wconf 74' lang='grc' dir='ltr'><strong>καὶ</strong></span> <span class='ocrx_word' id='word_1_319' title='bbox 1133 944 1213 975; x_wconf 79' lang='grc' dir='ltr'>αὐτὸς</span> <span class='ocrx_word' id='word_1_320' title='bbox 1226 944 1312 970; x_wconf 74' lang='grc' dir='ltr'><strong>ἐδεῖτο</strong></span> <span class='ocrx_word' id='word_1_321' title='bbox 1321 941 1368 968; x_wconf 85' lang='grc' dir='ltr'>τοῦ</span> <span class='ocrx_word' id='word_1_322' title='bbox 1384 940 1526 973; x_wconf 82' lang='grc' dir='ltr'>σώζοντος,</span> <span class='ocrx_word' id='word_1_323' title='bbox 1543 939 1614 966; x_wconf 81' lang='grc' dir='ltr'>κατὰ</span> <span class='ocrx_word' id='word_1_324' title='bbox 1635 939 1741 966; x_wconf 81' lang='grc' dir='ltr'>Παῦλον</span> <span class='ocrx_word' id='word_1_325' title='bbox 1754 939 1800 965; x_wconf 77' lang='grc' dir='ltr'>τὸν</span> <span class='ocrx_word' id='word_1_326' title='bbox 1816 938 1861 965; x_wconf 91' lang='grc' dir='ltr'>λέ-</span> 
     </span>
    </p>
   </div>
   <div class='ocr_carea' id='block_1_47' title="bbox 1069 984 1862 1026">
    <p class='ocr_par' dir='ltr' id='par_1_47' title="bbox 1069 984 1862 1026">
     <span class='ocr_line' id='line_1_47' title="bbox 1069 984 1862 1026; baseline -0.01 -8"><span class='ocrx_word' id='word_1_327' title='bbox 1069 1000 1161 1026; x_wconf 83' lang='grc' dir='ltr'>γοντα,</span> <span class='ocrx_word' id='word_1_328' title='bbox 1177 991 1218 1017; x_wconf 84' lang='grc' dir='ltr'><strong>ὅτι</strong></span> <span class='ocrx_word' id='word_1_329' title='bbox 1237 989 1351 1021; x_wconf 82' lang='grc' dir='ltr'><strong>Πάντες</strong></span> <span class='ocrx_word' id='word_1_330' title='bbox 1363 987 1506 1022; x_wconf 74' lang='grc' dir='ltr'>ἥμαρτον,</span> <span class='ocrx_word' id='word_1_331' title='bbox 1526 986 1575 1012; x_wconf 77' lang='grc' dir='ltr'><strong>καὶ</strong></span> <span class='ocrx_word' id='word_1_332' title='bbox 1591 985 1789 1020; x_wconf 83' lang='grc' dir='ltr'><strong>ὑστεροῦνται</strong></span> <span class='ocrx_word' id='word_1_333' title='bbox 1806 984 1862 1018; x_wconf 81' lang='grc' dir='ltr'><strong>τῆς</strong></span> 
     </span>
    </p>
   </div>
   <div class='ocr_carea' id='block_1_48' title="bbox 1070 1028 1862 1071">
    <p class='ocr_par' dir='ltr' id='par_1_48' title="bbox 1070 1028 1862 1071">
     <span class='ocr_line' id='line_1_48' title="bbox 1070 1028 1862 1071; baseline -0.01 -7"><span class='ocrx_word' id='word_1_334' title='bbox 1070 1037 1163 1071; x_wconf 76' lang='grc' dir='ltr'>δόξης</span> <span class='ocrx_word' id='word_1_335' title='bbox 1176 1035 1230 1063; x_wconf 78' lang='grc' dir='ltr'>τοῦ</span> <span class='ocrx_word' id='word_1_336' title='bbox 1242 1034 1325 1066; x_wconf 76' lang='grc' dir='ltr'>Θεοῦ,</span> <span class='ocrx_word' id='word_1_337' title='bbox 1342 1034 1389 1060; x_wconf 71' lang='grc' dir='ltr'><strong>καὶ</strong></span> <span class='ocrx_word' id='word_1_338' title='bbox 1400 1033 1435 1060; x_wconf 83' lang='grc' dir='ltr'><strong>τά</strong></span> <span class='ocrx_word' id='word_1_339' title='bbox 1447 1032 1519 1068; x_wconf 79' lang='grc' dir='ltr'>ἑξῆς.</span> <span class='ocrx_word' id='word_1_340' title='bbox 1547 1031 1656 1066; x_wconf 81' lang='grc' dir='ltr'><strong>Ἐπειδὴ</strong></span> <span class='ocrx_word' id='word_1_341' title='bbox 1670 1028 1716 1058; x_wconf 84' lang='grc' dir='ltr'><strong>οὖν</strong></span> <span class='ocrx_word' id='word_1_342' title='bbox 1732 1031 1748 1066; x_wconf 73' lang='grc' dir='ltr'>ἡ</span> <span class='ocrx_word' id='word_1_343' title='bbox 1769 1031 1862 1066; x_wconf 84' lang='grc' dir='ltr'>ἁμαρ-</span> 
     </span>
    </p>
   </div>
   <div class='ocr_carea' id='block_1_49' title="bbox 1071 1076 1864 1118">
    <p class='ocr_par' dir='ltr' id='par_1_49' title="bbox 1071 1076 1864 1118">
     <span class='ocr_line' id='line_1_49' title="bbox 1071 1076 1864 1118; baseline -0.01 -8"><span class='ocrx_word' id='word_1_344' title='bbox 1071 1083 1116 1110; x_wconf 80' lang='grc' dir='ltr'><strong>τία</strong></span> <span class='ocrx_word' id='word_1_345' title='bbox 1140 1082 1180 1118; x_wconf 83' lang='grc' dir='ltr'>τῷ</span> <span class='ocrx_word' id='word_1_346' title='bbox 1205 1081 1331 1115; x_wconf 78' lang='grc' dir='ltr'>διαϐόλῳ,</span> <span class='ocrx_word' id='word_1_347' title='bbox 1354 1079 1476 1115; x_wconf 85' lang='grc' dir='ltr'>προσῆγε</span> <span class='ocrx_word' id='word_1_348' title='bbox 1491 1078 1537 1105; x_wconf 83' lang='grc' dir='ltr'><strong>τὸν</strong></span> <span class='ocrx_word' id='word_1_349' title='bbox 1560 1077 1647 1113; x_wconf 78' lang='grc' dir='ltr'>αὐτῆς</span> <span class='ocrx_word' id='word_1_350' title='bbox 1673 1077 1833 1110; x_wconf 84' lang='grc' dir='ltr'>ὑπεύθυνον,</span> <span class='ocrx_word' id='word_1_351' title='bbox 1848 1076 1864 1103; x_wconf 98' lang='lat'><strong>6</strong></span> 
     </span>
    </p>
   </div>
   <div class='ocr_carea' id='block_1_50' title="bbox 1072 1122 1865 1162">
    <p class='ocr_par' dir='ltr' id='par_1_50' title="bbox 1072 1122 1865 1162">
     <span class='ocr_line' id='line_1_50' title="bbox 1072 1122 1865 1162; baseline -0.01 -6"><span class='ocrx_word' id='word_1_352' title='bbox 1072 1129 1193 1160; x_wconf 77' lang='grc' dir='ltr'>διάϐολος</span> <span class='ocrx_word' id='word_1_353' title='bbox 1207 1127 1246 1162; x_wconf 86' lang='grc' dir='ltr'><strong>τῷ</strong></span> <span class='ocrx_word' id='word_1_354' title='bbox 1263 1126 1371 1161; x_wconf 79' lang='grc' dir='ltr'>θανάτῳ</span> <span class='ocrx_word' id='word_1_355' title='bbox 1390 1124 1486 1151; x_wconf 82' lang='grc' dir='ltr'>τοῦτον</span> <span class='ocrx_word' id='word_1_356' title='bbox 1505 1123 1700 1158; x_wconf 84' lang='grc' dir='ltr'>προσέπεμπε·</span> <span class='ocrx_word' id='word_1_357' title='bbox 1723 1122 1865 1158; x_wconf 84' lang='grc' dir='ltr'>τοιγάρτοι</span> 
     </span>
    </p>
   </div>
   <div class='ocr_carea' id='block_1_51' title="bbox 1074 1169 1867 1210">
    <p class='ocr_par' dir='ltr' id='par_1_51' title="bbox 1074 1169 1867 1210">
     <span class='ocr_line' id='line_1_51' title="bbox 1074 1169 1867 1210; baseline -0.009 -8"><span class='ocrx_word' id='word_1_358' title='bbox 1074 1177 1102 1202; x_wconf 80' lang='grc' dir='ltr'><strong>ὲν</strong></span> <span class='ocrx_word' id='word_1_359' title='bbox 1121 1174 1241 1210; x_wconf 83' lang='grc' dir='ltr'><strong>μεγίστῳ</strong></span> <span class='ocrx_word' id='word_1_360' title='bbox 1258 1171 1374 1206; x_wconf 77' lang='grc' dir='ltr'><strong>κινδύνῳ</strong></span> <span class='ocrx_word' id='word_1_361' title='bbox 1399 1170 1433 1197; x_wconf 88' lang='grc' dir='ltr'>τὰ</span> <span class='ocrx_word' id='word_1_362' title='bbox 1454 1169 1515 1196; x_wconf 77' lang='grc' dir='ltr'>καθ’</span> <span class='ocrx_word' id='word_1_363' title='bbox 1532 1169 1606 1205; x_wconf 79' lang='grc' dir='ltr'>ἡμᾶς</span> <span class='ocrx_word' id='word_1_364' title='bbox 1625 1169 1740 1205; x_wconf 83' lang='grc' dir='ltr'>προῆγε,</span> <span class='ocrx_word' id='word_1_365' title='bbox 1762 1169 1810 1196; x_wconf 81' lang='grc' dir='ltr'><strong>καὶ</strong></span> <span class='ocrx_word' id='word_1_366' title='bbox 1835 1170 1867 1196; x_wconf 85' lang='grc' dir='ltr'>ὲν</span> 
     </span>
    </p>
   </div>
   <div class='ocr_carea' id='block_1_52' title="bbox 1076 1216 1872 1256">
    <p class='ocr_par' dir='ltr' id='par_1_52' title="bbox 1076 1216 1872 1256">
     <span class='ocr_line' id='line_1_52' title="bbox 1076 1216 1872 1256; baseline -0.008 -9"><span class='ocrx_word' id='word_1_367' title='bbox 1076 1221 1189 1256; x_wconf 85' lang='grc' dir='ltr'>ἀπόροις</span> <span class='ocrx_word' id='word_1_368' title='bbox 1199 1217 1234 1255; x_wconf 83' lang='grc' dir='ltr'><strong>ἦν</strong></span> <span class='ocrx_word' id='word_1_369' title='bbox 1248 1218 1324 1250; x_wconf 86' lang='grc' dir='ltr'>λύσις</span> <span class='ocrx_word' id='word_1_370' title='bbox 1339 1216 1387 1244; x_wconf 84' lang='grc' dir='ltr'>τοῦ</span> <span class='ocrx_word' id='word_1_371' title='bbox 1403 1216 1536 1244; x_wconf 85' lang='grc' dir='ltr'>θανάτου·</span> <span class='ocrx_word' id='word_1_372' title='bbox 1557 1217 1581 1242; x_wconf 83' lang='grc' dir='ltr'><strong>οἱ</strong></span> <span class='ocrx_word' id='word_1_373' title='bbox 1597 1216 1767 1251; x_wconf 80' lang='grc' dir='ltr'><strong>πεμφθέντες</strong></span> <span class='ocrx_word' id='word_1_374' title='bbox 1779 1216 1872 1251; x_wconf 68' lang='grc' dir='ltr'>ἰατροὶ</span> 
     </span>
    </p>
   </div>
   <div class='ocr_carea' id='block_1_53' title="bbox 1076 1260 1870 1302">
    <p class='ocr_par' dir='ltr' id='par_1_53' title="bbox 1076 1260 1870 1302">
     <span class='ocr_line' id='line_1_53' title="bbox 1076 1260 1870 1302; baseline -0.008 -8"><span class='ocrx_word' id='word_1_375' title='bbox 1076 1267 1256 1302; x_wconf 85' lang='grc' dir='ltr'>κατηγόρουν.</span> <span class='ocrx_word' id='word_1_376' title='bbox 1283 1265 1316 1291; x_wconf 81' lang='grc' dir='ltr'>Τί</span> <span class='ocrx_word' id='word_1_377' title='bbox 1340 1262 1402 1297; x_wconf 81' lang='grc' dir='ltr'>οὖν;</span> <span class='ocrx_word' id='word_1_378' title='bbox 1422 1264 1466 1295; x_wconf 86' lang='grc' dir='ltr'>Ὡς</span> <span class='ocrx_word' id='word_1_379' title='bbox 1489 1260 1558 1290; x_wconf 76' lang='grc' dir='ltr'>εἶδον</span> <span class='ocrx_word' id='word_1_380' title='bbox 1577 1263 1602 1289; x_wconf 91' lang='grc' dir='ltr'><strong>οἱ</strong></span> <span class='ocrx_word' id='word_1_381' title='bbox 1620 1262 1758 1299; x_wconf 79' lang='grc' dir='ltr'><strong>προφῆται</strong></span> <span class='ocrx_word' id='word_1_382' title='bbox 1774 1262 1870 1298; x_wconf 78' lang='grc' dir='ltr'>μεῖζον</span> 
     </span>
    </p>
   </div>
   <div class='ocr_carea' id='block_1_54' title="bbox 1076 1308 1871 1349">
    <p class='ocr_par' dir='ltr' id='par_1_54' title="bbox 1076 1308 1871 1349">
     <span class='ocr_line' id='line_1_54' title="bbox 1076 1308 1871 1349; baseline -0.008 -9"><span class='ocrx_word' id='word_1_383' title='bbox 1076 1313 1173 1349; x_wconf 83' lang='grc' dir='ltr'>τέχνης</span> <span class='ocrx_word' id='word_1_384' title='bbox 1181 1311 1353 1347; x_wconf 68' lang='grc' dir='ltr'><strong>ἀνθρωπίνης</strong></span> <span class='ocrx_word' id='word_1_385' title='bbox 1361 1311 1391 1337; x_wconf 81' lang='grc' dir='ltr'>τὸ</span> <span class='ocrx_word' id='word_1_386' title='bbox 1397 1310 1519 1346; x_wconf 81' lang='grc' dir='ltr'>τραῦμα,</span> <span class='ocrx_word' id='word_1_387' title='bbox 1528 1310 1572 1336; x_wconf 86' lang='grc' dir='ltr'>τὸν</span> <span class='ocrx_word' id='word_1_388' title='bbox 1585 1309 1613 1341; x_wconf 75' lang='grc' dir='ltr'><strong>ἐξ</strong></span> <span class='ocrx_word' id='word_1_389' title='bbox 1623 1308 1738 1345; x_wconf 80' lang='grc' dir='ltr'>οὐρανοῦ</span> <span class='ocrx_word' id='word_1_390' title='bbox 1746 1309 1871 1335; x_wconf 70' lang='grc' dir='ltr'>ἐπεϐόων</span> 
     </span>
    </p>
   </div>
   <div class='ocr_carea' id='block_1_55' title="bbox 1079 1354 1873 1396">
    <p class='ocr_par' dir='ltr' id='par_1_55' title="bbox 1079 1354 1873 1396">
     <span class='ocr_line' id='line_1_55' title="bbox 1079 1354 1873 1396; baseline -0.005 -10"><span class='ocrx_word' id='word_1_391' title='bbox 1079 1360 1180 1396; x_wconf 75' lang='grc' dir='ltr'>ἰατρόν.</span> <span class='ocrx_word' id='word_1_392' title='bbox 1210 1359 1266 1386; x_wconf 75' lang='grc' dir='ltr'>Καὶ</span> <span class='ocrx_word' id='word_1_393' title='bbox 1290 1359 1304 1384; x_wconf 87' lang='lat'><strong>6</strong></span> <span class='ocrx_word' id='word_1_394' title='bbox 1332 1357 1381 1393; x_wconf 76' lang='grc' dir='ltr'><strong>μὲν</strong></span> <span class='ocrx_word' id='word_1_395' title='bbox 1405 1357 1481 1391; x_wconf 73' lang='grc' dir='ltr'>ἔλεγε</span> <span class='ocrx_word' id='word_1_396' title='bbox 1493 1365 1500 1372; x_wconf 90' lang='grc'><strong>·</strong></span> <span class='ocrx_word' id='word_1_397' title='bbox 1513 1356 1628 1384; x_wconf 81' lang='grc' dir='ltr'>Κλῐνον</span> <span class='ocrx_word' id='word_1_398' title='bbox 1646 1355 1804 1390; x_wconf 82' lang='grc' dir='ltr'>οὐρανοὺς,</span> <span class='ocrx_word' id='word_1_399' title='bbox 1819 1354 1873 1383; x_wconf 69' lang='grc' dir='ltr'><strong>καὶ</strong></span> 
     </span>
    </p>
   </div>
   <div class='ocr_carea' id='block_1_56' title="bbox 1078 1401 1873 1439">
    <p class='ocr_par' dir='ltr' id='par_1_56' title="bbox 1078 1401 1873 1439">
     <span class='ocr_line' id='line_1_56' title="bbox 1078 1401 1873 1439; baseline -0.006 -6"><span class='ocrx_word' id='word_1_400' title='bbox 1078 1406 1231 1439; x_wconf 75' lang='grc' dir='ltr'>κατάϐηθι.</span> <span class='ocrx_word' id='word_1_401' title='bbox 1251 1405 1363 1436; x_wconf 74' lang='grc' dir='ltr'>Ἄλλος·</span> <span class='ocrx_word' id='word_1_402' title='bbox 1379 1403 1476 1431; x_wconf 71' lang='lat' dir='ltr'><strong>&quot;latrat</strong></span> <span class='ocrx_word' id='word_1_403' title='bbox 1486 1412 1535 1438; x_wconf 80' lang='grc' dir='ltr'><strong>με,</strong></span> <span class='ocrx_word' id='word_1_404' title='bbox 1560 1404 1660 1437; x_wconf 82' lang='grc' dir='ltr'><strong>Κύριε,</strong></span> <span class='ocrx_word' id='word_1_405' title='bbox 1679 1402 1728 1429; x_wconf 79' lang='grc' dir='ltr'><strong>καὶ</strong></span> <span class='ocrx_word' id='word_1_406' title='bbox 1747 1401 1873 1435; x_wconf 77' lang='grc' dir='ltr'>ίαθήσο-</span> 
     </span>
    </p>
   </div>
   <div class='ocr_carea' id='block_1_57' title="bbox 1077 1448 1875 1488">
    <p class='ocr_par' dir='ltr' id='par_1_57' title="bbox 1077 1448 1875 1488">
     <span class='ocr_line' id='line_1_57' title="bbox 1077 1448 1875 1488; baseline -0.005 -9"><span class='ocrx_word' id='word_1_407' title='bbox 1077 1461 1141 1488; x_wconf 80' lang='grc' dir='ltr'>μαι.</span> <span class='ocrx_word' id='word_1_408' title='bbox 1155 1452 1280 1487; x_wconf 71' lang='grc' dir='ltr'>Ἕτερος,</span> <span class='ocrx_word' id='word_1_409' title='bbox 1301 1450 1465 1485; x_wconf 77' lang='grc' dir='ltr'>Ἐξέγειρον</span> <span class='ocrx_word' id='word_1_410' title='bbox 1474 1450 1532 1483; x_wconf 81' lang='grc' dir='ltr'><strong>τὴν</strong></span> <span class='ocrx_word' id='word_1_411' title='bbox 1542 1450 1726 1477; x_wconf 80' lang='grc' dir='ltr'>δυναστείαν</span> <span class='ocrx_word' id='word_1_412' title='bbox 1737 1457 1807 1481; x_wconf 86' lang='grc' dir='ltr'>σου,</span> <span class='ocrx_word' id='word_1_413' title='bbox 1823 1448 1875 1476; x_wconf 80' lang='grc' dir='ltr'>και</span> 
     </span>
    </p>
   </div>
   <div class='ocr_carea' id='block_1_58' title="bbox 1080 1495 1876 1530">
    <p class='ocr_par' dir='ltr' id='par_1_58' title="bbox 1080 1495 1876 1530">
     <span class='ocr_line' id='line_1_58' title="bbox 1080 1495 1876 1530; baseline -0.005 -5"><span class='ocrx_word' id='word_1_414' title='bbox 1080 1498 1150 1525; x_wconf 74' lang='grc' dir='ltr'><strong>ἐλθὲ</strong></span> <span class='ocrx_word' id='word_1_415' title='bbox 1160 1498 1204 1530; x_wconf 79' lang='grc' dir='ltr'>είς</span> <span class='ocrx_word' id='word_1_416' title='bbox 1220 1496 1253 1524; x_wconf 87' lang='grc' dir='ltr'>τὸ</span> <span class='ocrx_word' id='word_1_417' title='bbox 1265 1496 1364 1523; x_wconf 84' lang='grc' dir='ltr'>σῶσαι</span> <span class='ocrx_word' id='word_1_418' title='bbox 1371 1495 1461 1530; x_wconf 68' lang='grc' dir='ltr'>ἡμᾶς.</span> <span class='ocrx_word' id='word_1_419' title='bbox 1474 1495 1570 1527; x_wconf 83' lang='grc' dir='ltr'>Ἀλλος</span> <span class='ocrx_word' id='word_1_420' title='bbox 1581 1504 1587 1510; x_wconf 92' lang='grc'><strong>·</strong></span> <span class='ocrx_word' id='word_1_421' title='bbox 1599 1497 1633 1523; x_wconf 83' lang='lat' dir='ltr'><strong>El</strong></span> <span class='ocrx_word' id='word_1_422' title='bbox 1651 1495 1745 1528; x_wconf 75' lang='grc' dir='ltr'>ὄντως</span> <span class='ocrx_word' id='word_1_423' title='bbox 1755 1496 1876 1529; x_wconf 77' lang='grc' dir='ltr'><strong>οὶκήσει</strong></span> 
     </span>
    </p>
   </div>
   <div class='ocr_carea' id='block_1_59' title="bbox 1083 1541 1872 1578">
    <p class='ocr_par' dir='ltr' id='par_1_59' title="bbox 1083 1541 1872 1578">
     <span class='ocr_line' id='line_1_59' title="bbox 1083 1541 1872 1578; baseline -0.005 -7"><span class='ocrx_word' id='word_1_424' title='bbox 1083 1544 1156 1577; x_wconf 84' lang='grc' dir='ltr'><em>Θεὸς</em></span> <span class='ocrx_word' id='word_1_425' title='bbox 1180 1543 1255 1578; x_wconf 83' lang='grc' dir='ltr'>μετὰ</span> <span class='ocrx_word' id='word_1_426' title='bbox 1277 1542 1459 1576; x_wconf 81' lang='grc' dir='ltr'>ἁνθρώπων;</span> <span class='ocrx_word' id='word_1_427' title='bbox 1483 1541 1597 1574; x_wconf 77' lang='grc' dir='ltr'>Ἄλλος,</span> <span class='ocrx_word' id='word_1_428' title='bbox 1623 1542 1702 1576; x_wconf 85' lang='grc' dir='ltr'><strong>Ταχὺ</strong></span> <span class='ocrx_word' id='word_1_429' title='bbox 1725 1549 1872 1576; x_wconf 80' lang='grc' dir='ltr'>προκατα‹</span> 
     </span>
    </p>
   </div>
   <div class='ocr_carea' id='block_1_60' title="bbox 244 1584 1029 1625">
    <p class='ocr_par' dir='ltr' id='par_1_60' title="bbox 244 1589 1029 1625">
     <span class='ocr_line' id='line_1_60' title="bbox 244 1589 1029 1625; baseline -0.013 0"><span class='ocrx_word' id='word_1_430' title='bbox 244 1598 316 1625; x_wconf 76' lang='lat' dir='ltr'><strong>Deus</strong></span> <span class='ocrx_word' id='word_1_431' title='bbox 335 1596 464 1624; x_wconf 85' lang='lat' dir='ltr'><strong>habitabit</strong></span> <span class='ocrx_word' id='word_1_432' title='bbox 477 1603 537 1622; x_wconf 85' lang='lat' dir='ltr'><strong>cum</strong></span> <span class='ocrx_word' id='word_1_433' title='bbox 555 1594 703 1621; x_wconf 74' lang='lat' dir='ltr'><strong>hominibus</strong></span> <span class='ocrx_word' id='word_1_434' title='bbox 717 1592 761 1619; x_wconf 71' lang='lat'><strong>“‘3</strong></span> <span class='ocrx_word' id='word_1_435' title='bbox 784 1591 859 1619; x_wconf 87' lang='lat' dir='ltr'><strong>Unus</strong></span> <span class='ocrx_word' id='word_1_436' title='bbox 877 1599 884 1618; x_wconf 91' lang='lat'><strong>:</strong></span> <span class='ocrx_word' id='word_1_437' title='bbox 911 1589 970 1617; x_wconf 82' lang='lat' dir='ltr'><strong>Cito</strong></span> <span class='ocrx_word' id='word_1_438' title='bbox 988 1597 1029 1615; x_wconf 80' lang='lat' dir='ltr'><strong>au-</strong></span> 
     </span>
    </p>
   </div>
   <div class='ocr_carea' id='block_1_61' title="bbox 1081 1584 1877 1625">
    <p class='ocr_par' dir='ltr' id='par_1_61' title="bbox 1083 1587 1877 1623">
     <span class='ocr_line' id='line_1_61' title="bbox 1083 1587 1877 1623; baseline -0.005 -6"><span class='ocrx_word' id='word_1_439' title='bbox 1083 1591 1257 1617; x_wconf 73' lang='grc' dir='ltr'>λαϐέτωσαν</span> <span class='ocrx_word' id='word_1_440' title='bbox 1267 1588 1346 1623; x_wconf 81' lang='grc' dir='ltr'>ἡμᾶς</span> <span class='ocrx_word' id='word_1_441' title='bbox 1355 1589 1382 1614; x_wconf 80' lang='grc' dir='ltr'><strong>οἱ</strong></span> <span class='ocrx_word' id='word_1_442' title='bbox 1394 1587 1537 1622; x_wconf 72' lang='grc' dir='ltr'>οἰκτιρμοί</span> <span class='ocrx_word' id='word_1_443' title='bbox 1548 1595 1616 1618; x_wconf 86' lang='grc' dir='ltr'>σου,</span> <span class='ocrx_word' id='word_1_444' title='bbox 1628 1588 1727 1622; x_wconf 79' lang='grc' dir='ltr'><strong>Κύριε,</strong></span> <span class='ocrx_word' id='word_1_445' title='bbox 1735 1587 1780 1614; x_wconf 84' lang='grc' dir='ltr'>ὅτι</span> <span class='ocrx_word' id='word_1_446' title='bbox 1788 1587 1877 1613; x_wconf 67' lang='grc' dir='ltr'>ἐπιω-</span> 
     </span>
    </p>
   </div>
   <div class='ocr_carea' id='block_1_62' title="bbox 247 1638 1032 1679">
    <p class='ocr_par' dir='ltr' id='par_1_62' title="bbox 247 1638 1032 1679">
     <span class='ocr_line' id='line_1_62' title="bbox 247 1638 1032 1679; baseline -0.011 -8"><span class='ocrx_word' id='word_1_447' title='bbox 247 1645 353 1679; x_wconf 83' lang='lat' dir='ltr'><strong>ticipent</strong></span> <span class='ocrx_word' id='word_1_448' title='bbox 368 1651 416 1670; x_wconf 75' lang='lat' dir='ltr'><strong>nos</strong></span> <span class='ocrx_word' id='word_1_449' title='bbox 425 1641 613 1670; x_wconf 64' lang='lat' dir='ltr'><strong>misericordia:</strong></span> <span class='ocrx_word' id='word_1_450' title='bbox 629 1645 690 1672; x_wconf 75' lang='lat' dir='ltr'><strong>tute,</strong></span> <span class='ocrx_word' id='word_1_451' title='bbox 702 1639 824 1671; x_wconf 81' lang='lat' dir='ltr'><strong>Domine,</strong></span> <span class='ocrx_word' id='word_1_452' title='bbox 835 1638 897 1673; x_wconf 81' lang='lat' dir='ltr'><strong>quia</strong></span> <span class='ocrx_word' id='word_1_453' title='bbox 905 1643 1032 1671; x_wconf 76' lang='lat' dir='ltr'><strong>pauperes</strong></span> 
     </span>
    </p>
   </div>
   <div class='ocr_carea' id='block_1_63' title="bbox 246 1684 1033 1727">
    <p class='ocr_par' dir='ltr' id='par_1_63' title="bbox 246 1684 1033 1727">
     <span class='ocr_line' id='line_1_63' title="bbox 246 1684 1033 1727; baseline -0.013 -9"><span class='ocrx_word' id='word_1_454' title='bbox 246 1691 312 1727; x_wconf 78' lang='lat' dir='ltr'><strong>facti</strong></span> <span class='ocrx_word' id='word_1_455' title='bbox 327 1698 417 1718; x_wconf 72' lang='lat' dir='ltr'><strong>sumus</strong></span> <span class='ocrx_word' id='word_1_456' title='bbox 431 1689 510 1716; x_wconf 72' lang='lat' dir='ltr'><strong>nimi:</strong></span> <span class='ocrx_word' id='word_1_457' title='bbox 518 1689 550 1715; x_wconf 82' lang='grc'><strong>⁸³.</strong></span> <span class='ocrx_word' id='word_1_458' title='bbox 564 1687 720 1715; x_wconf 80' lang='lat' dir='ltr'><strong>Alius:ﬂeu</strong></span> <span class='ocrx_word' id='word_1_459' title='bbox 735 1686 809 1716; x_wconf 84' lang='lat' dir='ltr'><strong>mihi,</strong></span> <span class='ocrx_word' id='word_1_460' title='bbox 824 1684 901 1718; x_wconf 85' lang='lat' dir='ltr'><strong>periit</strong></span> <span class='ocrx_word' id='word_1_461' title='bbox 916 1689 1033 1710; x_wconf 73' lang='lat' dir='ltr'><strong>reverens</strong></span> 
     </span>
    </p>
   </div>
   <div class='ocr_carea' id='block_1_64' title="bbox 248 1728 1031 1771">
    <p class='ocr_par' dir='ltr' id='par_1_64' title="bbox 248 1728 1031 1771">
     <span class='ocr_line' id='line_1_64' title="bbox 248 1728 1031 1771; baseline -0.013 -7"><span class='ocrx_word' id='word_1_462' title='bbox 248 1747 263 1765; x_wconf 87' lang='lat' dir='ltr'><strong>a</strong></span> <span class='ocrx_word' id='word_1_463' title='bbox 278 1743 358 1767; x_wconf 88' lang='lat' dir='ltr'><strong>terra.</strong></span> <span class='ocrx_word' id='word_1_464' title='bbox 372 1741 396 1763; x_wconf 88' lang='lat' dir='ltr'><strong>et</strong></span> <span class='ocrx_word' id='word_1_465' title='bbox 412 1736 456 1771; x_wconf 85' lang='lat' dir='ltr'><strong>qui</strong></span> <span class='ocrx_word' id='word_1_466' title='bbox 467 1743 498 1762; x_wconf 75' lang='lat' dir='ltr'><strong>ea;</strong></span> <span class='ocrx_word' id='word_1_467' title='bbox 513 1735 608 1762; x_wconf 82' lang='lat' dir='ltr'><strong>uirtute</strong></span> <span class='ocrx_word' id='word_1_468' title='bbox 620 1741 652 1760; x_wconf 84' lang='lat' dir='ltr'><strong>ac</strong></span> <span class='ocrx_word' id='word_1_469' title='bbox 667 1737 735 1760; x_wconf 83' lang='lat' dir='ltr'><strong>recte</strong></span> <span class='ocrx_word' id='word_1_470' title='bbox 747 1731 826 1762; x_wconf 81' lang='lat' dir='ltr'><strong>vivat,</strong></span> <span class='ocrx_word' id='word_1_471' title='bbox 838 1731 864 1756; x_wconf 83' lang='lat' dir='ltr'><strong>in</strong></span> <span class='ocrx_word' id='word_1_472' title='bbox 881 1728 1031 1756; x_wconf 76' lang='lat' dir='ltr'><strong>hominibus</strong></span> 
     </span>
    </p>
   </div>
   <div class='ocr_carea' id='block_1_65' title="bbox 248 1774 1034 1813">
    <p class='ocr_par' dir='ltr' id='par_1_65' title="bbox 248 1774 1034 1813">
     <span class='ocr_line' id='line_1_65' title="bbox 248 1774 1034 1813; baseline -0.014 -2"><span class='ocrx_word' id='word_1_473' title='bbox 248 1792 299 1811; x_wconf 83' lang='lat' dir='ltr'><strong>non</strong></span> <span class='ocrx_word' id='word_1_474' title='bbox 310 1787 349 1810; x_wconf 73' lang='lat' dir='ltr'><strong>est</strong></span> <span class='ocrx_word' id='word_1_475' title='bbox 361 1783 394 1809; x_wconf 76' lang='lat'><strong>“.</strong></span> <span class='ocrx_word' id='word_1_476' title='bbox 408 1781 484 1809; x_wconf 88' lang='lat' dir='ltr'><strong>Unus</strong></span> <span class='ocrx_word' id='word_1_477' title='bbox 499 1790 504 1808; x_wconf 87' lang='lat'>:</span> <span class='ocrx_word' id='word_1_478' title='bbox 517 1781 594 1812; x_wconf 79' lang='lat' dir='ltr'><strong>Deus,</strong></span> <span class='ocrx_word' id='word_1_479' title='bbox 609 1780 635 1806; x_wconf 87' lang='lat' dir='ltr'><strong>in</strong></span> <span class='ocrx_word' id='word_1_480' title='bbox 644 1778 811 1813; x_wconf 82' lang='lat' dir='ltr'><strong>adjutorium</strong></span> <span class='ocrx_word' id='word_1_481' title='bbox 824 1784 910 1802; x_wconf 85' lang='lat' dir='ltr'><strong>meum</strong></span> <span class='ocrx_word' id='word_1_482' title='bbox 919 1774 1034 1805; x_wconf 85' lang='lat' dir='ltr'><strong>intende;</strong></span> 
     </span>
    </p>
   </div>
   <div class='ocr_carea' id='block_1_66' title="bbox 250 1820 1036 1862">
    <p class='ocr_par' dir='ltr' id='par_1_66' title="bbox 250 1820 1036 1862">
     <span class='ocr_line' id='line_1_66' title="bbox 250 1820 1036 1862; baseline -0.014 -6"><span class='ocrx_word' id='word_1_483' title='bbox 250 1829 371 1860; x_wconf 82' lang='lat' dir='ltr'><strong>Domine,</strong></span> <span class='ocrx_word' id='word_1_484' title='bbox 384 1828 417 1855; x_wconf 82' lang='lat' dir='ltr'><strong>ad</strong></span> <span class='ocrx_word' id='word_1_485' title='bbox 431 1826 609 1862; x_wconf 79' lang='lat' dir='ltr'><strong>adjuvandum</strong></span> <span class='ocrx_word' id='word_1_486' title='bbox 622 1833 662 1852; x_wconf 88' lang='lat' dir='ltr'><strong>me</strong></span> <span class='ocrx_word' id='word_1_487' title='bbox 679 1824 777 1859; x_wconf 75' lang='lat' dir='ltr'><strong>festina</strong></span> <span class='ocrx_word' id='word_1_488' title='bbox 786 1823 820 1850; x_wconf 81' lang='lat'><strong>&quot;.</strong></span> <span class='ocrx_word' id='word_1_489' title='bbox 833 1822 909 1848; x_wconf 76' lang='lat' dir='ltr'><strong>Alius</strong></span> <span class='ocrx_word' id='word_1_490' title='bbox 923 1829 930 1847; x_wconf 68' lang='grc' dir='ltr'>ε</span> <span class='ocrx_word' id='word_1_491' title='bbox 945 1820 1036 1847; x_wconf 81' lang='lat' dir='ltr'><strong>Adhuc</strong></span> 
     </span>
    </p>
   </div>
   <div class='ocr_carea' id='block_1_67' title="bbox 251 1866 1038 1909">
    <p class='ocr_par' dir='ltr' id='par_1_67' title="bbox 251 1866 1038 1909">
     <span class='ocr_line' id='line_1_67' title="bbox 251 1866 1038 1909; baseline -0.013 -7"><span class='ocrx_word' id='word_1_492' title='bbox 251 1875 392 1907; x_wconf 79' lang='lat' dir='ltr'><strong>modicum,</strong></span> <span class='ocrx_word' id='word_1_493' title='bbox 420 1879 445 1901; x_wconf 88' lang='lat' dir='ltr'><strong>et</strong></span> <span class='ocrx_word' id='word_1_494' title='bbox 462 1874 507 1909; x_wconf 84' lang='lat' dir='ltr'><strong>qui</strong></span> <span class='ocrx_word' id='word_1_495' title='bbox 535 1878 659 1900; x_wconf 75' lang='lat' dir='ltr'><strong>venturus</strong></span> <span class='ocrx_word' id='word_1_496' title='bbox 681 1876 731 1903; x_wconf 77' lang='lat' dir='ltr'><strong>est,</strong></span> <span class='ocrx_word' id='word_1_497' title='bbox 744 1870 836 1901; x_wconf 73' lang='lat' dir='ltr'><strong>veniet,</strong></span> <span class='ocrx_word' id='word_1_498' title='bbox 852 1873 939 1895; x_wconf 85' lang='lat' dir='ltr'><strong>etnon</strong></span> <span class='ocrx_word' id='word_1_499' title='bbox 952 1866 1038 1893; x_wconf 81' lang='lat' dir='ltr'><strong>tardo-</strong></span> 
     </span>
    </p>
   </div>
   <div class='ocr_carea' id='block_1_68' title="bbox 251 1914 1039 1950">
    <p class='ocr_par' dir='ltr' id='par_1_68' title="bbox 251 1914 1039 1950">
     <span class='ocr_line' id='line_1_68' title="bbox 251 1914 1039 1950; baseline -0.014 -1"><span class='ocrx_word' id='word_1_500' title='bbox 251 1923 287 1949; x_wconf 82' lang='lat' dir='ltr'><strong>bit</strong></span> <span class='ocrx_word' id='word_1_501' title='bbox 300 1922 335 1948; x_wconf 83' lang='lat'><strong>“.</strong></span> <span class='ocrx_word' id='word_1_502' title='bbox 362 1920 460 1948; x_wconf 83' lang='lat' dir='ltr'><strong>Unus:</strong></span> <span class='ocrx_word' id='word_1_503' title='bbox 477 1919 572 1946; x_wconf 79' lang='lat' dir='ltr'><strong>Erran</strong></span> <span class='ocrx_word' id='word_1_504' title='bbox 595 1919 662 1945; x_wconf 71' lang='lat' dir='ltr'><strong>sicut</strong></span> <span class='ocrx_word' id='word_1_505' title='bbox 683 1917 738 1944; x_wconf 75' lang='lat' dir='ltr'><strong>ovis</strong></span> <span class='ocrx_word' id='word_1_506' title='bbox 762 1923 820 1950; x_wconf 70' lang='lat' dir='ltr'><strong>quae</strong></span> <span class='ocrx_word' id='word_1_507' title='bbox 840 1914 936 1948; x_wconf 82' lang='lat' dir='ltr'><strong>periit:</strong></span> <span class='ocrx_word' id='word_1_508' title='bbox 952 1920 1039 1948; x_wconf 71' lang='lat' dir='ltr'><strong>quivre</strong></span> 
     </span>
    </p>
   </div>
   <div class='ocr_carea' id='block_1_69' title="bbox 252 1958 1040 1999">
    <p class='ocr_par' dir='ltr' id='par_1_69' title="bbox 252 1958 1040 1999">
     <span class='ocr_line' id='line_1_69' title="bbox 252 1958 1040 1999; baseline -0.013 -6"><span class='ocrx_word' id='word_1_509' title='bbox 252 1973 354 1993; x_wconf 72' lang='lat' dir='ltr'><strong>servum</strong></span> <span class='ocrx_word' id='word_1_510' title='bbox 370 1970 443 1991; x_wconf 86' lang='lat' dir='ltr'><strong>tuum</strong></span> <span class='ocrx_word' id='word_1_511' title='bbox 460 1964 617 1999; x_wconf 75' lang='lat' dir='ltr'><strong>(sperantem</strong></span> <span class='ocrx_word' id='word_1_512' title='bbox 630 1963 658 1989; x_wconf 81' lang='lat' dir='ltr'><strong>in</strong></span> <span class='ocrx_word' id='word_1_513' title='bbox 673 1966 696 1988; x_wconf 84' lang='lat' dir='ltr'><strong>te</strong></span> <span class='ocrx_word' id='word_1_514' title='bbox 707 1961 753 1995; x_wconf 73' lang='lat'><strong>&#39;7.)</strong></span> <span class='ocrx_word' id='word_1_515' title='bbox 770 1960 848 1987; x_wconf 84' lang='lat' dir='ltr'><strong>Alius</strong></span> <span class='ocrx_word' id='word_1_516' title='bbox 865 1968 872 1986; x_wconf 77' lang='lat' dir='ltr'><strong><em>z</em></strong></span> <span class='ocrx_word' id='word_1_517' title='bbox 894 1958 962 1985; x_wconf 76' lang='lat' dir='ltr'><strong>Deus</strong></span> <span class='ocrx_word' id='word_1_518' title='bbox 981 1966 1040 1984; x_wconf 85' lang='lat' dir='ltr'><strong>ma-</strong></span> 
     </span>
    </p>
   </div>
   <div class='ocr_carea' id='block_1_70' title="bbox 253 2002 1041 2045">
    <p class='ocr_par' dir='ltr' id='par_1_70' title="bbox 253 2002 1041 2045">
     <span class='ocr_line' id='line_1_70' title="bbox 253 2002 1041 2045; baseline -0.011 -7"><span class='ocrx_word' id='word_1_519' title='bbox 253 2011 347 2045; x_wconf 76' lang='lat' dir='ltr'><strong>nifeste</strong></span> <span class='ocrx_word' id='word_1_520' title='bbox 359 2010 450 2041; x_wconf 78' lang='lat' dir='ltr'><strong>veniet,</strong></span> <span class='ocrx_word' id='word_1_521' title='bbox 467 2009 536 2035; x_wconf 78' lang='lat' dir='ltr'><strong>Deus</strong></span> <span class='ocrx_word' id='word_1_522' title='bbox 545 2012 643 2040; x_wconf 80' lang='lat' dir='ltr'><strong>noster,</strong></span> <span class='ocrx_word' id='word_1_523' title='bbox 659 2012 684 2034; x_wconf 91' lang='lat' dir='ltr'><strong>et</strong></span> <span class='ocrx_word' id='word_1_524' title='bbox 699 2014 751 2033; x_wconf 82' lang='lat' dir='ltr'><strong>non</strong></span> <span class='ocrx_word' id='word_1_525' title='bbox 765 2004 852 2032; x_wconf 76' lang='lat' dir='ltr'><strong>silebit</strong></span> <span class='ocrx_word' id='word_1_526' title='bbox 868 2003 901 2030; x_wconf 74' lang='lat'><strong>&quot;.</strong></span> <span class='ocrx_word' id='word_1_527' title='bbox 917 2002 942 2031; x_wconf 90' lang='lat' dir='ltr'><strong>Is</strong></span> <span class='ocrx_word' id='word_1_528' title='bbox 959 2003 1041 2038; x_wconf 74' lang='lat' dir='ltr'><strong>igitur</strong></span> 
     </span>
    </p>
   </div>
   <div class='ocr_carea' id='block_1_71' title="bbox 253 2051 1042 2093">
    <p class='ocr_par' dir='ltr' id='par_1_71' title="bbox 253 2051 1042 2093">
     <span class='ocr_line' id='line_1_71' title="bbox 253 2051 1042 2093; baseline -0.015 -7"><span class='ocrx_word' id='word_1_529' title='bbox 253 2058 301 2093; x_wconf 79' lang='lat' dir='ltr'><strong>qui</strong></span> <span class='ocrx_word' id='word_1_530' title='bbox 312 2061 409 2085; x_wconf 86' lang='lat' dir='ltr'><strong>natura</strong></span> <span class='ocrx_word' id='word_1_531' title='bbox 440 2063 486 2083; x_wconf 89' lang='lat' dir='ltr'><strong>rex</strong></span> <span class='ocrx_word' id='word_1_532' title='bbox 502 2059 555 2087; x_wconf 88' lang='lat' dir='ltr'><strong>est,</strong></span> <span class='ocrx_word' id='word_1_533' title='bbox 571 2061 624 2081; x_wconf 91' lang='lat' dir='ltr'><strong>non</strong></span> <span class='ocrx_word' id='word_1_534' title='bbox 648 2052 771 2087; x_wconf 88' lang='lat' dir='ltr'><strong>despexit</strong></span> <span class='ocrx_word' id='word_1_535' title='bbox 789 2051 939 2077; x_wconf 89' lang='lat' dir='ltr'><strong>humanum</strong></span> <span class='ocrx_word' id='word_1_536' title='bbox 957 2056 1042 2083; x_wconf 73' lang='lat' dir='ltr'><strong>genus</strong></span> 
     </span>
    </p>
   </div>
   <div class='ocr_carea' id='block_1_72' title="bbox 255 2093 1044 2137">
    <p class='ocr_par' dir='ltr' id='par_1_72' title="bbox 255 2093 1044 2137">
     <span class='ocr_line' id='line_1_72' title="bbox 255 2093 1044 2137; baseline -0.013 -8"><span class='ocrx_word' id='word_1_537' title='bbox 255 2101 350 2129; x_wconf 88' lang='lat' dir='ltr'><strong>multis</strong></span> <span class='ocrx_word' id='word_1_538' title='bbox 360 2101 417 2137; x_wconf 90' lang='lat' dir='ltr'><strong>jam</strong></span> <span class='ocrx_word' id='word_1_539' title='bbox 431 2100 512 2128; x_wconf 90' lang='lat' dir='ltr'><strong>annis</strong></span> <span class='ocrx_word' id='word_1_540' title='bbox 527 2097 671 2134; x_wconf 85' lang='lat' dir='ltr'><strong>tyrannide</strong></span> <span class='ocrx_word' id='word_1_541' title='bbox 683 2103 856 2131; x_wconf 88' lang='lat' dir='ltr'><strong>oppressum.</strong></span> <span class='ocrx_word' id='word_1_542' title='bbox 871 2093 929 2121; x_wconf 86' lang='lat' dir='ltr'><strong>Non</strong></span> <span class='ocrx_word' id='word_1_543' title='bbox 942 2093 1044 2128; x_wconf 81' lang='lat' dir='ltr'><strong>permi-</strong></span> 
     </span>
    </p>
   </div>
   <div class='ocr_carea' id='block_1_73' title="bbox 256 2139 1044 2180">
    <p class='ocr_par' dir='ltr' id='par_1_73' title="bbox 256 2139 1044 2180">
     <span class='ocr_line' id='line_1_73' title="bbox 256 2139 1044 2180; baseline -0.01 -6"><span class='ocrx_word' id='word_1_544' title='bbox 256 2148 302 2180; x_wconf 83' lang='lat' dir='ltr'><strong>sit,</strong></span> <span class='ocrx_word' id='word_1_545' title='bbox 323 2153 382 2176; x_wconf 86' lang='lat' dir='ltr'><strong>sua,</strong></span> <span class='ocrx_word' id='word_1_546' title='bbox 413 2144 495 2176; x_wconf 87' lang='lat' dir='ltr'><strong>Deus,</strong></span> <span class='ocrx_word' id='word_1_547' title='bbox 522 2141 717 2175; x_wconf 85' lang='lat' dir='ltr'><strong>misericordia,</strong></span> <span class='ocrx_word' id='word_1_548' title='bbox 739 2145 870 2177; x_wconf 75' lang='lat' dir='ltr'><strong>perpetuo</strong></span> <span class='ocrx_word' id='word_1_549' title='bbox 881 2139 1044 2167; x_wconf 87' lang='lat' dir='ltr'><strong>obstrictum</strong></span> 
     </span>
    </p>
   </div>
   <div class='ocr_carea' id='block_1_74' title="bbox 256 2186 1046 2224">
    <p class='ocr_par' dir='ltr' id='par_1_74' title="bbox 256 2186 1046 2224">
     <span class='ocr_line' id='line_1_74' title="bbox 256 2186 1046 2224; baseline -0.011 -3"><span class='ocrx_word' id='word_1_550' title='bbox 256 2192 460 2221; x_wconf 82' lang='lat' dir='ltr'><strong>tcneridiabolo</strong></span> <span class='ocrx_word' id='word_1_551' title='bbox 471 2201 478 2224; x_wconf 90' lang='lat'><strong>;</strong></span> <span class='ocrx_word' id='word_1_552' title='bbox 489 2190 537 2218; x_wconf 88' lang='lat' dir='ltr'><strong>sed</strong></span> <span class='ocrx_word' id='word_1_553' title='bbox 550 2190 624 2218; x_wconf 87' lang='lat' dir='ltr'><strong>venit</strong></span> <span class='ocrx_word' id='word_1_554' title='bbox 639 2190 697 2224; x_wconf 89' lang='lat' dir='ltr'><strong>ipse</strong></span> <span class='ocrx_word' id='word_1_555' title='bbox 716 2188 763 2224; x_wconf 91' lang='lat' dir='ltr'><strong>qui</strong></span> <span class='ocrx_word' id='word_1_556' title='bbox 782 2194 888 2222; x_wconf 86' lang='lat' dir='ltr'><strong>semper</strong></span> <span class='ocrx_word' id='word_1_557' title='bbox 902 2190 929 2214; x_wconf 91' lang='lat' dir='ltr'><strong>et</strong></span> <span class='ocrx_word' id='word_1_558' title='bbox 946 2186 1046 2220; x_wconf 90' lang='lat' dir='ltr'><strong>ubique</strong></span> 
     </span>
    </p>
   </div>
   <div class='ocr_carea' id='block_1_75' title="bbox 258 2231 1046 2272">
    <p class='ocr_par' dir='ltr' id='par_1_75' title="bbox 258 2231 1046 2272">
     <span class='ocr_line' id='line_1_75' title="bbox 258 2231 1046 2272; baseline -0.01 -6"><span class='ocrx_word' id='word_1_559' title='bbox 258 2239 346 2270; x_wconf 80' lang='lat' dir='ltr'><strong>adest,</strong></span> <span class='ocrx_word' id='word_1_560' title='bbox 369 2245 401 2265; x_wconf 90' lang='lat' dir='ltr'><strong>ac</strong></span> <span class='ocrx_word' id='word_1_561' title='bbox 422 2236 560 2272; x_wconf 89' lang='lat' dir='ltr'><strong>proprium</strong></span> <span class='ocrx_word' id='word_1_562' title='bbox 576 2234 737 2270; x_wconf 78' lang='lat' dir='ltr'><strong>sanguinem</strong></span> <span class='ocrx_word' id='word_1_563' title='bbox 761 2233 849 2260; x_wconf 86' lang='lat' dir='ltr'><strong>nostri</strong></span> <span class='ocrx_word' id='word_1_564' title='bbox 866 2239 949 2259; x_wconf 87' lang='lat' dir='ltr'><strong>causa</strong></span> <span class='ocrx_word' id='word_1_565' title='bbox 960 2231 987 2258; x_wconf 89' lang='lat' dir='ltr'><strong>in</strong></span> <span class='ocrx_word' id='word_1_566' title='bbox 1001 2238 1046 2258; x_wconf 88' lang='lat' dir='ltr'><strong>re-</strong></span> 
     </span>
    </p>
   </div>
   <div class='ocr_carea' id='block_1_76' title="bbox 257 2279 1047 2320">
    <p class='ocr_par' dir='ltr' id='par_1_76' title="bbox 257 2279 1047 2320">
     <span class='ocr_line' id='line_1_76' title="bbox 257 2279 1047 2320; baseline -0.011 -8"><span class='ocrx_word' id='word_1_567' title='bbox 257 2283 421 2320; x_wconf 78' lang='lat' dir='ltr'><strong>demptionis</strong></span> <span class='ocrx_word' id='word_1_568' title='bbox 433 2283 550 2318; x_wconf 90' lang='lat' dir='ltr'><strong>pretium</strong></span> <span class='ocrx_word' id='word_1_569' title='bbox 575 2279 712 2316; x_wconf 82' lang='lat' dir='ltr'><strong>profudit;</strong></span> <span class='ocrx_word' id='word_1_570' title='bbox 736 2285 902 2312; x_wconf 81' lang='lat' dir='ltr'><strong>carnemque</strong></span> <span class='ocrx_word' id='word_1_571' title='bbox 919 2285 1000 2312; x_wconf 87' lang='lat' dir='ltr'><strong>quam</strong></span> <span class='ocrx_word' id='word_1_572' title='bbox 1012 2283 1047 2304; x_wconf 88' lang='lat' dir='ltr'><strong>ex</strong></span> 
     </span>
    </p>
   </div>
   <div class='ocr_carea' id='block_1_77' title="bbox 258 2324 1048 2368">
    <p class='ocr_par' dir='ltr' id='par_1_77' title="bbox 258 2324 1048 2368">
     <span class='ocr_line' id='line_1_77' title="bbox 258 2324 1048 2368; baseline -0.013 -8"><span class='ocrx_word' id='word_1_573' title='bbox 258 2332 371 2368; x_wconf 71' lang='lat' dir='ltr'><strong>Virgine</strong></span> <span class='ocrx_word' id='word_1_574' title='bbox 399 2332 568 2364; x_wconf 87' lang='lat' dir='ltr'><strong>susceperat,</strong></span> <span class='ocrx_word' id='word_1_575' title='bbox 597 2325 837 2355; x_wconf 87' lang='lat' dir='ltr'><strong>commutationem</strong></span> <span class='ocrx_word' id='word_1_576' title='bbox 862 2331 910 2360; x_wconf 90' lang='lat' dir='ltr'><strong>pro</strong></span> <span class='ocrx_word' id='word_1_577' title='bbox 925 2324 1048 2358; x_wconf 85' lang='lat' dir='ltr'><strong>ejusdem</strong></span> 
     </span>
    </p>
   </div>
   <div class='ocr_carea' id='block_1_78' title="bbox 259 2369 1048 2410">
    <p class='ocr_par' dir='ltr' id='par_1_78' title="bbox 259 2369 1048 2410">
     <span class='ocr_line' id='line_1_78' title="bbox 259 2369 1048 2410; baseline -0.014 -4"><span class='ocrx_word' id='word_1_578' title='bbox 259 2379 358 2410; x_wconf 77' lang='lat' dir='ltr'><strong>salute,</strong></span> <span class='ocrx_word' id='word_1_579' title='bbox 372 2376 454 2404; x_wconf 91' lang='lat' dir='ltr'><strong>morti</strong></span> <span class='ocrx_word' id='word_1_580' title='bbox 478 2375 606 2406; x_wconf 84' lang='lat' dir='ltr'><strong>tradidit;</strong></span> <span class='ocrx_word' id='word_1_581' title='bbox 625 2381 657 2401; x_wconf 89' lang='lat' dir='ltr'><strong>ac</strong></span> <span class='ocrx_word' id='word_1_582' title='bbox 671 2371 802 2400; x_wconf 93' lang='lat' dir='ltr'><strong>mundum</strong></span> <span class='ocrx_word' id='word_1_583' title='bbox 818 2379 833 2398; x_wconf 89' lang='lat' dir='ltr'><strong>a</strong></span> <span class='ocrx_word' id='word_1_584' title='bbox 854 2371 921 2406; x_wconf 76' lang='lat' dir='ltr'><strong>legis</strong></span> <span class='ocrx_word' id='word_1_585' title='bbox 933 2369 1048 2397; x_wconf 90' lang='lat' dir='ltr'><strong>redemit</strong></span> 
     </span>
    </p>
   </div>
   <div class='ocr_carea' id='block_1_79' title="bbox 260 2415 1047 2456">
    <p class='ocr_par' dir='ltr' id='par_1_79' title="bbox 260 2415 1047 2456">
     <span class='ocr_line' id='line_1_79' title="bbox 260 2415 1047 2456; baseline -0.013 -4"><span class='ocrx_word' id='word_1_586' title='bbox 260 2424 416 2456; x_wconf 87' lang='lat' dir='ltr'><strong>maledicto,</strong></span> <span class='ocrx_word' id='word_1_587' title='bbox 445 2425 559 2450; x_wconf 88' lang='lat' dir='ltr'><strong>mortem</strong></span> <span class='ocrx_word' id='word_1_588' title='bbox 587 2421 732 2448; x_wconf 88' lang='lat' dir='ltr'><strong>destruens</strong></span> <span class='ocrx_word' id='word_1_589' title='bbox 757 2422 864 2446; x_wconf 93' lang='lat' dir='ltr'><strong>morte:</strong></span> <span class='ocrx_word' id='word_1_590' title='bbox 884 2415 956 2444; x_wconf 86' lang='lat' dir='ltr'><strong>unde</strong></span> <span class='ocrx_word' id='word_1_591' title='bbox 966 2416 1047 2443; x_wconf 91' lang='lat' dir='ltr'><strong>etiam</strong></span> 
     </span>
    </p>
   </div>
   <div class='ocr_carea' id='block_1_80' title="bbox 260 2460 1047 2495">
    <p class='ocr_par' dir='ltr' id='par_1_80' title="bbox 260 2460 1047 2495">
     <span class='ocr_line' id='line_1_80' title="bbox 260 2460 1047 2495; baseline -0.011 0"><span class='ocrx_word' id='word_1_592' title='bbox 260 2469 360 2495; x_wconf 85' lang='lat' dir='ltr'><strong>clamat</strong></span> <span class='ocrx_word' id='word_1_593' title='bbox 372 2467 472 2495; x_wconf 82' lang='lat' dir='ltr'><strong>Paulus</strong></span> <span class='ocrx_word' id='word_1_594' title='bbox 487 2473 494 2492; x_wconf 86' lang='lat'><strong>:</strong></span> <span class='ocrx_word' id='word_1_595' title='bbox 511 2465 633 2493; x_wconf 69' lang='lat' dir='ltr'><strong>Christus</strong></span> <span class='ocrx_word' id='word_1_596' title='bbox 652 2471 699 2491; x_wconf 77' lang='lat' dir='ltr'><strong>nos</strong></span> <span class='ocrx_word' id='word_1_597' title='bbox 717 2463 826 2490; x_wconf 82' lang='lat' dir='ltr'><strong>redemit</strong></span> <span class='ocrx_word' id='word_1_598' title='bbox 848 2461 881 2488; x_wconf 85' lang='lat' dir='ltr'><strong>de</strong></span> <span class='ocrx_word' id='word_1_599' title='bbox 908 2460 1047 2488; x_wconf 81' lang='lat' dir='ltr'><strong>maledicto</strong></span> 
     </span>
    </p>
   </div>
   <div class='ocr_carea' id='block_1_81' title="bbox 261 2513 370 2549">
    <p class='ocr_par' dir='ltr' id='par_1_81' title="bbox 261 2513 370 2549">
     <span class='ocr_line' id='line_1_81' title="bbox 261 2513 370 2549; baseline -0.009 -8"><span class='ocrx_word' id='word_1_600' title='bbox 261 2513 323 2549; x_wconf 78' lang='lat' dir='ltr'><strong>legis</strong></span> <span class='ocrx_word' id='word_1_601' title='bbox 336 2514 370 2541; x_wconf 81' lang='lat'><strong>”.</strong></span> 
     </span>
    </p>
   </div>
   <div class='ocr_carea' id='block_1_82' title="bbox 297 2553 1050 2592">
    <p class='ocr_par' dir='ltr' id='par_1_82' title="bbox 297 2553 1050 2592">
     <span class='ocr_line' id='line_1_82' title="bbox 297 2553 1050 2592; baseline -0.009 -6"><span class='ocrx_word' id='word_1_602' title='bbox 297 2558 364 2586; x_wconf 83' lang='lat' dir='ltr'><strong>Vlll.</strong></span> <span class='ocrx_word' id='word_1_603' title='bbox 381 2559 432 2592; x_wconf 76' lang='lat' dir='ltr'><strong>Qui</strong></span> <span class='ocrx_word' id='word_1_604' title='bbox 448 2565 499 2586; x_wconf 89' lang='lat' dir='ltr'><strong>nos</strong></span> <span class='ocrx_word' id='word_1_605' title='bbox 513 2563 578 2592; x_wconf 72' lang='lat' dir='ltr'><strong>ergo</strong></span> <span class='ocrx_word' id='word_1_606' title='bbox 604 2555 729 2587; x_wconf 86' lang='lat' dir='ltr'><strong>redemit,</strong></span> <span class='ocrx_word' id='word_1_607' title='bbox 759 2563 776 2581; x_wconf 90' lang='lat' dir='ltr'><strong>o</strong></span> <span class='ocrx_word' id='word_1_608' title='bbox 803 2553 907 2585; x_wconf 64' lang='lat' dir='ltr'><strong>Iudaee,</strong></span> <span class='ocrx_word' id='word_1_609' title='bbox 930 2561 985 2580; x_wconf 90' lang='lat' dir='ltr'><strong>non</strong></span> <span class='ocrx_word' id='word_1_610' title='bbox 1008 2557 1050 2580; x_wconf 92' lang='lat' dir='ltr'><strong>est</strong></span> 
     </span>
    </p>
   </div>
   <div class='ocr_carea' id='block_1_83' title="bbox 263 2598 1050 2640">
    <p class='ocr_par' dir='ltr' id='par_1_83' title="bbox 263 2598 1050 2640">
     <span class='ocr_line' id='line_1_83' title="bbox 263 2598 1050 2640; baseline -0.009 -9"><span class='ocrx_word' id='word_1_611' title='bbox 263 2612 349 2640; x_wconf 85' lang='lat' dir='ltr'><strong>purus</strong></span> <span class='ocrx_word' id='word_1_612' title='bbox 363 2603 444 2630; x_wconf 91' lang='lat' dir='ltr'><strong>homo</strong></span> <span class='ocrx_word' id='word_1_613' title='bbox 460 2611 467 2628; x_wconf 90' lang='lat'><strong>:</strong></span> <span class='ocrx_word' id='word_1_614' title='bbox 483 2602 610 2629; x_wconf 88' lang='lat' dir='ltr'><strong>universa</strong></span> <span class='ocrx_word' id='word_1_615' title='bbox 621 2600 694 2628; x_wconf 88' lang='lat' dir='ltr'><strong>enim</strong></span> <span class='ocrx_word' id='word_1_616' title='bbox 710 2598 852 2626; x_wconf 86' lang='lat' dir='ltr'><strong>hominum</strong></span> <span class='ocrx_word' id='word_1_617' title='bbox 872 2601 972 2625; x_wconf 88' lang='lat' dir='ltr'><strong>natura</strong></span> <span class='ocrx_word' id='word_1_618' title='bbox 987 2605 1050 2632; x_wconf 88' lang='lat' dir='ltr'><strong>pec-</strong></span> 
     </span>
    </p>
   </div>
   <div class='ocr_carea' id='block_1_84' title="bbox 264 2642 1050 2682">
    <p class='ocr_par' dir='ltr' id='par_1_84' title="bbox 264 2642 1050 2682">
     <span class='ocr_line' id='line_1_84' title="bbox 264 2642 1050 2682; baseline -0.009 -6"><span class='ocrx_word' id='word_1_619' title='bbox 264 2650 319 2676; x_wconf 83' lang='lat' dir='ltr'><strong>cati</strong></span> <span class='ocrx_word' id='word_1_620' title='bbox 349 2648 481 2676; x_wconf 82' lang='lat' dir='ltr'><strong>servitute</strong></span> <span class='ocrx_word' id='word_1_621' title='bbox 504 2653 634 2682; x_wconf 83' lang='lat' dir='ltr'><strong>oppressa</strong></span> <span class='ocrx_word' id='word_1_622' title='bbox 647 2645 808 2672; x_wconf 85' lang='lat' dir='ltr'><strong>tenebatur:</strong></span> <span class='ocrx_word' id='word_1_623' title='bbox 826 2648 854 2670; x_wconf 87' lang='lat' dir='ltr'><strong>at</strong></span> <span class='ocrx_word' id='word_1_624' title='bbox 873 2651 962 2678; x_wconf 87' lang='lat' dir='ltr'><strong>neque</strong></span> <span class='ocrx_word' id='word_1_625' title='bbox 978 2642 1050 2670; x_wconf 90' lang='lat' dir='ltr'><strong>Deus</strong></span> 
     </span>
    </p>
   </div>
   <div class='ocr_carea' id='block_1_85' title="bbox 265 2692 1051 2726">
    <p class='ocr_par' dir='ltr' id='par_1_85' title="bbox 265 2692 1051 2726">
     <span class='ocr_line' id='line_1_85' title="bbox 265 2692 1051 2726; baseline -0.009 -4"><span class='ocrx_word' id='word_1_626' title='bbox 265 2700 382 2726; x_wconf 89' lang='lat' dir='ltr'><strong>tantum,</strong></span> <span class='ocrx_word' id='word_1_627' title='bbox 400 2694 518 2720; x_wconf 88' lang='lat' dir='ltr'><strong>humana</strong></span> <span class='ocrx_word' id='word_1_628' title='bbox 533 2692 679 2719; x_wconf 88' lang='lat' dir='ltr'><strong>destitutus</strong></span> <span class='ocrx_word' id='word_1_629' title='bbox 694 2694 811 2723; x_wconf 87' lang='lat' dir='ltr'><strong>natura;</strong></span> <span class='ocrx_word' id='word_1_630' title='bbox 825 2697 1051 2725; x_wconf 88' lang='lat' dir='ltr'><strong>corpusnamque</strong></span> 
     </span>
    </p>
   </div>
   <div class='ocr_carea' id='block_1_86' title="bbox 265 2735 1051 2773">
    <p class='ocr_par' dir='ltr' id='par_1_86' title="bbox 265 2735 1051 2773">
     <span class='ocr_line' id='line_1_86' title="bbox 265 2735 1051 2773; baseline -0.006 -5"><span class='ocrx_word' id='word_1_631' title='bbox 265 2741 390 2773; x_wconf 84' lang='lat' dir='ltr'><strong>habebat,</strong></span> <span class='ocrx_word' id='word_1_632' title='bbox 411 2748 427 2767; x_wconf 92' lang='grc' dir='ltr'><strong>ο</strong></span> <span class='ocrx_word' id='word_1_633' title='bbox 441 2739 597 2767; x_wconf 60' lang='lat' dir='ltr'><strong>ilanichaae.</strong></span> <span class='ocrx_word' id='word_1_634' title='bbox 612 2737 669 2766; x_wconf 87' lang='lat' dir='ltr'><strong>Nisi</strong></span> <span class='ocrx_word' id='word_1_635' title='bbox 680 2738 753 2765; x_wconf 88' lang='lat' dir='ltr'><strong>enim</strong></span> <span class='ocrx_word' id='word_1_636' title='bbox 767 2744 810 2764; x_wconf 86' lang='lat' dir='ltr'><strong>me</strong></span> <span class='ocrx_word' id='word_1_637' title='bbox 821 2736 966 2768; x_wconf 86' lang='lat' dir='ltr'><strong>induisset,</strong></span> <span class='ocrx_word' id='word_1_638' title='bbox 979 2735 1051 2763; x_wconf 81' lang='lat' dir='ltr'><strong>haud</strong></span> 
     </span>
    </p>
   </div>
   <div class='ocr_carea' id='block_1_87' title="bbox 304 2825 849 2856">
    <p class='ocr_par' dir='ltr' id='par_1_87' title="bbox 304 2825 849 2856">
     <span class='ocr_line' id='line_1_87' title="bbox 304 2825 849 2856; baseline -0.006 -2"><span class='ocrx_word' id='word_1_639' title='bbox 304 2829 326 2844; x_wconf 84' lang='grc'><strong>¹¹</strong></span> <span class='ocrx_word' id='word_1_640' title='bbox 345 2828 423 2854; x_wconf 76' lang='lat' dir='ltr'><strong>Rom.</strong></span> <span class='ocrx_word' id='word_1_641' title='bbox 445 2836 484 2854; x_wconf 92' lang='grc' dir='ltr'>ιιι.</span> <span class='ocrx_word' id='word_1_642' title='bbox 505 2829 550 2854; x_wconf 76' lang='grc'><strong>25.</strong></span> <span class='ocrx_word' id='word_1_643' title='bbox 590 2828 610 2842; x_wconf 89' lang='lat'><strong>&quot;</strong></span> <span class='ocrx_word' id='word_1_644' title='bbox 625 2826 696 2853; x_wconf 79' lang='lat' dir='ltr'><strong>Psal.</strong></span> <span class='ocrx_word' id='word_1_645' title='bbox 711 2833 806 2856; x_wconf 67' lang='lat' dir='ltr'><strong>cum,</strong></span> <span class='ocrx_word' id='word_1_646' title='bbox 823 2825 849 2851; x_wconf 83' lang='lat'><strong>5.</strong></span> 
     </span>
    </p>
   </div>
   <div class='ocr_carea' id='block_1_88' title="bbox 269 2859 882 2894">
    <p class='ocr_par' dir='ltr' id='par_1_88' title="bbox 269 2859 882 2894">
     <span class='ocr_line' id='line_1_88' title="bbox 269 2859 882 2894; baseline -0.003 -5"><span class='ocrx_word' id='word_1_647' title='bbox 269 2865 292 2879; x_wconf 71' lang='grc' dir='ltr'><strong>¹ί¹</strong></span> <span class='ocrx_word' id='word_1_648' title='bbox 313 2863 383 2889; x_wconf 69' lang='lat' dir='ltr'><strong>Psnl.</strong></span> <span class='ocrx_word' id='word_1_649' title='bbox 409 2871 527 2894; x_wconf 78' lang='lat' dir='ltr'><strong>Lxxvm,</strong></span> <span class='ocrx_word' id='word_1_650' title='bbox 556 2862 580 2888; x_wconf 82' lang='lat'><strong>8.</strong></span> <span class='ocrx_word' id='word_1_651' title='bbox 635 2862 658 2876; x_wconf 83' lang='grc'>“</span> <span class='ocrx_word' id='word_1_652' title='bbox 678 2861 758 2888; x_wconf 78' lang='lat' dir='ltr'><strong>Mich.</strong></span> <span class='ocrx_word' id='word_1_653' title='bbox 789 2868 837 2893; x_wconf 83' lang='lat' dir='ltr'><strong>vn,</strong></span> <span class='ocrx_word' id='word_1_654' title='bbox 855 2859 882 2887; x_wconf 70' lang='grc'><strong>2.</strong></span> 
     </span>
    </p>
   </div>
   <div class='ocr_carea' id='block_1_89' title="bbox 270 2895 802 2930">
    <p class='ocr_par' dir='ltr' id='par_1_89' title="bbox 270 2895 802 2930">
     <span class='ocr_line' id='line_1_89' title="bbox 270 2895 802 2930; baseline -0.006 -6"><span class='ocrx_word' id='word_1_655' title='bbox 270 2898 293 2915; x_wconf 71' lang='grc'><em>⁷³</em></span> <span class='ocrx_word' id='word_1_656' title='bbox 311 2898 382 2926; x_wconf 81' lang='lat' dir='ltr'><strong>l’sa-l.</strong></span> <span class='ocrx_word' id='word_1_657' title='bbox 397 2906 470 2930; x_wconf 76' lang='lat' dir='ltr'><strong>xux,</strong></span> <span class='ocrx_word' id='word_1_658' title='bbox 486 2898 511 2924; x_wconf 79' lang='grc'><strong>5.</strong></span> <span class='ocrx_word' id='word_1_659' title='bbox 551 2897 572 2912; x_wconf 83' lang='grc'>⁸⁸</span> <span class='ocrx_word' id='word_1_660' title='bbox 592 2895 680 2923; x_wconf 73' lang='lat' dir='ltr'><strong>Galat.</strong></span> <span class='ocrx_word' id='word_1_661' title='bbox 700 2903 740 2928; x_wconf 85' lang='grc' dir='ltr'>ιιι,</span> <span class='ocrx_word' id='word_1_662' title='bbox 760 2895 802 2922; x_wconf 78' lang='lat' dir='ltr'><strong>l5.</strong></span> 
     </span>
    </p>
   </div>
   <div class='ocr_carea' id='block_1_90' title="bbox 888 2818 1195 2856">
    <p class='ocr_par' dir='ltr' id='par_1_90' title="bbox 888 2818 1195 2856">
     <span class='ocr_line' id='line_1_90' title="bbox 888 2818 1195 2856; baseline 0.003 -6"><span class='ocrx_word' id='word_1_663' title='bbox 888 2825 910 2841; x_wconf 88' lang='lat'><strong>&#39;°</strong></span> <span class='ocrx_word' id='word_1_664' title='bbox 930 2818 1030 2852; x_wconf 42' lang='lat' dir='ltr'><strong>Jcre‘m.</strong></span> <span class='ocrx_word' id='word_1_665' title='bbox 1045 2833 1098 2851; x_wconf 84' lang='lat' dir='ltr'><strong>xvn</strong></span> <span class='ocrx_word' id='word_1_666' title='bbox 1112 2845 1119 2856; x_wconf 88' lang='lat'><strong>,</strong></span> <span class='ocrx_word' id='word_1_667' title='bbox 1153 2825 1195 2851; x_wconf 78' lang='grc'><strong>14.</strong></span> 
     </span>
    </p>
   </div>
   <div class='ocr_carea' id='block_1_91' title="bbox 935 2859 1517 2893">
    <p class='ocr_par' dir='ltr' id='par_1_91' title="bbox 935 2859 1517 2893">
     <span class='ocr_line' id='line_1_91' title="bbox 935 2859 1517 2893; baseline 0.003 -7"><span class='ocrx_word' id='word_1_668' title='bbox 935 2860 957 2875; x_wconf 89' lang='grc'><strong>¹¹</strong></span> <span class='ocrx_word' id='word_1_669' title='bbox 979 2859 1050 2887; x_wconf 81' lang='lat' dir='ltr'><strong>Psal.</strong></span> <span class='ocrx_word' id='word_1_670' title='bbox 1080 2868 1144 2886; x_wconf 55' lang='grc' dir='ltr'>ιλιι</span> <span class='ocrx_word' id='word_1_671' title='bbox 1159 2879 1166 2892; x_wconf 85' lang='grc'><strong>,</strong></span> <span class='ocrx_word' id='word_1_672' title='bbox 1191 2860 1219 2888; x_wconf 73' lang='grc'><strong>2.</strong></span> <span class='ocrx_word' id='word_1_673' title='bbox 1264 2861 1286 2875; x_wconf 79' lang='grc'>³⁸</span> <span class='ocrx_word' id='word_1_674' title='bbox 1307 2859 1408 2888; x_wconf 80' lang='lat' dir='ltr'><strong>llabac.</strong></span> <span class='ocrx_word' id='word_1_675' title='bbox 1427 2868 1464 2893; x_wconf 86' lang='lat' dir='ltr'><strong>ll,</strong></span> <span class='ocrx_word' id='word_1_676' title='bbox 1491 2860 1517 2888; x_wconf 76' lang='grc'><strong>5.</strong></span> 
     </span>
    </p>
   </div>
   <div class='ocr_carea' id='block_1_92' title="bbox 1084 1633 1878 1671">
    <p class='ocr_par' dir='ltr' id='par_1_92' title="bbox 1084 1633 1878 1671">
     <span class='ocr_line' id='line_1_92' title="bbox 1084 1633 1878 1671; baseline -0.004 -8"><span class='ocrx_word' id='word_1_677' title='bbox 1084 1637 1236 1671; x_wconf 81' lang='grc' dir='ltr'>χεύσιιμεν</span> <span class='ocrx_word' id='word_1_678' title='bbox 1254 1634 1382 1669; x_wconf 65' lang='grc' dir='ltr'>σφόδρα.</span> <span class='ocrx_word' id='word_1_679' title='bbox 1395 1634 1524 1670; x_wconf 81' lang='grc' dir='ltr'>Ἕτερος·</span> <span class='ocrx_word' id='word_1_680' title='bbox 1542 1634 1577 1660; x_wconf 84' lang='grc' dir='ltr'>οι</span> <span class='ocrx_word' id='word_1_681' title='bbox 1594 1643 1642 1668; x_wconf 89' lang='grc' dir='ltr'><strong>μοι</strong></span> <span class='ocrx_word' id='word_1_682' title='bbox 1658 1633 1703 1660; x_wconf 83' lang='grc' dir='ltr'><strong>ὅτι</strong></span> <span class='ocrx_word' id='word_1_683' title='bbox 1714 1634 1878 1660; x_wconf 73' lang='grc' dir='ltr'><strong>ἀπόλωλεν</strong></span> 
     </span>
    </p>
   </div>
   <div class='ocr_carea' id='block_1_93' title="bbox 1083 1679 1877 1715">
    <p class='ocr_par' dir='ltr' id='par_1_93' title="bbox 1083 1679 1877 1715">
     <span class='ocr_line' id='line_1_93' title="bbox 1083 1679 1877 1715; baseline -0.004 -6"><span class='ocrx_word' id='word_1_684' title='bbox 1083 1681 1214 1714; x_wconf 73' lang='grc' dir='ltr'><strong>εὐλαϐὴς</strong></span> <span class='ocrx_word' id='word_1_685' title='bbox 1228 1681 1286 1708; x_wconf 82' lang='grc' dir='ltr'><strong>ἀπὸ</strong></span> <span class='ocrx_word' id='word_1_686' title='bbox 1301 1679 1356 1714; x_wconf 83' lang='grc' dir='ltr'>τῆς</span> <span class='ocrx_word' id='word_1_687' title='bbox 1372 1679 1438 1715; x_wconf 76' lang='grc' dir='ltr'>γῆς,</span> <span class='ocrx_word' id='word_1_688' title='bbox 1462 1679 1512 1707; x_wconf 74' lang='grc' dir='ltr'><strong>καὶ</strong></span> <span class='ocrx_word' id='word_1_689' title='bbox 1527 1681 1543 1707; x_wconf 86' lang='grc' dir='ltr'><strong>ό</strong></span> <span class='ocrx_word' id='word_1_690' title='bbox 1556 1679 1707 1714; x_wconf 79' lang='grc' dir='ltr'>κατορθῶν</span> <span class='ocrx_word' id='word_1_691' title='bbox 1719 1680 1754 1706; x_wconf 81' lang='grc' dir='ltr'>ἐν</span> <span class='ocrx_word' id='word_1_692' title='bbox 1767 1679 1877 1714; x_wconf 80' lang='grc' dir='ltr'>ἀνθρώ-</span> 
     </span>
    </p>
   </div>
   <div class='ocr_carea' id='block_1_94' title="bbox 1085 1725 1880 1760">
    <p class='ocr_par' dir='ltr' id='par_1_94' title="bbox 1085 1725 1880 1760">
     <span class='ocr_line' id='line_1_94' title="bbox 1085 1725 1880 1760; baseline -0.003 -6"><span class='ocrx_word' id='word_1_693' title='bbox 1085 1735 1153 1759; x_wconf 77' lang='grc' dir='ltr'>ποις</span> <span class='ocrx_word' id='word_1_694' title='bbox 1163 1727 1220 1760; x_wconf 83' lang='grc' dir='ltr'><strong>οὐχ</strong></span> <span class='ocrx_word' id='word_1_695' title='bbox 1245 1726 1382 1760; x_wconf 81' lang='grc' dir='ltr'><strong>ὑπάρχει.</strong></span> <span class='ocrx_word' id='word_1_696' title='bbox 1400 1726 1495 1757; x_wconf 77' lang='grc' dir='ltr'>Ἄλλος</span> <span class='ocrx_word' id='word_1_697' title='bbox 1512 1733 1519 1740; x_wconf 86' lang='lat'>&#39;</span> <span class='ocrx_word' id='word_1_698' title='bbox 1546 1725 1573 1751; x_wconf 87' lang='lat'><strong>&#39;0</strong></span> <span class='ocrx_word' id='word_1_699' title='bbox 1591 1725 1664 1758; x_wconf 83' lang='grc' dir='ltr'><strong>Θεὸς</strong></span> <span class='ocrx_word' id='word_1_700' title='bbox 1682 1727 1725 1758; x_wconf 83' lang='grc' dir='ltr'><strong>εις</strong></span> <span class='ocrx_word' id='word_1_701' title='bbox 1734 1725 1787 1758; x_wconf 65' lang='grc' dir='ltr'><strong>τὴν</strong></span> <span class='ocrx_word' id='word_1_702' title='bbox 1802 1725 1880 1759; x_wconf 82' lang='grc' dir='ltr'>,βοή-</span> 
     </span>
    </p>
   </div>
   <div class='ocr_carea' id='block_1_95' title="bbox 1088 1771 1881 1806">
    <p class='ocr_par' dir='ltr' id='par_1_95' title="bbox 1088 1771 1881 1806">
     <span class='ocr_line' id='line_1_95' title="bbox 1088 1771 1881 1806; baseline -0.001 -6"><span class='ocrx_word' id='word_1_703' title='bbox 1088 1772 1173 1800; x_wconf 83' lang='grc' dir='ltr'>θειάν</span> <span class='ocrx_word' id='word_1_704' title='bbox 1190 1781 1250 1806; x_wconf 84' lang='grc' dir='ltr'><strong>μου</strong></span> <span class='ocrx_word' id='word_1_705' title='bbox 1276 1772 1420 1806; x_wconf 80' lang='grc' dir='ltr'>πρόσχες,</span> <span class='ocrx_word' id='word_1_706' title='bbox 1438 1772 1486 1798; x_wconf 74' lang='grc' dir='ltr'><strong>καὶ</strong></span> <span class='ocrx_word' id='word_1_707' title='bbox 1502 1773 1545 1804; x_wconf 83' lang='grc' dir='ltr'><strong>εις</strong></span> <span class='ocrx_word' id='word_1_708' title='bbox 1553 1771 1707 1805; x_wconf 77' lang='grc' dir='ltr'>,ϐοηθῆσαί</span> <span class='ocrx_word' id='word_1_709' title='bbox 1718 1780 1769 1806; x_wconf 79' lang='grc' dir='ltr'>μοι</span> <span class='ocrx_word' id='word_1_710' title='bbox 1785 1772 1881 1800; x_wconf 80' lang='grc' dir='ltr'>σπεῦ-</span> 
     </span>
    </p>
   </div>
   <div class='ocr_carea' id='block_1_96' title="bbox 1092 1816 1882 1852">
    <p class='ocr_par' dir='ltr' id='par_1_96' title="bbox 1092 1816 1882 1852">
     <span class='ocr_line' id='line_1_96' title="bbox 1092 1816 1882 1852; baseline 0.001 -8"><span class='ocrx_word' id='word_1_711' title='bbox 1092 1826 1160 1848; x_wconf 87' lang='grc' dir='ltr'>σον,</span> <span class='ocrx_word' id='word_1_712' title='bbox 1178 1816 1290 1848; x_wconf 86' lang='grc' dir='ltr'>’Ἀλλος·</span> <span class='ocrx_word' id='word_1_713' title='bbox 1308 1817 1412 1848; x_wconf 81' lang='grc' dir='ltr'>Ὅσον,</span> <span class='ocrx_word' id='word_1_714' title='bbox 1433 1816 1509 1844; x_wconf 76' lang='grc' dir='ltr'>ὅσον</span> <span class='ocrx_word' id='word_1_715' title='bbox 1529 1819 1545 1844; x_wconf 87' lang='grc' dir='ltr'><strong>ό</strong></span> <span class='ocrx_word' id='word_1_716' title='bbox 1560 1817 1721 1852; x_wconf 77' lang='grc' dir='ltr'><strong>ἐρχόμενος</strong></span> <span class='ocrx_word' id='word_1_717' title='bbox 1738 1817 1815 1851; x_wconf 82' lang='grc' dir='ltr'>ἣξει,</span> <span class='ocrx_word' id='word_1_718' title='bbox 1831 1818 1882 1845; x_wconf 74' lang='grc' dir='ltr'><strong>καὶ</strong></span> 
     </span>
    </p>
   </div>
   <div class='ocr_carea' id='block_1_97' title="bbox 1088 1863 1883 1898">
    <p class='ocr_par' dir='ltr' id='par_1_97' title="bbox 1088 1863 1883 1898">
     <span class='ocr_line' id='line_1_97' title="bbox 1088 1863 1883 1898; baseline 0 -7"><span class='ocrx_word' id='word_1_719' title='bbox 1088 1865 1124 1891; x_wconf 86' lang='grc' dir='ltr'>οὐ</span> <span class='ocrx_word' id='word_1_720' title='bbox 1155 1863 1279 1898; x_wconf 79' lang='grc' dir='ltr'><strong>χρονιεῖ.</strong></span> <span class='ocrx_word' id='word_1_721' title='bbox 1304 1864 1413 1896; x_wconf 84' lang='grc' dir='ltr'>Ἀλλος·</span> <span class='ocrx_word' id='word_1_722' title='bbox 1449 1863 1642 1898; x_wconf 80' lang='grc' dir='ltr'>Ἐπλανήθην</span> <span class='ocrx_word' id='word_1_723' title='bbox 1667 1864 1707 1897; x_wconf 87' lang='grc' dir='ltr'>ὡς</span> <span class='ocrx_word' id='word_1_724' title='bbox 1731 1866 1883 1898; x_wconf 77' lang='grc' dir='ltr'>πρόϐατον</span> 
     </span>
    </p>
   </div>
   <div class='ocr_carea' id='block_1_98' title="bbox 1089 1909 1884 1943">
    <p class='ocr_par' dir='ltr' id='par_1_98' title="bbox 1089 1909 1884 1943">
     <span class='ocr_line' id='line_1_98' title="bbox 1089 1909 1884 1943; baseline -0.001 -6"><span class='ocrx_word' id='word_1_725' title='bbox 1089 1909 1257 1942; x_wconf 77' lang='grc' dir='ltr'>ἀπολωλὸς,</span> <span class='ocrx_word' id='word_1_726' title='bbox 1267 1909 1396 1943; x_wconf 74' lang='grc' dir='ltr'>ζήτησον</span> <span class='ocrx_word' id='word_1_727' title='bbox 1407 1910 1460 1936; x_wconf 83' lang='grc' dir='ltr'>τὸν</span> <span class='ocrx_word' id='word_1_728' title='bbox 1467 1909 1580 1936; x_wconf 80' lang='grc' dir='ltr'>δοῦλόν</span> <span class='ocrx_word' id='word_1_729' title='bbox 1590 1917 1649 1936; x_wconf 89' lang='grc' dir='ltr'><strong>σου</strong></span> <span class='ocrx_word' id='word_1_730' title='bbox 1661 1909 1714 1936; x_wconf 80' lang='grc' dir='ltr'>τὸν</span> <span class='ocrx_word' id='word_1_731' title='bbox 1724 1909 1884 1940; x_wconf 72' lang='grc' dir='ltr'>ἐλπίζοντα</span> 
     </span>
    </p>
   </div>
   <div class='ocr_carea' id='block_1_99' title="bbox 1090 1955 1885 1990">
    <p class='ocr_par' dir='ltr' id='par_1_99' title="bbox 1090 1955 1885 1990">
     <span class='ocr_line' id='line_1_99' title="bbox 1090 1955 1885 1990; baseline 0.001 -8"><span class='ocrx_word' id='word_1_732' title='bbox 1090 1956 1138 1982; x_wconf 76' lang='grc' dir='ltr'><strong>ἐπὶ</strong></span> <span class='ocrx_word' id='word_1_733' title='bbox 1160 1955 1214 1982; x_wconf 79' lang='grc' dir='ltr'>σέ·</span> <span class='ocrx_word' id='word_1_734' title='bbox 1232 1955 1328 1987; x_wconf 87' lang='grc' dir='ltr'>Ἀλλος</span> <span class='ocrx_word' id='word_1_735' title='bbox 1341 1964 1348 1972; x_wconf 90' lang='grc'><strong>·</strong></span> <span class='ocrx_word' id='word_1_736' title='bbox 1369 1956 1401 1982; x_wconf 90' lang='lat'><strong>&#39;0</strong></span> <span class='ocrx_word' id='word_1_737' title='bbox 1420 1955 1494 1988; x_wconf 83' lang='grc' dir='ltr'><strong>Θεὸς</strong></span> <span class='ocrx_word' id='word_1_738' title='bbox 1509 1955 1648 1990; x_wconf 74' lang='grc' dir='ltr'>ἐμφανῶς</span> <span class='ocrx_word' id='word_1_739' title='bbox 1673 1955 1750 1990; x_wconf 82' lang='grc' dir='ltr'>ἥξει,</span> <span class='ocrx_word' id='word_1_740' title='bbox 1770 1957 1787 1983; x_wconf 82' lang='grc' dir='ltr'><strong>ό</strong></span> <span class='ocrx_word' id='word_1_741' title='bbox 1810 1956 1885 1989; x_wconf 81' lang='grc' dir='ltr'><strong>Θεὸς</strong></span> 
     </span>
    </p>
   </div>
   <div class='ocr_carea' id='block_1_100' title="bbox 1090 2001 1886 2038">
    <p class='ocr_par' dir='ltr' id='par_1_100' title="bbox 1090 2001 1886 2038">
     <span class='ocr_line' id='line_1_100' title="bbox 1090 2001 1886 2038; baseline 0.003 -10"><span class='ocrx_word' id='word_1_742' title='bbox 1090 2001 1186 2036; x_wconf 80' lang='grc' dir='ltr'>ἡμῶν,</span> <span class='ocrx_word' id='word_1_743' title='bbox 1202 2002 1252 2028; x_wconf 79' lang='grc' dir='ltr'><strong>καὶ</strong></span> <span class='ocrx_word' id='word_1_744' title='bbox 1265 2003 1300 2029; x_wconf 90' lang='grc' dir='ltr'>οὺ</span> <span class='ocrx_word' id='word_1_745' title='bbox 1317 2002 1595 2037; x_wconf 81' lang='grc' dir='ltr'>παρασιωπήσεται.</span> <span class='ocrx_word' id='word_1_746' title='bbox 1610 2003 1647 2029; x_wconf 83' lang='grc' dir='ltr'><strong>Οὐ</strong></span> <span class='ocrx_word' id='word_1_747' title='bbox 1666 2002 1778 2038; x_wconf 83' lang='grc' dir='ltr'><strong>παρεῖδε</strong></span> <span class='ocrx_word' id='word_1_748' title='bbox 1792 2003 1886 2030; x_wconf 81' lang='grc' dir='ltr'>τοίνυν</span> 
     </span>
    </p>
   </div>
   <div class='ocr_carea' id='block_1_101' title="bbox 1091 2048 1885 2086">
    <p class='ocr_par' dir='ltr' id='par_1_101' title="bbox 1091 2048 1885 2086">
     <span class='ocr_line' id='line_1_101' title="bbox 1091 2048 1885 2086; baseline 0.003 -12"><span class='ocrx_word' id='word_1_749' title='bbox 1091 2049 1141 2084; x_wconf 82' lang='grc' dir='ltr'><strong>τὴν</strong></span> <span class='ocrx_word' id='word_1_750' title='bbox 1161 2048 1242 2083; x_wconf 85' lang='grc' dir='ltr'>φύσιν</span> <span class='ocrx_word' id='word_1_751' title='bbox 1256 2049 1307 2084; x_wconf 87' lang='grc' dir='ltr'>τὴν</span> <span class='ocrx_word' id='word_1_752' title='bbox 1318 2049 1491 2085; x_wconf 82' lang='grc' dir='ltr'><strong>ἀνθρωπίνην</strong></span> <span class='ocrx_word' id='word_1_753' title='bbox 1507 2050 1554 2075; x_wconf 80' lang='grc' dir='ltr'><strong>ὲπὶ</strong></span> <span class='ocrx_word' id='word_1_754' title='bbox 1570 2049 1638 2076; x_wconf 84' lang='grc' dir='ltr'>πολὺ</span> <span class='ocrx_word' id='word_1_755' title='bbox 1653 2050 1885 2086; x_wconf 81' lang='grc' dir='ltr'>τυραννουμένην,</span> 
     </span>
    </p>
   </div>
   <div class='ocr_carea' id='block_1_102' title="bbox 1093 2095 1888 2132">
    <p class='ocr_par' dir='ltr' id='par_1_102' title="bbox 1093 2095 1888 2132">
     <span class='ocr_line' id='line_1_102' title="bbox 1093 2095 1888 2132; baseline 0.001 -10"><span class='ocrx_word' id='word_1_756' title='bbox 1093 2097 1108 2122; x_wconf 87' lang='lat'><strong>6</strong></span> <span class='ocrx_word' id='word_1_757' title='bbox 1131 2096 1210 2131; x_wconf 82' lang='grc' dir='ltr'>φύσει</span> <span class='ocrx_word' id='word_1_758' title='bbox 1239 2095 1365 2130; x_wconf 82' lang='grc' dir='ltr'>βασιλεὺς</span> <span class='ocrx_word' id='word_1_759' title='bbox 1379 2096 1510 2132; x_wconf 76' lang='grc' dir='ltr'><strong>ὑπάρχων</strong></span> <span class='ocrx_word' id='word_1_760' title='bbox 1523 2105 1529 2112; x_wconf 90' lang='grc'><strong>·</strong></span> <span class='ocrx_word' id='word_1_761' title='bbox 1550 2097 1599 2122; x_wconf 82' lang='grc' dir='ltr'>οὐκ</span> <span class='ocrx_word' id='word_1_762' title='bbox 1621 2096 1726 2132; x_wconf 77' lang='grc' dir='ltr'><strong>άφῆχεν</strong></span> <span class='ocrx_word' id='word_1_763' title='bbox 1749 2098 1791 2128; x_wconf 79' lang='grc' dir='ltr'><strong>εἰς</strong></span> <span class='ocrx_word' id='word_1_764' title='bbox 1809 2097 1888 2128; x_wconf 78' lang='grc' dir='ltr'>τέλος</span> 
     </span>
    </p>
   </div>
   <div class='ocr_carea' id='block_1_103' title="bbox 1095 2140 1886 2177">
    <p class='ocr_par' dir='ltr' id='par_1_103' title="bbox 1095 2140 1886 2177">
     <span class='ocr_line' id='line_1_103' title="bbox 1095 2140 1886 2177; baseline 0.001 -10"><span class='ocrx_word' id='word_1_765' title='bbox 1095 2140 1165 2169; x_wconf 68' lang='grc' dir='ltr'>εἶναι</span> <span class='ocrx_word' id='word_1_766' title='bbox 1185 2140 1224 2177; x_wconf 84' lang='grc' dir='ltr'>τῷ</span> <span class='ocrx_word' id='word_1_767' title='bbox 1248 2142 1364 2177; x_wconf 76' lang='grc' dir='ltr'>διαϐόλῳ</span> <span class='ocrx_word' id='word_1_768' title='bbox 1377 2142 1538 2172; x_wconf 78' lang='grc' dir='ltr'>ὑπεύθυνον,</span> <span class='ocrx_word' id='word_1_769' title='bbox 1555 2143 1569 2168; x_wconf 93' lang='lat'><strong>6</strong></span> <span class='ocrx_word' id='word_1_770' title='bbox 1590 2142 1788 2177; x_wconf 79' lang='grc' dir='ltr'>φιλοικτίρμων</span> <span class='ocrx_word' id='word_1_771' title='bbox 1800 2142 1868 2174; x_wconf 80' lang='grc' dir='ltr'>Θεός</span> <span class='ocrx_word' id='word_1_772' title='bbox 1879 2151 1886 2158; x_wconf 90' lang='grc'><strong>·</strong></span> 
     </span>
    </p>
   </div>
   <div class='ocr_carea' id='block_1_104' title="bbox 1096 2186 1890 2224">
    <p class='ocr_par' dir='ltr' id='par_1_104' title="bbox 1096 2186 1890 2224">
     <span class='ocr_line' id='line_1_104' title="bbox 1096 2186 1890 2224; baseline 0 -10"><span class='ocrx_word' id='word_1_773' title='bbox 1096 2187 1153 2214; x_wconf 83' lang='grc' dir='ltr'>ἀλλ’</span> <span class='ocrx_word' id='word_1_774' title='bbox 1164 2186 1246 2224; x_wconf 80' lang='grc' dir='ltr'>ἦλθεν</span> <span class='ocrx_word' id='word_1_775' title='bbox 1257 2189 1271 2214; x_wconf 89' lang='lat'><strong>6</strong></span> <span class='ocrx_word' id='word_1_776' title='bbox 1283 2188 1326 2214; x_wconf 82' lang='grc' dir='ltr'><strong>ἀεὶ</strong></span> <span class='ocrx_word' id='word_1_777' title='bbox 1353 2187 1459 2223; x_wconf 86' lang='grc' dir='ltr'>παρὼν,</span> <span class='ocrx_word' id='word_1_778' title='bbox 1479 2188 1527 2214; x_wconf 81' lang='grc' dir='ltr'><strong>καὶ</strong></span> <span class='ocrx_word' id='word_1_779' title='bbox 1543 2187 1677 2214; x_wconf 77' lang='grc' dir='ltr'>κατέὸαλε</span> <span class='ocrx_word' id='word_1_780' title='bbox 1704 2188 1801 2224; x_wconf 84' lang='grc' dir='ltr'>λύτρον</span> <span class='ocrx_word' id='word_1_781' title='bbox 1818 2189 1890 2224; x_wconf 82' lang='grc' dir='ltr'>ὑπὲρ</span> 
     </span>
    </p>
   </div>
   <div class='ocr_carea' id='block_1_105' title="bbox 1062 2229 1890 2282">
    <p class='ocr_par' dir='ltr' id='par_1_105' title="bbox 1062 2229 1890 2282">
     <span class='ocr_line' id='line_1_105' title="bbox 1062 2229 1890 2282; baseline 0.001 -23"><span class='ocrx_word' id='word_1_782' title='bbox 1062 2254 1083 2282; x_wconf 77' lang='lat' dir='ltr'><strong>D</strong></span> <span class='ocrx_word' id='word_1_783' title='bbox 1098 2233 1229 2282; x_wconf 25' lang='lat' dir='ltr'><strong>ipsi.»</strong></span> <span class='ocrx_word' id='word_1_784' title='bbox 1259 2233 1322 2260; x_wconf 76' lang='grc' dir='ltr'><strong>ἴδιον</strong></span> <span class='ocrx_word' id='word_1_785' title='bbox 1349 2229 1434 2267; x_wconf 79' lang='grc' dir='ltr'>αἷμα·</span> <span class='ocrx_word' id='word_1_786' title='bbox 1460 2233 1509 2260; x_wconf 75' lang='grc' dir='ltr'>καὶ</span> <span class='ocrx_word' id='word_1_787' title='bbox 1531 2232 1630 2260; x_wconf 74' lang='grc' dir='ltr'><strong>ἔδωκεν</strong></span> <span class='ocrx_word' id='word_1_788' title='bbox 1647 2233 1717 2268; x_wconf 75' lang='grc' dir='ltr'>ὑπὲρ</span> <span class='ocrx_word' id='word_1_789' title='bbox 1734 2233 1890 2268; x_wconf 79' lang='grc' dir='ltr'>τοῦγένους</span> 
     </span>
    </p>
   </div>
   <div class='ocr_carea' id='block_1_106' title="bbox 1098 2279 1890 2316">
    <p class='ocr_par' dir='ltr' id='par_1_106' title="bbox 1098 2279 1890 2316">
     <span class='ocr_line' id='line_1_106' title="bbox 1098 2279 1890 2316; baseline 0 -10"><span class='ocrx_word' id='word_1_790' title='bbox 1098 2279 1276 2315; x_wconf 83' lang='grc' dir='ltr'>ἀντάλλαγμα</span> <span class='ocrx_word' id='word_1_791' title='bbox 1292 2279 1331 2314; x_wconf 85' lang='grc' dir='ltr'><strong>τῷ</strong></span> <span class='ocrx_word' id='word_1_792' title='bbox 1357 2279 1472 2315; x_wconf 82' lang='grc' dir='ltr'>θανάτῳ,</span> <span class='ocrx_word' id='word_1_793' title='bbox 1501 2279 1534 2315; x_wconf 80' lang='grc' dir='ltr'><strong>ὴν</strong></span> <span class='ocrx_word' id='word_1_794' title='bbox 1561 2279 1594 2306; x_wconf 75' lang='grc' dir='ltr'><strong>ἐκ</strong></span> <span class='ocrx_word' id='word_1_795' title='bbox 1616 2279 1755 2315; x_wconf 84' lang='grc' dir='ltr'>Παρθένου</span> <span class='ocrx_word' id='word_1_796' title='bbox 1773 2280 1890 2316; x_wconf 69' lang='grc' dir='ltr'>ὲφόρεσε</span> 
     </span>
    </p>
   </div>
   <div class='ocr_carea' id='block_1_107' title="bbox 1099 2325 1890 2362">
    <p class='ocr_par' dir='ltr' id='par_1_107' title="bbox 1099 2325 1890 2362">
     <span class='ocr_line' id='line_1_107' title="bbox 1099 2325 1890 2362; baseline 0 -10"><span class='ocrx_word' id='word_1_797' title='bbox 1099 2326 1189 2361; x_wconf 83' lang='grc' dir='ltr'>σάρκα</span> <span class='ocrx_word' id='word_1_798' title='bbox 1199 2334 1205 2339; x_wconf 91' lang='grc'><strong>·</strong></span> <span class='ocrx_word' id='word_1_799' title='bbox 1220 2326 1267 2352; x_wconf 67' lang='grc' dir='ltr'>καὶ</span> <span class='ocrx_word' id='word_1_800' title='bbox 1279 2325 1462 2361; x_wconf 77' lang='grc' dir='ltr'>ὲξηγοράσατο</span> <span class='ocrx_word' id='word_1_801' title='bbox 1474 2325 1520 2352; x_wconf 79' lang='grc' dir='ltr'>τὸν</span> <span class='ocrx_word' id='word_1_802' title='bbox 1533 2326 1634 2360; x_wconf 83' lang='grc' dir='ltr'>κόσμον</span> <span class='ocrx_word' id='word_1_803' title='bbox 1645 2327 1677 2352; x_wconf 82' lang='grc' dir='ltr'><strong>ἐκ</strong></span> <span class='ocrx_word' id='word_1_804' title='bbox 1689 2327 1738 2361; x_wconf 85' lang='grc' dir='ltr'>τῆς</span> <span class='ocrx_word' id='word_1_805' title='bbox 1748 2325 1795 2353; x_wconf 80' lang='grc' dir='ltr'><strong>τοῦ</strong></span> <span class='ocrx_word' id='word_1_806' title='bbox 1805 2327 1890 2362; x_wconf 83' lang='grc' dir='ltr'>νόμου</span> 
     </span>
    </p>
   </div>
   <div class='ocr_carea' id='block_1_108' title="bbox 1099 2371 1892 2408">
    <p class='ocr_par' dir='ltr' id='par_1_108' title="bbox 1099 2371 1892 2408">
     <span class='ocr_line' id='line_1_108' title="bbox 1099 2371 1892 2408; baseline 0 -9"><span class='ocrx_word' id='word_1_807' title='bbox 1099 2372 1232 2408; x_wconf 79' lang='grc' dir='ltr'>κατάρας,</span> <span class='ocrx_word' id='word_1_808' title='bbox 1253 2371 1360 2408; x_wconf 85' lang='grc' dir='ltr'>θανάτῳ</span> <span class='ocrx_word' id='word_1_809' title='bbox 1375 2372 1421 2399; x_wconf 79' lang='grc' dir='ltr'>τὸν</span> <span class='ocrx_word' id='word_1_810' title='bbox 1435 2371 1550 2399; x_wconf 86' lang='grc' dir='ltr'>θάνατον</span> <span class='ocrx_word' id='word_1_811' title='bbox 1567 2374 1746 2408; x_wconf 85' lang='grc' dir='ltr'>καταργήσας</span> <span class='ocrx_word' id='word_1_812' title='bbox 1756 2382 1764 2388; x_wconf 91' lang='grc'><strong>·</strong></span> <span class='ocrx_word' id='word_1_813' title='bbox 1780 2373 1830 2399; x_wconf 84' lang='grc' dir='ltr'>καὶ</span> <span class='ocrx_word' id='word_1_814' title='bbox 1843 2373 1892 2408; x_wconf 72' lang='grc' dir='ltr'>βοᾷ</span> 
     </span>
    </p>
   </div>
   <div class='ocr_carea' id='block_1_109' title="bbox 1099 2417 1889 2470">
    <p class='ocr_par' dir='ltr' id='par_1_109' title="bbox 1099 2417 1889 2470">
     <span class='ocr_line' id='line_1_109' title="bbox 1099 2417 1889 2470; baseline 0 -26"><span class='ocrx_word' id='word_1_815' title='bbox 1099 2418 1204 2470; x_wconf 50' lang='lat' dir='ltr'><strong>Ila-610;</strong></span> <span class='ocrx_word' id='word_1_816' title='bbox 1214 2427 1221 2434; x_wconf 73' lang='grc' dir='ltr'><strong>ο</strong></span> <span class='ocrx_word' id='word_1_817' title='bbox 1233 2419 1360 2452; x_wconf 86' lang='grc' dir='ltr'>Χριστὸς</span> <span class='ocrx_word' id='word_1_818' title='bbox 1370 2418 1449 2453; x_wconf 73' lang='grc' dir='ltr'>ἡμᾶς</span> <span class='ocrx_word' id='word_1_819' title='bbox 1459 2417 1646 2453; x_wconf 76' lang='grc' dir='ltr'>ἐξηγόρασεν</span> <span class='ocrx_word' id='word_1_820' title='bbox 1651 2418 1686 2444; x_wconf 82' lang='grc' dir='ltr'><strong>ἐκ</strong></span> <span class='ocrx_word' id='word_1_821' title='bbox 1698 2417 1751 2452; x_wconf 79' lang='grc' dir='ltr'>τῆς</span> <span class='ocrx_word' id='word_1_822' title='bbox 1759 2417 1889 2453; x_wconf 75' lang='grc' dir='ltr'>κατάρας</span> 
     </span>
    </p>
   </div>
   <div class='ocr_carea' id='block_1_110' title="bbox 1099 2465 1271 2499">
    <p class='ocr_par' dir='ltr' id='par_1_110' title="bbox 1099 2465 1271 2499">
     <span class='ocr_line' id='line_1_110' title="bbox 1099 2465 1271 2499; baseline 0.012 -9"><span class='ocrx_word' id='word_1_823' title='bbox 1099 2465 1152 2492; x_wconf 83' lang='grc' dir='ltr'>τοῦ</span> <span class='ocrx_word' id='word_1_824' title='bbox 1167 2465 1271 2499; x_wconf 80' lang='grc' dir='ltr'>νόμον.</span> 
     </span>
    </p>
   </div>
   <div class='ocr_carea' id='block_1_111' title="bbox 1137 2552 1890 2588">
    <p class='ocr_par' dir='ltr' id='par_1_111' title="bbox 1137 2552 1890 2588">
     <span class='ocr_line' id='line_1_111' title="bbox 1137 2552 1890 2588; baseline -0.001 -9"><span class='ocrx_word' id='word_1_825' title='bbox 1137 2553 1179 2580; x_wconf 82' lang='grc' dir='ltr'><strong>Η’.</strong></span> <span class='ocrx_word' id='word_1_826' title='bbox 1205 2552 1234 2579; x_wconf 90' lang='lat'><strong>&#39;0</strong></span> <span class='ocrx_word' id='word_1_827' title='bbox 1248 2552 1338 2579; x_wconf 80' lang='grc' dir='ltr'>τοίνυν</span> <span class='ocrx_word' id='word_1_828' title='bbox 1350 2553 1489 2588; x_wconf 81' lang='grc' dir='ltr'>ἀγοράσας</span> <span class='ocrx_word' id='word_1_829' title='bbox 1503 2554 1589 2588; x_wconf 82' lang='grc' dir='ltr'>ἡμᾶς,</span> <span class='ocrx_word' id='word_1_830' title='bbox 1600 2553 1631 2580; x_wconf 81' lang='grc' dir='ltr'>οὑ</span> <span class='ocrx_word' id='word_1_831' title='bbox 1643 2552 1720 2588; x_wconf 64' lang='grc' dir='ltr'>ψιλὸς</span> <span class='ocrx_word' id='word_1_832' title='bbox 1736 2552 1890 2588; x_wconf 71' lang='grc' dir='ltr'>ἄνθρωπος,</span> 
     </span>
    </p>
   </div>
   <div class='ocr_carea' id='block_1_112' title="bbox 1102 2595 1890 2635">
    <p class='ocr_par' dir='ltr' id='par_1_112' title="bbox 1102 2595 1890 2635">
     <span class='ocr_line' id='line_1_112' title="bbox 1102 2595 1890 2635; baseline 0 -11"><span class='ocrx_word' id='word_1_833' title='bbox 1102 2595 1126 2624; x_wconf 77' lang='grc' dir='ltr'>ὧ</span> <span class='ocrx_word' id='word_1_834' title='bbox 1148 2597 1255 2624; x_wconf 81' lang='grc' dir='ltr'>Ὶουδαῑε</span> <span class='ocrx_word' id='word_1_835' title='bbox 1267 2605 1273 2612; x_wconf 86' lang='lat'>&#39;</span> <span class='ocrx_word' id='word_1_836' title='bbox 1294 2598 1311 2632; x_wconf 86' lang='grc' dir='ltr'><strong>ἡ</strong></span> <span class='ocrx_word' id='word_1_837' title='bbox 1326 2597 1381 2633; x_wconf 86' lang='grc' dir='ltr'><strong>γάρ</strong></span> <span class='ocrx_word' id='word_1_838' title='bbox 1399 2597 1452 2624; x_wconf 86' lang='grc' dir='ltr'><strong>τῶν</strong></span> <span class='ocrx_word' id='word_1_839' title='bbox 1469 2598 1620 2635; x_wconf 83' lang='grc' dir='ltr'>ἀνθρώπων</span> <span class='ocrx_word' id='word_1_840' title='bbox 1639 2598 1733 2625; x_wconf 69' lang='grc' dir='ltr'>ἅπασα</span> <span class='ocrx_word' id='word_1_841' title='bbox 1753 2597 1834 2632; x_wconf 76' lang='grc' dir='ltr'>φύσις</span> <span class='ocrx_word' id='word_1_842' title='bbox 1858 2599 1890 2633; x_wconf 87' lang='grc' dir='ltr'>τῇ</span> 
     </span>
    </p>
   </div>
   <div class='ocr_carea' id='block_1_113' title="bbox 1104 2642 1893 2678">
    <p class='ocr_par' dir='ltr' id='par_1_113' title="bbox 1104 2642 1893 2678">
     <span class='ocr_line' id='line_1_113' title="bbox 1104 2642 1893 2678; baseline 0 -9"><span class='ocrx_word' id='word_1_843' title='bbox 1104 2643 1226 2678; x_wconf 82' lang='grc' dir='ltr'>ἁμαρτίᾳ</span> <span class='ocrx_word' id='word_1_844' title='bbox 1240 2642 1399 2669; x_wconf 87' lang='grc' dir='ltr'>δεδούλωτο·</span> <span class='ocrx_word' id='word_1_845' title='bbox 1414 2642 1472 2669; x_wconf 86' lang='grc' dir='ltr'>ἀλλ’</span> <span class='ocrx_word' id='word_1_846' title='bbox 1486 2642 1548 2669; x_wconf 76' lang='grc' dir='ltr'>οὕτε</span> <span class='ocrx_word' id='word_1_847' title='bbox 1567 2643 1620 2678; x_wconf 86' lang='grc' dir='ltr'>μὴν</span> <span class='ocrx_word' id='word_1_848' title='bbox 1635 2642 1740 2677; x_wconf 81' lang='grc' dir='ltr'>γυμνὸς</span> <span class='ocrx_word' id='word_1_849' title='bbox 1753 2642 1802 2669; x_wconf 87' lang='grc' dir='ltr'><strong>άνθ</strong></span> <span class='ocrx_word' id='word_1_850' title='bbox 1808 2643 1893 2678; x_wconf 84' lang='grc' dir='ltr'>ρωπό-</span> 
     </span>
    </p>
   </div>
   <div class='ocr_carea' id='block_1_114' title="bbox 1103 2685 1892 2725">
    <p class='ocr_par' dir='ltr' id='par_1_114' title="bbox 1103 2685 1892 2725">
     <span class='ocr_line' id='line_1_114' title="bbox 1103 2685 1892 2725; baseline -0.001 -10"><span class='ocrx_word' id='word_1_851' title='bbox 1103 2697 1184 2724; x_wconf 79' lang='grc' dir='ltr'>τητος</span> <span class='ocrx_word' id='word_1_852' title='bbox 1194 2689 1274 2720; x_wconf 85' lang='grc' dir='ltr'>Θεός·</span> <span class='ocrx_word' id='word_1_853' title='bbox 1289 2688 1369 2724; x_wconf 87' lang='grc' dir='ltr'>σῶμα</span> <span class='ocrx_word' id='word_1_854' title='bbox 1382 2688 1437 2725; x_wconf 88' lang='grc' dir='ltr'><strong>γὰρ</strong></span> <span class='ocrx_word' id='word_1_855' title='bbox 1452 2687 1534 2724; x_wconf 73' lang='grc' dir='ltr'><strong>εἶχεν,</strong></span> <span class='ocrx_word' id='word_1_856' title='bbox 1546 2685 1569 2715; x_wconf 81' lang='grc' dir='ltr'><strong>ὦ</strong></span> <span class='ocrx_word' id='word_1_857' title='bbox 1583 2688 1724 2723; x_wconf 81' lang='grc' dir='ltr'><strong>Μανιχαῖε.</strong></span> <span class='ocrx_word' id='word_1_858' title='bbox 1738 2687 1770 2715; x_wconf 82' lang='lat' dir='ltr'><strong>Et</strong></span> <span class='ocrx_word' id='word_1_859' title='bbox 1791 2688 1828 2723; x_wconf 81' lang='grc' dir='ltr'>μὴ</span> <span class='ocrx_word' id='word_1_860' title='bbox 1840 2688 1892 2723; x_wconf 87' lang='grc' dir='ltr'><strong>γάρ</strong></span> 
     </span>
    </p>
   </div>
   <div class='ocr_carea' id='block_1_115' title="bbox 1105 2733 1894 2771">
    <p class='ocr_par' dir='ltr' id='par_1_115' title="bbox 1105 2733 1894 2771">
     <span class='ocr_line' id='line_1_115' title="bbox 1105 2733 1894 2771; baseline -0.003 -9"><span class='ocrx_word' id='word_1_861' title='bbox 1105 2735 1247 2762; x_wconf 70' lang='grc' dir='ltr'>ἐνεδύσατο</span> <span class='ocrx_word' id='word_1_862' title='bbox 1263 2735 1323 2770; x_wconf 76' lang='grc' dir='ltr'>ἐμὲ,</span> <span class='ocrx_word' id='word_1_863' title='bbox 1336 2736 1386 2762; x_wconf 78' lang='grc' dir='ltr'><strong>οὐκ</strong></span> <span class='ocrx_word' id='word_1_864' title='bbox 1398 2735 1431 2762; x_wconf 79' lang='grc' dir='ltr'><strong>ἂν</strong></span> <span class='ocrx_word' id='word_1_865' title='bbox 1443 2735 1545 2762; x_wconf 72' lang='grc' dir='ltr'>ἔσωσεν</span> <span class='ocrx_word' id='word_1_866' title='bbox 1555 2735 1606 2771; x_wconf 81' lang='grc' dir='ltr'>ἐμέ</span> <span class='ocrx_word' id='word_1_867' title='bbox 1616 2743 1622 2749; x_wconf 93' lang='grc'><strong>·</strong></span> <span class='ocrx_word' id='word_1_868' title='bbox 1637 2734 1694 2761; x_wconf 78' lang='grc' dir='ltr'>ἀλλ’</span> <span class='ocrx_word' id='word_1_869' title='bbox 1706 2735 1736 2761; x_wconf 79' lang='grc' dir='ltr'>ὲν</span> <span class='ocrx_word' id='word_1_870' title='bbox 1747 2735 1780 2770; x_wconf 85' lang='grc' dir='ltr'>τῇ</span> <span class='ocrx_word' id='word_1_871' title='bbox 1795 2733 1894 2769; x_wconf 76' lang='grc' dir='ltr'>γαστρὶ</span> 
     </span>
    </p>
   </div>
   <div class='ocr_carea' id='block_1_116' title="bbox 1248 2823 1891 2858">
    <p class='ocr_par' dir='ltr' id='par_1_116' title="bbox 1248 2823 1891 2858">
     <span class='ocr_line' id='line_1_116' title="bbox 1248 2823 1891 2858; baseline -0.003 -8"><span class='ocrx_word' id='word_1_872' title='bbox 1248 2825 1270 2841; x_wconf 87' lang='grc'><strong>¹¹</strong></span> <span class='ocrx_word' id='word_1_873' title='bbox 1293 2824 1365 2852; x_wconf 83' lang='lat' dir='ltr'><strong>Psal.</strong></span> <span class='ocrx_word' id='word_1_874' title='bbox 1383 2833 1481 2858; x_wconf 74' lang='lat' dir='ltr'><strong>Lnix,</strong></span> <span class='ocrx_word' id='word_1_875' title='bbox 1503 2826 1530 2852; x_wconf 78' lang='grc'>3.</span> <span class='ocrx_word' id='word_1_876' title='bbox 1579 2826 1601 2841; x_wconf 87' lang='grc'><strong>¹¹</strong></span> <span class='ocrx_word' id='word_1_877' title='bbox 1622 2827 1653 2851; x_wconf 85' lang='lat' dir='ltr'><strong>Ill</strong></span> <span class='ocrx_word' id='word_1_878' title='bbox 1675 2829 1740 2858; x_wconf 72' lang='lat' dir='ltr'><strong>heg.</strong></span> <span class='ocrx_word' id='word_1_879' title='bbox 1767 2823 1891 2853; x_wconf 71' lang='lat' dir='ltr'><strong>nn,21.</strong></span> 
     </span>
    </p>
   </div>
   <div class='ocr_carea' id='block_1_117' title="bbox 1569 2859 1895 2892">
    <p class='ocr_par' dir='ltr' id='par_1_117' title="bbox 1569 2859 1895 2892">
     <span class='ocr_line' id='line_1_117' title="bbox 1569 2859 1895 2892; baseline -0.003 -5"><span class='ocrx_word' id='word_1_880' title='bbox 1569 2861 1593 2876; x_wconf 83' lang='grc'>³⁷</span> <span class='ocrx_word' id='word_1_881' title='bbox 1614 2859 1688 2887; x_wconf 79' lang='lat' dir='ltr'><strong>Psal.</strong></span> <span class='ocrx_word' id='word_1_882' title='bbox 1707 2866 1808 2892; x_wconf 80' lang='lat' dir='ltr'><strong>cxvm,</strong></span> <span class='ocrx_word' id='word_1_883' title='bbox 1833 2859 1895 2886; x_wconf 74' lang='grc'><strong>176.</strong></span> 
     </span>
    </p>
   </div>
  </div>
