1967 3075
101 142 155 170 68⁷9

99 245 222 272 ιδύσατο.
249 246 303 272 Καὶ
327 245 386 272 ἐκεῖ
405 245 436 272 τὸ
453 247 566 282 φρικτὸν
582 247 677 282 γέγονε
699 249 891 285 συνάλλαγμα·

99 291 162 331 δοὺς
183 291 239 327 γὰρ
264 291 384 327 πνεῦμα.
403 292 483 320 ἔλαϐε
498 293 597 329 σάρκα.
617 293 648 322 '0
664 295 746 327 αὐτὸς
761 296 829 330 μετὰ
844 296 894 331 τῆς

101 337 252 373 Παρθένου,
267 338 315 364 καὶ
326 338 359 365 ὲκ
373 339 422 374 τῆς
434 339 584 375 Παρθένου.
598 341 630 367 Ὃ
644 341 693 376 μὲν
706 341 760 376 γὰρ
768 342 896 369 ἐπεσκία-

103 392 149 409 σεν
164 383 249 419 αὐτὴν
261 391 268 398 ο
282 384 296 410 ὃ
310 384 338 410 δὲ
350 384 494 420 ὲσαρκώθη
511 384 540 417 ἐξ
550 385 644 420 αὐτῆς.
662 387 695 413 Εἰ
709 386 787 419 ἄλλος
799 389 813 414 6
827 388 894 423 Χρι-

103 429 165 460 στὸς
181 430 227 456 καὶ
243 429 322 462 ἄλλος
338 431 352 456 ὁ
367 429 433 462 Θεὸς
448 430 545 464 Λόγος,
559 431 610 458 οὐκ
630 430 688 458 ἔστι
706 432 784 468 τριὰς
802 433 895 468 ἠὰγια

103 475 199 511 Τριὰς·
217 476 286 502 ἀλλὰ
315 475 387 503 κατὰ
411 477 452 508 σὲ,
469 477 601 513 αἱρετικὲ,
618 478 726 513 τετράς.
739 478 786 514 Μὴ
799 479 895 515 σχίσῃς

102 522 149 549 τὸν
179 522 229 557 τῆς
251 522 407 558 οἰκονομίας
431 523 533 558 χιτῶνα
552 523 598 551 τὸν
623 523 726 551 ἄνωθεν
754 525 889 558 ὑφαντόνο

105 567 144 604 μὴ
170 568 344 605 μαθητεύσῃς
367 567 474 604 Ἀρείῳ.
497 570 615 602 Ἐκεῖνος
633 569 688 606 γὰρ
712 570 819 597 ἀσεϐῶν
845 570 895 606 τὴν

103 613 198 640 οὐσίαν
213 613 307 649 τέμνει
318 622 325 630 ·
343 614 375 640 σὺ
399 614 448 649 τὴν
471 615 619 649 συνάφειαν
634 614 671 650 μὴ
684 615 790 651 μέριζε,
802 615 844 642 ἵνα
857 616 895 651 μὴ

106 658 240 695 μερισθῇς
253 659 307 686 ἀπὸ
321 659 400 686 Θεοῦ.
418 661 466 692 Τις
480 661 627 695 ὲπέφανεν,
647 661 709 688 εἰπέ
728 670 783 696 μοι,
797 663 854 694 τοῖς
867 662 896 688 ὲν

107 705 198 732 σκότει
206 706 253 732 καὶ
264 706 328 741 σκιᾷ
336 705 450 733 θανάτου
462 706 641 742 καθημένοιςς
654 707 816 743 Ἀνθρωπος
825 717 833 740 ;
842 708 897 735 Καὶ

106 750 167 782 πῶς
179 751 293 786 ἠδύνατο
310 753 340 778 ὲν
357 752 448 779 σκότει
468 753 568 788 διάγων
583 753 655 780 κατὰ
678 754 784 782 Παῦλον
797 754 843 781 τὸν
854 755 898 782 λέ-

105 806 203 833 γοντα’
222 799 275 832 Ὃς
300 799 447 833 ἐρῤὐσατο
459 800 539 834 ἡμᾶς
550 800 585 827 ἐκ
605 801 662 835 τῆς
685 801 830 835 ἐξουσίας
842 801 897 829 τοῦ

106 845 237 878 σκότους
245 853 255 877 ;
263 842 355 880 Ἦμεν
370 845 424 881 γάρ
440 854 513 873 ποτε
522 847 642 880 σκότος,
652 847 723 874 κατὰ
732 847 763 875 τὸ
773 855 897 883 γεγραμ-

108 890 188 925 μένον
199 898 206 906 ι
222 891 281 918 νῦν
298 890 332 917 δὲ
347 891 411 926 φῶς
428 892 464 918 ἐν
491 893 597 926 Κυρίῳ.
620 893 669 924 Τίς
693 891 739 920 οἶν
762 893 898 928 ὲπέφανεν

106 936 289 971 ήμϊν;Δα6ίδ
313 946 342 964 σε
366 937 497 971 διδάσκει,
517 937 622 972 λέγων·
648 938 861 974 Εὐλογημένος
882 941 898 966 ό

106 983 270 1018 ἐρχόμενος
286 984 321 1010 ἐν
333 984 455 1019 ὀνόματι
466 985 589 1019 Κυρίου.
601 985 649 1016 Τις
662 982 740 1016 οὗτος
753 993 760 1018 ;
775 985 835 1012 εἰπὲ
846 994 899 1020 φα-

107 1030 205 1064 νερῶς,
230 1027 252 1057 ὥ
272 1030 370 1057 Δαϐίδ·
403 1031 591 1066 Ἀναϐόησον
613 1031 650 1066 τῇ
672 1031 767 1066 ἰσχύϊ,
785 1031 836 1058 καὶ
854 1031 897 1067 μὴ

107 1077 200 1112 palan
212 1083 220 1091 ⁶
243 1077 290 1110 Ὠς
308 1076 461 1112 σάλπιγγα
477 1077 603 1112 ὕψωσον
624 1077 683 1112 τὴν
694 1077 799 1112 φωνήν
818 1085 876 1104 σου
890 1086 896 1092 ·

108 1124 170 1150 εἰπὲ
183 1123 225 1155 τίς
241 1119 319 1155 οὗτος
330 1133 337 1139 ·
354 1124 471 1158 Κύριος,
493 1124 584 1160 φησὶν,
609 1125 625 1151 ό
644 1123 716 1157 Θεὸς
727 1123 786 1150 τῶν
808 1123 898 1151 δυνά-

106 1179 189 1205 μεων
200 1179 207 1186 ·
224 1170 296 1203 Θεὸς
308 1170 429 1205 Κύριος,
447 1170 497 1197 καὶ
520 1169 672 1205 ἐπέφανεν
689 1169 772 1205 ἡμῖν.
790 1170 821 1197 '0
844 1170 898 1207 γὰρ

109 1217 206 1251 Λόγος
219 1215 298 1251 σὰρξ
309 1216 437 1251 ἐγένετο.
451 1215 585 1252 Συνῆλθον
595 1217 624 1243 αἱ
637 1216 744 1251 φύσεις,
756 1216 804 1244 καὶ
817 1216 903 1251 ἀσύγ-

109 1271 190 1298 χυτος
204 1262 311 1298 ἔμεινεν
324 1264 341 1299 ὴ
353 1263 459 1295 ἓνωσις.

651 143 781 173 ORATIO
798 145 843 172 DE
861 145 1036 183 LAUDIBUVS
1055 146 1085 174 S.
1107 146 1239 175 MARIAi.
1457 176 1462 180 ,

98 201 149 235 τῆς
167 198 305 235 Παρθένου
328 200 342 226 ὁ
365 200 593 236 ἀποφηνάμενος,
615 201 662 228 τὸν
685 203 829 230 κατάδικον
844 205 915 241 ,ὲν-ι

959 204 1011 231 nilii
1025 204 1140 232 salutem
1160 204 1323 232 contulisset
1340 204 1405 232 :sed
1421 204 1478 240 ipse
1489 206 1516 232 in
1525 205 1645 241 Virginis
1655 212 1733 235 utero

1678 152 1731 181 G90

944 250 1044 283 editus,
1061 258 1138 278 reum
1155 250 1254 277 induit.
1268 249 1334 277 Mira
1343 250 1467 285 quaedam
1484 259 1516 278 ac
1533 252 1666 286 stupenda
1678 253 1734 280 illic

944 295 1016 323 facta
1032 299 1074 324 est
1088 296 1267 323 commutatio
1283 305 1290 322 :
1305 296 1374 324 dans
1389 296 1462 323 enim
1481 296 1617 331 spiritum,
1629 299 1735 333 accepit

945 349 1067 370 carnem.
1086 341 1159 369 Idem
1190 343 1249 377 ipse
1276 349 1338 369 cum
1364 341 1485 376 Virgine,
1505 347 1531 369 et
1555 350 1587 370 ex
1612 343 1733 378 Virgine.

945 387 1014 415 Nam
1035 388 1103 415 illud
1132 387 1241 423 quidem
1265 387 1438 415 obumbravit
1458 389 1499 420 ei;
1519 389 1572 416 hoc
1587 397 1619 416 ex
1633 397 1664 416 ea
1675 397 1736 416 car-

945 442 1007 462 nem
1018 435 1167 470 assumpsit
1180 434 1246 470 (20).
1258 434 1285 462 Si
1299 438 1342 462 est
1356 435 1426 463 alius
1436 435 1574 468 Christus,
1585 436 1656 463 alius
1666 435 1736 464 Deus

945 480 1065 509 Verbum
1089 481 1154 516 -jam
1186 489 1241 509 non
1262 481 1314 509 erit
1341 481 1450 509 trinitas
1481 485 1576 508 sancta
1594 481 1734 515 Trinitas;

946 526 994 555 sed
1009 527 1144 554 sententia
1158 531 1215 558 tua,
1242 534 1258 554 ο
1278 527 1415 559 Ιιωῖειὶοε,
1427 526 1607 561 quaternitas.
1620 525 1680 554 Noli
1695 527 1737 554 di-

947 571 1072 599 scindere
1087 572 1284 599 incarnationis
1295 572 1416 599 tunicam
1433 572 1548 607 desuper
1569 575 1738 604 contextam,

947 619 1003 646 noli
1022 626 1082 646 esse
1093 618 1238 654 discipuus
1252 618 1322 647 Arii.
1336 619 1383 646 Ille
1393 619 1465 646 enim
1482 619 1593 646 deitatis
1609 619 1738 647 substan-

947 664 1014 691 tiam
1027 663 1110 698 impie
1122 668 1217 696 secat;
1235 667 1264 692 tu
1289 672 1324 692 ne
1346 664 1565 699 coniunctionem
1577 664 1694 696 dividas.
1708 667 1739 691 ut

947 717 983 741 ne
1004 718 1020 736 a
1040 709 1095 737 Deo
1122 710 1264 739 dividaris.
1292 710 1425 744 Quisnam
1445 711 1560 739 obsecro
1583 711 1618 737 iis
1638 709 1739 744 illuxit,

948 755 993 790 qui
1010 755 1037 782 in
1047 754 1166 783 tenebris
1179 759 1206 782 et
1219 755 1317 783 umbra
1330 756 1426 784 mortis
1439 756 1570 784 sedebant
1580 755 1620 782 ³⁸1
1638 755 1739 782 Homo-

950 802 1004 829 ne?
1020 801 1054 828 At
1064 801 1201 836 quomodo
1227 806 1346 838 poterat,
1372 802 1420 837 qui
1445 805 1473 830 et
1494 802 1553 837 ipso
1575 802 1602 828 in
1619 801 1741 828 tenebris

949 852 1116 878 versaretur,
1132 847 1211 882 juxta
1234 848 1309 882 quod
1337 848 1446 876 divinus
1467 848 1615 883 Apostolus
1637 847 1741 875 Paulus

950 893 987 920 ait
1003 902 1010 920 :
1025 893 1078 926 Qui
1090 894 1188 928 eripuit
1199 902 1245 921 nos
1257 894 1288 921 de
1299 899 1427 928 potestate
1440 894 1605 922 latebrarum
1617 894 1657 921 "l
1670 893 1741 921 Era-

951 948 1009 967 mus
1039 940 1108 967 enim
1136 940 1281 975 aliquando
1300 940 1420 973 tenebras,
1438 941 1510 968 sicut
1534 940 1668 975 scriptum
1685 943 1740 971 est,

951 994 1020 1013 nunc
1030 992 1116 1014 autem
1129 986 1175 1013 lux-
1185 987 1211 1013 in
1225 986 1337 1013 Domino
1352 986 1384 1013 ³⁸.
1404 986 1504 1021 Ecquis
1527 986 1635 1014 tandem
1653 986 1743 1013 illuxit

951 1033 1049 1060 nobis?
1062 1032 1144 1060 Docet
1159 1037 1185 1060 te
1202 1032 1298 1065 David,
1311 1033 1424 1060 dicens:
1442 1032 1600 1060 Benedictus
1615 1032 1659 1066 qui
1672 1033 1742 1059 venit

952 1078 979 1104 in
1001 1079 1104 1105 nomine
1121 1078 1225 1104 Domini
1240 1078 1273 1105 ³³.
1305 1078 1468 1112 Ecquisnam
1491 1082 1534 1105 est.
1558 1077 1632 1105 iste?
1655 1077 1742 1104 Dicito

951 1123 1064 1155 clarius,
1082 1132 1098 1151 ο
1110 1123 1196 1151 David
1207 1123 1229 1140 "
1245 1122 1362 1159 [Isaias],
1377 1123 1471 1151 Clamo
1483 1123 1597 1158 fortiter,
1605 1131 1628 1150 et
1637 1131 1668 1150 ne
1681 1131 1744 1157 par-

952 1176 1013 1201 cas;
1025 1170 1102 1204 quasi
1117 1169 1179 1196 tuba
1193 1170 1284 1197 exalto
1301 1178 1388 1197 vocem
1407 1174 1480 1196 tuam
1494 1170 1517 1185 "
1531 1179 1537 1196 ε
1556 1169 1656 1197 edicilo
1681 1169 1744 1204 quis

953 1216 1007 1244 iste
1019 1217 1055 1244 sit
1070 1226 1076 1243 :
1091 1216 1232 1248 Dominus,
1248 1216 1348 1251 inquit,
1359 1215 1430 1242 Deus
1444 1217 1571 1243 virtutum
1584 1223 1592 1242 :
1610 1214 1681 1242 Deus
1693 1214 1745 1241 Do-

955 1266 1054 1298 minus,
1069 1271 1092 1292 et
1105 1266 1195 1293 illuxit
1206 1265 1280 1292 nobis
1291 1265 1324 1292 ³⁸.
1339 1265 1418 1297 Nam,
1439 1265 1552 1292 Verbum
1569 1272 1632 1292 caro
1644 1264 1745 1300 factum

109 1312 149 1335 est
170 1307 203 1334 ³⁷.
223 1307 354 1335 Coierunl
369 1309 397 1335 in
422 1315 506 1335 unum
530 1312 645 1340 naturae,
663 1307 820 1343 mansitque
833 1308 897 1336 unio
919 1309 1023 1346 absque
1037 1311 1092 1338 ulla
1101 1310 1273 1339 confusione.

145 1356 185 1384 θ’.
199 1353 285 1383 Ἦλθε
304 1356 400 1390 σῶσαι,
425 1356 483 1383 ἀλλ’
496 1356 579 1392 ἐχρῆν
593 1356 640 1383 καὶ
655 1355 752 1383 παθεῖν
764 1364 770 1370 ·
786 1356 845 1388 πῶς
857 1355 904 1383 οὖν

110 1401 145 1439 ἦν
159 1402 270 1430 δυνατὸν
289 1402 407 1438 ἑκάτερα
419 1402 546 1437 γενέσθαι
558 1411 566 1436 ;
580 1402 741 1438 Ἀνθρωπος
761 1402 839 1438 ψιλὸς
852 1402 904 1429 σῶ-

112 1459 158 1477 σαι
172 1450 222 1477 οὑκ
242 1450 332 1485 ῐσχυε·
358 1449 424 1482 Θεὸς
445 1449 550 1484 γυμνὸς
579 1449 676 1476 παθεῖν
701 1449 751 1476 οὐκ
775 1449 903 1485 ἠδύνατο.

993 1358 1039 1386 IX.
1057 1358 1098 1386 Ad
1112 1358 1273 1387 salvandum
1291 1362 1420 1392 venerat;
1435 1359 1483 1386 sed
1508 1359 1578 1386 mori
1596 1366 1704 1394 quoque
1714 1358 1747 1385 il-

958 1403 1014 1430 lum
1025 1404 1178 1439 oportebat.
1195 1403 1229 1430 At
1250 1408 1367 1438 utraque
1382 1403 1449 1435 haec,
1467 1411 1585 1438 quonam
1597 1409 1676 1439 pacto
1689 1403 1747 1431 fieri

958 1449 1203 1485 poterant?Purus
1221 1450 1303 1477 homo
1320 1449 1425 1477 salvare
1451 1457 1506 1477 non
1529 1453 1635 1484 poterat
1652 1459 1657 1477 :
1675 1449 1747 1477 Deus

110 1496 146 1523 Τί
159 1493 225 1530 οὗν;
244 1496 331 1528 Αὐτὸς
351 1495 389 1523 ὢν
405 1495 472 1527 Θεὸς
494 1496 508 1522 6
533 1495 718 1532 Ἐμμανουὴλ,
730 1495 842 1530 γέγονεν
856 1495 904 1522 ἇν-

959 1496 1032 1524 solus
1062 1497 1131 1523 mori
1149 1495 1290 1531 nequibat.
1314 1495 1385 1529 Quid
1400 1495 1499 1532 igitur?
1513 1495 1574 1530 Ipse
1587 1495 1659 1523 Deus
1673 1496 1748 1523 exsi-

113 1542 222 1577 θρωπος
233 1550 240 1556 ·
256 1542 303 1569 καὶ
313 1542 328 1568 ὃ
343 1542 393 1578 μὲν
402 1539 446 1578 ἦν,
459 1542 561 1568 ἔσωσεν
571 1551 577 1557 ·
588 1542 603 1569 ὃ
614 1541 643 1568 δὲ
658 1542 780 1577 γέγονεν,
794 1541 905 1569 ἔπαθεν.

112 1590 164 1615 Διὰ
177 1588 257 1615 τοῦτο
267 1588 305 1620 ὡς
319 1586 390 1616 εἶδεν
401 1589 418 1624 ὴ
435 1588 585 1624 Ἐκκλησία
605 1587 817 1623 στεψανώσασαν
827 1588 907 1615 αὐτὸν

112 1635 164 1671 τὴν
181 1635 343 1671 συναγωγὴν
356 1636 415 1668 ταῖς
431 1635 573 1668 ἀκάνθαις,
588 1634 763 1671 θρηνῳδοῦσα
778 1634 828 1670 τὴν
845 1634 907 1662 τόλ-

116 1689 181 1716 μαν,
194 1680 284 1715 ἐλεγε-
301 1680 465 1716 Θυγατέρες
472 1681 682 1716 Ἰερουσαλὴμ,
694 1680 844 1713 ἐξέλθετε,
857 1679 908 1707 καὶ

115 1727 194 1755 ἴδετε
206 1727 259 1755 τὸν
273 1728 438 1763 στέφανον,
449 1723 473 1761 ᾧ
484 1727 696 1762 ἐστεφάνωσεν·
711 1727 806 1755 αὑτὸν
815 1728 835 1761 ἡ
851 1726 908 1762 μή-

114 1783 171 1809 τηρ
187 1775 291 1802 αὐτοῦ.
319 1774 405 1806 Αὐτὸς
416 1773 472 1810 γὰρ
488 1775 534 1801 καὶ
557 1775 603 1801 τὸν
622 1774 766 1801 ἀκάνθινον
794 1773 908 1809 ὲφόρεσε

117 1821 260 1856 στέφανον,
277 1821 325 1848 καὶ
353 1820 402 1857 τὴν
422 1819 478 1847 τῶν
493 1820 618 1848 ἀκανθῶν
641 1820 736 1847 ἐλυσεν
750 1820 907 1853 ἀπόφασιν·

115 1867 131 1894 6
147 1867 227 1898 αὐτὸς
236 1866 274 1893 ῶν
289 1867 317 1893 ὲν
328 1868 384 1898 τοῖς
399 1866 509 1898 κόλποις
520 1866 568 1893 τοῦ
583 1866 700 1902 Πατρδς,
712 1866 760 1893 καὶ
774 1866 803 1893 ἐν
811 1866 910 1901 γαστρὶ

117 1912 277 1949 Παρθένοιν
303 1913 317 1940 6
335 1913 417 1944 αὐτὸς
443 1914 472 1939 ὲν
499 1912 632 1947 ἀγκάλαις
658 1911 772 1948 μητρὸς,
801 1912 848 1938 καὶ
864 1911 910 1938 ἐπὶ

117 1957 263 1994 πτερύγων
277 1957 385 1994 ἀνέμων
397 1967 404 1973 ·
422 1959 435 1985 6
454 1957 534 1989 αὐτὸς
547 1958 603 1985 ἄνω
615 1957 667 1984 ὑπὸ
681 1956 806 1992 ἀγγέλων
824 1965 910 1992 προσ-

118 2006 252 2037 εκυνείτο,
285 2006 333 2032 καὶ
364 2004 440 2032 κάτω
471 2004 602 2036 τελώναις
626 2004 830 2031 συνανεκλίνετο
843 2012 850 2019 υ
876 2002 912 2029 τὰ

120 2054 242 2087 σεραφὶμ
255 2052 285 2078 οὺ
304 2051 485 2087 προσέϐλεπε,
508 2051 556 2078 καὶ
569 2051 684 2082 Πιλᾶτος
698 2049 793 2086 ἠρώτα
805 2058 811 2065 ·
825 2051 839 2077 6
852 2049 912 2076 δοῦ-

120 2098 166 2131 λος
180 2098 323 2135 ὲρῤάπιξε,
339 2098 385 2126 καὶ
401 2100 417 2134 ἡ
433 2099 520 2130 κτίσις
533 2097 661 2134 ἐφρισσεν
674 2106 681 2113 ·
698 2098 745 2124 ἐπὶ
764 2095 882 2133 σταυροῦ
898 2097 912 2122 ὁ

120 2144 203 2176 αὐτὸς
232 2145 381 2179 ἐπήγνυτο,
400 2145 448 2171 καὶ
465 2145 479 2172 6
492 2143 586 2179 θρόνος
605 2143 654 2179 τῆς
670 2143 750 2178 δόξης
763 2142 846 2169 αὑτοῦ
863 2143 913 2169 οὐκ

958 1547 1046 1575 stens,
1064 1550 1161 1578 nempe
1175 1542 1344 1576 Emmanuel,
1372 1542 1454 1570 homo
1483 1541 1572 1570 factus
1596 1546 1657 1574 est;
1679 1547 1704 1569 ct
1721 1542 1747 1568 id

958 1588 1067 1623 quidem
1089 1588 1162 1624 quod
1189 1592 1259 1620 erat,
1286 1588 1402 1616 salutem
1429 1589 1567 1616 contulit:
1585 1587 1659 1623 quod
1681 1596 1747 1615 vero

959 1632 1060 1672 factum
1074 1637 1128 1666 est,
1141 1633 1284 1668 passiones
1304 1641 1337 1661 ac
1362 1637 1477 1661 mortem
1498 1634 1591 1661 subiit.
1611 1633 1746 1666 Quocirca

960 1685 1021 1705 cum
1032 1679 1149 1706 ecclesia
1163 1687 1328 1715 synagogam
1340 1683 1464 1707 cerneret
1477 1679 1564 1714 spinis
1579 1679 1654 1706 illum
1670 1686 1750 1706 coro-

959 1731 1051 1756 nasse.
1067 1725 1162 1760 lugens
1173 1729 1280 1752 tantum
1295 1725 1413 1757 facinus.
1430 1725 1539 1753 aiebat:
1557 1725 1637 1753 Filiae
1651 1724 1750 1752 Hieru-

959 1770 1053 1803 salem,
1075 1771 1238 1806 egredimini,
1252 1776 1277 1799 et
1301 1771 1384 1799 videte
1410 1779 1536 1799 coronam
1552 1780 1603 1807 qua
1616 1772 1752 1799 coronavit

959 1825 1019 1843 eum
1039 1822 1124 1844 mater
1145 1825 1195 1844 sua
1206 1817 1239 1844 ³³.
1256 1817 1316 1852 Ipse
1341 1825 1460 1852 namque
1476 1817 1600 1853 spineam
1621 1824 1751 1844 coronam

960 1863 1077 1897 gestavit
1097 1863 1130 1896 ",
1151 1863 1347 1898 spinarumque
1377 1863 1504 1891 dissolvit
1531 1863 1696 1891 sententiam
1714 1863 1748 1887 ⁸ο.

961 1909 1021 1944 Ipse
1032 1909 1060 1936 in
1076 1909 1138 1936 sinu
1165 1908 1256 1937 Patris
1273 1911 1306 1941 “,
1324 1913 1407 1944 atque
1429 1910 1456 1936 in
1479 1912 1558 1937 utero
1573 1909 1680 1936 matris.
1693 1908 1753 1943 Ipse

962 1954 989 1981 in
1011 1955 1084 1982 ulnis
1103 1955 1210 1987 matris,
1226 1959 1254 1982 et
1279 1962 1363 1990 supra
1379 1959 1523 1983 ventorum
1546 1962 1651 1990 pennas
1675 1954 1752 1980 incc-

962 1999 1030 2026 dens
1045 1999 1078 2026 ".
1092 1999 1152 2035 Ipse
1168 2000 1197 2027 in
1212 2000 1290 2028 cmlis
1300 2000 1336 2027 ab
1351 2000 1455 2035 angelis
1473 1999 1650 2032 adorabatur,
1671 2005 1754 2034 atque

963 2046 1082 2074 interris
1106 2047 1244 2074 communi
1273 2054 1336 2074 cum
1356 2046 1510 2081 publicanis
1528 2054 1623 2074 mensa
1634 2046 1754 2073 discum-

963 2092 1046 2120 bebat
1068 2092 1102 2120 “.
1128 2093 1217 2128 Ipsum
1239 2093 1267 2120 in
1282 2100 1363 2128 quem
1385 2100 1436 2120 nec
1457 2092 1594 2127 seraphim
1619 2091 1754 2119 audebant

964 2139 1098 2174 aspicere.
1112 2138 1216 2167 Pilatus
1229 2139 1425 2174 interrogabat,
1443 2146 1540 2166 servus
1564 2138 1689 2172 colaphis
1700 2145 1753 2164 cae-

121 2188 298 2224 ὲγεγύμνωτο
335 2190 364 2215 ὲν
389 2189 468 2225 τάφῳ
485 2188 667 2220 κατεκλείετο,
679 2188 728 2215 καὶ
741 2188 786 2214 τὸν
800 2187 913 2223 οὐρανὸν

966 2184 1048 2213 debat
1064 2185 1097 2218 “,
1117 2190 1145 2212 et
1169 2189 1296 2212 creatura
1315 2184 1445 2212 horrebat
1464 2192 1471 2210 :
1487 2183 1564 2210 cruci
1588 2182 1755 2218 alligebatur,

123 2235 255 2267 ἐξέτεινεν
268 2235 335 2262 ὡσεὶ
347 2235 441 2271 δέῤῥιν
454 2243 461 2250 ·
483 2235 512 2262 ὲν
527 2235 634 2270 νεκροῖς
647 2234 793 2268 ἐλογίζετο,
806 2233 853 2260 καὶ
869 2233 914 2259 τὸν

123 2282 191 2319 ᾅδην
215 2283 395 2309 ἐσκύλευσεν·
423 2279 475 2309 ὦδε
505 2282 605 2314 πλάνος
626 2281 845 2316 ἐσυκοφαντεῖτο,
868 2280 913 2307 καὶ

121 2330 182 2357 ἐκεῖ
196 2329 273 2363 amo;
287 2328 475 2364 ὲδοξολογεῖτο.

968 2239 1018 2259 nec
1031 2231 1159 2259 thronum
1175 2232 1267 2267 gloria:
1283 2231 1448 2262 deSei-ebat;
1469 2230 1599 2269 sepulcro
1611 2229 1754 2256 claudeba-

966 2282 1023 2310 tur,
1051 2281 1079 2305 et
1106 2277 1206 2305 ctelum
1232 2277 1310 2312 pellis
1338 2277 1425 2304 instar
1451 2276 1613 2304 extendebat
1627 2275 1754 2302 “:intci

966 2329 1091 2353 mortuos
1117 2324 1305 2359 reputabatur,
1324 2327 1351 2351 et
1369 2323 1540 2358 despoliabat
1556 2322 1695 2350 infernum
1712 2321 1756 2349 “:

124 2378 180 2409 hic.
192 2378 320 2405 seductor
337 2378 474 2404 calumnia
496 2377 646 2405 vocabatur
666 2377 700 2408 ",
714 2376 826 2411 illicque
841 2378 955 2402 sanctus
974 2373 997 2389 ⁸⁸
1006 2372 1124 2408 gloriose
1139 2371 1415 2407 prmdicabaturﬁl).

161 2435 183 2450 ³⁰
202 2433 267 2461 Luc.
286 2442 305 2466 ι,
324 2434 366 2461 79.
405 2433 427 2449 ³⁸
447 2433 554 2461 Coloss.
570 2433 645 2466 1,15.
685 2433 707 2449 ³⁸
727 2432 828 2468 Ephes.
843 2440 871 2463 ν,
891 2431 915 2468 8.

959 2431 979 2446 ³³
990 2430 1071 2468 Psal.
1087 2437 1170 2461 cxvn,
1186 2429 1232 2468 Ξβ.

123 2472 147 2487 ιο
167 2469 239 2497 Psal.
254 2477 338 2498 cxvn.
358 2469 402 2497 27.
449 2469 469 2484 ²⁷
489 2468 567 2496 Joan.
581 2469 657 2500 1.14.
701 2468 723 2484 ³⁵
742 2467 821 2494 Cant.
840 2475 882 2499 in,
900 2467 943 2493 11.

124 2508 147 2522 δ’
170 2505 240 2532 Psal.
262 2513 320 2536 cui.
337 2506 363 2534 5.
408 2505 431 2521 ⁸³
443 2504 536 2532 Matth.
552 2512 589 2537 xx,
611 2504 654 2531 10.
692 2503 716 2519 ⁸⁸
733 2502 811 2530 Joan.
824 2509 902 2532 xvtu.
917 2502 961 2529 55.

125 2542 148 2557 ⁵⁸
163 2540 214 2570 Isa.
226 2549 263 2573 v1.
276 2542 302 2569 5.

163 2600 218 2635 (20)
235 2599 308 2627 Illud
330 2599 435 2635 quidem
462 2598 627 2626 obumbravit
638 2598 679 2635 ei;
692 2597 740 2623 hoc
757 2604 789 2635 eo:
802 2604 837 2635 ea
856 2602 915 2635 vim:

126 2630 186 2663 nent
199 2630 353 2670 assumpsil.
372 2636 405 2661 Ὃ
420 2635 470 2670 μὲν
485 2634 550 2670 γὰρᾲ
560 2634 722 2670 ἐπεσκίασεν
745 2632 844 2670 αὑτήν·
861 2630 875 2657 ὃ
888 2630 917 2670 ξε

125 2671 273 2706 inpube-rt
289 2665 318 2704 ἐξ
335 2665 428 2706 αὐτῆςξ
439 2665 685 2706 ΑἰτέιτιἮίρειιιζιιιις
697 2665 834 2706 variantes
848 2665 918 2692 titul-

127 2715 171 2734 tas
181 2702 333 2743 lectiones;
351 2702 402 2734 sed
411 2714 461 2740 ego
472 2707 547 2743 hanc
561 2704 642 2743 Βεεῐὶ
667 2703 770 2743 codicis
786 2702 845 2743 vice
859 2708 918 2743 om-

126 2743 205 2770 nium
231 2738 350 2769 arbitror
367 2748 399 2768 ac
420 2738 642 2776 probatissimam
661 2748 668 2765 :
687 2738 837 2776 cpiisimile
861 2739 913 2776 est.

127 2777 356 2813 quodrsuperins
375 2771 677 2813 Αροέιιὶιι-ἅποθνὴσκει
698 2774 713 2799 ὃ
733 2771 916 2813 εγένετρ,.καὶ

127 2807 275 2849 λυτροῖιταῖ
295 2812 321 2849 ὃν
335 2807 456 2849 ὑπῆρχεἶ
482 2810 517 2839 Ut
532 2807 644 2849 ‘ubiq'ue
660 2809 740 2849 'qnod
759 2807 864 2849 esLDei
885 2813 917 2849 ac

129 2842 202 2881 qno'd
220 2848 350 2878 hominis.
365 2842 502 2883 iri'é‘odcm
531 2842 644 2873 Domino
656 2842 720 2871 Jesu
744 2851 775 2870 ac
792 2842 918 2883 Filioqd‘i-

129 2888 253 2920 ttinguat
264 2903 272 2917 ,
290 2891 322 2911 ac
338 2884 436 2917 cuique
447 2882 556 2914 rationi,
575 2886 634 2916 qua:
650 2884 714 2908 sunt
730 2881 850 2914 propria,
867 2881 918 2904 trt-

1007 2430 1071 2472 Psal.
1087 2437 1170 2461 cxvn,
1186 2429 1232 2472 235.
1272 2429 1303 2472 ιζ’
1315 2429 1374 2472 15³.
1389 2427 1512 2472 ινιιιιηί.
1540 2428 1572 2472 ,τ’
1582 2427 1663 2472 ΙΡεειΙ.
1678 2435 1756 2472 utri.

989 2465 1226 2532 ’”ιξίίξέ¹ξ;ι.“ἐίἱ;,ξ·
1270 2465 1294 2515 ῖῖ
1305 2463 1499 2531 ﬁliiﬁlii;
1515 2463 1562 2526 δὲῗ
1577 2462 1699 2526 "filiis:
1711 2464 1755 2525 ἓςὲῑ

970 2594 1044 2620 buat.
1061 2593 1118 2625 Qua
1138 2591 1217 2624 Deus,
1234 2595 1293 2620 erat
1307 2599 1369 2618 cum
1394 2590 1477 2617 Maria
1500 2590 1578 2625 juxta
1593 2588 1679 2623 angeli
1697 2596 1758 2615 ver-

971 2629 1045 2660 bum,
1061 2628 1190 2655 Dominus
1213 2632 1314 2658 tecum,
1343 2631 1488 2660 antequam
1504 2626 1585 2652 ctiam
1601 2625 1758 2651 incarnare—

969 2668 1034 2697 tur;
1051 2664 1164 2698 ipseque
1180 2663 1203 2690 ei
1219 2662 1404 2693 obumbravit,
1422 2666 1451 2698 ut
1466 2661 1526 2688 sine
1546 2660 1645 2687 ardore
1661 2667 1759 2687 concu-

970 2696 1111 2734 ιιίεόοηίίω
1119 2696 1281 2734 Ϊεοιιοὶρετοῑ
1289 2698 1391 2734 ipsum;
1406 2701 1434 2734 ut
1444 2696 1536 2734 homg,
1552 2702 1662 2734 carnem
1680 2702 1716 2734 exh
1726 2702 1757 2734 ea

971 2728 1096 2768 stilltpsit.
1111 2734 1157 2760 Sic
1170 2728 1250 2768 paulo
1260 2728 1373 2768 inferius
1385 2728 1395 2759 ’;
1411 2731 1491 2768 ὃγμὲν
1506 2728 1557 2768 ἦν,
1567 2730 1668 2756 ἔσωσεν
1677 2738 1688 2768 '_
1704 2729 1718 2755 6
1729 2729 1758 2755 δὲ

969 2765 1089 2804 γέγονεν,
1106 2765 1222 2804 {nullst
1245 2767 1321 2800 Quod
1341 2765 1456 2804 eratnid
1477 2765 1532 2804 est,
1542 2766 1629 2798 Deus,
1645 2765 1758 2792 salutem

969 2801 1097 2837 contulit;
1112 2803 1181 2840 quod
1209 2803 1309 2839 factum
1327 2807 1379 2835 est,
1398 2801 1425 2829 id
1444 2806 1497 2833 est,
1526 2801 1624 2834 homo,
1649 2805 1758 2827 mortem

971 2840 1063 2868 subiit.

1009 2875 1064 2912 (2|)
1083 2874 1142 2902 Illic
1157 2880 1264 2902 sanctus
1276 2873 1388 2909 gloriose
1402 2871 1609 2907 pra'dicabatur.
1623 2869 1701 2898 lIunc
1718 2871 1759 2897 lo-
