1967 3075
232 149 279 179 θᾶί

834 156 862 184 S.
883 157 1008 185 PROCLI
1027 157 1080 186 (ΣΡ,
1100 156 1253 184 EPISCOPI
1281 157 1287 161 ’

1803 157 1858 186 699

269 210 303 238 Χ.
320 209 343 238 0
355 211 532 246 mysterium!
554 212 684 241 Miracula
696 214 785 247 video,
801 219 828 243 et
845 215 1019 244 Divinitalem

1107 218 1134 244 l’.
1149 218 1180 243 Ὢ
1192 215 1238 243 τοῦ
1253 215 1414 251 μυστηρίουί
1430 215 1521 251 βλέπω
1531 215 1565 242 τὰ
1577 215 1713 250 θαύματα,
1733 217 1780 242 καὶ
1792 218 1860 244 ἀνα-

234 257 366 291 praedico:
377 258 520 292 passiones
528 265 622 291 cerno,
631 267 680 287 nec
689 260 884 288 humanitatem
899 261 1016 289 inficior.

233 302 360 330 Ceterum
385 302 555 336 Emmanuel,
580 309 685 332 natura:
708 305 816 340 quidem
838 311 932 342 portas
955 315 1019 343 ape-

235 347 292 374 ruit
305 352 334 375 ut
348 348 430 376 homo
442 349 498 384 (22)
511 358 520 382 ;
539 350 704 386 virginitatis
720 355 810 379 autem
823 353 944 381 claustra
964 362 1017 381 non

234 394 346 421 violavit
352 402 439 430 neque
447 395 580 430 perrupit,
589 396 696 424 utDeus
705 406 712 424 :
720 397 786 431 quin
797 398 834 424 ita
842 405 876 425 ex
889 402 967 426 utero
977 403 1019 426 est

236 446 374 474 egressus.
393 440 473 468 sicuti
490 447 636 475 peraurem
645 444 687 468 est
700 441 840 477 ingressus
854 451 860 469 :
877 443 915 470 ita
927 447 1017 476 natus,

237 485 308 513 sicut
324 491 472 520 conceptus
496 485 635 520 Ingressus
647 490 689 514 est
700 487 758 515 sine
770 490 915 522 passione;
928 497 1019 525 egres-

238 538 286 559 sus
312 537 354 559 est
376 532 479 567 absque
502 533 555 559 ulla
583 532 768 567 corruptione,
792 533 871 567 juxta
887 534 959 568 quod
981 535 1020 561 ait

237 577 368 613 propheta
379 577 514 604 Ezechiel:
524 577 656 605 Convertit
668 586 719 610 me,
731 578 830 613 inquit.
845 578 974 606 Dominus
986 579 1020 607 ad

238 623 308 650 viam
316 627 399 655 portat
413 624 561 650 sanctuarii
582 625 721 652 exterioris
743 633 802 659 qua:
817 627 970 660 respiciebat
985 627 1019 653 ad

239 669 378 700 orientem;
392 673 416 696 et
430 668 484 695 Ιιιεε
504 669 598 696 clausa
615 674 681 696 erat.
691 669 725 696 Et
736 670 804 696 dixit
821 671 856 697 ad
872 679 912 698 me
927 671 1020 699 Denti-

237 721 287 740 ηαδ
299 721 308 740 ;
321 712 376 740 Fili
389 713 513 745 hominis,
528 718 605 748 porta
613 713 668 740 lia’c
678 714 770 740 clausa
782 714 843 746 erit,
853 719 877 741 et
893 723 945 741 non
959 723 1020 749 ape-

238 760 338 790 rietur;
356 763 379 785 et
396 759 485 785 nullus
500 759 610 786 transiet
621 766 667 792 per
679 767 752 790 eam;
772 759 816 786 sed
839 760 912 788 solus
930 760 1020 787 Domi-

238 812 287 832 nus
308 804 377 831 Deus
395 803 482 831 Israel
499 812 508 830 :
523 805 578 838 ipse
594 804 755 840 ingredietur
778 809 804 832 et
827 805 982 841 egredietur,
996 811 1021 833 et

237 851 289 877 erit
304 854 380 884 porta
391 850 483 876 clausa
495 850 527 876 δν.
553 850 591 877 En
608 854 700 884 aperte
720 850 885 878 declaratam
899 855 1020 879 sanctam

1069 261 1195 297 κηρύττω
1210 261 1259 296 τὴν
1275 260 1394 294 Θεότητα
1404 269 1411 277 ο
1423 260 1478 296 ὁρῶ
1491 260 1526 286 τὰ
1541 260 1625 296 πάθη,
1640 261 1687 287 καὶ
1705 261 1755 287 οὐκ
1768 261 1859 296 ἀπαρ-

1068 307 1166 342 νοῦμαι
1183 306 1231 341 τὴν
1251 306 1456 341 ἀνθρωπότητα.
1488 305 1556 331 Ἀλλ’
1572 306 1587 332 ὁ
1607 306 1789 341 Ἐμμανουήλ,
1805 306 1859 340 φύ-

1069 358 1137 379 σεως
1150 350 1199 385 μὲν
1226 349 1312 381 πύλας
1340 349 1456 384 ἀνέῳξεν
1478 349 1515 380 ὡς
1535 349 1691 384 ἄνθρωπος·
1708 349 1859 384 παρθενίας

1068 395 1097 422 δὲ
1109 395 1221 431 κλεῖθρα
1233 394 1264 421 ού
1272 395 1412 430 διέρρηξεν
1432 394 1468 426 ὡς
1484 394 1566 425 Θεός·
1585 393 1641 420 ἀλλ’
1656 394 1742 426 οὕτως
1756 396 1787 421 ἐκ
1802 395 1857 430 μή-

1068 449 1136 476 τρας
1150 440 1296 476 προῆλθεν,
1309 440 1346 471 ὡς
1354 440 1388 466 δι’
1400 440 1487 475 ἀκοῆς
1496 439 1619 474 εἰσῆλθεν
1631 448 1638 455 ·
1651 439 1737 470 οὕτως
1747 441 1856 476 ἐτέχθη,

1069 486 1107 518 ὠς
1125 486 1287 522 συνελήφθη.
1314 485 1440 517 Ἀπαθῶς
1463 485 1596 520 εἰσῆλθεν,
1625 486 1772 521 ἀφράστως
1798 486 1857 522 (24)

1070 531 1175 566 ἐξῆλθε,
1196 531 1266 559 κατὰ
1282 530 1328 557 τὸν
1355 531 1498 566 προφήτην
1521 530 1650 564 Ὶεζεκιὴλ
1662 530 1707 556 τὸν
1729 530 1856 564 λέγοντα·

1076 576 1257 610 Ἐπέστρεψέ
1267 585 1314 611 με,
1334 576 1412 611 φησὶ,
1427 576 1534 609 Κύριος
1548 576 1624 602 κατὰ
1643 575 1700 608 τὴν
1713 575 1784 602 ὁδὸν
1803 574 1859 608 τῆς

1071 623 1170 656 πύλης
1182 622 1241 649 τῶν
1254 622 1346 656 ἁγίων
1362 620 1418 655 τῆς
1437 621 1593 655 ἐξωτέρας,
1611 620 1667 653 τῆς
1676 621 1859 654 βλεπούσαις

1071 668 1146 694 κατὰ
1164 666 1324 699 ἀνατολὰς,
1349 667 1398 694 καὶ
1422 666 1497 700 αὕτη
1521 664 1561 701 ἦν
1579 665 1788 700 κεκλεισμένη.
1803 665 1859 692 Καὶ

1071 711 1135 740 εἷπε
1147 713 1253 748 Κύριος
1264 713 1338 746 πρός
1345 720 1397 747 με’
1415 712 1463 739 Υἱὲ
1482 712 1650 746 ἀνθρώπου,
1663 713 1683 746 ἡ
1692 711 1858 745 πύληαῦτη

1071 758 1267 793 κεκλασμένη
1285 759 1385 786 ἔσται·
1399 759 1454 785 οὐκ
1465 757 1676 792 ἀνοιχθήσεται
1689 766 1695 773 ·
1707 758 1808 790 οὐδεὶς
1821 758 1858 784 σὺ

1068 803 1111 839 μὴ
1121 803 1223 838 διέλθῃ
1235 803 1272 830 δι’
1282 803 1386 838 αὐτῆς,
1393 804 1461 830 ἀλλ’
1471 803 1489 838 ἢ
1501 804 1608 837 Κύριος
1618 805 1634 831 ὁ
1644 803 1716 836 Θεὸς
1723 803 1858 837 Ἰσραὴλ.

1069 850 1177 884 μόνος·
1193 849 1284 883 αὐτὸς
1297 849 1500 876 εἰσελεύσεται
1522 849 1572 876 καὶ
1584 849 1784 881 ἐξελεύσεται,
1808 849 1859 875 και

239 895 286 923 Dei
300 895 460 930 genitricem
481 895 603 922 Mariam.
616 895 765 923 Dirimatur
778 904 843 931 ergo
858 896 947 924 omnis
955 905 1021 923 con-

1076 895 1157 922 ἔσται
1170 896 1188 929 ἡ
1200 895 1280 928 πύλη
1295 894 1501 929 κεκλεισμένη,
1519 895 1585 921 Ἰδοὺ
1598 894 1732 928 ἀπόδειξις
1742 895 1860 931 ἐναργὴς

238 941 377 972 tradictio,
402 948 434 967 ac
457 939 661 975 Scripturarum
689 941 813 968 doctrina
836 942 1022 976 illustremur;

239 994 293 1021 quo
309 990 335 1013 et
345 986 476 1013 etelorum
501 993 702 1021 consequamur
723 994 837 1021 regnum
860 988 886 1014 in
900 987 1021 1019 Christo,

239 1033 283 1059 cui
293 1033 379 1067 gloria
391 1031 419 1058 in
431 1031 531 1059 saecula
546 1032 720 1064 saeculorum,
738 1032 833 1059 Amen.

497 1142 556 1177 (εδ)
573 1141 701 1170 ORATIO
719 1143 749 1170 ιι.

239 1201 278 1229 De
297 1200 478 1228 incarnatione
494 1200 600 1227 Domini
622 1201 707 1227 nostri
726 1200 791 1228 Iesu
807 1200 925 1234 Christi,
949 1207 974 1228 et
993 1201 1024 1229 de

556 1236 703 1270 infusoriis.

274 1292 294 1319 l.
314 1292 430 1319 Pulchra
443 1291 552 1327 quidem
563 1296 604 1319 est
617 1293 784 1327 psalmorum
799 1293 876 1328 lyra;
890 1294 1023 1322 divinitus

239 1338 371 1373 inspirata
383 1337 501 1373 Spiritus
513 1338 634 1371 cithara;
649 1338 799 1372 jucundum
815 1339 918 1373 pariter
931 1346 963 1367 ac
974 1343 1025 1367 ter-

239 1383 318 1411 ribile
332 1387 374 1411 est
385 1383 533 1419 prophetiae
545 1383 693 1417 canticum;
710 1383 819 1411 salubre
834 1391 941 1419 semper
949 1385 1024 1417 psal-

239 1436 346 1456 morum
377 1429 479 1460 melos,
507 1429 605 1456 melleo
626 1434 761 1456 concentu
779 1437 830 1457 suo
853 1430 1023 1464 perturbatos

239 1474 353 1502 affectus
369 1474 479 1502 sedans.
496 1473 540 1502 Uti
557 1475 630 1502 enim
649 1473 703 1501 falx
720 1474 753 1502 ad
771 1475 864 1509 spinas
880 1475 970 1508 habet,
985 1475 1024 1502 sic

239 1525 267 1548 et
285 1521 407 1556 psalmus
432 1520 513 1548 habet
536 1520 569 1547 ad
588 1520 739 1548 tristitiam.
765 1519 890 1548 Psalmus
907 1528 1024 1555 namque

1073 939 1122 973 τῆς
1129 938 1209 972 ἁγίας
1224 938 1348 965 θεοτόκου
1360 938 1479 973 Μαρίας.
1497 938 1608 965 Λυέσθω
1621 938 1711 965 τοίνυν
1721 938 1860 971 ἀντιλογία

1074 985 1158 1015 πᾶσα,
1173 985 1219 1011 καὶ
1236 986 1268 1019 τῇ
1284 984 1336 1010 τῶν
1356 984 1470 1020 Γραφῶν
1483 983 1737 1020 καταφωτιζώμεθα
1749 984 1859 1018 γνώσει,

1074 1031 1118 1057 ἶνα
1138 1031 1185 1057 καὶ
1203 1030 1340 1064 βασιλείας
1355 1030 1476 1065 οὐρανῶν
1488 1029 1613 1064 τύχωμεν
1631 1031 1660 1057 ὲν
1671 1030 1791 1066 Χριστῷ,
1842 1030 1860 1064 ἡ

1074 1077 1136 1109 δόξα
1150 1077 1189 1108 εἰς
1199 1077 1262 1109 τοὺς
1275 1077 1375 1108 αἰῶνας
1388 1076 1441 1103 τῶν
1453 1076 1567 1103 αἰώνων.
1586 1077 1680 1112 Ἀμήν.

1396 1145 1503 1172 ΛΟΓΟΣ
1523 1144 1560 1170 B’.

1072 1201 1123 1234 Εἰς
1138 1201 1195 1234 τὴν
1215 1201 1445 1235 ἐνανθρώπησιν
1461 1201 1514 1228 τοῦ
1530 1201 1640 1234 Κυρίου
1660 1199 1744 1234 ἡμῶν
1763 1199 1862 1235 Ἰησοῦ

1179 1235 1319 1270 Χριστοῦ,
1336 1236 1387 1263 καὶ
1401 1238 1445 1270 εἰς
1460 1236 1513 1269 τὰς
1524 1236 1756 1270 ἐπαρυστρίδας.

1110 1293 1148 1322 Α’.
1165 1293 1242 1328 Καλὴ
1263 1293 1312 1329 μὲν
1328 1295 1345 1329 ἡ
1366 1293 1421 1320 τῶν
1441 1293 1556 1329 ψαλμῶν
1573 1293 1642 1329 λύρα
1655 1301 1661 1308 ·
1681 1292 1863 1324 θεόπνευστος

1075 1340 1091 1374 ἡ
1107 1338 1153 1366 τοῦ
1171 1338 1330 1374 Πνεύματος
1352 1338 1469 1374 κιθάρα·
1494 1337 1610 1374 τερπνὸν
1632 1337 1679 1364 καὶ
1700 1337 1815 1373 φοϐερὸν
1832 1337 1864 1364 τὸ

1074 1385 1122 1419 τῆς
1143 1384 1310 1420 προφητείας
1331 1381 1426 1420 ᾆσμα·
1448 1385 1580 1419 σωτήριος
1597 1383 1639 1410 ἀεὶ
1657 1384 1673 1418 ἡ
1698 1383 1863 1418 ψαλμῳδία,

1074 1432 1107 1458 τὰ
1132 1431 1204 1467 πάθη
1228 1429 1435 1466 κοιμίζουσατῇ
1459 1429 1587 1466 μελῳδίᾳ.
1614 1429 1702 1464 Ὅπερ
1722 1429 1776 1464 γάρ
1791 1430 1865 1456 ἐστιν

1075 1477 1206 1508 ἀκάνθαις
1223 1476 1362 1512 δρεπάνη,
1388 1475 1468 1503 τοῦτο
1482 1475 1586 1510 γίνεται
1602 1475 1650 1501 καὶ
1671 1474 1747 1511 λύπῃ
1765 1475 1779 1500 ὁ
1795 1474 1864 1508 ψαλ-

1077 1523 1136 1558 μός.
1156 1522 1271 1557 Ψαλμὺς
1285 1521 1340 1557 γὰρ
1359 1521 1562 1556 μελῳδούμενος
1579 1520 1706 1555 ἐκτέμνει
1724 1519 1845 1554 ἀθυμίας
1856 1527 1863 1535 ·

239 1574 340 1594 canore
363 1566 537 1599 modulatus,
570 1566 654 1593 animi
679 1565 855 1602 mgritudines
883 1570 1024 1601 amputat;

1082 1569 1220 1605 ῥιζοτομεῖ
1232 1568 1281 1600 τὰς
1295 1567 1383 1600 λύπας
1397 1575 1403 1582 ⁸
1423 1565 1621 1601 ἁποσπογγίζει
1641 1566 1675 1592 τὰ
1696 1565 1787 1600 πάθη·
1807 1573 1864 1591 κοι-

239 1619 386 1639 maerorem
404 1611 537 1638 radicitus
556 1611 693 1639 exscindit
710 1620 717 1644 ;
739 1611 961 1645 perturbationes
975 1612 1025 1639 ab-

242 1658 357 1693 stergit;
378 1658 469 1685 luctus
483 1657 578 1691 sedat;
606 1657 806 1685 sollicitudines
821 1662 914 1692 curat;
932 1658 1026 1686 dolore

242 1704 369 1739 fatigatos
392 1708 517 1736 recreat;
545 1708 706 1739 peccatores
730 1703 764 1730 ad
786 1704 1026 1738 compunctionem

241 1751 416 1782 exstimulat;
440 1751 472 1777 ad
491 1750 619 1784 pietatem
637 1751 756 1782 excitat;
774 1749 898 1781 deserta,
918 1750 1026 1776 urbium

241 1795 393 1831 frequentia
408 1802 485 1830 auget
499 1805 506 1829 ;
521 1795 602 1822 urbes
613 1795 769 1830 componit;
782 1795 946 1822 monasteria
961 1802 1027 1822 con-

241 1841 306 1874 fiat;
323 1841 506 1876 virginitatem
530 1841 696 1868 documento
721 1840 819 1873 tradit;
839 1841 1027 1868 mansuetudi-

241 1893 303 1913 nem
319 1887 427 1918 edocet;
444 1886 603 1915 charitatem
615 1885 717 1917 sancit;
728 1886 895 1920 paupertatis
907 1886 1027 1913 studium

242 1931 350 1958 beatum
367 1930 512 1965 praedicat;
531 1930 563 1957 ad
580 1930 737 1965 patientiam
756 1934 914 1965 comparat;
931 1931 958 1958 in
975 1938 1029 1958 cte-

242 1977 299 2003 lum
317 1976 448 2004 sublimes
463 1977 550 2009 tollit;
567 1975 716 2003 Ecclesiam
733 1975 868 2010 frequenti
886 1976 1027 2003 hominum

242 2026 379 2049 conventu
395 2021 504 2056 opplet;
518 2021 685 2049 sacerdotem
699 2025 825 2049 sanctum
842 2021 940 2053 efﬁcit;
954 2021 1028 2057 fugat

244 2067 399 2100 dzemones;
417 2066 509 2094 futura
527 2067 686 2101 prophetat;
702 2066 832 2102 mysteria
848 2067 1027 2101 praenuntiat;

243 2112 403 2140 Trinitatem
418 2113 582 2148 promulgat,
602 2113 697 2140 dicens
718 2120 725 2138 :
741 2111 814 2138 Dixit
834 2112 959 2139 Dominus
973 2112 1027 2139 Do-

243 2160 314 2186 mino
330 2167 395 2190 meo,
414 2159 480 2186 Sede
495 2167 510 2185 a
526 2159 627 2186 dextris
645 2159 718 2190 meis,
734 2159 815 2185 donec
833 2167 928 2192 ponam
940 2159 1029 2185 inimi-

243 2213 286 2231 cos
304 2209 362 2231 tuos
378 2204 521 2231 scabellum
540 2204 636 2238 pedum
653 2209 758 2231 tuorum
780 2205 812 2230 '°.
829 2204 1027 2232 Consessnrem

1079 1614 1151 1648 μίξει
1164 1614 1227 1644 τοὺς
1246 1612 1376 1648 θρήνους·
1395 1612 1550 1647 χειρουργεῐ
1566 1611 1614 1643 τὰς
1632 1610 1775 1646 φροντίδας
1789 1618 1796 1624 ’
1814 1609 1866 1643 ψυ-

1077 1661 1198 1694 χαγωγεῖ
1212 1660 1276 1691 τοὺς
1293 1659 1322 1686 ὲν
1346 1658 1466 1690 ὀδύναις·
1493 1657 1671 1693 ἁμαρτωλοὺς
1697 1656 1864 1689 κατανυγεῖ”

1078 1706 1212 1738 ὲξυπνίζει
1225 1705 1293 1741 πρὸς
1309 1705 1450 1732 εὐσέϐειαν
1464 1713 1470 1719 ·
1486 1704 1604 1740 ἐρημίας
1616 1702 1720 1734 πολίζει
1733 1709 1740 1716 °
1752 1702 1802 1733 τὰς
1816 1701 1865 1727 πό-

1076 1752 1133 1784 λεις
1151 1752 1329 1788 σωφρονίζει·
1348 1752 1492 1787 συγκροτεῖ
1511 1750 1695 1785 μοναστήρια*
1715 1747 1864 1784 παρθενίαν

1078 1797 1244 1833 ὑπαγορεύει
1257 1806 1264 1812 ·
1284 1798 1426 1833 πραότητα
1446 1796 1611 1823 ἐκδιδάσκει·
1636 1793 1777 1829 νομοθετεῖ
1796 1792 1864 1826 ἀγά-

1078 1850 1133 1877 πην
1145 1850 1151 1857 ·
1171 1840 1318 1877 μακαρίζει
1333 1841 1532 1875 φιλοπτωχίαν’
1551 1839 1620 1875 πρὸς
1634 1837 1771 1873 ὑπομονὴν
1792 1836 1866 1863 ἀλει-

1078 1896 1132 1922 φει’
1140 1889 1180 1919 είς
1189 1888 1319 1923 οὐρανοὺς
1331 1886 1500 1922 μετεωρίζει·
1511 1885 1671 1920 στενοχωρεῖ
1688 1883 1863 1918 Ἐκκλησίαν·

1078 1932 1187 1967 ἁγιάζει
1203 1933 1278 1968 ίερέα
1290 1941 1298 1948 ·
1316 1932 1445 1967 δαίμονας
1468 1930 1613 1966 φυγαδεύει
1624 1938 1632 1946 ⁸
1649 1929 1816 1965 προφητεύει
1831 1929 1865 1953 τὶ

1081 1979 1229 2013 μέλλοντα·
1257 1979 1394 2014 μυστήρια
1424 1977 1626 2013 προκηρύττεν
1653 1975 1792 2010 νομοθετεῖ
1817 1974 1866 2009 τὴι

1079 2025 1191 2061 Τριάδα,
1212 2024 1299 2058 λέγων
1311 2032 1317 2038 ·
1334 2022 1428 2050 Εἶπεν
1449 2025 1465 2050 ό
1484 2024 1591 2057 Κύριος
1613 2021 1653 2054 τῷ
1672 2021 1770 2055 Κυρίῳ
1788 2029 1864 2055 μου·

1079 2070 1170 2098 κάθου
1185 2071 1220 2097 ἐκ
1241 2069 1347 2102 δεξιῶν
1363 2079 1440 2104 μου,
1455 2069 1509 2101 ἕως
1529 2069 1567 2095 ἂν
1584 2067 1625 2095 θῶ
1645 2067 1716 2098 τοὺς
1739 2066 1866 2100 ἐχθρούς

1079 2124 1136 2143 σου
1155 2115 1321 2143 ὑποπόδιον
1348 2115 1407 2142 τῶν
1426 2114 1525 2142 ποδῶν
1551 2121 1620 2141 σου.
1650 2111 1797 2147 Σύνθρονον
1820 2111 1866 2137 τὸν

1080 2161 1142 2188 Υἱὸν
1157 2161 1299 2197 ἐκήρυξεν,
1318 2161 1349 2187 οὐ
1370 2160 1522 2195 λειτουργὸν
1538 2160 1583 2185 τὸν
1602 2158 1742 2193 ὁμοούσιον
1758 2155 1866 2190 ἑστηλί-

1079 2213 1170 2231 τευσε.
1186 2205 1235 2231 Δια
1255 2204 1335 2231 τοῦτο
1355 2205 1410 2241 γὰρ
1425 2204 1526 2239 ἀρτίως
1541 2204 1556 2229 ὁ
1577 2202 1709 2238 μακάριος
1724 2199 1806 2226 Δαϐὶδ
1818 2199 1867 2234 τὴν

243 2249 342 2276 Filium
364 2249 524 2285 praedicavit
541 2258 548 2276 :
568 2257 623 2276 non
644 2249 826 2284 ignominioso
843 2251 962 2278 ministri
981 2259 1024 2278 no-

1081 2251 1221 2286 ἀκάματον
1236 2250 1327 2284 φύσιν,
1338 2251 1387 2285 τὴν
1404 2248 1606 2283 παντοδύναμον
1620 2247 1724 2277 οὐσίαν,
1736 2246 1786 2280 τὴν
1799 2245 1868 2279 ἀήτ-

244 2296 318 2323 niine
347 2295 523 2330 Unigenitum
544 2296 656 2322 notavit.
681 2295 767 2329 Quam
787 2303 853 2323 sane
869 2297 905 2322 ob
921 2304 1032 2323 causam

243 2349 331 2376 nuper
347 2341 445 2368 beatus
461 2340 556 2373 David,
573 2341 805 2377 indefatigabilem
821 2341 969 2369 decantatis
984 2349 1032 2368 na-

280 2435 302 2452 "
314 2435 412 2462 Ezeeh.
432 2442 503 2466 xmv,
523 2433 547 2465 l,
563 2433 591 2461 2.
628 2434 651 2450 ⁵ο
673 2431 744 2460 Psal.
765 2440 820 2464 cu,
838 2433 866 2460 5.

244 2524 305 2544 cum
328 2516 406 2543 all'ert
433 2514 619 2541 Damascenus
637 2514 751 2549 epistola
765 2513 804 2540 De
813 2513 936 2548 trisagio.
949 2520 1028 2549 quem

245 2550 450 2586 Theopascliitae
472 2550 620 2586 obiicerem
636 2547 662 2580 ,’
675 2550 753 2576 aliter
781 2549 900 2586 legentes
923 2547 965 2574 ac’
981 2547 1029 2574 lia—

245 2584 327 2615 bcant
345 2585 426 2612 modo
448 2584 576 2611 codices:
594 2592 689 2618 nempe
714 2588 754 2611 ter
774 2584 915 2618 repetitam
936 2590 1029 2618 vocem

245 2623 336 2655 ἅγιος·
364 2625 393 2646 ut
425 2627 512 2652 neque
539 2619 584 2646 illa
602 2617 691 2655 littera
711 2617 968 2655 improbandasit,»
982 2617 1029 2645 sed

245 2652 375 2684 duntaxat
387 2655 574 2681 hatreticorum
593 2654 681 2681 malus
698 2652 774 2686 usus,
786 2661 818 2680 ac
831 2652 903 2688 quod
919 2653 1028 2682 vellent.

246 2693 284 2719 ita
312 2691 339 2718 in
351 2690 449 2717 Filium
465 2690 561 2716 referri
586 2690 637 2716 hoc
658 2689 796 2716 canticum
810 2710 817 2720 ,
833 2692 862 2715 ut
882 2689 1029 2714 nonetiam

246 2727 380 2754 referatur
395 2725 421 2751 in
435 2724 542 2752 Patrem
556 2729 583 2751 et
596 2723 876 2758 Spiritumsanctum;
897 2722 968 2757 quod
982 2723 1032 2749 fal-

246 2769 307 2789 Ium
324 2761 408 2794 liquet
423 2767 455 2786 ex
471 2760 530 2786 aliis
542 2757 658 2793 aliisque
672 2759 738 2785 locis
760 2758 920 2793 Scriptum,
930 2757 1032 2792 quibus

247 2796 299 2824 alia
315 2795 421 2829 aliaque
437 2802 551 2828 persona
567 2795 726 2829 apparuisse
744 2794 853 2820 dicitur.

283 2831 339 2863 (‘22)
355 2828 460 2863 Aperui,
477 2836 504 2856 ut
532 2828 619 2856 Itonia.
648 2829 693 2855 Sic
717 2829 774 2863 ipse
791 2828 964 2862 exposuerim
981 2837 989 2863 εν
1004 2831 1033 2854 ιιι

248 2869 370 2902 spectata
388 2864 496 2899 quidem
520 2869 624 2892 natura:
646 2862 772 2891 humana:
796 2864 963 2897 conditione,
980 2862 1033 2890 Do-

1081 2305 1161 2332 τητον
1179 2296 1314 2331 βούλησιν,
1331 2296 1379 2332 τὴν
1396 2297 1433 2332 μὴ
1450 2295 1632 2331 βραδύνουσαν
1650 2293 1740 2328 χάριν.
1755 2291 1802 2318 τὸν
1818 2291 1867 2316 αὑ-

1083 2342 1178 2378 θέντην
1194 2342 1370 2378 δημιουργὸν,
1384 2343 1430 2369 τὸν
1455 2341 1628 2373 αὐτεξούσιον
1649 2339 1724 2370 Υίὸν,
1740 2338 1786 2364 τὸν
1799 2337 1868 2363 ὐπο-

1079 2513 1170 2539 minus
1181 2511 1289 2539 vulvam
1307 2515 1452 2546 aperturus
1473 2512 1562 2546 esset;
1578 2512 1605 2535 at
1627 2511 1790 2546 non_tamen
1804 2513 1868 2546 ape-

1079 2549 1165 2574 ruerit
1192 2542 1448 2582 potentia'deitatis
1463 2565 1470 2577 .
1502 2544 1535 2571 ad
1564 2550 1646 2578 quam
1670 2542 1869 2582 claustraipsa

1080 2580 1200 2617 perinde
1209 2581 1307 2617 habent
1326 2588 1358 2608 ac
1375 2580 1508 2617 siaperta
1520 2582 1613 2607 essent
1627 2585 1633 2603 :
1652 2584 1713 2612 qua:
1727 2581 1770 2603 est
1783 2580 1866 2603 etiam

1078 2615 1214 2651 expositio
1230 2615 1422 2651 Amphilochii.
1544 2649 1549 2651 ν
1615 2647 1631 2651 _
1688 2645 1733 2651 ν,
1796 2649 1801 2651 Α
1859 2644 1866 2651 .

1132 2625 1214 2644 OSlllo
1230 2625 1422 2650 Δηιριιιιοειιιι.

1114 2625 1171 2714 ζῖὅ)
1184 2651 1275 2679 Edidit
1290 2650 1440 2678 Riccardus
1451 2657 1482 2677 ex
1495 2644 1866 2689 antiquoCryptwferratensi

1134 2688 1175 2714 ice
1183 2709 1190 2714 .
1201 2687 1264 2714 stilo
1276 2686 1453 2714 scommatico
1464 2693 1495 2712 ac
1505 2685 1638 2714 Dolenuco
1647 2690 1673 2709 ιιι
1681 2681 1800 2710 Judazos.
1810 2687 1866 2708 Sive

1079 2681 1175 2714 codice
1183 2709 1190 2718 .
1201 2687 1264 2714 stilo
1276 2686 1453 2714 scommatico
1464 2693 1495 2712 ac
1505 2681 1638 2716 pole‘mico
1647 2681 1800 2718 inludaaos.
1810 2681 1868 2708 sive

1081 2722 1164 2749 etiam
1180 2715 1337 2746 Judazorum
1354 2719 1462 2744 nomine
1480 2718 1506 2743 in
1523 2717 1644 2743 aSseclas
1659 2715 1840 2741 Nestorianos
1857 2723 1864 2740 :

1081 2760 1164 2782 totum
1179 2754 1277 2785 Procli,
1297 2757 1326 2780 ut
1351 2757 1424 2789 patet
1439 2753 1585 2779 excreliro
1608 2758 1660 2777 usu
1676 2750 1752 2789 vocis
1772 2749 1866 2789 μορφὴ

1079 2797 1105 2818 et
1129 2789 1234 2824 σχῆμα,
1254 2789 1314 2816 ἀντὶ
1330 2785 1438 2824 φύσεως
1454 2795 1534 2824 quem
1558 2791 1672 2814 sanctus
1695 2785 1866 2820 Ephmmius

1082 2826 1153 2861 apud
1169 2823 1296 2861 Photiuni
1310 2824 1361 2857 ipsi
1371 2823 1484 2861 tribuit.

1117 2860 1174 2895 ('24)
1195 2859 1257 2895 Leg.
1276 2867 1337 2886 cum
1353 2858 1414 2886 aliis
1428 2857 1580 2893 ἁφθάρτως.
