1967 3075
227 156 280 187 (95

807 164 836 192 S.
859 164 984 192 PROCLI
1002 165 1055 193 ΟΡ.
1075 166 1231 195 EPISCOPI

1798 169 1851 197 696

226 224 322 252 nempe
331 217 468 245 hominem
480 226 489 250 ;
501 219 661 254 protoplasti
675 224 792 252 uterum,
802 226 882 249 terrm
896 223 1009 258 virginis

1063 225 1206 262 ἄνθρωπον
1231 226 1316 260 λέγω·
1339 226 1385 253 καὶ
1413 227 1519 263 μήτραν
1547 227 1594 253 τοῦ
1620 227 1849 263 πρωτοπλάστου,

226 263 364 297 pulverem
380 262 478 290 ell‘ecit.
496 263 731 297 Quemadmodum
748 267 820 294 enim
837 266 863 294 in
879 271 958 295 utero
967 268 1013 296 de-

227 307 345 334 mittitur
364 316 475 340 scmen;
492 310 627 345 efﬁngitur
647 318 764 346 corpus;
781 312 945 341 informatur
969 314 1012 341 Iit-

228 357 283 379 tum
293 362 301 386 ;
313 353 450 381 animatur
461 362 541 389 caro;
555 356 732 384 constituitur
743 357 956 391 animal;exsilit
965 360 1012 394 qui

226 403 268 426 est
277 399 309 426 ad
320 400 534 436 imaginem(£7);
543 402 646 437 paritur
657 403 744 435 ratio;
757 409 904 440 manetque
914 405 1012 432 nihilo-

227 445 319 472 minus
333 447 411 473 testis
426 454 523 481 expers
536 448 700 481 etTormatio,
723 457 755 477 ac
776 451 918 486 generatio
933 452 1012 479 inex-

227 491 364 525 plicabilis
380 501 387 518 :
409 492 449 519 sic
467 493 493 519 in
509 494 678 529 protoplasto
695 495 798 529 Adam,
812 505 862 531 pro
881 498 1011 530 matrice,

227 536 325 564 divina:
351 537 460 565 fuerunt
475 547 592 573 manus;
609 549 657 575 pro
671 542 775 569 semine
787 563 794 574 ,
810 547 936 572 terrenus
950 545 1012 580 pul-

227 584 278 616 vis;
297 592 345 619 pro
359 585 512 618 mensibus.
531 587 681 615 conditoris
697 589 852 621 aeternitas;
871 598 920 625 pro
934 591 1013 618 dolo-

227 629 315 662 ribus,
334 630 436 658 ﬁctoris
457 631 663 666 impatibilitas;
678 641 728 668 pro
745 638 836 668 partu.
855 635 948 663 divina
966 637 1012 663 in-

228 675 363 708 suﬁIatio;
383 684 432 711 pro
449 677 536 709 lacte,
554 678 674 712 paradisi
696 679 757 707 fons
771 688 779 711 ;
795 688 844 715 pro
870 681 1010 715 alimento,

228 729 321 749 mensa
349 723 424 749 nullo
442 723 533 751 labore
551 730 728 759 comparata;
749 734 800 760 pro
820 727 918 760 forma,
936 729 1012 763 prin-

227 768 296 802 cipis
306 769 470 804 exemplaris
482 769 589 804 imago;
605 779 654 805 pro
664 771 807 807 dignitate.
820 773 1012 804 immortalitas

229 822 276 849 per
288 814 421 850 gratiam;
442 823 490 850 pro
507 817 636 849 subditis,
649 825 703 844 una
718 826 780 845 cum
797 827 829 846 eo
842 819 934 848 ﬁctum
953 822 1012 849 ani—

228 860 292 887 mal.
308 860 347 887 Ac
363 864 457 894 partus
471 860 597 895 quidem,
622 862 711 896 qualis
730 868 788 890 erat
804 865 949 896 formatio.
965 874 1012 893 ex-

1062 273 1107 298 τὸν
1126 272 1189 308 χοῦν
1203 273 1330 308 ἐποίησεν
1347 274 1379 299 ἐκ
1395 274 1448 308 γῆς
1464 274 1652 310 ἀγεωργήτου.
1671 275 1777 310 Ὥσπερ
1796 274 1851 310 γὰρ

1063 318 1092 344 ὲν
1111 319 1202 354 μήτρᾳ
1219 318 1417 346 καταϐάλλεται
1437 319 1549 356 σπέρμα
1561 327 1567 334 ·
1591 319 1784 347 διαπλάττεται
1799 321 1852 347 σῶ-

1064 373 1102 399 μα
1114 372 1122 380 ”
1141 364 1293 400 μορφοῦται
1317 367 1331 392 6
1357 365 1442 401 πηλός
1455 374 1462 381 ·
1483 366 1616 401 ψυχοῦται
1641 368 1658 402 ἡ
1678 367 1763 402 σάρξ·
1783 367 1852 393 ἀπο-

1062 410 1180 437 τελεῖται
1197 411 1228 437 τὺ
1245 411 1299 443 ζῶν
1311 419 1319 427 ⁸
1342 413 1440 448 σκιρτᾷ
1460 413 1474 439 6
1493 413 1553 439 κατ’
1574 413 1683 439 εἰκόνα·
1700 414 1822 439 τίκτεται
1838 413 1853 439 6

1062 456 1149 491 λόγος,
1163 457 1211 483 καὶ
1225 457 1383 492 άμάρτυρος
1401 457 1476 492 μένει
1488 458 1504 492 ἠ
1519 458 1673 490 διάπλασις,
1685 458 1853 494 ἀνερμήνευ-

1062 511 1107 534 to;
1121 503 1149 529 δὲ
1164 504 1180 537 ἡ
1193 502 1320 537 γέννησις
1332 511 1337 517 ·
1353 503 1440 535 οὕτως
1452 504 1499 530 καὶ
1518 505 1564 530 ἐπὶ
1576 504 1623 530 τοῦ
1639 505 1852 540 πρωτοπλάστου

1068 547 1166 582 ’Δδάμ’
1183 547 1244 574 ἀντὶ
1259 548 1375 583 μήτρας,
1388 549 1416 574 αἱ
1432 548 1502 574 θεῖαι
1521 549 1648 583 γεγόνασι
1665 550 1754 585 χεῖρες
1764 558 1771 564 ·
1788 549 1850 576 ἀντὶ

1063 593 1230 628 σπέρματος,
1248 594 1262 619 6
1277 594 1371 628 γήϊνος
1392 593 1456 628 χοῦς
1467 601 1474 609 ·
1495 594 1555 620 ἀντὶ
1574 594 1677 630 μηνῶν,
1694 594 1724 620 τὸ
1737 593 1854 630 ἄχρονον

1063 638 1109 665 τοῦ
1130 639 1292 674 ποιήσαντος
1304 648 1310 654 ·
1329 640 1390 666 ἀντὶ
1407 639 1528 672 ὠδίνων,
1547 639 1578 666 τὺ
1592 640 1696 672 ἀπαθὲς
1713 640 1760 667 τοῦ
1784 641 1856 668 πλά-

1063 691 1175 714 σαντος·
1194 684 1254 709 ἀντὶ
1273 683 1363 715 τόκου,
1389 683 1420 709 τὸ
1437 683 1509 709 θεῖον
1531 683 1702 719 ἐμφύσημαο
1725 685 1786 711 ἀντὶ
1803 685 1856 719 γά-

1062 729 1179 760 λακτος,
1198 730 1214 764 ἡ
1236 728 1311 764 πηγὴ
1338 728 1385 755 τοῦ
1402 728 1569 764 παραδείσου
1595 738 1601 745 ·
1614 730 1674 756 ἀντὶ
1696 730 1811 765 τροφῆς,
1835 731 1854 766 ἠ

1062 774 1180 810 ἄμοχοος
1195 774 1321 810 τράπεζα
1332 783 1338 790 ·
1359 775 1419 802 ἀντὶ
1438 776 1555 811 μορφῆς,
1579 776 1596 811 ὴ
1613 775 1694 802 εἰκὼν
1708 776 1755 802 τοῦ
1770 777 1855 811 ἀρχε-

1062 820 1150 846 τύπου
1164 828 1170 834 ·
1189 821 1250 847 avri.
1270 819 1442 855 ἀξιώματος,
1462 820 1492 846 τὸ
1508 820 1579 847 κατὰ
1598 821 1678 856 χάριν
1701 820 1854 848 ἀθάνατον·

1063 867 1124 893 ἀντὶ⁸
1137 866 1276 901 ὑπηκόων,
1291 866 1322 892 τὸ
1340 866 1516 901 συμπλασθὲν
1532 866 1611 898 ζῶον.
1628 866 1680 893 Καὶ
1692 867 1790 901 γέγονε
1805 866 1858 902 μὲν

227 906 313 937 stitit;
331 913 448 940 eumque
465 906 589 934 molestia
609 909 684 934 nulla
702 909 813 936 violavit
836 915 883 937 aut
906 910 1009 938 infecit.

1063 913 1077 938 6
1095 912 1166 938 κατὰ
1180 911 1325 938 διάπλασιν
1339 911 1418 943 τόκος
1428 920 1435 927 ·
1452 912 1576 946 κάματος
1592 911 1631 944 δὲ,
1647 912 1693 939 τὸν
1707 912 1786 938 τόκον
1805 912 1857 947 οὐχ

229 950 396 978 Erubeseant
409 951 506 985 Judaei,
521 953 567 988 qui
582 954 740 989 virginalem
752 960 860 990 partum
874 957 1012 984 insectan-

227 1002 271 1024 tur
285 1006 318 1025 ac
333 998 458 1031 irrident,
476 999 599 1028 dicentes
616 1011 622 1028 :
641 1002 669 1028 Si
684 1002 760 1037 virgo
779 1003 892 1037 peperit.
910 1011 1013 1038 nequa-

225 1053 307 1079 quam
326 1046 402 1080 virgo
419 1047 578 1080 permansit.
598 1046 680 1075 Miser
698 1055 730 1075 ac
746 1048 840 1076 inl‘elix
858 1058 864 1076 :
880 1049 965 1076 Adam
983 1051 1011 1077 in

227 1091 357 1118 mundum
370 1091 520 1126 productus
532 1097 585 1125 est,
601 1100 651 1119 nec
664 1093 718 1119 ulla
733 1094 857 1121 molestia
873 1099 920 1121 aut
936 1095 1011 1123 labes

225 1137 396 1164 eﬂ‘ormatum
406 1137 499 1165 inl‘ecit
511 1147 518 1165 :
534 1137 642 1173 Deoque
656 1147 739 1168 carne
749 1144 825 1173 nato,
840 1145 936 1176 partus
947 1149 1008 1168 cor-

225 1184 378 1218 ruptionem
397 1185 534 1212 sustinere
556 1185 697 1212 debuerit?
715 1185 820 1214 Idcirco
837 1188 909 1214 enim
929 1188 1012 1215 Chri-

224 1235 285 1257 stus
307 1230 437 1258 Dominus
464 1232 601 1260 secundus
626 1232 710 1259 Adam
728 1233 880 1260 secundum
899 1242 1009 1262 carnem

224 1275 314 1303 dictus
335 1280 376 1304 est
394 1277 522 1311 quoniam
539 1278 562 1305 is
577 1279 622 1313 qui
638 1279 789 1314 praecessit,
806 1279 912 1314 primus
923 1279 1009 1307 Adam

223 1321 325 1349 Christi
342 1322 448 1350 Domini
465 1324 549 1359 ﬁgura
566 1324 622 1352 fuit.
654 1325 788 1352 Nimirum
807 1326 894 1352 lutum
914 1326 1010 1353 adum-

225 1368 314 1395 bravit
347 1369 468 1404 ﬁgulum.
493 1370 627 1398 Adamum
653 1377 744 1400 autem
770 1372 873 1400 Christi
895 1372 1008 1408 ﬁguram

223 1415 358 1449 gessisse,
378 1416 441 1443 audi
461 1425 494 1444 ex
517 1417 596 1444 beato
617 1417 702 1445 Paulo
723 1419 832 1446 dicente
853 1428 858 1446 :
885 1419 1010 1453 Regnavit

223 1470 294 1489 mora
309 1463 342 1489 ab
363 1462 447 1490 Adam
462 1471 543 1498 usque
562 1464 597 1491 ad
615 1465 741 1500 Moysen.
763 1468 843 1493 etiam
862 1467 889 1493 in
904 1475 947 1493 eos
965 1468 1011 1501 qui

223 1515 274 1534 non
301 1514 473 1543 peccaverunt
496 1510 524 1536 in
549 1510 752 1538 similitudinem
780 1513 1010 1546 praevaricationis

222 1552 306 1584 Adae;
322 1554 366 1587 qui
382 1558 421 1581 est
438 1554 526 1588 forma
545 1556 630 1589 futuri
644 1557 677 1583 ".
696 1556 931 1590 Quemadmodum
948 1565 1010 1585 vero

1063 957 1184 993 ὕϐρισεν.
1213 957 1438 992 Αἱσχυνέσθωσαν
1474 957 1610 983 Ἰουδαίων
1628 957 1732 989 παῖδες,
1754 957 1780 983 οἱ
1805 956 1858 991 τὴν

1062 1004 1230 1039 παρθενικὴν
1244 1003 1327 1029 ὠδῖνα
1341 1003 1526 1038 διασύροντες,
1538 1003 1561 1029 οἱ
1573 1003 1698 1037 λέγοντες
1708 1011 1714 1017 ·
1733 1002 1763 1028 Εἰ
1777 1003 1857 1029 ἔτεκε

1062 1049 1207 1085 παρθένος,
1234 1050 1284 1075 οὐκ
1300 1049 1392 1084 ἔμεινε
1415 1048 1560 1084 παρθένος.
1581 1048 1674 1075 Ἀθλιε
1692 1049 1739 1075 καὶ
1763 1048 1857 1075 ταλαί-

1061 1104 1147 1131 πωρε,
1164 1097 1178 1122 6
1190 1095 1275 1130 ’Λδὰμ
1291 1096 1330 1127 εἰς
1343 1095 1388 1121 τὸν
1403 1095 1504 1129 κόσμον
1516 1094 1654 1130 παρήχθη,
1671 1095 1717 1121 καὶ
1732 1095 1858 1130 κάματος

1060 1141 1110 1175 τὴν
1137 1140 1280 1166 διάπλασιν
1306 1140 1355 1174 οὐχ
1382 1139 1507 1175 ὕϐρισεν·
1535 1140 1550 1165 6
1574 1139 1640 1170 Θεὸς
1667 1139 1737 1165 κατὰ
1766 1139 1857 1175 σάρκα

1062 1186 1192 1221 ἐγεννήθη
1205 1206 1212 1217 ,
1230 1185 1276 1212 καὶ
1291 1185 1395 1221 φθορὰν
1414 1185 1428 1211 6
1443 1185 1523 1216 τόκος
1541 1185 1688 1219 ὑπέμεινε;
1708 1185 1757 1211 Διὰ
1776 1185 1858 1211 τοῦτο

1060 1233 1114 1268 γὰρ
1132 1232 1178 1258 καὶ
1206 1231 1332 1267 δεύτερος
1361 1231 1447 1266 Ἀδὰμ
1464 1231 1536 1258 κατὰ
1561 1231 1652 1267 σάρκα
1677 1232 1691 1257 6
1716 1231 1857 1266 Δεσπότης

1061 1278 1193 1313 Χριστός·
1213 1278 1306 1312 ἐπειδὴ
1328 1278 1342 1303 ὁ
1365 1276 1507 1312 προλαϐὼν
1533 1277 1619 1312 Ἀδὰμ
1638 1277 1723 1308 τύπος
1739 1277 1786 1303 τοῦ
1807 1278 1858 1303 Δε-

1061 1325 1160 1351 σπότου
1178 1323 1306 1360 Χριστοῦ.
1332 1324 1567 1360 Ἐσκιογράφησεν
1592 1325 1606 1350 ὁ
1627 1324 1713 1360 πηλὸς
1734 1324 1780 1350 τὸν
1807 1332 1855 1350 κε-

1062 1370 1161 1405 ραμέα.
1182 1370 1244 1396 Ὅτι
1255 1370 1283 1396 δὲ
1303 1369 1387 1401 τύπος
1403 1367 1448 1405 ἦν,
1464 1371 1546 1397 ἄκουε
1564 1369 1611 1396 τοῦ
1629 1369 1766 1405 μακαρίου
1782 1369 1856 1396 Παύ-

1059 1417 1106 1443 λου
1133 1417 1273 1452 λέγοντοςπ
1298 1417 1516 1443 Ἐϐασίλευσεν
1539 1418 1556 1444 ὁ
1579 1416 1708 1449 θάνατος
1724 1416 1784 1443 ἀπὸ
1801 1415 1856 1442 τοῦ

1067 1464 1153 1499 Ἀδὰμ
1166 1463 1254 1498 μέχρι
1268 1463 1434 1496 Μωῠσέως,
1449 1463 1497 1489 καὶ
1512 1463 1560 1490 ἐπὶ
1578 1463 1649 1496 τοὺς
1662 1462 1706 1497 μὴ
1723 1462 1855 1497 ἀμαρτὴ»

1061 1518 1177 1542 curtae
1188 1510 1237 1536 ἐπὶ
1250 1509 1290 1542 τῷ
1299 1509 1458 1544 ὁμοιώματι
1467 1509 1522 1543 τῆς
1535 1509 1731 1543 παραϐάσεως
1749 1507 1853 1542 Ἀδὰμ,

1062 1555 1095 1588 ὅς
1107 1556 1172 1582 ἐστι
1189 1556 1283 1588 τύπος
1302 1555 1355 1582 τοῦ
1370 1555 1549 1589 μέλλοντος.
1566 1555 1619 1581 Καὶ
1635 1555 1708 1586 ὅπως
1722 1553 1806 1585 τύπος
1821 1551 1854 1588 ἦν

221 1598 353 1631 Adamus,
380 1600 480 1627 Christi
511 1601 616 1628 Domini
642 1602 726 1638 ﬁgura
750 1602 832 1631 fuerit
859 1604 1009 1632 secundum

1062 1602 1076 1627 6
1095 1601 1180 1636 Ἀδὰμ
1193 1601 1239 1627 τοῦ
1251 1601 1387 1627 Δεσπότου
1403 1600 1521 1636 Χριστοῦ
1537 1601 1608 1627 κατὰ
1626 1601 1731 1636 σάρκα,
1753 1600 1854 1627 ἄκουεν

221 1651 343 1677 tamen),
364 1646 468 1681 accipe.
488 1646 601 1679 Servus,
619 1652 723 1675 natura:
751 1649 914 1684 principium
936 1651 1006 1685 (28);

222 1691 356 1721 Dominus
374 1694 587 1722 interminabilis
604 1695 770 1730 principium
791 1695 861 1722 vitae.
877 1696 1010 1723 Eﬂ‘orma-

221 1743 287 1767 runt
299 1739 374 1767 illum
391 1740 489 1768 divinm
509 1749 624 1773 manus;
646 1741 704 1773 hic,
723 1750 775 1776 qua
789 1743 864 1769 novit
882 1743 940 1777 ipse
964 1751 1006 1769 nt-

221 1786 306 1818 tione,
318 1794 428 1814 carnem
443 1786 495 1814 sibi
510 1787 644 1822 adiunxit.
657 1787 702 1815 Ille
717 1788 750 1814 ad
764 1789 906 1824 imaginem
921 1789 1008 1817 tactus

221 1835 283 1864 est;
312 1832 357 1860 hic
375 1832 434 1867 ipsa
454 1836 495 1860 est
511 1834 633 1861 increala
649 1834 747 1870 imago.
765 1834 811 1862 Ille
825 1843 873 1870 per
891 1835 1011 1863 insuma-

221 1878 324 1904 tlonem
339 1878 476 1905 animatus
493 1881 550 1911 est;
567 1878 611 1905 hic
625 1879 652 1906 in
668 1879 740 1907 servi
765 1880 852 1907 forma
867 1881 942 1909 visus
957 1887 1008 1909 est.

222 1923 298 1951 lltius
325 1924 424 1951 domus
443 1917 664 1959 est'paradisus:
688 1926 788 1960 hujus.
810 1927 909 1954 coelum
931 1929 1010 1956 se-les

221 1977 275 1999 est.
291 1971 339 1998 Ille
356 1971 450 2006 lingua
464 1975 504 1999 est
526 1975 673 2004 creaturae;
689 1972 749 2004 hic,
771 1977 853 2007 caput
870 1973 1008 2001 Ecclesiae.

221 2019 268 2046 Ille
287 2025 399 2045 manum
421 2018 449 2044 in
471 2018 597 2045 arborem
612 2019 755 2051 extendit,
777 2024 947 2054 mortemque
963 2020 1010 2047 de-

221 2065 324 2099 cerpsit
340 2065 415 2094 "-”;
431 2064 476 2091 hic
491 2071 588 2091 manus
611 2064 638 2091 in
662 2071 744 2092 cruce
766 2065 906 2100 expandit,
930 2074 1009 2092 mun-

220 2110 341 2145 dumque
355 2111 380 2138 in
393 2111 474 2138 ulnas
484 2112 589 2146 accepit
602 2121 608 2139 :
623 2120 655 2138 ac
668 2113 769 2139 clamat
781 2112 808 2138 in
826 2111 981 2147 Evangeliis
1001 2123 1006 2140 :

219 2156 287 2184 Cum
298 2157 432 2184 exaltatus
446 2157 531 2192 fuero,
540 2158 629 2184 omnia
642 2159 746 2185 trahant
757 2158 790 2184 ad
800 2166 840 2185 me
852 2159 936 2192 ipsum
949 2159 1006 2185 ‘J".

219 2203 267 2230 Ille
286 2203 427 2230 mulierem
449 2204 544 2231 habuit
562 2203 781 2236 insidiatricem;
810 2204 854 2231 hic
878 2205 905 2231 iu
922 2205 1010 2231 thala-

1067 1647 1097 1674 Ὀ
1109 1647 1211 1679 δοῦλος,
1225 1647 1332 1682 φύσεως
1349 1647 1420 1682 ἀρχή
1431 1655 1437 1662 ·
1451 1648 1465 1674 6
1479 1648 1628 1683 Δεσπότης,
1640 1647 1712 1682 ἀρχὴ
1727 1647 1799 1682 ζωῆς
1811 1647 1855 1673 τέ-

1060 1694 1106 1725 λος
1130 1693 1167 1728 μὴ
1186 1693 1311 1728 ἐχούσης.
1340 1694 1459 1720 Ἐκεῖνον
1475 1694 1502 1720 αἱ
1521 1693 1592 1720 θεῖαι
1609 1695 1699 1729 χεῖρες
1714 1693 1854 1719 ἔπλασαν

1061 1739 1147 1772 οὗτος,
1163 1740 1201 1772 ὡς
1215 1738 1296 1771 οἶδεν,
1321 1740 1415 1766 ἑαυτὸν
1432 1741 1599 1776 ἐσάρκωσεν.
1621 1741 1740 1771 Ἐκεῖνος
1756 1739 1854 1774 γέγονε

1061 1787 1121 1813 κατ’
1145 1787 1252 1813 εἰκόνα·
1282 1783 1370 1818 οὗτος,
1397 1786 1478 1812 εἰκὼν
1504 1786 1640 1818 ἅκτιστος.
1668 1787 1789 1818 Ἐκεῖνος
1819 1786 1854 1812 δι’

1060 1833 1170 1868 ὲμφυσή
1176 1841 1257 1868 ματος
1266 1832 1393 1868 ἐψυχώθη
1409 1841 1416 1848 ·
1429 1829 1507 1864 οὗτος
1518 1834 1546 1858 ἐν
1556 1833 1649 1859 δούλου
1660 1834 1751 1868 μορφῇ
1763 1832 1852 1866 ὼφθη.

1067 1878 1187 1905 Ἐκεινου
1200 1880 1214 1904 6
1227 1878 1390 1914 παράδεισος
1404 1877 1477 1910 οἶκος
1488 1887 1495 1895 ·
1510 1878 1606 1905 τούτου
1632 1880 1645 1905 6
1662 1879 1777 1914 οὐρανὸς
1792 1878 1852 1914 9ρό-

1060 1934 1116 1957 νος.
1144 1926 1262 1957 Ἐκεῖνος
1283 1926 1392 1960 γλῶττα
1408 1926 1457 1961 τῆς
1474 1926 1588 1956 κτίσεως
1600 1934 1606 1940 ·
1633 1924 1710 1957 οὗτος
1721 1947 1728 1958 ,
1746 1926 1854 1960 κεφαλὴ

1059 1973 1110 2007 τῆς
1133 1972 1306 2008 Ἐκκλησίας.
1329 1973 1447 2004 Ἐκεῖνος
1464 1973 1514 2008 τὴν
1527 1974 1606 2007 χεῖρα
1623 1973 1663 2004 εἰς
1682 1972 1790 2007 δένδρον
1811 1972 1854 2003 ἐξ·

1060 2018 1156 2047 έτεινε.
1183 2019 1230 2045 καὶ
1248 2018 1360 2045 Θάνατον
1383 2018 1554 2054 ἐτρύγησεν·
1581 2016 1657 2050 οὗτος
1682 2018 1731 2049 τὰς
1759 2019 1853 2053 χεῖρα(

1059 2065 1187 2100 ἥπλωσεν
1203 2067 1231 2092 ὲν
1247 2065 1285 2100 τῷ
1302 2065 1411 2100 σταυρῷ
1424 2085 1431 2097 ,
1450 2066 1497 2092 καὶ
1512 2065 1556 2092 τὸν
1577 2064 1680 2100 κόσμον
1708 2064 1853 2099 ὲνηγκαλί-

1061 2120 1140 2137 σατο·
1155 2112 1201 2138 καὶ
1217 2111 1267 2146 βοᾷ
1283 2112 1312 2137 ὲν
1327 2111 1518 2146 Εὐαγγελίοις·
1536 2111 1629 2138 ’Ὅταν
1642 2110 1764 2144 ὑψωθῶ,
1778 2109 1854 2136 πάν-

1060 2166 1113 2191 τας
1128 2158 1249 2185 ἑλκύσω
1263 2159 1337 2192 πρὸς
1347 2147 1486 2193 ἐμαυτόν.
1509 2158 1628 2189 Ἐκεῖνος
1645 2158 1762 2191 γυναῖκα
1773 2157 1853 2190 ἔσχεν

1061 2204 1201 2231 ἐπίϐουλον
1211 2212 1218 2219 ’
1229 2202 1305 2236 οὗτος
1318 2204 1454 2240 Παρθένον
1470 2204 1533 2239 ἔσχε
1545 2204 1676 2239 θάλαμον.
1694 2203 1747 2229 Τοῦ
1766 2202 1854 2237 Ἀδὰμ

220 2256 293 2275 IIIIIIII
312 2249 406 2276 habuit
425 2249 572 2284 Virginem.
596 2250 702 2277 Adamn
715 2251 859 2277 dormienti
879 2252 1003 2285 adempta

1062 2249 1236 2281 καθεύδοντος
1257 2250 1273 2285 ἡ
1297 2250 1402 2285 πλευρά
1421 2250 1559 2285 ἀφῃρέθη,
1586 2250 1633 2275 καὶ
1656 2248 1819 2284 ᾠκοδομήθη
1837 2249 1853 2281 ἡ

219 2294 271 2322 fui:
283 2299 359 2322 costa
370 2295 403 2328 “,
420 2299 501 2330 atque
511 2304 545 2323 ex
553 2304 585 2323 ca
596 2297 731 2324 aediﬁcata
745 2297 854 2327 mulier.
866 2305 915 2324 nec
927 2297 1006 2332 quid-

218 2347 302 2376 quam
313 2341 417 2369 Adamo
431 2341 535 2374 defuit;
558 2342 668 2370 Christo
684 2349 767 2370 carne
781 2343 913 2370 crueiﬁxo
928 2348 1009 2378 atque

254 2419 277 2436 "
298 2419 376 2448 Rom.
396 2429 423 2453 ν,
437 2421 481 2449 14.

255 2497 312 2535 (‘27)
332 2499 431 2526 Enitit
447 2501 492 2535 qui
509 2504 548 2526 est
566 2499 600 2526 ad
625 2499 780 2534 imaginem,
800 2500 899 2534 σκιρτᾷ
920 2501 934 2526 6
955 2501 1014 2526 κατ’

218 2534 310 2561 εἰκόνα
321 2542 327 2548 ·
342 2535 401 2568 Ipse
413 2536 541 2561 nimirum
558 2535 683 2566 animus;
696 2535 768 2569 quod
784 2535 908 2569 sequenti
928 2543 1014 2561 uicin-

219 2569 268 2596 bro
285 2571 372 2603 magis
399 2570 533 2604 explicat,
558 2570 681 2597 τίκτεται
708 2571 722 2596 6
736 2569 814 2603 λόγος
827 2579 833 2584 -
858 2570 927 2596 ratio
942 2571 1015 2603 puri~

221 2610 275 2631 tur.
292 2604 354 2632 Fuit
378 2605 448 2632 forte
462 2605 490 2632 in
505 2613 537 2632 ea
553 2606 694 2640 opinione,
713 2609 743 2631 ut
760 2606 851 2631 anima
868 2606 1013 2632 rationalis

220 2647 252 2665 ac
268 2639 357 2674 λόγος,
385 2648 449 2667 vere
472 2641 560 2667 exiret
573 2639 609 2667 ac
622 2641 787 2667 educeretur
803 2647 817 2667 e
838 2641 952 2667 materia
972 2641 1012 2668 sic

219 2674 365 2709 disposita,
376 2682 390 2701 a
403 2683 457 2710 qua
471 2683 521 2702 nec
537 2676 582 2702 alii
597 2675 707 2710 quidam
723 2675 844 2709 :cqualcs
859 2675 1011 2702 abhorrue-

220 2715 284 2745 [unt
299 2720 305 2736 2
318 2718 473 2745 quanquam
489 2710 540 2737 fuit
549 2713 658 2738 tandem
671 2711 704 2737 ab
713 2710 836 2737 Ecclesia
844 2711 1007 2744 proscripta.

219 2743 279 2780 ljon
305 2743 369 2772 licet
383 2765 390 2777 ,
402 2743 454 2772 'aut
478 2746 543 2773 libet
559 2747 627 2773 alias
645 2745 788 2780 opiniones
805 2743 875 2780 quas
891 2746 1009 2773 subinde

219 2778 334 2816 i’roclus
347 2781 460 2812 indicat,
480 2781 621 2813 adnotare,
636 2778 779 2816 inquibus
795 2778 948 2816 pimsertim
965 2781 1007 2806 ni—

219 2814 257 2840 hil
274 2819 316 2842 est
328 2816 458 2849 periculi,
479 2816 588 2842 tametsi
607 2821 649 2843 est
671 2814 775 2850 aliquid
790 2814 865 2845 novi,
879 2823 911 2842 ac
925 2823 940 2841 a
955 2823 1006 2842 no-

220 2853 341 2886 utrorum
364 2858 394 2877 ac
422 2851 615 2878 modernorum
632 2850 801 2886 philosophia
819 2851 1004 2881 abhorrentis,

221 2889 251 2911 ut
268 2885 350 2920 paulo
365 2889 436 2916 ante,
450 2886 483 2914 dc
500 2887 661 2913 l'ortnatione
677 2886 819 2913 stellarum
833 2893 867 2912 ex
882 2886 994 2913 lumine.

1061 2295 1140 2331 γυνὴ,
1158 2297 1204 2323 καὶ
1217 2296 1256 2332 τῷ
1273 2297 1359 2332 Ἀδὰμ
1370 2296 1445 2322 οὐδὲν
1459 2296 1548 2330 ἕλειψε
1558 2304 1565 2311 ·
1577 2296 1623 2322 τοῦ
1635 2295 1771 2321 Δεσπότου
1786 2294 1845 2330 X9:-

1063 2342 1126 2369 στοῦ
1147 2343 1217 2370 κατὰ
1242 2343 1331 2379 σάρκα
1355 2342 1558 2378 σταυρωθέντος
1581 2343 1628 2378 καὶ
1648 2341 1790 2376 ταφέντος,
1814 2340 1847 2376 τις

525 2421 589 2441 ⁵⁹-⁹⁹
607 2420 675 2448 Gen.
697 2429 738 2452 III,
752 2420 777 2447 6.
819 2421 869 2441 ‘-‘°
888 2420 966 2448 Ioan.
989 2429 1038 2452 xu.
1054 2421 1098 2448 54.
1138 2421 1161 2436 ⁸²
1181 2419 1249 2448 Gen.
1268 2428 1298 2453 ιι,
1316 2420 1362 2448 2t.

1100 2499 1157 2534 (28)
1180 2497 1294 2526 Natura:
1308 2499 1480 2533 principium,
1498 2498 1605 2533 φύσεως
1619 2498 1702 2534 ἀρχή.
1718 2497 1792 2525 Nihil
1810 2499 1848 2525 hi:

1064 2534 1154 2562 Procli
1172 2535 1285 2561 clarius.
1304 2534 1482 2569 Prosequitur
1497 2534 1582 2566 enim,
1599 2535 1699 2566 quibus
1722 2534 1852 2561 convenit

1063 2571 1197 2597 Adamum
1216 2571 1286 2597 inter
1312 2575 1339 2597 et
1355 2569 1507 2599 Christum,
1536 2573 1565 2596 ut
1585 2570 1629 2597 ille
1653 2569 1736 2603 hujus
1764 2569 1851 2604 ﬁgura

1063 2605 1114 2633 fuit
1132 2615 1139 2632 :
1156 2613 1242 2640 quare
1255 2605 1334 2633 valde
1354 2605 1469 2632 ridicula
1486 2604 1613 2632 Riecardi
1632 2605 1803 2638 conjectura.
1822 2609 1852 2630 ut

1062 2641 1123 2668 ioco
1138 2641 1256 2675 φύσεως.
1281 2641 1317 2667 sit
1334 2641 1477 2675 legendum
1500 2640 1636 2674 φθίσεως·
1655 2648 1704 2674 pro
1725 2644 1830 2666 naturm
1844 2659 1850 2670 ,

1061 2677 1255 2711 corruptionis;
1269 2681 1350 2710 atque
1365 2676 1400 2702 ab
1419 2681 1563 2711 eoVauctor
1579 2675 1681 2702 Christi
1705 2682 1737 2701 ac
1751 2675 1850 2701 Adami

1060 2712 1292 2746 comparationem
1306 2710 1488 2741 inchoaverit.
1506 2711 1533 2737 in
1549 2718 1602 2744 quo
1617 2710 1655 2737 illi
1677 2711 1796 2736 maxime
1811 2711 1850 2735 vi-

1060 2745 1160 2773 dentur
1173 2746 1316 2773 contrarii.
1332 2745 1456 2772 Adamus
1467 2754 1534 2780 ergo
1549 2751 1653 2772 natura:
1669 2745 1847 2780 principium.

1059 2786 1088 2808 ut
1101 2786 1184 2816 caput
1197 2781 1324 2817 generis;
1341 2788 1429 2815 eoque
1445 2780 1534 2815 ﬁgura
1547 2781 1662 2811 Christi.
1677 2781 1722 2817 qui
1744 2781 1848 2815 princi-

1059 2817 1132 2850 pium
1152 2816 1243 2844 est'ac
1259 2822 1356 2844 auctor
1379 2816 1441 2844 vitae
1456 2821 1574 2847 aeterni».
1602 2821 1684 2851 caput
1702 2816 1760 2852 ipse
1778 2823 1848 2850 pne-

1057 2852 1268 2879 destinatorum.
