1967 3075
110 148 163 178 697

605 153 734 181 ORATIO
757 154 799 181 DE
819 153 1082 182 INCARNATIONE
1099 154 1231 183 DOMINI.

1689 157 1742 187 (-93

110 210 206 239 αἵματι
222 209 303 236 αὑτοῦ
319 211 335 246 ἡ
356 209 505 246 Ἐκκλησία
518 211 701 247 ἐξηγοράσοη,
714 212 762 239 καὶ
774 212 824 248 τῆς
836 212 900 238 Θεό-

966 213 1069 247 epulto,
1079 213 1139 248 ejus
1148 213 1280 249 sanguine
1295 213 1433 248 redempta
1450 213 1636 248 fuitEcclesia;
1651 218 1743 250 passio

111 264 192 291 τητος
208 256 290 282 αὐτοῦ
305 256 390 287 πάθος
403 257 453 292 οὐχ
469 256 568 291 ἥψατο.

147 303 183 328 Δ¹.
209 301 290 327 Ἀλλὰ
305 300 471 336 ζητούμενόν
486 303 555 334 ἐστι,
573 303 647 334 τίνος
658 302 750 329 ἕνεκεν
768 301 805 338 μὴ
819 303 904 336 ἐγρη-

111 348 224 383 γορότος
248 347 295 374 τοῦ
326 347 423 383 Ἀδὰμ,
447 347 515 374 ἀλλὰ
537 348 714 379 καθεύδοντος
736 347 860 383 ἀφῃρέθη
886 348 903 383 ἡ

111 392 226 427 πλευρὰ,
243 393 291 419 καὶ
307 392 501 428 ἀνῳκοδομήθη
517 393 627 428 ήγυνή.
640 393 696 419 υύκ
708 393 791 428 ἐχρῆν
806 392 905 428 μᾶλλον

114 438 345 474 ὲγρηγορηκότος,
366 437 436 464 ὥστε
458 439 606 474 μαρτυρεῖν
630 439 664 474 τῇ
690 438 844 472 διαπλάσει,
859 439 906 465 καὶ

113 484 315 520 ἐκπλήττεσθαι
331 485 381 519 τὴν
397 484 505 519 τέχνην,
519 484 565 511 καὶ
577 484 725 518 δοξολογεῖν
744 484 793 519 τὴν
809 485 906 519 σοφίαν

113 532 161 558 τοῦ
177 532 355 566 ποιήσαντος·
373 529 431 561 πῶς
453 531 486 556 ὲκ
506 530 591 566 πηλοῦ
608 530 733 564 ἐγένοντο
757 530 840 565 νεῦρα
859 532 907 557 καὶ

116 577 229 612 σάρκες.
251 576 352 602 ὀστέων
377 575 529 611 ἀρμολογία
551 575 598 602 καὶ
625 575 758 610 λεπτότης
787 575 906 611 τριχῶν;

122 622 193 649 Ἀλλ’
213 622 242 649 οὐ
266 620 455 657 συνεχώρησεν
478 623 492 648 ὁ
511 621 578 653 Θεὸς
596 621 683 648 ταῦτα
706 621 750 648 διὰ
771 620 817 647 δύο
838 620 909 656 πρά-

115 675 209 703 γματα
221 676 228 682 ·
247 667 355 703 πρῶτον
372 666 432 701 μὲν,
447 666 491 692 ἴνα
508 666 546 702 μὴ
568 665 769 702 ἀφαιρούμενος
791 665 907 701 ἀλγήσῃ,

115 714 164 740 καὶ
176 713 300 749 ἀλγήσας
315 715 419 749 μισήσῃ
429 713 479 748 τὴν
495 714 629 746 γυναῖκαι
643 712 690 738 καὶ
707 711 820 747 γένηται
836 711 909 746 αὐτῷ

113 760 254 796 δυσμενὴς
264 760 280 795 ὴ
292 759 427 795 ὁμόφυλος
437 767 443 773 ·
464 758 590 794 δεύτερον
604 759 642 790 δὲ,
657 759 671 785 ὃ
687 759 780 793 μεῖζόν
793 759 851 784 ἐστι
863 759 910 785 καὶ

115 806 253 842 θειότερον
262 814 268 822 ·
281 806 339 842 ᾔδει
352 807 366 832 ὁ
380 805 446 837 Θεὸς
458 805 499 832 ὄτι
517 804 669 838 φιλόνεικον
687 804 757 837 ζῶον
776 806 790 831 ὁ
803 804 910 840 ἄνθρω-

115 861 177 885 πος,
198 852 246 879 καὶ
260 852 302 878 ὅτι
317 851 493 883 διαπλασθεὶς
510 851 683 883 αὑτεξούσιος
702 851 792 877 ἐστίν·
809 851 853 878 ἵνα
870 850 908 886 μὴ

114 897 163 925 οὖν
182 898 299 934 ἄρξηται
325 898 372 924 καὶ
389 897 457 924 Θεοῦ
474 897 553 924 τόκον
575 897 825 932 πολυπραγμονεῖν,
848 896 910 922 ὲπι-
926 887 946 914 Β

114 945 210 972 σάλλει
222 944 306 980 »αὐτῷ
326 944 419 976 ὕπνον,
438 944 554 979 χαλινῶν
569 944 618 978 τὴν
635 943 747 978 τόλμαν,
768 943 909 978 μονονουχὶ

114 991 203 1026 λέγων
225 992 293 1027 πρὸς
310 992 404 1019 αὐτόν’
423 991 454 1018 Εἰ
473 991 524 1025 τῆς
544 990 680 1026 ὁμοφύλου
694 990 743 1025 τὴν
758 989 909 1016 ἀνάπλασιν

116 1038 183 1064 ἰδεῖν
197 1038 227 1064 οὺ
240 1037 443 1073 συνεχωρήθης,
452 1037 501 1072 τὴν
511 1037 630 1072 ἄῤῥητον
643 1036 689 1063 τοῦ
703 1035 771 1062 Θεοῦ
784 1035 908 1070 δύναμιν,

115 1083 163 1110 καὶ
179 1084 229 1119 τὴν
246 1083 440 1118 ἀκατάληπτον
463 1083 589 1117 γέννησιν
608 1081 645 1117 μὴ
670 1081 809 1116 τολμήσῃς
827 1080 910 1107 πολυ-

116 1130 296 1165 πραγμονεῖν.
318 1129 380 1160 Πῶς
397 1128 445 1164 μὲν
457 1128 600 1164 ἄνθρωπος
614 1128 752 1162 γεννᾶται,
770 1126 866 1161 νοῆσαι
878 1126 908 1152 οὐ

115 1174 240 1207 δύνασαι,
254 1174 322 1201 Θεοῦ
333 1174 362 1200 δὲ
376 1173 532 1209 οἰκονομίαν
544 1172 671 1209 ζητήσειν
687 1172 767 1207 δύνῃ;

954 264 1043 286 tamen
1060 259 1268 294 haudquaquam
1288 259 1348 294 ejus
1362 260 1535 288 Divinitatem
1557 262 1653 296 tetigit.

992 303 1038 331 Π.
1060 303 1160 331 Verum
1174 304 1392 339 investigandum
1408 309 1460 337 est,
1481 312 1531 332 cur
1545 313 1599 333 non
1613 307 1744 342 vigilante

954 347 1071 379 Adamo,
1091 347 1140 375 sed
1158 348 1322 380 dormiente,
1342 352 1418 375 costa
1438 348 1462 375 ei
1480 348 1570 376 ablata
1593 350 1638 381 sit.
1661 359 1692 378 ac
1709 360 1744 379 ex

955 401 987 421 ea
1000 393 1132 421 aediﬁcata
1153 394 1269 421 mulier?
1291 393 1387 421 Nonne
1402 395 1489 422 satius
1500 399 1558 422 erat
1575 403 1606 423 ae
1622 404 1744 425 commo-

956 439 1028 472 dius,
1044 447 1077 467 eo
1091 440 1223 475 pervigile
1239 441 1308 472 ﬁeri,
1326 445 1356 468 nt
1380 441 1553 469 formationis
1570 444 1648 471 testis
1665 445 1743 478 foret,

957 485 1080 520 artisque
1094 485 1273 513 admiratione
1284 486 1400 518 deﬁxus.
1412 487 1566 515 conditoris
1578 489 1742 523 sapientiam

958 530 1075 557 summis
1091 530 1219 558 laudibus
1243 531 1394 558 celebraret
1409 540 1416 558 :
1441 536 1471 559 ut
1492 533 1620 561 nimirum
1636 542 1670 561 ex
1687 534 1745 561 lttto

959 574 1022 601 facti
1043 579 1138 602 essent
1157 575 1233 602 nervi
1254 583 1417 610 carnesque,
1435 584 1467 604 ac
1490 581 1553 612 apta
1574 578 1619 605 illa
1640 580 1745 606 ossium

959 628 1091 656 compago
1104 621 1276 656 pilorumque
1289 622 1429 650 tenuitas?
1440 622 1540 650 Verum
1553 632 1607 651 non
1622 625 1746 659 permisit

960 666 1033 694 Dens
1051 667 1087 694 ita
1100 667 1158 694 ﬁeri
1169 667 1271 702 duplici
1284 676 1316 695 ex
1329 676 1411 696 causa
1425 677 1433 696 :
1451 669 1550 704 primo,
1568 678 1603 697 ne
1613 671 1656 697 cui
1669 674 1746 698 costa

960 712 1132 740 adimebatur
1148 713 1339 746 indolesceret,
1358 719 1440 749 atque
1458 715 1631 744 indolescens
1650 716 1746 743 mulie-

961 767 1018 787 rem
1036 759 1100 786 odio
1120 759 1243 792 haberet,
1262 761 1393 796 fieretque
1404 761 1429 788 ei
1449 762 1546 795 invisa,
1563 771 1624 798 quae
1638 762 1747 797 gentilis

961 813 994 832 ac
1013 809 1113 840 agnata
1127 811 1211 834 esset.
1229 807 1299 833 Tum
1320 815 1396 840 vero,
1411 808 1483 842 quod
1499 809 1644 835 sublimius
1658 814 1699 836 est
1715 816 1746 835 ac

963 851 1082 879 divinius
1099 861 1105 879 :
1120 851 1239 879 Noverat
1256 852 1328 880 Deus
1350 853 1488 881 hominem
1507 862 1568 882 esse
1583 854 1685 881 animal
1702 862 1747 889 pu-

960 897 1055 932 gnacis
1077 897 1264 924 contentionis
1289 899 1424 926 acerrime
1448 900 1588 934 cupidum,
1607 909 1638 928 ac
1655 901 1747 928 statim

961 943 1120 975 fonnatum,
1137 943 1180 970 sui
1195 943 1266 977 juris
1291 951 1324 970 ac
1338 945 1481 978 potestatis
1501 945 1622 973 futurum
1642 955 1648 973 :
1672 954 1744 982 quo-

961 989 1046 1020 circa,
1063 997 1097 1016 ne
1112 988 1158 1015 Dei
1173 989 1264 1024 ipsum
1279 994 1388 1024 partum
1404 991 1512 1018 curiose
1523 991 1606 1018 nimis
1619 999 1748 1026 perscrm

961 1034 1014 1062 tari
1031 1034 1176 1069 inciperet,
1189 1034 1313 1061 immittit
1328 1035 1352 1062 ei
1366 1043 1503 1068 somnum,
1515 1043 1569 1071 quo
1583 1036 1661 1070 quasi
1673 1036 1748 1064 [rem

962 1080 1107 1107 audaciam
1131 1086 1337 1115 compesceret;
1360 1081 1407 1108 vix
1430 1089 1484 1109 non
1499 1082 1564 1108 talia
1581 1083 1614 1109 ad
1631 1090 1692 1109 enin
1708 1083 1745 1110 di-

962 1132 1029 1152 cens
1045 1137 1050 1152 :
1069 1124 1097 1152 Si
1114 1131 1220 1161 agnata:
1236 1125 1427 1154 formationem
1450 1127 1564 1154 minime
1588 1127 1665 1154 licuit
1681 1135 1743 1155 con-

963 1172 1096 1206 spexissc,
1112 1180 1146 1199 ne
1168 1179 1318 1207 praesumas
1340 1172 1505 1200 inell‘abilem
1532 1172 1580 1200 Dei
1604 1174 1749 1208 potentiam

116 1220 478 1255 incompreliensibilemque
508 1219 713 1255 generationem
743 1218 854 1245 curiose
885 1218 1058 1252 investigare.
1089 1218 1149 1246 Non
1175 1223 1254 1254 potes
1284 1219 1442 1254 perspicere
1465 1219 1567 1253 animo,
1587 1227 1641 1255 qua
1669 1220 1749 1247 homo

117 1269 223 1295 ratione
238 1272 383 1301 generetur
398 1276 405 1294 :
423 1267 576 1302 divinaeque
591 1266 791 1294 incarnationis
803 1265 964 1300 mysterium
982 1266 1076 1292 rimari
1090 1267 1194 1301 poteris
1209 1274 1240 1293 ac
1252 1267 1424 1302 intelligere?

154 1313 194 1340 E'.
214 1313 284 1340 Ἀλλ’
299 1312 354 1348 ὁρῶ
368 1313 440 1349 ὑμᾶς
453 1313 732 1348 στενοχωρουμένους,
742 1312 789 1337 καὶ
804 1311 908 1346 βέλτιον

118 1359 215 1386 ὲνθάδε
232 1358 400 1386 κατευνάσαι
416 1358 463 1384 τὸν
484 1357 578 1392 λόγον·
600 1358 624 1383 εἰ
652 1357 680 1384 δὲ
703 1356 812 1391 βιασταί
834 1356 908 1386 ὲστε,

116 1405 173 1432 τῶν
189 1404 358 1440 βιαζομένων
375 1403 404 1430 δέ
421 1405 495 1430 ἐστιν
511 1404 528 1439 ἡ
544 1402 678 1438 βασιλεία,
693 1402 842 1438 προσθήσω
853 1401 909 1432 τοῖς

118 1451 288 1488 εἰρημένοις.
310 1450 393 1481 Εἰκὸς
411 1449 466 1476 τῶν
487 1449 622 1476 Ἰουδαίων
644 1449 705 1476 τινὰ
719 1449 848 1483 παρεῖναι
868 1447 911 1474 ὲν-

118 1499 217 1531 ταῦθα,
232 1499 279 1526 καί
301 1499 331 1525 ὲν
346 1498 386 1533 τῷ
407 1496 549 1531 ἀμπελῶνι
568 1496 615 1523 τοῦ
634 1495 754 1531 Χριστοῦ
767 1494 911 1521 λανθάνειν

116 1545 169 1580 τὴν
183 1543 313 1571 ἀλώπεκα
322 1544 372 1578 τῆς
391 1542 521 1574 Ἰουδαίας
530 1562 537 1572 .
550 1543 598 1569 καὶ
615 1541 685 1577 μετὰ
695 1541 725 1567 τὸ
742 1540 912 1574 ἀπολυθῆναι

117 1591 168 1626 τὴν
188 1590 348 1625 ἐκκλησίαν,
376 1590 487 1624 στήκειν
503 1588 555 1622 ἔξω
570 1589 618 1615 καὶ
636 1587 773 1614 σκώπτειν
790 1587 853 1618 τοὺς
867 1586 912 1612 λό-

118 1644 196 1670 γους,
208 1636 255 1662 καὶ
267 1635 359 1670 λέγειν
372 1633 487 1661 τοιαῦτα
496 1643 503 1649 ·
517 1633 567 1660 Διὰ
579 1633 615 1665 τί,
632 1633 800 1668 Χριστιανοὶ,
816 1640 910 1659 καινο-

119 1683 231 1718 τομεῖτε
245 1681 346 1709 ταῦτα.
364 1681 411 1708 καὶ
426 1680 584 1716 κομπάζετε
602 1679 649 1705 ἐπὶ
670 1679 831 1715 πράγμασιν
848 1680 914 1705 ἀνα-

120 1728 291 1758 ποδείκτοιςς
313 1727 380 1759 Θεὸς
394 1727 441 1753 ἐπὶ
455 1726 506 1761 γῆς
525 1725 603 1761 ὤφθη
620 1725 704 1757 ποτέ;
721 1725 850 1752 οὐδέποτε
867 1725 914 1752 ἄλ-

120 1774 194 1804 λοτε,
213 1774 237 1800 εί
264 1772 301 1808 μὴ
320 1772 400 1808 μόνον
421 1772 467 1798 ἐπὶ
489 1771 639 1802 Μωῦσέως.
667 1769 748 1797 Ἀλλὰ
764 1771 825 1797 τότε
852 1770 913 1796 οὐδὲ

119 1818 213 1853 ὤφθη,
228 1815 250 1844 ὧ
272 1818 381 1844 Ἰουδαῖε
391 1826 398 1832 ·
411 1818 458 1844 καὶ
472 1816 568 1843 τούτου
586 1816 692 1851 μάρτυς
709 1816 790 1847 αὐτὸς
807 1816 821 1841 ὁ
833 1816 915 1842 Μωῦ-

122 1865 173 1900 σῆς
187 1864 275 1898 λέγων
294 1863 394 1895 οὕτως·
416 1863 552 1897 Πρόσεχε
567 1862 680 1895 σαυτῷ,
699 1862 748 1888 καὶ
768 1861 914 1896 συμϐιϐά-

121 1918 188 1943 σεις
204 1911 248 1941 εὶς
266 1908 323 1943 τὴν
339 1908 466 1942 καρδίαν
481 1915 540 1934 σου
561 1907 677 1940 πάντας
694 1907 766 1940 τοὺς
789 1907 913 1941 λόφους,

121 1956 178 1988 οὓς
200 1954 367 1988 ἑωράκασιν
392 1955 419 1980 ol
441 1953 590 1988 ὀφθαλμοί
612 1959 687 1979 σου·
706 1953 756 1979 καὶ
784 1952 915 1984 διδάξεις

121 2002 196 2034 τοὺς
209 2001 294 2033 υἱούς
312 2007 383 2032 σου,
403 1999 453 2027 καὶ
469 1999 540 2032 τοὺς
560 1999 646 2032 υἱοὺς
667 1998 727 2025 τῶν
744 1997 817 2025 υἱῶν
839 2006 913 2025 σου·

119 2046 274 2083 μνήσθητι
286 2045 344 2079 τὴν
359 2045 474 2080 ἡμέραν
487 2044 597 2078 Κυρίου
614 2043 666 2071 τοῦ
685 2044 759 2070 Θεοῦ
777 2050 846 2074 σου,
860 2043 916 2077 τὴν

123 2093 240 2127 ἡμέραν
254 2091 308 2126 τῆς
320 2091 496 2126 ἐκκλησίας,
515 2091 563 2117 ὅτε
579 2091 714 2124 ὲλάλησε
723 2091 831 2125 Κύριος
844 2090 916 2124 πρὸς

119 2148 172 2174 με,
189 2139 301 2173 λέγων·
324 2137 552 2171 Ἑκκλησίασον
567 2137 642 2170 πρός
654 2145 693 2169 με
705 2136 758 2163 τὸν
768 2136 854 2167 λαὸν,
868 2136 917 2162 καὶ

123 2186 282 2214 ἀκούσωσι
301 2184 338 2211 τὰ
357 2183 564 2218 ῥήματά¹μου,
581 2183 630 2209 καὶ
645 2182 825 2214 διδάξουσιν
841 2182 916 2209 αὐτὰ

124 2232 196 2264 τοὺς
208 2231 293 2264 υἱοὺς
309 2230 417 2257 αὐτῶν.
436 2230 490 2256 Kal
511 2229 712 2263 προσήλθετε,
740 2228 790 2254 καὶ
808 2229 918 2262 ἔστητε

123 2278 185 2306 ὑπὸ
197 2277 231 2306 τὸ
244 2277 312 2311 ὄρος
330 2277 364 2303 τὸ
381 2275 471 2303 Σινά·
494 2275 544 2302 καὶ
558 2275 591 2302 τὸ
612 2275 681 2309 ὅρος
707 2275 823 2302 ἐκαίετο
845 2275 915 2309 πυρὶ

123 2325 180 2358 ἕως
193 2324 246 2351 τοῦ
265 2323 410 2357 οὐρανοῦ·
432 2323 482 2349 καὶ
500 2323 653 2357 ἠκούσατε
666 2322 724 2353 τὴν
742 2321 848 2357 φωνὴν
864 2322 916 2349 τοῦ

127 2371 240 2403 Κυρίου
253 2369 306 2397 τοῦ
318 2369 393 2397 Θεοῦ
404 2369 487 2404 ὑμῶν
500 2370 535 2396 ἐκ
551 2369 647 2403 μέσου
666 2368 719 2395 τοῦ
731 2369 824 2402 πυρός
835 2377 842 2383 ·
859 2377 918 2403 φω-

125 2416 186 2449 νὴν
194 2415 339 2450 ῥημάτων
353 2416 516 2449 ἠκούσατε,
535 2415 585 2441 καὶ
605 2415 738 2449 ὁμοίωμα
755 2415 810 2441 οὐκ
829 2414 916 2440 ἴδετε.

129 2463 165 2487 Ἀ
181 2462 270 2487 τοίνυν
294 2461 344 2488 οὑκ
361 2459 441 2494 εἶδες,
463 2461 491 2487 τί
512 2461 666 2496 κομπάζεις
693 2460 862 2496 ἑωρακέναι;
885 2459 918 2486 Τί

125 2506 172 2534 οὖν
199 2516 255 2542 μοι,
274 2508 350 2543 φησι,
371 2508 549 2543 προσφέρεις,
567 2507 608 2534 ὃτι
631 2506 748 2541 ἠδύνατο
767 2507 836 2542 γυνὴ
854 2515 918 2540 γεν-

124 2554 207 2589 νῆσαι
222 2554 307 2586 Θεόν;
326 2554 372 2586 Εἰς
397 2554 476 2582 τοῦτο
490 2554 544 2589 γὰρ
564 2562 606 2580 σοι
629 2553 715 2588 λέγω·
732 2553 773 2579 ὅτι
795 2553 825 2579 οὺ
847 2551 918 2586 λέγω

127 2609 169 2627 σοι
186 2601 227 2626 ὅτι
237 2599 353 2635 ἠδύνατο
363 2601 432 2635 γυνὴ
442 2600 508 2626 Θεὸν
519 2600 659 2634 γεννῆσαι,
675 2598 731 2625 ἀλλ’
746 2598 787 2624 ὅτι
801 2597 917 2632 ἠδύνατο

125 2647 194 2678 Θεὸς
218 2647 372 2681 σαρκωθεὶς
391 2646 556 2680 γεννηθῆναι
583 2645 636 2671 ὑπὸ
660 2644 807 2678 γυναικός·
830 2643 918 2670 πάντα

125 2693 182 2728 γὰρ
201 2691 277 2726 αὑτῷ
296 2692 406 2718 δυνατά.
423 2692 518 2726 Ὅμως
538 2691 562 2717 εἰ
583 2691 719 2721 ἀπιστεῖς,
746 2687 768 2716 ὦ
797 2689 916 2720 Ἰουδαίε,

125 2747 184 2770 τοις
203 2738 282 2773 ἐμοῖς
298 2737 398 2771 λόγους,
415 2737 546 2772 ὲντρέπου
568 2737 618 2767 τὰς
631 2736 686 2762 τῶν
710 2735 859 2771 προφητῶν
876 2735 916 2770 βί-

126 2784 209 2815 ϐλους
220 2792 226 2799 ·
243 2783 364 2818 ἒγκυψον
379 2783 408 2809 ὲν
421 2783 528 2814 αὐταῖς,
544 2782 591 2809 καὶ¹
606 2782 687 2817 βλέπε
701 2782 760 2809 ὅλον
769 2782 800 2809 τὸ
815 2782 918 2817 μυστή-

164 2870 188 2886 ⁸³
207 2870 304 2898 Matth.
321 2878 359 2901 ιι,
375 2870 417 2897 ιιι,
456 2870 478 2885 ⁸³
498 2869 574 2897 Deut.
597 2877 633 2902 tv,
653 2868 731 2896 9-12.

1000 1311 1030 1338 V.
1048 1312 1184 1339 Cteterum
1199 1313 1337 1339 coarctari
1352 1319 1403 1339 vos
1419 1312 1514 1340 video:
1533 1312 1649 1347 proinde
1664 1313 1749 1341 satius

963 1356 1033 1384 foret
1048 1358 1094 1384 hic
1116 1365 1269 1385 sermonem
1293 1358 1465 1393 abrumpere.
1488 1359 1522 1385 At
1538 1359 1560 1386 si
1577 1359 1630 1386 vim
1650 1360 1750 1393 fat-itis,

963 1411 1026 1430 cum
1039 1403 1171 1430 caelorum
1184 1411 1297 1439 regnum
1311 1412 1406 1431 eorum
1417 1405 1452 1432 sit
1469 1405 1516 1439 qui
1532 1405 1586 1431 vim
1601 1405 1706 1433 faciunt
1716 1405 1750 1440 δ’,

964 1449 1045 1476 dictis
1062 1449 1165 1484 aliquid
1182 1450 1290 1477 addam.
1308 1450 1464 1478 Verisimile
1486 1451 1567 1485 plane
1591 1454 1633 1478 est
1656 1451 1750 1479 adesse

965 1495 1010 1522 hic
1018 1496 1135 1530 aliquem
1147 1495 1283 1528 Judaeum,
1300 1500 1381 1531 atque
1397 1497 1423 1523 in
1439 1497 1518 1524 vinea
1527 1496 1643 1528 Christi,
1655 1496 1750 1524 Judai—

963 1548 1023 1568 cam
1041 1541 1203 1569 delitescere
1218 1542 1345 1576 vulpem;
1364 1547 1447 1577 atque
1461 1542 1530 1569 adeo
1549 1542 1664 1570 dimissa
1685 1550 1752 1569 con-

962 1587 1041 1613 cione
1056 1586 1123 1613 foris
1137 1588 1328 1618 constitutum,
1346 1593 1501 1622 coepturum
1527 1595 1671 1615 sermones
1688 1587 1752 1622 joco

963 1631 1097 1659 cavillari.
1113 1632 1235 1667 taliaque
1250 1632 1357 1659 effutire
1379 1642 1386 1660 :
1405 1631 1441 1659 Ut
1463 1633 1539 1668 quid,
1555 1640 1571 1660 ο
1585 1633 1748 1664 Christiani,

964 1684 1033 1703 nova
1048 1676 1261 1712 ltaecdcsignatis
1273 1697 1280 1710 ,
1294 1685 1389 1712 quaeve
1398 1677 1583 1705 demonstrari
1598 1686 1630 1705 ac
1642 1679 1752 1713 probari

966 1721 1179 1758 haudquaquam
1193 1728 1318 1757 possunt,
1331 1723 1436 1751 tumide
1451 1729 1608 1760 temereque
1622 1725 1753 1759 jactatis?

966 1765 1129 1805 Deusnelin
1160 1769 1241 1797 terris
1263 1769 1412 1804 aliquando
1429 1771 1505 1798 visus
1528 1771 1589 1798 est?
1609 1770 1752 1806 Nunquam

965 1820 1043 1847 sane,
1056 1814 1110 1840 nisi
1127 1819 1249 1849 tempore
1261 1815 1397 1842 duntaxat
1415 1815 1527 1851 Moysis.
1542 1817 1623 1852 Atqui
1640 1825 1674 1844 ne
1688 1822 1754 1844 tunc

964 1860 1088 1895 quidem,
1110 1868 1126 1886 ο
1141 1860 1243 1892 Judwc,
1269 1862 1345 1889 visus
1361 1866 1402 1889 est
1420 1871 1426 1890 :
1447 1863 1584 1898 ltnjusque
1608 1863 1647 1890 rei
1672 1864 1754 1890 testis

964 1909 1025 1932 esto
1040 1905 1184 1941 idem‘ipse
1193 1906 1309 1941 Moyses,
1321 1908 1419 1942 quisic
1433 1909 1471 1935 ait
1488 1918 1494 1935 :
1508 1908 1621 1935 Attende
1633 1908 1679 1935 tibi
1691 1909 1753 1943 ipsi,

965 1957 989 1979 et
1004 1952 1150 1987 colligenda
1170 1954 1288 1988 conferas
1304 1955 1331 1981 in
1345 1954 1423 1981 corde
1441 1959 1485 1981 tuo
1501 1955 1591 1981 omnia
1604 1955 1681 1982 verba
1697 1964 1754 1990 quc:

965 1999 1086 2026 viderunt
1101 2000 1172 2026 oculi
1187 2001 1227 2027 lui
1244 2008 1253 2027 :
1268 2005 1332 2028 etea
1348 2001 1453 2028 docebis
1470 2001 1541 2036 filios
1558 2007 1627 2033 tuos.
1644 2006 1668 2028 et
1684 2002 1755 2036 ﬁlios

965 2046 1083 2081 ﬁliorum
1099 2051 1215 2075 tuorum.
1228 2047 1379 2074 Recordare
1393 2048 1446 2074 diei
1460 2047 1567 2075 Domini
1580 2047 1629 2075 Dei
1642 2048 1691 2078 lui,
1704 2047 1756 2074 diei

967 2093 1110 2124 contionis,
1126 2094 1231 2127 quando
1248 2094 1351 2120 loculus
1360 2098 1399 2121 est
1411 2093 1538 2120 Dominus
1549 2094 1583 2120 ad
1594 2101 1634 2120 me
1647 2094 1734 2120 dicens
1748 2103 1753 2120 :

968 2138 1089 2167 Convoca
1106 2139 1140 2166 ad
1161 2148 1200 2166 me
1222 2141 1358 2174 populum,
1374 2144 1398 2167 et
1424 2140 1535 2166 audiant
1553 2148 1638 2167 vocem
1658 2148 1754 2171 meum,

934 2198 954 2224 D
968 2191 992 2212 et
1008 2185 1137 2212 docebunt
1153 2185 1224 2219 ﬁlios
1236 2193 1307 2212 suos.
1324 2185 1358 2211 Et
1375 2186 1534 2218 accessistis,
1546 2190 1571 2212 et
1583 2185 1693 2212 stetistis
1709 2184 1756 2211 sub

969 2235 1056 2257 monte
1069 2230 1147 2257 Sinai
1160 2239 1168 2257 :
1184 2235 1208 2257 et
1220 2239 1295 2257 mons
1310 2229 1491 2264 con/Iagrabat
1505 2230 1559 2264 igni
1572 2237 1652 2264 usque
1664 2231 1697 2255 ad
1709 2237 1756 2255 εω-

969 2277 1025 2303 lum
1041 2284 1050 2303 :
1064 2280 1088 2303 οι
1106 2277 1223 2303 audistis
1240 2284 1327 2303 vocem
1342 2276 1448 2303 Domini
1464 2275 1514 2302 Dei
1529 2276 1607 2303 vestri
1626 2275 1657 2302 de
1672 2275 1757 2302 medio

969 2323 1049 2357 ignis.
1074 2322 1168 2349 Vocem
1187 2323 1325 2349 verborum
1349 2322 1475 2354 audistis.
1502 2327 1528 2348 et
1554 2321 1757 2348 similitudinem

969 2377 1020 2395 non
1038 2367 1143 2395 vidistis
1155 2368 1188 2394 “.
1204 2368 1273 2400 Quid
1288 2376 1351 2402 ergo
1365 2372 1390 2394 te
1408 2368 1509 2395 vidisse
1521 2367 1620 2402 jactus,
1631 2375 1692 2402 quae
1703 2375 1757 2394 non

970 2412 1139 2446 aspectasti?
1155 2411 1225 2445 Quid
1247 2413 1298 2439 hoc
1317 2413 1410 2447 igitur,
1431 2412 1531 2448 inquit,
1547 2413 1614 2439 mihi
1637 2413 1757 2447 ingeris?

970 2457 1093 2492 potuisse
1111 2458 1217 2485 scilicet
1238 2459 1379 2484 mulierem
1403 2458 1485 2485 Deum
1509 2458 1658 2493 generare?
1672 2457 1713 2484 Ad
1731 2458 1757 2485 id

969 2504 1049 2538 plane
1068 2503 1231 2539 respondeo,
1255 2511 1298 2530 me
1315 2503 1424 2538 quidem
1453 2510 1625 2537 nequaquam
1642 2502 1755 2534 dixisse,

969 2549 1110 2577 Mulierem
1133 2556 1264 2584 generare
1294 2548 1417 2584 potuisse
1443 2548 1544 2581 Deum,
1568 2548 1616 2575 sed
1662 2548 1758 2582 utique

971 2595 1055 2623 Deum
1082 2596 1254 2622 incarnatum
1275 2603 1290 2621 a
1317 2595 1432 2622 muliere
1456 2595 1597 2630 generari;
1622 2594 1757 2629 siquidem

973 2642 1066 2668 omnia
1085 2642 1110 2669 ei
1131 2641 1272 2677 possibilia
1287 2645 1352 2668 sunt
1369 2641 1401 2669 ⁵⁸.
1420 2641 1454 2668 At
1472 2645 1556 2673 certe,
1574 2648 1591 2667 ο
1606 2640 1709 2672 Jud‘aae,
1733 2641 1755 2668 si

973 2687 1041 2715 meis
1053 2687 1144 2715 verbis
1161 2687 1239 2714 [idem
1255 2695 1310 2714 non
1327 2687 1420 2718 habes,
1444 2694 1568 2714 reverere
1587 2686 1670 2714 libros
1694 2693 1757 2721 pro-

974 2734 1117 2768 phetarum
1131 2742 1137 2760 z
1150 2733 1204 2760 illis
1218 2733 1356 2764 incumbe,
1370 2736 1514 2767 totumque
1522 2732 1644 2759 divinum
1660 2736 1756 2767 myste-

974 2789 1045 2809 rium
1064 2781 1090 2807 in
1105 2781 1145 2809 eis
1163 2784 1305 2808 exaratum
1321 2779 1382 2807 vide
1399 2789 1406 2807 :
1422 2779 1579 2807 universum
1596 2779 1652 2806 illic
1667 2777 1754 2815 Virgi-

779 2868 800 2885 “
819 2867 912 2895 Matth.
935 2877 992 2901 xtx,
1009 2868 1054 2896 26.
