1967 3075
133 146 184 175 ’101

637 151 768 181 ORATIO
788 153 831 180 DE
851 154 1109 183 INCARNATIONE
1126 156 1255 185 DOlilNl.

1718 160 1771 188 702

135 205 231 232 πὰδιον
251 205 280 238 ἐξ
302 204 387 240 ὕψους
408 206 458 242 τὴν
479 206 567 242 αὐγὴν
589 208 782 244 καταλάμπει,
805 209 892 241 οὕτως
912 211 927 236 6

984 212 1029 238 nit.
1045 212 1180 245 Quocirca
1195 213 1276 240 etiam
1292 213 1428 240 clamabat
1438 214 1568 248 propheta
1582 225 1589 242 :
1605 214 1655 243 Per
1670 217 1770 244 viscera

135 250 273 285 Δεσπότης
298 249 328 282 ἐξ
350 249 474 286 οὐρανῶν
490 251 647 287 ἐπεδήμησε
663 254 695 288 τῇ
713 254 760 288 γῇ.
780 253 829 280 Διὰ
845 254 925 281 τοῦτο

135 297 182 323 καὶ
197 297 211 323 ὁ
232 299 375 332 προφήτης
391 297 472 323 ἐϐόα·
487 298 539 324 Διά
551 298 715 333 σπλάγχνα
725 300 833 333 ἐλέους
850 300 924 327 Θεοῦ

134 343 231 377 ἡμῶν.
256 343 291 369 ἐν
320 341 365 376 οἷς
388 343 580 378 ἐπεσκέψατο
605 344 684 380 ἡμᾶς
715 346 861 380 Ἀνατολὴ
891 346 926 379 ἐξ

134 389 244 424 ὕψους.

172 437 209 463 Z'.
236 435 291 462 Kal
308 435 341 462 τὸ
358 436 538 471 λαμπάδιον,
552 437 643 472 φησὶν,
658 437 768 470 ἐπάνω,
788 439 839 466 καὶ
852 440 927 467 ἑπτὰ

134 484 254 518 λύχνοι.
269 483 348 515 Τίνες
363 484 417 510 οἵδε
428 483 503 511 ἑπτὰ
518 484 644 519 λύχνοις
660 485 684 511 oi
701 485 771 512 κατὰ
787 486 869 521 μέρος
883 485 944 512 νό-”

137 539 193 565 μοι.
208 529 293 556 Πόοεν
304 529 382 556 τοῦτο
398 529 495 564 δῆλον;
510 529 584 564 λέγει
597 530 650 565 γὰρ
662 531 675 556 6
687 530 782 557 Δαϐίδ·
802 532 923 566 Λύχνος

135 576 198 609 τοῖς
211 576 285 603 ποσί
299 585 356 608 μου
369 578 386 603 ὁ
400 576 492 610 νόμος
509 584 577 608 σου,
593 576 643 603 καὶ
659 576 721 611 φῶς
737 577 801 610 ταῖς
819 578 927 611 τρίϐοις

133 632 204 658 μου.
217 623 272 649 Καὶ
280 622 410 658 Σαλομών
419 631 427 638 ο
441 623 505 650 Ὀτι
514 623 628 657 λύχνος
638 623 748 657 ἐντολὴ
758 624 851 658 νόμος
858 624 925 657 (50),

135 670 185 697 καὶ
202 669 274 704 φῶς.
292 668 425 696 Ἐνταῦθα
440 666 488 695 οὖν
499 668 573 703 λέγει
584 669 646 700 τοὺς
660 669 730 697 ἑπτὰ
740 669 849 704 νόμους.
867 670 927 696 Ὂτι

134 715 163 742 δὲ
177 715 248 742 ἑπτὰ
260 715 337 751 νόμοι
347 713 427 751 ἦσαν,
438 715 530 742 ἄκουε.
550 715 661 750 Πρῶτος
674 715 755 750 νόμος
767 716 780 742 ὁ
797 715 926 751 ἔμφυτος,

135 761 202 796 περὶ
214 758 243 788 οὗ
253 769 334 796 φησιν
353 761 366 786 6
381 760 501 792 Παῦλος·
514 761 607 787 Ὅταν
616 760 672 796 γὰρ
687 760 760 795 ἔθνη
777 761 813 788 τὰ
826 761 869 796 μὴ
879 762 928 788 νό-

133 816 194 844 μον
201 808 320 842 ἔχοντα,
329 807 419 841 φύσει
427 806 463 833 τὰ
477 805 531 833 τοῦ
539 806 632 840 νόμου
642 806 729 838 ποιεῖ,
742 804 824 834 οὗτοι
833 807 928 841 νόμον

133 855 178 890 μὴ
195 854 327 889 ἔχοντες,
348 853 466 886 ἑαυτοῖς
482 854 541 880 εισι
560 853 661 887 νόμος.
679 853 810 889 Δεύτερος
834 853 926 888 νόμοᾴς

980 258 1167 285 misericordiw
1176 258 1225 285 Dei
1234 259 1365 290 nostri.in
1377 260 1471 294 quibus
1483 261 1600 288 uisitauit
1610 270 1657 289 nos
1672 262 1768 292 Oriens

978 311 1011 330 ex
1026 304 1081 330 alto
1096 304 1129 332 ".

1016 437 1072 466 Vll.
1092 438 1127 465 Et
1141 439 1254 474 lampas,
1281 440 1379 475 inquit,
1404 440 1524 474 desuper,
1552 445 1577 468 et
1603 446 1699 475 septem
1727 443 1770 469 lu-

980 494 1074 514 cernw.
1093 487 1196 522 Ecquid
1217 493 1313 522 septem
1331 487 1466 516 tucermr?
1481 488 1638 516 Peculiares
1658 489 1769 516 totidem

980 533 1066 568 leges.
1088 533 1165 560 Unde
1182 534 1208 560 id
1225 534 1353 561 constat?
1369 534 1503 562 Nimirum
1524 536 1587 570 quia
1603 537 1640 562 ait
1658 535 1741 562 David
1761 543 1770 564 :

980 578 1101 606 Lucerna
1123 579 1231 613 pedibus
1257 581 1332 613 meis,
1361 581 1403 607 lea:
1431 585 1488 613 tua,
1516 585 1540 608 et
1559 581 1646 608 lumen
1669 581 1771 608 sentitis

981 626 1045 652 meis
1053 625 1087 652 ⁵¹.
1105 625 1234 652 Salomon
1249 626 1312 653 item
1328 635 1335 653 :
1352 625 1474 654 Lucerna
1485 627 1640 654 mandatum
1659 629 1734 662 legis,
1745 631 1772 654 et

982 669 1069 697 lux".
1093 669 1143 697 llic
1168 670 1261 705 itaque
1283 675 1385 706 septem
1418 671 1492 707 leges
1518 672 1608 706 signat
1627 673 1769 706 propheta.

981 716 1057 749 Quod
1073 722 1163 744 autem
1176 717 1278 745 fuerint
1296 721 1399 752 septem
1413 718 1498 753 leges,
1517 718 1591 745 audi.
1607 717 1699 745 Prima
1716 719 1770 750 lex,

981 767 1023 790 est
1036 764 1170 791 naturalis
1184 764 1277 795 insita,
1289 764 1323 791 de
1343 772 1397 799 qua
1410 765 1447 791 ait
1464 764 1565 792 Paulus
1581 774 1588 791 :
1608 764 1675 792 Cum
1700 764 1771 791 enim

980 815 1067 846 gentes
1083 818 1141 845 qua:
1158 810 1238 846 legem
1253 819 1304 837 non
1322 811 1427 842 habent.
1442 812 1603 838 naturaliter
1616 819 1647 838 ea
1662 819 1720 846 qua!
1734 811 1773 837 Ie-

980 858 1020 892 gis
1035 862 1096 884 sunt
1115 857 1218 891 faciunt
1243 857 1375 892 ejusmodi
1395 857 1475 892 legem
1493 865 1545 884 non
1568 857 1701 889 trahentes,
1720 857 1771 891 ipsi

135 902 150 927 6
166 900 210 927 διὰ
224 901 274 936 τῆς
294 900 396 935 ὅψεως·
412 899 441 926 ὃν
454 898 509 935 γὰρ
530 900 544 926 6
559 899 641 935 νόμος
654 899 784 934 κηρύττει
799 899 930 934 δημιουρ-

984 903 1032 929 sibi
1053 907 1114 929 sunt
1144 903 1187 929 lex
1198 903 1232 930 ".
1260 903 1386 930 Secunda
1412 904 1466 935 lex,
1495 907 1538 930 est
1569 903 1770 938 aspectabilis:

135 947 195 981 γον,
219 947 346 981 τοῦτονή
369 945 430 980 ὄψις
452 945 496 972 διὰ
515 945 570 972 τῶν
593 946 752 980 κτισμάτων
771 945 926 973 πιστοῦται.

144 994 195 1020 Ἐκ
219 993 276 1028 γὰρ
298 992 455 1027 μεγέθους,
485 991 536 1018 καὶ
563 991 717 1026 καλλονῆς
747 991 926 1026 κτισμάτων,

136 1039 292 1073 ἀναλόγως
304 1040 320 1065 ὁ
330 1037 540 1072 γενεσιουργὸς
550 1036 649 1064 αὐτῶν
661 1037 817 1071 θεωρεῖται.
832 1036 928 1073 Τρίτος

137 1085 229 1120 νόμος,
244 1085 261 1119 ἡ
278 1084 324 1110 ἐπὶ
338 1083 385 1110 τοῦ
403 1083 482 1116 ξύλου
498 1084 608 1120 ἐντολή·
626 1083 674 1110 καὶ
691 1083 740 1119 βοᾷ
754 1083 768 1109 ὀ
780 1083 929 1114 ἀπόστολος

137 1130 259 1162 Παῦλος·
275 1131 366 1157 Ὥστε
385 1131 401 1157 ό
415 1129 474 1165 μὲν
490 1131 583 1165 νόμος
602 1129 696 1165 ἅγιος,
712 1130 762 1156 καὶ
778 1131 797 1164 ἡ
819 1129 928 1163 ἐντολὴ

137 1177 218 1212 ἁγία,
233 1176 282 1204 καὶ
305 1176 416 1208 δικαία,
433 1176 482 1203 καὶ
506 1175 613 1210 ἀγαθή.
639 1176 775 1210 Τέταρτος
799 1175 891 1211 νόμος,
915 1176 929 1201 6

137 1223 184 1248 ἐπὶ
204 1221 251 1248 τοῦ
271 1221 345 1256 Νῶε,
360 1223 388 1248 ὲν
406 1223 440 1257 τῇ
463 1222 573 1257 νεφέλῃ.
597 1221 726 1257 Πέμπτος
743 1221 835 1256 νόμος,
854 1221 867 1247 6
883 1219 929 1246 ἐπὶ

136 1268 185 1295 τοῦ
204 1268 340 1304 Ἀϐραὰμ,
358 1269 372 1294 6
385 1268 434 1304 τῆς
447 1267 610 1304 περιτομῆς.
629 1267 739 1299 Ἕκτος,
754 1268 769 1294 ὁ
781 1267 827 1293 τοῦ
841 1267 930 1302 γράμ-

140 1322 235 1348 ματος.
254 1313 396 1349 Ἕὸὂομος,
413 1314 428 1340 6
442 1313 492 1348 τῆς
508 1314 636 1349 χάριτος·
654 1313 701 1340 καὶ
715 1313 757 1339 ὃτι
772 1313 799 1340 δὲ
817 1314 833 1348 ἡ
849 1313 929 1348 χάρις

138 1358 220 1394 νόμον
231 1358 297 1394 ἔχει,
313 1359 395 1386 ἄκουε
407 1359 487 1386 πάλιν
501 1359 608 1385 Παύλου
620 1358 758 1393 λέγοντος·
778 1357 930 1391 Ἀλλήλων

137 1406 176 1435 τὰ
195 1406 276 1441 βάρη
298 1405 474 1439 βαστάζετε,
501 1406 551 1433 καὶ
577 1406 669 1439 οὕτως
696 1405 930 1440 ἀντιπληρώσετε

138 1454 193 1482 τὸν
208 1454 302 1488 νόμον
330 1453 384 1480 τοῦ
407 1453 545 1488 Χριστοῦ.
569 1453 651 1488 Λέγει
674 1452 703 1479 δὲ
724 1453 854 1484 Ἡσαΐας·
883 1452 930 1478 Ἐκ

139 1498 217 1527 Σιὼν
238 1498 430 1530 ἐξελεύσεται
450 1498 554 1531 νόμος,
579 1497 629 1524 καὶ
652 1497 743 1531 λόγος
766 1496 877 1530 Κυρίου
896 1494 931 1527 ἐξ

145 1544 349 1580 Ἰερουσαλήμ.
369 1544 501 1571 Ἐνταῦθα
514 1541 560 1570 οὖν
572 1543 646 1578 λέγει
660 1542 731 1569 ἑπτὰ
741 1542 854 1577 λύχνους
867 1541 930 1572 τοὺς

979 957 1060 984 quem
1073 949 1145 976 enim
1158 949 1201 976 lex
1212 949 1344 984 praedicat
1355 949 1538 981 conditorem,
1552 949 1626 976 hunc
1640 953 1770 984 aspectus

979 1000 1028 1028 per
1054 999 1197 1021 creaturas
1227 994 1326 1022 astruit
1345 1001 1378 1021 ac
1403 994 1511 1030 probat.
1538 995 1560 1021 Α
1589 994 1772 1029 magnitudine

979 1040 1048 1067 enim
1062 1045 1086 1066 et
1100 1040 1184 1074 specie
1196 1043 1392 1071 creaturarum,
1403 1048 1450 1075 per
1459 1040 1666 1075 proportionem,
1679 1048 1772 1066 earum

980 1090 1084 1112 creator
1096 1085 1259 1118 conspicitur
1267 1085 1301 1111 ⁵⁵.
1319 1083 1411 1112 Tertia
1427 1085 1481 1117 lex,
1500 1089 1542 1112 est
1562 1085 1721 1112 mandatum
1738 1085 1773 1112 de

979 1131 1077 1166 ligno:
1095 1139 1127 1158 ac
1154 1131 1256 1159 Paulus
1279 1131 1422 1166 apostolus
1447 1132 1500 1158 alta
1529 1138 1597 1158 voce
1620 1130 1770 1166 prazdicat:

980 1176 1075 1211 Itaque
1088 1177 1131 1204 lea:
1145 1177 1249 1211 quidem
1261 1183 1365 1208 sancta,
1380 1182 1404 1204 et
1424 1177 1581 1204 mandatum
1598 1181 1731 1207 sanctum,
1747 1181 1772 1203 et

977 1222 1094 1256 justum,
1109 1227 1134 1248 et
1157 1222 1293 1248 bonum".
1313 1222 1416 1255 Quarta
1434 1222 1477 1249 lex
1497 1225 1539 1249 est
1556 1226 1678 1257 tempore
1703 1221 1772 1253 Noe.

981 1268 1007 1295 in
1029 1268 1102 1296 nube
1117 1268 1184 1303 (51).
1211 1268 1312 1301 Quinta
1334 1272 1455 1302 tempore
1478 1267 1638 1299 Abrahami,
1663 1267 1698 1295 de
1717 1268 1773 1295 eir-

980 1313 1160 1341 cumcisione.
1180 1313 1274 1345 Sexta,
1299 1314 1342 1340 lex
1368 1313 1480 1348 scripta.
1505 1313 1639 1348 Septima,
1666 1314 1772 1348 gratias.

981 1358 1059 1391 Quod
1077 1362 1167 1386 autem
1190 1359 1272 1385 etiam
1285 1358 1373 1393 gratia
1390 1358 1476 1393 legem
1499 1358 1608 1389 habent,
1628 1359 1692 1385 audi
1709 1367 1772 1385 rur-

981 1412 1041 1432 sum
1057 1404 1171 1431 Paulum
1186 1404 1321 1431 dicentem
1338 1413 1345 1431 :
1360 1404 1434 1430 Alter
1444 1403 1554 1431 alterius
1566 1412 1646 1431 onera
1659 1409 1772 1438 portate,

980 1458 1004 1480 et
1022 1452 1062 1480 sic
1072 1451 1248 1487 adimplebitis
1264 1451 1344 1486 legem
1360 1451 1502 1478 Christi".
1517 1451 1603 1479 Isaias
1614 1452 1697 1479 etiam
1712 1453 1750 1479 ait
1764 1461 1772 1478 :

981 1498 1019 1525 De
1029 1497 1094 1525 Sion
1116 1497 1196 1525 exibit
1212 1498 1254 1525 tea;
1266 1518 1272 1530 ,
1300 1502 1325 1525 et
1348 1497 1458 1524 Verbum
1473 1498 1579 1525 Domini
1592 1498 1623 1526 de
1641 1498 1773 1525 Hierusa-

982 1543 1080 1572 lem“.
1110 1543 1178 1571 Cum
1213 1544 1307 1579 itaque
1329 1543 1375 1571 hic
1402 1547 1505 1578 septem
1537 1544 1664 1571 lucernas
1695 1543 1773 1576 dicit,

140 1576 212 1620 ἑπτὰ
234 1576 343 1627 νόμούς.
377 1591 487 1626 Ἐπειδὴ
503 1591 558 1626 γὰρ
574 1576 655 1626 ἦλθεν
678 1591 692 1617 6
715 1576 832 1625 Χριστὸς
854 1588 930 1619 ὅλους

984 1593 1087 1625 septem
1113 1590 1239 1625 intelligit
1253 1576 1336 1625 leges.
1357 1576 1510 1624 Nam‘quia
1534 1589 1663 1617 Christus
1687 1589 1773 1624 venit,

139 1640 203 1670 τοὺς
218 1638 317 1674 νόμους
339 1637 485 1673 πληρῶσαι
504 1636 575 1664 κατὰ
598 1636 643 1663 τὸν
660 1635 795 1671 μακάριον
814 1634 930 1666 Παῦλον,

139 1684 185 1710 τὸν
201 1683 323 1718 λέγοντα·
347 1682 493 1717 Πλήρωμα
514 1683 608 1717 νόμου
623 1681 750 1715 Χριστὸς
763 1682 806 1714 εὶς
820 1680 932 1707 δικαιο-

139 1730 258 1764 σύνην·
283 1729 326 1755 διὰ
349 1729 429 1755 τοῦτο
447 1726 510 1754 εἷπε
530 1728 592 1759 τοὺς
608 1727 683 1754 ἑπτὰ
701 1727 845 1761 λύχνους,
863 1724 933 1751 ἑπτὰ

140 1777 249 1811 νόμους.
266 1775 322 1802 Καὶ
337 1774 408 1802 ἑπτὰ
425 1774 623 1810 ὲπαρυστρίδες
636 1773 709 1804 τίνες
724 1773 795 1804 eiul;
812 1771 846 1798 τὰ
862 1771 932 1798 ἑπτὰ

140 1823 188 1849 τοῦ
203 1822 363 1857 Πνεῦματος
376 1821 544 1857 χαρίσματα.
561 1819 645 1846 Πόθεν
658 1818 736 1846 τοῦτο
749 1819 844 1854 δῆλονς
859 1817 933 1851 λέγει

142 1867 193 1903 μὲν
216 1867 345 1899 Ἦσαῖας·
377 1867 582 1899 Ἐξελεύσεται
595 1864 708 1899 ῥάϐδος
725 1864 760 1891 ἐκ
781 1864 837 1898 τῆς
850 1863 933 1898 ῥίζης

147 1913 267 1946 Ἰεσσαὶ,
294 1912 359 1948 [καὶ
376 1912 467 1945 ἄνθος
493 1912 527 1938 ἐκ
546 1910 648 1947 ῥίζης]
666 1910 860 1944 ἀναϐήσεται,
885 1909 934 1937 καὶ

140 1960 348 1988 ἀναπαύσεται
370 1959 416 1985 ἐπ’
434 1957 528 1985 αὑτὸν
549 1957 667 1992 πνεῦμα
675 1957 797 1991 Κυρίου,
816 1957 934 1991 πνεῦμα

141 2006 255 2041 σοφίας
288 2005 338 2032 καὶ
379 2005 549 2038 συνέσεως·
585 2004 703 2038 πνεῦμα
736 2003 857 2038 ,ϐουλῆς
884 2003 934 2031 καὶ

141 2053 265 2088 ὶσχύος·
293 2051 412 2086 πνεῦμα
436 2051 574 2086 γνώσεως
602 2050 652 2077 καὶ
677 2051 844 2083 εὐσεϐείας.
879 2049 935 2077 Kal

142 2099 263 2133 πνεῦμα
287 2098 381 2132 φόϐου
405 2097 478 2124 Θεοῦ
501 2096 652 2131 ἐμπλήσει
677 2096 786 2123 αὐτόν·
807 2095 857 2122 καὶ
879 2095 935 2122 δύο

142 2143 372 2179 ἐπαρυστρίὸες,
387 2143 436 2170 καὶ
449 2142 503 2170 δύο
513 2142 610 2169 ἐλαῖαι
624 2142 733 2169 ἐπάνω.
748 2142 826 2174 Τίνες
839 2143 867 2168 αἱ
880 2141 935 2168 δύο

142 2191 258 2222 ὲλαῖαι;
275 2191 303 2216 αἱ
325 2189 370 2216 δύο
395 2188 534 2224 διαθῆκαι.
559 2189 615 2215 Καὶ
630 2189 674 2215 διὰ
695 2188 722 2214 τί
739 2189 840 2220 ταύτας
857 2186 935 2214 εἷπεν

142 2237 254 2268 ὲλαίας;
271 2235 365 2271 ἐπειδὴ
381 2235 476 2271 ὥσπερ
489 2236 506 2270 ἡ
518 2234 596 2261 ἐλαία
605 2234 729 2266 ἀειθαλὲς
745 2234 803 2269 ἔχει
822 2235 853 2261 τὸ
867 2234 935 2269 φύλ-

143 2283 200 2313 λον,
218 2281 289 2308 οὕτω
306 2282 352 2308 καὶ
368 2281 396 2308 αἱ
410 2281 457 2308 δύο
475 2281 603 2316 διαθῆκαι
627 2280 783 2312 ἀπαύστους
803 2279 852 2311 τὰς
872 2281 936 2316 περὶ

143 2327 265 2363 Χριστοῦ
281 2326 373 2362 ἔχουσι
387 2325 550 2362 μαρτυρίας.

182 2373 224 2399 Η¹.
236 2372 291 2399 Καὶ
304 2371 484 2405 ὲπηρώτησα
498 2371 549 2398 τὸν
562 2370 702 2406 ἄγγελον,
721 2370 771 2398 καὶ
785 2368 883 2397 εἶπον·
906 2369 936 2397 Τί

143 2419 214 2447 ἐστι
227 2419 339 2451 ταῦτα;
358 2418 407 2444 καὶ
420 2415 505 2444 εἶπεν
521 2418 538 2444 ὁ
552 2416 680 2452 ἄγγελος
697 2425 704 2432 ι
721 2417 763 2443 οὐ
780 2415 938 2451 γινώσκεις

144 2466 176 2493 τι
187 2465 255 2492 ἐστι
271 2463 383 2494 tuum;
395 2463 444 2490 καὶ
455 2461 543 2489 εἷπον
552 2471 561 2479 ·
575 2463 659 2497 Οὐχὶ,
679 2462 778 2497 Κύριε.
792 2462 825 2488 Τί
835 2461 935 2496 λέγεις,

144 2509 169 2539 ὦ
195 2510 338 2546 προφῆτα;
367 2510 399 2536 σὺ
423 2509 523 2544 λέγεις,
550 2509 590 2536 ὅτι
611 2507 702 2536 Εἶδον
724 2509 865 2542 λυχνίον,
887 2507 938 2534 καὶ

144 2556 330 2591 λαμπάδιον,
344 2556 393 2583 καὶ
407 2557 551 2591 λύχνους,
566 2555 616 2582 καὶ
630 2554 860 2590 ὲπαρυστρίδας.
875 2553 938 2586 Πῶς

145 2601 194 2630 οὖν
213 2603 319 2638 ἐρωτᾷς
341 2602 359 2630 ἃ
376 2600 460 2634 εἶδες
478 2602 546 2629 Ναί·
573 2602 666 2629 εἰκόνα
683 2601 738 2637 γὰρ
754 2601 877 2632 ἐὸλεπον,
893 2601 940 2627 καὶ

146 2649 241 2684 θαῦμα.
254 2648 387 2684 ἠρεύνων,
401 2648 492 2684 φησιν.
501 2649 606 2683 ’Ὥσπερ
620 2649 674 2684 γὰρ
687 2649 712 2674 οἱ
723 2648 850 2680 πλέοντες
863 2648 892 2675 ἐν
906 2649 939 2683 τῇ

182 2728 205 2744 ⁶¹
225 2727 293 2755 Luc.
315 2736 334 2754 ι.
357 2727 400 2754 78.
438 2726 461 2742 "
481 2726 553 2754 Psal.
575 2734 668 2756 cxvnt.
683 2727 743 2753 105.

147 2769 198 2796 νιι,
218 2764 261 2790 12.
299 2763 322 2779 ⁵⁷
343 2762 431 2789 Galat.
454 2771 490 2793 νι,
506 2764 533 2788 2.

185 2840 243 2874 (50)
261 2839 325 2874 Leg.
339 2840 430 2873 νόμου,
448 2839 524 2873 juxta
541 2837 620 2865 LXX.

186 2873 244 2911 (51)
267 2873 389 2901 ιιιηαίιε.
410 2875 436 2901 ln
451 2883 503 2909 qua
519 2874 645 2901 nimirum
662 2873 732 2900 Deus
754 2873 870 2909 positum
890 2883 935 2902 ro-

799 2726 822 2742 “
843 2725 923 2753 Prov.
940 2733 979 2756 vt.
998 2725 1042 2753 25.

591 2762 613 2777 ⁵⁸
634 2762 686 2788 lsa.
708 2770 738 2793 ιι,
754 2762 780 2789 5.
819 2762 841 2778 θ’
863 2762 942 2788 Rom.
960 2769 987 2792 Χ,
1003 2762 1030 2788 4.
1068 2760 1091 2776 εθ
1111 2760 1164 2788 lsn.
1183 2768 1221 2791 ιιι,
1235 2759 1293 2787 1-5.

984 1641 1013 1664 ιιι
1028 1636 1191 1671 adimplerct
1207 1638 1350 1664 universas
1368 1637 1453 1672 leges,
1470 1637 1548 1672 juxta
1562 1637 1634 1672 quod
1650 1637 1689 1664 ait
1708 1637 1772 1664 bea-

983 1686 1027 1709 tus
1042 1681 1144 1709 Paulus
1161 1691 1166 1708 :
1179 1681 1323 1709 Plenitudo
1337 1682 1399 1717 legis
1412 1681 1534 1710 Christus
1543 1682 1576 1708 ad
1583 1682 1721 1716 justitiam
1729 1683 1753 1699 "
1765 1691 1772 1709 :

984 1727 1089 1754 idcirco
1123 1731 1227 1762 septem
1255 1728 1346 1763 leges,
1367 1732 1470 1762 septem
1498 1728 1605 1755 vocavit
1635 1728 1774 1755 lucernas.

983 1773 1119 1807 Quidnam
1137 1782 1202 1801 vero
1219 1778 1284 1801 sunt
1298 1779 1394 1809 septem
1419 1773 1570 1808 inlusoria?
1587 1773 1697 1808 Septem
1712 1773 1778 1808 Spi-

984 1821 1053 1848 ritus
1068 1821 1149 1848 dona.
1163 1820 1242 1848 Unde
1258 1820 1283 1847 id
1297 1821 1381 1856 liquet
1391 1821 1401 1847 ?
1412 1821 1481 1853 Quia
1495 1820 1561 1846 dicit
1575 1820 1659 1847 Isaias
1674 1830 1680 1848 :
1693 1819 1777 1855 Egre-

985 1867 1074 1894 dietur
1089 1868 1164 1902 virga
1181 1866 1213 1894 de
1227 1867 1316 1894 radice
1327 1868 1411 1900 Jesse,
1428 1873 1452 1894 et
1466 1867 1516 1901 [los
1530 1866 1561 1893 de
1579 1867 1668 1893 radice
1683 1875 1778 1893 ascen-

983 1914 1027 1941 det
1042 1922 1051 1941 :
1067 1919 1092 1941 et
1109 1914 1250 1949 requiescet
1266 1921 1344 1948 super
1358 1921 1418 1940 eum
1438 1913 1555 1947 Spiritus
1579 1912 1702 1944 Domini;
1721 1912 1775 1946 spi-

984 1961 1052 1987 ritus
1067 1961 1204 1994 sapientia:
1217 1965 1241 1987 et
1255 1960 1421 1992 intellectus;
1437 1959 1547 1993 spiritus
1563 1959 1667 1985 consilii
1682 1963 1707 1985 et
1720 1959 1777 1992 [or-

986 2005 1119 2037 titudinis,
1137 2005 1247 2039 spiritus
1258 2005 1374 2031 scientia:
1393 2009 1417 2031 et
1429 2005 1545 2037 pietatis,
1563 2008 1587 2030 et
1599 2003 1706 2037 replebit
1718 2011 1777 2030 enin

985 2051 1095 2085 spiritus
1118 2051 1222 2077 timoris
1245 2050 1392 2077 Domini“.
1414 2050 1450 2076 Et
1472 2055 1568 2085 septem
1586 2049 1735 2084 inlusoria,-
1752 2054 1776 2075 et

985 2098 1044 2125 dua:
1058 2098 1133 2126 olim
1151 2097 1272 2133 desuper.
1292 2097 1456 2132 Ecquzenatn
1474 2097 1535 2124 dua:
1550 2097 1645 2124 olivw?
1662 2096 1719 2123 Duo
1736 2101 1777 2122 te—

985 2146 1130 2170 stamenta.
1151 2141 1236 2174 Quam
1255 2141 1290 2169 ob
1306 2149 1418 2170 causam
1442 2149 1507 2169 vero
1522 2142 1578 2169 lnec
1595 2142 1701 2168 vocavit
1727 2141 1778 2168 υιι-

985 2188 1051 2216 vas?
1066 2187 1134 2220 Quia
1148 2187 1219 2214 sicut
1231 2188 1300 2214 oliva
1319 2195 1426 2223 seraper
1440 2188 1556 2215 virentia
1572 2191 1664 2215 servat
1681 2187 1744 2214 folia
1767 2196 1774 2214 :

986 2233 1023 2260 ita
1054 2238 1080 2260 et
1111 2237 1165 2260 duo
1186 2238 1350 2261 testamenta
1380 2233 1547 2269 sempiterna
1572 2233 1714 2268 proferunt
1744 2232 1778 2259 de

987 2281 1098 2309 Christo
1116 2281 1284 2308 testimonia.

1023 2369 1090 2397 Vlll.
1115 2369 1148 2396 Et
1161 2370 1322 2404 interrogavi
1337 2369 1471 2404 angelum,
1490 2373 1514 2395 et
1525 2368 1581 2394 dixi
1598 2376 1607 2394 :
1629 2367 1701 2401 Quid
1717 2372 1779 2394 sunt

987 2417 1064 2444 lues?
1088 2416 1121 2442 Et
1145 2415 1215 2442 dixit
1240 2415 1349 2450 angelus
1366 2415 1450 2442 :Non
1477 2415 1610 2450 cognoscis
1633 2413 1697 2450 quid
1718 2418 1780 2440 sunt

987 2463 1063 2490 Iia'c?
1082 2462 1116 2488 Et
1131 2462 1188 2488 dixi
1204 2470 1213 2489 :
1234 2461 1354 2493 Minime,
1378 2461 1497 2488 Domine.
1516 2460 1587 2493 Quid
1607 2461 1658 2493 ais,
1679 2467 1695 2487 ο
1714 2467 1780 2494 pro-

990 2509 1090 2544 pheta?
1105 2508 1146 2535 Tu
1162 2507 1232 2535 dicis
1249 2517 1256 2535 :
1280 2507 1341 2534 Vidi
1358 2506 1563 2538 candelabrum,
1576 2511 1600 2533 et
1617 2505 1778 2540 lampadem,

990 2560 1024 2583 et.
1035 2555 1167 2587 lucernas,
1181 2559 1206 2582 et
1219 2554 1363 2588 inlusoria.
1383 2553 1418 2580 Ut
1433 2552 1498 2588 quid
1513 2560 1578 2587 ergo
1591 2552 1648 2587 ipsa
1662 2560 1722 2586 quas
1736 2551 1777 2578 vi—

993 2601 1069 2633 disti,
1081 2601 1253 2634 interrogas?
1265 2599 1365 2635 Utique
1380 2609 1386 2626 :
1403 2599 1550 2634 Imaginem
1561 2599 1633 2625 eilim
1645 2598 1782 2629 videbatur,

994 2647 1094 2683 inquit,
1110 2651 1137 2674 et
1152 2646 1315 2674 miraculum
1334 2645 1538 2681 perscrutabar.
1555 2644 1592 2672 Ut
1607 2644 1680 2672 enim
1696 2644 1716 2671 ii
1736 2643 1783 2680 qui

1094 2726 1118 2740 εδ
1139 2724 1218 2752 [ton].
1236 2731 1266 2753 ιι,
1284 2724 1327 2750 14.
1379 2723 1403 2738 ⁵³
1424 2722 1488 2757 Sap.
1506 2730 1565 2754 xm,
1583 2721 1610 2749 5.
1663 2721 1687 2737 “
1703 2720 1782 2748 Ruth.

992 2839 1043 2865 luit
1067 2837 1219 2873 symbolum
1239 2836 1404 2868 clementim,
1427 2840 1453 2864 et
1476 2840 1506 2865 ut
1523 2837 1650 2873 deinceps
1667 2836 1785 2865 mundus

990 2882 1043 2901 non
1058 2872 1130 2901 esset
1144 2873 1283 2909 periturus
1298 2873 1380 2900 simili
1398 2880 1533 2908 aquarum
1548 2872 1663 2900 diluvio.
