  <div class='ocr_page' id='page_1' title='image "/cluster/home/n/w/nwhite01/storage/ocr_20150623/65/njp.32101077772687/369.png"; bbox 0 0 1967 3075; ppageno 0'>
   <div class='ocr_carea' id='block_1_1' title="bbox 206 141 258 168">
    <p class='ocr_par' dir='ltr' id='par_1_1' title="bbox 206 141 258 168">
     <span class='ocr_line' id='line_1_1' title="bbox 206 141 258 168; baseline -0.019 0"><span class='ocrx_word' id='word_1_1' title='bbox 206 141 258 168; x_wconf 80' lang='lat'><strong>705</strong></span> 
     </span>
    </p>
   </div>
   <div class='ocr_carea' id='block_1_2' title="bbox 203 198 994 236">
    <p class='ocr_par' dir='ltr' id='par_1_2' title="bbox 203 198 994 236">
     <span class='ocr_line' id='line_1_2' title="bbox 203 198 994 236; baseline 0.008 -12"><span class='ocrx_word' id='word_1_2' title='bbox 203 205 280 225; x_wconf 89' lang='lat' dir='ltr'><strong>mare</strong></span> <span class='ocrx_word' id='word_1_3' title='bbox 295 198 435 233; x_wconf 85' lang='lat' dir='ltr'><strong>navigant,</strong></span> <span class='ocrx_word' id='word_1_4' title='bbox 447 201 574 234; x_wconf 80' lang='lat' dir='ltr'><strong>quamvis</strong></span> <span class='ocrx_word' id='word_1_5' title='bbox 587 200 676 236; x_wconf 84' lang='lat' dir='ltr'><strong>ipsum</strong></span> <span class='ocrx_word' id='word_1_6' title='bbox 700 201 812 236; x_wconf 75' lang='lat' dir='ltr'><strong>pelagus</strong></span> <span class='ocrx_word' id='word_1_7' title='bbox 825 203 994 235; x_wconf 85' lang='lat' dir='ltr'><strong>intueantur,</strong></span> 
     </span>
    </p>
   </div>
   <div class='ocr_carea' id='block_1_3' title="bbox 204 244 997 282">
    <p class='ocr_par' dir='ltr' id='par_1_3' title="bbox 204 244 997 282">
     <span class='ocr_line' id='line_1_3' title="bbox 204 244 997 282; baseline 0.008 -12"><span class='ocrx_word' id='word_1_8' title='bbox 204 244 276 271; x_wconf 83' lang='lat' dir='ltr'><strong>haud</strong></span> <span class='ocrx_word' id='word_1_9' title='bbox 291 249 382 272; x_wconf 87' lang='lat' dir='ltr'><strong>tamen</strong></span> <span class='ocrx_word' id='word_1_10' title='bbox 401 245 436 272; x_wconf 88' lang='lat' dir='ltr'><strong>ad</strong></span> <span class='ocrx_word' id='word_1_11' title='bbox 450 246 504 272; x_wconf 90' lang='lat' dir='ltr'><strong>ima</strong></span> <span class='ocrx_word' id='word_1_12' title='bbox 519 246 724 274; x_wconf 87' lang='lat' dir='ltr'><strong>delitescentem</strong></span> <span class='ocrx_word' id='word_1_13' title='bbox 743 248 920 282; x_wconf 73' lang='lat' dir='ltr'><strong>margaritam</strong></span> <span class='ocrx_word' id='word_1_14' title='bbox 936 256 997 276; x_wconf 82' lang='lat' dir='ltr'><strong>cer—</strong></span> 
     </span>
    </p>
   </div>
   <div class='ocr_carea' id='block_1_4' title="bbox 204 289 997 328">
    <p class='ocr_par' dir='ltr' id='par_1_4' title="bbox 204 289 997 328">
     <span class='ocr_line' id='line_1_4' title="bbox 204 289 997 328; baseline 0.004 -12"><span class='ocrx_word' id='word_1_15' title='bbox 204 294 273 316; x_wconf 91' lang='lat' dir='ltr'><strong>nunt</strong></span> <span class='ocrx_word' id='word_1_16' title='bbox 288 297 296 317; x_wconf 92' lang='lat'>:</span> <span class='ocrx_word' id='word_1_17' title='bbox 312 289 348 317; x_wconf 89' lang='lat' dir='ltr'><strong>ita</strong></span> <span class='ocrx_word' id='word_1_18' title='bbox 364 290 446 317; x_wconf 88' lang='lat' dir='ltr'><strong>etiam</strong></span> <span class='ocrx_word' id='word_1_19' title='bbox 466 291 600 326; x_wconf 86' lang='lat' dir='ltr'><strong>propheta</strong></span> <span class='ocrx_word' id='word_1_20' title='bbox 622 292 752 318; x_wconf 80' lang='lat' dir='ltr'><strong>extimam</strong></span> <span class='ocrx_word' id='word_1_21' title='bbox 768 292 878 327; x_wconf 87' lang='lat' dir='ltr'><strong>quidem</strong></span> <span class='ocrx_word' id='word_1_22' title='bbox 900 293 997 328; x_wconf 82' lang='lat' dir='ltr'><strong>imagi-</strong></span> 
     </span>
    </p>
   </div>
   <div class='ocr_carea' id='block_1_5' title="bbox 203 337 994 375">
    <p class='ocr_par' dir='ltr' id='par_1_5' title="bbox 203 337 994 375">
     <span class='ocr_line' id='line_1_5' title="bbox 203 337 994 375; baseline 0.004 -12"><span class='ocrx_word' id='word_1_23' title='bbox 203 344 265 363; x_wconf 87' lang='lat' dir='ltr'><strong>nem</strong></span> <span class='ocrx_word' id='word_1_24' title='bbox 277 337 416 370; x_wconf 85' lang='lat' dir='ltr'><strong>cernebat,</strong></span> <span class='ocrx_word' id='word_1_25' title='bbox 429 346 559 365; x_wconf 87' lang='lat' dir='ltr'><strong>arcanum</strong></span> <span class='ocrx_word' id='word_1_26' title='bbox 576 346 641 366; x_wconf 86' lang='lat' dir='ltr'><strong>vero</strong></span> <span class='ocrx_word' id='word_1_27' title='bbox 652 339 813 373; x_wconf 75' lang='lat' dir='ltr'><strong>exquirebat</strong></span> <span class='ocrx_word' id='word_1_28' title='bbox 823 339 994 375; x_wconf 76' lang='lat' dir='ltr'><strong>mysterium.</strong></span> 
     </span>
    </p>
   </div>
   <div class='ocr_carea' id='block_1_6' title="bbox 205 381 995 420">
    <p class='ocr_par' dir='ltr' id='par_1_6' title="bbox 205 381 995 420">
     <span class='ocr_line' id='line_1_6' title="bbox 205 381 995 420; baseline 0.006 -12"><span class='ocrx_word' id='word_1_29' title='bbox 205 381 310 410; x_wconf 80' lang='lat' dir='ltr'><strong>Idcirco</strong></span> <span class='ocrx_word' id='word_1_30' title='bbox 325 384 363 410; x_wconf 89' lang='lat' dir='ltr'><strong>ait</strong></span> <span class='ocrx_word' id='word_1_31' title='bbox 381 393 388 411; x_wconf 89' lang='lat'><strong>:</strong></span> <span class='ocrx_word' id='word_1_32' title='bbox 407 383 441 410; x_wconf 82' lang='lat' dir='ltr'><strong>Et</strong></span> <span class='ocrx_word' id='word_1_33' title='bbox 456 385 616 419; x_wconf 78' lang='lat' dir='ltr'><strong>interrogaui</strong></span> <span class='ocrx_word' id='word_1_34' title='bbox 633 386 765 420; x_wconf 81' lang='lat' dir='ltr'><strong>angelum.</strong></span> <span class='ocrx_word' id='word_1_35' title='bbox 784 390 808 412; x_wconf 84' lang='lat' dir='ltr'><strong>et</strong></span> <span class='ocrx_word' id='word_1_36' title='bbox 824 386 905 413; x_wconf 68' lang='lat' dir='ltr'><strong>dixi:</strong></span> <span class='ocrx_word' id='word_1_37' title='bbox 923 386 995 419; x_wconf 83' lang='lat' dir='ltr'><strong>Quid</strong></span> 
     </span>
    </p>
   </div>
   <div class='ocr_carea' id='block_1_7' title="bbox 203 429 995 466">
    <p class='ocr_par' dir='ltr' id='par_1_7' title="bbox 203 429 995 466">
     <span class='ocr_line' id='line_1_7' title="bbox 203 429 995 466; baseline 0.006 -11"><span class='ocrx_word' id='word_1_38' title='bbox 203 434 265 456; x_wconf 69' lang='lat' dir='ltr'><strong>sunt</strong></span> <span class='ocrx_word' id='word_1_39' title='bbox 280 429 357 456; x_wconf 61' lang='lat' dir='ltr'><strong>hac?</strong></span> <span class='ocrx_word' id='word_1_40' title='bbox 372 429 477 464; x_wconf 84' lang='lat' dir='ltr'><strong>Ecquid</strong></span> <span class='ocrx_word' id='word_1_41' title='bbox 494 430 602 458; x_wconf 88' lang='lat' dir='ltr'><strong>tandem</strong></span> <span class='ocrx_word' id='word_1_42' title='bbox 617 432 750 466; x_wconf 78' lang='lat' dir='ltr'><strong>angelus?</strong></span> <span class='ocrx_word' id='word_1_43' title='bbox 766 431 824 459; x_wconf 82' lang='lat' dir='ltr'><strong>Non</strong></span> <span class='ocrx_word' id='word_1_44' title='bbox 840 433 878 460; x_wconf 91' lang='lat' dir='ltr'><strong>ait</strong></span> <span class='ocrx_word' id='word_1_45' title='bbox 893 433 995 461; x_wconf 82' lang='lat' dir='ltr'><strong>vidisse</strong></span> 
     </span>
    </p>
   </div>
   <div class='ocr_carea' id='block_1_8' title="bbox 204 475 994 514">
    <p class='ocr_par' dir='ltr' id='par_1_8' title="bbox 204 475 994 514">
     <span class='ocr_line' id='line_1_8' title="bbox 204 475 994 514; baseline 0.008 -13"><span class='ocrx_word' id='word_1_46' title='bbox 204 475 411 508; x_wconf 76' lang='lat' dir='ltr'><strong>candelabrum,</strong></span> <span class='ocrx_word' id='word_1_47' title='bbox 429 481 455 503; x_wconf 89' lang='lat' dir='ltr'><strong>ct</strong></span> <span class='ocrx_word' id='word_1_48' title='bbox 471 478 634 512; x_wconf 78' lang='lat' dir='ltr'><strong>lampadem.</strong></span> <span class='ocrx_word' id='word_1_49' title='bbox 662 479 852 514; x_wconf 68' lang='lat' dir='ltr'><strong>lucernasque,</strong></span> <span class='ocrx_word' id='word_1_50' title='bbox 877 484 903 507; x_wconf 87' lang='lat' dir='ltr'><strong>ct</strong></span> <span class='ocrx_word' id='word_1_51' title='bbox 920 479 994 506; x_wconf 90' lang='lat' dir='ltr'><strong>inl&#39;u-</strong></span> 
     </span>
    </p>
   </div>
   <div class='ocr_carea' id='block_1_9' title="bbox 207 521 994 558">
    <p class='ocr_par' dir='ltr' id='par_1_9' title="bbox 207 521 994 558">
     <span class='ocr_line' id='line_1_9' title="bbox 207 521 994 558; baseline 0.006 -11"><span class='ocrx_word' id='word_1_52' title='bbox 207 521 282 547; x_wconf 81' lang='lat' dir='ltr'><strong>soria</strong></span> <span class='ocrx_word' id='word_1_53' title='bbox 297 530 303 548; x_wconf 89' lang='lat'>:</span> <span class='ocrx_word' id='word_1_54' title='bbox 317 521 364 549; x_wconf 86' lang='lat' dir='ltr'><strong>sed</strong></span> <span class='ocrx_word' id='word_1_55' title='bbox 379 523 464 550; x_wconf 88' lang='lat' dir='ltr'><strong>misso</strong></span> <span class='ocrx_word' id='word_1_56' title='bbox 476 523 630 558; x_wconf 60' lang='lat' dir='ltr'><strong>aenigmate.</strong></span> <span class='ocrx_word' id='word_1_57' title='bbox 647 525 732 558; x_wconf 88' lang='lat' dir='ltr'><strong>aperit</strong></span> <span class='ocrx_word' id='word_1_58' title='bbox 749 525 924 558; x_wconf 81' lang='lat' dir='ltr'><strong>miraculum,</strong></span> <span class='ocrx_word' id='word_1_59' title='bbox 936 525 994 552; x_wconf 80' lang='lat' dir='ltr'><strong>edi-</strong></span> 
     </span>
    </p>
   </div>
   <div class='ocr_carea' id='block_1_10' title="bbox 205 566 994 605">
    <p class='ocr_par' dir='ltr' id='par_1_10' title="bbox 205 566 994 605">
     <span class='ocr_line' id='line_1_10' title="bbox 205 566 994 605; baseline 0.006 -13"><span class='ocrx_word' id='word_1_60' title='bbox 205 566 322 599; x_wconf 85' lang='lat' dir='ltr'><strong>citque:</strong></span> <span class='ocrx_word' id='word_1_61' title='bbox 347 566 399 593; x_wconf 84' lang='lat' dir='ltr'><strong>llic</strong></span> <span class='ocrx_word' id='word_1_62' title='bbox 427 572 466 594; x_wconf 81' lang='lat' dir='ltr'><strong>est</strong></span> <span class='ocrx_word' id='word_1_63' title='bbox 496 567 587 595; x_wconf 80' lang='lat' dir='ltr'><strong>Sermo</strong></span> <span class='ocrx_word' id='word_1_64' title='bbox 614 568 732 596; x_wconf 81' lang='lat' dir='ltr'><strong>Domini.</strong></span> <span class='ocrx_word' id='word_1_65' title='bbox 760 568 857 604; x_wconf 85' lang='lat' dir='ltr'><strong>Fitque</strong></span> <span class='ocrx_word' id='word_1_66' title='bbox 880 570 994 605; x_wconf 78' lang='lat' dir='ltr'><strong>angelus</strong></span> 
     </span>
    </p>
   </div>
   <div class='ocr_carea' id='block_1_11' title="bbox 203 611 994 650">
    <p class='ocr_par' dir='ltr' id='par_1_11' title="bbox 203 611 994 650">
     <span class='ocr_line' id='line_1_11' title="bbox 203 611 994 650; baseline 0.006 -13"><span class='ocrx_word' id='word_1_67' title='bbox 203 611 369 646; x_wconf 82' lang='lat' dir='ltr'><strong>evangelista</strong></span> <span class='ocrx_word' id='word_1_68' title='bbox 384 621 390 639; x_wconf 92' lang='lat'><strong>:</strong></span> <span class='ocrx_word' id='word_1_69' title='bbox 407 611 506 647; x_wconf 89' lang='lat' dir='ltr'><strong>jubens</strong></span> <span class='ocrx_word' id='word_1_70' title='bbox 521 613 594 640; x_wconf 90' lang='lat' dir='ltr'><strong>enim</strong></span> <span class='ocrx_word' id='word_1_71' title='bbox 607 615 700 642; x_wconf 83' lang='lat' dir='ltr'><strong>valere</strong></span> <span class='ocrx_word' id='word_1_72' title='bbox 711 615 835 650; x_wconf 85' lang='lat' dir='ltr'><strong>symbola</strong></span> <span class='ocrx_word' id='word_1_73' title='bbox 848 615 917 643; x_wconf 85' lang='lat' dir='ltr'><strong>visui</strong></span> <span class='ocrx_word' id='word_1_74' title='bbox 930 623 994 650; x_wconf 87' lang='lat' dir='ltr'><strong>pro-</strong></span> 
     </span>
    </p>
   </div>
   <div class='ocr_carea' id='block_1_12' title="bbox 203 658 993 695">
    <p class='ocr_par' dir='ltr' id='par_1_12' title="bbox 203 658 993 695">
     <span class='ocr_line' id='line_1_12' title="bbox 203 658 993 695; baseline 0.008 -12"><span class='ocrx_word' id='word_1_75' title='bbox 203 658 302 691; x_wconf 87' lang='lat' dir='ltr'><strong>posita,</strong></span> <span class='ocrx_word' id='word_1_76' title='bbox 321 658 482 685; x_wconf 84' lang='lat' dir='ltr'><strong>miraculum</strong></span> <span class='ocrx_word' id='word_1_77' title='bbox 496 659 636 693; x_wconf 63' lang='lat' dir='ltr'><strong>praedicat.</strong></span> <span class='ocrx_word' id='word_1_78' title='bbox 655 661 747 695; x_wconf 86' lang='lat' dir='ltr'><strong>aitque</strong></span> <span class='ocrx_word' id='word_1_79' title='bbox 761 670 768 688; x_wconf 92' lang='lat'><strong>:</strong></span> <span class='ocrx_word' id='word_1_80' title='bbox 786 661 838 688; x_wconf 78' lang='lat' dir='ltr'><strong>Hic</strong></span> <span class='ocrx_word' id='word_1_81' title='bbox 850 667 889 689; x_wconf 78' lang='lat' dir='ltr'><strong>est</strong></span> <span class='ocrx_word' id='word_1_82' title='bbox 900 661 993 690; x_wconf 83' lang='lat' dir='ltr'><strong>Sermo</strong></span> 
     </span>
    </p>
   </div>
   <div class='ocr_carea' id='block_1_13' title="bbox 202 703 993 741">
    <p class='ocr_par' dir='ltr' id='par_1_13' title="bbox 202 703 993 741">
     <span class='ocr_line' id='line_1_13' title="bbox 202 703 993 741; baseline 0.008 -11"><span class='ocrx_word' id='word_1_83' title='bbox 202 703 319 731; x_wconf 80' lang='lat' dir='ltr'><strong>Domini.</strong></span> <span class='ocrx_word' id='word_1_84' title='bbox 346 704 416 737; x_wconf 90' lang='lat' dir='ltr'><strong>Quid</strong></span> <span class='ocrx_word' id='word_1_85' title='bbox 440 705 497 737; x_wconf 82' lang='lat' dir='ltr'><strong>ais,</strong></span> <span class='ocrx_word' id='word_1_86' title='bbox 521 713 538 733; x_wconf 91' lang='grc' dir='ltr'><strong>ο</strong></span> <span class='ocrx_word' id='word_1_87' title='bbox 561 707 673 741; x_wconf 83' lang='lat' dir='ltr'><strong>angcle?</strong></span> <span class='ocrx_word' id='word_1_88' title='bbox 698 707 847 735; x_wconf 83' lang='lat' dir='ltr'><strong>Ostendisti</strong></span> <span class='ocrx_word' id='word_1_89' title='bbox 864 715 947 740; x_wconf 85' lang='lat' dir='ltr'><strong>vasa,</strong></span> <span class='ocrx_word' id='word_1_90' title='bbox 965 713 993 736; x_wconf 88' lang='lat' dir='ltr'><strong>et</strong></span> 
     </span>
    </p>
   </div>
   <div class='ocr_carea' id='block_1_14' title="bbox 203 749 992 789">
    <p class='ocr_par' dir='ltr' id='par_1_14' title="bbox 203 749 992 789">
     <span class='ocr_line' id='line_1_14' title="bbox 203 749 992 789; baseline 0.009 -14"><span class='ocrx_word' id='word_1_91' title='bbox 203 749 322 778; x_wconf 85' lang='lat' dir='ltr'><strong>Verbum</strong></span> <span class='ocrx_word' id='word_1_92' title='bbox 335 751 529 786; x_wconf 82' lang='lat' dir='ltr'><strong>evangelizas?</strong></span> <span class='ocrx_word' id='word_1_93' title='bbox 541 751 656 786; x_wconf 85' lang='lat' dir='ltr'><strong>Utique;</strong></span> <span class='ocrx_word' id='word_1_94' title='bbox 669 761 731 780; x_wconf 87' lang='lat' dir='ltr'><strong>nam</strong></span> <span class='ocrx_word' id='word_1_95' title='bbox 742 755 857 789; x_wconf 70' lang='lat' dir='ltr'><strong>aettigtna</strong></span> <span class='ocrx_word' id='word_1_96' title='bbox 868 759 910 782; x_wconf 92' lang='lat' dir='ltr'><strong>est</strong></span> <span class='ocrx_word' id='word_1_97' title='bbox 920 755 992 789; x_wconf 92' lang='lat' dir='ltr'><strong>quod</strong></span> 
     </span>
    </p>
   </div>
   <div class='ocr_carea' id='block_1_15' title="bbox 203 796 992 833">
    <p class='ocr_par' dir='ltr' id='par_1_15' title="bbox 203 796 992 833">
     <span class='ocr_line' id='line_1_15' title="bbox 203 796 992 833; baseline 0.008 -12"><span class='ocrx_word' id='word_1_98' title='bbox 203 801 354 830; x_wconf 80' lang='lat' dir='ltr'><strong>spectatur,</strong></span> <span class='ocrx_word' id='word_1_99' title='bbox 372 796 516 832; x_wconf 78' lang='lat' dir='ltr'><strong>gratiaque</strong></span> <span class='ocrx_word' id='word_1_100' title='bbox 533 798 704 833; x_wconf 84' lang='lat' dir='ltr'><strong>mysterium.</strong></span> <span class='ocrx_word' id='word_1_101' title='bbox 722 799 792 832; x_wconf 92' lang='lat' dir='ltr'><strong>Quia</strong></span> <span class='ocrx_word' id='word_1_102' title='bbox 808 800 881 827; x_wconf 87' lang='lat' dir='ltr'><strong>enim</strong></span> <span class='ocrx_word' id='word_1_103' title='bbox 899 799 992 828; x_wconf 84' lang='lat' dir='ltr'><strong>Domi-</strong></span> 
     </span>
    </p>
   </div>
   <div class='ocr_carea' id='block_1_16' title="bbox 203 841 991 878">
    <p class='ocr_par' dir='ltr' id='par_1_16' title="bbox 203 841 991 878">
     <span class='ocr_line' id='line_1_16' title="bbox 203 841 991 878; baseline 0.008 -10"><span class='ocrx_word' id='word_1_104' title='bbox 203 849 255 868; x_wconf 86' lang='lat' dir='ltr'><strong>nus</strong></span> <span class='ocrx_word' id='word_1_105' title='bbox 282 841 354 869; x_wconf 85' lang='lat' dir='ltr'><strong>Deus</strong></span> <span class='ocrx_word' id='word_1_106' title='bbox 383 842 417 870; x_wconf 90' lang='lat' dir='ltr'><strong>de</strong></span> <span class='ocrx_word' id='word_1_107' title='bbox 445 843 556 878; x_wconf 82' lang='lat' dir='ltr'><strong>Virgine</strong></span> <span class='ocrx_word' id='word_1_108' title='bbox 576 845 733 873; x_wconf 77' lang='lat' dir='ltr'><strong>nasciturus</strong></span> <span class='ocrx_word' id='word_1_109' title='bbox 760 849 816 873; x_wconf 85' lang='lat' dir='ltr'><strong>erat</strong></span> <span class='ocrx_word' id='word_1_110' title='bbox 841 847 991 874; x_wconf 86' lang='lat' dir='ltr'><strong>secundum</strong></span> 
     </span>
    </p>
   </div>
   <div class='ocr_carea' id='block_1_17' title="bbox 202 889 993 928">
    <p class='ocr_par' dir='ltr' id='par_1_17' title="bbox 202 889 993 928">
     <span class='ocr_line' id='line_1_17' title="bbox 202 889 993 928; baseline 0.008 -14"><span class='ocrx_word' id='word_1_111' title='bbox 202 895 313 915; x_wconf 84' lang='lat' dir='ltr'><strong>carnem</strong></span> <span class='ocrx_word' id='word_1_112' title='bbox 331 896 364 916; x_wconf 88' lang='lat' dir='ltr'><strong>ac</strong></span> <span class='ocrx_word' id='word_1_113' title='bbox 383 889 532 917; x_wconf 88' lang='lat' dir='ltr'><strong>humanam</strong></span> <span class='ocrx_word' id='word_1_114' title='bbox 555 889 670 918; x_wconf 80' lang='lat' dir='ltr'><strong>formam</strong></span> <span class='ocrx_word' id='word_1_115' title='bbox 695 896 869 926; x_wconf 83' lang='lat' dir='ltr'><strong>accepturus,</strong></span> <span class='ocrx_word' id='word_1_116' title='bbox 889 901 993 928; x_wconf 90' lang='lat' dir='ltr'><strong>proque</strong></span> 
     </span>
    </p>
   </div>
   <div class='ocr_carea' id='block_1_18' title="bbox 202 935 992 967">
    <p class='ocr_par' dir='ltr' id='par_1_18' title="bbox 202 935 992 967">
     <span class='ocr_line' id='line_1_18' title="bbox 202 935 992 967; baseline 0.006 -6"><span class='ocrx_word' id='word_1_117' title='bbox 202 942 252 961; x_wconf 88' lang='lat' dir='ltr'><strong>sua</strong></span> <span class='ocrx_word' id='word_1_118' title='bbox 264 935 449 964; x_wconf 83' lang='lat' dir='ltr'><strong>incarnandus</strong></span> <span class='ocrx_word' id='word_1_119' title='bbox 463 936 623 964; x_wconf 87' lang='lat' dir='ltr'><strong>voluntate:</strong></span> <span class='ocrx_word' id='word_1_120' title='bbox 643 938 817 965; x_wconf 89' lang='lat' dir='ltr'><strong>criminaturi</strong></span> <span class='ocrx_word' id='word_1_121' title='bbox 839 947 903 966; x_wconf 85' lang='lat' dir='ltr'><strong>vero</strong></span> <span class='ocrx_word' id='word_1_122' title='bbox 913 943 992 967; x_wconf 87' lang='lat' dir='ltr'><strong>erant</strong></span> 
     </span>
    </p>
   </div>
   <div class='ocr_carea' id='block_1_19' title="bbox 201 981 993 1020">
    <p class='ocr_par' dir='ltr' id='par_1_19' title="bbox 201 981 993 1020">
     <span class='ocr_line' id='line_1_19' title="bbox 201 981 993 1020; baseline 0.006 -12"><span class='ocrx_word' id='word_1_123' title='bbox 201 981 288 1009; x_wconf 63' lang='lat' dir='ltr'><strong>.Indaii</strong></span> <span class='ocrx_word' id='word_1_124' title='bbox 312 983 486 1016; x_wconf 79' lang='lat' dir='ltr'><strong>miraculum,</strong></span> <span class='ocrx_word' id='word_1_125' title='bbox 501 991 534 1010; x_wconf 91' lang='lat' dir='ltr'><strong>ac</strong></span> <span class='ocrx_word' id='word_1_126' title='bbox 550 984 649 1011; x_wconf 89' lang='lat' dir='ltr'><strong>dicturi</strong></span> <span class='ocrx_word' id='word_1_127' title='bbox 669 993 676 1012; x_wconf 89' lang='lat'><strong>:</strong></span> <span class='ocrx_word' id='word_1_128' title='bbox 697 985 822 1018; x_wconf 90' lang='lat' dir='ltr'><strong>Quonam</strong></span> <span class='ocrx_word' id='word_1_129' title='bbox 843 991 925 1020; x_wconf 87' lang='lat' dir='ltr'><strong>pacto</strong></span> <span class='ocrx_word' id='word_1_130' title='bbox 945 986 993 1014; x_wconf 88' lang='lat' dir='ltr'><strong>Dei</strong></span> 
     </span>
    </p>
   </div>
   <div class='ocr_carea' id='block_1_20' title="bbox 204 1027 993 1066">
    <p class='ocr_par' dir='ltr' id='par_1_20' title="bbox 204 1027 993 1066">
     <span class='ocr_line' id='line_1_20' title="bbox 204 1027 993 1066; baseline 0.008 -12"><span class='ocrx_word' id='word_1_131' title='bbox 204 1027 334 1059; x_wconf 80' lang='lat' dir='ltr'><strong>Verbum,</strong></span> <span class='ocrx_word' id='word_1_132' title='bbox 363 1028 475 1056; x_wconf 82' lang='lat' dir='ltr'><strong>Verbum</strong></span> <span class='ocrx_word' id='word_1_133' title='bbox 499 1030 567 1064; x_wconf 85' lang='lat' dir='ltr'><strong>quod</strong></span> <span class='ocrx_word' id='word_1_134' title='bbox 585 1035 642 1058; x_wconf 82' lang='lat' dir='ltr'><strong>erat</strong></span> <span class='ocrx_word' id='word_1_135' title='bbox 664 1031 691 1058; x_wconf 85' lang='lat' dir='ltr'><strong>in</strong></span> <span class='ocrx_word' id='word_1_136' title='bbox 710 1032 851 1066; x_wconf 78' lang='lat' dir='ltr'><strong>principio,</strong></span> <span class='ocrx_word' id='word_1_137' title='bbox 880 1032 993 1060; x_wconf 80' lang='lat' dir='ltr'><strong>Verbum</strong></span> 
     </span>
    </p>
   </div>
   <div class='ocr_carea' id='block_1_21' title="bbox 201 1074 993 1111">
    <p class='ocr_par' dir='ltr' id='par_1_21' title="bbox 201 1074 993 1111">
     <span class='ocr_line' id='line_1_21' title="bbox 201 1074 993 1111; baseline 0.006 -11"><span class='ocrx_word' id='word_1_138' title='bbox 201 1074 271 1108; x_wconf 81' lang='lat' dir='ltr'><strong>quod</strong></span> <span class='ocrx_word' id='word_1_139' title='bbox 289 1079 346 1101; x_wconf 79' lang='lat' dir='ltr'><strong>erat</strong></span> <span class='ocrx_word' id='word_1_140' title='bbox 361 1075 432 1108; x_wconf 79' lang='lat' dir='ltr'><strong>apud</strong></span> <span class='ocrx_word' id='word_1_141' title='bbox 456 1075 584 1109; x_wconf 76' lang='lat' dir='ltr'><strong>Deum“,</strong></span> <span class='ocrx_word' id='word_1_142' title='bbox 603 1077 690 1111; x_wconf 88' lang='lat' dir='ltr'><strong>potuit</strong></span> <span class='ocrx_word' id='word_1_143' title='bbox 709 1078 735 1104; x_wconf 93' lang='lat' dir='ltr'><strong>in</strong></span> <span class='ocrx_word' id='word_1_144' title='bbox 760 1077 880 1105; x_wconf 86' lang='lat' dir='ltr'><strong>humana</strong></span> <span class='ocrx_word' id='word_1_145' title='bbox 905 1078 993 1105; x_wconf 79' lang='lat' dir='ltr'><strong>forma</strong></span> 
     </span>
    </p>
   </div>
   <div class='ocr_carea' id='block_1_22' title="bbox 203 1121 994 1159">
    <p class='ocr_par' dir='ltr' id='par_1_22' title="bbox 203 1121 994 1159">
     <span class='ocr_line' id='line_1_22' title="bbox 203 1121 994 1159; baseline 0.006 -12"><span class='ocrx_word' id='word_1_146' title='bbox 203 1121 290 1153; x_wconf 87' lang='lat' dir='ltr'><strong>nasci,</strong></span> <span class='ocrx_word' id='word_1_147' title='bbox 307 1125 334 1148; x_wconf 90' lang='lat' dir='ltr'><strong>et</strong></span> <span class='ocrx_word' id='word_1_148' title='bbox 349 1129 381 1148; x_wconf 82' lang='lat' dir='ltr'><strong>ex</strong></span> <span class='ocrx_word' id='word_1_149' title='bbox 396 1129 447 1148; x_wconf 82' lang='lat' dir='ltr'><strong>suo</strong></span> <span class='ocrx_word' id='word_1_150' title='bbox 462 1121 591 1156; x_wconf 81' lang='lat' dir='ltr'><strong>ﬁgmento</strong></span> <span class='ocrx_word' id='word_1_151' title='bbox 605 1130 717 1150; x_wconf 81' lang='lat' dir='ltr'><strong>carnem</strong></span> <span class='ocrx_word' id='word_1_152' title='bbox 733 1124 860 1151; x_wconf 84' lang='lat' dir='ltr'><strong>sumere?</strong></span> <span class='ocrx_word' id='word_1_153' title='bbox 879 1128 908 1151; x_wconf 96' lang='lat' dir='ltr'><strong>ut</strong></span> <span class='ocrx_word' id='word_1_154' title='bbox 928 1132 994 1159; x_wconf 81' lang='lat' dir='ltr'><strong>ergo</strong></span> 
     </span>
    </p>
   </div>
   <div class='ocr_carea' id='block_1_23' title="bbox 203 1166 995 1206">
    <p class='ocr_par' dir='ltr' id='par_1_23' title="bbox 203 1166 995 1206">
     <span class='ocr_line' id='line_1_23' title="bbox 203 1166 995 1206; baseline 0.006 -14"><span class='ocrx_word' id='word_1_155' title='bbox 203 1166 361 1194; x_wconf 80' lang='lat' dir='ltr'><strong>Juda-ortun</strong></span> <span class='ocrx_word' id='word_1_156' title='bbox 381 1175 429 1195; x_wconf 90' lang='lat' dir='ltr'><strong>ora</strong></span> <span class='ocrx_word' id='word_1_157' title='bbox 451 1168 615 1199; x_wconf 82' lang='lat' dir='ltr'><strong>Obstrueret.</strong></span> <span class='ocrx_word' id='word_1_158' title='bbox 633 1169 752 1196; x_wconf 79' lang='lat' dir='ltr'><strong>ostendit</strong></span> <span class='ocrx_word' id='word_1_159' title='bbox 769 1170 918 1204; x_wconf 59' lang='lat' dir='ltr'><strong>prophetae,</strong></span> <span class='ocrx_word' id='word_1_160' title='bbox 944 1178 995 1206; x_wconf 89' lang='lat' dir='ltr'><strong>pro</strong></span> 
     </span>
    </p>
   </div>
   <div class='ocr_carea' id='block_1_24' title="bbox 203 1212 994 1251">
    <p class='ocr_par' dir='ltr' id='par_1_24' title="bbox 203 1212 994 1251">
     <span class='ocr_line' id='line_1_24' title="bbox 203 1212 994 1251; baseline 0.004 -11"><span class='ocrx_word' id='word_1_161' title='bbox 203 1212 326 1248; x_wconf 72' lang='lat' dir='ltr'><strong>Virgine.</strong></span> <span class='ocrx_word' id='word_1_162' title='bbox 346 1213 558 1248; x_wconf 82' lang='lat' dir='ltr'><strong>candelabrum;</strong></span> <span class='ocrx_word' id='word_1_163' title='bbox 583 1214 716 1242; x_wconf 78' lang='lat' dir='ltr'><strong>inlusoria</strong></span> <span class='ocrx_word' id='word_1_164' title='bbox 743 1224 794 1250; x_wconf 88' lang='lat' dir='ltr'><strong>pro</strong></span> <span class='ocrx_word' id='word_1_165' title='bbox 817 1216 912 1249; x_wconf 90' lang='lat' dir='ltr'><strong>donis;</strong></span> <span class='ocrx_word' id='word_1_166' title='bbox 944 1225 994 1251; x_wconf 88' lang='lat' dir='ltr'><strong>pro</strong></span> 
     </span>
    </p>
   </div>
   <div class='ocr_carea' id='block_1_25' title="bbox 203 1259 993 1296">
    <p class='ocr_par' dir='ltr' id='par_1_25' title="bbox 203 1259 993 1296">
     <span class='ocr_line' id='line_1_25' title="bbox 203 1259 993 1296; baseline 0.006 -11"><span class='ocrx_word' id='word_1_167' title='bbox 203 1260 378 1287; x_wconf 77' lang='lat' dir='ltr'><strong>testamentis</strong></span> <span class='ocrx_word' id='word_1_168' title='bbox 393 1259 496 1292; x_wconf 81' lang='lat' dir='ltr'><strong>olivas.</strong></span> <span class='ocrx_word' id='word_1_169' title='bbox 512 1268 561 1295; x_wconf 91' lang='lat' dir='ltr'><strong>pro</strong></span> <span class='ocrx_word' id='word_1_170' title='bbox 577 1261 720 1288; x_wconf 87' lang='lat' dir='ltr'><strong>Salvatore</strong></span> <span class='ocrx_word' id='word_1_171' title='bbox 736 1261 898 1296; x_wconf 78' lang='lat' dir='ltr'><strong>lampadem.</strong></span> <span class='ocrx_word' id='word_1_172' title='bbox 914 1263 993 1296; x_wconf 85' lang='lat' dir='ltr'><strong>Quod</strong></span> 
     </span>
    </p>
   </div>
   <div class='ocr_carea' id='block_1_26' title="bbox 202 1305 991 1341">
    <p class='ocr_par' dir='ltr' id='par_1_26' title="bbox 202 1305 991 1341">
     <span class='ocr_line' id='line_1_26' title="bbox 202 1305 991 1341; baseline 0.005 -10"><span class='ocrx_word' id='word_1_173' title='bbox 202 1310 294 1332; x_wconf 80' lang='lat' dir='ltr'><strong>autem</strong></span> <span class='ocrx_word' id='word_1_174' title='bbox 313 1305 450 1340; x_wconf 63' lang='lat' dir='ltr'><strong>prophetae</strong></span> <span class='ocrx_word' id='word_1_175' title='bbox 465 1305 617 1340; x_wconf 83' lang='lat' dir='ltr'><strong>lampadem</strong></span> <span class='ocrx_word' id='word_1_176' title='bbox 630 1307 827 1341; x_wconf 79' lang='lat' dir='ltr'><strong>appellaverint</strong></span> <span class='ocrx_word' id='word_1_177' title='bbox 848 1307 991 1335; x_wconf 87' lang='lat' dir='ltr'><strong>Dominum</strong></span> 
     </span>
    </p>
   </div>
   <div class='ocr_carea' id='block_1_27' title="bbox 202 1351 991 1387">
    <p class='ocr_par' dir='ltr' id='par_1_27' title="bbox 202 1351 991 1387">
     <span class='ocr_line' id='line_1_27' title="bbox 202 1351 991 1387; baseline 0.005 -10"><span class='ocrx_word' id='word_1_178' title='bbox 202 1351 343 1378; x_wconf 74' lang='lat' dir='ltr'><strong>Christum</strong></span> <span class='ocrx_word' id='word_1_179' title='bbox 356 1371 363 1384; x_wconf 91' lang='lat'>,</span> <span class='ocrx_word' id='word_1_180' title='bbox 387 1351 572 1384; x_wconf 85' lang='lat' dir='ltr'><strong>incarnatum,</strong></span> <span class='ocrx_word' id='word_1_181' title='bbox 592 1353 714 1387; x_wconf 90' lang='lat' dir='ltr'><strong>inquam,</strong></span> <span class='ocrx_word' id='word_1_182' title='bbox 745 1352 887 1386; x_wconf 82' lang='lat' dir='ltr'><strong>Verbum,</strong></span> <span class='ocrx_word' id='word_1_183' title='bbox 908 1353 991 1381; x_wconf 80' lang='lat' dir='ltr'><strong>Dcum</strong></span> 
     </span>
    </p>
   </div>
   <div class='ocr_carea' id='block_1_28' title="bbox 202 1398 992 1434">
    <p class='ocr_par' dir='ltr' id='par_1_28' title="bbox 202 1398 992 1434">
     <span class='ocr_line' id='line_1_28' title="bbox 202 1398 992 1434; baseline 0.004 -11"><span class='ocrx_word' id='word_1_184' title='bbox 202 1405 257 1424; x_wconf 88' lang='lat' dir='ltr'><strong>non</strong></span> <span class='ocrx_word' id='word_1_185' title='bbox 279 1401 430 1431; x_wconf 90' lang='lat' dir='ltr'><strong>mutatum,</strong></span> <span class='ocrx_word' id='word_1_186' title='bbox 446 1406 478 1426; x_wconf 82' lang='lat' dir='ltr'><strong>ex</strong></span> <span class='ocrx_word' id='word_1_187' title='bbox 495 1398 566 1426; x_wconf 89' lang='lat' dir='ltr'><strong>Isaia</strong></span> <span class='ocrx_word' id='word_1_188' title='bbox 583 1400 692 1434; x_wconf 78' lang='lat' dir='ltr'><strong>accipe,</strong></span> <span class='ocrx_word' id='word_1_189' title='bbox 715 1408 778 1426; x_wconf 91' lang='lat' dir='ltr'><strong>cum</strong></span> <span class='ocrx_word' id='word_1_190' title='bbox 796 1401 854 1427; x_wconf 86' lang='lat' dir='ltr'><strong>ait:</strong></span> <span class='ocrx_word' id='word_1_191' title='bbox 872 1400 992 1428; x_wconf 69' lang='lat' dir='ltr'><strong>Exsultet</strong></span> 
     </span>
    </p>
   </div>
   <div class='ocr_carea' id='block_1_29' title="bbox 204 1443 992 1476">
    <p class='ocr_par' dir='ltr' id='par_1_29' title="bbox 204 1443 992 1476">
     <span class='ocr_line' id='line_1_29' title="bbox 204 1443 992 1476; baseline 0.008 -9"><span class='ocrx_word' id='word_1_192' title='bbox 204 1443 292 1469; x_wconf 84' lang='lat' dir='ltr'><strong>anima</strong></span> <span class='ocrx_word' id='word_1_193' title='bbox 315 1451 374 1470; x_wconf 87' lang='lat' dir='ltr'><strong>mea</strong></span> <span class='ocrx_word' id='word_1_194' title='bbox 392 1444 419 1470; x_wconf 86' lang='lat' dir='ltr'><strong>in</strong></span> <span class='ocrx_word' id='word_1_195' title='bbox 445 1443 577 1476; x_wconf 84' lang='lat' dir='ltr'><strong>Domino;</strong></span> <span class='ocrx_word' id='word_1_196' title='bbox 595 1445 683 1472; x_wconf 82' lang='lat' dir='ltr'><strong>induit</strong></span> <span class='ocrx_word' id='word_1_197' title='bbox 700 1446 770 1472; x_wconf 71' lang='lat' dir='ltr'><strong>enim</strong></span> <span class='ocrx_word' id='word_1_198' title='bbox 786 1455 826 1473; x_wconf 80' lang='lat' dir='ltr'><strong>me</strong></span> <span class='ocrx_word' id='word_1_199' title='bbox 840 1448 992 1475; x_wconf 78' lang='lat' dir='ltr'><strong>uestimento</strong></span> 
     </span>
    </p>
   </div>
   <div class='ocr_carea' id='block_1_30' title="bbox 204 1487 991 1527">
    <p class='ocr_par' dir='ltr' id='par_1_30' title="bbox 204 1487 991 1527">
     <span class='ocr_line' id='line_1_30' title="bbox 204 1487 991 1527; baseline 0.008 -13"><span class='ocrx_word' id='word_1_200' title='bbox 204 1487 298 1514; x_wconf 73' lang='lat' dir='ltr'><strong>saluti:</strong></span> <span class='ocrx_word' id='word_1_201' title='bbox 315 1494 339 1515; x_wconf 86' lang='lat' dir='ltr'><strong>et</strong></span> <span class='ocrx_word' id='word_1_202' title='bbox 355 1490 446 1516; x_wconf 84' lang='lat' dir='ltr'><strong>tunica</strong></span> <span class='ocrx_word' id='word_1_203' title='bbox 471 1490 573 1519; x_wconf 70' lang='lat' dir='ltr'><strong>laetitia:</strong></span> <span class='ocrx_word' id='word_1_204' title='bbox 587 1499 595 1517; x_wconf 92' lang='lat'><strong><em>:</em></strong></span> <span class='ocrx_word' id='word_1_205' title='bbox 612 1492 680 1518; x_wconf 75' lang='lat' dir='ltr'><strong>sicut</strong></span> <span class='ocrx_word' id='word_1_206' title='bbox 693 1499 788 1526; x_wconf 70' lang='lat' dir='ltr'><strong>sponso</strong></span> <span class='ocrx_word' id='word_1_207' title='bbox 802 1492 991 1527; x_wconf 73' lang='lat' dir='ltr'><strong>circumposuit</strong></span> 
     </span>
    </p>
   </div>
   <div class='ocr_carea' id='block_1_31' title="bbox 204 1534 992 1571">
    <p class='ocr_par' dir='ltr' id='par_1_31' title="bbox 204 1534 992 1571">
     <span class='ocr_line' id='line_1_31' title="bbox 204 1534 992 1571; baseline 0.006 -11"><span class='ocrx_word' id='word_1_208' title='bbox 204 1534 269 1561; x_wconf 81' lang='lat' dir='ltr'><strong>nti/ti</strong></span> <span class='ocrx_word' id='word_1_209' title='bbox 285 1536 392 1562; x_wconf 84' lang='lat' dir='ltr'><strong>mitram</strong></span> <span class='ocrx_word' id='word_1_210' title='bbox 403 1555 410 1566; x_wconf 81' lang='grc'>,</span> <span class='ocrx_word' id='word_1_211' title='bbox 424 1541 449 1563; x_wconf 81' lang='lat' dir='ltr'><strong>et</strong></span> <span class='ocrx_word' id='word_1_212' title='bbox 469 1536 537 1563; x_wconf 71' lang='lat' dir='ltr'><strong>sicut</strong></span> <span class='ocrx_word' id='word_1_213' title='bbox 555 1545 681 1571; x_wconf 71' lang='lat' dir='ltr'><strong>sponsam</strong></span> <span class='ocrx_word' id='word_1_214' title='bbox 697 1538 800 1564; x_wconf 79' lang='lat' dir='ltr'><strong>ornavit</strong></span> <span class='ocrx_word' id='word_1_215' title='bbox 814 1546 855 1565; x_wconf 82' lang='lat' dir='ltr'><strong>me</strong></span> <span class='ocrx_word' id='word_1_216' title='bbox 875 1539 992 1571; x_wconf 82' lang='lat' dir='ltr'><strong>mundo;</strong></span> 
     </span>
    </p>
   </div>
   <div class='ocr_carea' id='block_1_32' title="bbox 203 1581 992 1617">
    <p class='ocr_par' dir='ltr' id='par_1_32' title="bbox 203 1581 992 1617">
     <span class='ocr_line' id='line_1_32' title="bbox 203 1581 992 1617; baseline 0.006 -10"><span class='ocrx_word' id='word_1_217' title='bbox 203 1585 228 1608; x_wconf 79' lang='lat' dir='ltr'><strong>et</strong></span> <span class='ocrx_word' id='word_1_218' title='bbox 249 1581 317 1607; x_wconf 71' lang='lat' dir='ltr'><strong>sicut</strong></span> <span class='ocrx_word' id='word_1_219' title='bbox 344 1586 442 1608; x_wconf 73' lang='lat' dir='ltr'><strong>terram</strong></span> <span class='ocrx_word' id='word_1_220' title='bbox 468 1582 617 1617; x_wconf 76' lang='lat' dir='ltr'><strong>efferentem</strong></span> <span class='ocrx_word' id='word_1_221' title='bbox 639 1583 731 1617; x_wconf 78' lang='lat' dir='ltr'><strong>ﬂorem</strong></span> <span class='ocrx_word' id='word_1_222' title='bbox 757 1592 850 1615; x_wconf 73' lang='lat' dir='ltr'><strong>situm.</strong></span> <span class='ocrx_word' id='word_1_223' title='bbox 876 1591 900 1612; x_wconf 80' lang='lat' dir='ltr'><strong>et</strong></span> <span class='ocrx_word' id='word_1_224' title='bbox 924 1586 992 1612; x_wconf 73' lang='lat' dir='ltr'><strong>sicut</strong></span> 
     </span>
    </p>
   </div>
   <div class='ocr_carea' id='block_1_33' title="bbox 203 1627 993 1664">
    <p class='ocr_par' dir='ltr' id='par_1_33' title="bbox 203 1627 993 1664">
     <span class='ocr_line' id='line_1_33' title="bbox 203 1627 993 1664; baseline 0.006 -12"><span class='ocrx_word' id='word_1_225' title='bbox 203 1627 296 1653; x_wconf 73' lang='lat' dir='ltr'><strong>hortus</strong></span> <span class='ocrx_word' id='word_1_226' title='bbox 325 1628 428 1654; x_wconf 75' lang='lat' dir='ltr'><strong>semina</strong></span> <span class='ocrx_word' id='word_1_227' title='bbox 454 1636 518 1662; x_wconf 70' lang='lat' dir='ltr'><strong>sua,</strong></span> <span class='ocrx_word' id='word_1_228' title='bbox 535 1630 575 1657; x_wconf 69' lang='lat' dir='ltr'><strong>sic</strong></span> <span class='ocrx_word' id='word_1_229' title='bbox 589 1629 738 1664; x_wconf 80' lang='lat' dir='ltr'><strong>germinare</strong></span> <span class='ocrx_word' id='word_1_230' title='bbox 762 1630 841 1664; x_wconf 80' lang='lat' dir='ltr'><strong>faciet</strong></span> <span class='ocrx_word' id='word_1_231' title='bbox 864 1630 993 1659; x_wconf 69' lang='lat' dir='ltr'><strong>Dominus</strong></span> 
     </span>
    </p>
   </div>
   <div class='ocr_carea' id='block_1_34' title="bbox 184 1671 992 1711">
    <p class='ocr_par' dir='ltr' id='par_1_34' title="bbox 184 1671 992 1711">
     <span class='ocr_line' id='line_1_34' title="bbox 184 1671 992 1711; baseline 0.005 -13"><span class='ocrx_word' id='word_1_232' title='bbox 184 1671 336 1704; x_wconf 76' lang='lat' dir='ltr'><strong>&quot;iustitiam</strong></span> <span class='ocrx_word' id='word_1_233' title='bbox 360 1677 384 1700; x_wconf 79' lang='lat' dir='ltr'><strong>et</strong></span> <span class='ocrx_word' id='word_1_234' title='bbox 415 1673 619 1700; x_wconf 71' lang='lat' dir='ltr'><strong>exsultationem</strong></span> <span class='ocrx_word' id='word_1_235' title='bbox 645 1682 735 1701; x_wconf 80' lang='lat' dir='ltr'><strong>coram</strong></span> <span class='ocrx_word' id='word_1_236' title='bbox 760 1676 888 1702; x_wconf 65' lang='lat' dir='ltr'><strong>uniuersis</strong></span> <span class='ocrx_word' id='word_1_237' title='bbox 909 1678 992 1711; x_wconf 80' lang='lat' dir='ltr'><strong>genti-</strong></span> 
     </span>
    </p>
   </div>
   <div class='ocr_carea' id='block_1_35' title="bbox 204 1718 992 1756">
    <p class='ocr_par' dir='ltr' id='par_1_35' title="bbox 204 1718 992 1756">
     <span class='ocr_line' id='line_1_35' title="bbox 204 1718 992 1756; baseline 0.008 -12"><span class='ocrx_word' id='word_1_238' title='bbox 204 1719 252 1745; x_wconf 78' lang='lat' dir='ltr'><strong>bus</strong></span> <span class='ocrx_word' id='word_1_239' title='bbox 263 1719 296 1746; x_wconf 76' lang='grc' dir='ltr'><strong>θ’.</strong></span> <span class='ocrx_word' id='word_1_240' title='bbox 317 1718 431 1754; x_wconf 84' lang='lat' dir='ltr'><strong>Propter</strong></span> <span class='ocrx_word' id='word_1_241' title='bbox 448 1720 514 1748; x_wconf 83' lang='lat' dir='ltr'><strong>Sion</strong></span> <span class='ocrx_word' id='word_1_242' title='bbox 534 1729 586 1747; x_wconf 84' lang='lat' dir='ltr'><strong>non</strong></span> <span class='ocrx_word' id='word_1_243' title='bbox 605 1721 710 1752; x_wconf 75' lang='lat' dir='ltr'><strong>tacebo,</strong></span> <span class='ocrx_word' id='word_1_244' title='bbox 725 1727 750 1748; x_wconf 84' lang='lat' dir='ltr'><strong>et</strong></span> <span class='ocrx_word' id='word_1_245' title='bbox 767 1727 873 1756; x_wconf 83' lang='lat' dir='ltr'><strong>propter</strong></span> <span class='ocrx_word' id='word_1_246' title='bbox 896 1723 992 1750; x_wconf 84' lang='lat' dir='ltr'><strong>Hieru-</strong></span> 
     </span>
    </p>
   </div>
   <div class='ocr_carea' id='block_1_36' title="bbox 204 1765 994 1804">
    <p class='ocr_par' dir='ltr' id='par_1_36' title="bbox 204 1765 994 1804">
     <span class='ocr_line' id='line_1_36' title="bbox 204 1765 994 1804; baseline 0.006 -13"><span class='ocrx_word' id='word_1_247' title='bbox 204 1765 288 1792; x_wconf 64' lang='lat' dir='ltr'><strong>salem</strong></span> <span class='ocrx_word' id='word_1_248' title='bbox 303 1774 354 1792; x_wconf 86' lang='lat' dir='ltr'><strong>uon</strong></span> <span class='ocrx_word' id='word_1_249' title='bbox 368 1766 529 1799; x_wconf 86' lang='lat' dir='ltr'><strong>relinquam,</strong></span> <span class='ocrx_word' id='word_1_250' title='bbox 547 1766 629 1794; x_wconf 83' lang='lat' dir='ltr'><strong>donec</strong></span> <span class='ocrx_word' id='word_1_251' title='bbox 643 1767 796 1802; x_wconf 80' lang='lat' dir='ltr'><strong>egrediatur</strong></span> <span class='ocrx_word' id='word_1_252' title='bbox 808 1773 836 1794; x_wconf 88' lang='lat' dir='ltr'><strong>ut</strong></span> <span class='ocrx_word' id='word_1_253' title='bbox 851 1768 937 1796; x_wconf 83' lang='lat' dir='ltr'><strong>lumen</strong></span> <span class='ocrx_word' id='word_1_254' title='bbox 949 1770 994 1804; x_wconf 82' lang='lat' dir='ltr'><strong>ju-</strong></span> 
     </span>
    </p>
   </div>
   <div class='ocr_carea' id='block_1_37' title="bbox 204 1811 994 1849">
    <p class='ocr_par' dir='ltr' id='par_1_37' title="bbox 204 1811 994 1849">
     <span class='ocr_line' id='line_1_37' title="bbox 204 1811 994 1849; baseline 0.006 -12"><span class='ocrx_word' id='word_1_255' title='bbox 204 1811 279 1837; x_wconf 76' lang='lat' dir='ltr'><strong>stitia</strong></span> <span class='ocrx_word' id='word_1_256' title='bbox 302 1819 378 1844; x_wconf 85' lang='lat' dir='ltr'><strong>mea;</strong></span> <span class='ocrx_word' id='word_1_257' title='bbox 396 1812 514 1840; x_wconf 76' lang='lat' dir='ltr'><strong>salutare</strong></span> <span class='ocrx_word' id='word_1_258' title='bbox 526 1819 613 1840; x_wconf 83' lang='lat' dir='ltr'><strong>autem</strong></span> <span class='ocrx_word' id='word_1_259' title='bbox 631 1822 716 1840; x_wconf 75' lang='lat' dir='ltr'><strong>meum</strong></span> <span class='ocrx_word' id='word_1_260' title='bbox 732 1819 761 1840; x_wconf 79' lang='lat' dir='ltr'><strong>ut</strong></span> <span class='ocrx_word' id='word_1_261' title='bbox 783 1815 884 1849; x_wconf 79' lang='lat' dir='ltr'><strong>lampas</strong></span> <span class='ocrx_word' id='word_1_262' title='bbox 901 1824 994 1843; x_wconf 84' lang='lat' dir='ltr'><strong>accen-</strong></span> 
     </span>
    </p>
   </div>
   <div class='ocr_carea' id='block_1_38' title="bbox 204 1856 994 1893">
    <p class='ocr_par' dir='ltr' id='par_1_38' title="bbox 204 1856 994 1893">
     <span class='ocr_line' id='line_1_38' title="bbox 204 1856 994 1893; baseline 0.009 -11"><span class='ocrx_word' id='word_1_263' title='bbox 204 1857 281 1883; x_wconf 82' lang='lat' dir='ltr'><strong>detur</strong></span> <span class='ocrx_word' id='word_1_264' title='bbox 292 1857 327 1884; x_wconf 84' lang='lat'><strong>&quot;.</strong></span> <span class='ocrx_word' id='word_1_265' title='bbox 348 1856 400 1891; x_wconf 87' lang='lat' dir='ltr'><strong>Ipsi</strong></span> <span class='ocrx_word' id='word_1_266' title='bbox 413 1857 499 1892; x_wconf 80' lang='lat' dir='ltr'><strong>gloria</strong></span> <span class='ocrx_word' id='word_1_267' title='bbox 510 1863 537 1885; x_wconf 88' lang='lat' dir='ltr'><strong>et</strong></span> <span class='ocrx_word' id='word_1_268' title='bbox 551 1859 694 1893; x_wconf 72' lang='lat' dir='ltr'><strong>imperium</strong></span> <span class='ocrx_word' id='word_1_269' title='bbox 708 1865 735 1886; x_wconf 89' lang='lat' dir='ltr'><strong>et</strong></span> <span class='ocrx_word' id='word_1_270' title='bbox 748 1859 844 1893; x_wconf 86' lang='lat' dir='ltr'><strong>honor,</strong></span> <span class='ocrx_word' id='word_1_271' title='bbox 861 1868 914 1887; x_wconf 89' lang='lat' dir='ltr'><strong>una</strong></span> <span class='ocrx_word' id='word_1_272' title='bbox 932 1869 994 1889; x_wconf 89' lang='lat' dir='ltr'><strong>cum</strong></span> 
     </span>
    </p>
   </div>
   <div class='ocr_carea' id='block_1_39' title="bbox 206 1901 995 1941">
    <p class='ocr_par' dir='ltr' id='par_1_39' title="bbox 206 1901 995 1941">
     <span class='ocr_line' id='line_1_39' title="bbox 206 1901 995 1941; baseline 0.008 -13"><span class='ocrx_word' id='word_1_273' title='bbox 206 1901 297 1934; x_wconf 73' lang='lat' dir='ltr'><strong>l’atre,</strong></span> <span class='ocrx_word' id='word_1_274' title='bbox 310 1902 446 1937; x_wconf 87' lang='lat' dir='ltr'><strong>simulque</strong></span> <span class='ocrx_word' id='word_1_275' title='bbox 463 1901 567 1938; x_wconf 86' lang='lat' dir='ltr'><strong>Spiritu</strong></span> <span class='ocrx_word' id='word_1_276' title='bbox 581 1908 778 1937; x_wconf 79' lang='lat' dir='ltr'><strong>sancto,‘nuuc</strong></span> <span class='ocrx_word' id='word_1_277' title='bbox 791 1909 818 1932; x_wconf 86' lang='lat' dir='ltr'><strong>et</strong></span> <span class='ocrx_word' id='word_1_278' title='bbox 832 1913 951 1941; x_wconf 84' lang='lat' dir='ltr'><strong>semper.</strong></span> <span class='ocrx_word' id='word_1_279' title='bbox 967 1911 995 1934; x_wconf 88' lang='lat' dir='ltr'><strong>et</strong></span> 
     </span>
    </p>
   </div>
   <div class='ocr_carea' id='block_1_40' title="bbox 206 1948 644 1977">
    <p class='ocr_par' dir='ltr' id='par_1_40' title="bbox 206 1948 644 1977">
     <span class='ocr_line' id='line_1_40' title="bbox 206 1948 644 1977; baseline 0.007 -3"><span class='ocrx_word' id='word_1_280' title='bbox 206 1948 234 1974; x_wconf 90' lang='lat' dir='ltr'><strong>in</strong></span> <span class='ocrx_word' id='word_1_281' title='bbox 246 1949 344 1975; x_wconf 63' lang='lat' dir='ltr'><strong>saicula</strong></span> <span class='ocrx_word' id='word_1_282' title='bbox 360 1950 533 1977; x_wconf 68' lang='lat' dir='ltr'><strong>steculorum.</strong></span> <span class='ocrx_word' id='word_1_283' title='bbox 546 1952 644 1977; x_wconf 83' lang='lat' dir='ltr'><strong>Amen.</strong></span> 
     </span>
    </p>
   </div>
   <div class='ocr_carea' id='block_1_41' title="bbox 467 2005 736 2042">
    <p class='ocr_par' dir='ltr' id='par_1_41' title="bbox 467 2005 736 2042">
     <span class='ocr_line' id='line_1_41' title="bbox 467 2005 736 2042; baseline 0.011 -10"><span class='ocrx_word' id='word_1_284' title='bbox 467 2005 596 2034; x_wconf 75' lang='lat' dir='ltr'><strong>ORATIO</strong></span> <span class='ocrx_word' id='word_1_285' title='bbox 616 2007 648 2034; x_wconf 94' lang='lat' dir='ltr'><strong>III</strong></span> <span class='ocrx_word' id='word_1_286' title='bbox 669 2007 736 2042; x_wconf 77' lang='lat'><strong>(5&#39;2).</strong></span> 
     </span>
    </p>
   </div>
   <div class='ocr_carea' id='block_1_42' title="bbox 261 2061 943 2094">
    <p class='ocr_par' dir='ltr' id='par_1_42' title="bbox 261 2061 943 2094">
     <span class='ocr_line' id='line_1_42' title="bbox 261 2061 943 2094; baseline 0.007 -6"><span class='ocrx_word' id='word_1_287' title='bbox 261 2061 300 2089; x_wconf 88' lang='lat' dir='ltr'><strong>De</strong></span> <span class='ocrx_word' id='word_1_288' title='bbox 316 2061 506 2090; x_wconf 78' lang='lat' dir='ltr'><strong>lucaruatione</strong></span> <span class='ocrx_word' id='word_1_289' title='bbox 525 2063 634 2090; x_wconf 85' lang='lat' dir='ltr'><strong>Domini</strong></span> <span class='ocrx_word' id='word_1_290' title='bbox 648 2065 733 2091; x_wconf 78' lang='lat' dir='ltr'><strong>nostri</strong></span> <span class='ocrx_word' id='word_1_291' title='bbox 752 2064 816 2092; x_wconf 76' lang='lat' dir='ltr'><strong>Jesu</strong></span> <span class='ocrx_word' id='word_1_292' title='bbox 833 2065 943 2094; x_wconf 71' lang='lat' dir='ltr'><strong>Christi.</strong></span> 
     </span>
    </p>
   </div>
   <div class='ocr_carea' id='block_1_43' title="bbox 241 2151 997 2188">
    <p class='ocr_par' dir='ltr' id='par_1_43' title="bbox 241 2151 997 2188">
     <span class='ocr_line' id='line_1_43' title="bbox 241 2151 997 2188; baseline 0.007 -10"><span class='ocrx_word' id='word_1_293' title='bbox 241 2151 262 2179; x_wconf 87' lang='lat' dir='ltr'><strong>I.</strong></span> <span class='ocrx_word' id='word_1_294' title='bbox 284 2151 386 2179; x_wconf 86' lang='lat' dir='ltr'><strong>Crebra</strong></span> <span class='ocrx_word' id='word_1_295' title='bbox 408 2160 494 2188; x_wconf 80' lang='lat' dir='ltr'><strong>caque</strong></span> <span class='ocrx_word' id='word_1_296' title='bbox 519 2153 628 2181; x_wconf 85' lang='lat' dir='ltr'><strong>diversa</strong></span> <span class='ocrx_word' id='word_1_297' title='bbox 651 2154 839 2182; x_wconf 82' lang='lat' dir='ltr'><strong>celebritatqu</strong></span> <span class='ocrx_word' id='word_1_298' title='bbox 863 2155 997 2184; x_wconf 82' lang='lat' dir='ltr'><strong>solemnia</strong></span> 
     </span>
    </p>
   </div>
   <div class='ocr_carea' id='block_1_44' title="bbox 206 2199 996 2234">
    <p class='ocr_par' dir='ltr' id='par_1_44' title="bbox 206 2199 996 2234">
     <span class='ocr_line' id='line_1_44' title="bbox 206 2199 996 2234; baseline 0.006 -8"><span class='ocrx_word' id='word_1_299' title='bbox 206 2199 355 2226; x_wconf 83' lang='lat' dir='ltr'><strong>humanam</strong></span> <span class='ocrx_word' id='word_1_300' title='bbox 372 2200 528 2227; x_wconf 74' lang='lat' dir='ltr'><strong>exhilarant</strong></span> <span class='ocrx_word' id='word_1_301' title='bbox 543 2201 625 2228; x_wconf 84' lang='lat' dir='ltr'><strong>vitam</strong></span> <span class='ocrx_word' id='word_1_302' title='bbox 637 2223 644 2234; x_wconf 91' lang='lat'>,</span> <span class='ocrx_word' id='word_1_303' title='bbox 662 2202 727 2228; x_wconf 91' lang='lat' dir='ltr'><strong>dum</strong></span> <span class='ocrx_word' id='word_1_304' title='bbox 744 2201 874 2230; x_wconf 81' lang='lat' dir='ltr'><strong>festorum</strong></span> <span class='ocrx_word' id='word_1_305' title='bbox 891 2203 996 2231; x_wconf 72' lang='lat' dir='ltr'><strong>dierum</strong></span> 
     </span>
    </p>
   </div>
   <div class='ocr_carea' id='block_1_45' title="bbox 206 2245 994 2282">
    <p class='ocr_par' dir='ltr' id='par_1_45' title="bbox 206 2245 994 2282">
     <span class='ocr_line' id='line_1_45' title="bbox 206 2245 994 2282; baseline 0.008 -11"><span class='ocrx_word' id='word_1_306' title='bbox 206 2253 332 2276; x_wconf 66' lang='lat' dir='ltr'><strong>recursu,</strong></span> <span class='ocrx_word' id='word_1_307' title='bbox 353 2245 459 2272; x_wconf 84' lang='lat' dir='ltr'><strong>tristem</strong></span> <span class='ocrx_word' id='word_1_308' title='bbox 483 2254 644 2274; x_wconf 58' lang='lat' dir='ltr'><strong>arumnosas</strong></span> <span class='ocrx_word' id='word_1_309' title='bbox 665 2247 746 2282; x_wconf 85' lang='lat' dir='ltr'><strong>hujus</strong></span> <span class='ocrx_word' id='word_1_310' title='bbox 762 2248 823 2276; x_wconf 70' lang='lat' dir='ltr'><strong>vita:</strong></span> <span class='ocrx_word' id='word_1_311' title='bbox 841 2250 994 2278; x_wconf 86' lang='lat' dir='ltr'><strong>molestiam</strong></span> 
     </span>
    </p>
   </div>
   <div class='ocr_carea' id='block_1_46' title="bbox 207 2291 995 2325">
    <p class='ocr_par' dir='ltr' id='par_1_46' title="bbox 207 2291 995 2325">
     <span class='ocr_line' id='line_1_46' title="bbox 207 2291 995 2325; baseline 0.005 -8"><span class='ocrx_word' id='word_1_312' title='bbox 207 2292 234 2318; x_wconf 84' lang='lat' dir='ltr'><strong>in</strong></span> <span class='ocrx_word' id='word_1_313' title='bbox 255 2291 422 2325; x_wconf 86' lang='lat' dir='ltr'><strong>voluptatem</strong></span> <span class='ocrx_word' id='word_1_314' title='bbox 440 2296 614 2318; x_wconf 83' lang='lat' dir='ltr'><strong>convertunt.</strong></span> <span class='ocrx_word' id='word_1_315' title='bbox 641 2291 675 2319; x_wconf 92' lang='lat' dir='ltr'><strong>Ut</strong></span> <span class='ocrx_word' id='word_1_316' title='bbox 698 2293 770 2320; x_wconf 89' lang='lat' dir='ltr'><strong>enim</strong></span> <span class='ocrx_word' id='word_1_317' title='bbox 785 2293 908 2322; x_wconf 87' lang='lat' dir='ltr'><strong>adversis</strong></span> <span class='ocrx_word' id='word_1_318' title='bbox 926 2299 995 2322; x_wconf 88' lang='lat' dir='ltr'><strong>tem-</strong></span> 
     </span>
    </p>
   </div>
   <div class='ocr_carea' id='block_1_47' title="bbox 207 2337 993 2375">
    <p class='ocr_par' dir='ltr' id='par_1_47' title="bbox 207 2337 993 2375">
     <span class='ocr_line' id='line_1_47' title="bbox 207 2337 993 2375; baseline 0.008 -13"><span class='ocrx_word' id='word_1_319' title='bbox 207 2337 359 2371; x_wconf 77' lang='lat' dir='ltr'><strong>pt&#39;slalibus</strong></span> <span class='ocrx_word' id='word_1_320' title='bbox 372 2338 436 2367; x_wconf 86' lang='lat' dir='ltr'><strong>acti,</strong></span> <span class='ocrx_word' id='word_1_321' title='bbox 452 2337 566 2372; x_wconf 73' lang='lat' dir='ltr'><strong>traiecto</strong></span> <span class='ocrx_word' id='word_1_322' title='bbox 589 2338 681 2365; x_wconf 79' lang='lat' dir='ltr'><strong>infesti</strong></span> <span class='ocrx_word' id='word_1_323' title='bbox 699 2340 781 2366; x_wconf 90' lang='lat' dir='ltr'><strong>maris</strong></span> <span class='ocrx_word' id='word_1_324' title='bbox 798 2344 878 2370; x_wconf 66' lang='lat' dir='ltr'><strong>testu.</strong></span> <span class='ocrx_word' id='word_1_325' title='bbox 897 2344 993 2375; x_wconf 74' lang='lat' dir='ltr'><strong>portu-</strong></span> 
     </span>
    </p>
   </div>
   <div class='ocr_carea' id='block_1_48' title="bbox 206 2383 997 2419">
    <p class='ocr_par' dir='ltr' id='par_1_48' title="bbox 206 2383 997 2419">
     <span class='ocr_line' id='line_1_48' title="bbox 206 2383 997 2419; baseline 0.005 -9"><span class='ocrx_word' id='word_1_326' title='bbox 206 2383 258 2410; x_wconf 89' lang='lat' dir='ltr'><strong>btts</strong></span> <span class='ocrx_word' id='word_1_327' title='bbox 285 2383 404 2419; x_wconf 74' lang='lat' dir='ltr'><strong>gaudent</strong></span> <span class='ocrx_word' id='word_1_328' title='bbox 428 2387 556 2418; x_wconf 77' lang='lat' dir='ltr'><strong>tanquam</strong></span> <span class='ocrx_word' id='word_1_329' title='bbox 591 2384 724 2412; x_wconf 87' lang='lat' dir='ltr'><strong>lidissimo</strong></span> <span class='ocrx_word' id='word_1_330' title='bbox 751 2386 813 2413; x_wconf 71' lang='lat' dir='ltr'><strong>vitze</strong></span> <span class='ocrx_word' id='word_1_331' title='bbox 844 2387 905 2413; x_wconf 89' lang='lat' dir='ltr'><strong>sinu</strong></span> <span class='ocrx_word' id='word_1_332' title='bbox 927 2394 935 2413; x_wconf 82' lang='lat'><strong>:</strong></span> <span class='ocrx_word' id='word_1_333' title='bbox 957 2388 997 2415; x_wconf 85' lang='lat' dir='ltr'><strong>sic</strong></span> 
     </span>
    </p>
   </div>
   <div class='ocr_carea' id='block_1_49' title="bbox 206 2429 997 2463">
    <p class='ocr_par' dir='ltr' id='par_1_49' title="bbox 206 2429 997 2463">
     <span class='ocr_line' id='line_1_49' title="bbox 206 2429 997 2463; baseline 0.008 -10"><span class='ocrx_word' id='word_1_334' title='bbox 206 2432 268 2463; x_wconf 76' lang='lat' dir='ltr'><strong>post</strong></span> <span class='ocrx_word' id='word_1_335' title='bbox 292 2429 392 2455; x_wconf 87' lang='lat' dir='ltr'><strong>multas</strong></span> <span class='ocrx_word' id='word_1_336' title='bbox 416 2429 588 2463; x_wconf 74' lang='lat' dir='ltr'><strong>negotiorum</strong></span> <span class='ocrx_word' id='word_1_337' title='bbox 619 2431 758 2458; x_wconf 83' lang='lat' dir='ltr'><strong>molestias</strong></span> <span class='ocrx_word' id='word_1_338' title='bbox 788 2438 851 2458; x_wconf 90' lang='lat' dir='ltr'><strong>cum</strong></span> <span class='ocrx_word' id='word_1_339' title='bbox 881 2431 997 2460; x_wconf 79' lang='lat' dir='ltr'><strong>feriatur</strong></span> 
     </span>
    </p>
   </div>
   <div class='ocr_carea' id='block_1_50' title="bbox 207 2473 996 2512">
    <p class='ocr_par' dir='ltr' id='par_1_50' title="bbox 207 2473 996 2512">
     <span class='ocr_line' id='line_1_50' title="bbox 207 2473 996 2512; baseline 0.006 -12"><span class='ocrx_word' id='word_1_340' title='bbox 207 2473 300 2507; x_wconf 85' lang='lat' dir='ltr'><strong>homo,</strong></span> <span class='ocrx_word' id='word_1_341' title='bbox 313 2474 471 2502; x_wconf 73' lang='lat' dir='ltr'><strong>celebritate</strong></span> <span class='ocrx_word' id='word_1_342' title='bbox 487 2479 619 2510; x_wconf 78' lang='lat' dir='ltr'><strong>tanquam</strong></span> <span class='ocrx_word' id='word_1_343' title='bbox 642 2483 770 2503; x_wconf 81' lang='lat' dir='ltr'><strong>curarum</strong></span> <span class='ocrx_word' id='word_1_344' title='bbox 790 2477 885 2512; x_wconf 84' lang='lat' dir='ltr'><strong>requie</strong></span> <span class='ocrx_word' id='word_1_345' title='bbox 899 2485 930 2504; x_wconf 73' lang='lat' dir='ltr'><strong>ac</strong></span> <span class='ocrx_word' id='word_1_346' title='bbox 953 2486 996 2505; x_wconf 73' lang='lat' dir='ltr'><strong>se-</strong></span> 
     </span>
    </p>
   </div>
   <div class='ocr_carea' id='block_1_51' title="bbox 206 2520 997 2557">
    <p class='ocr_par' dir='ltr' id='par_1_51' title="bbox 206 2520 997 2557">
     <span class='ocr_line' id='line_1_51' title="bbox 206 2520 997 2557; baseline 0.005 -11"><span class='ocrx_word' id='word_1_347' title='bbox 206 2520 333 2547; x_wconf 83' lang='lat' dir='ltr'><strong>curitatis</strong></span> <span class='ocrx_word' id='word_1_348' title='bbox 351 2525 439 2548; x_wconf 88' lang='lat' dir='ltr'><strong>matre</strong></span> <span class='ocrx_word' id='word_1_349' title='bbox 457 2521 567 2556; x_wconf 85' lang='lat' dir='ltr'><strong>gaudet.</strong></span> <span class='ocrx_word' id='word_1_350' title='bbox 584 2521 681 2549; x_wconf 82' lang='lat' dir='ltr'><strong>Festus</strong></span> <span class='ocrx_word' id='word_1_351' title='bbox 705 2530 822 2557; x_wconf 77' lang='lat' dir='ltr'><strong>namque</strong></span> <span class='ocrx_word' id='word_1_352' title='bbox 846 2523 915 2555; x_wconf 77' lang='lat' dir='ltr'><strong>dies.</strong></span> <span class='ocrx_word' id='word_1_353' title='bbox 939 2532 997 2550; x_wconf 89' lang='lat' dir='ltr'><strong>mo-</strong></span> 
     </span>
    </p>
   </div>
   <div class='ocr_carea' id='block_1_52' title="bbox 207 2567 995 2605">
    <p class='ocr_par' dir='ltr' id='par_1_52' title="bbox 207 2567 995 2605">
     <span class='ocr_line' id='line_1_52' title="bbox 207 2567 995 2605; baseline 0.005 -11"><span class='ocrx_word' id='word_1_354' title='bbox 207 2567 348 2595; x_wconf 86' lang='lat' dir='ltr'><strong>lestiarum</strong></span> <span class='ocrx_word' id='word_1_355' title='bbox 381 2572 408 2594; x_wconf 89' lang='lat' dir='ltr'><strong>et</strong></span> <span class='ocrx_word' id='word_1_356' title='bbox 436 2567 554 2599; x_wconf 81' lang='lat' dir='ltr'><strong>oblivio;</strong></span> <span class='ocrx_word' id='word_1_357' title='bbox 584 2576 714 2596; x_wconf 87' lang='lat' dir='ltr'><strong>curarum</strong></span> <span class='ocrx_word' id='word_1_358' title='bbox 746 2577 878 2603; x_wconf 83' lang='lat' dir='ltr'><strong>somnus;</strong></span> <span class='ocrx_word' id='word_1_359' title='bbox 903 2570 995 2605; x_wconf 77' lang='lat' dir='ltr'><strong>gaudii</strong></span> 
     </span>
    </p>
   </div>
   <div class='ocr_carea' id='block_1_53' title="bbox 793 144 1215 174">
    <p class='ocr_par' dir='ltr' id='par_1_53' title="bbox 793 144 1215 174">
     <span class='ocr_line' id='line_1_53' title="bbox 793 144 1215 174; baseline 0.005 -2"><span class='ocrx_word' id='word_1_360' title='bbox 793 144 820 173; x_wconf 91' lang='lat' dir='ltr'><strong>S.</strong></span> <span class='ocrx_word' id='word_1_361' title='bbox 840 144 965 172; x_wconf 82' lang='lat' dir='ltr'><strong>PRGCLI</strong></span> <span class='ocrx_word' id='word_1_362' title='bbox 983 145 1038 173; x_wconf 69' lang='grc' dir='ltr'><strong>(ΖΡ.</strong></span> <span class='ocrx_word' id='word_1_363' title='bbox 1059 145 1215 174; x_wconf 78' lang='lat' dir='ltr'><strong>EPISCOPI</strong></span> 
     </span>
    </p>
   </div>
   <div class='ocr_carea' id='block_1_54' title="bbox 1008 1559 1028 1588">
    <p class='ocr_par' dir='ltr' id='par_1_54' title="bbox 1008 1559 1028 1588">
     <span class='ocr_line' id='line_1_54' title="bbox 1008 1559 1028 1588; baseline 0 0"><span class='ocrx_word' id='word_1_364' title='bbox 1008 1559 1028 1588; x_wconf 94' lang='lat' dir='ltr'><strong>C</strong></span> 
     </span>
    </p>
   </div>
   <div class='ocr_carea' id='block_1_55' title="bbox 1780 148 1834 177">
    <p class='ocr_par' dir='ltr' id='par_1_55' title="bbox 1780 148 1834 177">
     <span class='ocr_line' id='line_1_55' title="bbox 1780 148 1834 177; baseline 0.037 -2"><span class='ocrx_word' id='word_1_365' title='bbox 1780 148 1834 177; x_wconf 74' lang='grc' dir='ltr'><strong>7οᾹ</strong></span> 
     </span>
    </p>
   </div>
   <div class='ocr_carea' id='block_1_56' title="bbox 1010 203 1841 240">
    <p class='ocr_par' dir='ltr' id='par_1_56' title="bbox 1010 203 1841 240">
     <span class='ocr_line' id='line_1_56' title="bbox 1010 203 1841 240; baseline 0.002 -11"><span class='ocrx_word' id='word_1_366' title='bbox 1010 205 1032 233; x_wconf 78' lang='grc' dir='ltr'><strong>Α</strong></span> <span class='ocrx_word' id='word_1_367' title='bbox 1047 203 1169 239; x_wconf 77' lang='grc' dir='ltr'><strong>Θαλάσσῃ</strong></span> <span class='ocrx_word' id='word_1_368' title='bbox 1181 204 1210 230; x_wconf 87' lang='grc' dir='ltr'>τὸ</span> <span class='ocrx_word' id='word_1_369' title='bbox 1224 204 1273 238; x_wconf 77' lang='grc' dir='ltr'>μὲν</span> <span class='ocrx_word' id='word_1_370' title='bbox 1293 204 1410 238; x_wconf 82' lang='grc' dir='ltr'>πέλαγος</span> <span class='ocrx_word' id='word_1_371' title='bbox 1424 203 1564 239; x_wconf 83' lang='grc' dir='ltr'>βλέπουσι.</span> <span class='ocrx_word' id='word_1_372' title='bbox 1577 203 1623 230; x_wconf 80' lang='grc' dir='ltr'><strong>τὸν</strong></span> <span class='ocrx_word' id='word_1_373' title='bbox 1639 204 1667 231; x_wconf 83' lang='grc' dir='ltr'>δὲ</span> <span class='ocrx_word' id='word_1_374' title='bbox 1684 205 1841 240; x_wconf 87' lang='grc' dir='ltr'>κρυπτόμε-</span> 
     </span>
    </p>
   </div>
   <div class='ocr_carea' id='block_1_57' title="bbox 1048 247 1840 284">
    <p class='ocr_par' dir='ltr' id='par_1_57' title="bbox 1048 247 1840 284">
     <span class='ocr_line' id='line_1_57' title="bbox 1048 247 1840 284; baseline 0.004 -11"><span class='ocrx_word' id='word_1_375' title='bbox 1048 255 1093 273; x_wconf 83' lang='grc' dir='ltr'><strong>νον</strong></span> <span class='ocrx_word' id='word_1_376' title='bbox 1113 247 1189 274; x_wconf 85' lang='grc' dir='ltr'>κάτω</span> <span class='ocrx_word' id='word_1_377' title='bbox 1205 248 1378 284; x_wconf 80' lang='grc' dir='ltr'><strong>μαργαρίτην</strong></span> <span class='ocrx_word' id='word_1_378' title='bbox 1392 248 1442 282; x_wconf 79' lang='grc' dir='ltr'>οὐχ</span> <span class='ocrx_word' id='word_1_379' title='bbox 1458 247 1573 282; x_wconf 73' lang='grc' dir='ltr'>ὁρῶσιν·</span> <span class='ocrx_word' id='word_1_380' title='bbox 1591 247 1664 274; x_wconf 78' lang='grc' dir='ltr'>οὕτω</span> <span class='ocrx_word' id='word_1_381' title='bbox 1679 248 1725 274; x_wconf 78' lang='grc' dir='ltr'>καὶ</span> <span class='ocrx_word' id='word_1_382' title='bbox 1741 249 1754 275; x_wconf 86' lang='grc' dir='ltr'>ὁ</span> <span class='ocrx_word' id='word_1_383' title='bbox 1771 258 1840 284; x_wconf 88' lang='grc' dir='ltr'>προ-</span> 
     </span>
    </p>
   </div>
   <div class='ocr_carea' id='block_1_58' title="bbox 1047 293 1841 328">
    <p class='ocr_par' dir='ltr' id='par_1_58' title="bbox 1047 293 1841 328">
     <span class='ocr_line' id='line_1_58' title="bbox 1047 293 1841 328; baseline 0.004 -9"><span class='ocrx_word' id='word_1_384' title='bbox 1047 294 1136 328; x_wconf 83' lang='grc' dir='ltr'>φήτης</span> <span class='ocrx_word' id='word_1_385' title='bbox 1151 293 1243 320; x_wconf 83' lang='grc' dir='ltr'>είκόνα</span> <span class='ocrx_word' id='word_1_386' title='bbox 1256 293 1304 328; x_wconf 81' lang='grc' dir='ltr'>μὲν</span> <span class='ocrx_word' id='word_1_387' title='bbox 1315 294 1422 324; x_wconf 71' lang='grc' dir='ltr'><strong>ἔϐλεπε,</strong></span> <span class='ocrx_word' id='word_1_388' title='bbox 1438 294 1485 319; x_wconf 74' lang='grc' dir='ltr'>καὶ</span> <span class='ocrx_word' id='word_1_389' title='bbox 1502 293 1650 328; x_wconf 84' lang='grc' dir='ltr'>μυστήριον</span> <span class='ocrx_word' id='word_1_390' title='bbox 1663 293 1775 328; x_wconf 84' lang='grc' dir='ltr'>ὴρεύνα,</span> <span class='ocrx_word' id='word_1_391' title='bbox 1795 295 1841 322; x_wconf 85' lang='grc' dir='ltr'>Διό</span> 
     </span>
    </p>
   </div>
   <div class='ocr_carea' id='block_1_59' title="bbox 1047 335 1842 373">
    <p class='ocr_par' dir='ltr' id='par_1_59' title="bbox 1047 335 1842 373">
     <span class='ocr_line' id='line_1_59' title="bbox 1047 335 1842 373; baseline 0.004 -10"><span class='ocrx_word' id='word_1_392' title='bbox 1047 345 1145 373; x_wconf 75' lang='grc' dir='ltr'>φησιν·</span> <span class='ocrx_word' id='word_1_393' title='bbox 1161 338 1216 364; x_wconf 81' lang='lat' dir='ltr'><strong>Kal</strong></span> <span class='ocrx_word' id='word_1_394' title='bbox 1236 337 1377 372; x_wconf 74' lang='grc' dir='ltr'>ἠρώτησα</span> <span class='ocrx_word' id='word_1_395' title='bbox 1395 338 1447 364; x_wconf 73' lang='grc' dir='ltr'><strong>τὸν</strong></span> <span class='ocrx_word' id='word_1_396' title='bbox 1463 335 1603 372; x_wconf 60' lang='grc' dir='ltr'>ἄγγελον-ζ</span> <span class='ocrx_word' id='word_1_397' title='bbox 1624 338 1672 364; x_wconf 82' lang='grc' dir='ltr'><strong>καὶ</strong></span> <span class='ocrx_word' id='word_1_398' title='bbox 1683 336 1786 365; x_wconf 61' lang='grc' dir='ltr'><em>εἷπον</em></span> <span class='ocrx_word' id='word_1_399' title='bbox 1810 340 1842 366; x_wconf 83' lang='grc' dir='ltr'>Τί</span> 
     </span>
    </p>
   </div>
   <div class='ocr_carea' id='block_1_60' title="bbox 1046 382 1841 418">
    <p class='ocr_par' dir='ltr' id='par_1_60' title="bbox 1046 382 1841 418">
     <span class='ocr_line' id='line_1_60' title="bbox 1046 382 1841 418; baseline 0.001 -8"><span class='ocrx_word' id='word_1_400' title='bbox 1046 383 1112 410; x_wconf 81' lang='grc' dir='ltr'>ἐστι</span> <span class='ocrx_word' id='word_1_401' title='bbox 1128 384 1237 415; x_wconf 60' lang='lat' dir='ltr'><strong>motu;</strong></span> <span class='ocrx_word' id='word_1_402' title='bbox 1255 384 1287 410; x_wconf 90' lang='grc' dir='ltr'>Τί</span> <span class='ocrx_word' id='word_1_403' title='bbox 1303 382 1349 410; x_wconf 79' lang='grc' dir='ltr'>οὖν</span> <span class='ocrx_word' id='word_1_404' title='bbox 1377 385 1391 410; x_wconf 89' lang='grc' dir='ltr'><strong>ό</strong></span> <span class='ocrx_word' id='word_1_405' title='bbox 1414 384 1546 418; x_wconf 76' lang='grc' dir='ltr'>ἄγγελος;</span> <span class='ocrx_word' id='word_1_406' title='bbox 1569 384 1598 410; x_wconf 81' lang='grc' dir='ltr'>οὐ</span> <span class='ocrx_word' id='word_1_407' title='bbox 1622 383 1696 418; x_wconf 80' lang='grc' dir='ltr'><strong>λέγει</strong></span> <span class='ocrx_word' id='word_1_408' title='bbox 1713 385 1753 411; x_wconf 78' lang='grc' dir='ltr'>ὅτι</span> <span class='ocrx_word' id='word_1_409' title='bbox 1770 383 1841 412; x_wconf 80' lang='grc' dir='ltr'>εἶδεν</span> 
     </span>
    </p>
   </div>
   <div class='ocr_carea' id='block_1_61' title="bbox 1046 429 1841 467">
    <p class='ocr_par' dir='ltr' id='par_1_61' title="bbox 1046 429 1841 467">
     <span class='ocr_line' id='line_1_61' title="bbox 1046 429 1841 467; baseline 0.003 -11"><span class='ocrx_word' id='word_1_410' title='bbox 1046 429 1168 466; x_wconf 84' lang='grc' dir='ltr'>λυχνίαν,</span> <span class='ocrx_word' id='word_1_411' title='bbox 1185 430 1233 457; x_wconf 78' lang='grc' dir='ltr'><strong>χαὶ</strong></span> <span class='ocrx_word' id='word_1_412' title='bbox 1246 430 1408 466; x_wconf 79' lang='grc' dir='ltr'><strong>λαμπάδιον,</strong></span> <span class='ocrx_word' id='word_1_413' title='bbox 1425 431 1473 457; x_wconf 76' lang='grc' dir='ltr'>καὶ</span> <span class='ocrx_word' id='word_1_414' title='bbox 1484 430 1597 466; x_wconf 78' lang='grc' dir='ltr'><strong>λύχνους</strong></span> <span class='ocrx_word' id='word_1_415' title='bbox 1610 431 1657 457; x_wconf 74' lang='grc' dir='ltr'><strong>καὶ</strong></span> <span class='ocrx_word' id='word_1_416' title='bbox 1671 431 1841 467; x_wconf 80' lang='grc' dir='ltr'>ὲπαρυστρί-</span> 
     </span>
    </p>
   </div>
   <div class='ocr_carea' id='block_1_62' title="bbox 1045 474 1841 511">
    <p class='ocr_par' dir='ltr' id='par_1_62' title="bbox 1045 474 1841 511">
     <span class='ocr_line' id='line_1_62' title="bbox 1045 474 1841 511; baseline 0.003 -10"><span class='ocrx_word' id='word_1_417' title='bbox 1045 474 1109 506; x_wconf 85' lang='grc' dir='ltr'><strong>δας·</strong></span> <span class='ocrx_word' id='word_1_418' title='bbox 1122 475 1179 502; x_wconf 81' lang='grc' dir='ltr'>ἀλλ’</span> <span class='ocrx_word' id='word_1_419' title='bbox 1196 476 1277 510; x_wconf 70' lang='grc' dir='ltr'>ἀφεὶς</span> <span class='ocrx_word' id='word_1_420' title='bbox 1294 475 1326 502; x_wconf 82' lang='grc' dir='ltr'>τὸ</span> <span class='ocrx_word' id='word_1_421' title='bbox 1340 476 1465 510; x_wconf 73' lang='grc' dir='ltr'>αἴνιγμα,</span> <span class='ocrx_word' id='word_1_422' title='bbox 1483 476 1615 511; x_wconf 81' lang='grc' dir='ltr'><strong>κηρύττει</strong></span> <span class='ocrx_word' id='word_1_423' title='bbox 1629 475 1659 502; x_wconf 81' lang='grc' dir='ltr'>τὸ</span> <span class='ocrx_word' id='word_1_424' title='bbox 1672 476 1775 511; x_wconf 85' lang='grc' dir='ltr'>θαῦμα,</span> <span class='ocrx_word' id='word_1_425' title='bbox 1792 476 1841 503; x_wconf 76' lang='grc' dir='ltr'>καὶ</span> 
     </span>
    </p>
   </div>
   <div class='ocr_carea' id='block_1_63' title="bbox 1046 518 1840 557">
    <p class='ocr_par' dir='ltr' id='par_1_63' title="bbox 1046 518 1840 557">
     <span class='ocr_line' id='line_1_63' title="bbox 1046 518 1840 557; baseline 0.005 -12"><span class='ocrx_word' id='word_1_426' title='bbox 1046 519 1135 554; x_wconf 82' lang='grc' dir='ltr'>λέγει·</span> <span class='ocrx_word' id='word_1_427' title='bbox 1156 518 1250 554; x_wconf 84' lang='grc' dir='ltr'>Οὗτος</span> <span class='ocrx_word' id='word_1_428' title='bbox 1264 522 1280 548; x_wconf 78' lang='lat' dir='ltr'><strong>d</strong></span> <span class='ocrx_word' id='word_1_429' title='bbox 1295 521 1390 556; x_wconf 73' lang='grc' dir='ltr'><strong>Λόγος</strong></span> <span class='ocrx_word' id='word_1_430' title='bbox 1405 521 1525 555; x_wconf 83' lang='grc' dir='ltr'>Κυρίου.</span> <span class='ocrx_word' id='word_1_431' title='bbox 1539 521 1595 548; x_wconf 83' lang='grc' dir='ltr'><strong>Καὶ</strong></span> <span class='ocrx_word' id='word_1_432' title='bbox 1607 522 1711 556; x_wconf 83' lang='grc' dir='ltr'>γίνεται</span> <span class='ocrx_word' id='word_1_433' title='bbox 1724 523 1739 549; x_wconf 85' lang='grc' dir='ltr'><strong>ό</strong></span> <span class='ocrx_word' id='word_1_434' title='bbox 1755 523 1840 557; x_wconf 75' lang='grc' dir='ltr'>ἄγγε-</span> 
     </span>
    </p>
   </div>
   <div class='ocr_carea' id='block_1_64' title="bbox 1045 567 1841 603">
    <p class='ocr_par' dir='ltr' id='par_1_64' title="bbox 1045 567 1841 603">
     <span class='ocr_line' id='line_1_64' title="bbox 1045 567 1841 603; baseline 0.001 -9"><span class='ocrx_word' id='word_1_435' title='bbox 1045 567 1090 599; x_wconf 85' lang='grc' dir='ltr'><strong>λος</strong></span> <span class='ocrx_word' id='word_1_436' title='bbox 1103 567 1300 603; x_wconf 81' lang='grc' dir='ltr'>εὐαγγελιστής</span> <span class='ocrx_word' id='word_1_437' title='bbox 1311 576 1318 583; x_wconf 95' lang='grc'><strong>·</strong></span> <span class='ocrx_word' id='word_1_438' title='bbox 1333 568 1413 602; x_wconf 77' lang='grc' dir='ltr'>ἀφεὶς</span> <span class='ocrx_word' id='word_1_439' title='bbox 1429 567 1483 603; x_wconf 84' lang='grc' dir='ltr'><strong>γὰρ</strong></span> <span class='ocrx_word' id='word_1_440' title='bbox 1495 568 1546 603; x_wconf 80' lang='grc' dir='ltr'>τὴν</span> <span class='ocrx_word' id='word_1_441' title='bbox 1562 567 1634 603; x_wconf 70' lang='grc' dir='ltr'>ὅφιν,</span> <span class='ocrx_word' id='word_1_442' title='bbox 1656 568 1786 603; x_wconf 80' lang='grc' dir='ltr'><strong>κηρύττει</strong></span> <span class='ocrx_word' id='word_1_443' title='bbox 1809 569 1841 595; x_wconf 83' lang='grc' dir='ltr'><strong>τὺ</strong></span> 
     </span>
    </p>
   </div>
   <div class='ocr_carea' id='block_1_65' title="bbox 1046 612 1840 649">
    <p class='ocr_par' dir='ltr' id='par_1_65' title="bbox 1046 612 1840 649">
     <span class='ocr_line' id='line_1_65' title="bbox 1046 612 1840 649; baseline 0 -9"><span class='ocrx_word' id='word_1_444' title='bbox 1046 613 1149 649; x_wconf 80' lang='grc' dir='ltr'>Θαῡμα,</span> <span class='ocrx_word' id='word_1_445' title='bbox 1170 614 1216 640; x_wconf 50' lang='grc' dir='ltr'><strong>καί¹</strong></span> <span class='ocrx_word' id='word_1_446' title='bbox 1236 613 1325 648; x_wconf 80' lang='grc' dir='ltr'>λέγει’</span> <span class='ocrx_word' id='word_1_447' title='bbox 1353 612 1448 647; x_wconf 81' lang='grc' dir='ltr'>οὗτος</span> <span class='ocrx_word' id='word_1_448' title='bbox 1462 615 1478 640; x_wconf 87' lang='grc' dir='ltr'><em>ὀ</em></span> <span class='ocrx_word' id='word_1_449' title='bbox 1493 614 1590 649; x_wconf 74' lang='grc' dir='ltr'><strong>Λόγος</strong></span> <span class='ocrx_word' id='word_1_450' title='bbox 1605 614 1730 648; x_wconf 83' lang='grc' dir='ltr'>Κυρίου.</span> <span class='ocrx_word' id='word_1_451' title='bbox 1748 614 1780 640; x_wconf 84' lang='grc' dir='ltr'>Τί</span> <span class='ocrx_word' id='word_1_452' title='bbox 1794 613 1840 640; x_wconf 85' lang='grc' dir='ltr'><strong>λέ-</strong></span> 
     </span>
    </p>
   </div>
   <div class='ocr_carea' id='block_1_66' title="bbox 1045 656 1840 695">
    <p class='ocr_par' dir='ltr' id='par_1_66' title="bbox 1045 656 1840 695">
     <span class='ocr_line' id='line_1_66' title="bbox 1045 656 1840 695; baseline 0.001 -10"><span class='ocrx_word' id='word_1_453' title='bbox 1045 667 1114 693; x_wconf 85' lang='grc' dir='ltr'>γεις.</span> <span class='ocrx_word' id='word_1_454' title='bbox 1130 656 1153 686; x_wconf 81' lang='grc' dir='ltr'>ὦ</span> <span class='ocrx_word' id='word_1_455' title='bbox 1169 659 1268 694; x_wconf 82' lang='grc' dir='ltr'>ἄγγελε</span> <span class='ocrx_word' id='word_1_456' title='bbox 1281 667 1289 691; x_wconf 85' lang='grc'>;</span> <span class='ocrx_word' id='word_1_457' title='bbox 1305 659 1393 695; x_wconf 81' lang='grc' dir='ltr'>Σκεὺη</span> <span class='ocrx_word' id='word_1_458' title='bbox 1410 658 1528 691; x_wconf 75' lang='grc' dir='ltr'><strong>ἔδειξας,</strong></span> <span class='ocrx_word' id='word_1_459' title='bbox 1541 659 1589 686; x_wconf 76' lang='grc' dir='ltr'>καὶ</span> <span class='ocrx_word' id='word_1_460' title='bbox 1598 659 1684 692; x_wconf 84' lang='grc' dir='ltr'>Λόγον</span> <span class='ocrx_word' id='word_1_461' title='bbox 1693 659 1840 694; x_wconf 80' lang='grc' dir='ltr'>εὐαγγελί-</span> 
     </span>
    </p>
   </div>
   <div class='ocr_carea' id='block_1_67' title="bbox 1045 704 1838 741">
    <p class='ocr_par' dir='ltr' id='par_1_67' title="bbox 1045 704 1838 741">
     <span class='ocr_line' id='line_1_67' title="bbox 1045 704 1838 741; baseline 0 -10"><span class='ocrx_word' id='word_1_462' title='bbox 1045 704 1116 738; x_wconf 60' lang='lat' dir='ltr'><strong>(atq;</strong></span> <span class='ocrx_word' id='word_1_463' title='bbox 1133 705 1203 731; x_wconf 85' lang='grc' dir='ltr'>Ναί·</span> <span class='ocrx_word' id='word_1_464' title='bbox 1221 704 1336 740; x_wconf 75' lang='grc' dir='ltr'>αἴνιγμα</span> <span class='ocrx_word' id='word_1_465' title='bbox 1352 705 1408 740; x_wconf 77' lang='grc' dir='ltr'><strong>γὰρ</strong></span> <span class='ocrx_word' id='word_1_466' title='bbox 1427 705 1456 731; x_wconf 87' lang='grc' dir='ltr'><strong>τὺ</strong></span> <span class='ocrx_word' id='word_1_467' title='bbox 1468 704 1569 740; x_wconf 83' lang='grc' dir='ltr'>Θέαμα,</span> <span class='ocrx_word' id='word_1_468' title='bbox 1586 705 1633 731; x_wconf 73' lang='grc' dir='ltr'>καὶ</span> <span class='ocrx_word' id='word_1_469' title='bbox 1652 705 1802 740; x_wconf 84' lang='grc' dir='ltr'>μυστήριον</span> <span class='ocrx_word' id='word_1_470' title='bbox 1819 705 1838 741; x_wconf 79' lang='grc' dir='ltr'><strong>ἠ</strong></span> 
     </span>
    </p>
   </div>
   <div class='ocr_carea' id='block_1_68' title="bbox 1044 750 1840 786">
    <p class='ocr_par' dir='ltr' id='par_1_68' title="bbox 1044 750 1840 786">
     <span class='ocr_line' id='line_1_68' title="bbox 1044 750 1840 786; baseline 0.001 -10"><span class='ocrx_word' id='word_1_471' title='bbox 1044 751 1134 786; x_wconf 85' lang='grc' dir='ltr'>χάρις.</span> <span class='ocrx_word' id='word_1_472' title='bbox 1160 750 1268 786; x_wconf 77' lang='grc' dir='ltr'><strong>Ἐπειδὴ</strong></span> <span class='ocrx_word' id='word_1_473' title='bbox 1281 751 1347 786; x_wconf 67' lang='grc' dir='ltr'>ξγὰρ</span> <span class='ocrx_word' id='word_1_474' title='bbox 1361 750 1478 785; x_wconf 79' lang='grc' dir='ltr'><strong>ἤμελλεν</strong></span> <span class='ocrx_word' id='word_1_475' title='bbox 1501 751 1515 777; x_wconf 83' lang='grc' dir='ltr'>ὁ</span> <span class='ocrx_word' id='word_1_476' title='bbox 1530 751 1669 786; x_wconf 81' lang='grc' dir='ltr'><strong>Δεσπότης</strong></span> <span class='ocrx_word' id='word_1_477' title='bbox 1688 750 1790 786; x_wconf 84' lang='grc' dir='ltr'>Κύριος</span> <span class='ocrx_word' id='word_1_478' title='bbox 1805 751 1840 778; x_wconf 80' lang='grc' dir='ltr'><strong>ὲκ</strong></span> 
     </span>
    </p>
   </div>
   <div class='ocr_carea' id='block_1_69' title="bbox 1046 796 1839 834">
    <p class='ocr_par' dir='ltr' id='par_1_69' title="bbox 1046 796 1839 834">
     <span class='ocr_line' id='line_1_69' title="bbox 1046 796 1839 834; baseline -0.001 -10"><span class='ocrx_word' id='word_1_479' title='bbox 1046 796 1185 834; x_wconf 76' lang='grc' dir='ltr'><strong>Παρθένου</strong></span> <span class='ocrx_word' id='word_1_480' title='bbox 1200 796 1339 823; x_wconf 75' lang='grc' dir='ltr'><strong>τίκτεσθαι</strong></span> <span class='ocrx_word' id='word_1_481' title='bbox 1354 796 1426 823; x_wconf 77' lang='grc' dir='ltr'>κατὰ</span> <span class='ocrx_word' id='word_1_482' title='bbox 1443 797 1542 832; x_wconf 84' lang='grc' dir='ltr'><strong>σάρκα,</strong></span> <span class='ocrx_word' id='word_1_483' title='bbox 1560 798 1607 823; x_wconf 76' lang='grc' dir='ltr'><strong>καὶ</strong></span> <span class='ocrx_word' id='word_1_484' title='bbox 1621 796 1839 833; x_wconf 79' lang='grc' dir='ltr'><strong>σχηματίζεσθαι</strong></span> 
     </span>
    </p>
   </div>
   <div class='ocr_carea' id='block_1_70' title="bbox 1044 843 1839 879">
    <p class='ocr_par' dir='ltr' id='par_1_70' title="bbox 1044 843 1839 879">
     <span class='ocr_line' id='line_1_70' title="bbox 1044 843 1839 879; baseline 0 -9"><span class='ocrx_word' id='word_1_485' title='bbox 1044 843 1081 875; x_wconf 82' lang='grc' dir='ltr'>ὡς</span> <span class='ocrx_word' id='word_1_486' title='bbox 1092 843 1246 878; x_wconf 75' lang='grc' dir='ltr'>ἄνθρωπος,</span> <span class='ocrx_word' id='word_1_487' title='bbox 1268 843 1316 870; x_wconf 72' lang='grc' dir='ltr'><strong>καὶ</strong></span> <span class='ocrx_word' id='word_1_488' title='bbox 1327 843 1493 879; x_wconf 81' lang='grc' dir='ltr'>σαρκοῦσθαι</span> <span class='ocrx_word' id='word_1_489' title='bbox 1512 843 1550 875; x_wconf 86' lang='grc' dir='ltr'><strong>ὡς</strong></span> <span class='ocrx_word' id='word_1_490' title='bbox 1564 843 1670 879; x_wconf 72' lang='grc' dir='ltr'>ἢθελεν·</span> <span class='ocrx_word' id='word_1_491' title='bbox 1684 843 1800 878; x_wconf 74' lang='grc' dir='ltr'>ἤμελλον</span> <span class='ocrx_word' id='word_1_492' title='bbox 1810 843 1839 870; x_wconf 77' lang='grc' dir='ltr'>δὲ</span> 
     </span>
    </p>
   </div>
   <div class='ocr_carea' id='block_1_71' title="bbox 1010 885 1837 925">
    <p class='ocr_par' dir='ltr' id='par_1_71' title="bbox 1010 885 1837 925">
     <span class='ocr_line' id='line_1_71' title="bbox 1010 885 1837 925; baseline 0.001 -10"><span class='ocrx_word' id='word_1_493' title='bbox 1010 885 1030 914; x_wconf 79' lang='grc' dir='ltr'><strong><em>Β</em></strong></span> <span class='ocrx_word' id='word_1_494' title='bbox 1052 889 1172 916; x_wconf 81' lang='grc' dir='ltr'>Ἰουδαῖοι</span> <span class='ocrx_word' id='word_1_495' title='bbox 1185 889 1323 925; x_wconf 75' lang='grc' dir='ltr'>διασύρειν</span> <span class='ocrx_word' id='word_1_496' title='bbox 1338 889 1368 916; x_wconf 71' lang='grc' dir='ltr'>τὸ</span> <span class='ocrx_word' id='word_1_497' title='bbox 1383 889 1475 924; x_wconf 81' lang='grc' dir='ltr'>θαῦμα</span> <span class='ocrx_word' id='word_1_498' title='bbox 1488 909 1496 921; x_wconf 83' lang='grc'>,</span> <span class='ocrx_word' id='word_1_499' title='bbox 1511 890 1556 916; x_wconf 70' lang='grc' dir='ltr'><strong>καὶ</strong></span> <span class='ocrx_word' id='word_1_500' title='bbox 1572 890 1662 924; x_wconf 69' lang='grc' dir='ltr'>λέγειν</span> <span class='ocrx_word' id='word_1_501' title='bbox 1673 897 1680 904; x_wconf 88' lang='grc'><strong>·</strong></span> <span class='ocrx_word' id='word_1_502' title='bbox 1694 889 1757 922; x_wconf 83' lang='grc' dir='ltr'><strong>Πῶς</strong></span> <span class='ocrx_word' id='word_1_503' title='bbox 1769 889 1837 924; x_wconf 79' lang='grc' dir='ltr'><strong>ἡδύ-</strong></span> 
     </span>
    </p>
   </div>
   <div class='ocr_carea' id='block_1_72' title="bbox 1045 934 1840 970">
    <p class='ocr_par' dir='ltr' id='par_1_72' title="bbox 1045 934 1840 970">
     <span class='ocr_line' id='line_1_72' title="bbox 1045 934 1840 970; baseline 0 -8"><span class='ocrx_word' id='word_1_504' title='bbox 1045 944 1109 962; x_wconf 88' lang='grc' dir='ltr'>νατο</span> <span class='ocrx_word' id='word_1_505' title='bbox 1122 937 1137 962; x_wconf 80' lang='grc' dir='ltr'>ὁ</span> <span class='ocrx_word' id='word_1_506' title='bbox 1152 935 1199 962; x_wconf 83' lang='grc' dir='ltr'>τοῦ</span> <span class='ocrx_word' id='word_1_507' title='bbox 1216 935 1283 962; x_wconf 80' lang='grc' dir='ltr'><strong>θεοῦ</strong></span> <span class='ocrx_word' id='word_1_508' title='bbox 1297 935 1382 969; x_wconf 86' lang='grc' dir='ltr'><strong>Λόγος</strong></span> <span class='ocrx_word' id='word_1_509' title='bbox 1392 955 1400 967; x_wconf 86' lang='grc'>,</span> <span class='ocrx_word' id='word_1_510' title='bbox 1415 937 1432 962; x_wconf 86' lang='grc' dir='ltr'><em>ὀ</em></span> <span class='ocrx_word' id='word_1_511' title='bbox 1446 935 1482 962; x_wconf 84' lang='grc' dir='ltr'><strong>ἑν</strong></span> <span class='ocrx_word' id='word_1_512' title='bbox 1495 934 1575 970; x_wconf 80' lang='grc' dir='ltr'>ἀρχῇ</span> <span class='ocrx_word' id='word_1_513' title='bbox 1590 935 1685 970; x_wconf 69' lang='grc' dir='ltr'>Λόγος</span> <span class='ocrx_word' id='word_1_514' title='bbox 1698 955 1706 967; x_wconf 85' lang='grc'><em>,</em></span> <span class='ocrx_word' id='word_1_515' title='bbox 1729 937 1745 962; x_wconf 80' lang='grc' dir='ltr'><strong><em>ό</em></strong></span> <span class='ocrx_word' id='word_1_516' title='bbox 1763 934 1840 969; x_wconf 80' lang='grc' dir='ltr'><strong>πρὸς</strong></span> 
     </span>
    </p>
   </div>
   <div class='ocr_carea' id='block_1_73' title="bbox 1044 981 1838 1017">
    <p class='ocr_par' dir='ltr' id='par_1_73' title="bbox 1044 981 1838 1017">
     <span class='ocr_line' id='line_1_73' title="bbox 1044 981 1838 1017; baseline -0.003 -8"><span class='ocrx_word' id='word_1_517' title='bbox 1044 982 1098 1009; x_wconf 84' lang='grc' dir='ltr'><strong>τὸν</strong></span> <span class='ocrx_word' id='word_1_518' title='bbox 1113 982 1188 1009; x_wconf 79' lang='grc' dir='ltr'><strong>Θεὸν</strong></span> <span class='ocrx_word' id='word_1_519' title='bbox 1207 982 1318 1016; x_wconf 69' lang='grc' dir='ltr'><strong>Λόγος,</strong></span> <span class='ocrx_word' id='word_1_520' title='bbox 1331 983 1360 1008; x_wconf 81' lang='grc' dir='ltr'>ὲν</span> <span class='ocrx_word' id='word_1_521' title='bbox 1375 983 1494 1017; x_wconf 87' lang='grc' dir='ltr'>σχήματι</span> <span class='ocrx_word' id='word_1_522' title='bbox 1510 981 1655 1016; x_wconf 74' lang='grc' dir='ltr'><strong>ἀνθρώπου</strong></span> <span class='ocrx_word' id='word_1_523' title='bbox 1677 981 1838 1016; x_wconf 82' lang='grc' dir='ltr'>γεννᾶσθαι,</span> 
     </span>
    </p>
   </div>
   <div class='ocr_carea' id='block_1_74' title="bbox 1045 1026 1840 1062">
    <p class='ocr_par' dir='ltr' id='par_1_74' title="bbox 1045 1026 1840 1062">
     <span class='ocr_line' id='line_1_74' title="bbox 1045 1026 1840 1062; baseline -0.001 -9"><span class='ocrx_word' id='word_1_524' title='bbox 1045 1027 1091 1053; x_wconf 81' lang='grc' dir='ltr'><strong>καὶ</strong></span> <span class='ocrx_word' id='word_1_525' title='bbox 1101 1027 1133 1053; x_wconf 83' lang='grc' dir='ltr'><strong>ὲκ</strong></span> <span class='ocrx_word' id='word_1_526' title='bbox 1145 1026 1191 1053; x_wconf 75' lang='grc' dir='ltr'>τοῦ</span> <span class='ocrx_word' id='word_1_527' title='bbox 1198 1026 1299 1053; x_wconf 79' lang='grc' dir='ltr'>οἰκείου</span> <span class='ocrx_word' id='word_1_528' title='bbox 1312 1026 1470 1062; x_wconf 80' lang='grc' dir='ltr'><strong>πλάσματος</strong></span> <span class='ocrx_word' id='word_1_529' title='bbox 1481 1026 1664 1061; x_wconf 82' lang='grc' dir='ltr'>σαρκοῦσθαι;</span> <span class='ocrx_word' id='word_1_530' title='bbox 1677 1026 1840 1061; x_wconf 81' lang='grc' dir='ltr'>βουλόμενος</span> 
     </span>
    </p>
   </div>
   <div class='ocr_carea' id='block_1_75' title="bbox 1044 1070 1840 1107">
    <p class='ocr_par' dir='ltr' id='par_1_75' title="bbox 1044 1070 1840 1107">
     <span class='ocr_line' id='line_1_75' title="bbox 1044 1070 1840 1107; baseline -0.001 -9"><span class='ocrx_word' id='word_1_531' title='bbox 1044 1070 1091 1098; x_wconf 79' lang='grc' dir='ltr'>οὖν</span> <span class='ocrx_word' id='word_1_532' title='bbox 1106 1072 1263 1107; x_wconf 77' lang='grc' dir='ltr'>ἀποφράξαι</span> <span class='ocrx_word' id='word_1_533' title='bbox 1276 1071 1329 1098; x_wconf 83' lang='grc' dir='ltr'>τῶν</span> <span class='ocrx_word' id='word_1_534' title='bbox 1348 1072 1482 1098; x_wconf 73' lang='grc' dir='ltr'>Ἰουδαίων</span> <span class='ocrx_word' id='word_1_535' title='bbox 1499 1071 1534 1098; x_wconf 73' lang='grc' dir='ltr'><strong>τὰ</strong></span> <span class='ocrx_word' id='word_1_536' title='bbox 1552 1071 1684 1106; x_wconf 78' lang='grc' dir='ltr'>στόματα,</span> <span class='ocrx_word' id='word_1_537' title='bbox 1700 1071 1783 1103; x_wconf 75' lang='grc' dir='ltr'><strong>ἔδειξε</strong></span> <span class='ocrx_word' id='word_1_538' title='bbox 1798 1071 1840 1106; x_wconf 82' lang='grc' dir='ltr'>τῷ</span> 
     </span>
    </p>
   </div>
   <div class='ocr_carea' id='block_1_76' title="bbox 1045 1117 1839 1153">
    <p class='ocr_par' dir='ltr' id='par_1_76' title="bbox 1045 1117 1839 1153">
     <span class='ocr_line' id='line_1_76' title="bbox 1045 1117 1839 1153; baseline 0 -10"><span class='ocrx_word' id='word_1_539' title='bbox 1045 1117 1172 1153; x_wconf 77' lang='grc' dir='ltr'>προφήτῃ</span> <span class='ocrx_word' id='word_1_540' title='bbox 1188 1117 1251 1143; x_wconf 77' lang='grc' dir='ltr'>ἀντὶ</span> <span class='ocrx_word' id='word_1_541' title='bbox 1267 1117 1317 1153; x_wconf 85' lang='grc' dir='ltr'>τῆς</span> <span class='ocrx_word' id='word_1_542' title='bbox 1332 1117 1482 1153; x_wconf 79' lang='grc' dir='ltr'>Παρθένου,</span> <span class='ocrx_word' id='word_1_543' title='bbox 1498 1117 1548 1152; x_wconf 84' lang='grc' dir='ltr'>τὴν</span> <span class='ocrx_word' id='word_1_544' title='bbox 1562 1117 1673 1152; x_wconf 81' lang='grc' dir='ltr'>λυχνίαν</span> <span class='ocrx_word' id='word_1_545' title='bbox 1684 1125 1691 1132; x_wconf 91' lang='grc'><strong>·</strong></span> <span class='ocrx_word' id='word_1_546' title='bbox 1706 1118 1766 1144; x_wconf 78' lang='grc' dir='ltr'>ἀντὶ</span> <span class='ocrx_word' id='word_1_547' title='bbox 1783 1117 1839 1144; x_wconf 81' lang='grc' dir='ltr'><strong>τῶν</strong></span> 
     </span>
    </p>
   </div>
   <div class='ocr_carea' id='block_1_77' title="bbox 1045 1163 1838 1199">
    <p class='ocr_par' dir='ltr' id='par_1_77' title="bbox 1045 1163 1838 1199">
     <span class='ocr_line' id='line_1_77' title="bbox 1045 1163 1838 1199; baseline 0 -9"><span class='ocrx_word' id='word_1_548' title='bbox 1045 1165 1232 1199; x_wconf 77' lang='grc' dir='ltr'><strong>χαρισμάτων,</strong></span> <span class='ocrx_word' id='word_1_549' title='bbox 1247 1164 1296 1195; x_wconf 83' lang='grc' dir='ltr'><strong>τὰς</strong></span> <span class='ocrx_word' id='word_1_550' title='bbox 1311 1164 1530 1199; x_wconf 81' lang='grc' dir='ltr'>ὲπαρυστρίδας·</span> <span class='ocrx_word' id='word_1_551' title='bbox 1548 1164 1609 1190; x_wconf 80' lang='grc' dir='ltr'>ἀντὶ</span> <span class='ocrx_word' id='word_1_552' title='bbox 1621 1163 1674 1190; x_wconf 85' lang='grc' dir='ltr'>τῶν</span> <span class='ocrx_word' id='word_1_553' title='bbox 1689 1163 1838 1199; x_wconf 79' lang='grc' dir='ltr'>διαθηκῶν.</span> 
     </span>
    </p>
   </div>
   <div class='ocr_carea' id='block_1_78' title="bbox 1045 1209 1840 1245">
    <p class='ocr_par' dir='ltr' id='par_1_78' title="bbox 1045 1209 1840 1245">
     <span class='ocr_line' id='line_1_78' title="bbox 1045 1209 1840 1245; baseline 0 -9"><span class='ocrx_word' id='word_1_554' title='bbox 1045 1210 1095 1241; x_wconf 79' lang='grc' dir='ltr'>τὰς</span> <span class='ocrx_word' id='word_1_555' title='bbox 1110 1209 1219 1242; x_wconf 80' lang='grc' dir='ltr'>ἐλαίας·</span> <span class='ocrx_word' id='word_1_556' title='bbox 1246 1210 1307 1236; x_wconf 75' lang='grc' dir='ltr'>ἀντὶ</span> <span class='ocrx_word' id='word_1_557' title='bbox 1325 1209 1372 1236; x_wconf 84' lang='grc' dir='ltr'>τοῦ</span> <span class='ocrx_word' id='word_1_558' title='bbox 1395 1210 1537 1245; x_wconf 80' lang='grc' dir='ltr'>Σωτῆρος,</span> <span class='ocrx_word' id='word_1_559' title='bbox 1555 1209 1587 1236; x_wconf 80' lang='grc' dir='ltr'>τὸ</span> <span class='ocrx_word' id='word_1_560' title='bbox 1600 1209 1763 1245; x_wconf 79' lang='grc' dir='ltr'>λαμπάδιον.</span> <span class='ocrx_word' id='word_1_561' title='bbox 1783 1209 1840 1236; x_wconf 80' lang='grc' dir='ltr'><strong>Καὶ</strong></span> 
     </span>
    </p>
   </div>
   <div class='ocr_carea' id='block_1_79' title="bbox 1044 1255 1840 1291">
    <p class='ocr_par' dir='ltr' id='par_1_79' title="bbox 1044 1255 1840 1291">
     <span class='ocr_line' id='line_1_79' title="bbox 1044 1255 1840 1291; baseline -0.001 -9"><span class='ocrx_word' id='word_1_562' title='bbox 1044 1256 1085 1283; x_wconf 79' lang='grc' dir='ltr'>ὅτι</span> <span class='ocrx_word' id='word_1_563' title='bbox 1108 1256 1260 1291; x_wconf 72' lang='grc' dir='ltr'>λαμπάδιον</span> <span class='ocrx_word' id='word_1_564' title='bbox 1282 1255 1406 1290; x_wconf 83' lang='grc' dir='ltr'>λέγουσιν</span> <span class='ocrx_word' id='word_1_565' title='bbox 1422 1256 1448 1282; x_wconf 86' lang='grc' dir='ltr'>οἱ</span> <span class='ocrx_word' id='word_1_566' title='bbox 1474 1256 1612 1291; x_wconf 80' lang='grc' dir='ltr'>προφῆται</span> <span class='ocrx_word' id='word_1_567' title='bbox 1634 1255 1680 1282; x_wconf 75' lang='grc' dir='ltr'><strong>τὸν</strong></span> <span class='ocrx_word' id='word_1_568' title='bbox 1700 1255 1840 1290; x_wconf 77' lang='grc' dir='ltr'>Δεσπότιιν</span> 
     </span>
    </p>
   </div>
   <div class='ocr_carea' id='block_1_80' title="bbox 1045 1301 1839 1338">
    <p class='ocr_par' dir='ltr' id='par_1_80' title="bbox 1045 1301 1839 1338">
     <span class='ocr_line' id='line_1_80' title="bbox 1045 1301 1839 1338; baseline 0 -10"><span class='ocrx_word' id='word_1_569' title='bbox 1045 1302 1174 1336; x_wconf 79' lang='grc' dir='ltr'>Χριστὸν,</span> <span class='ocrx_word' id='word_1_570' title='bbox 1194 1303 1240 1329; x_wconf 81' lang='grc' dir='ltr'>τὸν</span> <span class='ocrx_word' id='word_1_571' title='bbox 1263 1302 1440 1337; x_wconf 74' lang='grc' dir='ltr'>σαρκωθέντα</span> <span class='ocrx_word' id='word_1_572' title='bbox 1463 1303 1560 1336; x_wconf 74' lang='grc' dir='ltr'>Λόγον,</span> <span class='ocrx_word' id='word_1_573' title='bbox 1577 1302 1623 1328; x_wconf 80' lang='grc' dir='ltr'><strong>τὸν</strong></span> <span class='ocrx_word' id='word_1_574' title='bbox 1641 1301 1677 1337; x_wconf 84' lang='grc' dir='ltr'>μὴ</span> <span class='ocrx_word' id='word_1_575' title='bbox 1699 1302 1839 1338; x_wconf 78' lang='grc' dir='ltr'>τραπέντα</span> 
     </span>
    </p>
   </div>
   <div class='ocr_carea' id='block_1_81' title="bbox 1044 1346 1838 1382">
    <p class='ocr_par' dir='ltr' id='par_1_81' title="bbox 1044 1346 1838 1382">
     <span class='ocr_line' id='line_1_81' title="bbox 1044 1346 1838 1382; baseline -0.001 -8"><span class='ocrx_word' id='word_1_576' title='bbox 1044 1347 1123 1380; x_wconf 80' lang='grc' dir='ltr'><strong>Θεὸν,</strong></span> <span class='ocrx_word' id='word_1_577' title='bbox 1154 1347 1237 1374; x_wconf 78' lang='grc' dir='ltr'><strong>ἄκουε</strong></span> <span class='ocrx_word' id='word_1_578' title='bbox 1268 1347 1378 1374; x_wconf 76' lang='grc' dir='ltr'>Ἡσαΐου</span> <span class='ocrx_word' id='word_1_579' title='bbox 1407 1347 1548 1381; x_wconf 80' lang='grc' dir='ltr'>λέγοντος·</span> <span class='ocrx_word' id='word_1_580' title='bbox 1583 1346 1788 1382; x_wconf 76' lang='grc' dir='ltr'>Ἀταλλιάσθω</span> <span class='ocrx_word' id='word_1_581' title='bbox 1818 1347 1838 1381; x_wconf 77' lang='grc' dir='ltr'>ἡ</span> 
     </span>
    </p>
   </div>
   <div class='ocr_carea' id='block_1_82' title="bbox 1045 1392 1841 1429">
    <p class='ocr_par' dir='ltr' id='par_1_82' title="bbox 1045 1392 1841 1429">
     <span class='ocr_line' id='line_1_82' title="bbox 1045 1392 1841 1429; baseline -0.003 -8"><span class='ocrx_word' id='word_1_582' title='bbox 1045 1393 1130 1429; x_wconf 60' lang='grc' dir='ltr'><strong>⁴ψυχή</strong></span> <span class='ocrx_word' id='word_1_583' title='bbox 1144 1403 1203 1429; x_wconf 87' lang='grc' dir='ltr'><strong>μου</strong></span> <span class='ocrx_word' id='word_1_584' title='bbox 1217 1393 1267 1420; x_wconf 78' lang='grc' dir='ltr'><strong>ἐπὶ</strong></span> <span class='ocrx_word' id='word_1_585' title='bbox 1281 1393 1320 1426; x_wconf 88' lang='grc' dir='ltr'>τῷ</span> <span class='ocrx_word' id='word_1_586' title='bbox 1332 1393 1446 1427; x_wconf 81' lang='grc' dir='ltr'>Κυρίῳ·</span> <span class='ocrx_word' id='word_1_587' title='bbox 1457 1393 1584 1420; x_wconf 78' lang='grc' dir='ltr'><strong>ἐνέδυσε</strong></span> <span class='ocrx_word' id='word_1_588' title='bbox 1599 1393 1654 1428; x_wconf 67' lang='grc' dir='ltr'><strong>γάρ</strong></span> <span class='ocrx_word' id='word_1_589' title='bbox 1667 1401 1706 1427; x_wconf 77' lang='grc' dir='ltr'>με</span> <span class='ocrx_word' id='word_1_590' title='bbox 1721 1392 1841 1427; x_wconf 74' lang='grc' dir='ltr'>ἱμάτιον</span> 
     </span>
    </p>
   </div>
   <div class='ocr_carea' id='block_1_83' title="bbox 1044 1438 1840 1474">
    <p class='ocr_par' dir='ltr' id='par_1_83' title="bbox 1044 1438 1840 1474">
     <span class='ocr_line' id='line_1_83' title="bbox 1044 1438 1840 1474; baseline -0.003 -7"><span class='ocrx_word' id='word_1_591' title='bbox 1044 1440 1206 1474; x_wconf 81' lang='grc' dir='ltr'>σωτηρίου,</span> <span class='ocrx_word' id='word_1_592' title='bbox 1230 1440 1279 1466; x_wconf 77' lang='grc' dir='ltr'><strong>καὶ</strong></span> <span class='ocrx_word' id='word_1_593' title='bbox 1300 1438 1411 1474; x_wconf 78' lang='grc' dir='ltr'>χιτῶνα</span> <span class='ocrx_word' id='word_1_594' title='bbox 1433 1439 1646 1473; x_wconf 70' lang='grc' dir='ltr'><strong>εὐφροσύνης·</strong></span> <span class='ocrx_word' id='word_1_595' title='bbox 1664 1439 1704 1471; x_wconf 81' lang='grc' dir='ltr'><strong>ὡς</strong></span> <span class='ocrx_word' id='word_1_596' title='bbox 1719 1439 1840 1473; x_wconf 69' lang='grc' dir='ltr'>νυμφίῳ</span> 
     </span>
    </p>
   </div>
   <div class='ocr_carea' id='block_1_84' title="bbox 1045 1485 1840 1520">
    <p class='ocr_par' dir='ltr' id='par_1_84' title="bbox 1045 1485 1840 1520">
     <span class='ocr_line' id='line_1_84' title="bbox 1045 1485 1840 1520; baseline 0.001 -9"><span class='ocrx_word' id='word_1_597' title='bbox 1045 1485 1201 1519; x_wconf 80' lang='grc' dir='ltr'><strong>περιέθηκέ</strong></span> <span class='ocrx_word' id='word_1_598' title='bbox 1215 1495 1267 1520; x_wconf 85' lang='grc' dir='ltr'><strong>μοι</strong></span> <span class='ocrx_word' id='word_1_599' title='bbox 1290 1487 1415 1520; x_wconf 74' lang='grc' dir='ltr'>μίτραν·</span> <span class='ocrx_word' id='word_1_600' title='bbox 1442 1486 1491 1512; x_wconf 79' lang='grc' dir='ltr'><strong>καὶ</strong></span> <span class='ocrx_word' id='word_1_601' title='bbox 1514 1486 1555 1518; x_wconf 85' lang='grc' dir='ltr'><strong>ὡς</strong></span> <span class='ocrx_word' id='word_1_602' title='bbox 1576 1486 1698 1520; x_wconf 69' lang='grc' dir='ltr'><em>νύμφην</em></span> <span class='ocrx_word' id='word_1_603' title='bbox 1717 1486 1840 1512; x_wconf 77' lang='grc' dir='ltr'><strong>κατεκό-</strong></span> 
     </span>
    </p>
   </div>
   <div class='ocr_carea' id='block_1_85' title="bbox 1045 1531 1840 1567">
    <p class='ocr_par' dir='ltr' id='par_1_85' title="bbox 1045 1531 1840 1567">
     <span class='ocr_line' id='line_1_85' title="bbox 1045 1531 1840 1567; baseline -0.001 -8"><span class='ocrx_word' id='word_1_604' title='bbox 1045 1532 1146 1567; x_wconf 82' lang='grc' dir='ltr'>σμησέ</span> <span class='ocrx_word' id='word_1_605' title='bbox 1156 1533 1319 1567; x_wconf 79' lang='grc' dir='ltr'>μεκόσμῳ·</span> <span class='ocrx_word' id='word_1_606' title='bbox 1333 1533 1382 1559; x_wconf 75' lang='grc' dir='ltr'><strong>καὶ</strong></span> <span class='ocrx_word' id='word_1_607' title='bbox 1396 1533 1436 1565; x_wconf 83' lang='grc' dir='ltr'><strong>ὡς</strong></span> <span class='ocrx_word' id='word_1_608' title='bbox 1453 1532 1512 1567; x_wconf 78' lang='grc' dir='ltr'>γῆν</span> <span class='ocrx_word' id='word_1_609' title='bbox 1523 1532 1681 1564; x_wconf 78' lang='grc' dir='ltr'>αὔξουσαν</span> <span class='ocrx_word' id='word_1_610' title='bbox 1696 1532 1730 1558; x_wconf 81' lang='grc' dir='ltr'>τὸ</span> <span class='ocrx_word' id='word_1_611' title='bbox 1747 1531 1840 1564; x_wconf 84' lang='grc' dir='ltr'><em>ἄνθος</em></span> 
     </span>
    </p>
   </div>
   <div class='ocr_carea' id='block_1_86' title="bbox 1045 1577 1840 1613">
    <p class='ocr_par' dir='ltr' id='par_1_86' title="bbox 1045 1577 1840 1613">
     <span class='ocr_line' id='line_1_86' title="bbox 1045 1577 1840 1613; baseline -0.003 -7"><span class='ocrx_word' id='word_1_612' title='bbox 1045 1578 1138 1613; x_wconf 69' lang='grc' dir='ltr'>αὐτῆς</span> <span class='ocrx_word' id='word_1_613' title='bbox 1153 1587 1160 1593; x_wconf 92' lang='grc'><strong>·</strong></span> <span class='ocrx_word' id='word_1_614' title='bbox 1180 1579 1229 1605; x_wconf 81' lang='grc' dir='ltr'><strong>καὶ</strong></span> <span class='ocrx_word' id='word_1_615' title='bbox 1252 1579 1292 1611; x_wconf 82' lang='grc' dir='ltr'><strong>ὡς</strong></span> <span class='ocrx_word' id='word_1_616' title='bbox 1308 1578 1406 1613; x_wconf 81' lang='grc' dir='ltr'><em>κῆπος</em></span> <span class='ocrx_word' id='word_1_617' title='bbox 1423 1578 1459 1605; x_wconf 80' lang='grc' dir='ltr'>τὰ</span> <span class='ocrx_word' id='word_1_618' title='bbox 1477 1578 1633 1613; x_wconf 78' lang='grc' dir='ltr'>σπέρματα</span> <span class='ocrx_word' id='word_1_619' title='bbox 1657 1577 1752 1604; x_wconf 85' lang='grc' dir='ltr'>αὑτοῦ</span> <span class='ocrx_word' id='word_1_620' title='bbox 1763 1585 1771 1592; x_wconf 88' lang='grc'><strong>·</strong></span> <span class='ocrx_word' id='word_1_621' title='bbox 1787 1578 1840 1604; x_wconf 81' lang='grc' dir='ltr'><strong>οῦ-</strong></span> 
     </span>
    </p>
   </div>
   <div class='ocr_carea' id='block_1_87' title="bbox 1044 1624 1841 1659">
    <p class='ocr_par' dir='ltr' id='par_1_87' title="bbox 1044 1624 1841 1659">
     <span class='ocr_line' id='line_1_87' title="bbox 1044 1624 1841 1659; baseline -0.003 -7"><span class='ocrx_word' id='word_1_622' title='bbox 1044 1634 1102 1658; x_wconf 82' lang='grc' dir='ltr'>τως</span> <span class='ocrx_word' id='word_1_623' title='bbox 1113 1625 1253 1659; x_wconf 64' lang='grc' dir='ltr'><strong>ὰνατξλεῐ</strong></span> <span class='ocrx_word' id='word_1_624' title='bbox 1263 1625 1372 1659; x_wconf 81' lang='grc' dir='ltr'>Κύριος</span> <span class='ocrx_word' id='word_1_625' title='bbox 1383 1625 1592 1658; x_wconf 79' lang='grc' dir='ltr'>δικαιοσύνην,</span> <span class='ocrx_word' id='word_1_626' title='bbox 1602 1624 1652 1651; x_wconf 78' lang='grc' dir='ltr'>καί</span> <span class='ocrx_word' id='word_1_627' title='bbox 1665 1624 1841 1658; x_wconf 74' lang='grc' dir='ltr'>ἀγαλλίαμα</span> 
     </span>
    </p>
   </div>
   <div class='ocr_carea' id='block_1_88' title="bbox 1044 1671 1841 1699">
    <p class='ocr_par' dir='ltr' id='par_1_88' title="bbox 1044 1671 1841 1699">
     <span class='ocr_line' id='line_1_88' title="bbox 1044 1671 1841 1699; baseline -0.003 0"><span class='ocrx_word' id='word_1_628' title='bbox 1044 1672 1173 1699; x_wconf 77' lang='grc' dir='ltr'><strong>ἐνώπιον</strong></span> <span class='ocrx_word' id='word_1_629' title='bbox 1192 1671 1314 1698; x_wconf 80' lang='grc' dir='ltr'>πάντων</span> <span class='ocrx_word' id='word_1_630' title='bbox 1335 1671 1394 1698; x_wconf 82' lang='grc' dir='ltr'><strong>τῶν</strong></span> <span class='ocrx_word' id='word_1_631' title='bbox 1418 1671 1523 1698; x_wconf 73' lang='grc' dir='ltr'><strong>ἐθνῶν.</strong></span> <span class='ocrx_word' id='word_1_632' title='bbox 1542 1673 1594 1698; x_wconf 80' lang='grc' dir='ltr'><strong>Διὰ</strong></span> <span class='ocrx_word' id='word_1_633' title='bbox 1613 1671 1690 1698; x_wconf 82' lang='grc' dir='ltr'><strong>Σιὼν</strong></span> <span class='ocrx_word' id='word_1_634' title='bbox 1717 1671 1754 1698; x_wconf 81' lang='grc' dir='ltr'><strong>οὐ</strong></span> <span class='ocrx_word' id='word_1_635' title='bbox 1770 1678 1841 1698; x_wconf 87' lang='grc' dir='ltr'>σιω-</span> 
     </span>
    </p>
   </div>
   <div class='ocr_carea' id='block_1_89' title="bbox 1046 1717 1841 1753">
    <p class='ocr_par' dir='ltr' id='par_1_89' title="bbox 1046 1717 1841 1753">
     <span class='ocr_line' id='line_1_89' title="bbox 1046 1717 1841 1753; baseline -0.001 -8"><span class='ocrx_word' id='word_1_636' title='bbox 1046 1717 1192 1753; x_wconf 81' lang='grc' dir='ltr'>πήσομαι.</span> <span class='ocrx_word' id='word_1_637' title='bbox 1218 1718 1268 1745; x_wconf 84' lang='grc' dir='ltr'><strong>καὶ</strong></span> <span class='ocrx_word' id='word_1_638' title='bbox 1289 1718 1340 1745; x_wconf 77' lang='grc' dir='ltr'>διὰ</span> <span class='ocrx_word' id='word_1_639' title='bbox 1362 1717 1561 1752; x_wconf 78' lang='grc' dir='ltr'>Ἰερουσαλὴμ</span> <span class='ocrx_word' id='word_1_640' title='bbox 1575 1718 1632 1744; x_wconf 81' lang='grc' dir='ltr'><strong>οὐκ</strong></span> <span class='ocrx_word' id='word_1_641' title='bbox 1655 1717 1770 1750; x_wconf 80' lang='grc' dir='ltr'><strong>ἀνήσω,</strong></span> <span class='ocrx_word' id='word_1_642' title='bbox 1785 1717 1841 1750; x_wconf 81' lang='grc' dir='ltr'><strong>ἕως</strong></span> 
     </span>
    </p>
   </div>
   <div class='ocr_carea' id='block_1_90' title="bbox 1045 1763 1842 1799">
    <p class='ocr_par' dir='ltr' id='par_1_90' title="bbox 1045 1763 1842 1799">
     <span class='ocr_line' id='line_1_90' title="bbox 1045 1763 1842 1799; baseline -0.001 -8"><span class='ocrx_word' id='word_1_643' title='bbox 1045 1764 1083 1791; x_wconf 77' lang='grc' dir='ltr'><strong>ἂν</strong></span> <span class='ocrx_word' id='word_1_644' title='bbox 1095 1764 1204 1799; x_wconf 76' lang='grc' dir='ltr'><strong>ἐξέλθῃ</strong></span> <span class='ocrx_word' id='word_1_645' title='bbox 1217 1765 1258 1797; x_wconf 86' lang='grc' dir='ltr'><strong>ὼς</strong></span> <span class='ocrx_word' id='word_1_646' title='bbox 1282 1763 1344 1799; x_wconf 72' lang='grc' dir='ltr'><em>φῶς</em></span> <span class='ocrx_word' id='word_1_647' title='bbox 1366 1765 1386 1798; x_wconf 80' lang='grc' dir='ltr'>ἡ</span> <span class='ocrx_word' id='word_1_648' title='bbox 1406 1764 1586 1798; x_wconf 76' lang='grc' dir='ltr'>δικαιοσύνη</span> <span class='ocrx_word' id='word_1_649' title='bbox 1600 1772 1675 1798; x_wconf 84' lang='grc' dir='ltr'>μου·</span> <span class='ocrx_word' id='word_1_650' title='bbox 1691 1763 1725 1790; x_wconf 84' lang='grc' dir='ltr'>τὸ</span> <span class='ocrx_word' id='word_1_651' title='bbox 1738 1763 1773 1790; x_wconf 86' lang='grc' dir='ltr'>δὲ</span> <span class='ocrx_word' id='word_1_652' title='bbox 1786 1772 1842 1791; x_wconf 89' lang='grc' dir='ltr'>σω-</span> 
     </span>
    </p>
   </div>
   <div class='ocr_carea' id='block_1_91' title="bbox 1046 1809 1841 1845">
    <p class='ocr_par' dir='ltr' id='par_1_91' title="bbox 1046 1809 1841 1845">
     <span class='ocr_line' id='line_1_91' title="bbox 1046 1809 1841 1845; baseline 0 -10"><span class='ocrx_word' id='word_1_653' title='bbox 1046 1809 1149 1844; x_wconf 81' lang='grc' dir='ltr'>τήριόν</span> <span class='ocrx_word' id='word_1_654' title='bbox 1161 1819 1221 1844; x_wconf 87' lang='grc' dir='ltr'><strong>μου</strong></span> <span class='ocrx_word' id='word_1_655' title='bbox 1237 1810 1279 1843; x_wconf 86' lang='grc' dir='ltr'><em>ὡς</em></span> <span class='ocrx_word' id='word_1_656' title='bbox 1294 1810 1416 1844; x_wconf 80' lang='grc' dir='ltr'><strong>λαμπὰς</strong></span> <span class='ocrx_word' id='word_1_657' title='bbox 1435 1809 1629 1843; x_wconf 80' lang='grc' dir='ltr'><strong>καυθήσεται.</strong></span> <span class='ocrx_word' id='word_1_658' title='bbox 1646 1809 1727 1844; x_wconf 81' lang='grc' dir='ltr'><strong>Αὐτῷ</strong></span> <span class='ocrx_word' id='word_1_659' title='bbox 1744 1810 1760 1845; x_wconf 85' lang='grc' dir='ltr'><strong>ή</strong></span> <span class='ocrx_word' id='word_1_660' title='bbox 1777 1809 1841 1841; x_wconf 79' lang='grc' dir='ltr'>δόξα</span> 
     </span>
    </p>
   </div>
   <div class='ocr_carea' id='block_1_92' title="bbox 1047 1855 1841 1892">
    <p class='ocr_par' dir='ltr' id='par_1_92' title="bbox 1047 1855 1841 1892">
     <span class='ocr_line' id='line_1_92' title="bbox 1047 1855 1841 1892; baseline -0.001 -9"><span class='ocrx_word' id='word_1_661' title='bbox 1047 1857 1095 1884; x_wconf 76' lang='grc' dir='ltr'><strong>καὶ</strong></span> <span class='ocrx_word' id='word_1_662' title='bbox 1115 1857 1145 1883; x_wconf 84' lang='grc' dir='ltr'>τὸ</span> <span class='ocrx_word' id='word_1_663' title='bbox 1165 1857 1266 1892; x_wconf 83' lang='grc' dir='ltr'>κράτος</span> <span class='ocrx_word' id='word_1_664' title='bbox 1293 1857 1339 1883; x_wconf 80' lang='grc' dir='ltr'><strong>καὶ</strong></span> <span class='ocrx_word' id='word_1_665' title='bbox 1356 1856 1372 1890; x_wconf 89' lang='grc' dir='ltr'><strong>ὴ</strong></span> <span class='ocrx_word' id='word_1_666' title='bbox 1397 1856 1465 1891; x_wconf 85' lang='grc' dir='ltr'>τιμὴ</span> <span class='ocrx_word' id='word_1_667' title='bbox 1493 1856 1541 1882; x_wconf 85' lang='grc' dir='ltr'>σὺν</span> <span class='ocrx_word' id='word_1_668' title='bbox 1558 1855 1598 1890; x_wconf 80' lang='grc' dir='ltr'>τῷ</span> <span class='ocrx_word' id='word_1_669' title='bbox 1621 1855 1708 1891; x_wconf 71' lang='lat' dir='ltr'><strong>[Iath</strong></span> <span class='ocrx_word' id='word_1_670' title='bbox 1725 1855 1783 1891; x_wconf 78' lang='grc' dir='ltr'>ἅμα</span> <span class='ocrx_word' id='word_1_671' title='bbox 1801 1856 1841 1891; x_wconf 86' lang='grc' dir='ltr'><strong>τῷ</strong></span> 
     </span>
    </p>
   </div>
   <div class='ocr_carea' id='block_1_93' title="bbox 1046 1902 1841 1938">
    <p class='ocr_par' dir='ltr' id='par_1_93' title="bbox 1046 1902 1841 1938">
     <span class='ocr_line' id='line_1_93' title="bbox 1046 1902 1841 1938; baseline 0.001 -9"><span class='ocrx_word' id='word_1_672' title='bbox 1046 1903 1116 1938; x_wconf 84' lang='grc' dir='ltr'>ἁγίῳ</span> <span class='ocrx_word' id='word_1_673' title='bbox 1129 1902 1279 1938; x_wconf 79' lang='grc' dir='ltr'>Πνεύματι,</span> <span class='ocrx_word' id='word_1_674' title='bbox 1293 1902 1340 1928; x_wconf 78' lang='grc' dir='ltr'>νῦν</span> <span class='ocrx_word' id='word_1_675' title='bbox 1353 1902 1400 1928; x_wconf 79' lang='grc' dir='ltr'><strong>καὶ</strong></span> <span class='ocrx_word' id='word_1_676' title='bbox 1413 1902 1467 1934; x_wconf 78' lang='grc' dir='ltr'><strong>ἀεὶ,</strong></span> <span class='ocrx_word' id='word_1_677' title='bbox 1480 1902 1527 1928; x_wconf 76' lang='grc' dir='ltr'><strong>καὶ</strong></span> <span class='ocrx_word' id='word_1_678' title='bbox 1539 1902 1579 1934; x_wconf 80' lang='grc' dir='ltr'>είς</span> <span class='ocrx_word' id='word_1_679' title='bbox 1590 1902 1654 1934; x_wconf 86' lang='grc' dir='ltr'>τοὺς</span> <span class='ocrx_word' id='word_1_680' title='bbox 1668 1902 1771 1934; x_wconf 74' lang='grc' dir='ltr'>αἰῶνας</span> <span class='ocrx_word' id='word_1_681' title='bbox 1784 1903 1841 1930; x_wconf 83' lang='grc' dir='ltr'>τῶν</span> 
     </span>
    </p>
   </div>
   <div class='ocr_carea' id='block_1_94' title="bbox 1047 1948 1276 1984">
    <p class='ocr_par' dir='ltr' id='par_1_94' title="bbox 1047 1948 1276 1984">
     <span class='ocr_line' id='line_1_94' title="bbox 1047 1948 1276 1984; baseline -0.004 -8"><span class='ocrx_word' id='word_1_682' title='bbox 1047 1948 1162 1976; x_wconf 67' lang='grc' dir='ltr'>αἰώνων.</span> <span class='ocrx_word' id='word_1_683' title='bbox 1181 1948 1276 1984; x_wconf 84' lang='grc' dir='ltr'>Ἀμήν.</span> 
     </span>
    </p>
   </div>
   <div class='ocr_carea' id='block_1_95' title="bbox 1372 2004 1538 2032">
    <p class='ocr_par' dir='ltr' id='par_1_95' title="bbox 1372 2004 1538 2032">
     <span class='ocr_line' id='line_1_95' title="bbox 1372 2004 1538 2032; baseline 0.006 -1"><span class='ocrx_word' id='word_1_684' title='bbox 1372 2004 1482 2032; x_wconf 87' lang='grc' dir='ltr'>ΛΟΓΟΣ</span> <span class='ocrx_word' id='word_1_685' title='bbox 1501 2005 1538 2032; x_wconf 83' lang='grc' dir='ltr'><strong>Γ’.</strong></span> 
     </span>
    </p>
   </div>
   <div class='ocr_carea' id='block_1_96' title="bbox 1044 2060 1843 2096">
    <p class='ocr_par' dir='ltr' id='par_1_96' title="bbox 1044 2060 1843 2096">
     <span class='ocr_line' id='line_1_96' title="bbox 1044 2060 1843 2096; baseline -0.001 -7"><span class='ocrx_word' id='word_1_686' title='bbox 1044 2063 1097 2095; x_wconf 75' lang='grc' dir='ltr'><strong>Εἷς</strong></span> <span class='ocrx_word' id='word_1_687' title='bbox 1112 2061 1169 2096; x_wconf 77' lang='grc' dir='ltr'>τὴν</span> <span class='ocrx_word' id='word_1_688' title='bbox 1182 2061 1414 2096; x_wconf 82' lang='grc' dir='ltr'><strong>ἐνανθρώπησιν</strong></span> <span class='ocrx_word' id='word_1_689' title='bbox 1430 2062 1483 2088; x_wconf 85' lang='grc' dir='ltr'><strong>τοῦ</strong></span> <span class='ocrx_word' id='word_1_690' title='bbox 1501 2061 1612 2095; x_wconf 81' lang='grc' dir='ltr'>Κυρίου</span> <span class='ocrx_word' id='word_1_691' title='bbox 1627 2060 1711 2096; x_wconf 70' lang='grc' dir='ltr'><strong>ἡμῶν</strong></span> <span class='ocrx_word' id='word_1_692' title='bbox 1739 2061 1843 2095; x_wconf 83' lang='grc' dir='ltr'>Ἰησοῦ</span> 
     </span>
    </p>
   </div>
   <div class='ocr_carea' id='block_1_97' title="bbox 1338 2097 1550 2132">
    <p class='ocr_par' dir='ltr' id='par_1_97' title="bbox 1338 2097 1550 2132">
     <span class='ocr_line' id='line_1_97' title="bbox 1338 2097 1550 2132; baseline 0 -9"><span class='ocrx_word' id='word_1_693' title='bbox 1338 2097 1463 2131; x_wconf 80' lang='grc' dir='ltr'>Χριστοῦ</span> <span class='ocrx_word' id='word_1_694' title='bbox 1483 2097 1550 2132; x_wconf 78' lang='grc'><strong>(55).</strong></span> 
     </span>
    </p>
   </div>
   <div class='ocr_carea' id='block_1_98' title="bbox 1083 2153 1845 2190">
    <p class='ocr_par' dir='ltr' id='par_1_98' title="bbox 1083 2153 1845 2190">
     <span class='ocr_line' id='line_1_98' title="bbox 1083 2153 1845 2190; baseline 0 -10"><span class='ocrx_word' id='word_1_695' title='bbox 1083 2153 1124 2180; x_wconf 85' lang='grc' dir='ltr'><strong>Δ’.</strong></span> <span class='ocrx_word' id='word_1_696' title='bbox 1146 2154 1245 2181; x_wconf 72' lang='grc' dir='ltr'>Πολλά).</span> <span class='ocrx_word' id='word_1_697' title='bbox 1269 2154 1316 2181; x_wconf 77' lang='grc' dir='ltr'><strong>καὶ</strong></span> <span class='ocrx_word' id='word_1_698' title='bbox 1335 2154 1458 2190; x_wconf 68' lang='grc' dir='ltr'>διάεροροι</span> <span class='ocrx_word' id='word_1_699' title='bbox 1488 2155 1657 2190; x_wconf 73' lang='grc' dir='ltr'>πανηγύρεις</span> <span class='ocrx_word' id='word_1_700' title='bbox 1673 2154 1719 2180; x_wconf 83' lang='grc' dir='ltr'>τὸν</span> <span class='ocrx_word' id='word_1_701' title='bbox 1737 2154 1845 2190; x_wconf 77' lang='grc' dir='ltr'>ἀνθρώ-</span> 
     </span>
    </p>
   </div>
   <div class='ocr_carea' id='block_1_99' title="bbox 1050 2199 1846 2236">
    <p class='ocr_par' dir='ltr' id='par_1_99' title="bbox 1050 2199 1846 2236">
     <span class='ocr_line' id='line_1_99' title="bbox 1050 2199 1846 2236; baseline 0 -10"><span class='ocrx_word' id='word_1_702' title='bbox 1050 2209 1127 2227; x_wconf 86' lang='grc' dir='ltr'>πινον</span> <span class='ocrx_word' id='word_1_703' title='bbox 1150 2199 1325 2235; x_wconf 80' lang='grc' dir='ltr'>φαιδρύνουσι</span> <span class='ocrx_word' id='word_1_704' title='bbox 1343 2199 1410 2235; x_wconf 83' lang='grc' dir='ltr'>βίον,</span> <span class='ocrx_word' id='word_1_705' title='bbox 1430 2199 1468 2234; x_wconf 80' lang='grc' dir='ltr'>τῷ</span> <span class='ocrx_word' id='word_1_706' title='bbox 1490 2199 1583 2235; x_wconf 79' lang='grc' dir='ltr'>κύκλῳ</span> <span class='ocrx_word' id='word_1_707' title='bbox 1603 2199 1658 2226; x_wconf 84' lang='grc' dir='ltr'>τῶν</span> <span class='ocrx_word' id='word_1_708' title='bbox 1673 2201 1776 2234; x_wconf 77' lang='grc' dir='ltr'>ἑορτῶν</span> <span class='ocrx_word' id='word_1_709' title='bbox 1793 2201 1846 2236; x_wconf 78' lang='grc' dir='ltr'>τῆς</span> 
     </span>
    </p>
   </div>
   <div class='ocr_carea' id='block_1_100' title="bbox 1015 2233 1845 2282">
    <p class='ocr_par' dir='ltr' id='par_1_100' title="bbox 1015 2233 1845 2282">
     <span class='ocr_line' id='line_1_100' title="bbox 1015 2233 1845 2282; baseline 0.001 -10"><span class='ocrx_word' id='word_1_710' title='bbox 1015 2233 1036 2260; x_wconf 77' lang='lat' dir='ltr'>D</span> <span class='ocrx_word' id='word_1_711' title='bbox 1049 2233 1197 2282; x_wconf 62' lang='grc' dir='ltr'>ὲπιμόχθου</span> <span class='ocrx_word' id='word_1_712' title='bbox 1214 2233 1286 2281; x_wconf 63' lang='grc' dir='ltr'>ζωῆς</span> <span class='ocrx_word' id='word_1_713' title='bbox 1300 2246 1331 2272; x_wconf 84' lang='grc' dir='ltr'>τὸ</span> <span class='ocrx_word' id='word_1_714' title='bbox 1343 2233 1469 2281; x_wconf 63' lang='grc' dir='ltr'>λυπηρὸν</span> <span class='ocrx_word' id='word_1_715' title='bbox 1483 2246 1523 2277; x_wconf 86' lang='grc' dir='ltr'>είς</span> <span class='ocrx_word' id='word_1_716' title='bbox 1545 2233 1641 2281; x_wconf 77' lang='grc' dir='ltr'>ἡδονὴν</span> <span class='ocrx_word' id='word_1_717' title='bbox 1658 2233 1845 2281; x_wconf 63' lang='grc' dir='ltr'>μεταϐάλλοο-</span> 
     </span>
    </p>
   </div>
   <div class='ocr_carea' id='block_1_101' title="bbox 1050 2291 1844 2327">
    <p class='ocr_par' dir='ltr' id='par_1_101' title="bbox 1050 2291 1844 2327">
     <span class='ocr_line' id='line_1_101' title="bbox 1050 2291 1844 2327; baseline 0.001 -9"><span class='ocrx_word' id='word_1_718' title='bbox 1050 2301 1104 2319; x_wconf 81' lang='grc' dir='ltr'>σαι.</span> <span class='ocrx_word' id='word_1_719' title='bbox 1126 2292 1231 2326; x_wconf 74' lang='grc' dir='ltr'>Ὠσπερ</span> <span class='ocrx_word' id='word_1_720' title='bbox 1250 2292 1304 2327; x_wconf 78' lang='grc' dir='ltr'><strong>γὰρ</strong></span> <span class='ocrx_word' id='word_1_721' title='bbox 1319 2292 1343 2318; x_wconf 79' lang='grc' dir='ltr'>οἱ</span> <span class='ocrx_word' id='word_1_722' title='bbox 1366 2291 1435 2327; x_wconf 84' lang='grc' dir='ltr'>μετὰ</span> <span class='ocrx_word' id='word_1_723' title='bbox 1450 2291 1533 2327; x_wconf 82' lang='grc' dir='ltr'>ζάλης</span> <span class='ocrx_word' id='word_1_724' title='bbox 1549 2293 1582 2318; x_wconf 80' lang='grc' dir='ltr'><strong>ἐκ</strong></span> <span class='ocrx_word' id='word_1_725' title='bbox 1602 2292 1739 2326; x_wconf 80' lang='grc' dir='ltr'>πελάγους</span> <span class='ocrx_word' id='word_1_726' title='bbox 1756 2301 1844 2319; x_wconf 81' lang='grc' dir='ltr'>κατα-</span> 
     </span>
    </p>
   </div>
   <div class='ocr_carea' id='block_1_102' title="bbox 1049 2336 1843 2374">
    <p class='ocr_par' dir='ltr' id='par_1_102' title="bbox 1049 2336 1843 2374">
     <span class='ocr_line' id='line_1_102' title="bbox 1049 2336 1843 2374; baseline 0.001 -10"><span class='ocrx_word' id='word_1_727' title='bbox 1049 2338 1145 2369; x_wconf 78' lang='grc' dir='ltr'>ϐάντες</span> <span class='ocrx_word' id='word_1_728' title='bbox 1168 2339 1291 2374; x_wconf 69' lang='grc' dir='ltr'>χαίρουσι</span> <span class='ocrx_word' id='word_1_729' title='bbox 1313 2339 1369 2370; x_wconf 82' lang='grc' dir='ltr'>τοῖς</span> <span class='ocrx_word' id='word_1_730' title='bbox 1393 2338 1510 2373; x_wconf 79' lang='grc' dir='ltr'>λιμέσιν,</span> <span class='ocrx_word' id='word_1_731' title='bbox 1536 2338 1574 2369; x_wconf 78' lang='grc' dir='ltr'>ὡς</span> <span class='ocrx_word' id='word_1_732' title='bbox 1598 2336 1671 2372; x_wconf 74' lang='grc' dir='ltr'>ζωῆς</span> <span class='ocrx_word' id='word_1_733' title='bbox 1693 2337 1843 2371; x_wconf 79' lang='grc' dir='ltr'>ἀγκάλαις·</span> 
     </span>
    </p>
   </div>
   <div class='ocr_carea' id='block_1_103' title="bbox 1048 2383 1846 2421">
    <p class='ocr_par' dir='ltr' id='par_1_103' title="bbox 1048 2383 1846 2421">
     <span class='ocr_line' id='line_1_103' title="bbox 1048 2383 1846 2421; baseline -0.004 -9"><span class='ocrx_word' id='word_1_734' title='bbox 1048 2385 1134 2417; x_wconf 74' lang='grc' dir='ltr'>οὕτως</span> <span class='ocrx_word' id='word_1_735' title='bbox 1148 2385 1215 2421; x_wconf 83' lang='grc' dir='ltr'><strong>μετὰ</strong></span> <span class='ocrx_word' id='word_1_736' title='bbox 1226 2384 1327 2417; x_wconf 76' lang='grc' dir='ltr'>πολλὰς</span> <span class='ocrx_word' id='word_1_737' title='bbox 1340 2385 1509 2420; x_wconf 83' lang='grc' dir='ltr'>πραγμάτων</span> <span class='ocrx_word' id='word_1_738' title='bbox 1518 2383 1693 2419; x_wconf 78' lang='grc' dir='ltr'>περιστάσεις</span> <span class='ocrx_word' id='word_1_739' title='bbox 1705 2383 1846 2419; x_wconf 77' lang='grc' dir='ltr'>ἑορτάζων</span> 
     </span>
    </p>
   </div>
   <div class='ocr_carea' id='block_1_104' title="bbox 1048 2430 1846 2468">
    <p class='ocr_par' dir='ltr' id='par_1_104' title="bbox 1048 2430 1846 2468">
     <span class='ocr_line' id='line_1_104' title="bbox 1048 2430 1846 2468; baseline -0.003 -10"><span class='ocrx_word' id='word_1_740' title='bbox 1048 2433 1062 2458; x_wconf 80' lang='grc' dir='ltr'>ὁ</span> <span class='ocrx_word' id='word_1_741' title='bbox 1079 2432 1232 2468; x_wconf 76' lang='grc' dir='ltr'>ἄνθρωπος,</span> <span class='ocrx_word' id='word_1_742' title='bbox 1258 2432 1347 2467; x_wconf 76' lang='grc' dir='ltr'>χαίρει</span> <span class='ocrx_word' id='word_1_743' title='bbox 1373 2432 1406 2466; x_wconf 82' lang='grc' dir='ltr'><strong>τῇ</strong></span> <span class='ocrx_word' id='word_1_744' title='bbox 1430 2430 1584 2466; x_wconf 80' lang='grc' dir='ltr'>πανηγύρει</span> <span class='ocrx_word' id='word_1_745' title='bbox 1608 2430 1646 2461; x_wconf 82' lang='grc' dir='ltr'>ὡς</span> <span class='ocrx_word' id='word_1_746' title='bbox 1672 2430 1846 2465; x_wconf 66' lang='grc' dir='ltr'>ἀμεριμνίας</span> 
     </span>
    </p>
   </div>
   <div class='ocr_carea' id='block_1_105' title="bbox 1051 2476 1847 2514">
    <p class='ocr_par' dir='ltr' id='par_1_105' title="bbox 1051 2476 1847 2514">
     <span class='ocr_line' id='line_1_105' title="bbox 1051 2476 1847 2514; baseline 0 -10"><span class='ocrx_word' id='word_1_747' title='bbox 1051 2479 1144 2514; x_wconf 81' lang='grc' dir='ltr'>μητρί.</span> <span class='ocrx_word' id='word_1_748' title='bbox 1176 2479 1273 2514; x_wconf 83' lang='grc' dir='ltr'>Ἐορτὴ</span> <span class='ocrx_word' id='word_1_749' title='bbox 1298 2479 1350 2514; x_wconf 79' lang='grc' dir='ltr'><strong>γάρ</strong></span> <span class='ocrx_word' id='word_1_750' title='bbox 1379 2479 1436 2505; x_wconf 77' lang='grc' dir='ltr'>ἐστι</span> <span class='ocrx_word' id='word_1_751' title='bbox 1463 2478 1552 2512; x_wconf 79' lang='grc' dir='ltr'>λύπης</span> <span class='ocrx_word' id='word_1_752' title='bbox 1581 2476 1665 2511; x_wconf 84' lang='grc' dir='ltr'>λήθη·</span> <span class='ocrx_word' id='word_1_753' title='bbox 1693 2477 1847 2511; x_wconf 83' lang='grc' dir='ltr'>φροντίδων</span> 
     </span>
    </p>
   </div>
   <div class='ocr_carea' id='block_1_106' title="bbox 1050 2521 1846 2560">
    <p class='ocr_par' dir='ltr' id='par_1_106' title="bbox 1050 2521 1846 2560">
     <span class='ocr_line' id='line_1_106' title="bbox 1050 2521 1846 2560; baseline -0.003 -9"><span class='ocrx_word' id='word_1_754' title='bbox 1050 2525 1132 2556; x_wconf 78' lang='grc' dir='ltr'>ὕπνος</span> <span class='ocrx_word' id='word_1_755' title='bbox 1142 2545 1149 2556; x_wconf 88' lang='lat'>,</span> <span class='ocrx_word' id='word_1_756' title='bbox 1164 2525 1251 2560; x_wconf 73' lang='grc' dir='ltr'>χαρᾶς</span> <span class='ocrx_word' id='word_1_757' title='bbox 1264 2524 1396 2559; x_wconf 76' lang='grc' dir='ltr'>γεωργὸς,</span> <span class='ocrx_word' id='word_1_758' title='bbox 1409 2523 1585 2559; x_wconf 79' lang='grc' dir='ltr'>φαιδρότητος</span> <span class='ocrx_word' id='word_1_759' title='bbox 1601 2521 1740 2557; x_wconf 75' lang='grc' dir='ltr'>πρόξενος,</span> <span class='ocrx_word' id='word_1_760' title='bbox 1758 2531 1846 2558; x_wconf 81' lang='grc' dir='ltr'>προσ-</span> 
     </span>
    </p>
   </div>
   <div class='ocr_carea' id='block_1_107' title="bbox 1049 2568 1845 2607">
    <p class='ocr_par' dir='ltr' id='par_1_107' title="bbox 1049 2568 1845 2607">
     <span class='ocr_line' id='line_1_107' title="bbox 1049 2568 1845 2607; baseline 0.003 -9"><span class='ocrx_word' id='word_1_761' title='bbox 1049 2571 1132 2606; x_wconf 81' lang='grc' dir='ltr'>ευχῆς</span> <span class='ocrx_word' id='word_1_762' title='bbox 1152 2571 1260 2606; x_wconf 77' lang='grc' dir='ltr'>καιρὸς,</span> <span class='ocrx_word' id='word_1_763' title='bbox 1285 2572 1409 2607; x_wconf 80' lang='grc' dir='ltr'>πενήτων</span> <span class='ocrx_word' id='word_1_764' title='bbox 1431 2571 1527 2606; x_wconf 78' lang='grc' dir='ltr'>Θέρος,</span> <span class='ocrx_word' id='word_1_765' title='bbox 1554 2568 1707 2603; x_wconf 74' lang='grc' dir='ltr'>ἐκκλησιῶν</span> <span class='ocrx_word' id='word_1_766' title='bbox 1729 2569 1845 2605; x_wconf 66' lang='grc' dir='ltr'>κὸσμοςι</span> 
     </span>
    </p>
   </div>
   <div class='ocr_carea' id='block_1_108' title="bbox 243 2645 1212 2680">
    <p class='ocr_par' dir='ltr' id='par_1_108' title="bbox 243 2645 1212 2680">
     <span class='ocr_line' id='line_1_108' title="bbox 243 2645 1212 2680; baseline 0.002 -7"><span class='ocrx_word' id='word_1_767' title='bbox 243 2646 265 2662; x_wconf 86' lang='grc'><strong>⁶¹</strong></span> <span class='ocrx_word' id='word_1_768' title='bbox 284 2645 364 2674; x_wconf 76' lang='lat' dir='ltr'><strong>Joan.</strong></span> <span class='ocrx_word' id='word_1_769' title='bbox 382 2653 403 2679; x_wconf 88' lang='grc' dir='ltr'>ι,</span> <span class='ocrx_word' id='word_1_770' title='bbox 422 2646 448 2674; x_wconf 82' lang='lat' dir='ltr'><strong>I.</strong></span> <span class='ocrx_word' id='word_1_771' title='bbox 467 2645 489 2662; x_wconf 82' lang='lat'><strong>&quot;</strong></span> <span class='ocrx_word' id='word_1_772' title='bbox 510 2646 561 2674; x_wconf 85' lang='lat' dir='ltr'><strong>lsa.</strong></span> <span class='ocrx_word' id='word_1_773' title='bbox 582 2654 638 2679; x_wconf 81' lang='lat' dir='ltr'><strong>ut,</strong></span> <span class='ocrx_word' id='word_1_774' title='bbox 656 2647 698 2679; x_wconf 90' lang='lat' dir='ltr'><strong>I0,</strong></span> <span class='ocrx_word' id='word_1_775' title='bbox 720 2647 764 2678; x_wconf 85' lang='lat' dir='ltr'><strong>II.</strong></span> <span class='ocrx_word' id='word_1_776' title='bbox 786 2654 842 2674; x_wconf 83' lang='lat' dir='ltr'><strong>see.</strong></span> <span class='ocrx_word' id='word_1_777' title='bbox 860 2646 942 2675; x_wconf 77' lang='lat' dir='ltr'><strong>LXX.</strong></span> <span class='ocrx_word' id='word_1_778' title='bbox 981 2648 1004 2664; x_wconf 75' lang='grc'><strong>⁵³</strong></span> <span class='ocrx_word' id='word_1_779' title='bbox 1023 2648 1073 2676; x_wconf 87' lang='lat' dir='ltr'><strong>lsa.</strong></span> <span class='ocrx_word' id='word_1_780' title='bbox 1095 2656 1164 2680; x_wconf 75' lang='lat' dir='ltr'><strong>an,</strong></span> <span class='ocrx_word' id='word_1_781' title='bbox 1186 2649 1212 2675; x_wconf 80' lang='grc' dir='ltr'><strong>Ι.</strong></span> 
     </span>
    </p>
   </div>
   <div class='ocr_carea' id='block_1_109' title="bbox 245 2736 993 2771">
    <p class='ocr_par' dir='ltr' id='par_1_109' title="bbox 245 2736 993 2771">
     <span class='ocr_line' id='line_1_109' title="bbox 245 2736 993 2771; baseline 0 -8"><span class='ocrx_word' id='word_1_782' title='bbox 245 2736 300 2770; x_wconf 76' lang='lat'><strong>(32)</strong></span> <span class='ocrx_word' id='word_1_783' title='bbox 329 2736 405 2765; x_wconf 86' lang='lat' dir='ltr'><strong>Hanc</strong></span> <span class='ocrx_word' id='word_1_784' title='bbox 429 2745 538 2771; x_wconf 83' lang='lat' dir='ltr'><strong>quoque</strong></span> <span class='ocrx_word' id='word_1_785' title='bbox 562 2737 657 2763; x_wconf 87' lang='lat' dir='ltr'><strong>habuit</strong></span> <span class='ocrx_word' id='word_1_786' title='bbox 682 2736 752 2764; x_wconf 85' lang='lat' dir='ltr'><strong>idem</strong></span> <span class='ocrx_word' id='word_1_787' title='bbox 781 2736 933 2765; x_wconf 80' lang='lat' dir='ltr'><strong>Riccardus</strong></span> <span class='ocrx_word' id='word_1_788' title='bbox 958 2744 993 2764; x_wconf 84' lang='lat' dir='ltr'><strong>ex</strong></span> 
     </span>
    </p>
   </div>
   <div class='ocr_carea' id='block_1_110' title="bbox 209 2772 993 2807">
    <p class='ocr_par' dir='ltr' id='par_1_110' title="bbox 209 2772 993 2807">
     <span class='ocr_line' id='line_1_110' title="bbox 209 2772 993 2807; baseline 0 -8"><span class='ocrx_word' id='word_1_789' title='bbox 209 2773 303 2799; x_wconf 79' lang='lat' dir='ltr'><strong>eadem</strong></span> <span class='ocrx_word' id='word_1_790' title='bbox 325 2773 579 2807; x_wconf 67' lang='lat' dir='ltr'><strong>(.‘ryptaeferratrnsi</strong></span> <span class='ocrx_word' id='word_1_791' title='bbox 605 2772 795 2798; x_wconf 81' lang='lat' dir='ltr'><strong>bibliotheca:</strong></span> <span class='ocrx_word' id='word_1_792' title='bbox 819 2780 888 2807; x_wconf 85' lang='lat' dir='ltr'><strong>opus</strong></span> <span class='ocrx_word' id='word_1_793' title='bbox 912 2779 993 2803; x_wconf 87' lang='lat' dir='ltr'><strong>sane,</strong></span> 
     </span>
    </p>
   </div>
   <div class='ocr_carea' id='block_1_111' title="bbox 210 2807 994 2846">
    <p class='ocr_par' dir='ltr' id='par_1_111' title="bbox 210 2807 994 2846">
     <span class='ocr_line' id='line_1_111' title="bbox 210 2807 994 2846; baseline 0.001 -13"><span class='ocrx_word' id='word_1_794' title='bbox 210 2814 377 2846; x_wconf 55' lang='lat' dir='ltr'><strong>quanquam</strong></span> <span class='ocrx_word' id='word_1_795' title='bbox 391 2807 598 2846; x_wconf 35' lang='lat' dir='ltr'><strong>[novellum-li</strong></span> <span class='ocrx_word' id='word_1_796' title='bbox 609 2815 676 2834; x_wconf 82' lang='lat' dir='ltr'><strong>vena</strong></span> <span class='ocrx_word' id='word_1_797' title='bbox 689 2815 729 2846; x_wconf 82' lang='lat' dir='ltr'><strong>_.&#39;_tc</strong></span> <span class='ocrx_word' id='word_1_798' title='bbox 750 2807 994 2846; x_wconf 67' lang='lat' dir='ltr'><strong>ingeniodignuut.</strong></span> 
     </span>
    </p>
   </div>
   <div class='ocr_carea' id='block_1_112' title="bbox 211 2841 997 2870">
    <p class='ocr_par' dir='ltr' id='par_1_112' title="bbox 211 2841 997 2870">
     <span class='ocr_line' id='line_1_112' title="bbox 211 2841 997 2870; baseline -0.001 -2"><span class='ocrx_word' id='word_1_799' title='bbox 211 2841 314 2868; x_wconf 78' lang='lat' dir='ltr'><strong>Iudicat</strong></span> <span class='ocrx_word' id='word_1_800' title='bbox 334 2841 461 2869; x_wconf 79' lang='lat' dir='ltr'><strong>habuisse</strong></span> <span class='ocrx_word' id='word_1_801' title='bbox 479 2842 551 2868; x_wconf 76' lang='lat' dir='ltr'><strong>illam</strong></span> <span class='ocrx_word' id='word_1_802' title='bbox 575 2843 660 2868; x_wconf 72' lang='lat' dir='ltr'><strong>alti-ro</strong></span> <span class='ocrx_word' id='word_1_803' title='bbox 680 2842 725 2868; x_wconf 82' lang='lat' dir='ltr'><strong>die</strong></span> <span class='ocrx_word' id='word_1_804' title='bbox 741 2849 756 2868; x_wconf 87' lang='lat' dir='ltr'><strong>a</strong></span> <span class='ocrx_word' id='word_1_805' title='bbox 772 2843 872 2870; x_wconf 79' lang='lat' dir='ltr'><strong>Christi</strong></span> <span class='ocrx_word' id='word_1_806' title='bbox 897 2841 997 2868; x_wconf 50' lang='lat' dir='ltr'><strong>natali.</strong></span> 
     </span>
    </p>
   </div>
   <div class='ocr_carea' id='block_1_113' title="bbox 211 2876 998 2913">
    <p class='ocr_par' dir='ltr' id='par_1_113' title="bbox 211 2876 998 2913">
     <span class='ocr_line' id='line_1_113' title="bbox 211 2876 998 2913; baseline 0.003 -10"><span class='ocrx_word' id='word_1_807' title='bbox 211 2877 312 2905; x_wconf 78' lang='lat' dir='ltr'><strong>tiaram</strong></span> <span class='ocrx_word' id='word_1_808' title='bbox 334 2876 404 2904; x_wconf 83' lang='lat' dir='ltr'><strong>festo</strong></span> <span class='ocrx_word' id='word_1_809' title='bbox 415 2877 459 2904; x_wconf 84' lang='lat' dir='ltr'><strong>die</strong></span> <span class='ocrx_word' id='word_1_810' title='bbox 477 2887 482 2904; x_wconf 91' lang='lat'><strong>:</strong></span> <span class='ocrx_word' id='word_1_811' title='bbox 497 2885 557 2912; x_wconf 67' lang='lat' dir='ltr'><strong>quae</strong></span> <span class='ocrx_word' id='word_1_812' title='bbox 578 2877 645 2904; x_wconf 81' lang='lat' dir='ltr'><strong>forte</strong></span> <span class='ocrx_word' id='word_1_813' title='bbox 672 2877 743 2904; x_wconf 86' lang='lat' dir='ltr'><strong>ratio</strong></span> <span class='ocrx_word' id='word_1_814' title='bbox 766 2877 828 2910; x_wconf 84' lang='lat' dir='ltr'><strong>fuit,</strong></span> <span class='ocrx_word' id='word_1_815' title='bbox 854 2882 883 2905; x_wconf 90' lang='lat' dir='ltr'><strong>ut</strong></span> <span class='ocrx_word' id='word_1_816' title='bbox 906 2877 998 2913; x_wconf 75' lang='lat' dir='ltr'><strong>potius</strong></span> 
     </span>
    </p>
   </div>
   <div class='ocr_carea' id='block_1_114' title="bbox 1046 2733 1847 2776">
    <p class='ocr_par' dir='ltr' id='par_1_114' title="bbox 1046 2733 1847 2776">
     <span class='ocr_line' id='line_1_114' title="bbox 1046 2733 1847 2776; baseline 0 -14"><span class='ocrx_word' id='word_1_817' title='bbox 1046 2735 1179 2776; x_wconf 59' lang='lat' dir='ltr'><strong>inscripta</strong></span> <span class='ocrx_word' id='word_1_818' title='bbox 1199 2735 1235 2775; x_wconf 76' lang='lat' dir='ltr'><strong>sit</strong></span> <span class='ocrx_word' id='word_1_819' title='bbox 1253 2734 1291 2762; x_wconf 79' lang='lat' dir='ltr'><strong>De</strong></span> <span class='ocrx_word' id='word_1_820' title='bbox 1304 2734 1502 2769; x_wconf 83' lang='lat' dir='ltr'><strong>Incarnatione,</strong></span> <span class='ocrx_word' id='word_1_821' title='bbox 1516 2741 1596 2769; x_wconf 83' lang='lat' dir='ltr'><strong>quam</strong></span> <span class='ocrx_word' id='word_1_822' title='bbox 1611 2733 1644 2761; x_wconf 77' lang='lat' dir='ltr'><strong>In</strong></span> <span class='ocrx_word' id='word_1_823' title='bbox 1659 2734 1757 2768; x_wconf 77' lang='lat' dir='ltr'><strong>festum</strong></span> <span class='ocrx_word' id='word_1_824' title='bbox 1768 2739 1847 2762; x_wconf 85' lang='lat' dir='ltr'><strong>nata-</strong></span> 
     </span>
    </p>
   </div>
   <div class='ocr_carea' id='block_1_115' title="bbox 1049 2769 1847 2868">
    <p class='ocr_par' dir='ltr' id='par_1_115' title="bbox 1049 2769 1847 2868">
     <span class='ocr_line' id='line_1_115' title="bbox 1049 2769 1847 2868; baseline 0.001 -36"><span class='ocrx_word' id='word_1_825' title='bbox 1049 2769 1268 2868; x_wconf 39' lang='lat' dir='ltr'><strong>:‘(zgﬁ&#39;féiim</strong></span> <span class='ocrx_word' id='word_1_826' title='bbox 1296 2806 1395 2839; x_wconf 84' lang='lat' dir='ltr'><strong>codex,</strong></span> <span class='ocrx_word' id='word_1_827' title='bbox 1421 2805 1462 2835; x_wconf 76' lang='grc' dir='ltr'>εις</span> <span class='ocrx_word' id='word_1_828' title='bbox 1487 2805 1522 2833; x_wconf 82' lang='grc' dir='ltr'>τὰ</span> <span class='ocrx_word' id='word_1_829' title='bbox 1544 2804 1668 2840; x_wconf 74' lang='grc' dir='ltr'>γενέθλια</span> <span class='ocrx_word' id='word_1_830' title='bbox 1685 2804 1734 2831; x_wconf 83' lang='grc' dir='ltr'>τοῦ</span> <span class='ocrx_word' id='word_1_831' title='bbox 1755 2804 1847 2841; x_wconf 77' lang='grc' dir='ltr'><strong>Ἰησώ</strong></span> 
     </span>
     <span class='ocr_line' id='line_1_116' title="bbox 1079 2850 1178 2868; baseline 0.01 -1"><span class='ocrx_word' id='word_1_832' title='bbox 1079 2850 1178 2868; x_wconf 78' lang='grc' dir='ltr'>οιστου.</span> 
     </span>
    </p>
   </div>
   <div class='ocr_carea' id='block_1_116' title="bbox 1079 2850 1178 2877">
    <p class='ocr_par' dir='ltr' id='par_1_116' title="bbox 1079 2850 1178 2877">
     <span class='ocr_line' id='line_1_117' title="bbox 1079 2850 1178 2877; baseline 0.01 -10"><span class='ocrx_word' id='word_1_833' title='bbox 1079 2850 1178 2877; x_wconf 78' lang='grc' dir='ltr'>ριστου.</span> 
     </span>
    </p>
   </div>
  </div>
