1967 3075
127 182 179 210 7οε

625 185 756 213 ORATIO
776 186 819 213 DE
841 182 1101 212 INCARNATIONE
1121 182 1251 211 DOMlNl.

1711 182 1766 211 7ίζ6

129 243 233 269 πόλεων
244 241 408 277 πανήγυρις,
423 241 523 277 ἔχθρας
534 242 674 277 ναυάγιον,
687 243 779 278 φιλίας
796 243 924 278 ἀνατολὴ,

981 249 1078 276 seges;
1104 241 1205 268 laetitia:
1233 240 1410 275 conciliatio;
1441 241 1608 276 precationis
1640 245 1766 276 tempus;

129 287 177 313 ἐπὶ
201 287 254 322 γῆς
280 287 405 322 οὐρανός.
428 288 484 314 Καὶ
507 287 533 314 τι
551 287 586 314 τὰ
607 287 693 315 πολλὰ
710 288 800 323 λέγω;
821 288 920 324 Ἐορτὴ

128 334 304 365 ἀναστάσεως
326 334 443 369 καρπὸς,
466 333 537 362 κατὰ
552 334 598 360 τὸν
622 335 765 370 προφήτην
792 335 920 369 λέγονται

134 380 282 414 Ἔόρταζε,
303 380 412 409 Ἰούδα.
425 380 479 413 τὰς
495 379 600 414 ἑορτάς
615 388 674 407 σου
684 390 691 396 ·
707 381 799 416 ἀνέϐη
815 381 869 416 γὰρ
886 381 921 408 ἐκ

129 427 186 461 τῆς
199 427 256 461 γῆς
268 428 285 453 ό
297 426 443 462 ἐμφυσῶν
454 428 498 460 εἰς
509 427 673 461 πρόσωπόν
684 435 753 455 σου.

165 566 203 592 B'.
230 565 310 592 Ἀλλὰ
331 565 428 593 πολλαὶ
447 566 507 602 μὲν,
522 565 646 602 καθάπερ
661 566 740 603 ἔφην,
754 567 781 594 αἱ
797 568 921 603 πανηγύ-

132 621 189 648 ρεις
199 621 207 629 ·
222 613 272 639 οὐκ
287 613 332 639 ἴσα
349 612 377 639 δὲ
394 613 448 639 τῶν
462 613 563 648 ἑορτῶν
586 613 621 640 τὰ
635 613 729 649 κέρδη.
752 614 785 640 Αἱ
804 614 854 650 μὲν
868 615 922 651 γὰρ

130 659 206 694 παρὰ
216 658 283 685 Θεοῦ
296 658 543 694 ὲνομοθετήθησαν,
558 660 587 685 at
599 659 627 686 δὲ
640 659 716 695 παρὰ
731 660 853 687 διαεόλου
868 662 924 688 εἰσ-

130 704 267 740 έφρησαν.
294 704 394 740 Διόπερ
410 705 458 731 καὶ
472 705 500 732 αἱ
521 705 580 740 μὲν,
604 705 698 741 ψυχῶν
715 707 856 734 ἀπειλοῦσι
872 707 922 743 ξη-

136 750 215 786 μίαν·
232 750 261 776 αἱ
281 750 311 776 δὲ
331 752 432 785 γαστρὶ
453 749 642 786 λειτουργοῦσι
662 751 758 787 κόρον·
781 753 809 779 αἱ
826 753 855 779 δὲ
871 753 922 788 τῆς

129 796 303 832 ἀνθρωπίνης
318 796 425 831 φύσεως
439 797 639 832 ἐμπορεύονται
660 798 710 834 τὴν
725 799 874 834 σωτηρίαν.
891 800 923 826 Oi

131 842 263 877 ’Έλληνες
278 841 471 877 ἑορτάζουσιν·
497 841 554 869 ἀλλ’
574 842 694 877 αἰσχρῶς
718 842 752 869 τὰ
773 843 847 878 πάθη
864 843 924 870 θεο-

130 889 307 924 ποιήσαντες,
319 888 444 916 ἐντεῦθεν
459 889 661 924 ἀναμάττονται
673 889 723 924 τῆς
737 889 867 925 αἰσχύνης
878 889 923 916 τὸν

975 296 1125 324 pauperum
1149 289 1265 320 messis;
1292 289 1472 316 ecclesiarum
1498 292 1629 322 ornatus;
1656 289 1766 316 urbium

975 335 1092 364 celebris
1115 339 1285 369 conventus;
1311 335 1462 363 inimicitia:
1482 335 1615 369 exitium;
1641 336 1767 364 amicitia:

975 386 1069 415 ortus;
1085 381 1111 408 in
1124 387 1194 409 terra
1210 382 1319 409 cmlum.
1334 381 1403 415 Quid
1416 389 1481 409 vero
1496 382 1582 409 multa
1598 382 1767 417 prosequor?

975 427 1024 454 Est
1041 428 1128 455 festus
1144 427 1204 455 dies
1232 427 1446 455 resurrectionis
1464 427 1585 460 fructus,
1604 427 1681 462 juxta
1695 427 1766 463 qttod

975 473 1013 500 ait
1022 473 1169 508 propheta:
1182 473 1302 504 Celeltra,
1316 472 1399 505 Iuda,
1416 473 1570 502 festivitates
1581 479 1642 500 tuas
1652 482 1661 500 .'
1671 473 1767 500 Ascen-

976 519 1015 546 dit
1028 520 1096 546 enim
1110 527 1124 546 e
1140 524 1222 551 terra,
1237 519 1371 554 insuﬂlam
1386 519 1412 545 in
1425 520 1518 554 facient
1537 523 1610 546 tuam
1625 519 1648 534 ⁸⁵
1661 519 1732 554 (55).

1013 564 1044 591 ll.
1065 565 1100 591 At
1124 571 1189 591 sane
1216 564 1307 590 multa:
1330 563 1440 598 quidem
1465 567 1540 594 sunt,
1562 562 1601 589 uti
1625 563 1767 595 dicebam,

977 611 1113 639 solemnes
1127 610 1318 642 celebritates;
1335 617 1389 636 nou
1407 613 1499 636 tamen
1511 608 1630 644 aequalia
1647 613 1712 637 sunt
1731 607 1768 636 fe-

976 657 1078 684 riarum
1099 656 1185 684 lucra.
1203 655 1270 683 Alia:
1284 656 1384 691 quippe
1401 663 1416 682 a
1435 654 1490 682 Deo
1505 660 1570 682 sunt
1586 656 1742 683 constitutae
1758 663 1766 682 :

976 703 1036 729 alia:
1056 709 1071 729 a
1093 701 1202 729 diabolo
1225 701 1328 729 illatte:
1348 702 1464 736 proinde
1476 702 1569 732 etiam.
1585 701 1682 728 harum
1701 701 1768 735 qui—

977 748 1038 775 dem
1059 748 1118 775 alite
1141 747 1168 774 itt
1195 747 1350 774 animarum
1370 747 1506 782 iacturam
1533 752 1692 781 vertuntur;
1709 748 1769 775 alia;

977 795 1082 822 ventris
1104 795 1259 822 satietatem
1283 793 1459 827 tninistrattt;
1487 794 1547 821 alia:
1573 794 1702 828 denique,
1718 794 1769 821 hu-

978 848 1060 868 mano
1075 840 1168 876 generi
1180 840 1294 868 salutent
1310 840 1494 874 negotiantur.
1515 839 1594 871 Puta,
1610 844 1704 875 gentes
1718 847 1769 868 sua

978 887 1049 915 festa
1067 888 1180 920 colunt;
1198 894 1293 914 verum
1307 887 1425 921 turpiter
1435 886 1549 914 all‘ectus
1563 887 1722 915 deiﬁcantes
1736 894 1770 914 ac

132 934 273 970 βόρὸορον.
305 934 426 962 Ἰουδαῖοι
446 933 527 961 πάλιν
550 933 742 970 ἑορτάζουσιν·
769 934 837 961 ἀλλὰ
864 934 924 960 θεὸν

981 934 1053 965 vitia,
1083 933 1262 968 turpitudinis
1285 933 1348 960 inde
1372 940 1481 960 caenum
1505 933 1636 960 hauriunt
1656 941 1688 960 ac
1715 933 1769 962 sibi

130 980 181 1015 τὴν
193 979 297 1006 κοιλίαν
308 979 497 1015 περιφέρουσι,
511 979 623 1014 καιροὺς
636 977 843 1014 ἁμαρτημάτων
855 977 923 1013 μετὰ

130 1026 213 1062 κόρον
223 1025 273 1057 τὰς
286 1025 383 1062 ἑορτὰς
398 1024 547 1056 ποιοῦντες.
568 1024 612 1050 Ἐν
627 1024 724 1059 ἐρήμῳ
738 1023 923 1058 ἑορτάζοντες,

130 1073 165 1107 τῇ
174 1071 259 1098 εἰκόνι
267 1072 300 1107 τῇ
313 1072 400 1106 χρυσῇ
412 1069 621 1106 προσεκύνησαν
631 1078 637 1085 ·
648 1070 688 1101 εἰς
701 1069 804 1105 κρίσεις
818 1069 865 1096 καὶ
872 1068 924 1105 μά-

131 1125 182 1152 χας
189 1117 334 1152 ὲνήστευον
345 1124 352 1131 ·
361 1116 390 1143 ὲν
408 1115 605 1152 Ἱεροσολύμοις
613 1114 798 1151 ἑορτάζοντες,
809 1115 924 1151 σταυρὸν

131 1162 204 1188 κατὰ
216 1161 262 1188 τοῦ
275 1162 408 1188 Δεσπότου
426 1161 589 1196 συνέπηξαν.
606 1162 637 1188 Ὦ
653 1161 798 1188 Ἰουδαῖκαὶ
820 1161 923 1197 ἑορταὶ,

130 1204 169 1234 ῶν
181 1207 229 1235 καὶ
244 1209 260 1243 ἡ
273 1208 418 1243 φαιδρότης
434 1207 545 1240 πλάνος,
558 1208 605 1234 καλ¹
617 1208 633 1244 ἡ
645 1208 734 1244 τρυφὴ
747 1208 836 1242 φόνος.
852 1209 885 1234 Αἱ
896 1208 924 1235 δὲ

132 1253 188 1281 τῶν
198 1254 371 1289 Χριστιανῶν
382 1253 553 1290 πανηγύρεις
563 1253 634 1280 θεῖαι
650 1254 696 1280 καὶ
711 1253 867 1290 παράδοξοι,
878 1254 925 1281 καὶ

131 1300 217 1332 ὅντως
223 1300 311 1336 πηγαὶ
321 1300 508 1336 καὶθησαυροὶ
518 1300 665 1336 σωτηρίας.
681 1300 712 1326 'H
724 1301 773 1335 μὲν
785 1300 839 1336 γάρ
850 1300 926 1336 πρώ-

131 1355 165 1382 τη
180 1346 257 1382 ἡμῶν
273 1347 435 1382 πανήγυρις,
455 1346 522 1373 Θεοῦ
535 1346 602 1382 πρὸς
610 1346 768 1382 ἀνθρώπους
777 1347 926 1382 ἐπιδημίαν

131 1391 275 1427 κηρύσσει.
299 1392 332 1419 Ἡ
344 1392 373 1418 δὲ
388 1393 445 1428 μετ’
463 1392 572 1427 ἐκείνην
584 1412 591 1424 ,
608 1392 712 1419 ὑδάτων
729 1392 864 1428 ὰγιασμὸν
878 1393 926 1419 καὶ

133 1437 322 1473 βαπτίσματος
345 1439 536 1474 εἰκονογραφεῖ
554 1439 672 1475 μήτραν.
693 1439 725 1465 Ἡ
743 1439 822 1475 τρίτη
841 1439 926 1467 κατά-

132 1485 210 1511 δυσιν
224 1484 352 1517 θανάτου,
371 1485 418 1511 καὶ
439 1484 556 1520 σταυροῦ
576 1485 718 1521 τρόπαιον,
740 1485 788 1512 καὶ
808 1486 926 1512 ἀναστά-

134 1539 201 1562 σεως
220 1531 317 1566 δῶρον,
335 1531 382 1558 καὶ
403 1531 539 1567 πατράσιν
560 1531 764 1568 ἐλευθεροποιδν
782 1532 924 1567 εὐαγγέλι-

133 1576 221 1607 ζεται.
245 1576 278 1603 ‘H
301 1577 430 1613 τετάρτη,
450 1577 499 1612 τῆς
519 1577 657 1613 ἡμετέρας
676 1577 805 1613 ἀπαρχῆς
819 1578 868 1613 τὴν
886 1579 926 1609 εις

976 978 1128 1006 asciscunt.
1155 978 1242 1006 Judaei
1266 986 1376 1014 quoque
1396 979 1456 1006 dies
1480 978 1565 1006 festos
1589 986 1690 1013 agunt;
1721 980 1769 1008 sed

975 1028 1099 1052 ventrem
1116 1024 1198 1052 deum
1216 1024 1426 1056 circumferunt,
1448 1024 1586 1059 feriasque
1602 1029 1664 1060 post
1686 1027 1770 1054 satie-

976 1074 1059 1099 tatem
1075 1075 1253 1107 peccatorum
1277 1080 1378 1100 causas
1394 1072 1521 1100 reddunt.
1543 1071 1570 1098 lit
1593 1072 1703 1100 deserto
1728 1073 1770 1100 fe-

976 1122 1051 1145 stutn
1080 1117 1227 1145 actitantes
1251 1118 1333 1150 diem,
1363 1125 1474 1145 auream
1505 1117 1649 1153 imaginem
1675 1119 1770 1146 adora-

976 1163 1069 1190 runt"
1091 1172 1099 1191 :
1123 1163 1157 1190 ad
1186 1163 1247 1191 lites
1274 1167 1300 1191 et
1327 1164 1517 1191 contentiones
1543 1163 1706 1198 jejunabant
1724 1165 1769 1192 “:

976 1208 1173 1244 Hierosolymis
1192 1208 1291 1236 festum
1306 1208 1378 1236 dietn
1394 1208 1577 1238 celebrantes.
1592 1216 1703 1235 crucetn
1720 1208 1770 1235 ad-

975 1262 1073 1282 versus
1101 1255 1247 1282 Dominum
1269 1258 1475 1290 compegerunt.
1504 1253 1525 1281 0
1545 1253 1658 1280 .ludaica
1683 1253 1768 1282 festal

976 1309 1093 1336 quorum
1116 1305 1144 1328 et
1179 1301 1304 1328 hilaritas
1330 1308 1417 1332 error,
1438 1305 1465 1328 et
1489 1300 1593 1328 delicia:
1609 1300 1709 1328 credes.
1736 1300 1771 1329 Αἱ

976 1347 1195 1375 Christianorum
1218 1347 1350 1374 solemnia
1367 1347 1424 1382 ('56)
1442 1346 1535 1374 divina
1557 1352 1622 1374 sunt
1641 1351 1668 1374 et
1684 1347 1770 1374 admi-

977 1394 1085 1427 rabilia,
1099 1402 1217 1429 vereque
1243 1394 1334 1421 fontes
1358 1400 1391 1420 ac
1417 1393 1540 1420 tltesattri
1564 1393 1673 1421 salutis.
1702 1393 1771 1421 Nam

977 1441 1065 1476 prima
1079 1444 1174 1468 nostra
1190 1441 1345 1473 celebritas,
1364 1440 1412 1468 Dei
1427 1441 1461 1468 ad
1483 1440 1608 1468 homines
1624 1441 1771 1468 adventum

976 1486 1118 1521 prmdicat.
1132 1485 1198 1519 Quae
1210 1494 1274 1513 vero
1289 1486 1360 1514 hanc
1371 1487 1507 1522 sequitur,
1523 1494 1656 1521 aquarum
1670 1486 1770 1514 sancti-

977 1533 1132 1560 ﬁcationem
1149 1540 1182 1560 ac
1206 1532 1382 1567 baptismatis
1399 1533 1507 1560 vulvam
1528 1533 1658 1567 graphice
1679 1532 1772 1567 expri-

978 1579 1037 1605 mit.
1055 1578 1160 1610 Tertia,
1185 1579 1282 1606 mortis
1300 1578 1441 1605 interitum
1463 1585 1496 1605 ac
1514 1582 1646 1613 tropzeum
1664 1579 1771 1611 crucis,

132 1623 265 1658 εὺρανοὺς
278 1623 381 1656 ἄνοδον,
405 1624 453 1651 καὶ
475 1624 526 1660 τὴν
550 1625 584 1651 ὲκ
603 1623 699 1657 δεξιῶν
721 1624 842 1660 κέκραγε
859 1624 925 1651 καθ-

981 1625 1245 1660 resurrectionisque
1259 1625 1372 1658 donum,
1387 1633 1420 1653 ac
1432 1633 1487 1660 quo
1500 1625 1626 1660 patribus
1638 1630 1714 1660 parta
1727 1629 1772 1653 cst

132 1668 224 1705 έδραν.
239 1670 271 1696 Ἦ
283 1669 395 1706 πέμπτη
406 1670 566 1706 Πνεύματος
582 1670 660 1704 ἁγίου
675 1669 798 1702 κάθοδον,
811 1670 859 1697 καὶ
876 1679 927 1706 μυ-

134 1715 200 1751 ρίων
219 1716 397 1751 χαρισμάτων
412 1716 533 1752 ὄμϐρους
551 1716 687 1749 σαλπίζει.
705 1712 793 1744 Δῦταί
813 1717 882 1744 εἰσιν
897 1717 925 1744 αι

133 1762 226 1797 ἑορταὶ
243 1761 276 1793 ἂς
294 1762 422 1798 ἐποίησεν
444 1763 458 1788 ὁ
485 1763 605 1799 Κύριος·
630 1761 861 1798 ἀγαλλιασώμεθα
880 1764 927 1790 καὶ

132 1807 330 1843 εὐφρανθῶμεν
344 1809 373 1835 ἐν
386 1809 491 1840 αὐταῖς.

980 1671 1107 1703 libertas,
1140 1670 1202 1698 laeto
1222 1670 1369 1706 faustoqtte
1389 1671 1487 1698 nuntio
1511 1670 1624 1698 indicat.
1656 1670 1771 1704 Quarta,

980 1717 1163 1752 primitiarum
1177 1722 1333 1745 nostrarum
1349 1719 1376 1744 in
1393 1717 1479 1744 Ctelos
1495 1724 1652 1748 ascensum,
1666 1723 1771 1744 earum-

980 1773 1034 1800 qtte
1052 1773 1066 1791 a
1087 1765 1192 1792 dextris
1209 1771 1367 1792 consessum
1381 1764 1494 1791 clamat.
1515 1763 1634 1797 Quinta,
1652 1763 1771 1798 Spiritus

981 1811 1068 1839 sancti
1093 1811 1256 1839 descensum
1276 1817 1313 1845 Aac
1337 1814 1482 1838 sexcentos
1502 1810 1651 1846 gratiarum
1669 1809 1770 1837 imbres

131 1859 182 1880 cett
199 1855 270 1880 tubae
283 1852 420 1888 praeconio
435 1853 488 1882 alte
501 1853 617 1880 intonat.
643 1852 707 1881 Haec
738 1853 873 1882 solemnia
888 1858 953 1882 sunt
975 1863 1037 1891 qua:
1059 1855 1125 1884 fecit
1149 1855 1282 1883 Dominus
1300 1854 1510 1889 :Exsultemus,
1540 1860 1576 1890 et;
1592 1855 1716 1884 laetemur
1743 1855 1769 1882 in

132 1898 213 1926 eis".

171 1943 208 1970 1".
231 1946 265 1972 Τί
294 1944 350 1980 γὰρ
373 1945 425 1971 οὐκ
443 1943 516 1970 ἔστιν
531 1945 560 1970 ὲν
577 1944 673 1976 αὑταῖς
690 1944 747 1980 (55)
772 1944 929 1981 θαυμαστὸν

132 1990 181 2018 καὶ
206 1989 368 2026 παράδοξον,
392 1991 425 2025 ἦν
445 1989 508 2025 χθὲς
532 1990 743 2027 ὲπετελὲσαμεν,
772 1991 834 2018 οὕτε
859 1992 930 2027 μετὰ

132 2035 236 2072 φρίκης
259 2036 306 2063 καὶ
327 2035 424 2071 δόξης;
447 2035 479 2062 Τί
494 2035 549 2071 γὰρ
570 2033 604 2071 ἦν
628 2036 755 2072 χθεσινῆς
779 2037 878 2072 ἑορτῆς
898 2037 929 2064 τδ

132 2081 243 2117 θαῦμα;
259 2081 328 2108 ἀλλὰ
344 2082 508 2118 παρακαλῶ,
522 2082 592 2117 μετὰ
606 2081 772 2118 συγγνώμης
782 2082 927 2114 ἀκούσατε.

131 2127 238 2163 Πηλίνη
257 2127 312 2164 γὰρ
329 2127 441 2162 γλῶσσα
462 2127 531 2154 Θεοῦ
549 2129 686 2164 μυστήρια
711 2128 928 2164 διαπορθμεῦσαι

132 2175 278 2210 ἐπιχειρεῖ.
302 2174 336 2200 Τί
361 2173 407 2201 οὖν
430 2174 479 2209 τῆς
506 2174 634 2210 χθεσινῆς
657 2175 753 2210 ἑορτῆς
770 2175 800 2201 τὺ
819 2175 927 2211 θαῦμα;

133 2220 262 2256 θεότητος
270 2221 317 2248 καὶ
330 2221 379 2248 ἀνθ
385 2221 539 2257 ρωπότητος
552 2222 749 2257 ἆνερμήνευτον
763 2222 911 2257 μυστήριον
919 2229 927 2236 ·

1012 1946 1056 1976 Ill.
1072 1945 1143 1979 Quid
1161 1945 1234 1973 enim
1257 1945 1370 1980 utique,
1387 1945 1416 1972 in
1438 1951 1469 1972 ea
1483 1952 1564 1980 quam
1577 1944 1707 1972 hesterna
1721 1943 1767 1972 die

982 1994 1135 2029 peregimus
1152 1993 1337 2024 solemnitate,
1357 1999 1411 2018 non
1431 1991 1591 2018 admirabile
1603 1998 1635 2019 ac
1651 1998 1763 2024 novum,

981 2040 1138 2072 ltonoreque
1170 2045 1202 2064 ac
1221 2037 1307 2073 gloria
1331 2037 1545 2072 plenum?quod
1568 2044 1685 2071 namque
1698 2037 1765 2064 illud

982 2085 1119 2112 hesterna:
1134 2082 1291 2111 festivitatis
1314 2083 1494 2110 miraculum?
1511 2081 1623 2115 Verum,
1642 2082 1772 2113 obsecro,

986 2137 1048 2157 cum
1059 2130 1226 2165 indulgentia
1241 2129 1340 2156 audite.
1356 2129 1440 2156 Lutea
1456 2128 1529 2156 enim'
1546 2129 1637 2163 lingua
1656 2133 1698 2155 est
1712 2135 1775 2163 qua:

988 2173 1033 2201 Dei
1043 2174 1171 2209 mysteria
1182 2173 1323 2200 traducere
1330 2174 1408 2201 audet
1419 2181 1451 2200 ac
1459 2174 1615 2209 aggreditur
1624 2173 1771 2207 explicare.

982 2220 1128 2254 Quodnam
1151 2220 1220 2247 illud
1252 2220 1344 2254 itaque
1366 2219 1502 2247 hesterna:
1524 2220 1708 2247 solemnitatis
1731 2223 1773 2248 est

132 2267 198 2293 ὠδὶν
213 2267 358 2302 ἀλόχευτος
369 2276 375 2281 ·
391 2267 530 2302 σάρκωσις
542 2267 656 2299 ἀπαθῶς
670 2267 716 2294 τὸν
729 2267 925 2302 ἁσχημάτιστω

985 2267 1170 2294 miraculum?
1192 2265 1330 2293 Nimirum
1365 2265 1517 2293 divinitatis
1545 2270 1573 2293 et
1595 2266 1775 2295 humanitatis

133 2312 323 2348 μορφώσασα·
339 2313 419 2344 τόκος
439 2313 593 2347 παράδοξος
604 2321 610 2328 ·
628 2312 711 2349 ἀρχὴ,
731 2314 779 2340 καὶ
792 2313 842 2340 οὐκ
856 2313 928 2349 ἀρχὴ

131 2358 182 2385 τοῦ
205 2358 361 2394 τεχθέντος·
379 2359 429 2395 τῆς
452 2359 502 2394 μὲν
525 2359 579 2395 γὰρ
594 2359 802 2395 ἁνθρωπότητος
817 2359 929 2394 γέγονεν

132 2405 218 2441 ἀρχὴ,
235 2406 252 2440 ἡ
266 2405 294 2432 δὲ
310 2404 406 2441 θεότης
428 2405 537 2441 ἔμεινεν
551 2405 685 2441 ἄναρχος·
703 2405 793 2441 μορφὴ
821 2405 928 2442 μορφὴν

133 2450 338 2486 προσλαϐοῦσα,
363 2452 410 2478 καὶ
427 2452 445 2488 ἡ
466 2452 552 2488 Τριὰς
571 2451 622 2478 οὐκ
640 2451 802 2479 ἐπλεόνασεν
825 2453 866 2484 εις
886 2460 929 2479 τε-

166 2529 189 2544 ⁶⁸
201 2529 272 2556 Nah.
289 2536 309 2562 t,
325 2529 377 2564 15;
394 2537 424 2562 ll,
443 2530 470 2557 1.
507 2530 531 2546 ⁸⁸
551 2529 638 2558 Exod.
656 2538 743 2562 um,
760 2530 773 2556 1
792 2538 854 2566 sqq.

171 2609 228 2643 (34)
248 2608 314 2644 Leg.
330 2609 411 2644 αὐτῇ.

171 2644 228 2680 (55)
248 2643 434 2680 1ηςιιῆιαιιέξη
449 2645 544 2679 faciem
560 2649 645 2674 tuam.
658 2643 763 2672 Allusio
778 2647 822 2680 est
835 2643 869 2670 ad
886 2644 928 2671 in-

133 2680 318 2708 snlllatiottem
334 2687 386 2714 qua
401 2679 473 2707 Deus
493 2680 596 2708 homini
618 2681 736 2706 animam
751 2679 850 2714 indidit
867 2691 872 2707 ;
886 2681 927 2706 vel

133 2717 217 2742 etiam
233 2716 267 2741 ad
285 2713 448 2742 dominicam
464 2715 538 2742 illaut
555 2715 583 2742 in
600 2715 751 2748 discipulos
765 2713 865 2749 (Joun.
880 2723 926 2746 xx,

132 2751 200 2786 2‘2).
215 2749 288 2786 idem
302 2751 374 2786 enim
388 2754 416 2777 et
427 2755 532 2786 naturae
544 2750 673 2786 primum.
686 2755 713 2776 et
725 2750 820 2784 gratia:
834 2756 927 2786 postea

132 2784 285 2814 itts'ttlllavit
303 2784 452 2820 Spiritum;
468 2785 527 2819 ipse
546 2784 594 2820 qui
610 2793 626 2812 e
649 2789 722 2812 terra
741 2785 875 2815 ascendit.
894 2793 927 2812 at:

132 2821 298 2850 resurrexit.
318 2823 419 2847 nostrai
433 2821 560 2854 primitiae
576 2828 608 2848 ac
625 2824 721 2847 auctor
745 2821 926 2847 resurrectio-

133 2857 190 2884 nis.
216 2855 304 2882 Etiam
327 2856 446 2890 tjyrillus
464 2856 492 2882 in
512 2855 621 2883 ila/tum
636 2863 667 2887 tt,
684 2854 802 2889 explicat
822 2856 855 2883 de
881 2864 925 2882 re—

133 2891 310 2920 surrectione
328 2898 335 2916 :
354 2895 382 2918 et
395 2891 608 2926 Chrysostomus
631 2890 706 2918 hom.
730 2898 747 2917 tt
778 2898 811 2917 ex
830 2891 924 2918 decem

134 2926 231 2954 ιιυιυω
249 2926 332 2954 editis

982 2312 1175 2348 inexplicabile
1200 2312 1382 2348 mysterium;
1407 2311 1491 2339 nullis
1517 2316 1614 2347 partus
1645 2312 1775 2340 sordibus

984 2359 1128 2394 inquinata
1146 2359 1259 2394 proles;
1282 2359 1447 2392 ittcarnatio,
1472 2359 1546 2386 nulla
1566 2367 1628 2387 eum
1646 2359 1776 2395 passione

983 2405 1152 2436 informans,
1173 2405 1220 2440 qui
1246 2405 1351 2431 nullam
1378 2405 1494 2431 formam
1516 2409 1565 2431 aut
1589 2404 1704 2440 ﬁguram
1728 2404 1776 2431 ad-

983 2452 1074 2479 mittat
1090 2461 1096 2479 :
1115 2455 1211 2487 parttts
1223 2451 1394 2478 admirabilis
1413 2450 1487 2486 (37):
1509 2450 1574 2478 Nati
1596 2451 1774 2486 principium,

893 2530 917 2546 "
936 2529 990 2557 lsa.
1009 2537 1088 2562 LVIII,
1103 2529 1131 2557 4.
1170 2529 1192 2545 ⁸⁷
1206 2528 1280 2556 Psal.
1300 2536 1384 2562 cxvn,
1399 2529 1446 2557 ει.

1016 2607 1073 2643 (56)
1091 2607 1309 2635 Christianorum
1332 2607 1473 2635 solemnia.
1497 2606 1598 2635 Eodem
1619 2607 1676 2635 fere
1695 2608 1777 2635 ntodo

980 2643 1106 2671 Asterius
1123 2643 1220 2670 festum
1245 2643 1429 2670 Kalendarum
1455 2643 1621 2674 traducens,
1640 2643 1777 2670 Christia-

982 2687 1078 2706 norum
1092 2683 1236 2713 percenset
1258 2678 1339 2709 festa,
1352 2686 1384 2705 ac
1407 2686 1503 2706 eorum
1521 2679 1654 2713 rationes.
1676 2677 1778 2705 Vidi-n-

981 2715 1034 2741 dus
1049 2714 1112 2740 item
1130 2714 1346 2749 Cbrysostotttus
1362 2714 1389 2740 in
1408 2713 1613 2749 Philogonium,
1632 2722 1665 2741 ac
1679 2714 1775 2742 houtil.

981 2750 1016 2777 de
1035 2748 1194 2776 Pcttteeost.’
1207 2749 1277 2783 apttd
1295 2748 1436 2776 Duczeum.

1017 2785 1073 2818 (57)
1097 2784 1195 2811 Partus
1214 2783 1396 2817 admirabilia,
1413 2785 1503 2817 τόκος
1521 2783 1703 2818 παράδοξος.
1719 2783 1777 2810 Ha-

981 2819 1082 2847 bentur
1095 2820 1153 2846 haec
1177 2827 1209 2846 ac
1224 2820 1377 2855 sequentia,
1404 2828 1492 2855 usque
1509 2820 1543 2847 ad
1560 2820 1605 2846 illa
1619 2820 1712 2854 verba.
1729 2819 1777 2846 mi.

980 2855 1122 2891 ἄνθρωπος
1146 2855 1176 2887 ἐξ
1198 2855 1278 2891 ἐμοῦ,
1310 2855 1339 2882 in
1360 2855 1457 2883 cmlice
1477 2855 1658 2882 Culutuneusi
1687 2855 1777 2882 l’rotzli

980 2892 1102 2923 nomine,
1121 2891 1194 2918 inter
1209 2891 1323 2918 Patrum
1342 2892 1501 2919 testimonia
1518 2891 1553 2919 de
1570 2891 1680 2918 dttabus
1698 2895 1778 2918 naut-

981 2928 1028 2955 ris.
1041 2929 1068 2953 ttt
1083 2924 1165 2954 refert
1176 2925 1342 2954 Riccartlus.
