1967 3075
230 165 278 193 711

227 224 329 251 violata
356 222 525 258 virginitate,
547 221 594 249 sed
625 225 652 248 et
675 221 818 256 obsignata
843 220 1010 255 integritate.
1028 224 1049 250 Α

227 269 331 297 Prodiit
347 269 418 296 enim
434 267 537 299 infans.
554 271 580 294 et
597 267 718 302 integras
738 266 807 293 uteri
827 267 935 293 tunicas
950 265 1014 292 reli-

227 316 304 351 quit,
320 322 352 343 ac
377 319 482 342 natura:
498 313 654 348 opificinam
666 332 674 345 ,
690 319 746 347 quo
765 315 903 346 repererat
919 310 1012 342 modo,

228 361 343 394 dimisit,
356 368 460 396 augens
472 359 566 396 gratiae
580 364 732 387 cremento.
746 357 899 385 Accurrant
912 361 1015 384 matres

227 415 260 434 eo
272 408 345 442 quod
360 406 442 442 Virgo
464 410 561 438 mater,
584 404 777 432 inobedientiazt
802 404 929 430 arborem
952 403 1015 430 vitae

227 453 324 481 arbore
343 452 506 480 emendavit.
521 451 696 478 Concurrant
720 450 801 482 tiliae,
823 449 896 485 quod
916 449 1013 477 inobe-

227 499 337 527 dientiaa
351 502 482 526 materna!
501 498 647 532 injuriam,
664 496 727 526 filiae
741 496 898 524 obedientia
924 496 1014 523 vindi-

228 547 307 573 carit.
323 544 477 572 Aecurrant
496 548 588 578 patres
599 563 607 575 ,
623 547 735 578 propter
749 550 811 570 eum
830 542 878 577 qui
896 542 1015 569 novissi-

228 590 281 618 mis
299 590 407 618 satculis
422 593 503 617 natus
519 593 561 617 est
581 589 671 616 Pater.
687 588 860 616 Concurrant
875 588 1013 622 infantes,

227 636 287 671 ejus
302 643 385 663 causa
407 635 454 670 qui
470 634 561 662 infans
578 635 605 662 in
629 635 762 669 praesepio
785 634 885 669 pannis
903 633 1015 661 involvi-

228 686 281 709 tur.
303 682 459 708 Accurrant
486 684 628 715 pastores,
648 685 760 715 propter
772 685 863 707 ortum
887 688 921 707 ex
945 688 1014 715 agna

229 727 353 762 virginali
369 730 517 761 pastorem.
535 725 633 754 Pastor
647 734 776 760 namque,
792 733 892 753 novum
908 733 1016 761 compa-

227 777 298 800 ctam
315 772 404 799 induit
415 773 542 807 corporis
559 773 674 807 pellem;
690 772 841 807 vidensque
858 772 938 806 lupus
951 772 1014 806 agni

227 819 358 854 speciem,
370 819 397 845 in
409 826 470 846 eum
485 819 563 846 hians
576 817 757 853 undequaque
770 818 895 845 incurrit.
913 816 1014 844 Verum

227 866 323 893 dentes
337 865 447 901 quidem
467 866 557 898 acuit;
573 871 672 892 carnes
688 869 779 891 tamen
794 863 864 898 Agni
881 864 1013 889 immacu-

227 911 273 938 lati
291 919 340 939 nec
363 911 484 939 delibare
509 911 614 945 potuit;
639 918 701 937 nam
721 910 778 942 eius
804 918 866 936 caro
881 917 932 936 non
950 909 1015 935 vidit
1033 901 1051 928 Β

227 956 418 989 corruptionem
436 956 470 982 7'.
488 955 594 982 Etenim
606 955 700 990 Agnus
713 955 772 990 ipse
789 954 882 988 Inpulit
902 954 1013 986 occidit,

227 1008 260 1028 ac
278 1010 348 1036 quos
360 1002 404 1029 ille
417 1009 432 1029 a
448 1001 549 1028 sazculo
563 1001 690 1033 tenebat,
712 1004 834 1027 ventrem
848 1000 941 1027 edacis
953 999 1016 1026 ferae

227 1054 352 1076 evomere
372 1047 524 1082 compulit;
544 1047 584 1074 sic
601 1048 749 1073 humanum
769 1045 919 1073 extrahens
929 1054 1016 1081 genus

227 1093 301 1120 velut
320 1093 384 1119 olim
401 1091 498 1119 Jonam
517 1102 531 1119 c
548 1096 642 1119 ventre
658 1092 711 1119 ceti
728 1092 762 1120 ’³,
780 1092 953 1119 Concurrant
972 1100 1016 1120 re-

228 1145 290 1173 ges,
312 1137 386 1172 quod
401 1137 458 1164 Rex
476 1138 569 1172 gloriae
584 1145 633 1173 pro
646 1137 730 1173 regali
746 1138 839 1164 trabea
861 1137 956 1164 fasciis
973 1137 1016 1164 in-

227 1183 336 1210 volutus
358 1183 403 1210 sit.
428 1183 583 1209 Accurrant
610 1183 768 1218 principes,
794 1183 869 1217 quod
893 1183 1016 1216 Princeps

228 1228 274 1256 ille
286 1228 358 1262 pacis
368 1229 392 1244 ⁷⁵
405 1229 433 1255 in
449 1229 574 1263 virginali
590 1228 729 1264 opificina,
745 1229 869 1263 corporis
882 1236 958 1255 arma
972 1236 1016 1255 cu-

227 1275 306 1307 dens,
320 1282 407 1309 eaque
423 1275 642 1302 incontaminata
667 1274 770 1302 deitate
786 1273 899 1305 durans.
918 1274 1015 1301 iisdem

227 1321 365 1347 diabolum
380 1321 486 1347 hostem
499 1320 679 1348 interemerit.
692 1320 866 1347 Concurrant
876 1321 1014 1352 consules,

227 1365 300 1401 quod
326 1367 446 1394 cmlestis
471 1370 629 1394 terrestrem
654 1366 838 1400 assumpserit
857 1366 1015 1398 consulem,

228 1411 371 1446 pulchram
388 1411 492 1438 habens
507 1418 539 1437 ac
551 1411 680 1438 decoram
698 1411 793 1438 sellam
807 1411 941 1443 curulem.
955 1418 1017 1438 san-

228 1462 301 1484 ctam
316 1457 363 1484 Dei
386 1457 546 1492 genitricem
571 1456 711 1492 Virginem
729 1457 863 1484 Mariam:
887 1457 1016 1484 consula-

228 1512 286 1530 rem
306 1511 371 1531 vero
384 1508 484 1538 togam,
502 1503 578 1530 nullo
588 1511 700 1530 carnem
715 1508 802 1531 satam
819 1503 935 1534 semine,
953 1511 1016 1538 pre-

228 1550 307 1576 tiosis
333 1550 407 1576 illam
433 1550 565 1576 intextam
589 1556 622 1576 ac
643 1552 768 1576 ornatam
787 1549 899 1584 lapillis,
917 1556 1016 1584 nempe

228 1599 386 1621 sani-torum
406 1594 469 1622 vitis
486 1602 517 1621 ac
536 1602 630 1621 eorum
648 1595 730 1621 rebus
747 1595 850 1628 gestis;
869 1593 1017 1621 inastitna-
1031 1577 1051 1604 Ο

228 1639 330 1667 bilibus
352 1640 509 1674 margaritis
522 1660 528 1672 ,
545 1639 686 1674 praeclaris
708 1647 806 1674 nempe
822 1639 1016 1674 prophetarum

227 1685 381 1718 vaticiniis;
398 1693 453 1712 non
468 1685 515 1719 qui
533 1693 631 1711 aurum
647 1685 788 1720 dispergat
811 1685 953 1719 pravitatis
968 1692 1017 1710 au-

228 1735 344 1762 ctorem,
360 1730 408 1758 sed
425 1731 473 1765 qui
492 1730 711 1757 misericordiam
731 1730 828 1758 salutis
847 1731 1016 1757 conciliatri-

228 1785 287 1804 ccm
300 1777 413 1812 praemio
428 1777 519 1803 donet.
532 1776 666 1803 Accurrat
682 1776 767 1810 plebs,
784 1777 913 1810 quoniam
928 1775 1016 1804 Judex

228 1823 334 1858 plebeio
359 1822 462 1849 amictu
483 1821 596 1849 indutus
619 1826 679 1852 est.
706 1825 734 1847 nt
752 1829 784 1848 eo
801 1821 952 1848 latitantem
971 1829 1017 1848 ea—

229 1869 286 1902 piat
307 1868 394 1895 furem
413 1867 570 1902 diabolum,
587 1872 780 1902 armatumque
799 1868 945 1902 exspoliet.
967 1867 1017 1894 Mi-

229 1922 290 1941 rum
305 1921 371 1941 sane
383 1934 390 1946 ,
407 1921 439 1940 ac
463 1920 593 1948 perquam
613 1920 713 1939 novum
737 1912 926 1939 indumentum
943 1912 1015 1947 (At);

228 1963 390 1994 lexturaque
403 1958 590 1989 admirabilis,
605 1962 699 1993 utpote
713 1958 817 1992 absque
830 1958 957 1985 humana:
973 1966 1017 1984 ar-

228 2006 265 2032 tis
282 2013 342 2040 ope.
353 2005 376 2031 0
390 2004 480 2038 Virgo,
495 2004 584 2039 puella
597 2004 723 2038 innupta,
744 2011 776 2030 ac
792 2003 852 2031 sine
871 2005 1016 2038 puerperio

228 2051 411 2085 sordibusque
431 2054 527 2079 mater.
543 2048 681 2077 undenam
701 2054 812 2083 accepta
835 2049 898 2075 lana
914 2053 1015 2076 vestem

227 2097 299 2124 hanc
310 2096 486 2128 contexuisti,
503 2103 585 2131 quam
612 2095 709 2122 mundi
731 2095 864 2122 Dominus
877 2095 959 2122 hodie
975 2095 1016 2122 in-

227 2143 307 2169 duit?
327 2142 502 2177 Ecquodnam
520 2141 670 2169 textrinum
686 2142 757 2168 uteri
773 2141 868 2176 jugum
886 2142 1015 2169 invenisti

228 2190 255 2216 in
276 2197 331 2224 quo
350 2189 545 2216 inconsutilem
560 2188 682 2215 tunicatn
704 2188 778 2214 illam
793 2188 950 2215 intexeres?
964 2189 1017 2214 Au-

227 2235 366 2269 diendam,
378 2235 438 2262 loco
453 2233 574 2269 Virginis
587 2234 644 2268 (45)
655 2254 662 2265 ,
682 2238 808 2261 naturam
826 2234 929 2261 suadeo
946 2242 952 2260 :
968 2241 1015 2260 or-

227 2280 292 2307 dine
313 2281 386 2308 enim
403 2287 435 2307 ac
458 2281 580 2311 ratione,
603 2279 730 2314 virginali
752 2279 841 2314 partui
861 2287 1015 2306 sermonem

227 2325 360 2352 servabit.
378 2324 434 2360 Ego
446 2345 453 2357 ,
470 2325 571 2359 inquit.
590 2324 804 2360 haudquaquam
825 2325 918 2352 carnis
934 2325 1017 2352 vesti-

227 2376 349 2399 mentum
374 2371 477 2406 absque
493 2371 546 2398 viri
572 2370 773 2399 consuetudine
796 2371 919 2398 intexere
941 2371 1015 2398 novi.

227 2416 285 2443 Mea
317 2421 423 2444 textura
448 2416 588 2443 immunda
619 2415 684 2443 facit
715 2415 885 2442 indumenta.
925 2415 1015 2443 induit

831 163 860 190 S.
879 161 1001 189 I’ROCLI
1021 161 1073 189 ΟΡ.
1096 161 1248 190 EPISCOPI

1805 165 1857 192 7l2

1064 219 1156 246 θενίαν
1168 219 1343 254 αἱσχύνουσα,
1358 219 1426 246 ἀλλὰ
1439 219 1489 255 τὴν
1501 219 1655 255 ἀφθαρσίαν
1671 220 1854 255 σφραγίσασα.

1071 265 1181 300 eam;
1193 266 1248 301 γὰρ
1263 266 1294 292 τὸ
1309 266 1407 300 βρέφος
1417 287 1424 298 ,
1441 266 1487 292 καὶ
1501 266 1648 301 ἀκεραίους
1664 267 1727 297 τοὺς
1741 266 1856 301 χιτῶνας

1063 311 1114 345 τῆς
1130 311 1247 346 γαστρὸς
1274 311 1405 343 ἀπέλιπε,
1426 311 1547 338 τοιοῦτον
1569 312 1649 345 ἀφεὶς
1665 312 1694 337 ἐν
1714 312 1857 348 προσθήκῃ

1064 356 1113 391 τῆς
1131 357 1251 392 χάριτος,
1269 354 1310 388 οἷς
1327 354 1390 392 εὗρε
1409 356 1440 383 τὸ
1461 356 1511 392 τῆς
1531 357 1637 391 φύσεως
1665 357 1856 392 ἐργαστήριον.

1064 403 1190 438 Μητὲρες
1208 404 1392 438 τρεχέτωσαν,
1412 403 1452 429 δτι
1471 403 1562 438 μήτηρ
1579 403 1713 438 παρθένος
1733 403 1764 428 τὺ
1782 402 1857 435 ξύλον

1064 450 1115 484 τῆς
1131 450 1274 485 παρακοῆς
1291 450 1335 477 διὰ
1356 449 1403 476 τοῦ
1421 450 1500 483 ξύλου
1517 450 1567 484 τῆς
1585 450 1657 485 ζωῆς
1672 449 1854 485 διωρθώσατο.

1065 494 1219 530 Θυγατέρες
1239 497 1468 531 ωντρεχὲτωσαν.
1491 496 1533 522 ὅτι
1558 495 1696 531 μητρικῆς
1715 496 1856 531 παρακοῆς

1065 540 1153 576 ὕϐριν,
1172 541 1305 577 θυγατρὸς
1322 541 1429 576 ὑπακοὴ
1445 541 1594 576 ἐξεδίκησε.
1616 541 1738 576 Πατέρες
1761 541 1855 576 τρεχέ-

1065 595 1165 619 τωσαν,
1184 587 1229 614 διὰ
1250 587 1296 614 τὸν
1313 589 1356 614 ἐπ’
1373 588 1494 623 ἐσχάτων
1519 587 1573 614 τῶν
1599 588 1704 613 αἰώνων
1726 586 1857 622 τεχθέντα

1065 633 1184 668 Πατέρα.
1211 634 1302 670 Βρέφη
1330 634 1560 670 συντρεχέτωσαν,
1587 634 1630 660 διὰ
1659 634 1690 659 τὸ
1715 634 1744 659 ὲν
1769 633 1856 668 φάτνῃ

1066 679 1307 714 σπαργανούμενον
1331 679 1439 715 βρέφος.
1457 681 1590 713 Ποιμένες
1608 681 1793 715 τρεχέτωσαν,
1811 679 1857 705 διὰ

1064 726 1110 752 τὸν
1126 726 1158 751 ὲκ
1168 725 1218 760 τῆς
1231 725 1398 761 παρθενικῆς
1413 727 1532 761 ὰμνάδος
1546 726 1713 762 προελθόντα
1728 726 1855 760 ποιμένα.

1069 771 1099 798 '0
1116 771 1170 807 γὰρ
1185 772 1286 806 ποιμὴν
1299 772 1348 808 τὴν
1361 772 1495 808 ξενοπαγῆ
1510 772 1557 798 τοῦ
1575 772 1701 808 σώματος
1713 772 1857 808 περιέθετο

1065 817 1146 853 δορὰν
1157 826 1164 834 ·
1182 818 1230 844 καὶ¹
1245 819 1259 844 6
1276 817 1357 850 λύκος
1379 819 1417 850 ὼς
1433 818 1518 852 ἀμνὸν
1536 817 1598 846 ἰδὼν
1615 818 1791 854 περιέτρεχεν
1809 826 1856 843 κε-

1066 863 1165 898 χηνώς·
1181 863 1249 890 ἀλλὰ
1262 864 1324 895 τοὺς
1342 865 1391 899 μὲν
1406 865 1515 897 ὀδόντας
1531 865 1664 900 ἡκόνησε,
1678 864 1731 890 τῶν
1743 863 1772 889 δὲ
1789 871 1857 898 σαρ-

1067 910 1124 936 κῶν
1137 911 1184 937 τοῦ
1198 911 1314 946 ἀμώμου
1325 912 1375 938 οὐκ
1387 912 1480 947 ἴσχυσε
1493 911 1652 946 γεύσασθαι.
1672 910 1765 946 Ἠγὰρ
1778 909 1857 944 σὰρξ

1065 956 1158 983 αὑτοῦ
1179 958 1235 984 οὐκ
1250 955 1311 983 εἶδε
1324 957 1382 990 τὴν
1401 957 1574 991 διαφθοράν.
1596 957 1625 983 Ὁ
1641 956 1696 992 γὰρ
1712 956 1798 991 ἀμνὸς
1811 957 1859 983 τὸν

1065 1001 1146 1028 λύκον
1161 1002 1317 1035 ἀπέκτεινε,
1326 1003 1373 1029 καὶ
1386 1003 1448 1034 τοὺς
1463 1004 1511 1030 ἀπ’
1522 1002 1620 1034 αἰῶνος
1634 1003 1761 1037 ἐξεμέσαι
1774 1003 1860 1037 ἠνάγ-

1066 1056 1148 1074 κασεν
1168 1048 1196 1080 ἐξ
1222 1048 1307 1083 αὐτῆς
1326 1049 1375 1084 τῆς
1395 1048 1514 1084 γαστρὸς
1529 1047 1575 1074 τοῦ
1595 1048 1746 1083 παμφάγου
1763 1047 1858 1082 θηρὸς,

1066 1093 1104 1125 ὼς
1122 1094 1166 1120 τὸν
1189 1094 1280 1120 Ἰωνᾶν
1298 1094 1446 1128 ἐξελκύσας
1466 1095 1498 1120 ἐκ
1516 1094 1563 1120 τοῦ
1579 1094 1677 1129 κήτους
1691 1094 1736 1120 τὸν
1753 1093 1859 1129 ἄνθρω-

1066 1147 1126 1166 πον.
1151 1139 1276 1172 Βασιλεῖς
1302 1141 1534 1176 συντρεχέτωσαν,
1558 1141 1599 1167 ὅτι
1621 1141 1635 1166 6
1660 1140 1788 1175 βασιλεὺς
1807 1140 1860 1175 τῆς

1066 1185 1144 1221 δόξης
1161 1185 1220 1212 ἀνθ’
1236 1186 1394 1222 ἁλουργίδος
1410 1187 1445 1213 τὰ
1462 1187 1607 1222 σπάργανα
1620 1186 1773 1222 περιέθετο.
1791 1187 1861 1221 Ἀρ-

1066 1239 1159 1265 χοντες
1171 1232 1353 1267 τρεχέτωσαν,
1373 1232 1415 1259 ὅτι
1434 1233 1448 1259 ό
1464 1232 1555 1268 ἄρχων
1576 1233 1627 1268 τῆς
1649 1233 1762 1269 εἰρήνης
1775 1233 1804 1260 ἐν
1818 1233 1860 1269 τῷ

1066 1276 1224 1312 παρθενικῷ
1238 1278 1412 1313 ἐργαστηρίῳ
1428 1278 1581 1313 χαλκεύσας
1600 1278 1631 1305 τὸ
1645 1279 1727 1306 ὅπλον
1743 1279 1790 1306 τοῦ
1806 1279 1860 1306 σώ-

1068 1331 1163 1357 ματος,
1176 1324 1224 1349 καὶ
1240 1323 1383 1358 στομώσας
1396 1324 1462 1351 αὐτὸ
1476 1326 1509 1359 τῇ
1527 1324 1653 1360 ἁχράντῳ
1674 1325 1794 1360 θεότητι,
1812 1326 1859 1352 τὸν

1067 1365 1196 1401 πολέμιον
1221 1366 1343 1394 διάϐολον
1368 1367 1400 1394 δι’
1424 1367 1507 1394 αὑτοῦ
1531 1367 1712 1395 ἐθανάτωσεν.
1741 1369 1860 1395 Ὓπατοι

1067 1410 1298 1445 συντρεχέτωσαν,
1311 1411 1353 1437 ὅτι
1370 1412 1384 1437 ό
1403 1411 1564 1447 ἐπουράνιος
1578 1412 1623 1438 τὸν
1650 1412 1772 1446 ἐπίγειον
1793 1421 1861 1439 κατ-

1066 1455 1161 1482 έλαϐεν
1174 1455 1287 1483 ὕπατον·
1300 1456 1393 1492 δίφρον
1405 1456 1474 1491 ἔχων
1484 1457 1654 1493 καλλιπρεπῆ
1668 1459 1717 1493 τὴν
1727 1458 1861 1486 Θεοτόκον

1067 1499 1201 1534 παρθένον
1224 1500 1347 1535 Μαρίαν
1376 1501 1460 1534 τόγαν
1485 1501 1632 1536 ὑπατικὴν,
1660 1502 1709 1536 τὴν
1736 1502 1860 1537 ἄσπορον

1070 1544 1175 1580 σάρκα,
1203 1545 1294 1578 λίθους
1324 1546 1438 1581 ἔχουσαν
1464 1547 1574 1582 τιμίους
1604 1547 1658 1574 τῶν
1684 1548 1770 1582 ἁγίων
1796 1548 1861 1580 τοὺς

1069 1590 1158 1626 βίους’
1183 1592 1354 1628 μαργαρίτας
1382 1593 1616 1628 ἀτιμήτους,τῶν
1637 1593 1786 1629 προφητῶν
1809 1594 1860 1625 τὰς

1067 1636 1265 1672 πολυτιμήτους
1281 1638 1449 1673 προρρήσεις
1459 1647 1465 1653 ⁸
1478 1639 1508 1665 οὐ
1524 1639 1623 1674 χρυσὸν
1639 1639 1796 1675 σκορπίζων
1811 1641 1862 1675 τῆς

1066 1682 1179 1714 ἀταξίας
1193 1682 1239 1709 τὸν
1255 1682 1351 1715 αἴτιον,
1366 1684 1423 1710 ἀλλ’
1440 1685 1640 1720 εὖσπλαγχνίαν
1657 1685 1798 1721 βραὸεὑων
1810 1687 1862 1722 τῆς

1068 1729 1205 1764 σωτηρίας
1221 1729 1270 1765 τὴν
1284 1730 1422 1765 πρόξενον.
1447 1731 1560 1758 Ὶδιῶται
1580 1732 1765 1767 τρεχέτωσαν,
1789 1732 1831 1759 ὅτι
1845 1733 1861 1759 6

1066 1777 1162 1809 κριτὴς
1177 1775 1309 1802 ἰδιωτικὸν
1325 1776 1431 1811 ἱμάτιον
1446 1777 1597 1813 περιέθετο,
1617 1778 1661 1804 ἵνα
1675 1778 1721 1804 τὸν
1738 1777 1861 1813 κλέπτην

1066 1819 1188 1846 διάϐολον
1209 1821 1242 1846 δι’
1259 1821 1341 1848 αὐτοῦ
1358 1821 1465 1858 θηράσῃ
1481 1823 1680 1858 κρυπτόμενον,
1704 1824 1752 1850 καὶ
1775 1823 1862 1850 ὲκοω-

1068 1865 1168 1901 ρακίζῃ
1184 1866 1360 1902 όπλούμενον.
1377 1866 1457 1895 Ξένον
1473 1868 1503 1894 τὸ
1518 1868 1629 1903 ἔνδυμα,
1642 1869 1689 1894 καὶ
1701 1868 1862 1895 καινότατον

1066 1912 1096 1938 τὸ
1111 1913 1235 1948 ἱμάτιον·
1253 1913 1298 1939 καὶ
1316 1914 1332 1948 ἡ
1348 1913 1429 1948 πῆξις
1447 1914 1612 1949 παράδοξος,
1631 1915 1669 1947 ὡς
1683 1915 1863 1950 ἀνθρωπίνης

1066 1957 1163 1994 τέχνης
1177 1958 1320 1994 ἀμέτοχος.
1339 1957 1372 1986 Ὦ
1389 1960 1519 1996 παρθένε,
1538 1962 1606 1996 κόρη
1618 1961 1802 1997 ἁπειρόγαμε,
1814 1962 1864 1988 καὶ

1068 2005 1159 2040 μήτηρ
1170 2004 1299 2040 ἀλόχευτε
1312 2015 1319 2022 ⁸
1334 2005 1416 2033 πόθεν
1431 2007 1550 2034 λαϐοῦσα
1563 2007 1593 2034 τὸ
1607 2007 1680 2043 ἔριον
1693 2008 1865 2036 κατεσκεὺαο

1068 2061 1117 2083 σας
1135 2053 1253 2087 ἱμάτιον,
1269 2053 1284 2079 ὃ
1299 2054 1416 2089 σήμερον
1433 2055 1446 2081 ὁ
1460 2055 1597 2090 Δεσπότης
1617 2055 1667 2090 τῆς
1688 2056 1805 2088 κτίσεως
1822 2057 1865 2082 ὲν-

1067 2098 1197 2131 εδύσατο;
1222 2100 1297 2126 ποῖον
1311 2099 1333 2126 δ’
1351 2098 1429 2136 εὗρες
1446 2100 1546 2127 ίστῶνα
1571 2100 1706 2136 γαστρὸς,
1726 2100 1791 2127 ἔνθα
1815 2101 1864 2127 τὸν

1067 2143 1190 2178 ἄρραςρον
1202 2143 1303 2178 χιτῶνα
1315 2143 1467 2178 ἐξύφανας;
1486 2144 1608 2171 Ἀκούειν
1620 2145 1669 2179 τῆς
1681 2144 1790 2179 φύσεως
1800 2145 1866 2172 ἀντὶ

1067 2188 1117 2222 τῆς
1132 2189 1267 2223 παρθένου
1285 2187 1375 2216 εἶπον·
1395 2190 1525 2224 φυλάττει
1539 2191 1593 2226 γὰρ
1609 2192 1687 2224 τάξιν
1703 2191 1744 2226 τῷ
1758 2190 1867 2225 παρθε-

1068 2234 1135 2269 νικῴ
1148 2235 1219 2269 τόκῳ
1232 2235 1277 2261 τὸν
1291 2235 1379 2270 λόγον.
1399 2236 1516 2271 ἰμάτιον
1530 2237 1630 2272 σαρκὸς
1643 2237 1704 2272 δίχα
1718 2237 1867 2268 κοινωνίας

1070 2279 1165 2315 ἀνδρὸς
1182 2277 1241 2307 οἴδα
1260 2282 1358 2308 ποιεῖν.
1388 2281 1417 2308 Ὀ
1438 2282 1504 2317 ἐμὸς
1520 2283 1591 2314 ἱστὸς
1607 2282 1717 2319 ῥυπαρᾶ
1742 2285 1818 2309 ποιεῖ
1831 2283 1868 2310 τὰ

1070 2325 1217 2360 ἐνδύματα.
1241 2327 1400 2354 Ἐνεδύσατο
1418 2329 1432 2354 6
1452 2327 1549 2363 Ἀδὰμ,
1567 2330 1613 2355 καὶ
1627 2328 1774 2364 ἐγυμνώθη
1788 2348 1795 2360 ,
1818 2329 1869 2355 καὶ

1071 2370 1158 2404 φύλλα
1175 2372 1260 2407 συκῆς
1277 2373 1336 2408 μετ’
1356 2373 1487 2410 αἰσχύνης
1508 2374 1693 2410 περιεὸἀλετο.
1721 2375 1806 2401 Ὅθεν
1826 2375 1870 2406 εἰς

1067 2416 1208 2453 διόρθωσιν
1224 2417 1270 2445 τοῦ
1287 2418 1435 2454 φθαρέντος
1448 2419 1570 2456 χιτῶνος,
1584 2420 1601 2456 ἡ
1616 2420 1697 2455 σοφία
1714 2422 1801 2457 ἑαυτῇ
1820 2419 1872 2446 τὸν

282 2495 303 2510 ⁷³
324 2496 384 2521 Art.
404 2502 433 2525 ιι,
447 2494 478 2520 51
493 2502 500 2527 ;
514 2492 589 2520 Psal.
611 2500 655 2524 xv,
672 2491 715 2518 i0.
755 2492 778 2508 "
794 2491 857 2519 Jon.
875 2500 906 2524 ιι,
921 2491 964 2519 14.
1001 2493 1011 2507 "

1069 2500 1094 2520 a.
1112 2501 1150 2526 ix,
1165 2493 1192 2521 6.

264 2577 320 2610 (Μ)
340 2577 377 2603 Ac
391 2584 516 2611 perquam
535 2583 628 2604 novum
646 2576 838 2605 indumentum,
863 2575 910 2601 καὶ
926 2573 1016 2611 καινόῖ

229 2621 318 2639 τατον.
344 2609 460 2639 Praeteri)
479 2619 538 2638 eam
560 2611 703 2638 lectionem
723 2610 804 2636 l’alat.
827 2610 954 2644 impress.
971 2609 1015 2636 cui

230 2648 316 2674 amnis
340 2647 509 2680 Heidelberg.
528 2646 576 2672 καὶ
603 2645 775 2680 καινότερον·
800 2644 949 2671 Ιιὶίιυιιι-ὠιε
975 2645 1016 2670 vi-

229 2683 316 2709 tanda:
329 2690 412 2710 causa
425 2679 598 2716 caco’phoniaa
618 2681 681 2715 legit
697 2681 743 2706 καὶ
757 2679 860 2716 νοερόν·
873 2688 934 2714 qmc
948 2687 1014 2716 sane

230 2718 309 2744 lectio
333 2718 397 2744 nihil
415 2722 478 2751 apta
492 2713 560 2750 'cst;
579 2724 629 2743 nec
645 2713 718 2743 enim
739 2713 930 2751 indumentum
947 2713 1013 2751 illud

231 2752 257 2779 in
274 2760 358 2780 sacra:
374 2749 494 2787 Virginis
519 2756 596 2779 utero
612 2750 728 2787 factum.
749 2757 781 2776 ac
803 2750 876 2784 quod
897 2749 1013 2787 Verbum

230 2788 331 2818 induit.
349 2783 441 2823 νοερόν
463 2791 516 2817 est.
533 2791 609 2821 pr0ut
625 2785 717 2821 νοερόν
732 2783 827 2823 coiitra
843 2792 943 2823 corpus
959 2783 1015 2811 dis—

230 2820 401 2857 tinguitnrz'
417 2823 464 2850 sed
491 2820 579 2857 ipsum
605 2829 713 2857 corpus
726 2821 816 2857 anima
845 2820 1012 2857 intelligente

231 2855 390 2894 proditum;
411 2855 647 2894 rcujnsid'untaxat
672 2855 802 2894 editionis
822 2855 932 2894 modum
950 2862 1013 2894 vere

231 2889 330 2922 itorum
343 2899 369 2922 et
384 2889 572 2920 admirabilem
587 2895 663 2927 urget
677 2890 792 2918 Proclits
805 2899 812 2918 :
828 2891 895 2925 quin
907 2897 940 2917 ne
954 2889 1013 2925 ipse

1068 2573 1178 2611 quidam
1191 2572 1342 2611 iliceardus
1359 2575 1490 2611 redditae
1507 2577 1609 2611 νοερόν.

1109 2609 1161 2643 145)
1182 2609 1347 2636 Audiendum
1364 2611 1420 2637 loco
1443 2609 1566 2645 Virginis.
1583 2612 1695 2639 lntricat
1707 2611 1868 2641 Riccardus

1068 2644 1198 2681 adjuncta
1225 2652 1291 2671 voce
1304 2645 1380 2681 signa,
1399 2655 1430 2672 ex
1443 2644 1615 2681 Heidelberg.
1634 2652 1662 2673 ut
1680 2648 1729 2674 ait.
1747 2647 1868 2675 Planum

1067 2687 1118 2713 ego
1143 2680 1260 2706 litteram
1276 2687 1308 2706 ex
1329 2680 1416 2707 Palat.
1436 2681 1562 2715 inipress.
1583 2680 1614 2709 ac
1636 2683 1724 2709 sancti
1743 2684 1870 2711 Andrem

1068 2714 1206 2745 existimo,
1221 2715 1308 2751 ipsam
1324 2724 1404 2750 quam
1422 2714 1520 2743 reddo:
1535 2725 1589 2744 non
1605 2725 1685 2751 quam
1701 2718 1746 2744 illc
1761 2726 1776 2744 a
1792 2727 1868 2746 con-

1068 2753 1142 2775 textu
1156 2750 1367 2777 remotiSsimam
1383 2750 1733 2779 cmnminiscttur.Indncit
1745 2752 1870 2781 Proelus

1066 2792 1203 2824 naturam.
1217 2793 1268 2824 sua
1287 2787 1404 2820 primum
1421 2786 1591 2824 edxccntcm,
1611 2792 1667 2824 tum
1687 2789 1868 2816 desinentem

1065 2820 1095 2859 in.
1109 2820 1266 2859 virginalem
1291 2826 1414 2859 partum,
1443 2830 1474 2848 ac
1497 2823 1616 2859 denique
1642 2822 1748 2850 inducit
1771 2825 1868 2858 ipsam

1065 2853 1203 2894 Virginem
1229 2853 1306 2883 suam
1333 2857 1464 2884 adversus
1499 2853 1609 2885 Iudaeos
1639 2853 1869 2893 propugnantem

1066 2894 1262 2924 νιηςιιιιιιιιοιιι.
