3878 6304
485 253 546 308 11
1389 257 1824 314 SEVERIANUS
1860 258 2286 318 GABALORUM
2325 258 2724 316 EPISCOPUS.
3640 258 3713 316 ιε

485 371 728 443 Genesin,
759 391 899 447 quas
919 383 1092 434 mstas
1125 391 1184 432 se
1221 375 1421 433 habere
1459 385 1690 434 testatus
1734 385 1818 434 est
1847 378 2003 434 Alex.
2039 379 2399 436 Brassicanus
2439 378 2588 450 praef.
2637 379 2690 432 in
2728 375 3057 432 Salviauum.
3093 405 3162 415 —
3194 370 3332 429 Ibid.
3366 375 3422 429 in
3467 373 3592 430 cod.
3634 375 3662 430 Ξ
3684 413 3706 442 ,

487 481 574 522 nr.
609 468 699 533 14,
733 469 871 539 plut.
911 469 1000 535 57,
1034 477 1345 539 excerptum
1379 486 1444 525 ex
1491 468 1785 526 Severiano
1826 471 1972 525 circa
2004 472 2192 526 mundi
2223 472 2552 528 creationem
2587 477 2641 524 et
2681 469 2784 522 alia
2815 466 3118 537 theologica
3149 485 3163 520 :
3195 474 3458 536 praeterea
3488 467 3554 522 de
3593 481 3710 520 mi

487 559 681 615 litteris
711 559 1059 617 Hebraeorum
1094 562 1268 634 Moysi
1313 562 1530 617 traditis
1572 579 1602 617 a
1635 562 1742 619 Deo
1778 563 1833 617 in
1864 572 2050 618 monte
2086 561 2254 629 Sina;
2284 563 2351 618 de
2383 577 2457 616 xu
2493 561 2702 630 magnis
2735 560 3042 626 montibus;
3094 557 3160 613 de
3217 557 3499 612 mensibus
3563 558 3709 628 apud

477 645 718 715 Iudaeos,
751 651 1073 708 Macedones
1113 662 1168 708 et
1199 653 1522 726 Egyptios;
1560 654 1625 710 de
1665 670 1804 721 asse,
1862 654 2072 711 scilicet
2099 655 2168 710 de
2195 654 2431 709 nummis
2463 667 2526 708 ac
2555 652 2622 707 de
2657 652 2875 722 triginta
2909 648 3170 710 denariis,
3216 647 3416 717 quibus
3455 649 3711 702 venditus

477 751 560 796 est
586 740 745 800 Jesus
769 743 1038 802 Christus.
1074 745 1193 800 Vid.
1217 745 1446 802 Bandin.
1470 748 1507 801 l.
1532 762 1581 802 e.
1614 755 1746 804 tom.
1777 747 1843 812 II,
1875 763 1998 820 pag.
2033 748 2156 804 455.
2183 776 2254 788 -
2284 747 2404 802 Sec.
2435 745 2778 800 Montfaueon
2811 743 2952 798 Bibl.
2989 740 3227 796 biblioth.
3278 749 3428 794 msst.
3471 742 3525 794 in
3574 740 3709 794 bibl.

482 831 741 890 Vaticana
765 838 910 907 (pag.
945 839 1046 892 155
1074 847 1128 893 et
1156 855 1207 908 p.
1242 840 1386 909 159),
1413 840 1466 894 in
1495 847 1704 910 septem
1743 840 1903 895 codd.
1946 870 2014 880 —
2058 839 2115 894 In
2152 840 2284 895 bibl.
2319 840 2603 897 Casinensi
2665 840 2809 910 (pag.
2847 838 2973 904 2:22,
3007 852 3068 892 ac
3113 853 3232 908 pag.
3279 835 3408 901 225,
3439 850 3524 888 nr.
3557 833 3709 902 505),

484 924 740 980 homilias.
769 957 836 968 —
863 927 1150 983 Mediolani
1202 931 1254 984 in
1305 931 1436 985 bibl.
1476 931 1832 987 Ambrosiana
1868 929 2011 1004 (pag.
2065 931 2215 1004 525),
2270 947 2566 988 sermones.
2602 930 2778 984 HARL.

544 1015 810 1075 llomilias
839 1019 906 1076 88
934 1018 1215 1076 Severiani
1295 1023 1347 1077 in
1408 1022 1713 1078 homiliario
1744 1024 1979 1095 quodam
2034 1039 2138 1081 ms.
2195 1025 2327 1080 bibl.
2381 1024 2757 1080 Ambrosianus
2806 1029 3019 1078 exstare
3067 1027 3300 1076 testatur
3355 1017 3712 1074 Mabillonius

471 1117 606 1164 tom.
650 1109 668 1162 I
708 1110 881 1166 Musei
925 1111 1127 1179 Italici,
1172 1130 1295 1186 pag.
1346 1112 1434 1182 15,
1469 1116 1604 1173 alias
1651 1117 1816 1172 etiam
1865 1117 1920 1172 in
1977 1116 2164 1172 codice
2204 1117 2335 1173 bibl.
2368 1117 2702 1182 Casinensis,
2761 1117 2826 1172 de
2873 1131 2982 1186 quo
3023 1115 3163 1170 idem
3199 1130 3320 1185 pag.
3371 1113 3500 1168 124.
3549 1113 3712 1182 Apud

480 1201 874 1258 UEcumenium
911 1205 966 1258 in
1009 1205 1030 1258 l
1089 1205 1159 1259 ad
1201 1205 1448 1261 Corinth.
1484 1223 1558 1275 vt,
1594 1223 1717 1279 pag.
1755 1208 1861 1262 H6
1925 1208 2008 1264 edi

2178 1225 2394 1267 ronens.
2430 1212 2627 1266 citalur
2668 1212 2696 1263 ὁ
2733 1210 2792 1262 ὲν
2827 1208 2999 1277 ἁγίοις
3039 1206 3362 1278 Σευηριανὸς
3398 1205 3579 1275 τεύχει
3606 1203 3709 1269 νζν,

471 1290 613 1363 λόγῳ
643 1300 712 1362 γ’,
747 1295 1026 1368 κεφαλαίῳ
1066 1299 1149 1351 ιϐ’.
1184 1295 1328 1352 Idem
1361 1299 1414 1354 in
1443 1314 1562 1369 cap.
1596 1316 1696 1365 vn,
1743 1317 1798 1372 p.
1826 1300 1952 1368 625,
1993 1321 2002 1353 ι

1300 1314 1328 1352 n
1361 1299 1414 1354 in
1443 1314 1562 1369 cap.
1596 1316 1696 1365 vn,
1743 1317 1798 1372 p.
1826 1300 1952 1368 625,
1993 1304 2022 1355 ὁ
2049 1303 2376 1376 Σευηριανὸς
2405 1301 2610 1368 ἔστιξεν
2640 1301 2831 1366 οὕτως.

541 1387 645 1451 Εἰς
692 1385 798 1440 τὸν
828 1387 966 1458 ὄφιν
1007 1389 1114 1444 τὸν
1159 1392 1452 1459 χαλκοῦν,
1501 1391 1567 1446 In
1619 1404 1903 1464 serpentem
1938 1413 2072 1451 a'neu

2215 1397 2432 1451 homilia
2485 1397 2720 1466 incipit:
2761 1397 2819 1449 ὐ
2867 1393 3140 1448 τοῦ-Θεοῦ
3165 1393 3341 1462 λόγος,
3385 1391 3623 1462 ἀδελφοί,
3655 1397 3713 1446 οι

471 1473 658 1532 Graece
701 1479 846 1534 edita
888 1479 1028 1536 inter
1068 1482 1299 1538 tributas
1329 1483 1718 1555 Chrysostomo
1764 1495 1897 1543 tom.
1958 1487 2052 1542 VII
2108 1487 2271 1543 Savil.
2339 1504 2460 1558 pag.
2531 1488 2656 1542 448.
2715 1486 2901 1542 Oratio
2951 1484 3190 1541 secunda
3230 1499 3260 1538 e
3311 1483 3518 1546 decem,
3565 1496 3712 1552 quas

469 1571 845 1642 Chrysostomi
874 1571 1094 1628 nomine
1125 1573 1179 1627 in
1209 1573 1382 1629 lucem
1411 1574 1636 1631 dederat
1664 1579 1816 1636 card.
1850 1580 2106 1636 Sirletus.
2141 1579 2246 1634 Sed
2279 1579 2572 1634 Severiano
2598 1585 2851 1634 asserunt
2883 1577 3042 1634 Joan.
3074 1576 3466 1639 Damascenus,
3507 1573 3709 1629 Adria-

470 1679 575 1719 nus
606 1677 744 1806 galpa
775 1679 898 1718 eum
933 1665 1140 1735 synodo
1179 1666 1496 1731 Parisiensi,
1538 1677 1597 1724 ut
1629 1680 1874 1728 notatum
1919 1674 2208 1729 Sirmondo
2240 1672 2308 1726 ad
2343 1671 2647 1726 Ennodium
2682 1671 3005 1725 Ticinenscm
3046 1684 3170 1740 pag.
3209 1667 3300 1721 88.
3335 1665 3486 1738 [I’id.
3517 1679 3707 1735 supra,

470 1753 577 1806 vol.
707 1753 748 1806 I.
780 1769 901 1806 nae.
937 1755 1086 1806 506.1

469 1753 577 1808 vol.
610 1753 748 1819 VIII,
780 1769 901 1824 pag.
937 1755 1087 1826 506.]

539 1848 646 1911 Εἰς
670 1847 774 1913 τὰς
811 1849 1141 1917 σφραγῖδας
1171 1847 1289 1902 τῶν
1308 1850 1581 1918 βιϐλίων,
1622 1851 1697 1906 De
1725 1851 1915 1921 sigillis
1941 1851 2070 1905 libro

2174 1869 2214 1917 ι,
2249 1851 2468 1906 homilia
2490 1865 2608 1921 quae
2636 1849 2825 1919 incipit
2854 1868 2866 1903 :
2901 1850 3060 1917 Μέγα
3109 1850 3207 1919 τῆς
3249 1849 3425 1919 ψυχῆς
3473 1846 3705 1916 ἐφόδιον,

469 1946 523 1993 et
557 1939 756 2010 legitur
785 1949 917 1997 tom.
951 1943 1015 1998 VI
1048 1941 1227 1998 Ducaai
1261 1959 1386 2015 pag.
1417 1945 1539 2011 138,
1571 1962 1694 2000 cum
1727 1948 1978 2002 versione
1997 1946 2155 2003 .Ioan.
2196 1946 2314 2002 Jac.
2347 1947 2594 2009 Beureri,
2633 1957 2686 2002 et
2730 1945 2911 2000 Graece
2951 1953 3082 1999 tom.
3115 1943 3158 1998 γ
3215 1945 3378 1998 Savil.
3423 1959 3544 2013 pag.
3577 1941 3708 1996 689.

473 2030 769 2091 Severiano
806 2037 1111 2092 vindicatur
1153 2036 1484 2094 Theodoreti
1534 2049 1587 2095 et
1639 2041 1860 2095 Adriani
1895 2057 2047 2113 papze
2095 2045 2448 2099 auctoritate.
2476 2041 2643 2097 ann.
2673 2043 2767 2098 Gr.
2801 2057 2923 2096 cum
2973 2039 3090 2094 Lat.
3129 2041 3380 2096 versione
3423 2039 3586 2094 Bern.
3636 2037 3706 2092 de

470 2125 848 2196 Montfaucon,
881 2131 936 2184 iu
963 2129 1127 2201 hujus
1153 2131 1284 2187 edit.
1318 2129 1455 2202 Opp.
1497 2133 1783 2202 Chrysost.
1817 2141 1954 2187 tom.
1997 2131 2114 2200 XII,
2145 2152 2197 2206 p.
2231 2136 2356 2192 402.

542 2217 734 2274 Sermo
769 2219 848 2274 De
878 2235 1026 2288 pace,
1061 2223 1117 2275 in
1149 2222 1380 2277 ecclesia
1413 2221 2020 2293 Constantinopolitana
2061 2225 2279 2281 habitus
2309 2227 2373 2280 A.
2412 2225 2536 2288 401,
2569 2241 2689 2278 cutn
2735 2239 2764 2276 a
2793 2222 2948 2276 Joan.
2995 2221 3389 2292 Chrysostomo
3415 2229 3709 2289 susceptus

477 2320 586 2377 est,
627 2320 835 2366 tantum
864 2311 1058 2369 Latine
1081 2323 1261 2370 exstat
1293 2324 1423 2370 tom.
1458 2315 1549 2370 VII
1605 2315 1774 2372 Savil.
1807 2331 1930 2388 pag.
1975 2317 2099 2373 948.
2125 2318 2315 2389 Incipit
2345 2338 2358 2374 :
2398 2319 2462 2373 In
2489 2319 2710 2372 adventu
2745 2317 2953 2372 Domini
2973 2326 3021 2369 et
3052 2316 3345 2370 Saluatoris
3377 2316 3565 2368 nostri.

536 2405 640 2470 Εἰς
672 2405 787 2472 τὴν
819 2406 1293 2474 ἐνανθρώπησιν,
1335 2407 1402 2461 In
1442 2409 1864 2463 incarnationem
1906 2409 2060 2465 Cirris

2174 2412 2404 2478 ,iomilia,
2455 2429 2574 2482 quae
2623 2410 2856 2482 incipit:
2903 2408 3206 2480 Ἐμνήσθην
3235 2406 3328 2460 τοῦ
3375 2406 3530 2470 Θεοῦ,
3561 2405 3705 2460 edita

464 2495 652 2552 Graece
681 2505 816 2553 tom.
854 2499 965 2563 Vll,
994 2516 1118 2573 pag.
1150 2503 1276 2566 507,
1309 2504 1524 2558 videtur
1549 2503 1903 2560 Severianum
1937 2507 2214 2562 auctorem
2249 2508 2448 2564 habere
2477 2516 2530 2564 et
2555 2509 2656 2563 sub
2698 2508 2818 2578 ejus
2861 2507 3079 2560 nomine
3108 2504 3300 2558 Latine
3347 2504 3636 2558 exhibetur
3674 2517 3706 2556 a

463 2588 796 2647 Combelisio
853 2592 908 2646 in
950 2593 1090 2646 Bibl.
1153 2597 1567 2651 concionatoria.
1606 2597 1897 2651 Severiano
1945 2599 2105 2652 etiam
2149 2599 2394 2654 tribuunt
2437 2601 2539 2655 viri
2565 2599 2708 2654 docti
2758 2598 3031 2652 homiliam
3069 2595 3142 2650 De
3171 2597 3444 2649 natiritate
3482 2593 3705 2658 Christi,

464 2701 586 2756 quae
612 2687 852 2742 occurrit
883 2686 1070 2745 Graace
1099 2695 1232 2742 tom.
1270 2690 1310 2745 ν
1340 2691 1471 2746 edit.
1505 2690 1703 2755 Savil.,
1739 2705 1860 2761 pag.
1900 2691 1995 2746 846

2177 2694 2345 2766 ncipit
2381 2713 2393 2749 :
2429 2696 2739 2766 Μυστήριον
2768 2693 2912 2758 ξένον
2939 2693 3033 2746 καὶ
3068 2691 3390 2761 παράδοξον.
3423 2689 3481 2744 In
3509 2699 3705 2746 neutra

465 2777 661 2835 barum
691 2779 965 2852 leguntur,
999 2799 1118 2854 qua:
1155 2802 1219 2841 ex
1250 2784 1526 2842 Severiani
1572 2783 1793 2840 homilia
1827 2788 1882 2840 in
1930 2785 2286 2841 Nativitatem
2333 2787 2486 2842 alTert
2521 2787 2881 2841 Theodoritus
2907 2788 3120 2859 dialogo
3159 2790 3424 2845 secundo.

535 2871 614 2924 De
640 2889 792 2927 cruce
823 2873 1100 2932 homiliam
1138 2885 1192 2932 et
1223 2877 1277 2931 in
1314 2877 1446 2932 illud
1481 2896 1494 2932 :
1534 2877 1611 2931 Tu
1641 2895 1718 2944 es,
1751 2880 1842 2949 qui
1877 2888 2124 2934 venturus
2153 2896 2229 2945 cs,
2266 2879 2503 2949 vulgavit
2550 2877 2735 2934 Graece
2788 2878 3022 2935 Savilius
3057 2881 3197 2935 inter
3239 2881 3402 2936 dubia
3453 2879 3708 2949 Chryso-

465 2963 628 3016 stomi
663 2971 798 3020 tom.
831 2965 898 3031 V,
945 2981 1062 3038 pag.
1109 2969 1230 3025 898.
1265 2967 1456 3040 Incipit
1489 2988 1502 3024 :
1541 2969 1738 3034 Καλῶς
1767 2973 1898 3043 ἡμῖν
1939 2988 1996 3024 κο

2178 2972 2272 3033 ῶς.
2303 2969 2432 3024 Eam
2465 2987 2568 3028 ms.
2598 2970 2964 3026 Mazariniano
2999 2988 3133 3026 usus
3176 2973 3316 3027 idem
3350 2969 3709 3026 Combelisius

463 3065 530 3104 ex
565 3051 886 3111 Damasceni
920 3060 1244 3115 auctoritate
1291 3059 1586 3118 Severiano
1615 3062 1907 3119 vindicavit
1930 3072 1983 3118 et
2021 3063 2213 3118 Latine
2245 3078 2272 3117 a
2305 3078 2365 3117 se
2406 3079 2617 3118 versam
2647 3062 2813 3118 edidit
2860 3070 2992 3118 tom.
3040 3063 3056 3116 Ι
3102 3063 3241 3118 Bibl.
3279 3060 3706 3126 concionatorite,

464 3158 586 3216 pag.
621 3145 710 3213 ‘56,
742 3149 833 3219 qui
869 3159 1103 3222 utraque
1132 3155 1296 3210 etiam
1346 3155 1526 3226 lingua
1559 3159 1818 3230 vulgavit,
1853 3158 2030 3214 Paris.
2065 3158 2224 3224 1656,
2260 3159 2314 3227 4,
2339 3174 2463 3213 cum
2506 3159 2627 3215 aliis
2676 3158 3000 3228 quibusdam
3027 3151 3401 3230 Chrysostomi
3434 3157 3527 3227 (α).
3557 3155 3704 3210 Idem

473 3243 710 3296 testatus
759 3251 864 3306 est,
893 3243 1171 3299 homiliam
1218 3249 1273 3301 in
1316 3249 1698 3305 dedicationem
1735 3256 1928 3315 crucis,
1959 3268 2026 3307 ex
2067 3268 2174 3324 qua
2221 3251 2580 3323 fragmentum
2616 3252 2869 3320 produxit
2917 3252 3228 3317 Grelserus,
3279 3251 3542 3319 integram
3589 3262 3708 3300 ex-

465 3329 676 3388 stitisse
716 3332 771 3388 in
809 3334 942 3389 bibl.
997 3335 1352 3395 Scorialeusi.
1385 3341 1647 3407 Quartum
1683 3342 1962 3398 Severiaui
1993 3345 1996 3353 ‘

2195 3346 2275 3408 εἰς
2309 3342 2399 3397 τὸν
2448 3345 2678 3415 σταυρόν
2717 3347 2851 3398 citat
2901 3344 3275 3398 Datuascenus
3320 3343 3354 3395 5
3397 3340 3474 3393 De
3507 3341 3702 3408 imagg.

461 3431 597 3477 tom.
639 3425 682 3491 I,
715 3441 838 3498 pag.
867 3428 992 3492 585,
1025 3438 1079 3486 et
1108 3434 1187 3496 εἰς
1208 3433 1274 3486 τὰ
1305 3436 1552 3503 ὲγκαίνια
1590 3436 1682 3490 τοῦ
1719 3438 1952 3508 σταυροῦ

2176 3439 2268 3503 27,
2301 3440 2425 3504 545,
2470 3437 2596 3493 563.
2628 3439 2794 3492 FABn.
2840 3437 2905 3492 In
2958 3437 3190 3491 encwnia
3245 3433 3438 3488 crucis.
3485 3429 3707 3498 Fragtn.

463 3515 522 3571 in
553 3517 676 3573 cod.
709 3519 1016 3576 Vindobon.
1058 3523 1377 3591 CCXLVIII,
1413 3545 1496 3583 nr.
1541 3530 1605 3584 10
1637 3548 1650 3584 :
1681 3528 1934 3585 Lanibec.
1981 3531 2071 3596 IV,
2124 3549 2242 3604 pag.
2277 3532 2401 3586 9.91.
2433 3562 2500 3572 -ν
2530 3529 2706 3585 Paris.
2758 3532 2811 3584 in
2865 3530 2987 3584 cod.
3032 3524 3249 3590 DCCLI,
3293 3529 3347 3588 9,
3384 3523 3514 3578 bibl.
3545 3519 3703 3592 pubi.

468 3607 606 3664 Ibid.
641 3612 696 3665 in
728 3611 852 3667 cod.
881 3613 1215 3684 CMLXXIX,
1240 3635 1325 3674 nr.
1357 3619 1438 3683 15,
1474 3619 1755 3678 Severiani
1786 3622 2006 3677 homilia
2039 3625 2092 3678 in
2124 3641 2318 3678 arcum
2357 3642 2388 3676 a
2409 3623 2703 3678 nativitate.
2733 3653 2803 3664 ——
2829 3620 2959 3676 Ibid.
2990 3621 3044 3675 in
3075 3619 3196 3674 cod.
3235 3615 3440 3679 MCVII,
3474 3616 3527 3677 Δ,
3570 3622 3624 3667 ct
3648 3612 3708 3668 in

465 3703 589 3758 cod.
626 3703 856 3775 August.
891 3706 1101 3764 Vindel.
1147 3710 1309 3780 (teste
1337 3710 1548 3768 Reiser.
1600 3713 1654 3768 in
1699 3712 1819 3770 Ind.
1857 3732 1982 3769 mss.
2019 3716 2242 3784 August.
2294 3731 2415 3787 pag.
2447 3715 2534 3780 12,
2583 3730 2669 3768 nr.
2729 3715 2816 3784 52)
2853 3714 2914 3767 it.
2959 3713 3012 3767 in
3050 3711 3172 3765 cod.
3209 3706 3519 3778 Mosquensi
3551 3704 3621 3770 Χ,
3651 3705 3709 3757 in

466 3795 501 3848 ι
529 3794 666 3863 (Vill.
698 3796 931 3854 Matthaei
984 3799 1156 3855 Notit.
1195 3819 1321 3856 mss.
1369 3802 1670 3875 Mosquens.
1721 3821 1776 3876 p.
1819 3807 1943 3866 507.
1979 3823 2064 3864 nr.
2115 3809 2203 3872 45,
2235 3806 2322 3863 ed.
2359 3809 2414 3861 in
2443 3807 2533 3878 8);
2576 3806 2795 3860 homilia
2837 3806 2889 3860 in
2923 3803 3052 3858 illud
3074 3803 3318 3873 Apostoli
3355 3817 3368 3852 :
3404 3799 3467 3853 In
3505 3815 3563 3852 eo
3597 3799 3711 3849 ha-

469 3886 602 3940 bitat
626 3891 795 3944 omnis
826 3891 1097 3958 plenitudo
1125 3893 1444 3950 divinitatis.
1479 3924 1550 3935 —
1592 3896 1935 3954 Collectanea
1981 3917 2048 3955 ex
2091 3915 2156 3955 eo
2200 3900 2451 3968 aliisque,
2501 3899 2554 3952 in
2595 3898 2718 3953 cod.
2769 3897 2999 3968 August.
3051 3894 3213 3949 Vind.
3268 3909 3389 3963 pag.
3443 3890 3529 3945 59.
3584 3887 3704 3941 νῆά.

465 3971 677 4033 Reiser.
712 3980 748 4034 l.
779 3995 852 4046 c.,
883 3997 1005 4053 pag.
1037 3983 1125 4039 59.
1161 3982 1329 4040 "ABL.

538 4068 660 4140 [Εἷς
697 4074 768 4128 τὰ
807 4073 1110 4144 θεοφὰνια,
1155 4077 1208 4132 in
1239 4077 1362 4132 cod.
1413 4078 1725 4150 Mosquensi
1777 4079 1972 4152 synod.
2021 4077 2297 4141 CCLXXI,
2328 4087 2381 4134 et
2415 4078 2559 4134 edita
2611 4086 2695 4134 est
2739 4078 2854 4131 h:ec
2901 4075 3122 4130 homilia
3171 4091 3200 4129 a
3247 4075 3320 4129 cl.
3362 4073 3594 4127 Matthzei
3653 4071 3706 4125 in

465 4158 802 4219 Lectionibus
837 4165 1193 4238 Mosquensib.
1242 4171 1348 4228 vol.
1399 4172 1462 4236 Il,
1512 4172 1659 4244 Lips.
1695 4173 1849 4237 I779,
1885 4174 1936 4235 8,
1975 4189 1996 4241 ι

2178 4171 2302 4242 qu.]
2339 4201 2408 4211 ——
2440 4171 2654 4244 [Incipit
2685 4192 2697 4226 :
2747 4170 3068 4240 Ἀνοιγέσοω
3114 4170 3352 4239 σήμερον
3389 4168 3496 4219 πᾶν
3534 4165 3709 4238 στόμα,

468 4257 605 4327 πρὸς
645 4258 943 4330 οεολογίαν.
1007 4262 1253 4332 Ilepetita
1282 4272 1367 4320 est
1418 4267 1471 4319 in
1515 4267 1762 4337 Append.
1814 4267 1881 4322 ad
1917 4266 1993 4318 Ga

2174 4267 2186 4318 i
2224 4264 2367 4319 Bibl.
2402 4264 2519 4318 PP.
2554 4276 2687 4320 tom.
2733 4262 2873 4328 XIV,
2915 4280 2969 4333 p.
3009 4262 3110 4316 145
3143 4277 3321 4332 seqq,
3361 4261 3431 4315 ibi
3469 4259 3705 4329 primum

469 4350 654 4406 addita
688 4351 808 4406 Lat.
847 4353 1116 4409 versione.
1151 4355 1233 4408 Cf.
1266 4355 1509 4428 Prolegg.
1550 4360 1616 4414 ad
1649 4361 1813 4429 App.,
1865 4375 1918 4428 p.
1953 4357 1986 4411 8
2010 4399 2025 4420 ,
2078 4355 2242 4411 Beck.
2290 4354 2349 4410 In
2388 4353 2512 4408 cod.
2550 4353 2863 4423 Mosquens.
2896 4350 3192 4413 CCXLVII,
3235 4350 3395 4419 φύσις
3423 4351 3516 4402 καὶ
3552 4349 3709 4402 οὐσία

469 4445 589 4499 κατ’
626 4445 776 4501 οὐδὲν
809 4447 1074 4519 διαφέρει.
1122 4450 1243 4506 Vid.
1270 4451 1505 4508 Matthaei
1540 4460 1655 4506 not.
1688 4452 1784 4506 cit.
1824 4468 1876 4520 p.
1910 4451 2000 4504 192

733 4459 776 4501 :v
809 4447 1074 4519 διαφέρει.
1122 4450 1243 4506 Vid.
1270 4451 1505 4508 Matthaei
1540 4460 1655 4506 not.
1688 4452 1784 4506 cit.
1824 4468 1876 4520 p.
1910 4451 2034 4507 195.
2070 4447 2264 4519 11Αιιι..]

543 4534 616 4589 Ex
655 4536 778 4606 styli
823 4538 1178 4597 similitudine
1208 4543 1458 4599 homilias
1492 4544 1651 4615 longe
1705 4544 1888 4613 plures
1939 4541 2256 4606 Severiano,
2293 4540 2387 4595 sed
2446 4556 2552 4593 non
2593 4537 2727 4594 satis
2781 4545 2894 4590 tuta
2941 4535 3258 4604 conjectura
3311 4533 3557 4588 tribuunt
3604 4531 3708 4585 viri

469 4629 637 4691 docti,
667 4635 726 4681 ut
765 4631 948 4687 videre
971 4633 1098 4688 licet
1131 4637 1272 4706 apud
1306 4637 1474 4691 Eliam
1505 4637 1576 4692 du
1613 4637 1712 4690 Pin
1747 4646 1877 4690 tom.
1905 4634 1972 4688 III
2006 4634 2377 4701 Bibl.eccles.,
2406 4641 2458 4688 et
2489 4633 2890 4688 Tillemontium
2920 4640 3047 4684 tom.
3081 4628 3148 4681 XI
3193 4627 3418 4681 Memor.
3450 4643 3570 4696 pag.
3601 4623 3712 4680 587

470 4740 623 4794 seqq.
659 4713 806 4779 Illam
844 4742 970 4784 vero
1003 4730 1076 4786 De
1105 4743 1271 4788 morte
1304 4735 1654 4789 innocentium
1689 4733 1990 4792 homiliam,
2024 4747 2146 4802 quas
2183 4731 2413 4800 incipit:
2451 4727 2606 4783 Zelus
2649 4745 2748 4798 quo
2777 4726 2978 4788 tendat,
3002 4742 3102 4796 quo
3157 4724 3402 4794 prosiliat
3459 4723 3610 4786 livor,
3655 4731 3713 4774 et

471 4821 616 4876 inter
639 4836 920 4879 sermones
946 4823 1090 4881 Petri
1119 4829 1440 4902 Chrysologi
1477 4829 1676 4900 legitur
1713 4826 1868 4891 CLII,
1903 4837 2070 4901 atque
2107 4828 2252 4882 inter
2279 4827 2502 4880 Patrum
2543 4822 2798 4877 homilias
2827 4821 2895 4876 ab
2928 4820 3160 4875 Alcuino
3190 4820 3472 4880 collectas,
3517 4813 3711 4868 neuti-

472 4922 636 4980 quam
671 4906 944 4968 Severiani
983 4933 1123 4984 esse,
1157 4922 1253 4976 sed
1305 4919 1482 4976 Latini
1537 4920 1822 4989 scriptoris
1868 4917 1964 4988 (ὁ),
1996 4935 2063 4973 ex
2108 4919 2230 4989 ipso
2275 4919 2365 4972 ﬁlo
2414 4914 2681 4972 orationis
2732 4915 2912 4984 arguit
2967 4912 3352 4974 Combelisius,
3391 4908 3484 4979 qui
3525 4913 3709 4959 tamen

539 5094 628 5170 (α)
663 5099 954 5170 Inscriptio
985 5098 1104 5152 libri
1136 5104 1219 5170 est
1247 5115 1259 5150 :
1288 5096 1646 5170 Chrysostnmi
1685 5095 1818 5170 liber
1845 5111 2035 5170 aureus
2145 5103 2292 5170 tatur
2327 5093 2604 5170 Severiani
2652 5092 3238 5170 episcopiACaralitani
3259 5090 3335 5170 De
3366 5092 3714 5170 innocentia:

473 5159 856 5224 de'edurandis'
887 5169 1083 5222 liberis.
1141 5159 1688 5235 Ejusdem'tractatus
1731 5167 1821 5218 alii
1869 5167 2035 5234 quin-
2145 5166 2238 5220 sed
2271 5175 2398 5235 tom.
2429 5164 2473 5235 I.
2505 5173 2644 5233 part.
2674 5159 2712 5226 ι’,
2745 5182 2794 5234 p.
2831 5159 2947 5223 116,
2991 5180 3073 5216 nr.
3101 5163 3262 5225 2215,
3305 5161 3370 5214 de
3410 5161 3532 5214 cod.
3565 5159 3712 5235 Bod-

513 5253 596 5293 uc.
652 5240 950 5302 Severiani,
1001 5228 1195 5292 Gabal:
1221 5238 1387 5304 episc.
1442 5237 1574 5290 liber
1626 5237 1678 5288 in
1714 5235 1770 5290 S.
1807 5228 2033 5298 crucem,
2146 5237 2234 5289 Iei.
2294 5234 2360 5298 γ,
2417 5228 2694 5288 Severiani
2745 5228 2836 5288 'De
2890 5235 3285 5290 innocentibus.
3337 5238 3388 5304 et
3449 5240 3579 5304 tom.
3643 5228 3709 5304 11,

513 5253 596 5293 ue.
652 5251 950 5302 Severum,
1001 5251 1188 5292 Utillal.
1221 5253 1387 5304 episc.
1442 5251 1574 5290 liber
1626 5253 1678 5288 tn
1714 5251 1770 5290 ὸ.
1807 5251 2033 5298 crucem,
2148 5251 2234 5289 let.
2300 5251 2360 5298 ν,
2417 5251 2694 5288 διξνυνιξιιιι
2760 5251 2836 5288 ue
2890 5251 3285 5290 innocentibus.
3337 5251 3388 5284 ct
3449 5251 3579 5284 tom.
3643 5251 3709 5290 ιι,

472 5251 800 5370 gasiliimte.
826 5311 1008 5364 Graece
1037 5324 1102 5362 ex
1133 5308 1359 5360 vetustis
1391 5306 1718 5358 codd.card.
1757 5305 2035 5367 Mazarini,
2145 5313 2286 5374 part.
2321 5321 2358 5367 t,
2395 5321 2514 5372 pag.
2553 5305 2636 5367 11,
2689 5321 2771 5362 nr.
2811 5306 2934 5361 550.
2978 5304 3043 5356 de
3089 5302 3467 5374 (‘tlti:_0C(‘it‘S._
3508 5297 3709 5374 Inuiol-

474 5391 598 5452 cttni
644 5365 1242 5452 interpretatione:Lat.
1280 5375 1471 5452 Fratre.
1514 5376 1819 5452 C0:ttl_mlis._
1859 5365 2034 5452 Paris.
2147 5365 2371 5452 iueusis,
2396 5365 2889 5452 'Sei'2ri.iui_s_ermo
2925 5375 2974 5425 iu
3011 5371 3500 5452 It'sl.l_)ml\:;ili\.'it.ali§
3531 5365 3605 5418 De
3637 5369 3712 5416 in-

476 5445 606 5500 Aut.
644 5437 870 5504 Bcrtiin'.
908 5451 1063 5510 Ili-30,
1101 5447 1150 5500 8.
1177 5447 1403 5499 llotnilia
1437 5448 1622 5500 eadem
1653 5445 1771 5499 Lat.
1808 5447 1861 5499 in
1893 5445 2038 5499 Bibl.
2148 5447 2470 5498 nocentibus.
2504 5445 2663 5498 Tt‘Slc
2697 5445 2990 5499 Monlfauc.
3026 5446 3076 5494 iu
3111 5443 3251 5496 Bibl.
3293 5437 3546 5510 bibliothL
3578 5452 3707 5492 mss.

480 5513 594 5585 PP.
635 5535 776 5571 max.
817 5527 945 5572 tom.
982 5505 1123 5585 V,yp.
1169 5517 1317 5570 19.29.
1360 5514 1529 5571 IIauL.
2147 5517 2214 5574 II,
2271 5532 2321 5583 p.
2375 5516 2532 5577 12555,
2595 5518 2644 5569 in
2693 5517 2813 5570 cod.
2872 5522 3105 5567 tuouast.
3167 5512 3234 5585 β,
3271 5512 3337 5585 Μ..
3392 5511 3458 5561 de
3514 5505 3709 5585 Becco.

549 5584 809 5656 (ιηΑι-,ιες
847 5589 897 5641 iu
929 5582 2034 5656 Cannas.Anglim,ete..tom.I,7part.n,
2146 5582 2429 5656 Severiaui
2482 5595 2535 5644 ct
2579 5586 2811 5644 aliorum
2853 5588 2909 5640 iu
2964 5585 3102 5641 (esto
3161 5582 3260 5638 SS.
3313 5582 3709 5633 Innocentium.

479 5664 533 5721 β.
594 5655 683 5725 68,
729 5654 820 5712 'ur.
853 5659 992 5713 2044
1045 5659 1110 5715 de
1165 5654 1301 5714 cod.
1320 5659 1495 5714 Oxon.
1526 5657 1748 5729 Collegii
1788 5655 1916 5712 Jesu
1959 5657 2029 5710 ci-
2145 5654 2314 5712 llam.
