3878 6332
214 303 283 360 I5
1730 293 2024 350 ΝΟΤΙΤΙΑ.
3378 289 3450 345 η

213 418 492 474 homiliam
543 416 622 473 De
666 415 776 474 SS.
829 417 1110 484 Trinitate,
1144 430 1265 487 quae
1304 413 1528 485 incipit:
1558 416 1620 468 Οἱ
1654 417 1798 470 κατὰ
1840 416 1938 487 τῆς
1986 415 2147 484 ἁγίας
2179 424 2232 470 et
2263 415 2406 470 inter
2448 417 2762 487 suppositas
2814 416 3209 488 Chrysostomo
3263 427 3442 474 exstat

211 517 346 566 tom.
396 509 418 564 1
465 511 600 566 edit.
649 526 820 577 novae,
868 528 923 584 p.
960 513 1064 567 832
1107 509 1294 582 (Savil.
1328 517 1460 565 tom.
1491 508 1582 573 Vl,
1633 526 1686 580 p.
1719 511 1844 574 955,
1875 520 1928 565 et
1962 509 2144 565 Ductei
2171 509 2262 576 VI,
2293 526 2416 581 pag.
2452 510 2609 582 160);
2641 526 2851 567 necnon
2901 512 3035 568 alias
3071 514 3254 584 plures
3296 521 3446 569 tonio

213 613 366 659 sexto
400 602 586 659 Bucari
627 605 836 668 obvias,
875 604 1172 659 Severiano
1202 601 1404 672 potius,
1436 617 1598 672 quam
1630 602 1828 656 Joanni
1865 601 2354 673 Ilierosolymitano
2384 603 2702 659 tribuendas
2731 603 3031 660 contendit.

282 695 656 768 [Deﬁnitiones
699 695 1000 758 Severiani,
1028 693 1269 749 Florent.
1312 694 1368 748 in
1407 694 1527 748 cod.
1559 693 1814 748 Laurent.
1861 693 1952 756 XI,
1985 694 2039 760 6,
2083 695 2218 765 plut.
2253 695 2338 748 71.
2372 693 2478 750 Sed
2523 697 2739 750 cuinam
2782 693 3076 751 Severiano
3120 697 3228 752 sint
3267 697 3446 753 ascri-

211 786 426 851 bendte,
463 786 699 841 Bandin.
741 788 796 841 in
828 784 947 841 Cat.
982 782 1139 838 codd.
1177 784 1269 838 Gr.
1293 783 1467 838 Laur.
1498 782 1586 849 III,
1627 799 1749 854 pag.
1781 783 1868 849 99,
1895 783 1997 838 sibi
2031 791 2361 853 compertum
2394 799 2503 837 non
2532 799 2673 851 esse,
2716 785 2932 840 fatetur.
2969 784 3166 857 Hann]

287 882 576 937 Severiani
634 881 710 951 (a)
761 881 902 935 κατὰ
966 879 1076 935 τῶν
1138 880 1424 949 αἱρετικῶν
1463 880 1595 933 citat
1633 879 1772 932 Dam:

1895 894 1997 932 nus
2042 879 2096 931 in
2135 877 2422 932 Purallelis
2453 881 2619 933 sacris
2664 887 2794 933 tom.
2821 878 2884 944 lI,
2919 895 2972 949 p.
3001 880 3105 935 585
3131 896 3282 950 seqq.
3317 879 3443 934 789.

217 972 427 1027 Contra
456 972 727 1027 Novatum
755 971 1007 1027 Gelasius
1061 973 1155 1026 lib.
1187 969 1262 1024 De
1287 970 1489 1024 duabus
1520 968 1720 1025 Christi
1759 970 1984 1024 naturis.
2012 969 2080 1024 At
2110 969 2421 1025 Gennadius
2450 986 2496 1024 c.
2540 970 2602 1024 21
2639 971 2711 1025 De
2742 972 2921 1040 script.
2953 973 3154 1043 eccles.,
3180 972 3323 1042 Legi,
3357 973 3444 1025 in-

214 1065 354 1133 quit.
391 1066 509 1132 ejus
555 1065 951 1133 expositionem
986 1062 1051 1116 In
1073 1063 1352 1131 epistolam
1382 1062 1451 1115 ad
1496 1061 1739 1126 Galatas,
1769 1072 1823 1118 et
1852 1061 1930 1116 De
1969 1062 2224 1131 baptismo
2259 1072 2314 1116 et
2345 1061 2652 1131 Epiphania:
2694 1061 3022 1117 solemnitate
3050 1064 3287 1118 libellum
3319 1080 3447 1134 gra-

217 1155 504 1207 tissimum.
539 1152 752 1208 Citatur
775 1154 938 1208 etiam
978 1152 1305 1208 Severianus
1344 1153 1486 1223 apud
1529 1152 1919 1208 OEcumenium
1954 1152 2010 1206 in
2060 1168 2180 1223 cap.
2212 1151 2232 1204 I
2275 1153 2443 1223 Epist.
2477 1153 2541 1208 ad
2576 1152 2818 1210 Galatas.
2869 1153 2934 1206 Et
2968 1155 3022 1208 in
3056 1154 3326 1209 Anastasii
3359 1153 3475 1208 Si-'

214 1247 380 1300 naitaa
415 1246 631 1318 llodego
660 1261 782 1317 cap.
815 1246 900 1312 I6,
936 1260 1060 1316 pag.
1095 1244 1221 1312 502,
1250 1244 1471 1300 aﬂ‘ertur
1503 1246 1655 1300 locus
1699 1244 1976 1299 Severiani
2020 1246 2072 1299 in
2103 1247 2312 1302 Coloss.
2351 1263 2407 1313 ιι,
2439 1247 2473 1300 2
2505 1247 2598 1316 (b).
2634 1247 2751 1301 Alia
2781 1262 2847 1302 ex
2871 1245 3087 1302 Catenis
3124 1247 3178 1301 in
3215 1244 3429 1302 Veteris

216 1341 553 1398 Testamenti
597 1339 764 1394 libros
794 1336 1092 1408 fragmenta
1121 1337 1265 1392 illius
1295 1336 1477 1393 Graece
1521 1345 1574 1393 et
1618 1336 1809 1392 Latine
1865 1337 2013 1392 dedit
2054 1337 2410 1394 Combetisius
2466 1340 2684 1393 Auctor.
2739 1340 2931 1392 noviss.
2991 1354 3112 1409 pag.
3164 1337 3437 1404 291-297;

215 1445 544 1508 poteratque
575 1435 735 1502 longe
767 1431 922 1501 plura
951 1430 1144 1486 aITerre
1178 1429 1286 1486 nisi
1329 1430 1454 1498 jure
1500 1431 1781 1485 metuisset
1824 1432 2080 1501 pleraque
2109 1448 2226 1500 quae
2255 1433 2308 1486 in
2354 1433 2570 1488 Catenis
2588 1432 2688 1487 sub
2737 1432 2928 1504 Σεϐηρ.
2970 1433 3195 1504 Ἀντιοχ.
3226 1433 3446 1488 nomine

210 1536 456 1594 exstant,
492 1533 552 1580 ut
589 1527 646 1580 in
677 1524 768 1579 illa
799 1521 866 1577 ad
899 1520 1116 1587 Jobum,
1151 1521 1335 1576 Severi
1363 1522 1546 1592 potius
1573 1538 1695 1577 esse
1720 1536 1885 1592 qnam
1917 1521 2220 1578 Severiani.

1618 1658 1886 1714 Severiani
1927 1662 2044 1716 alii.

290 1774 622 1830 Severianus
650 1775 706 1827 in
738 1771 918 1827 Africa
944 1771 1235 1842 episcopus
1258 1780 1311 1826 et
1352 1769 1636 1826 confessor
1657 1771 1760 1826 sub
1785 1769 2098 1828 Genserico.
2137 1773 2274 1830 Vide
2315 1775 2567 1846 Prosperi
2609 1777 2905 1835 Chronicon
2948 1797 3000 1851 ρ.
3047 1782 3170 1844 746,
3203 1781 3358 1836 Aetio
3402 1777 3447 1835 II

215 1876 274 1922 et
307 1866 607 1938 Sigisvutlo
647 1880 792 1920 coss.
835 1863 921 1933 (A.
955 1863 1016 1918 C.
1050 1863 1203 1933 457.)
1239 1893 1308 1904 -
1345 1862 1500 1916 Alius
1546 1861 1873 1919 Severianus
1900 1865 1956 1918 in
1986 1864 2171 1920 Africa
2215 1868 2520 1938 episcopus,
2567 1872 2662 1940 qui
2712 1871 2958 1926 interfuit
2991 1872 3220 1928 concilio
3255 1869 3446 1925 Sardi-

211 1961 368 2014 censi
419 1959 483 2013 A.
527 1951 653 2012 517.
699 1986 768 1996 —
811 1953 1037 2009 Necnon
1083 1954 1525 2010 Ceramussensis
1570 1953 1754 2008 itidem
1800 1954 2113 2021 Africanus,
2164 1962 2257 2028 qui
2295 1961 2542 2016 interluit
2589 1964 2867 2018 collationi
2899 1964 3155 2035 Carthag.
3191 1979 3280 2018 an.
3317 1961 3444 2018 411.

215 2051 382 2106 Fuit.
431 2048 753 2119 Martyrium
792 2047 1094 2120 Severiani,
1125 2046 1496 2116 conscriptum
1530 2060 1561 2099 a
1595 2046 1861 2116 Symeonc
1893 2047 2276 2118 hletaphraste,
2333 2056 2389 2106 in
2429 2053 2551 2108 cod.
2603 2054 2721 2109 XVI
2796 2053 3030 2110 Vindob.
3063 2071 3148 2108 nr.
3187 2053 3273 2106 12.
3315 2051 3442 2106 Vid.

213 2141 468 2198 Lambec.
505 2141 645 2205 VIII,
676 2157 796 2211 pag.
839 2139 965 2203 506,
997 2154 1150 2208 seqq.
1180 2145 1233 2191 ct
1260 2138 1391 2191 Acta
1442 2148 1676 2192 sanctor.
1710 2141 1776 2194 ad
1825 2140 1880 2194 d.
1925 2140 1956 2195 9
1991 2140 2138 2212 Sept.
2193 2155 2323 2199 tom.
2358 2145 2444 2208 III,
2485 2163 2541 2217 p.
2590 2147 2695 2202 555
2737 2155 2791 2202 et
2833 2146 2962 2203 560.
2990 2177 3061 2189 --
3099 2147 3163 2202 Et
3215 2148 3282 2202 de
3315 2145 3442 2202 cod.

211 2229 448 2287 Vindob.
486 2229 630 2295 XIX,
660 2245 744 2284 nr.
779 2228 833 2292 6,
874 2228 990 2282 Vid.
1027 2227 1217 2282 Lamb.
1250 2226 1382 2282 ibid.
1421 2242 1540 2297 pag.
1582 2227 1704 2294 567,
1741 2228 1924 2298 ibique
1957 2244 2068 2289 not.
2103 2234 2306 2289 Kollar.
2345 2265 2410 2276 ο-
2441 2236 2496 2291 In
2541 2238 2674 2291 bibl.
2708 2238 2910 2293 Bodlei.
2955 2254 3040 2293 nr.
3072 2239 3196 2303 9.85,
3226 2256 3272 2295 s.
3309 2242 3440 2298 cod.

213 2322 352 2387 CVI,
387 2320 476 2384 10,
513 2318 826 2376 Cromwell.
854 2347 924 2358 —
957 2314 1197 2371 Florent.
1239 2315 1294 2369 in
1336 2317 1457 2370 cod.
1503 2315 1761 2374 Laurent.
1800 2321 1919 2385 XX,
1957 2323 2011 2385 8,
2065 2326 2200 2393 plut.
2252 2324 2339 2387 11,
2381 2324 2434 2378 d.
2485 2327 2516 2380 9
2568 2325 2714 2395 Sept.
2761 2326 3036 2381 diversum
3074 2328 3143 2381 ab
3192 2329 3338 2382 edito
3386 2330 3442 2384 in

212 2421 333 2474 Act.
394 2413 495 2470 SS.
535 2413 600 2466 ad
628 2413 833 2468 dictum
860 2411 1023 2465 diem.
1056 2409 1177 2463 Vid.
1200 2408 1429 2463 Bandin.
1463 2407 1584 2464 Cat.
1607 2411 1759 2467 codd.
1795 2413 1886 2470 Cr.
1920 2415 2083 2470 Laur.
2115 2419 2158 2479 I,
2189 2433 2308 2487 pag.
2343 2417 2464 2472 5M.
2495 2448 2564 2458 ——
2593 2421 2651 2471 In
2678 2418 2797 2472 cod.
2829 2416 3214 2473 Mazariniano.
3235 2448 3302 2458 —
3323 2417 3441 2473 Vita

213 2511 507 2570 Mediolani
538 2509 593 2563 in
625 2507 748 2563 cod.
775 2505 1177 2570 Ambrosiano;
1205 2535 1276 2544 —
1315 2504 1370 2558 in
1403 2503 1526 2560 cod.
1573 2504 1871 2576 Sfortiano,
1902 2510 1969 2566 de
1995 2511 2192 2581 quibus
2225 2511 2335 2566 vid.
2376 2511 2746 2566 Montfaucon.
2783 2511 2924 2565 Bibl.
2969 2512 3208 2566 biblioth.
3248 2529 3441 2566 manu-

210 2611 556 2676 scriptarum,
587 2617 710 2671 pag.
749 2598 877 2662 504,
919 2597 1021 2651 702
1053 2607 1106 2651 et
1133 2596 1288 2650 1515.
1325 2595 1523 2668 Hann]

287 2699 637 2758 Severianus,
672 2692 871 2745 Africae
895 2690 1210 2761 proconsul,
1242 2691 1402 2760 cuius
1432 2693 1661 2748 virtutes
1685 2694 1925 2763 impense
1959 2690 2140 2744 laudat
2165 2688 2424 2758 Apuleius
2457 2688 2510 2740 in
2542 2686 2797 2745 Floridis.

287 2791 638 2852 Severianus,
673 2785 1088 2856 Aphrodisiadis
1116 2785 1169 2837 in
1201 2783 1360 2838 Caria
1390 2789 1700 2856 episcopus,
1730 2787 1824 2857 qui
1855 2784 2099 2840 interfuit
2127 2784 2358 2837 concilio
2385 2781 2986 2850 Constantinopolitano
3017 2798 3108 2836 an.
3139 2782 3266 2838 555.

287 2882 639 2942 Severianus,
675 2875 1002 2932 Arethusins
1059 2876 1112 2928 in
1151 2873 1306 2945 Syria
1340 2876 1652 2947 episcopus,
1681 2878 1776 2948 qui
1824 2875 2148 2944 subscripsit
2194 2873 2437 2942 epistolae
2474 2874 2655 2926 missae
2684 2871 2752 2926 ad
2794 2873 3088 2926 concilium
3127 2873 3442 2930 Constanti-

215 2975 588 3060 nopplitanum
618 2969 720 3024 sub
751 2967 904 3023 Mena
941 2983 1028 3020 an.
1057 2966 1180 3021 556.

287 3050 617 3120 ὃέηετίίιηυε
649 3059 989 3122 Damascius,
1021 3056 1323 3111 eruditione
1360 3065 1414 3112 et
1443 3054 1630 3110 critica
1667 3053 1826 3109 laude
1867 3052 2112 3122 insignis,
2146 3052 2306 3120 cujus
2345 3067 2375 3106 e
2407 3050 2694 3106 Damascio
2723 3053 2970 3107 melllinit
3005 3053 3204 3114 Suidas
3250 3059 3306 3113 in
3332 3061 3440 3114 Νό-

214 3171 335 3226 μος,
371 3161 424 3207 et
453 3148 800 3221 Σεὸηριανὸς.
833 3146 1058 3200 Photius
1100 3144 1222 3198 cod.
1257 3160 1478 3211 CCXLII;
1550 3144 1716 3207 Zeno,
1750 3144 2076 3213 imperator,
2113 3158 2352 3198 sunnnas
2393 3143 2492 3210 ipsi
2537 3142 2810 3211 pollicitus
2861 3152 2946 3198 est
3003 3145 3316 3217 dignitates,
3368 3154 3438 3220 si,

213 3246 560 3301 ethnicorum
607 3239 994 3310 superstitione
1033 3238 1244 3300 relicta,
1275 3237 1624 3292 Christianus
1669 3236 1784 3291 fieri
1818 3237 1981 3291 vellet
2011 3254 2025 3290 :
2062 3235 2205 3305 quod
2242 3236 2330 3289 ille
2364 3237 2560 3290 renuit.

284 3334 670 3407 [Severianus,
699 3327 1264 3401 episc.Caralitanus,
1296 3330 1383 3384 cui
1416 3330 1467 3384 in
1498 3330 1620 3384 cod.
1652 3327 1832 3383 Oxon.
1867 3329 1948 3398 (ut
1975 3329 2134 3398 paulo
2164 3334 2289 3381 ante
2321 3327 2720 3398 adnotavimus)
2767 3343 2945 3383 sermo
2975 3328 3047 3384 De
3075 3331 3438 3394 innocentibus

211 3428 551 3485 attribuitur.
583 3421 783 3496 HABL.]

287 3521 617 3577 Severianus
652 3513 974 3572 Galialensis
1003 3513 1058 3568 in
1097 3512 1271 3568 Gallia
1300 3510 1611 3581 episcopus,
1644 3523 1805 3577 quem
1838 3507 1988 3584 aiunt
2019 3505 2187 3562 fuisse
2217 3514 2342 3561 ante
2374 3507 2609 3562 medium
2642 3509 2826 3564 saeculi
2860 3527 2940 3576 Ill,
2985 3521 3039 3568 et
3084 3516 3345 3573 celebrari
3387 3521 3444 3575 in

210 3619 543 3692 quibusdam
579 3612 976 3685 Martyrologiis
1000 3610 1073 3665 25
1119 3609 1344 3664 Januar.
1383 3606 1442 3660 Ei
1477 3615 1606 3661 sunt
1657 3607 1747 3674 qui
1789 3604 2033 3658 tribuant
2080 3618 2385 3658 sermonem
2415 3602 2487 3656 De
2529 3604 2848 3688 paralytico,
2875 3609 2968 3678 qui
2999 3617 3081 3665 est
3125 3611 3267 3667 inter
3299 3613 3442 3672 Petri

213 3707 537 3780 Cbrysologi
570 3719 849 3760 sermones
888 3703 1392 3774 quinquagesimus.
1426 3699 1623 3768 Incipit
1653 3718 1665 3752 :
1717 3696 1988 3753 Christum
2019 3697 2073 3750 in
2102 3697 2347 3750 humanis
2383 3696 2612 3752 artibus.
2643 3699 2798 3754 Alius
2830 3699 3158 3760 Severianus
3187 3705 3242 3759 in
3270 3706 3442 3764 Gallia

210 3806 508 3876 episcOpus
542 3799 866 3871 subscripsit
894 3798 1128 3854 concilio
1159 3795 1434 3866 Regicnsi,
1470 3810 1559 3848 an.
1591 3793 1721 3849 459.

286 3900 545 3975 [Jacobus
576 3897 906 3954 Severianus
941 3894 1010 3950 de
1037 3891 1343 3962 disciplinis
1367 3889 1556 3952 variis,
1579 3889 1764 3943 Romae
1795 3887 1850 3942 in
1881 3888 2002 3943 cod.
2027 3885 2342 3942 monasterii
2371 3886 2872 3958 Cryplte-Ferratat,
2910 3899 3048 3950 teste
3072 3894 3444 3955 Montfaucon.

214 3999 272 4054 in
304 3996 443 4052 Bibl.
483 3993 781 4048 bibliothec.
815 3990 1305 4059 manuscriptarum
1343 3986 1384 4051 l,
1417 4001 1542 4056 pag.
1574 3985 1696 4040 200.
1728 3983 1926 4055 Hann]

285 4092 464 4148 Julius
521 4085 872 4151 Severianus,
900 4087 1105 4150 rhetor,
1134 4084 1202 4139 de
1246 4097 1355 4153 quo
1396 4081 1506 4136 dixi
1547 4081 1601 4134 in
1633 4079 1774 4135 Bibl.
1807 4078 2002 4133 Latina
2046 4075 2180 4131 med.
2213 4086 2263 4131 et
2287 4076 2382 4143 inf.
2419 4085 2508 4130 art.
2537 4076 2705 4133 Fusa.
2742 4077 2800 4134 In
2856 4080 2942 4134 ed.
2984 4080 3155 4138 Mansi
3191 4091 3321 4140 tom.
3355 4084 3445 4150 IV,

211 4201 270 4256 ν.
294 4185 418 4239 205.
459 4183 599 4238 Add.
632 4180 762 4238 Julii
813 4180 1088 4236 Severiani
1129 4178 1443 4250 Syntomata
1475 4175 1752 4230 rhetorices
1776 4217 1790 4238 ,
1839 4190 1934 4245 per
1971 4172 2174 4227 Lucam
2244 4171 2591 4238 Fruterium,
2625 4175 2897 4244 Antwerp.
2931 4176 3089 4243 I589,
3134 4178 3188 4240 8,
3238 4181 3291 4234 in
3340 4191 3449 4235 cat.

208 4274 457 4329 biblioth.
506 4271 812 4335 Leidensis,
844 4287 966 4341 pag.
991 4270 1116 4325 270.
1147 4300 1216 4309 -—
1256 4267 1384 4324 Julii
1439 4267 1628 4323 Sever.
1679 4266 1813 4321 De7
1859 4264 2152 4333 disciplinis
2199 4263 2326 4319 libet
2399 4280 2500 4319 ms.
2552 4267 2608 4320 in
2657 4267 2690 4320 4
2738 4266 2982 4321 Perizon.
3033 4268 3276 4325 Leidens.
3326 4271 3446 4329 Vid.

213 4366 386 4420 catal.
417 4364 547 4418 bibl.
575 4364 667 4418 cit.
715 4379 769 4432 p.
809 4361 934 4428 494,
968 4376 1053 4415 nr.
1087 4362 1175 4424 11,
1205 4368 1260 4414 et
1291 4357 1462 4414 Oxon.
1515 4359 1573 4412 in
1605 4357 1726 4414 cod.
1759 4357 1821 4412 C.
1865 4356 2077 4427 collegii
2114 4354 2372 4426 Corporis
2420 4353 2646 4420 Christi,
2679 4358 2793 4411 sive
2848 4374 2934 4412 nr.
2972 4359 3138 4425 1567,
3186 4373 3292 4417 cat.
3322 4382 3447 4419 mss.

213 4458 446 4529 Anglitz,
477 4466 580 4544 etc.
616 4457 663 4521 I,
701 4454 757 4519 2,
789 4469 909 4526 pag.
940 4453 1032 4508 5|.
1069 4451 1265 4524 Hann]

285 4591 364 4663 (a)
405 4589 705 4652 Severiani,
755 4603 786 4642 a
830 4587 1031 4644 Severo
1082 4587 1354 4663 monacho
1397 4587 1686 4663 nominati,
1722 4586 1778 4641 in

212 4657 483 4716 haereticis
507 4676 632 4714 saec.
655 4675 708 4713 γι
737 4667 1111 4713 numerantur.
1143 4658 1450 4712 Secundum
1485 4657 1774 4712 Montfauc.

211 4732 352 4786 Bibl.
389 4731 628 4784 biblioth.
681 4739 898 4799 msstar.
945 4745 1066 4799 pag.
1105 4729 1244 4799 A645.
1289 4729 1349 4780 In
1401 4728 1532 4799 bibl.
1570 4727 1772 4781 Bodlei.

211 4811 468 4871 excerpta
499 4817 566 4854 ex
598 4796 1058 4871 PliilOpoti_i_libro
1095 4797 1172 4871 De
1192 4796 1778 4871 dogmate_Severiano-

211 4889 355 4934 rum,
380 4867 441 4925 et
484 4871 614 4923 ibid.
657 4884 776 4938 pag.
807 4868 933 4938 647,
971 4869 1176 4922 Leontii
1217 4867 1466 4923 monachi
1511 4867 1774 4938 opuscula

212 4944 360 4995 varia
383 4952 569 4993 contra
587 4935 896 5005 Acephalos,
923 4939 1247 4995 Severianos.
1272 4947 1402 4997 etc.,
1422 4953 1482 4990 ac
1507 4935 1628 5006 pag.
1647 4935 1771 4990 777.

213 5012 271 5065 In
289 5011 413 5065 cod.
447 5013 600 5063 card.
633 5008 900 5076 liadulphi
927 5009 1195 5063 Anastasii
1232 5007 1455 5061 Sinaita:
1483 5006 1774 5077 Syntagma

209 5082 621 5149 inscriptiowm
662 5079 853 5149 same;
879 5117 894 5139 ,
943 5087 996 5131 et
1028 5088 1220 5131 contra
1267 5077 1591 5149 Severianus
1617 5081 1775 5149 alios-

207 5167 315 5220 que
352 5145 660 5205 haereticos.
776 5146 1076 5220 Vindobon.
1113 5153 1166 5220 in
1195 5149 1316 5220 cod.
1351 5145 1602 5220 LXXVII,
1623 5148 1776 5220 Abu-

205 5217 354 5276 tiara:
391 5221 694 5274 conl’utalio
727 5218 948 5272 hmresis
982 5217 1400 5286 Aeepltalorunt,
1449 5219 1774 5286 Severiano-

204 5306 356 5354 rum,
388 5291 438 5344 id
471 5298 555 5344 est
607 5287 995 5343 Jacobitarum.
1040 5285 1155 5340 Vid.
1188 5286 1390 5340 Kullar.
1421 5289 1486 5340 ad
1519 5285 1776 5341 Lambec.

203 5357 418 5429 Vlltp.
454 5360 579 5414 1‘92.
606 5389 674 5399 ——
697 5358 772 5414 De
797 5368 943 5429 secta
969 5358 1261 5429 Jacobritar.
1299 5354 1416 5409 Vid.
1449 5357 1774 5429 Assemann.

204 5427 274 5499 Β.
313 5427 381 5483 Ο.
419 5439 553 5482 tom.
595 5430 636 5499 1,
669 5447 723 5499 p.
758 5428 894 5490 624;
931 5428 996 5488 Ιῐ,
1040 5444 1089 5498 p.
1121 5428 1210 5490 67,
1253 5437 1307 5481 et
1351 5436 1480 5480 tom.
1520 5427 1607 5499 Ill,
1651 5443 1773 5499 pag.

203 5498 314 5552 303
344 5516 490 5568 sqq.,
512 5498 639 5557 555.
661 5495 786 5560 579,
812 5499 916 5568 585
941 5495 1061 5566 ειμι.
1092 5509 1224 5557 ctc..
1247 5513 1311 5551 ac
1339 5507 1466 5568 tom.
1496 5495 1564 5550 IV
1591 5495 1776 5551 multis

204 5566 540 5623 Ioeiletem
583 5567 896 5622 Schroeckh
964 5568 1168 5621 christl.
1211 5566 1608 5635 Kirchengesch.
1642 5574 1772 5620 tom.

204 5637 404 5702 XVIII,
446 5653 497 5707 p.
539 5637 797 5707 6'5I_seq.
843 5666 914 5677 --
956 5640 1028 5693 De
1075 5637 1386 5707 Severianis
1431 5636 1558 5707 add.
1589 5638 1780 5707 Asse-

205 5725 401 5766 man.
447 5705 594 5763 Bibl.
638 5705 844 5762 Orient.
876 5716 1010 5763 tom.
1054 5706 1144 5776 III,
1182 5722 1308 5780 pag.
1342 5707 1467 5775 579,
1501 5705 1626 5770 584,
1652 5706 1780 5771 457,

1884 4586 2006 4642 545.
2038 4583 2401 4639 Confutantur
2430 4599 2461 4638 a
2494 4582 2827 4639 Nathauaele
2855 4594 2912 4641 ct
2954 4586 3199 4644 Gabriele
3239 4587 3447 4645 Taura-

1883 4658 1998 4713 tha.
2031 4656 2162 4709 una.
2195 4670 2250 4724 p.
2284 4655 2410 4716 224,
2446 4654 2572 4709 457.
2611 4655 2782 4707 inm.

1952 4724 2027 4794 (b)
2064 4725 2202 4778 Add.
2247 4726 2408 4794 paulo
2439 4734 2561 4778 ante
2603 4725 2670 4779 de
2704 4726 2796 4778 illa
2842 4725 3070 4794 aliisque
3099 4726 3318 4783 ineditis
3350 4729 3449 4784 ho-

1882 4796 2051 4866 miliis
2095 4796 2373 4866 adnotata.
2410 4794 2468 4848 In
2496 4796 2813 4866 'I'heodoriti
2844 4797 3072 4864 dialogis
3118 4798 3311 4866 fragm.
3350 4800 3448 4855 Se-

1882 4865 2109 4918 veriani.
2168 4863 2286 4917 Vid.
2344 4880 2530 4934 supra,
2581 4867 2686 4919 vol.
2728 4864 2866 4928 VIII,
2920 4863 3144 4934 p.891.
3189 4863 3258 4906 -'—
3316 4866 3452 4922 Fra-

1880 4945 2096 5004 gmenta
2123 4935 2177 4988 in
2209 4933 2493 5003 permultis
2533 4945 2741 4990 restant
2777 4933 3253 5004 calenisiPatrum
3300 4939 3453 4992 aliis-

1880 5003 1984 5074 Que
2031 5005 2595 5058 collectionibuszsic
2647 5006 2702 5058 in
2752 5005 2875 5058 cod.
2927 5003 3063 5059 CXII
3119 5007 3450 5073 Crothelli,

1879 5089 1941 5150 νίς.Δ
1964 5075 2762 5150 ιιςη291,(ξειι.“ηξεε..ΑῃεΙῇῳ,
2798 5083 2904 5129 etc.
2942 5077 2995 5127 in
3031 5076 3189 5150 codd.
3223 5079 3450 5150 August.

1880 5142 2093 5198 Vindel.
2161 5143 2276 5196 I’itl.
2332 5141 2543 5214 Iieiseri
2585 5141 2758 5198 Indic.
2811 5163 2936 5198 mss.
2986 5161 3035 5214 p.
3088 5147 3120 5199 9
3160 5155 3213 5201 et
3252 5141 3340 5205 59'.
3393 5149 3452 5206 In

1880 5213 2471 5288 ςριιάτ-(Ϊιοίε11η.Ανὲςζ
2501 5213 2794 5288 Mpplfaut}
3028 5216 3190 5270 Coisl.
3218 5234 3337 5288 pag.
3363 5220 3452 5284 41,

1881 5283 1970 5356 ῥξέ,
2013 5285 2102 5349 (i7,
2131 5283 2234 5356 76,
2281 5283 2369 5356 82,
2541 5283 2628 5348 84,
2673 5284 2966 5356 265,26.ί,
3016 5299 3071 5340 ct
3117 5283 3340 5356 sa'pius.
3385 5283 3456 5328 -έ-

1883 5352 2072 5407 Venet.
2129 5354 2182 5406 in
2232 5355 2354 5407 cod.
2417 5353 2677 5407 Mareian.
2736 5353 2849 5408 Vitl.
2907 5358 3081 5409 (Intcl.
3139 5352 3293 5412 εοὲιιι.
3358 5358 3450 5412 Cr.

1885 5423 2058 5478 Marc.
2092 5439 2214 5495 pag.
2255 5426 2342 5495 17.
2383 5425 2464 5478 bis
2502 5435 2556 5478 et
2585 5423 2674 5485 ἀεὶ,
2722 5433 2775 5478 et
2813 5427 2912 5478 t'el.
2948 5426 3152 5481 Morelli
3211 5433 3264 5482 in
3309 5428 3453 5482 Bibl.

1885 5505 2042 5547 msta.
2077 5493 2170 5548 Gr.
2205 5503 2253 5548 et
2289 5493 2410 5547 Lat.
2467 5495 2504 5556 I,
2555 5510 2608 5562 p.
2652 5495 2720 5548 50
2758 5503 2809 5548 et
2859 5495 2946 5548 52.
2991 5527 3062 5536 —
3111 5496 3348 5552 Floreat.
3399 5499 3456 5552 in

1883 5566 2040 5617 codd.
2077 5564 2329 5618 Laurent.
2385 5564 2500 5616 νᾶα.
2533 5563 2760 5618 Bandin.
2791 5563 2907 5618 Cat.
2945 5567 3095 5619 codd.
3117 5567 3452 5630 Cr.Laur.I,

1930 5634 2081 5704 .102.
2101 5636 2365 5704 23,505.
2389 5635 2514 5695 545,
2543 5651 2626 5687 nr.
2663 5635 2787 5687 1.-
2812 5647 2868 5687 In
2898 5639 3018 5690 cod.
3046 5638 3300 5692 Mazarin.
3335 5637 3453 5693 νέα.

1946 5705 2191 5767 ontl.,—-
2216 5705 2357 5760 Bibl.
2399 5704 2633 5760 biblioth.
2660 5719 2787 5759 mss.
2815 5734 2886 5745 —
2925 5720 3049 5778 pag.
3087 5709 3248 5765 1509.
3280 5707 3455 5764 Hm.
