3878 6300
467 293 537 352 13
1103 327 1106 331 ·
1507 291 1870 350 SEVERIANI
1909 290 2332 348 GABALORUM
2372 292 2678 369 EPlSCOPl
3623 301 3693 358 16

541 406 889 474 Severianus,
929 408 1248 482 Pelagianus
1290 411 1574 482 episcopus
1599 453 1613 478 ,
1639 411 1796 482 cujus
1838 411 1981 468 ﬁlius
2020 412 2268 484 Agricola
2295 412 2349 467 in
2396 413 2642 482 Angliam
2686 411 2918 468 haeresin
2965 413 3113 468 illam
3157 413 3362 478 intulit.
3404 424 3463 472 ut
3501 429 3689 474 narrat

469 497 703 569 Prosper
747 499 815 556 ad
847 516 934 554 an.
974 501 1098 568 429,
1131 499 1404 557 Florentio
1432 510 1485 558 et
1521 501 1777 574 Dionysio
1821 516 1966 556 coss.

536 593 742 649 Omitto
773 595 1124 651 Severianum
1148 595 1490 666 (Servianum
1519 597 1687 667 aliis),
1713 611 1872 667 quem
1911 596 2072 665 paulo
2099 605 2387 669 antequam
2431 606 2756 664 moreretur,
2788 596 3062 654 Adrianus
3100 599 3276 654 occidi
3317 599 3484 669 jussit
3510 615 3687 654 nona-

465 686 768 756 genarium,
816 694 954 742 teste
983 686 1184 747 Dione;
1228 703 1436 742 necnon
1467 687 1839 750 Severianum,
1885 684 2119 752 Gallum,
2165 688 2500 758 temporibus
2528 685 2692 741 Marci
2742 687 3001 742 Antonini
3041 702 3240 743 caesum
3271 689 3525 743 omnibus
3553 702 3684 743 cum

465 777 640 846 c0piis
679 778 748 833 ab
775 776 1068 849 Othryade,
1109 777 1396 834 Persarum
1437 779 1596 844 duce,
1638 778 1705 833 de
1742 793 1850 848 quo
1875 775 2150 833 Lucianus
2189 779 2244 833 in
2293 777 2596 847 Alexandro
2636 777 3055 843 Pseudomante,
3085 787 3216 834 tom.
3257 779 3296 847 l,
3332 795 3386 850 p.
3410 779 3510 834 764
3533 795 3687 851 seqq.

472 931 3690 963 τζετζ-Μ

1226 1063 1987 1183 SEVERIANI
2068 1062 2930 1180 GABALITANI

841 1277 964 1367 IN
1017 1277 1416 1368 MUNDl
1496 1275 2268 1370 CREATIONEM
2326 1277 3010 1374 ORATIONES
3080 1284 3303 1376 SEX

864 1449 993 1507 Vide
1017 1452 1156 1507 inter
1185 1451 1357 1524 Opera
1391 1452 1448 1510 S.
1480 1451 1704 1510 Joannis
1729 1451 2090 1525 Chrysostomi
2114 1463 2307 1510 nostra:
2334 1457 2598 1524 editionis,
2626 1460 2881 1517 volumine
2916 1461 3011 1530 VI,
3048 1465 3150 1519 col.
3181 1465 3303 1521 429.

1435 1589 1628 1646 Exstat
1667 1589 1799 1659 Opp.
1835 1590 2217 1662 Chrysostomi,
2243 1601 2366 1647 toni.
2404 1591 2524 1658 III,
2557 1595 2661 1650 col.
2689 1583 2813 1649 495.

496 1671 3682 1724 _'._'——‘————'-————————-——-———_——-——g

1568 1753 1926 1816 EIUSDEM
1969 1753 2239 1814 SERMO
2281 1755 2387 1815 DE
2428 1746 2654 1817 PACE.

1259 2001 1617 2064 EJUSDEM
1678 2003 1988 2064 ORATIO
2047 2001 2155 2063 DE
2214 2001 2624 2064 SERPENTE
2659 2003 2921 2065 IENEO.

1852 2101 1974 2156 Vide
2007 2101 2160 2166 ibid.,
2182 2101 2286 2156 col.
2319 2101 2445 2159 499.

470 2237 3636 2275 __________._.__._________________

1325 2345 1706 2408 MONITUM
1755 2345 1834 2405 ΙΝ
1880 2343 2296 2405 HOMILIAM
2329 2343 2830 2418 SEQUENTEM.

1379 2467 1750 2531 (Gaummvet.
1779 2467 1918 2515 Patr.
1946 2463 2072 2515 Bibi.
2098 2464 2224 2526 XIV,
2249 2464 2497 2528 Append.,
2518 2480 2568 2528 p.
2595 2465 2726 2531 H5.)

535 2573 710 2648 Quam
739 2573 830 2648 hic
851 2583 1306 2648 representamus
1353 2571 1651 2648 hominem.
1674 2569 1742 2648 _in
1768 2567 2070 2648 Epiphania
2115 2567 2331 2648 Domini
2381 2568 2566 2648 habita
2595 2577 2698 2635 est,
2724 2570 2839 2628 sive
2867 2571 3364 2648 constantinopoli,
3394 2577 3508 2633 sive
3546 2579 3692 2648 apud

464 2637 722 2708 Gabalos,
753 2643 867 2700 sive
898 2637 1060 2719 etiam
1098 2644 1244 2719 alibi.
1271 2637 1839 2719 OstendiLChristum
1873 2637 2139 2719 omnibus
2181 2641 2364 2719 omnia
2390 2637 2627 2719 factum,
2660 2657 2851 2719 omnes
2907 2643 3164 2700 Ecclesia:
3195 2637 3397 2719 gradus
3436 2663 3535 2703 suo
3567 2637 3694 2702 in“-

467 2730 598 2770 nere
625 2726 680 2770 et
707 2715 1010 2769 mconomia
1029 2712 1444 2784 condecorasse.
1495 2709 1786 2784 Eleganter
1815 2724 1883 2762 ex
1915 2708 2190 2784 vaticinia
2209 2708 2509 2784 Ezechielis
2539 2709 2836 2781 Baptistam
2879 2730 3134 2784 magnum
3179 2708 3412 2772 Jsteudit
3452 2725 3691 2772 ascetain

478 2793 534 2857 et
567 2795 743 2857 vatem
794 2785 893 2853 (a),
925 2786 1138 2857 aliaque
1170 2783 1339 2857 multa
1371 2782 1544 2857 oratio
1592 2781 2009 2857 continet,_qu§c
2049 2779 2285 2857 hominis
2325 2779 2633 2857 ingeniunf
2656 2791 2709 2857 _et
2748 2779 3126 2857 dexteritatem
3172 2787 3227 2840 in
3274 2788 3695 2857 interpretandis

470 2852 771 2928 Scripturis
801 2848 1208 2928 commendant.
1236 2851 1554 2928 lllud_e_tiam
1585 2859 1809 2928 apparet
1831 2848 2245 2928 .(b).rSeveriani_
2285 2851 2620 2928 temporibus
2655 2851 2709 2906 in
2742 2855 2929 2928 vigilia
2959 2856 3273 2928 Epiphania:
3307 2873 3338 2911 a
3362 2848 3591 2928 vespera,
3623 2859 3693 2912 ad

468 2919 693 3000 multam
719 2923 831 2993 jam
872 2925 1026 3000 diem
1043 2920 1552 3000 vigilatuiuhiuisse,
1585 2920 1751 3000 animi
1796 2919 1992 2990 pietate
2033 2923 2283 2991 corporis
2327 2919 2666 2976 debilitatem
2707 2919 2984 2980 vincente.
3005 2919 3178 2984 'Hanc
3209 2944 3426 3000 quoque
3449 2919 3516 2984 ex
3549 2927 3698 2983 Mos-

471 2990 771 3066 quensibus
797 2994 956 3050 codd.
988 2990 1172 3050 Grece
1185 2993 1365 3072 edidit
1393 2990 1720 3045 Matthteius.

537 3104 614 3178 (a)
639 3106 800 3178 Num.
825 3107 911 3172 10,
940 3108 1024 3163 lt.

545 3175 620 3248 ib)
651 3179 730 3235 Ex
760 3177 866 3235 ﬁne
893 3193 1045 3234 num.
1089 3175 1178 3232 Η.

1379 3415 2768 3594 ΣΕΒΕΡΙΑΝΟΥ

1707 3669 2104 3724 ΕΠΙΣΚΟΠΟΥ
2142 3669 2460 3723 ΓΑΒΑΛΩΝ
3217 3685 3230 3691 ί

933 3821 1510 3958 ΛΟΓΟΣ
1584 3823 1844 3950 ΕΙΣ
1919 3815 2143 3946 ΤΑ
2217 3816 2398 3951 ΘΙ

1707 3823 1844 3950 [Σ
1919 3815 2143 3946 ΤΑ
2217 3753 3222 3954 ΘΕΟΦΑΝΙΑ(”.

477 4143 1492 4310 SEVERIANI
1585 4142 2757 4303 GABALORUM
2835 4146 3704 4306 EPISCOPI

827 4397 1415 4531 ORATIO
1505 4397 1663 4520 IN
1742 4398 2001 4520 DEI
2099 4391 3340 4523 APPARITIONEM.

540 4691 581 4747 1.
623 4681 1083 4759 Aperiaturhodie
1104 4694 1265 4735 omne
1287 4693 1351 4732 os
1374 4675 1440 4731 ad
1462 4675 1792 4746 loquendum
1813 4675 1878 4730 de
1891 4676 2025 4741 Deo,
2065 4699 2104 4750 Α
2203 4683 2277 4734 Αν.
2306 4680 2396 4732 Ἀν

1707 4692 1792 4730 um
1813 4675 1878 4730 de
1891 4676 2025 4741 Deo,
2065 4699 2104 4750 Α
2203 4683 2277 4734 A'.
2306 4678 2626 4748 ’Δνοιγέσοω
2651 4679 2887 4750 σήμερον
2913 4679 3018 4732 πᾶν
3042 4679 3216 4747 στόμα
3247 4679 3382 4748 πρὸς
3405 4677 3710 4746 θεολογίαν,

471 4791 524 4839 et
555 4781 734 4836 laudet
765 4777 942 4833 omnis
976 4773 1152 4828 oratio
1203 4786 1327 4826 eum
1371 4769 1465 4840 qui
1513 4769 1580 4824 de
1626 4770 1780 4824 caelis
1831 4770 2035 4824 aﬂ'ulsit
2140 4773 2232 4825 καὶ
2266 4772 2398 4841 ἀνυμ

1707 4770 1780 4824 :lis
1831 4770 2035 4824 aﬂ'ulsit
2140 4773 2232 4825 καὶ
2266 4771 2566 4841 ἀνυμνείτω
2612 4772 2718 4834 πᾶς
2756 4769 2910 4837 λόγος
2952 4770 3041 4823 τὸν
3091 4769 3150 4832 ἐξ
3195 4767 3438 4838 οὐρανῶν
3476 4765 3716 4838 ἐπιλάμ-

475 4875 618 4930 Deus
646 4872 882 4927 Verbum
905 4887 918 4936 ;
944 4883 1101 4922 omne
1123 4880 1184 4921 os
1211 4866 1484 4935 loquatur,
1509 4862 1684 4916 omnis
1713 4862 1896 4932 lingua
1920 4878 2036 4932 pro-
2139 4863 2314 4933 ψαντα
2331 4863 2398 4914 Θε

1713 4862 1896 4932 lingua
1920 4878 2036 4932 pro-
2139 4863 2314 4933 ψαντα
2331 4861 2463 4914 Θεὸν
2491 4861 2661 4929 Λόγον
2679 4872 2695 4888 ⁸
2721 4862 2827 4914 πᾶν
2854 4860 3026 4930 στόμα
3050 4859 3296 4922 λαλείτω,
3325 4859 3472 4911 πᾶσα
3489 4856 3717 4926 γλῶσσα

473 4966 708 5025 nuntiet,
739 4961 916 5017 omnis
959 4960 1138 5012 anima
1171 4957 1401 5012 choreas
1441 4966 1582 5027 agat,
1614 4955 1807 5024 psallat
1859 4955 2036 5008 omnis
2143 4952 2398 5023 φθεγγέσ(

1707 4955 1807 5007 llat
1859 4955 2036 5008 omnis
2143 4952 2480 5023 φθεγγέσθω,
2518 4954 2664 5005 πᾶσα
2701 4951 2844 5022 ψυχὴ
2886 4950 3174 5021 χορευέτω,
3213 4951 3359 5002 πᾶσα
3386 4951 3419 5019 ἡ
3457 4949 3530 5017 γῆ
3579 4948 3720 5016 ψαλ-

474 5067 640 5113 terra.
673 5053 838 5108 llodie
866 5065 1144 5106 sermones
1174 5048 1312 5103 lucis
1339 5047 1392 5100 in
1435 5047 1522 5101 die
1568 5047 1704 5101 lucis
1735 5047 1872 5102 lilios
1901 5046 2036 5100 lucis
2144 5043 2300 5096 λέτω.
2353 5043 2398 5094 Σ·

1735 5047 1872 5102 lilios
1901 5046 2036 5100 lucis
2144 5043 2300 5096 λέτω.
2353 5043 2597 5113 Σήμερον
2641 5042 2786 5109 λόγοι
2833 5042 3010 5110 φωτὸς
3055 5042 3113 5094 ἐν
3160 5039 3342 5112 ἡμέρᾳ
3373 5039 3548 5107 φωτὸς
3585 5043 3719 5101 τοὺς

477 5146 768 5199 illustrant.
799 5135 1115 5195 Consonent
1141 5137 1458 5191 cmlestibus
1488 5143 1700 5191 terrena
1728 5153 1742 5202 ;
1776 5138 2038 5208 hymnum
2147 5137 2294 5198 υἱοὺς
2339 5151 2398 5187 το

1728 5153 1742 5202 ;
1776 5138 2038 5208 hymnum
2147 5137 2294 5198 υἱοὺς
2339 5133 2432 5187 τοῦ
2481 5133 2655 5203 φωτὸς
2698 5133 3160 5204 καταλάμπουσιν.
3201 5131 3563 5202 Συμφωνείτω
3602 5135 3721 5194 τοῖς

478 5237 661 5292 dicant
691 5250 813 5288 cum
847 5231 1139 5287 virtutibus
1172 5245 1336 5300 supra
1369 5229 1552 5282 orbem
1588 5228 1781 5298 positis
1823 5243 1885 5283 ea
1919 5243 2040 5297 qua:
2148 5227 2398 5297 ἐπουρανὲ

1711 5229 1781 5283 tis
1823 5243 1885 5283 ea
1919 5243 2040 5297 qua:
2148 5227 2488 5297 ἐπουρανίοις
2542 5224 2609 5278 τὰ
2656 5225 2906 5292 ἐπίγεια·
2937 5224 3172 5294 ὑμνείτω
3207 5221 3346 5293 μετὰ
3387 5221 3495 5276 τῶν
3545 5222 3719 5292 ὑπερ-

479 5331 534 5384 in
566 5327 697 5383 orbe
733 5326 1005 5380 visuntur.
1051 5324 1357 5392 Apparente
1400 5321 1545 5375 enim
1603 5320 1852 5385 veritate,
1881 5319 1932 5372 id
1957 5326 2043 5374 est
2147 5318 2386 5388 κοσμίων

1707 5320 1852 5385 itate,
1881 5319 1932 5372 id
1957 5326 2043 5374 est
2147 5318 2386 5388 κοσμίων
2408 5317 2684 5386 δυνάμεων
2717 5314 2783 5368 τὰ
2808 5316 2864 5367 ἐν
2896 5312 2973 5384 τῷ
3011 5313 3198 5382 κόσμῳ
3234 5313 3549 5382 φαινόμενα.
3569 5312 3700 5380 Ἀλη

479 5418 685 5475 caelesti
721 5431 862 5487 rege,
893 5422 1102 5484 oportet
1140 5411 1426 5467 universos
1456 5411 1776 5480 conspirare
1807 5411 1860 5464 in
1889 5425 2058 5464 com-
2148 5408 2296 5472 Θείας
2343 5409 2398 5478 γὲ

1707 5426 1776 5464 tre
1807 5411 1860 5464 in
1889 5425 2058 5464 com-
2148 5408 2296 5472 Θείας
2343 5409 2450 5479 γὰρ
2497 5405 2853 5476 ἐπιφανείσης
2906 5404 3002 5458 καὶ
3053 5401 3315 5473 βασιλέως
3369 5398 3716 5470 ἐπουρανίου,

481 5525 697 5566 munem
731 5507 942 5563 Domini
971 5507 1348 5560 universorum
1390 5501 1812 5558 confessionem.
1840 5501 2043 5557 Christi
2149 5503 2354 5564 πάντας
2387 5500 2398 5552 i

1707 5519 1812 5558 cm.
1840 5501 2043 5557 Christi
2149 5503 2354 5564 πάντας
2387 5499 2467 5553 δεῖ
2495 5499 2818 5571 συνδραμεῖν
2853 5498 2932 5562 είς
2967 5495 3154 5552 κοινὴν
3182 5495 3274 5549 τοῦ
3303 5494 3571 5547 Aemo-:00
3603 5491 3718 5546 τῶν

552 5661 630 5738 (1)
668 5662 745 5717 Ex
783 5661 904 5719 cod.
939 5663 1114 5732 Mosq.
1148 5660 1275 5724 271,
1308 5659 1363 5715 in
1402 5661 1457 5715 4ο
1499 5658 1752 5714 Biblioth.
1805 5656 1906 5713 SS.
1961 5655 2174 5730 synodi.
2205 5653 2398 5708 MATTH

1707 5659 1752 5712 li.
1805 5656 1906 5713 SS.
1961 5655 2174 5730 synodi.
2205 5653 2495 5708 Murum.
