3878 6346
199 375 264 434 17
1262 367 1520 424 ORATIO
1559 367 1624 422 IN
1661 367 1772 424 DEI
1807 363 2332 423 APPARITIONEM.
3107 397 3110 400 ~
3356 365 3428 423 18

199 487 450 542 ἁπάντων
505 481 814 553 ὁμολογίαν.
873 479 1110 552 Χριστοῦ
1165 484 1466 554 παρουσία,
1519 483 1770 555 ἀληθινοῦ

1886 493 1952 540 is!
1976 483 2257 548 adventus,
2281 479 2392 536 veri
2421 479 2642 536 luminis
2663 487 2746 535 est
2767 477 3074 550 praesentia.
3101 475 3300 532 Christi
3327 477 3430 534 ad-

199 577 372 648 φωτὸς
396 575 687 646 ἐπιδημία.
719 574 954 646 Χριστοῦ
1001 573 1288 647 παρουσία,
1316 577 1417 648 τῆς
1450 577 1768 648 οἰκουμένης

195 668 374 738 πάσης
419 664 728 736 εὐεργεσία.
783 663 1017 734 Χριστοῦ
1072 666 1378 736 παρουσία,
1425 667 1520 720 τοῦ
1571 666 1770 730 παντὸς

195 759 400 828 κόσμου
443 755 748 828 ἐλευθερία.
785 757 1019 829 Χριστὸς
1069 757 1406 828 ἀνυμνεῖται,
1435 758 1530 812 καὶ
1571 759 1773 829 κόσμος

195 851 500 916 ἁγιάζεται.
527 849 763 920 Χριστὸς
785 848 1135 920 κηρύττεται,
1159 851 1253 903 καὶ
1284 853 1316 921 ὴ
1347 850 1636 921 οἰκουμένη
1670 869 1776 920 φω-

195 943 426 1007 τίζεται.
449 940 687 1012 Χριστὸς
715 940 1188 1010 περιαγγέλλεται,
1220 943 1314 996 καὶ
1341 945 1488 996 πᾶσα
1515 943 1660 1016 ψυχὴ
1683 945 1776 998 τὸν

195 1035 443 1106 οὐράνιον
483 1032 650 1084 πόθον
683 1031 1261 1100 ὲνδύεται.Ἐγγυᾶταί
1297 1051 1396 1104 μου
1432 1033 1522 1088 τὸν
1555 1035 1706 1105 λόγον
1741 1037 1774 1106 ἡ

199 1125 363 1192 πεῖρα
387 1119 496 1174 τῶν
531 1119 900 1192 πραγμάτων.

265 1213 340 1266 B'.
385 1213 531 1283 Ὅρα
569 1213 680 1284 γάρ
717 1230 807 1282 μοι
835 1212 934 1284 τὴν
960 1212 1238 1286 θεοπρεπῆ
1270 1213 1471 1287 ταύτην
1511 1215 1610 1285 τῆς
1651 1217 1776 1269 Ἐκ-

197 1303 430 1372 κλησεας
479 1303 836 1368 κατάστασιν,
884 1305 984 1376 ὅρα
1033 1303 1121 1358 τοῦ
1175 1306 1424 1376 οὐρανίου
1473 1307 1634 1361 πόθου
1679 1307 1776 1379 τὴν

197 1395 460 1450 ἄσϐεστον
483 1394 746 1466 λαμπάδα
769 1411 786 1426 ο
817 1396 918 1466 ὅρα
947 1395 1040 1448 τοῦ
1071 1395 1320 1466 σώματος
1338 1397 1435 1467 τὴν
1462 1397 1621 1466 φύσιν
1653 1415 1778 1452 συν-

197 1485 554 1556 ακμάζονσαν
605 1489 671 1560 τῇ
721 1485 826 1539 τῶν
859 1488 1102 1555 ἀγγέλων
1131 1487 1775 1562 λειτουργίᾳ.Ἀνθρωποι

197 1575 306 1628 ἀπὸ
338 1575 445 1644 γῆς
472 1576 649 1640 ὄντες,
685 1577 780 1629 καὶ
803 1576 906 1646 γῆν
934 1576 1228 1642 οἰκοῦντες,
1257 1579 1350 1630 καὶ
1373 1579 1780 1650 ἀποστρεφόμε-

199 1681 300 1728 νοι,
335 1667 448 1728 τοῖς
473 1665 747 1735 οὐρανίοις
771 1666 1203 1736 συναμιλλῶνται
1225 1667 1428 1738 νόμοις.
1447 1669 1778 1740 Ἠρνήσαντο

197 1755 292 1808 τοῦ
333 1756 590 1827 σώματος
621 1758 718 1828 τὴν
743 1757 922 1826 φύσιν,
959 1757 1211 1825 ἐδέξαντο
1257 1759 1366 1812 τῶν
1408 1761 1649 1829 ἀγγέλων
1679 1762 1776 1832 τὴν

199 1845 580 1916 λειτουργίαν·
638 1845 860 1916 τοιαύτη
916 1847 1024 1917 γὰρ
1075 1849 1108 1918 ἡ
1149 1847 1441 1918 Ἐκκλησία
1484 1848 1577 1902 τοῦ
1620 1849 1772 1903 Θεοῦ.

199 1935 559 1996 Πολιτεύεται
590 1937 687 2008 μὲν
711 1937 804 1990 ἐπὶ
831 1938 930 2006 τῆς
955 1937 1079 2006 γῆς,
1107 1938 1259 2003 τάξιν
1287 1937 1344 1992 δὲ
1371 1939 1482 2010 ἔχει
1513 1941 1776 2012 οὐρανίων

201 2029 546 2098 πραγμάτων
581 2029 682 2100 (2).
715 2029 780 2082 Τί
809 2029 968 2102 ἔργον
992 2031 1100 2084 τῶν
1134 2033 1190 2085 ὲν
1218 2034 1464 2104 οὐρανοῖς
1495 2034 1778 2103 ἀγγέλων;

201 2120 260 2172 τὸ
287 2119 366 2190 τῷ
399 2119 520 2190 Θεῷ
545 2119 898 2193 λειτουργεῖν.
925 2123 987 2175 Τί
1017 2122 1176 2196 ἔργον
1201 2124 1308 2178 τῶν
1339 2127 1431 2178 ἐπὶ
1459 2127 1560 2198 γῆς
1582 2126 1775 2193 ὁσίωνς

199 2211 260 2263 τὸ
293 2211 390 2264 τὸν
421 2210 556 2264 Θεὸν
577 2208 963 2283 ἀνυμνεῖν.⁷Ων
985 2214 1165 2270 τοίνυν
1199 2216 1456 2286 ὁμότιμος
1487 2219 1520 2289 ἡ
1548 2217 1780 2292 λειτουρ-

199 2303 316 2371 γία,
343 2302 610 2373 ὁμότιμος
637 2305 731 2358 καὶ
765 2308 798 2376 ή
825 2303 968 2371 ἀξία.
995 2307 1096 2360 Διὰ
1127 2309 1280 2360 τοῦτο
1312 2310 1340 2361 ό
1377 2311 1644 2382 μακάριος
1673 2314 1778 2364 Δα-

201 2394 290 2446 ειδ
319 2397 424 2468 τὴν
457 2397 836 2467 πνευματικὴν
875 2399 1307 2470 ἀνακρουόμενος
1342 2401 1528 2472 λύραν,
1565 2403 1656 2456 καὶ
1688 2403 1778 2457 τὸν

203 2490 473 2558 σωτήριον
513 2489 614 2558 τῆς
657 2488 934 2558 θεολογίας
966 2491 1352 2563 ἀνακηρύττων
1377 2493 1542 2565 ὕμνον
1573 2495 1776 2566 ἔλεγεν,

201 2571 278 2635 ὡς
320 2574 526 2646 ἀρτίως
571 2575 947 2648 ὐπεψάλλομεν
967 2595 980 2607 ·
1023 2579 1074 2630 Ὁ
1120 2579 1261 2646 Θεὸς
1293 2580 1410 2634 τῶν
1450 2582 1778 2653 δυνάμεων,

201 2666 578 2736 ἐετίστρεείόν
621 2669 800 2739 ἡμᾶς,
847 2673 946 2725 καὶ
997 2673 1292 2743 ἐπίφανον
1339 2676 1402 2728 τὸ
1459 2677 1780 2746 πρόσωπόν

201 2774 340 2824 σου,
383 2760 484 2814 καί
517 2765 930 2833 σωθησόμεθα.

277 2942 352 2997 Γ’,
399 2944 626 2997 Οὐδέπω
652 2946 964 3020 ἀπήντησεν
1011 2951 1038 3002 ό
1084 2949 1333 3020 βασιλεὺς
1357 2955 1454 3024 τῆς
1477 2951 1652 3022 δόξης,
1687 2953 1780 3008 καὶ

201 3035 254 3088 οἱ
292 3035 598 3107 πρόδρομοι
630 3041 731 3110 τῆς
772 3040 1048 3110 βασιλείας
1079 3045 1375 3116 ἐκήρυττον
1411 3046 1686 3116 λέγοντεςσ
1728 3048 1782 3100 Ὁ

201 3127 538 3195 ποιμαίνων
585 3131 693 3183 τὸν
737 3131 996 3201 Ἰσραὴλ,
1033 3137 1340 3204 πρόσχες..
1371 3139 1524 3204 Εἰπὲ,
1555 3133 1599 3192 ὦ
1643 3140 1784 3210 Προ-

203 3218 372 3288 φῆτα,
405 3220 716 3292 τηλαυγῶς,
744 3224 772 3278 ὂ
795 3225 974 3296 λέγεις
994 3241 1008 3255 ⁸
1052 3229 1363 3299 σαφήνισον,
1407 3231 1434 3284 ὃ
1474 3231 1777 3304 κηρύττεις.

1873 583 2086 638 ventus,
2115 575 2263 630 orbis
2314 575 2480 628 totius
2510 571 2854 628 beneﬁcium.
2879 568 3084 625 Christi
3122 569 3430 640 praesentia,

1877 669 2044 722 totius
2090 676 2144 723 et
2190 668 2376 722 mundi
2423 666 2694 721 liberatio.
2748 661 3000 718 Christus
3046 661 3329 728 laudatur,
3375 671 3432 719 et

1875 759 2110 814 mundus
2143 759 2512 815 sanctiﬁcatur
2547 775 2560 810 :
2596 756 2846 811 Christus
2887 753 3228 824 praedicatur,
3255 761 3308 809 et
3345 762 3431 810 to-

1876 861 1964 908 tus
2008 853 2160 908 orbis
2206 853 2562 908 illuminatur.
2593 849 2844 905 Christus
2885 849 3426 914 circumenuntiatur,

1874 954 1927 1000 et
1956 945 2132 1000 omnis
2162 944 2339 998 anima
2375 943 2594 998 caeleste
2631 940 2959 996 desiderium
2999 939 3196 993 induit.
3229 937 3432 993 Vadem

1878 1036 1982 1090 mei
2009 1035 2278 1091 sermonis
2309 1051 2430 1090 sese
2463 1047 2644 1088 rerum
2685 1032 2889 1104 praebet
2916 1031 3269 1101 experientia.

1945 1213 2008 1268 ll.
2048 1213 2295 1279 Attende,
2333 1221 2410 1278 tu,
2441 1211 2574 1265 mihi
2601 1209 2742 1264 enim
2777 1209 2918 1263 hanc
2967 1209 3074 1263 Deo
3120 1207 3307 1276 utique
3349 1205 3434 1262 di-

1877 1321 2036 1376 gnam
2061 1303 2316 1360 Ecclesia:
2337 1303 2778 1358 constitutionem
2801 1317 2816 1366 ;
2841 1299 3056 1355 attende
3085 1299 3322 1354 cccleStis
3343 1299 3438 1354 de-

1877 1397 2059 1454 siderii
2089 1395 2580 1466 inexstinguibilem
2617 1393 2958 1462 lampadem;
2988 1389 3205 1444 attende
3236 1403 3431 1458 corpo.

1875 1489 1952 1543 ris
1983 1497 2230 1542 naturam
2251 1502 2374 1542 cum
2401 1485 2646 1556 angelico
2670 1482 2972 1538 ministerio
2993 1496 3101 1536 una
3130 1481 3436 1535 clarescen-

1876 1587 2006 1634 tcm.
2039 1578 2294 1635 Homines
2311 1579 2406 1649 qui
2428 1577 2492 1632 de
2515 1585 2659 1633 terra
2688 1583 2836 1640 sunt,
2859 1581 2912 1629 et
2942 1583 3140 1628 terram
3166 1571 3434 1634 incolunt,

1875 1673 2078 1728 morosi
2106 1672 2456 1742 caeteroquin,
2489 1669 2600 1739 jam
2630 1682 2754 1722 cum
2775 1664 3092 1721 caelestibus
3115 1669 3328 1742 certant
3355 1661 3440 1718 in-

1876 1766 2114 1832 stitutis;
2147 1741 2482 1834 abnegarnnt
2509 1761 2754 1830 corporis
2783 1766 3052 1820 naturam,
3080 1741 3440 1825 susceperunt

1879 1857 2180 1928 angelicum
2210 1854 2572 1910 ministerium
2611 1871 2623 1905 :
2655 1848 2966 1919 hujusmodi
3021 1857 3106 1903 est
3156 1847 3302 1902 enim
3335 1843 3442 1900 Ec-

1878 1947 2043 2002 clesia
2075 1944 2190 2002 Dei.
2223 1944 2612 2013 Municipatum
2643 1941 2864 2012 quidem
2898 1938 3058 1994 habet
3080 1939 3132 1991 in
3156 1945 3322 2003 terra,
3343 1935 3440 1990 sed

1878 2037 2123 2094 ordinem
2157 2045 2335 2092 servat
2365 2035 2670 2091 caelestium
2702 2047 2947 2103 operum.
2977 2029 3260 2097 Quodnam
3299 2042 3442 2099 opus

1878 2140 1962 2187 est
1989 2130 2046 2186 in
2080 2131 2234 2186 cmlis
2266 2127 2622 2202 angelorum?
2665 2125 2778 2182 Deo
2821 2125 3150 2181 ministrare.
3181 2122 3246 2178 Et
3273 2121 3446 2192 quod.

1878 2239 2002 2278 nam
2033 2238 2168 2292 opus
2193 2229 2504 2276 sanctorum
2545 2221 2600 2274 in
2643 2218 2822 2273 terra?
2867 2215 3034 2272 Deum
3065 2214 3320 2272 laudibus
3356 2211 3442 2268 ef-

1881 2314 2042 2369 ferre.
2081 2313 2322 2380 Quorum
2371 2328 2501 2384 ergo
2550 2312 2666 2382 pari
2715 2311 2974 2382 dignitate
3001 2317 3254 2366 censetur
3281 2308 3444 2364 mini-

1881 2405 2125 2464 sterium.
2153 2403 2272 2474 pari
2296 2403 2455 2457 etiam
2491 2400 2752 2472 dignitate
2796 2398 3130 2456 censendum
3164 2405 3248 2455 est
3279 2397 3445 2454 meri-

1879 2503 2016 2552 tum.
2075 2494 2368 2566 Propterea
2412 2493 2606 2549 beatus
2637 2490 2806 2546 David
2837 2491 3173 2562 spiritualem
3215 2489 3444 2561 pulsans

1881 2591 2072 2661 lyram,
2105 2595 2160 2643 et
2201 2586 2494 2642 salutarem
2535 2584 2796 2654 evulgaus
2823 2581 3128 2638 divinitatis
3155 2581 3442 2653 hymnum,

1881 2683 2114 2744 dicebat,
2160 2681 2304 2737 sicut
2335 2693 2510 2749 nuper
2536 2679 2902 2749 psallebamus
2933 2696 2947 2732 :
2981 2677 3121 2731 Deus
3165 2676 3441 2742 uirtutum,

1880 2765 2114 2828 converte
2153 2789 2277 2837 nos,
2317 2780 2366 2827 et
2413 2771 2622 2826 ostende
2665 2771 2852 2842 faciem
2897 2779 3064 2836 tuam,
3112 2777 3162 2823 et
3192 2768 3450 2824 'salvabi—

1881 2883 1999 2920 mur
2018 2868 2058 2922 ⁸.

1951 2960 2042 3014 Ill.
2081 2958 2330 3014 Nondum
2361 2965 2674 3012 occurrerat
2701 2969 2798 3012 rex
2826 2955 3030 3026 gloriae,
3059 2960 3114 3010 et
3138 2967 3448 3024 praecurso-

1881 3069 1970 3110 res
2001 3053 2150 3124 rcgni
2184 3051 2570 3122 praedicabant,
2592 3050 2838 3104 dicentes
2867 3067 2880 3103 :
2907 3048 3016 3115 Qui
3039 3048 3212 3117 pascis
3246 3045 3444 3111 Israel,

1884 3145 2146 3200 allende’.
2196 3143 2312 3210 Dic,
2343 3158 2376 3197 ο
2405 3140 2696 3211 Propheta,
2744 3142 2979 3198 dilucide
3016 3142 3160 3212 quod
3191 3141 3310 3206 ais;
3351 3139 3448 3195 de-

1885 3239 2033 3293 clara
2067 3235 2210 3308 quod
2239 3235 2523 3306 praedicas.
2555 3233 2726 3301 Quem
2773 3241 3045 3304 pastorem
3077 3231 3260 3286 dicis?
3291 3229 3450 3285 multi

213 3314 436 3368 ὀποῖον
499 3317 757 3406 ποιμέναν
785 3317 1001 3389 λέγεις;
1062 3321 1245 3375 πολλοὶ
1294 3322 1400 3394 γὰρ
1447 3325 1781 3396 ὲποίμαινον.

1887 3328 2030 3384 enim
2057 3329 2374 3398 pascebant.
2405 3325 2619 3398 Moyses
2649 3335 2837 3397 pastor
2865 3335 3004 3391 erat,
3047 3323 3228 3380 Aaron
3261 3331 3451 3406 pastor

200 3406 452 3478 Ηωῦῆς
491 3407 692 3480 ποιμὴν
727 3404 814 3480 ἦν,
833 3411 1044 3484 Ἀαρὼν
1090 3413 1294 3486 ποιμὴν
1330 3411 1786 3486 ἦν.Ἑποίμανες

201 3499 334 3566 τὰρ,
371 3501 528 3570 φησὶ,
572 3501 681 3555 τὸν
722 3505 878 3558 λαόν
921 3521 1038 3560 σου
1093 3506 1163 3560 ἐν
1217 3506 1366 3576 χειρὶ
1413 3505 1640 3576 Μωῦσῆ
1687 3507 1784 3561 καὶ

215 3591 451 3658 Ἀαρών.
487 3593 700 3666 Ποιμήν
736 3591 804 3666 ἦν
847 3596 940 3650 καὶ
969 3599 998 3650 ό
1023 3598 1217 3650 Δαϐίδ·
1262 3598 1614 3662 Ἐξελέξατο
1655 3599 1784 3668 γὰρ,

1884 3430 2020 3477 erat.
2062 3419 2268 3474 Pavisti
2309 3419 2468 3484 enim,
2515 3419 2710 3490 inquit,
2738 3418 2986 3489 populum
3022 3426 3170 3472 tuum
3199 3417 3254 3471 in
3289 3429 3452 3470 manu

1851 3581 1854 3584 ν
1885 3511 2089 3584 Hoysis
2115 3523 2164 3566 et
2192 3514 2374 3568 Aaron
2389 3514 2430 3570 ³.
2461 3514 2658 3573 Pastor
2687 3529 2906 3584 quoque
2930 3520 3048 3567 erat
3075 3509 3244 3566 David
3273 3529 3287 3564 ι
3322 3507 3452 3563 Ele-

1884 3607 1960 3676 git
1985 3605 2144 3668 enim,
2172 3606 2368 3675 inquit,
2401 3623 2606 3661 servum
2631 3621 2784 3659 suum
2819 3619 3028 3672 pascere
3049 3601 3216 3656 Iacob
3245 3611 3452 3656 servum

201 3684 390 3752 φησιν,
432 3683 545 3736 τὸν
594 3685 819 3740 δοῦλον
855 3688 1040 3742 αὐτοῦ
1073 3689 1409 3758 ποιμαίνειν
1448 3688 1649 3744 Ἰακὼϐ
1681 3690 1781 3744 τὸν

1886 3714 2059 3762 suum,
2085 3707 2134 3754 et
2159 3696 2332 3754 Israel
2353 3698 2718 3754 hazreditatem
2743 3711 2896 3750 suam
2913 3695 2954 3752 ⁵.
2977 3694 3089 3750 Cur
3117 3707 3245 3764 ergo
3269 3692 3452 3762 appel-

201 3773 432 3828 δοῦλον
458 3775 668 3841 αὐτοῦ,
704 3777 802 3831 καί
844 3779 1076 3847 Ἰσραὴλ
1112 3778 1226 3846 τὴν
1251 3781 1660 3850 κληρονομίαν
1689 3781 1787 3834 αὑ-

1889 3791 2091 3846 latione
2123 3792 2358 3861 pastoris
2391 3793 2633 3846 occultas
2661 3790 2978 3860 dignitatem
3021 3785 3322 3841 enuntiati?
3347 3782 3454 3839 De-

199 3867 328 3921 τοῦ.
353 3868 423 3920 Τί
451 3869 634 3923 τοίνυν
662 3873 728 3942 τῇ
756 3871 1098 3944 προσηγορίᾳ
1121 3867 1214 3926 τοῦ
1243 3874 1498 3944 ποιμένος
1525 3873 1781 3947 κρύπτεις

1889 3883 1980 3937 ﬁni
2011 3883 2317 3946 manifeste,
2347 3882 2491 3952 quod
2539 3881 2640 3936 ais.
2675 3881 2832 3935 Clara
2873 3887 2928 3934 ct
2965 3876 3252 3933 inconfusa
3303 3883 3455 3932 utere

199 3959 302 4030 τὴν
345 3959 506 4024 ἀξίαν
547 3961 642 4014 τοῦ
692 3965 1228 4036 καταγγελλομένου;
1262 3965 1490 4037 διόρισαι
1526 3967 1731 4035 σαφῶς,
1761 3966 1781 4020 ὃ

1887 3977 2142 4046 praeconii
2191 3991 2344 4031 voce.
2393 3974 2539 4030 Dicis
2574 3973 2722 4038 :Qui
2765 3972 2938 4043 pascis
2972 3971 3165 4037 Israel,
3212 3968 3452 4025 attende'

203 4050 385 4119 λέγεις
405 4069 420 4084 ·
451 4055 697 4126 εὐκρινεί
742 4058 838 4110 καὶ
879 4057 1168 4128 ἀσυγχύτῳ
1197 4057 1398 4130 χρῆσαι
1425 4061 1490 4129 τῇ
1523 4061 1670 4130 φωνῇ
1695 4058 1788 4112 τοῦ

205 4143 588 4215 κηρύγματος.
641 4146 869 4216 Λέγεις·
921 4149 974 4201 '0
1025 4151 1353 4219 ποιμαίνων
1389 4149 1495 4204 τὸν
1531 4149 1788 4218 Ἰσραὴλ,

203 4237 506 4304 πρόσχες*
541 4241 576 4292 ὁ
609 4238 844 4310 ὁδηγῶν
887 4241 1030 4296 ὡσεὶ
1069 4243 1364 4310 πρόϐατον
1395 4242 1504 4296 τὸν
1540 4241 1750 4311 Ἰωσήφ
1771 4260 1788 4276 ο

201 4329 232 4380 ό
259 4327 318 4381 δὲ
349 4331 561 4400 ποιμὴν
609 4332 822 4386 οὐδέπω
865 4335 1126 4405 κηρύττει
1171 4333 1264 4388 τοῦ
1312 4333 1646 4405 μηνυομένου
1691 4334 1789 4406 τὴν

203 4419 364 4486 ἀξίαν
389 4421 481 4474 διὰ
506 4422 606 4492 τὴν
633 4424 770 4494 πρὸς
802 4423 992 4489 ἄλλους
1023 4425 1283 4496 ποιμένας
1309 4426 1646 4496 ὁμωνυμίαν.

269 4515 348 4568 Δ’.
397 4515 464 4568 Τί
496 4511 624 4580 οὖν;
652 4517 861 4570 οὐδέπω
882 4519 1108 4588 ἐνόησας
1134 4517 1232 4588 τὴν
1262 4515 1438 4582 ἀξίαν,
1467 4517 1662 4588 φησίν;
1693 4534 1791 4570 σα-

1888 4071 1978 4140 qui
2002 4069 2150 4124 ducis
2176 4069 2312 4124 velut
2340 4083 2482 4122 avent
2505 4065 2700 4136 Joseph
2717 4067 2759 4120 ⁵.
2779 4067 2848 4118 At
2876 4074 3064 4135 pastor
3091 4061 3319 4120 necdum
3347 4075 3440 4115 ma

1892 4162 2146 4219 nifestam
2177 4161 2310 4218 facit
2333 4161 2453 4232 ejus
2476 4161 2568 4231 qui
2601 4159 2848 4214 innuitur
2871 4157 3210 4229 dignitatem,
3236 4161 3457 4227 propter

1891 4255 2331 4311 communionem
2366 4253 2604 4310 nominis
2629 4267 2753 4308 cum
2783 4251 2996 4308 caneris
3022 4249 3358 4322 pastoribus.

1966 4517 2054 4574 IV.
2096 4519 2235 4585 Quid
2283 4519 2452 4589 ergo?
2483 4518 2716 4574 necdum
2769 4515 3106 4581 intellexisti,
3137 4513 3333 4584 inquit,
3371 4511 3458 4568 di-

204 4607 418 4676 φηνίζω
443 4625 526 4661 σοι
557 4608 658 4679 τὴν
688 4609 960 4678 ἀλήθειαν.
977 4612 1032 4662 Ὀ
1061 4609 1394 4676 καθήμενος
1417 4609 1516 4662 ἐπὶ
1545 4609 1664 4664 τῶν
1690 4627 1781 4679 χε-

1894 4611 2196 4682 gnitalem?
2225 4610 2518 4668 manifesto
2549 4611 2646 4666 tibi
2675 4611 2977 4668 veritatem.
3003 4607 3104 4675 Qui
3136 4607 3281 4661 sedes
3308 4619 3460 4673 super

199 4701 440 4768 ρουϐἳμ,
460 4701 780 4770 ἐμφάνηθι,
796 4701 1095 4772 ἐξέγειρον
1118 4703 1232 4771 τὴν
1257 4701 1622 4757 δυναστείαν
1648 4719 1781 4768 σου,

1893 4703 2181 4770 cherubim,
2215 4719 2407 4773 appara
2429 4719 2448 4758 :
2477 4704 2652 4757 excita
2684 4710 3008 4772 potentatum
3057 4709 3222 4759 tuum,
3257 4703 3306 4750 et
3347 4695 3461 4750 veni

203 4791 302 4843 καὶ
349 4791 496 4846 ἐλθὲ
537 4795 628 4858 εἰς
665 4794 736 4848 τὸ
771 4793 966 4848 σῶσαι
1007 4794 1184 4864 ἡμᾶς.
1218 4794 1379 4867 Ὁρᾷς
1420 4794 1538 4858 πῶς
1574 4795 1790 4850 ἃπασαν

203 4877 530 4950 ἐγύμνωσεν
579 4879 671 4933 τοῦ
721 4882 1196 4954 προφητευομένου
1236 4881 1332 4953 τὴν
1385 4880 1570 4948 ἀξίαν;
1607 4881 1788 4953 Ὁρᾷς,

205 4973 326 5037 πῶς
353 4973 433 5044 τῷ
467 4973 730 5045 βασιλικῷ
757 4975 852 5028 καὶ
873 4975 1226 5047 ὐπερκοσμίῳ
1255 4975 1426 5046 θρόνῳ
1449 4976 1538 5028 τὸν
1567 4974 1790 5045 βασιλέα

205 5063 306 5131 τῆς
335 5063 500 5136 δόξης
524 5067 861 5138 ἀπήγγειλεν
899 5067 1211 5136 ἐποχεῖσθαι
1243 5066 1302 5120 τὸ
1331 5066 1463 5134 νῢν;
1504 5067 1664 5122 Ὅθεν
1697 5067 1790 5122 καὶ

205 5157 236 5208 ό
267 5157 460 5230 Σωτὴρ
505 5159 838 5212 ὲπιόεόαιῶν
868 5158 960 5211 τοῦ
994 5159 1280 5229 Προφήτου
1329 5158 1424 5229 τὴν
1469 5159 1790 5231 πρόρρησιν,

207 5243 310 5316 βοᾷ
341 5247 432 5300 διὰ
469 5249 570 5320 τῆς
602 5249 964 5320 εὐαγγελικῆς
999 5249 1250 5320 χάριτος·
1298 5248 1443 5320 Ἐγώ
1469 5252 1584 5319 είμι
1612 5254 1644 5304 ὁ
1673 5267 1794 5305 ποι-

199 5339 335 5406 μὴν
359 5343 394 5392 ὀ
413 5345 622 5408 καλός.
639 5341 860 5414 Ἐπειδὴ
887 5341 994 5414 γὰρ
1019 5342 1094 5406 ὡς
1113 5343 1407 5416 ἄνθρωποι,
1435 5345 1619 5415 φησὶν,
1646 5343 1793 5413 λογι-

1892 4791 1962 4847 ad
2017 4790 2328 4848 saluandam
2375 4809 2470 4847 nos
2490 4794 2530 4848 ⁸.
2596 4791 2788 4848 Viden’
2829 4789 3102 4862 quomodo
3147 4785 3460 4840 universam

1891 4884 2240 4954 explic'averit
2274 4884 2576 4955 prophetati
2600 4881 2950 4954 dignitatem?
2975 4878 3163 4934 Viden’
3187 4875 3462 4948 quomodo

1891 4977 2044 5047 regio
2085 4984 2138 5031 et
2166 4977 2464 5032 mundanis
2501 4976 2666 5030 rebus
2697 4973 3004 5029 sublimio'ri
3035 4972 3240 5026 throno
3275 4967 3462 5038 gloriae

1894 5073 2074 5140 regem
2100 5083 2246 5124 nunc
2276 5069 2547 5124 invectum
2577 5065 2940 5122 nuntiaverit?
2969 5065 3316 5135 Quapropter
3335 5060 3460 5116 Sal-

1892 5169 2051 5215 vator
2086 5175 2304 5231 quoque
2337 5159 2669 5216 conﬁrmans
2696 5158 2981 5229 Prophetas
3031 5155 3458 5228 praedictionem,

1894 5253 2094 5308 clamat
2129 5270 2226 5325 per
2257 5255 2622 5326 evangelicum
2657 5255 2886 5326 gratiam
2921 5274 2934 5309 :
2975 5251 3086 5324 Ego
3121 5268 3237 5306 sum
3278 5256 3464 5319 pastor

1897 5343 2119 5401 bonus".
2143 5344 2280 5411 Quia
2309 5347 2476 5413 enim,
2507 5346 2707 5418 inquit,
2745 5353 3002 5416 tanquam
3028 5343 3276 5398 homines
3303 5337 3464 5393 ratio-

205 5431 298 5483 κοὶ
331 5431 425 5484 τὸν
457 5433 590 5487 Θεὺν
629 5435 732 5488 οὐκ
769 5434 1062 5506 ἐπέγνωτε,
1092 5435 1196 5492 κᾶν
1227 5437 1302 5500 ὡς
1333 5435 1502 5505 ἄλογα
1549 5437 1781 5508 πρόϐατα

1893 5453 1964 5492 ne
1994 5438 2202 5508 praediti
2252 5437 2417 5496 Deum
2465 5455 2575 5496 non
2624 5438 2944 5511 agnovistis,
2975 5435 3168 5492 saltem
3201 5441 3462 5501 tanquam

205 5523 302 5578 τὸν
337 5527 576 5597 ποιμένα
605 5529 934 5598 γνωρίσατε.

283 5661 300 5734 ξ
347 5659 497 5718 Psal.
529 5679 720 5732 ertx,
748 5667 804 5720 4.
879 5671 900 5700 ⁸
941 5667 1074 5724 ibid.
1133 5668 1188 5722 2.
1265 5667 1288 5700 ³
1323 5666 1470 5724 Psal.
1511 5667 1812 5734 uxvrﬂl.

203 5727 232 5766 "
267 5727 434 5788 Ioan.
467 5750 522 5797 ι,
553 5735 643 5790 Ii.

287 5827 376 5902 (2)
413 5827 578 5888 Forte
601 5833 918 5904 ταγμάτων.

1897 5530 2242 5586 irrationales
2273 5546 2402 5590 oves
2428 5539 2704 5604 pastorem
2745 5529 3044 5602 agnoscite.

1891 5670 1914 5702 ⁸
1951 5667 2098 5728 Psal.
2126 5685 2336 5739 Lxxvn,
2371 5671 2459 5728 7i.
2533 5671 2556 5704 '
2594 5669 2740 5728 Psal.
2798 5681 2956 5722 Lxxrs
2983 5703 2998 5732 ,
3063 5659 3119 5716 2.
3225 5658 3248 5691 ⁸
3303 5652 3442 5712 ibid.
