3878 6300
428 333 503 391 l9
1447 335 1814 394 SEVERIANJ
1854 337 2010 395 GABl

2115 339 2222 396 lRU
2232 338 2280 394 Μ
2319 335 2616 394 EPISCOPI
3587 333 3660 392 20

499 448 560 504 ν.
604 448 801 507 Valens
833 459 1009 508 autem
1039 452 1306 524 Propheta
1333 455 1498 511 etiam
1531 456 1768 512 fructum
1798 467 1984 513 osten-

2156 460 2230 512 E'.
2271 458 2594 529 Βουλόμενοι,
2623 455 2676 512 δὲ
2701 457 2729 509 6
2755 456 3043 528 Προφήτης
3068 454 3159 508 καὶ
3188 454 3278 508 τδν
3304 453 3514 526 καρπδν
3537 455 3662 508 ἑπι-

426 542 556 599 dt-re
589 544 849 600 adventus
875 547 1036 616 hujus
1079 549 1312 617 pastoris
1345 569 1358 602 :
1389 549 1600 617 Excita,
1626 551 1779 614 dixit,
1806 561 1987 620 poten-

428 642 598 686 tatum
629 643 799 701 tuum,
831 645 881 689 et
908 637 1019 690 veni
1067 637 1135 688 ad
1177 637 1489 693 saluandam
1519 657 1612 695 nos
1632 642 1674 696 ⁸.
1708 643 1989 712 Apparitio

425 725 570 777 enim
601 723 922 788 Salvatoris,
957 725 1079 780 fons
1109 727 1275 781 totius
1306 735 1390 782 est
1424 728 1692 784 beneﬁcii.
1727 730 1990 800 Apparuit

427 814 609 884 itaque
641 816 970 886 Redemptor
1000 817 1149 871 orbis
1181 818 1442 882 universi,
1468 821 1650 874 omnia
1684 823 1990 891 suscipiens

430 906 488 959 in
538 923 616 973 se,
646 917 864 976 propter
914 918 1304 978 congruentem
1353 911 1453 966 sibi
1505 913 1823 968 bonitatem.
1855 913 1988 968 Cum

429 999 575 1052 enim
606 999 831 1054 vidisset
865 1003 1044 1054 omnia
1079 1017 1197 1072 quae
1245 1004 1299 1057 in
1347 1004 1663 1061 hominibus
1692 1017 1819 1061 sunt
1866 1021 1990 1062 cor-

429 1092 630 1157 ruisse,
653 1100 708 1146 et
735 1093 1098 1148 sacerdotium
1130 1095 1274 1164 quod
1301 1096 1522 1153 dederat
1547 1097 1756 1164 lsraeli,
1781 1109 1836 1155 et
1864 1116 1990 1170 pro-

429 1183 694 1254 phetiam,
727 1191 782 1240 et
813 1199 1002 1241 omnes
1027 1189 1414 1258 praerogativas
1447 1209 1460 1244 :
1499 1191 1613 1261 ipse
1640 1203 1865 1248 renovat
1899 1208 1993 1264 per

432 1289 494 1330 se
519 1278 692 1346 ipsum
723 1277 866 1331 dona
893 1293 1012 1333 sua.
1046 1279 1336 1346 Quomodo
1359 1284 1519 1337 vero?
1547 1281 1710 1339 Audi.

504 1456 592 1512 Vl.
632 1457 832 1516 Factus
855 1471 940 1516 est
964 1463 1247 1533 prapheta,
1273 1473 1557 1536 postquam
1591 1467 1891 1524 adulterata
1914 1479 1998 1526 est

433 1549 717 1618 prophetia
767 1555 834 1606 ab
880 1551 1140 1623 indignis,
1162 1555 1318 1623 juxta
1362 1556 1507 1626 quod
1559 1559 1822 1628 scriptum
1870 1568 1993 1616 est:

436 1639 755 1711 Propltetam
786 1644 926 1698 vobis
956 1647 1231 1699 suscitabit
1266 1646 1523 1702 Dominus
1554 1648 1695 1704 Deus
1727 1661 1903 1705 noster
1936 1668 2000 1706 ex

435 1734 698 1804 fratribus
727 1738 932 1800 vestris,
959 1739 1092 1791 sicut
1133 1740 1264 1792 me”.
1298 1739 1536 1795 Effectus
1573 1751 1655 1797 est
1701 1745 1996 1814 apostolus,

2091 551 2257 617 δεῖξαι
2289 551 2386 621 τῆς
2415 548 2507 602 τοῦ
2537 546 2790 617 ποιμένος
2822 547 3136 618 ἐπιδημίας·
3173 545 3524 615 Ἐξέγειρον,
3559 564 3664 618 φη-

2095 644 2198 707 σὶν,
2237 641 2350 709 τὴν
2386 640 2747 694 δυναστείαν
2775 657 2912 705 σου,
2943 638 3042 692 καὶ
3074 637 3214 693 ἐλθὲ
3256 641 3342 703 εἰς
3373 638 3435 692 τὸ
3466 635 3664 692 σῶσαι

2095 731 2268 803 ἡμᾶς.
2299 734 2362 785 Ἥ
2404 731 2510 804 γάρ
2548 730 2640 784 τοῦ
2674 731 2921 802 Σωτῆρος
2952 731 3242 799 ἐπιφάνεια
3289 731 3439 801 πηγὴ
3480 730 3664 800 πάσης

2095 826 2722 898 εύεργεσίας.Ἐπεφάνη
2756 824 2933 878 τοίνυν
2975 827 3004 878 6
3048 823 3326 894 λυτρωτὴς
3358 823 3539 892 πάσης
3567 822 3668 891 τῆς

2095 919 2435 991 οἰκουμένης,
2465 919 2640 972 πάντα
2669 916 2951 970 άναλαδὼν
2979 919 3059 980 είς
3082 916 3270 969 ἑαυτὸν
3301 914 3389 968 διὰ
3432 914 3529 985 τὴν
3567 914 3666 966 αὑ-

2095 1012 2173 1082 τῷ
2195 1013 2508 1083 πρέπουσαν
2529 1010 2854 1080 ἀγαθότητα.
2877 1008 3089 1079 Ἐπειδὴ
3111 1008 3218 1079 γὰρ
3242 1004 3378 1060 εἶδεν
3401 1008 3577 1061 πάντα
3593 1004 3667 1058 τὰ

2098 1104 2155 1155 ἐν
2184 1102 2488 1174 ἀνθρώποις
2516 1101 2856 1162 διαπεσόντα,
2883 1101 2978 1153 καὶ
3004 1099 3100 1171 τὴν
3136 1097 3452 1171 ἱερωσύνην,
3478 1098 3546 1166 ἦν
3575 1094 3667 1149 δέ·

2097 1193 2267 1246 δωκεν
2295 1195 2354 1245 ὲν
2379 1191 2455 1263 τῷ
2483 1192 2716 1264 Ἰσραὴλ,
2749 1191 2841 1244 καὶ
2863 1191 2959 1263 τὴν
2993 1191 3345 1263 προφητείαν,
3375 1190 3469 1244 καὶ
3493 1189 3668 1243 πάντα

2101 1283 2166 1336 τά
2202 1283 2473 1354 ἐξαίρετα,
2508 1281 2668 1345 αὑτὸς
2697 1283 3031 1346 ἀνακαινίζει
3059 1282 3124 1336 δι’
3153 1281 3342 1335 ἑαυτοῦ
3375 1282 3443 1335 τά
3472 1278 3668 1335 ἑαυτοῦ

2098 1373 2246 1447 δῶρα
2265 1391 2280 1406 ν
2314 1375 2409 1428 καὶ
2442 1375 2557 1438 πῶς
2584 1391 2598 1438 ;
2632 1375 2850 1428 Ἀκουε.

2173 1467 2260 1532 σι.
2315 1465 2558 1533 Ἐγένετο
2579 1465 2882 1535 προφήτης,
2908 1465 3093 1536 ἐπειδὴ
3119 1465 3372 1537 ὲνοθεύθη
3398 1468 3430 1536 ἡ
3456 1480 3677 1535 προφηο

2101 1557 2221 1610 τεία
2260 1557 2410 1628 παρὰ
2441 1558 2548 1610 τῶν
2577 1558 2824 1625 ἀναξίων,
2853 1557 3034 1622 καθὼς
3071 1558 3400 1630 γέγραπται’
3435 1556 3671 1625 Προφή-

2102 1667 2214 1716 την
2240 1649 2380 1718 ὑμῖν
2403 1649 2736 1714 ἀναστήσει
2758 1650 2970 1717 Κύριος
3009 1653 3042 1703 ό
3079 1649 3222 1716 Θεὸς
3250 1648 3418 1719 ἡμῶν
3442 1649 3511 1701 ἐκ
3550 1645 3673 1700 τῶν

2105 1739 2382 1808 ἀδελφῶν
2415 1737 2600 1808 ὑμῶν,
2631 1741 2709 1806 ὡς
2732 1739 2852 1810 ὲμέ.
2882 1741 3093 1794 Γίνεται
3125 1739 3416 1802 ἀπόστολος
3445 1740 3585 1792 κατὰ
3607 1738 3674 1792 τδ

436 1828 738 1883 secundum
773 1832 916 1899 quod
949 1831 1155 1885 dictum
1183 1842 1264 1886 est
1297 1831 1675 1891 :Considerate
1701 1839 1997 1909 pontiﬁcem

2115 1833 2383 1904 εἰρημένον
2406 1848 2419 1860 ·
2451 1831 2876 1899 Κατανοήσατε
2918 1831 3026 1884 τὸν
3063 1831 3334 1900 ἀρχιερέα
3377 1831 3474 1883 καὶ
3517 1829 3676 1884 ἀπό-ι

435 1927 485 1971 et
510 1920 804 1987 apostolum
829 1922 1115 1975 vocationis
1147 1932 1342 1977 nostra:
1370 1922 1632 1980 Iesum”.
1666 1928 1902 1986 Eﬂ‘ecrus
1922 1941 2006 1988 est

435 2009 602 2064 etiam
639 2011 895 2069 sacerdos
921 2013 1062 2068 sicut
1092 2017 1167 2068 ait
1191 2013 1681 2088 Ilymnographus:
1716 2021 1792 2076 Tu
1826 2041 1880 2079 es
1916 2043 2006 2079 sa-

440 2111 621 2166 cerdos
644 2113 699 2166 in
727 2115 977 2168 saxulum
1005 2117 1287 2170 secundum
1321 2117 1553 2172 ordinem
1573 2114 1919 2172 Melchisedec
1939 2119 2002 2175 “.

438 2203 676 2262 Effectus
718 2217 800 2263 est
841 2225 1058 2279 quoque
1090 2211 1377 2272 diaconus.
1407 2222 1465 2267 ut
1505 2214 1681 2283 inquit
1713 2229 2006 2284 generosus

439 2295 642 2354 Paulus
667 2317 679 2352 :
709 2298 836 2353 Dico
855 2302 992 2354 enim
1014 2300 1280 2358 Christum
1310 2305 1590 2358 diaconum
1623 2305 1818 2374 factum
1844 2306 2010 2374 fuisse

441 2391 855 2446 eircumcisionis
881 2409 974 2461 pro
1004 2395 1220 2450 veritate
1265 2397 1378 2464 Dei,
1413 2397 1481 2450 ad
1525 2398 1856 2467 complendas
1885 2415 2008 2468 pro-

441 2481 714 2536 missiones
738 2494 949 2552 patrum
971 2487 1034 2540 ".
1065 2485 1169 2540 Per
1194 2502 1407 2542 omnem
1448 2489 1612 2558 igitur
1641 2491 1838 2544 transit
1870 2491 2008 2545 ordi-

441 2586 588 2626 nem.
647 2571 884 2628 Eﬁ‘cctus
925 2583 1009 2630 est
1060 2576 1261 2644 pariter
1305 2577 1465 2630 etiam
1514 2577 1701 2630 lector.
1733 2577 2006 2644 Accipiens

439 2663 580 2716 enim
609 2661 806 2716 Isaiam
856 2663 1056 2733 legebat
1077 2665 1140 2730 ",
1184 2665 1327 2719 sicut
1367 2665 1607 2719 declarat
1632 2663 2005 2734 Evangelium,

442 2769 554 2823 quo
591 2755 749 2809 etiam
783 2757 1056 2825 prepheta:
1095 2757 1443 2812 conﬁrmaret
1471 2772 1653 2818 voces,
1689 2767 1743 2812 et
1773 2757 2008 2812 honora-

443 2853 528 2899 ret
561 2845 762 2915 gradus
787 2846 1207 2903 ecclesiasticos.
1239 2846 1360 2902 Fuit
1383 2854 1437 2902 et
1466 2863 1581 2908 rex.
1609 2846 1718 2902 Rex
1742 2848 2004 2916 regum“;

445 2947 506 2992 ut
555 2939 730 3008 inquit
774 2937 1070 2995 Nathanael
1103 2957 1118 2994 :
1151 2939 1230 2994 Tu
1261 2955 1315 2994 es
1353 2937 1529 2994 Filius
1559 2939 1690 3004 Dei;
1726 2949 1782 2992 tu
1814 2957 1868 2994 es
1916 2955 2008 2994 rex

446 3029 620 3085 Israel
641 3031 708 3085 ¹⁸.

518 3203 629 3261 VII.
658 3205 764 3262 Sed
782 3208 923 3264 dicet
944 3207 1176 3265 fortasse
1197 3209 1463 3280 quispiam
1489 3209 1964 3265 circumstantium
1988 3229 2003 3264 :

448 3296 590 3362 Quid
626 3298 790 3368 igitur
825 3299 892 3353 ad
927 3315 1012 3356 me
1040 3300 1308 3356 hominem
1343 3301 1677 3364 saecularem,
1705 3301 1751 3356 si
1779 3301 2009 3372 prophe-

449 3390 580 3445 tiam
633 3398 688 3445 et
733 3392 1092 3462 apostolatum
1139 3401 1193 3447 et
1238 3392 1610 3462 pontiﬁcatum
1637 3393 1888 3448 Christus
1928 3394 2011 3447 in-

450 3479 606 3534 duit?
635 3481 766 3551 quid
794 3482 859 3536 ad
887 3499 974 3540 me
998 3486 1051 3538 in
1083 3483 1329 3539 saeculari
1359 3491 1501 3538 statu
1548 3484 1822 3555 positum?
1851 3483 2013 3538 Maxi-

449 3589 538 3628 me
573 3589 704 3630 vero
731 3585 954 3646 propter
985 3592 1175 3633 omnes
1220 3579 1470 3634 homines
1504 3576 1678 3632 factus
1723 3585 1806 3632 est
1849 3577 2014 3632 homo

453 3663 883 3723 humanissimus
914 3669 1022 3723 ille.
1075 3669 1151 3722 Ac
1190 3668 1237 3723 si
1275 3667 1358 3723 vis
1386 3666 1567 3723 videre
1591 3667 1741 3721 illum
1770 3666 2014 3720 laicalem

453 3766 656 3813 statum
689 3760 976 3817 obeuntem
1010 3771 1225 3831 propter
1251 3770 1326 3822 te,
1360 3770 1550 3832 reputa
1581 3770 1756 3814 tecum
1804 3766 1857 3814 et
1893 3774 2018 3815 con-

455 3851 634 3907 sidera
658 3868 779 3922 quia:
800 3853 912 3922 jam
942 3854 1164 3910 dicenda
1197 3861 1346 3910 sunt.
1378 3851 1508 3907 Sine
1529 3853 1899 3908 controversia
1923 3851 2017 3922 qui

455 3942 693 4013 baptizat
719 3960 896 3999 nonne
929 3947 979 3998 in
1008 3946 1198 4000 ordine
1246 3954 1332 4002 est
1379 3945 1732 4011 sacerdotali;
1764 3944 1855 4015 qui
1889 3959 2020 3999 vero

457 4034 786 4104 baptizatur,
811 4052 990 4092 nonne
1022 4037 1078 4091 in
1121 4038 1301 4092 laicali
1332 4037 1502 4109 gradu
1538 4039 1869 4092 conStitutus
1895 4037 2022 4093 est?

457 4126 690 4184 Attende
721 4127 885 4199 igitur
922 4127 1191 4184 Joannem
1221 4130 1274 4183 in
1306 4129 1478 4200 gradu
1511 4129 1812 4185 sacerdotis
1848 4129 2024 4200 bapti-

459 4226 693 4283 zantem,
721 4225 775 4272 et
817 4215 1094 4273 Christum
1145 4218 1201 4271 in
1245 4218 1424 4272 laicali
1471 4227 1612 4274 statu
1665 4217 2021 4288 baptizatum.

2105 1928 2328 1978 στολον
2377 1923 2484 1992 τῆς
2532 1922 2804 1990 κλήσεως
2845 1922 3013 1992 ἡμῶν
3046 1922 3298 1991 Ἰησοῦν.
3327 1923 3536 1976 Γίνεται
3578 1919 3676 1973 καὶ

2108 2016 2304 2086 ἱερεὺς,
2331 2015 2474 2069 καθά
2501 2033 2660 2086 φησιν
2689 2017 2718 2069 6
2744 2016 3118 2088 Ὑμνογράιρος
3138 2032 3152 2044 ·
3180 2014 3262 2068 Σὺ
3295 2012 3351 2068 εἷ
3374 2013 3561 2082 ἱερεὺς
3589 2015 3678 2080 εἰς

2105 2110 2212 2163 τόν
2256 2108 2441 2163 αἰῶνα
2489 2109 2635 2162 κατὰ
2675 2107 2790 2177 τὴν
2825 2109 2996 2175 τάξιν
3035 2107 3426 2177 Μελχισεδέκ.
3462 2107 3676 2159 Γίνεται

2107 2201 2200 2254 καὶ
2245 2201 2507 2264 διάκονος,
2535 2202 2610 2264 ὣς
2659 2219 2822 2274 φησιν
2874 2203 2901 2254 6
2945 2202 3186 2269 γενναῖος
3235 2198 3475 2261 Παῦλος’
3510 2196 3674 2266 Λέγω

2107 2295 2216 2364 γὰρ
2241 2294 2495 2362 Χριστὸν
2521 2293 2800 2350 διάκονον
2817 2293 3166 2364 γεγενῆσθαι
3184 2288 3502 2362 περιτομῆς
3521 2288 3675 2356 ὑπὲρ

2107 2383 2388 2450 ἀληθείας
2418 2383 2584 2447 Θεοῦ,
2619 2386 2704 2448 εἰς
2734 2382 2798 2435 τὸ
2822 2381 3132 2450 πληρῶσαι
3175 2381 3280 2447 τὰς
3319 2377 3679 2448 ἐπαγγελίας

2108 2477 2227 2530 τῶν
2263 2475 2548 2544 πατέρων.
2581 2475 2677 2537 Διᾷ
2705 2475 2882 2546 πάσης
2910 2471 3000 2527 οὖν
3023 2474 3195 2526 ὁδεύει
3217 2471 3441 2538 τάξεως.
3468 2470 3681 2523 Γίνεται

2109 2568 2270 2621 πάλιν
2325 2569 2416 2620 καὶ
2474 2569 2842 2640 ἀναγνώστης.
2883 2566 3091 2621 Λαϐὼν
3138 2566 3248 2635 γὰρ
3299 2564 3404 2617 τόν
3439 2562 3684 2617 Ἡσαΐαν

2108 2662 2532 2730 ἀνεγίνωσκεν,
2581 2663 2656 2725 ὡς
2707 2661 2945 2714 δείκνυσι
2994 2659 3054 2712 τὸ
3086 2657 3434 2726 Εὑαγγέλιον,
3461 2656 3547 2707 ἵνα
3585 2653 3683 2707 καὶ

2107 2751 2201 2804 τοῦ
2227 2755 2500 2824 προφήτου
2530 2753 2625 2816 τὰς
2648 2753 2830 2822 φωνάς
2861 2733 3154 2822 βεϐαιώσῃ,
3181 2751 3274 2804 καὶ
3317 2749 3413 2819 τῆς
3455 2746 3684 2818 Ἐκκλη-

2111 2843 2231 2907 σίας
2273 2846 2398 2906 τοὺς
2447 2843 2687 2914 βαθμοὺς
2717 2845 2948 2915 τιμήσῃ.
3009 2841 3257 2910 Ἐγένετο
3283 2843 3378 2893 καὶ
3411 2838 3686 2910 βασιλεὺς,

2122 2936 2184 2989 Ὅ
2216 2937 2515 3002 Βασιλεὺς
2554 2935 2672 2989 τῶν
2695 2936 3183 3000 ,ϐασιλευόντων’
3212 2932 3287 2996 ὥς
3316 2950 3480 3003 φησιν
3512 2933 3539 2984 ό
3565 2931 3686 3010 Nat-~

2110 3027 2314 3098 θαναήλ
2336 3045 2348 3056 ο
2377 3027 2460 3081 Σὺ
2493 3023 2600 3080 εῒό
2643 3025 2774 3092 Υἱὸς
2803 3025 2910 3080 τοῦ
2950 3025 3125 3080 Θεοῡο
3153 3024 3233 3078 σὺ
3255 3020 3312 3078 εἷ
3330 3027 3361 3078 o'
3385 3019 3688 3088 ,βασιλεὺς

2109 3117 2215 3172 τοῦ
2258 3116 2519 3184 Ἰσραήλ

2181 3207 2252 3258 Z'.
2308 3205 2444 3258 Ἀλλ’
2468 3207 2584 3276 ἐρεῖ
2625 3221 2709 3269 τις
2745 3204 2872 3268 ἴσως
2918 3204 3022 3257 τῶν
3056 3203 3435 3278 περιεστώτων
3459 3221 3471 3235 ·
3497 3202 3560 3255 Τί
3592 3195 3688 3254 οὖν

2111 3295 2246 3366 πρὸς
2283 3295 2383 3366 ἐμὲ
2427 3294 2518 3348 τὸν
2549 3295 2753 3362 λαῖκὸν,
2785 3297 2833 3348 εί
2879 3295 3212 3367 προφητείαν
3257 3295 3352 3348 καὶ
3385 3290 3689 3362 ἀποστολὴν

2111 3386 2206 3437 καὶ
2229 3383 2638 3457 ἀρχιερωσύνην
2667 3385 2982 3451 ὲνεδύσατο;
3009 3386 3062 3437 τί
3089 3385 3225 3456 πρὸς
3250 3384 3349 3454 ἐμὲ
3377 3383 3467 3436 τὸν
3490 3385 3546 3436 ἐν
3570 3380 3691 3434 λαῖ-

2114 3477 2182 3543 κῇ
2209 3473 2357 3539 τάξει
2381 3475 2820 3546 κατηλεγμένον;
2851 3475 3102 3529 Μάλιστα
3135 3474 3230 3545 μὲν
3252 3473 3341 3526 διὰ
3364 3473 3569 3534 πάντας
3593 3471 3689 3524 άν-

2115 3570 2364 3643 Θρώπους
2415 3570 2637 3640 γέγονεν
2685 3568 2967 3641 ἄνθρωπος
3015 3570 3042 3621 6
3093 3566 3493 3638 φιλάνθρωπος.
3529 3563 3592 3617 Εἰ
3633 3563 3694 3617 δὲ

2118 3661 2296 3733 βούλει
2321 3663 2481 3716 αὑτὸν
2509 3662 2603 3715 καὶ
2630 3660 2818 3714 λαῖκοῦ
2847 3659 3000 3724 τάξιν
3042 3659 3410 3730 ὑπερχόμενον
3455 3657 3578 3710 [δεῖν
3603 3654 3697 3709 διὰ

2119 3756 2199 3822 σὲ,
2230 3755 2517 3826 άνάκρινον
2539 3754 2688 3824 παρὰ
2719 3754 2776 3807 σὲ
2808 3755 2881 3824 (3)
2907 3752 3053 3823 αύτῷ
3083 3753 3175 3806 καὶ
3206 3752 3476 3822 σκόπησον
3498 3749 3564 3802 τὰ
3597 3750 3693 3820 ρη-

2118 3845 2904 3917 θησόμενα.⁰ομολογουμένως
2950 3847 2978 3897 6
3020 3843 3295 3914 βαπτίζων
3317 3845 3416 3895 οὐκ
3448 3844 3506 3894 ὲν
3541 3839 3698 3912 χώρᾳ

2119 3939 2268 3992 ἐστὶν
2321 3937 2414 3991 τοῦ
2449 3936 2657 4009 ἱερέως,
2708 3939 2738 3989 6
2784 3937 2841 3989 δὲ
2888 3934 3299 4005 βαπτιζόμενος,
3329 3933 3428 3985 οὐκ
3459 3932 3516 3984 ἐν
3543 3928 3696 3993 τάξει

2119 4031 2214 4086 τοῦ
2245 4030 2429 4084 λαῖκοῦ
2480 4028 2813 4101 καθέστηκεν
2838 4047 2852 4095 ;
2886 4029 3028 4098 Ὅρα
3051 4023 3144 4081 οὖν
3181 4026 3430 4096 Ἰωάννην
3458 4025 3515 4077 ὲν
3543 4019 3697 4087 τάξει

2124 4125 2313 4198 ἱερέως
2340 4124 2687 4195 βαπτίζοντα,
2716 4122 2918 4176 καὶτὸν
2946 4120 3178 4194 Χριστὸν
3207 4121 3264 4173 ὲν
3291 4117 3698 4189 λαῖκῷ³τάγμαο

2123 4236 2177 4272 τι
2227 4217 2641 4288 βαπτιζόμενον.
2700 4217 2947 4286 Σήμερον
3000 4213 3128 4286 γάρ,
3175 4212 3412 4280 ἀδελφοὶ,
3457 4210 3699 4280 σήμερον

459 4306 632 4364 Hodie
658 4325 910 4380 namque,
950 4310 1170 4374 fratres,
1215 4309 1372 4365 hodie
1402 4310 1866 4381 dispensationem
1896 4310 2010 4365 sub

2125 4311 2223 4380 τὴν
2251 4310 2337 4363 διὰ
2362 4310 2468 4364 τῶν
2497 4309 2705 4362 ὑδάτων
2734 4306 2971 4376 ὑπῆλθεν
3004 4305 3331 4377 οἰκονομίαν,
3360 4303 3473 4356 Οὐκ
3499 4303 3562 4353 ὲκ
3589 4298 3701 4352 τῶν

455 4400 556 4455 ivit
585 4415 846 4468 aquarum
875 4420 886 4455 :
914 4418 1022 4457 non
1047 4417 1113 4457 ex
1144 4402 1298 4472 aquis
1328 4401 1724 4466 sanctiﬁcatus,
1749 4399 1844 4456 sed
1869 4400 2010 4472 aquis

2129 4401 2334 4454 ὑδάτων
2365 4399 2744 4470 ἁγιαζόμενος,
2775 4397 2909 4453 ἀλλὰ
2945 4400 3055 4461 τοῖς
3090 4397 3274 4450 ὑδασιν
3315 4393 3406 4447 τὸν
3432 4386 3702 4460 άγιασμδν

458 4492 945 4548 sanctiﬁcationem
983 4494 1194 4549 indens.
1217 4492 1456 4548 Joannes
1486 4492 1655 4548 vicem
1690 4492 1909 4563 gerebat
1937 4507 2010 4547 sa-

2129 4495 2512 4566 παρεχόμενος.
2530 4491 2778 4562 Ἰωάννης
2821 4490 3059 4560 ἐπλήρου
3105 4488 3164 4540 τὸ
3202 4487 3384 4556 σχῆμα
3421 4484 3478 4536 τὸ
3502 4485 3701 4552 ἱερατι-

459 4583 725 4649 cerdotis;
762 4584 969 4639 accedit
993 4584 1322 4656 Redemptor
1357 4585 1506 4640 orbis
1538 4585 1606 4638 ad
1638 4585 2026 4656 baptizantem,

459 4675 510 4730 is
546 4675 639 4745 qui
674 4675 911 4730 illustrat
957 4675 1013 4730 in
1045 4675 1278 4746 Spiritu,
1323 4692 1418 4732 rex
1468 4678 1584 4746 ipse
1618 4675 1684 4732 ad
1725 4691 2030 4746 praecurso-

460 4782 598 4831 rem,
623 4769 766 4824 Deus
791 4769 906 4838 ipse
932 4767 1000 4823 ad
1026 4769 1362 4840 pr0phetam.
1395 4767 1653 4836 Joannes,
1680 4768 1898 4834 fratres,
1920 4784 2030 4823 non

462 4857 748 4929 ignorabat
776 4861 1092 4932 dignitatem
1127 4868 1347 4930 propter
1379 4860 1840 4931 dispensationem
1868 4877 1881 4926 ;
1920 4876 2028 4915 non

463 4950 654 5006 fefellit
681 4968 804 5008 eum
831 4954 1048 5010 habitus
1076 4953 1357 5022 corporis;
1393 4969 1502 5008 non
1536 4953 1750 5025 decepit
1777 4969 1899 5009 eum
1929 4968 2030 5024 ap-

462 5059 662 5114 parens
694 5060 852 5114 caro;
871 5047 1000 5116 quin
1023 5048 1204 5116 potius
1226 5047 1514 5103 illustravit
1536 5063 1658 5103 eum
1689 5049 1901 5103 occulta
1921 5048 2032 5102 vir-

461 5149 571 5203 tus,
594 5157 755 5211 quam
779 5144 1154 5214 ignorantibus
1179 5157 1393 5213 quoque
1417 5142 1766 5212 praedicabat.
1788 5142 2030 5197 Lucerna

462 5233 666 5302 quippe
696 5245 885 5289 sancta
907 5246 1026 5290 erat
1053 5236 1136 5290 vir
1163 5236 1254 5291 ille
1283 5233 1637 5290 admirandus
1673 5254 1686 5289 :
1719 5235 1942 5289 lucerna
1965 5233 2032 5289 de

464 5334 571 5388 qua
599 5341 611 5376 :
635 5321 832 5378 Paravi
862 5325 1127 5378 lucernam
1151 5324 1358 5379 Christo
1381 5342 1493 5380 meo
1510 5325 1573 5388 ¹⁴,
1589 5341 1684 5395 per
1705 5324 2031 5395 Prophetam

466 5417 780 5484 praedictum
818 5417 1010 5473 fuerat.
1041 5416 1283 5476 Lucerna
1325 5433 1456 5474 vero
1478 5416 1715 5476 Joannes
1740 5417 2028 5488 praenomi-

2126 4587 2239 4650 κὸν,
2283 4585 2637 4657 προσέρχεται
2661 4586 2690 4637 6
2721 4580 3014 4653 Λυτρωτὴς
3035 4580 3132 4650 τῆς
3154 4578 3472 4648 οἰκουμένης
3502 4574 3578 4644 τῷ
3602 4572 3701 4644 βα-

2126 4677 2388 4741 πτίζοντι,
2421 4679 2450 4730 6
2481 4677 2728 4746 φωτίζων
2748 4676 2805 4729 ἐν
2826 4674 3126 4746 Πνεύματι,
3148 4673 3176 4725 ὁ
3199 4671 3446 4742 βασιλεὺς
3467 4666 3545 4738 τῷ
3569 4681 3705 4738 προ-

2125 4769 2327 4842 δρόμῳ,
2361 4773 2404 4839 ὁ,
2429 4769 2561 4832 Θεὸς
2601 4769 2680 4840 τῷ
2721 4766 3285 4850 προφήτῃ.’1ωάννης,
3332 4763 3568 4832 ἀδελφοὶ,
3604 4760 3707 4813 ούκ

2126 4862 2392 4934 ἠγνόησεν
2412 4861 2509 4933 τὴν
2539 4861 2695 4928 ἀξίαν
2724 4862 2812 4915 διὰ
2839 4860 2937 4930 τὴν
2965 4858 3276 4928 οἰκονομίαν
3300 4873 3316 4887 ’
3345 4856 3445 4908 οὑκ
3477 4851 3706 4921 ἔσφαλεν

2129 4954 2290 5008 αὑτὸν
2336 4955 2396 5007 τὸ
2437 4954 2624 5025 σχῆμα
2664 4952 2756 5006 τοῦ
2789 4955 3034 5022 σώματος
3058 4967 3071 4982 ο
3105 4951 3204 5004 οὑκ
3237 4948 3516 5019 ἠπάτησεν
3543 4943 3706 4997 αὑτὸν

2127 5048 2162 5114 ἡ
2195 5045 2492 5117 φαινομένη
2544 5044 2703 5118 σάρξ,
2733 5045 2868 5099 ἀλλὰ
2914 5043 3288 5116 περιέλαμπεν
3316 5038 3475 5094 αὐτὸν
3507 5038 3540 5105 ὴ
3574 5051 3710 5106 κρυ-

2131 5136 2376 5208 πταμένη
2417 5136 2662 5207 δύναμις,
2705 5139 2770 5207 ἦν
2805 5136 2897 5190 καὶ
2929 5139 3042 5200 τοῖς
3068 5132 3348 5204 ἀγνοοῦσιν
3391 5129 3705 5198 ἐκήρυττεν.

2130 5231 2335 5300 Λύχνος
2364 5231 2471 5302 γὰρ
2496 5226 2564 5303 ἦν
2599 5229 2750 5299 ἅγιος
2782 5233 2811 5285 6
2841 5229 3139 5299 Θαυμάσιος
3163 5243 3176 5255 ⁸
3207 5224 3419 5295 λύχνος,
3457 5218 3584 5289 περὶ
3611 5209 3673 5268 οὗ
3704 5260 3712 5267 .

2146 5325 2471 5394 Ἢτοίμασα
2500 5325 2732 5395 λύχνον
2761 5323 2841 5390 τῷ
2870 5319 3098 5392 Χριστῴ
3135 5335 3274 5388 μου,
3306 5315 3392 5369 διὰ
3433 5311 3527 5366 τοῦ
3572 5309 3713 5378 Προ⁹

2137 5418 2308 5489 φήτου
2338 5417 2678 5490 προείρηται.
2714 5416 2920 5488 Λύχνος
2947 5413 3004 5467 δὲ
3047 5414 3076 5465 6
3113 5409 3366 5480 Ἰωάννης
3410 5397 3711 5478 προανηγό·

541 5643 562 5674 ⁸
600 5640 741 5716 Psal.
767 5660 948 5716 gms,
976 5645 1031 5699 2.
1108 5648 1129 5678 ’
1170 5643 1322 5716 Deut.
1355 5659 1509 5706 xvm,
1542 5644 1627 5699 l5.
1707 5643 1952 5716 “ﬂebr.
1983 5659 2010 5696 ll

2115 5646 2150 5701 l.
2230 5647 2274 5679 ¹¹
2312 5649 2457 5704 Psal.
2498 5665 2606 5716 cxx,
2641 5651 2692 5706 4.
2774 5647 2817 5679 "
2860 5645 3006 5703 Rom.
3077 5661 3167 5712 xv,
3223 5638 3281 5695 8.
3356 5635 3400 5668 ⁸³
3463 5630 3596 5687 ῙΑιε·
3629 5640 3707 5696 Ws

473 5707 561 5771 I7.
642 5714 681 5743 “
727 5715 742 5766 Ι
778 5713 1012 5780 Τίηι.νι,
1048 5717 1133 5770 15.

541 5806 616 5880 (3)
663 5805 818 5861 Forte
848 5807 947 5875 σοι,
987 5824 1051 5863 ex
1079 5823 1263 5865 errore
1296 5817 1505 5879 typogr.

1215 5717 1256 5746 ¹⁸
1297 5715 1452 5768 Joan.
1485 5732 1521 5778 ι.
1550 5716 1640 5770 49.
1697 5716 1740 5746 ³⁸
1764 5714 1908 5772 Psal.
1940 5731 2126 5784 exui,
2157 5717 2240 5770 l7.
