3878 6314
177 319 242 376 ει
1299 315 1558 372 ORATIO
1595 314 1663 370 IN
1701 314 1811 370 DEI
1841 314 2367 374 APPABITIONEM.
3339 321 3414 382 Ω

177 452 401 509 ρευται,
428 432 529 488 οὐκ
566 430 754 502 ἐπειδὴ
785 429 864 500 τῷ
895 430 1012 502 Θεῷ
1039 430 1216 501 Λόγῳ,
1245 431 1321 503 τῷ
1347 435 1484 502 φωτὶ
1504 433 1602 502 τῆς
1621 432 1754 502 ἀλη-

1860 439 2015 489 natus
2063 442 2176 496 est;
2209 449 2316 488 non
2363 433 2489 504 quia
2533 431 2642 489 Deo
2665 432 2866 501 Verbo,
2911 435 3122 502 lumini,
3166 435 3410 508 inquam,

174 529 361 593 θείας,
412 523 570 596 χρεία
621 520 688 594 ἦν
729 523 829 592 τῆς
872 524 976 576 ἀπὸ
1027 522 1120 576 τοῦ
1166 523 1356 594 λύχνου
1413 524 1758 595 προσθήκης·

183 621 348 690 ἣλιος
397 617 504 687 γὰρ
533 610 602 686 ἦν
625 613 967 682 δικαιοσύνης
986 629 1000 642 ο
1035 611 1150 666 ἀλλ’
1180 613 1366 684 ἐπειδὴ
1391 614 1480 666 τὸν
1514 615 1571 666 ὲν
1601 613 1762 683 σαρκὶ

175 708 562 779 κρυπτόμενον
588 703 792 774 Κύριον
823 702 1134 774 ἐγνώριζεν,
1157 702 1232 766 ὡς
1267 704 1324 756 ὲν
1345 703 1520 765 νυκτὶ,
1541 706 1608 774 τῇ
1637 704 1766 755 Ἰου-

173 801 346 870 δαῑκῇ
375 795 730 856 καταστάσει,
755 795 846 847 τὸν
867 793 1057 864 λύχνον
1078 793 1480 865 ἀπαστράπτων
1502 793 1592 846 τοῦ
1620 793 1760 846 θείου

175 891 382 958 Λόγου.
416 889 681 942 Καλεῖται
709 882 800 939 οὖν
831 885 1022 956 λύχνος
1051 886 1294 948 εἰκότως.

255 983 344 1034 H'.
380 981 492 1033 Καὶ
512 981 678 1050 ὁρᾶτε
705 979 766 1030 τὸ
789 976 1118 1047 θαυμαστὸν,
1143 976 1377 1045 ἀδελφοί.
1401 977 1526 1030 Ὅτε
1555 975 1762 1048 παρῆλ-

179 1073 278 1125 θεν
311 1072 405 1123 ἐπὶ
433 1071 536 1142 τὴν
569 1069 830 1139 ἕδσαρκον
851 1067 1163 1136 οἰκονομίαν
1193 1068 1221 1119 6
1250 1065 1382 1136 πρὸς
1405 1067 1552 1137 ἡμᾶς
1577 1066 1763 1136 ἐπιδη-

179 1163 370 1232 μήσας
405 1161 707 1232 Δεσπότης,
743 1158 1026 1230 ἄνθρωπος
1051 1157 1138 1212 διὰ
1167 1157 1572 1229 φιλανθρωπίαν
1607 1157 1760 1224 γενό-

179 1273 369 1328 μενος,
401 1255 500 1307 καὶ
527 1251 597 1324 ἦν
617 1253 764 1320 ξένον
801 1251 985 1322 θαῦμα
1009 1292 1024 1315 ,
1063 1252 1146 1304 ὅτι
1182 1251 1312 1314 Θεὸς
1343 1253 1400 1304 ἐν
1429 1249 1758 1322 ἀνθρώποις,

175 1351 238 1402 ὲν
259 1349 474 1411 δούλοις
501 1349 530 1399 6
563 1347 857 1414 Δεσπότης,
889 1345 1026 1416 μετὰ
1053 1345 1162 1398 τῶν
1204 1343 1520 1414 ποιημάτων
1551 1344 1578 1395 6
1604 1360 1759 1413 ποιη-

177 1437 302 1506 τὴς,
330 1438 360 1488 ὁ
383 1435 632 1504 ἁγιάζων
657 1435 794 1504 μετὰ
819 1433 926 1486 τῶν
958 1431 1329 1502 ἁγιαζομένων
1349 1451 1362 1464 ·
1381 1433 1502 1485 τότε
1539 1435 1566 1487 6
1582 1434 1760 1486 Ἰωάν-

177 1545 282 1596 νης
301 1526 572 1596 κηρύττει
599 1525 698 1595 τὴν
718 1524 894 1589 ἀξίαν,
917 1525 1010 1576 καὶ
1033 1519 1098 1595 ἦν
1124 1525 1247 1576 ἰδεῖν
1277 1523 1422 1588 ξένον
1447 1523 1628 1595 θαῦμα
1649 1541 1660 1554 ·
1691 1520 1758 1594 ἦν

181 1617 316 1670 Ιδείν
345 1620 442 1670 τὸν
483 1617 672 1687 λύχνον
697 1617 980 1686 δεχόμενον
996 1615 1084 1674 τὸν
1109 1615 1256 1686 ἥλιον
1287 1615 1386 1685 τῆς
1418 1614 1760 1686 δικαιοσύνης

189 1711 426 1782 Ἰησοῦν.
457 1710 564 1762 Τὸν
585 1709 694 1778 γὰρ
725 1708 976 1762 ἁπάντων
1023 1707 1312 1778 Λυτρωτὴν
1361 1706 1564 1778 Κύριον
1595 1709 1622 1760 6
1658 1707 1749 1761 λυ-

1861 523 2124 588 veritatis,
2156 540 2294 594 opus
2327 533 2472 580 esset
2498 524 2809 580 accessione
2855 525 3107 592 lucernae,
3157 527 3238 582 sol
3265 529 3412 584 enim

1861 619 1978 665 erat
2003 611 2254 680 justitiae;
2295 621 2350 667 at
2385 614 2511 685 quia
2554 613 2882 668 occultatum
2930 613 2984 668 in
3026 629 3188 670 carne
3230 613 3414 670 Domi-

1861 717 2012 768 num,
2041 704 2312 774 cognitum
2345 705 2596 769 faciebat,
2623 713 2876 772 tanquam
2929 707 2982 759 in
3015 715 3194 774 nocte,
3225 705 3413 763 Judai-

1862 809 1939 849 ea:
1983 795 2315 863 reipublica,
2349 796 2624 850 lucernam
2673 797 2986 852 illuminaus
3013 794 3178 851 Verbi
3219 797 3408 852 divini.

1863 883 2096 940 Vocatur
2123 886 2282 956 igitur
2310 887 2530 942 lucerna
2563 887 2772 942 merito.

1935 975 2064 1031 Vlll.
2092 977 2284 1033 Videte
2313 993 2477 1047 porro
2507 994 2622 1034 rem
2645 979 2966 1043 mirabilem,
2995 975 3413 1043 fratres.Quan-

1860 1069 1930 1124 do
1965 1071 2230 1140 processit
2277 1071 2342 1124 ad
2383 1070 2774 1125 incarnationis
2808 1069 3269 1140 dispensationem
3304 1066 3412 1122 Do-

1861 1161 2042 1216 minus
2074 1163 2164 1232 qui
2204 1162 2486 1217 nobiscum
2510 1169 2862 1216 conversatus
2883 1169 2984 1225 est,
3006 1161 3168 1214 homo
3191 1167 3411 1229 propter

1860 1250 2308 1320 benignissimam
2343 1251 2738 1306 humanitatem
2791 1249 2988 1315 factus,
3043 1257 3273 1318 eratque
3303 1257 3414 1304 stu-

1861 1339 2092 1410 pendum
2139 1342 2483 1408 miraculum,
2511 1341 2676 1396 Deum
2709 1343 2916 1396 versari
2963 1339 3108 1396 inter
3138 1341 3411 1406 homines,

1860 1447 1982 1486 cum
2025 1431 2199 1486 servis
2235 1430 2544 1496 Dominum,
2599 1446 2724 1486 cum
2757 1433 3026 1486 creaturis
3082 1439 3408 1494 creatorem,

1859 1519 2311 1575 sanctilicatorem
2365 1536 2487 1575 cum
2540 1521 2934 1575 sanctiﬁcatis:
2991 1531 3120 1575 tunc
3173 1519 3410 1576 Joannes

1859 1611 2115 1682 praedicat
2149 1613 2293 1667 illius
2317 1613 2661 1682 dignitatem,
2696 1613 2999 1683 licebatque
3019 1613 3201 1668 videre
3225 1613 3410 1681 prodi-

1858 1707 2006 1775 gium
2063 1719 2226 1775 supra
2285 1720 2500 1761 omnem
2533 1705 2880 1776 Opinionem;
2915 1705 3136 1769 licebat,
3167 1704 3408 1775 inquam,

175 1775 440 1874 τρίῦσεως
483 1775 736 1872 δεόμενος
778 1799 1059 1871 ἄνθρωπος
1102 1775 1428 1864 ἐϐάπτιζεν,
1453 1775 1539 1850 *οὐ
1583 1798 1752 1870 τόλμῃ

1860 1797 2032 1852 videre
2048 1797 2328 1854 lucernam
2352 1798 2737 1868 suscipientem
2762 1798 2930 1854 solem
2951 1797 3180 1868 iustitiae
3201 1797 3407 1852 Jesum.

181 1896 540 1966 προσαχθεὶς,
581 1893 714 1947 ἀλλὰ
743 1893 1124 1964 προστάγματι
1154 1891 1457 1954 δουλωθείς.
1509 1891 1642 1944 Τότε
1690 1891 1754 1964 δὴ

179 1989 303 2040 τότε
329 1987 672 2058 συνέδραμον
688 1985 782 2038 δύο
799 1985 1129 2056 προφητικαὶ
1155 1983 1326 2053 φωναί
1344 2001 1356 2014 ’
1377 1982 1545 2050 Φωνὴ
1563 1982 1758 2047 ,βοῶν-

185 2097 290 2144 τος
321 2079 392 2131 ὲν
415 2076 492 2144 τῇ
512 2077 710 2144 ἐρήμῳ
731 2092 743 2104 ·
775 2077 884 2139 καὶ,
916 2074 1085 2142 Φωνὴ
1107 2076 1328 2142 Κυρίου
1361 2073 1458 2127 ἐπὶ
1482 2073 1754 2129 τῶνύδά-

183 2183 320 2222 (cur.
365 2169 424 2221 '0
461 2167 638 2236 κῆρυξ
665 2166 762 2236 τῆς
791 2165 1045 2236 ἀληθείας
1079 2165 1231 2226 ἐϐόα,
1261 2165 1354 2218 κοιλ¹
1396 2165 1449 2216 '0
1471 2164 1614 2232 Θεὸς
1647 2165 1755 2234 τῆς

179 2260 370 2324 δόξης
417 2259 687 2326 ἐόρόντα.
737 2257 846 2308 Καὶ
889 2251 956 2325 ἦν
988 2257 1104 2308 ἐκεῖ
1137 2259 1168 2327 ἡ
1205 2255 1550 2327 προσκυνητὴ
1589 2255 1756 2326 Τριὰς

179 2349 284 2420 τὴν
323 2349 495 2416 αὑτῆς
536 2347 697 2411 δόξαν
739 2346 1143 2416 ἀστράπτουσα.
1189 2347 1378 2417 Πατὴρ
1417 2345 1617 2398 ἄνωθεν
1665 2345 1755 2399 τὸν

181 2440 316 2494 Υίὸν
341 2439 654 2509 κηρύττων,
687 2437 814 2501 Υἱὸς
860 2436 1102 2491 κάτωθεν
1123 2436 1219 2508 τὴν
1255 2438 1564 2506 οἰκονομίαν
1616 2437 1756 2509 πλη-

187 2533 320 2604 ρῶν,
349 2533 409 2584 τὸ
433 2531 660 2602 Πνεῦμα
683 2531 744 2584 τὸ
767 2531 916 2598 ἆγιον
935 2530 1328 2601 ὲπισφραγίζον
1351 2529 1447 2602 τὴν
1481 2529 1754 2602 θεοπρεπῆ

185 2623 607 2695 μυσταγωγίαν.
629 2623 737 2674 Καὶ
758 2621 907 2693 φωνὴ
935 2622 1171 2690 τοσαύτη
1196 2622 1404 2690 γίνεται
1423 2620 1758 2694 μαρτυροῦν-

179 2729 274 2776 τος
307 2711 515 2766 ἄνωθεν
553 2709 646 2761 τοῦ
681 2709 892 2780 Πατρὺς
942 2708 1018 2778 τῷ
1071 2707 1264 2761 ἑαυτοῦ
1319 2709 1630 2776 Μονογενεῖ,
1681 2706 1758 2770 ὡς

183 2803 476 2874 σχισθῆναι
534 2803 738 2857 ἄνωθεν
787 2803 912 2865 τοὺς
983 2800 1261 2872 οὐρανούς.
1319 2801 1756 2867 Ἆναϐαίνοντος

181 2896 316 2966 γὰρ,
347 2897 498 2966 φησι,
527 2895 632 2948 τοῦ
674 2893 865 2960 Ἰησοῦ
891 2893 1006 2946 ἀπὸ
1045 2893 1151 2946 τοῦ
1190 2893 1429 2959 ὕδατος,
1467 2894 1756 2962 ἐσχίσθη-

183 3003 312 3038 σαν
331 2988 386 3040 οἱ
405 2985 654 3052 οὐρανοί
659 3026 672 3038 .
705 2985 776 3037 Οῦ
803 2985 910 3052 γάρ
938 2985 1172 3054 ἤνεγκαν
1195 2984 1292 3054 τὴν
1317 2984 1498 3054 φωνὴν
1521 2985 1616 3055 τῆς
1633 3002 1753 3038 τοσο

1857 1885 2244 1941 Universorum
2301 1886 2445 1941 enim
2502 1886 2899 1957 redemptorem
2949 1885 3259 1954 Dominum,
3315 1885 3412 1956 qui

1852 1978 2220 2048 redemptione
2259 1978 2538 2050 indigebat
2569 1979 2732 2034 homo
2759 1979 3088 2048 baptizabat,
3106 1992 3216 2032 non
3239 1984 3412 2034 teme-

1853 2070 1998 2125 rario
2021 2084 2155 2125 ausu
2175 2085 2289 2124 rem
2307 2085 2620 2142 aggressus,
2639 2071 2732 2126 sed
2753 2070 3008 2126 mandato
3032 2069 3406 2126 subserviens.

1854 2159 2007 2214 Tunc
2035 2161 2178 2214 cnim
2209 2175 2360 2226 vero,
2403 2169 2536 2216 tunc
2570 2169 2966 2216 concurrerunt
3008 2161 3130 2216 dum
3171 2161 3408 2230 prephe-

1853 2249 1974 2302 ticze
1993 2263 2154 2304 voces
2185 2265 2198 2301 :
2245 2249 2358 2304 Vox
2380 2251 2660 2304 clamantis
2684 2249 2960 2305 iit-deserto
2981 2251 3045 2316 ",
3068 2258 3142 2318 et,
3180 2251 3291 2305 Vox
3309 2251 3412 2305 Do—

1853 2338 1984 2390 mini
2016 2353 2170 2406 super
2211 2355 2374 2408 aquas
2407 2341 2469 2393 ιε.
2524 2338 2709 2394 Ριτεοο
2739 2341 2986 2396 veritatis
3026 2340 3316 2406 clamabat,
3357 2349 3412 2394 et

1854 2427 1993 2482 Deus
2026 2429 2319 2500 majestatis
2367 2431 2596 2484 intonuit
2625 2432 2692 2484 ¹⁹.
2733 2432 2968 2502 Eratque
3011 2431 3086 2486 ibi
3136 2431 3410 2486 adoranda

1855 2517 2116 2585 Trinitas,
2149 2535 2267 2591 quae
2301 2521 2526 2592 gloriam
2561 2537 2714 2578 suam
2743 2521 3000 2594 aﬂulgere
3029 2523 3284 2580 faciebat.
3311 2525 3414 2580 Pa-

1855 2619 1938 2666 ter
1958 2626 2120 2682 supra
2155 2611 2349 2666 Filium
2376 2613 2702 2683 praedicans,
2741 2612 2915 2670 Filius
2957 2615 3098 2670 infra
3120 2615 3413 2688 dispensa-

1855 2703 2056 2764 tionem
2083 2703 2331 2773 implens,
2370 2703 2610 2775 Spiritus
2637 2717 2880 2772 sanctus,
2913 2709 3069 2778 quasi
3101 2709 3280 2780 sigillo
3312 2725 3416 2768 suo

1855 2795 2182 2856 confirmans
2233 2795 2341 2852 Deo
2390 2797 2612 2868 dignam
2655 2797 3072 2858 institutionem.
3129 2801 3194 2856 Et
3239 2818 3413 2873 usque

1853 2887 1988 2942 adeo
2019 2901 2210 2958 magna
2242 2887 2380 2942 facta
2413 2897 2497 2944 est
2527 2904 2650 2954 vox,
2679 2888 2838 2945 Patre
2870 2889 3102 2960 desuper
3124 2888 3412 2964 Unigenito

1856 2994 1957 3034 suo
1985 2979 2353 3034 testimonium
2387 2981 2728 3050 perhibente,
2761 2991 2820 3036 ut
2856 2982 3029 3051 aperti
3057 2980 3262 3037 fuerint
3289 2985 3414 3038 caeli

183 3079 362 3150 αύτης
401 3075 728 3148 μαρτυρίας,
765 3075 1048 3146 φρίξαντες
1075 3075 1170 3146 τὴν
1195 3075 1374 3130 ἔνθεον
1400 3075 1724 3147 οἰκονομίαν.

1860 3070 2110 3139 desuper.
2135 3070 2453 3124 Ascendente
2479 3071 2647 3136 enim,
2684 3072 2782 3136 ait,
2823 3071 2952 3127 Jesu
2981 3073 3044 3127 de
3075 3091 3236 3144 aqua,
3260 3077 3418 3130 scissi

253 3335 342 3389 0'.
385 3335 521 3387 Ἀλλ’
549 3337 652 3408 ὅρα
679 3337 738 3389 τὸ
779 3337 1105 3408 θαυμαστόν.
1167 3337 1230 3392 'H
1265 3337 1415 3409 φωνὴ
1459 3337 1596 3410 αὕτη
1632 3341 1762 3412 τοὺς,

181 3430 454 3502 οὐρανοὺς
473 3431 707 3500 ἔσχισεν,
740 3431 834 3484 καὶ
859 3433 1164 3502 αἱρετικοὺς
1192 3432 1290 3484 οὐκ
1315 3431 1576 3502 ἐφόϐησεν
1593 3449 1607 3462 ·
1641 3429 1756 3488 Οὖ-

183 3523 292 3586 τός
311 3521 485 3574 ἐστιν
512 3524 546 3574 ὀ
571 3523 702 3587 Υἱός
717 3541 856 3590 μου,
885 3525 918 3576 ό
935 3522 1259 3592 ἀγαπητὸς,
1289 3523 1474 3576 αὑτοῦ
1489 3524 1754 3579 ἀκούετε.

197 3611 420 3680 Ἐπειδὴ
467 3611 767 3680 προέλαϐεν
803 3612 966 3682 νόμος
1005 3613 1312 3683 κηρύττων,
1342 3613 1436 3666 καὶ
1484 3614 1757 3685 προφῆται

181 3699 686 3768 εὐαγγελιζόμενοι,
719 3701 804 3752 ἵνα
837 3701 908 3771 μή
937 3717 1018 3763 τις
1050 3703 1116 3770 τῇ
1152 3700 1396 3772 προτέρᾳ
1427 3703 1757 3756 καταστάσει

181 3790 288 3860 τῆς
345 3789 642 3860 Ἰουδαϊκῆς
699 3789 950 3860 λατρείας
994 3791 1276 3862 ἑπόμενος,
1332 3789 1613 3864 ἀπώσηται
1669 3793 1759 3848 τὸν

183 3881 352 3950 ζιγον
377 3882 480 3950 τῆς
517 3882 874 3952 εὐαγγελικῆς
895 3882 1136 3954 χάριτος,
1167 3883 1200 3954 ή
1232 3881 1350 3934 θεία
1383 3884 1534 3954 φωνὴ
1557 3882 1756 3955 διέκρι-

183 3988 276 4026 νεν
325 3973 386 4026 τὸ
429 3973 696 4028 οἰκετικὸν
729 3974 835 4027 ἀπὸ
882 3973 988 4027 τῶν
1036 3971 1369 4027 δεσποτικῶν
1413 3973 1754 4045 ἀξιωμάτων.

183 4065 384 4120 Αὑτοῦ
417 4066 700 4128 ἀκούετε,
749 4065 986 4136 δηλονότι
1023 4065 1118 4118 τοῦ
1161 4063 1417 4137 Χριστοῦ.
1463 4064 1760 4136 Πλήρωμα

183 4157 296 4226 τὰρ
324 4160 514 4226 νόμου
542 4157 817 4228 Χριστὸς,
837 4157 1110 4228 πλήρωμα
1137 4156 1246 4210 τῶν
1262 4156 1478 4226 ἀγαθῶν
1505 4156 1755 4229 Χριστός.

185 4249 252 4302 Et
273 4250 382 4320 γὰρ
415 4251 512 4303 καὶ
539 4249 838 4320 προέλαϐον
869 4250 926 4302 ἐν
963 4249 1041 4319 τῷ
1080 4250 1227 4320 νόμῳ
1274 4249 1354 4319 τῷ
1383 4249 1660 4321 Μωσαῖκῷ
1702 4252 1757 4303 αἱ

183 4343 446 4410 εὐλογίαι,
481 4342 600 4394 ἀλλ’
657 4343 756 4394 οῦκ
805 4337 943 4412 ἦσαν
990 4339 1239 4406 ἐντελεῖς,
1291 4341 1638 4413 ἐκδεχόμεναι
1666 4343 1756 4398 τὸν

1859 3168 1980 3214 sunt
2005 3159 2205 3212 cwli’i.
2243 3159 2362 3214 Non
2389 3161 2533 3216 enim
2581 3163 2824 3217 tulerunt
2863 3179 3050 3220 vocem
3089 3165 3224 3220 tanti
3257 3165 3416 3226 testi-

1857 3253 2047 3317 monii,
2076 3253 2358 3310 horrentes
2397 3252 2636 3308 divinam
2665 3253 3156 3326 dispensationem.
3425 3239 3428 3242 ν

1929 3341 2020 3397 ιιι.
2049 3341 2154 3398 Sed
2185 3341 2403 3398 adverte
2427 3343 2748 3413 prodigium.
2783 3344 2859 3398 Ea
2891 3361 2994 3402 vox
3027 3347 3198 3406 ccelos
3228 3348 3414 3416 scidit,

1859 3443 1912 3490 et
1936 3433 2220 3490 haereticos
2247 3447 2354 3488 non
2385 3435 2614 3503 perculit
2639 3452 2652 3487 :
2687 3435 2789 3489 Hic
2811 3445 2888 3490 est
2921 3435 3092 3492 Filius
3115 3455 3258 3494 meus
3281 3439 3416 3495 dile-

1859 3535 1973 3580 ctus
2003 3527 2071 3592 ἰ,
2097 3527 2198 3596 ipsi
2231 3527 2528 3582 auscultate
2558 3530 2622 3582 ³³.
2650 3525 2788 3594 Quia
2825 3543 3296 3602 prmoccupaverat
3329 3534 3417 3587 lex

1859 3615 2102 3680 edicens,
2138 3625 2191 3672 et
2219 3617 2496 3688 prophetae
2517 3619 2954 3690 evangelizantes
2979 3659 2995 3686 ,
3036 3637 3108 3677 ne
3155 3623 3279 3692 quis
3328 3639 3417 3679 se-

1860 3714 2020 3762 cutus
2073 3705 2308 3776 priorem
2344 3705 2556 3762 Judaici
2606 3711 2783 3764 cultus
2803 3710 3415 3782 institutionem,repel-

1859 3799 1995 3854 leret
2021 3799 2346 3868 evangelicae
2373 3799 2557 3869 gratia:
2575 3798 2792 3870 jugum.
2825 3800 3008 3856 divina
3042 3817 3145 3856 vox
3167 3801 3418 3862 distinxit

1858 3888 2080 3944 herilem
2109 3903 2140 3941 a
2168 3888 2354 3942 famuli
2389 3887 2763 3958 dignitatibus.
2791 3885 2898 3957 Ipsi
2930 3890 3243 3956 auscultate,
3258 3891 3418 3948 (ibri-

1859 3988 1944 4036 sto
1959 3979 2227 4035 videlicet.
2257 3977 2538 4032 Plenitudo
2559 3981 2696 4034 enim
2724 3980 2848 4050 legis
2883 3979 3124 4042 Christus
3151 3983 3217 4048 ³³,
3243 3984 3417 4055 pleni-

1859 4072 1986 4126 tudo
2017 4071 2282 4126 bonorum
2313 4069 2586 4126 Christus.
2615 4069 2731 4126 Etsi
2748 4072 2892 4127 enim
2929 4082 3330 4143 praecesserunt
3359 4076 3418 4130 in

1859 4161 1976 4232 lege
2005 4159 2240 4216 Mosaica
2278 4161 2706 4228 benedictiones,
2739 4169 2796 4218 at
2821 4178 2931 4218 non
2955 4171 3110 4220 erant
3139 4167 3415 4238 perfectae,

1857 4259 2233 4322 exspectantes
2277 4251 2566 4308 Dominum
2611 4263 2860 4309 nostrum
2893 4271 2916 4313 :_
2953 4255 3024 4312 de
3059 4271 3167 4327 quo
3213 4253 3417 4315 Paulus

1859 4345 1934 4399 ait
1965 4360 1978 4397 :
2013 4344 2290 4400 Plenitudo
2318 4345 2442 4415 legis
2463 4344 2725 4402 Christus.
2781 4345 2902 4402 Vin’
2934 4363 3001 4404 ex
3033 4363 3092 4404 re
3129 4350 3414 4407 manifesta

183 4434 390 4504 Κύριον
415 4433 594 4504 ἡμῶν,
629 4433 756 4506 περὶ
783 4427 844 4488 οὗ
877 4449 1041 4502 φησιν
1077 4433 1106 4484 6
1161 4431 1399 4496 Παῦλος·
1458 4431 1752 4502 Πλήρωμα

1860 4438 2138 4494 exhibeam
2163 4437 2260 4492 tibi
2289 4439 2572 4495 veritatem
2619 4439 2813 4496 vadem
2845 4440 3154 4496 dietorum?
3181 4442 3414 4498 Attende

179 4530 370 4596 νόμον
395 4528 676 4596 Χριστός.
707 4526 816 4578 Καὶ
837 4524 1030 4590 θέλεις,
1056 4525 1118 4577 ἐκ
1144 4525 1467 4594 πράγματος
1495 4526 1757 4596 ἐναργοῦς

183 4621 524 4691 παραστήσω
551 4636 634 4672 σοι
665 4618 762 4688 τὴν
778 4617 1035 4687 ἀλήθειαν
1062 4617 1256 4685 ἔγγυον
1283 4615 1389 4670 τῶν
1418 4617 1754 4688 είρημένων;

180 4713 420 4782 Πρόσεχε
443 4711 708 4782 ἀκριϐῶς.
739 4709 1223 4780 ΚελεύειΜωῦσῆς
1264 4711 1293 4762 6
1331 4709 1626 4780 νομοθέτης
1663 4726 1758 4780 με-

181 4805 432 4877 ρισθῆναι
452 4805 554 4868 τὰς
575 4803 780 4856 δώδεκα
803 4801 972 4872 φυλὰς
1003 4802 1096 4854 τοῦ
1139 4801 1372 4873 Ἰσραὴλ,
1399 4803 1492 4856 καὶ
1525 4803 1623 4865 τὰς
1657 4802 1755 4872 μὲν

179 4895 242 4960 ἒξ
268 4897 440 4966 φυλὰς
479 4897 573 4949 ἐπὶ
603 4895 664 4948 τὸ
686 4894 810 4966 ὅρος
847 4895 1036 4964 ἀνάγει
1063 4895 1123 4948 τὸ
1157 4895 1358 4965 Γηϐάλ,
1399 4896 1496 4959 τὰς
1535 4897 1592 4949 δὲ
1633 4895 1754 4952 ἑτέ-

183 5003 282 5057 ρας
305 4987 364 5050 EF,
393 4989 474 5050 είς
501 4985 564 5038 τὸ
586 4985 710 5056 ὅρος
739 4984 800 5037 τὸ
829 4985 1098 5055 Γαρίζειν,
1137 4983 1230 5036 καὶ
1263 4983 1472 5042 κελεύει
1510 4984 1616 5048 τὰς,
1657 4985 1754 5055 μὲν

179 5077 442 5146 εὐλογεῖν,
483 5078 584 5140 τὰς
604 5077 660 5129 δὲ
687 5075 1048 5147 καταρᾶσθαι.
1072 5075 1325 5144 Εὐλογεῖν
1355 5075 1454 5144 μὲν
1476 5076 1602 5140 τοὺς
1625 5094 1754 5130 κατ-

175 5169 474 5241 ορθοῦντας
501 5169 594 5221 τὸν
638 5169 830 5238 νόμον,
879 5168 1219 5240 καταρᾶσθαι
1245 5167 1301 5226 δὲ
1332 5169 1456 5230 τοὺς
1482 5167 1755 5236 παραῦαί-

175 5279 388 5322 νοντας.
431 5259 500 5312 Τί
545 5256 676 5326 οὖν;
725 5260 846 5312 Ἐπὶ
887 5260 983 5328 μὲν
1007 5259 1114 5312 τῶν
1135 5259 1386 5330 καταρῶν
1417 5260 1642 5314 ἁπασῶν
1682 5257 1751 5332 ἦν

173 5352 518 5421 δπαγόμενον
543 5353 960 5422 ἐπισφράγισμα
979 5369 990 5382 ο
1029 5350 1267 5418 Ἐροῦσι
1287 5351 1394 5420 γὰρ
1416 5354 1469 5404 ot
1491 5351 1748 5406 Λευΐτου

187 5445 658 5512 Ἐπικατάρατος
677 5446 709 5496 ὁ
735 5443 1266 5512 ἐγκαταλιμπάνων
1291 5441 1394 5494 τόν
1425 5443 1628 5512 νόμον,
1653 5442 1752 5496 καί

173 5535 436 5608 ἐωῖπᾶς
469 5540 502 5591 ὁ
531 5539 716 5602 λαόςο
773 5535 972 5604 Ἀμήν,
1026 5533 1480 5603 Ἐπικατάρατος
1531 5539 1564 5589 ὁ
1614 5536 1752 5592 60v-

1857 4531 2160 4602 diligenter.
2189 4527 2350 4584 Iubet
2387 4529 2600 4601 Moyses
2619 4531 2895 4601 legislator
2925 4531 3096 4588 dividi
3131 4533 3414 4590 duodecim

1857 4621 2033 4676 tribus
2062 4621 2246 4684 Israel.
2279 4629 2333 4676 et
2362 4637 2456 4677 sex
2486 4623 2706 4693 quidem
2739 4625 2918 4680 tribus
2945 4625 3002 4679 in
3034 4632 3270 4680 montem
3313 4626 3419 4681 du-

1857 4711 1932 4766 cit
1961 4709 2150 4776 Gebal,
2195 4711 2440 4782 reliquas.
2468 4727 2596 4768 vero
2629 4729 2747 4780 sex,
2801 4714 2856 4768 in
2899 4714 3118 4770 Garizin
3151 4722 3414 4781 montem,

1855 4803 2184 4874 mandatque
2207 4814 2264 4859 ut
2285 4806 2404 4860 alia:
2427 4805 2768 4872 benedicant,
2799 4806 2918 4862 alia:
2945 4806 3292 4862 maledicam.
3315 4807 3418 4864 Be-

1857 4897 2116 4956 nedicant
2143 4897 2278 4966 legis
2310 4899 2688 4953 observatores
2711 4937 2726 4962 ,
2771 4905 3212 4966 transgressores
3245 4901 3415 4954 male—

1857 4988 2061 5046 dicant.
2087 4987 2230 5056 Quid
2259 4990 2426 5060 ergo?
2451 4987 2508 5043 In
2543 4989 2796 5045 omnibus
2822 4989 3300 5047 maledictionibus
3335 4993 3418 5046 ἰη-

1857 5079 2049 5134 dututn
2083 5087 2201 5136 erat
2231 5081 2398 5134 veluti
2428 5079 2698 5150 quoddam
2729 5081 2964 5151 sigillum
2990 5097 3004 5134 :
3055 5079 3242 5136 Dicent
3281 5083 3422 5136 enim

1855 5171 2087 5227 Levita:
2125 5171 2440 5226 Maledictus
2489 5173 2578 5241 qui
2617 5173 2904 5227 deseruerit
2938 5173 3137 5244 legem;
3185 5183 3236 5228 et
3283 5174 3422 5228 dicet

1859 5265 2028 5326 omnis
2057 5263 2302 5332 populus,
2328 5264 2510 5317 Amen.
2539 5262 2862 5318 Maledictus
2886 5265 2974 5330 qui
2994 5265 3121 5319 colit
3141 5263 3264 5320 deos
3287 5264 3422 5320 alio-

1857 5371 1989 5417 nos;
2016 5365 2064 5409 et
2084 5355 2219 5409 dicet
2237 5355 2404 5408 omnis
2437 5355 2680 5424 populus,
2709 5355 2873 5411 Amen
2901 5359 2968 5412 “.
2999 5357 3175 5428 Atque
3201 5359 3257 5414 in
3279 5375 3420 5428 quo-

1856 5463 1962 5518 que
1982 5456 2253 5518 prazcepto
2293 5447 2566 5517 impendet
2594 5447 2759 5503 Amen
2808 5451 3324 5520 transgressoribus.
3359 5449 3416 5504 In

1857 5539 2324 5596 benedictionibus
2347 5553 2474 5595 vero
2497 5541 2593 5607 ait,
2621 5539 2804 5596 dicent
2833 5539 3063 5598 Levita:
3097 5542 3414 5599 Benedictus

255 5655 656 5733 '_'_|sai;_x_t..5-
733 5653 952 5733 “'P5_a]-
979 5655 1224 5733 ιξῖιροδο
1303 5655 1344 5688 ³⁸
1387 5655 1644 5733 ibid-ﬂ“
1671 5659 1880 5733 Matth.
1922 5679 2022 5733 ιιι,
2073 5663 2160 5720 l6.
2236 5665 2278 5698 "
2321 5659 2456 5718 ibid.
2493 5659 2578 5716 18.
2655 5661 2708 5704 ης
2730 5657 2918 5716 Matth.
2947 5675 3080 5728 xvn,
3107 5659 3141 5714 5
3222 5657 3424 5728 ΙΡειιζ.

185 5743 228 5792 ι.
259 5726 347 5788 17..
424 5727 468 5758 ³⁸
511 5728 671 5781 Item.
703 5740 794 5780 xui
817 5765 832 5792 ,
867 5723 951 5778 10.
1029 5726 1075 5756 ⁸⁸
1111 5724 1263 5781 Deut.
1309 5741 1478 5792 xxv",
1519 5726 1588 5782 26
1613 5769 1628 5794 ,
1663 5731 1747 5790 15,
