3878 6300
453 313 530 372 g3
829 274 831 277 ’
1465 309 1826 370 summam
1863 312 2035 370 eam

2139 309 2285 368 RUM
2324 306 2637 370 EPISCOPI
3016 295 3018 297 ’
3601 299 3672 357 ει

453 429 548 500 qui
563 425 789 482 custodit
825 426 982 496 legem
1011 423 1223 479 Domini
1242 443 1260 490 ,-
1277 422 1576 479 benedictus
1605 424 1658 480 in
1689 441 1838 497 agro,
1860 424 2008 482 bene~

2138 425 2308 480 ίεύων
2358 421 2516 488 θεοῖς
2551 414 2912 489 ἀλλοτρίοις,
2955 415 3054 470 καί
3103 412 3226 483 ἐρεῖ
3270 410 3388 480 πᾶς
3415 414 3456 466 δ
3491 413 3675 478 λαός.

455 517 628 572 dictus
661 519 713 572 in
733 519 942 572 ciuitate
975 516 1044 581 ⁸⁸,
1074 515 1393 587 etnuspiam
1423 515 1479 571 in
1504 516 1612 570 ulla
1643 517 2010 576 benedictione

2138 513 2320 584 Ἀμήν.
2359 513 2463 567 Καὶ
2501 513 2586 580 ἐφ’
2634 509 2839 581 ἑκάστῃ
2871 506 3058 579 ἐντολῇ
3093 505 3362 562 ἐπίκειται
3401 503 3464 558 τὸ
3501 501 3681 573 Ἀμὴν

453 613 618 666 Amen
657 619 954 682 comparet.
1003 609 1115 666 Cur
1145 609 1744 681 igiturmaledietiones
1777 610 2010 680 sigillum

2138 607 2224 668 τοῖς
2269 601 2680 674 παραϐαίνουσι.
2743 597 2866 652 Ἐπὶ
2919 596 2976 651 δὲ
3016 598 3136 660 ταῖς
3157 595 3430 664 εὐλογίαις
3472 592 3680 665 ἐροῦσι,

454 701 782 771 suscipiunt,
806 699 1213 756 benedictiooes
1237 713 1365 756 vero
1397 715 1505 756 non
1538 699 1702 756 item?
1732 698 1872 767 Quid
1909 699 2014 754 sibi

2138 694 2300 767 μησὶν,
2328 695 2380 746 οἱ
2401 689 2620 746 Λευῖται
2640 706 2653 721 ’
2679 688 3097 760 Εὐλογημένος
3135 691 3168 742 ό
3208 685 3544 757 φυλάσσων
3574 683 3683 737 τὸν

453 794 570 846 vult
600 793 704 846 hoc
733 791 1058 863 symbolum,
1083 790 1215 862 quid
1244 792 1422 846 innuit
1462 792 1564 845 hoc
1608 791 1870 862 aenigma?
1903 789 2014 845 Lex

2138 788 2302 856 ρόμον
2323 785 2563 852 Κυρίου,
2589 783 2992 852 εὐλογημένος
3026 781 3096 833 ἐν
3127 777 3304 848 ἀγρῷ,
3355 775 3683 847 εὐλογημέ-

455 884 755 939 sententias
809 883 1153 937 exsecutioni
1197 883 1525 949 mandabat,
1578 882 2014 937 benedictionum

2138 897 2224 946 θος
2247 879 2315 932 ἐν
2336 879 2529 940 πόλει,
2549 877 2642 930 καὶ
2660 873 2894 946 οὐδαμοῦ
2919 873 2980 926 τὸ
3029 869 3208 941 Ἀμὴν
3237 871 3294 921 ὲν
3322 867 3546 938 οὐδεμιᾷ
3574 866 3684 919 τῶν

454 982 633 1028 autem
661 971 1014 1028 conﬁrmatur
1039 983 1122 1028 est
1153 972 1428 1029 Christus.
1467 972 1533 1025 Et
1574 973 1700 1043 quia
1732 970 2018 1042 oportebat

2138 968 2398 1038 εὐλογιῶν.
2425 967 2489 1020 Τί
2512 964 2604 1019 οὖν
2634 967 2688 1019 αἱ
2715 964 2949 1034 κατάραι
2979 960 3311 1032 λαμϐάνουσι
3333 957 3392 1010 τὸ
3415 957 3682 1026 ὲπισφρά-

453 1077 574 1132 qua:
606 1063 742 1132 legis
771 1069 899 1116 sunt
920 1063 1137 1132 propria
1167 1063 1270 1133 legi
1307 1078 1552 1118 asserere
1573 1100 1587 1128 ,
1619 1071 1673 1116 et
1715 1061 1858 1131 quod
1891 1077 2019 1130 pro-

2138 1076 2316 1130 γισμα,
2339 1061 2392 1112 αί
2429 1057 2489 1111 δὲ
2511 1055 2751 1126 εὐλογίαι
2779 1055 2840 1108 οὐ
2871 1054 3118 1123 δέχονται
3146 1051 3245 1122 τήν
3295 1047 3591 1121 σφραγῖδα;
3618 1044 3684 1098 Τί

453 1155 635 1225 prium
669 1161 754 1208 est
779 1154 1105 1223 evangelicae
1132 1153 1338 1224 gratias,
1371 1155 1558 1224 gratiae
1578 1152 1866 1215 reservari,
1891 1165 2019 1223 pro-

2138 1154 2366 1208 Ξούλεται
2399 1151 2461 1204 τὸ
2487 1149 2735 1221 σύνθημα
2759 1166 2774 1213 ;
2804 1146 2855 1201 τί
2885 1144 3178 1218 ἑρμηνεύει
3205 1143 3264 1197 τὸ
3285 1142 3511 1212 αἴνιγμα
3532 1157 3552 1205 ;
3577 1137 3688 1191 τῶν

454 1253 641 1317 pterea
674 1253 1058 1301 remanserunt
1093 1245 1504 1301 benedictiones
1533 1245 1792 1316 deinceps
1825 1257 2020 1315 exspe-

454 1345 666 1391 etantes
692 1336 880 1391 Amen.
1172 1332 1183 1339 ’

2121 1242 2445 1310 ἀποφάσεων
2495 1238 2784 1312 πληρωτὴς
2834 1232 2900 1308 ἦν
2942 1237 2970 1289 ὁ
2996 1236 3176 1306 νόμος,
3201 1233 3308 1286 τῶν
3343 1231 3397 1284 δὲ
3428 1226 3694 1296 εὐλογιῶν

2123 1333 2420 1404 βεϐαιωτὴς
2458 1330 2684 1403 Ἰησοῦς.
2728 1328 2942 1399 Ἐπειδὴ
2970 1327 3028 1381 δὲ
3052 1326 3160 1380 ἔδει
3179 1325 3248 1378 τὰ
3277 1323 3374 1395 μὲν
3406 1319 3498 1376 τοῦ
3520 1319 3690 1390 νόμου

454 1431 564 1485 ἴδια
583 1431 798 1503 δοθῆναι
825 1429 903 1502 τῷ
929 1431 1098 1502 νόμῳ.
1134 1430 1196 1484 τὸ
1219 1430 1277 1484 δὲ
1297 1432 1394 1503 τῆς
1421 1431 1778 1503 εὐαγῇλικῆς
1820 1429 2038 1502 χάριτος
2066 1425 2400 1498 φυλαχθῆναι
2439 1427 2506 1496 τῇ
2553 1423 2760 1495 χάριτι,
2790 1420 3012 1491 ἔμειναν
3049 1419 3110 1474 αἱ
3136 1415 3418 1486 εὐλογίαι,
3450 1412 3551 1482 τὴν
3593 1406 3694 1464 τοῦ

466 1522 650 1593 Ἀμὴν
678 1522 996 1594 προσθήκην
1023 1523 1084 1576 τὸ
1110 1522 1293 1576 λοιπὸν
1322 1522 1695 1594 ὲπιξητοῦσαι.

527 1616 594 1671 Χ.
621 1621 699 1672 Ac
730 1635 796 1674 ne
824 1620 910 1674 eui
940 1631 1162 1676 coactus
1179 1622 1430 1678 videatur
1454 1636 1635 1678 sermo
1658 1627 1864 1686 noster,
1891 1619 2023 1690 quin

2198 1615 2251 1667 l’.
2282 1613 2398 1665 Ἵνα
2418 1611 2474 1663 δὲ
2500 1609 2572 1681 μὴ
2595 1608 2722 1693 δόξῃ
2753 1624 2833 1671 τις
2860 1603 3212 1676 βεϐιασμένον
3233 1595 3370 1655 εἶναι
3394 1598 3484 1653 τὸν
3509 1597 3699 1667 λόγον.

456 1711 637 1782 potius
655 1727 718 1766 ex
739 1713 972 1783 ipsamet
993 1713 1221 1769 veritate
1245 1715 1617 1770 testimonium
1642 1715 1884 1774 haberet.
1899 1711 2020 1766 audi

2138 1704 2258 1758 Ξιλλά
2281 1703 2477 1775 μᾶλλον
2504 1700 2563 1766 ἐξ
2593 1692 2758 1771 αὐτῆς
2779 1700 2876 1770 τῆς
2902 1697 3156 1768 ἀληθείας
3182 1692 3689 1784 μεμαρτυρημένον,

455 1800 686 1857 Paulum
733 1803 1053 1859 dicentem:
1111 1805 1364 1860 Dominus
1417 1817 1589 1859 autem
1634 1815 1811 1860 noster
1864 1802 2018 1857 Jesus

459 1892 698 1949 Christus
729 1911 832 1950 non
861 1894 962 1965 fuit
992 1899 1170 1968 utique
1194 1906 1243 1953 et
1271 1898 1502 1962 minime,
1527 1897 1616 1951 sed
1642 1898 1821 1966 utique
1841 1897 1893 1950 in
1915 1899 2026 1964 ipso

459 1984 580 2054 fuit.
613 1983 877 2053 Quotquot
898 1987 1034 2040 enim
1076 1999 1196 2041 sunt
1235 1987 1642 2058 pollicitationes
1684 1985 1773 2040 Dei
1803 1986 1856 2038 in
1905 1984 2024 2044 illo,

459 2076 629 2144 ipsum
650 2078 855 2147 utique;
895 2086 944 2132 et
965 2094 1057 2148 per
1082 2079 1252 2146 illum,
1284 2082 1453 2150 ipsum
1487 2079 1679 2142 Amen;
1706 2077 1774 2131 ad
1803 2077 2028 2148 gloriam

459 2163 571 2220 Deo
593 2168 659 2220 ".
694 2165 830 2221 Hinc
858 2168 985 2224 licet
1006 2170 1308 2241 intelligere
1337 2170 1530 2224 iterum
1556 2169 1696 2239 quod
1733 2168 1936 2223 dictum
1961 2166 2027 2220 ab

458 2256 721 2328 Apostolo
759 2260 860 2314 fuit
895 2278 924 2333 ε,
949 2261 1088 2326 Quia
1121 2277 1241 2314 cum
1291 2262 1486 2315 mortui
1535 2276 1765 2315 essemus
1801 2259 2027 2329 peccatis

457 2360 509 2405 et
532 2353 788 2420 prwputio
816 2354 992 2407 carnis
1023 2363 1238 2416 nostrae,
1280 2354 1661 2422 convivi/ienuit
1695 2354 1748 2406 in
1789 2353 1905 2417 illo,
1947 2354 2028 2406 in-

457 2442 676 2512 dulgens
706 2444 857 2498 nobis
880 2447 1057 2500 omnia
1088 2455 1301 2515 peccata
1339 2457 1524 2502 nostra
1543 2487 1557 2513 ,
1588 2444 1874 2522 obliterans
1905 2461 2030 2499 con-

461 2537 684 2589 trarium
713 2535 862 2591 nobis
897 2537 1319 2609 chirographum,
1359 2537 1498 2608 quod
1522 2535 1901 2592 adversabatur
1934 2551 2030 2588 no-

461 2625 542 2681 bis
574 2627 641 2680 ²⁷.
676 2626 997 2697 Cuiusmodi
1045 2629 1514 2704 chirographum?
1560 2627 1700 2683 Hine
1743 2628 1912 2682 habes
1951 2627 2029 2681 rei

461 2715 1008 2773 demonstrationem.
1040 2718 1273 2784 Quando
1317 2719 1461 2774 enim
1495 2719 1772 2774 recensuit
1803 2719 1885 2772 lex
1915 2733 2030 2771 ma-

460 2807 799 2874 ledictiones,
819 2809 996 2879 ipsum
1025 2809 1210 2880 populi
1231 2813 1412 2877 Amen,
1432 2808 1764 2879 subscriptio
1787 2807 2030 2878 quantam

461 2908 580 2955 erat
607 2900 966 2956 audientium.
991 2899 1154 2958 Jesus
1182 2903 1384 2973 quippe
1413 2908 1532 2958 erat
1563 2901 1844 2972 plenitudo
1867 2899 2033 2953 bene-

463 2988 786 3058 dictionum,
811 2992 903 3064 qui
929 2993 983 3046 in
1012 2990 1249 3050 Iordane
1270 2995 1544 3065 apparuit,
1568 2993 1659 3063 qui
1686 2991 2029 3063 prophetiam

2125 1796 2288 1850 ἄκουε
2317 1793 2528 1848 Παύλου
2553 1791 2800 1860 λέγοντος
2823 1805 2837 1821 ο
2882 1788 2947 1843 '0
2978 1787 3085 1858 γὰρ
3119 1788 3334 1854 Κύριος
3382 1783 3550 1854 ήμῶν
3585 1783 3693 1849 Ἰη-

2124 1888 2273 1952 σοῦς
2298 1885 2552 1954 Χριστὸς
2573 1886 2684 1937 οὐκ
2716 1881 2951 1952 ἐγένετο
2985 1880 3083 1934 ναί
3114 1879 3211 1933 καί
3257 1876 3328 1931 οὒ
3348 1919 3363 1944 ,
3397 1875 3556 1930 ἀλλὰ
3591 1875 3695 1928 rat

2125 1977 2370 2043 ὲ·ναὺτῷ
2396 1977 2658 2048 γέγονεν.
2702 1975 2870 2028 Ὅσαι
2909 1973 3019 2042 γὰρ
3065 1973 3408 2040 ἐπαγγελίαι
3445 1964 3593 2023 Θεοῦ
3622 1967 3702 2019 ἐν

2125 2071 2301 2137 αὐτῷ,
2326 2071 2392 2124 τὸ
2415 2071 2543 2123 ναί·
2569 2069 2664 2122 καὶ
2693 2067 2769 2121 δι’
2793 2064 2998 2132 αὑτοῦ,
3025 2064 3093 2118 τὸ
3132 2062 3307 2132 Ἀμὴν
3329 2061 3478 2130 πρὸς
3506 2059 3697 2124 δόξαν

2127 2163 2206 2230 τῷ
2235 2162 2376 2228 Θεῷ.
2424 2159 2704 2216 Ἐντεῦθεν
2724 2158 2871 2211 ἐστιν
2909 2157 3097 2226 νοῆσαι
3129 2153 3290 2208 πάλιν
3317 2153 3378 2206 τὸ
3408 2151 3698 2222 εἰρημένον

2127 2253 2231 2307 ὐπὸ
2263 2252 2356 2307 τοῦ
2394 2249 2712 2304 ’Λποστόλου
2730 2264 2744 2279 ο
2774 2249 2903 2300 Ὀτι
2925 2244 3176 2312 νεκροὺς
3200 2240 3357 2313 ἡμᾶς
3378 2241 3555 2305 ὄντας
3571 2239 3700 2305 τοῖς

2127 2343 2597 2415 παραπτώμασιν
2651 2341 2749 2396 καί
2798 2339 2871 2408 τῇ
2923 2337 3282 2408 ἀκροϐυστίᾳ
3329 2333 3440 2401 τῆς
3468 2330 3698 2400 σαρκὸς

2126 2437 2312 2506 ἡμῶν,
2369 2433 2890 2500 συνεζωοποίησεν
2947 2431 3018 2484 ἐν
3067 2427 3246 2493 αὐτῷ,
3297 2421 3696 2496 χαρισάμενος

2127 2528 2270 2597 ἡμῖν
2294 2527 2488 2581 πάντα
2521 2527 2590 2581 τὰ
2620 2522 3054 2593 παραπτώματα
3073 2518 3260 2600 ἡμῶν,
3278 2515 3607 2583 ἐξαλείψας
3625 2511 3693 2566 τὸ

2128 2619 2256 2673 καθ’
2281 2617 2457 2689 ’ἡμῶν
2509 2606 2924 2688 χειρόγραφον,
2967 2613 2997 2667 ὂ
3031 2608 3109 2682 ἦν
3138 2609 3279 2680 ἡμῖν
3309 2605 3693 2662 ὑπεναντίον.

2130 2712 2287 2765 Ποῖον
2316 2710 2677 2783 χειρόγραφον
2702 2725 2716 2775 ;
2744 2709 2886 2779 ἔχεις
2912 2705 3101 2760 τούτου
3123 2703 3221 2774 τὴν
3247 2698 3532 2764 ἀπόδειξιν.
3571 2699 3695 2750 Ὅτε

2130 2802 2238 2873 γὰρ
2259 2803 2598 2873 ὐπηγόρευσε
2623 2799 2721 2864 τὰς
2758 2796 3004 2876 κατάρας
3028 2798 3057 2848 ὁ
3082 2794 3266 2874 νόμος,
3290 2790 3353 2844 τὸ
3393 2789 3571 2860 Ἀμὴν
3604 2786 3698 2876 τοῦ

2129 2872 2262 2946 λαοῦ
2283 2890 2575 2962 ὑπογραφὴ
2617 2885 2686 2961 ἦν
2713 2888 2823 2943 τῶν
2853 2872 3176 2942 ἀέιουόντων.
3239 2879 3446 2953 Ἰησοῦς
3491 2877 3600 2948 γὰρ
3631 2872 3702 2947 ἦν

2130 2982 2190 3036 τὸ
2218 2982 2486 3054 πλήρωμα
2512 2979 2618 3033 τῶν
2645 2977 2924 3048 εὐλογιῶν,
2964 2978 2992 3030 ὁ
3017 2977 3108 3028 ἐπὶ
3141 2973 3234 3027 τοῦ
3288 2970 3552 3042 Ἰορδάνου
3597 2984 3703 3038 φα·

390 3069 397 3078 ’
463 3081 616 3139 Isaiae
644 3085 699 3139 in
727 3085 912 3155 seipso
927 3086 1555 3157 complevit.Dixitenim
1583 3085 1751 3140 Isaias
1784 3101 1797 3137 :
1831 3084 2030 3140 Exsul-

2138 3074 2260 3137 νεὶς,
2291 3073 2440 3143 ὸτὴν
2470 3070 2806 3143 προφητείαν
2848 3068 3070 3122 Ἡσαΐου
3123 3068 3202 3128 είς
3251 3057 3701 3157 ὲαυτὸνλπληρώ·

467 3178 572 3231 ten!
595 3176 800 3232 deserta
833 3175 1112 3244 Iordanis,
1131 3179 1254 3248 quia
1276 3177 1447 3249 gloria
1487 3176 1676 3232 Libani
1708 3178 1836 3230 data
1864 3185 1941 3231 est
1964 3178 2030 3240 ei,

462 3276 512 3320 et
547 3265 712 3320 honor
742 3265 974 3322 Carmeli
999 3265 1065 3324 “.
1089 3266 1300 3322 Dictum
1317 3266 1534 3338 quidem
1565 3267 2034 3338 obseurum,quod

463 3366 646 3413 tamen
679 3372 773 3427 per
801 3360 1030 3430 gratiam
1066 3357 1393 3414 declaratur.

537 3529 628 3586 XI.
661 3530 924 3588 Libanum
943 3543 1096 3588 vocat
1133 3535 1414 3604 Scriptura
1439 3535 1585 3592 illius
1612 3541 1869 3609 temporis
1888 3539 2041 3597 Jeru-

467 3626 654 3678 salem.
691 3619 879 3692 Neque
907 3622 1190 3678 existimes
1223 3631 1467 3678 coactam
1503 3639 1625 3682 esse
1653 3627 1793 3683 hanc
1821 3641 2038 3686 senten-

469 3714 620 3766 tiam.
660 3714 911 3770 Ezechiel
962 3723 1196 3770 testatur
1226 3715 1294 3772 de
1333 3706 1838 3790 Nabuchodonosor
1888 3735 2034 3794 rege.

469 3804 614 3858 Dixit
633 3805 774 3860 enim
806 3821 820 3857 :
859 3805 1052 3875 Aquila
1081 3821 1273 3876 magna
1305 3823 1618 3877 magnarum
1659 3809 1892 3875 alarum,
1921 3825 2039 3881 qua

469 3894 585 3947 alas
612 3909 872 3964 expansos
923 3894 1075 3950 habet
1105 3905 1152 3950 et
1185 3897 1341 3965 plena
1381 3907 1462 3952 est
1505 3902 1780 3970 unguium,
1823 3901 1956 3956 venit
1984 3903 2038 3956 in

469 3985 754 4048 Libanum,
783 3997 833 4041 et
863 3989 1061 4057 accepit
1089 3988 1256 4043 electa
1295 3989 1570 4045 cedrorum
1612 3990 1824 4055 Libani,
1861 4003 1911 4047 et
1942 3992 2038 4048 ad-

469 4077 624 4130 duxit
649 4076 702 4128 in
722 4075 1045 4147 Babylonem
1070 4078 1135 4130 ".
1164 4076 1307 4144 Quid
1339 4094 1464 4134 vero
1481 4080 1654 4135 electa
1684 4080 2039 4147 sunt?Quan-

471 4164 764 4234 doquidem
814 4165 1055 4219 vinctum
1120 4163 1403 4221 Sedeeiam
1460 4179 1641 4238 regem
1703 4171 1945 4233 abduxit,
1987 4177 2041 4226 et

471 4253 721 4310 Joachim
776 4266 830 4310 et
863 4256 1148 4326 pontiﬁces
1184 4275 1198 4311 :
1235 4257 1352 4312 haec
1403 4267 1558 4313 erant
1613 4261 1784 4316 electa
1826 4259 2038 4328 Libani,

472 4361 594 4416 qua:
633 4345 963 4417 Babylonem
1013 4349 1256 4403 adduxit.
1298 4347 1442 4415 Quid
1473 4357 1557 4406 est
1596 4365 1727 4417 ergo
1757 4352 1890 4407 illud
1924 4371 1939 4407 :
1974 4352 2040 4409 Et

472 4435 645 4507 gloria
673 4434 864 4491 Libani
913 4438 1043 4493 data
1076 4447 1154 4494 est
1187 4440 1270 4496 ei?
1308 4439 1445 4507 Quia
1483 4440 1850 4497 sacerdotium
1879 4441 2039 4499 Jeru-

474 4527 643 4582 salem
669 4534 722 4581 et
751 4527 1033 4598 prophetia
1061 4529 1312 4584 universa
1347 4530 1405 4583 in
1437 4528 1702 4588 Joannem
1741 4534 2043 4604 emigrave-

473 4629 579 4686 rat,
609 4627 662 4675 et
694 4626 812 4676 tota
866 4620 1261 4694 Hierosolyma,
1317 4623 1510 4680 relicto
1551 4625 1733 4693 altari,
1763 4626 1945 4682 exibat
1977 4625 2042 4682 ad

475 4714 853 4785 accipiendum
892 4715 1158 4784 baptisma
1198 4713 1468 4784 Joannis;
1514 4727 1874 4790 anteoccupat
1919 4725 2052 4791 pro-‘

475 4808 634 4879 pheta
668 4809 816 4879 loqui
842 4808 909 4864 de
945 4808 1164 4863 deserto
1195 4805 1474 4872 Jordanis,
1518 4802 1774 4881 inquiens
1812 4831 1826 4868 :
1863 4810 2046 4866 Gloria

478 4899 670 4954 Libani
700 4899 829 4954 data
858 4910 937 4956 est
958 4902 1026 4966 ei,
1065 4910 1115 4956 et
1145 4901 1312 4957 honor
1335 4901 1589 4958 Carmeli.
1626 4902 1762 4970 Quis
1785 4918 1913 4959 vero
1950 4905 2048 4960 ho-

479 4990 622 5044 nor?
651 4990 793 5046 Audi
852 4992 1019 5047 veluti
1053 4993 1107 5047 in
1145 4995 1403 5050 transitu.
1436 4994 1585 5052 Elias
1628 4997 1892 5068 propheta
1932 5003 2050 5051 erat

482 5078 658 5135 honor
691 5079 949 5136 Carmeli.
983 5081 1112 5138 Erat
1137 5085 1336 5156 quippe
1365 5085 1419 5139 in
1453 5083 1706 5140 Carmelo
1734 5084 2049 5152 Elias.Quia

484 5171 649 5242 igitur
676 5173 878 5240 prodiit
905 5171 1144 5231 Joannes
1190 5178 1244 5230 in
1274 5178 1464 5239 spiritu
1496 5186 1545 5230 et
1580 5178 1769 5232 virtute
1799 5175 1933 5231 Elite
1959 5177 2004 5209 ³⁸
2031 5195 2044 5232 :

483 5270 768 5332 propterea
803 5264 936 5319 dicit
965 5265 1152 5321 datum
1183 5284 1365 5324 eremo
1396 5269 1660 5323 honorem
1690 5269 1943 5332 Carmeli,
1981 5269 2048 5324 de

485 5369 592 5424 quo
619 5356 793 5426 inquit
815 5355 1064 5415 Salvator
1095 5379 1108 5416 :
1153 5360 1219 5414 Et
1251 5362 1298 5415 si
1328 5361 1484 5416 vultis
1516 5364 1796 5431 suscipere,
1841 5363 1950 5432 ipse
1971 5372 2049 5417 est

486 5445 637 5504 Elius
658 5451 747 5520 qui
782 5461 1028 5509 venturus
1052 5465 1130 5510 est
1158 5456 1224 5509 ".
1255 5455 1394 5521 Quia
1415 5455 1580 5528 igitur
1595 5456 1887 5526 aliquando
1901 5455 2044 5510 Elias

578 5623 624 5652 "
651 5624 804 5695 Deut.
842 5643 1032 5691 xxvrtt,
1059 5628 1113 5695 Ι,
1147 5630 1202 5685 5.

490 5705 625 5756 “tt,
655 5694 712 5756 5.
743 5697 800 5750 4.
871 5697 918 5730 ⁸⁸
949 5694 1168 5764 Lucil,
1197 5699 1286 5754 Π.
1359 5700 1402 5731 ³⁸
1439 5701 1623 5755 Matth.
1662 5717 1713 5754 ιι
1734 5743 1753 5767 ,
1785 5700 1871 5756 H.

1305 5627 1415 5682 ³⁸11
1447 5629 1571 5686 Cor.
1617 5629 1769 5689 1.19.
1805 5629 1896 5684 20.
1995 5629 2038 5661 ’ν
2075 5627 2288 5686 Coloss.
2331 5645 2400 5695 ll,
2451 5630 2552 5696 i3,
2600 5628 2688 5685 ﬂ.

2132 3181 2252 3227 σας.
2279 3163 2503 3231 Ἔλεγεν
2532 3164 2639 3232 γὰρ
2670 3159 2896 3222 Ἡσαΐας
2915 3175 2930 3190 ο
2974 3153 3374 3227 ’Λγαλλιάσθω
3411 3151 3481 3206 τὰ
3512 3151 3703 3219 ἔρημα

2118 3255 2241 3309 -τοῦ
2288 3251 2620 3322 Ἰορδάνου,
2649 3250 2737 3304 ὅτι
2770 3252 2806 3319 ἡ
2827 3249 2977 3313 δόξα
3008 3244 3266 3301 Λιϐάνου
3312 3241 3489 3308 ἐδόθη
3526 3237 3701 3307 αὐτῇ,

2132 3344 2228 3400 καί
2256 3346 2295 3414 ἠ
2325 3343 2463 3414 τιμὴ
2489 3342 2595 3398 τοῦ
2620 3340 2965 3410 Καρμήλου.
2997 3337 3069 3392 Τὸ
3091 3338 3241 3409 ῥῆμα
3270 3333 3500 3403 ἀσαφὲς,
3531 3347 3704 3400 σαφη-

2133 3439 2336 3505 νίζεται
2357 3438 2445 3492 διὰ
2474 3437 2575 3507 τῆς
2606 3435 2846 3506 χάριτος.
3171 3473 3174 3476 .
3667 3510 3670 3513 Ι

2204 3532 2306 3587 lA'.
2343 3530 2572 3584 Λίϐανον
2601 3528 2759 3582 καλεῖ
2801 3528 2834 3598 ή
2868 3524 3060 3596 Γραφὴ
3097 3521 3196 3594 τὴν
3250 3516 3608 3594 Ἰερουσαλὴμ
3645 3513 3707 3568 τὸ

2133 3621 2452 3695 τηνιὶῖαὖτα.
2508 3617 2612 3673 Καὶ
2645 3620 2718 3690 μή
2750 3616 2979 3691 νομίσῃς
3031 3613 3385 3686 βεϐιασμένον
3432 3607 3571 3664 εἶναι
3614 3603 3709 3660 τὸν

2134 3715 2310 3784 λόγον.
2359 3710 2618 3786 Ἰεζεκιὴλ
2655 3712 2922 3782 μαρτυρεῖ
2949 3707 3077 3780 περὶ
3095 3704 3189 3759 τοῦ
3223 3699 3708 3774 Ναϐουχοδονόσωρ

2135 3806 2229 3861 τοῦ
2286 3803 2568 3876 βασιλέως.
2620 3801 2817 3870 ΙιΕλεγε
2850 3801 2998 3872 γάρ’
3042 3799 3105 3852 '0
3149 3795 3322 3861 ἀετὸς
3369 3797 3399 3849 d
3433 3791 3640 3862 μένας,
3677 3792 3711 3844 ό

2131 3894 2687 3970 μεταλοεττέρυγος,
2736 3897 2772 3948 d
2809 3890 3194 3961 ἐκτεταμένος
3226 3886 3357 3952 ταῖς
3384 3882 3670 3952 πτέρυξιν
3691 3921 3707 3946 ,

2137 3991 2236 4045 καὶ
2268 3987 2504 4056 πλήρης
2537 3987 2792 4055 ὀνύχων,
2825 3978 3011 4055 ἦλθεν
3035 3986 3121 4048 είς
3158 3981 3262 4035 τὸν
3288 3979 3566 4040 Λίϐανον,
3606 3972 3708 4028 καί

2139 4083 2354 4137 ἔλαϐεν
2382 4069 2454 4134 τὰ
2473 4077 2729 4132 ἐκλεκτὰ
2749 4077 2859 4144 τῆς
2891 4059 3104 4142 κέδρου
3144 4070 3252 4126 τοῦ
3295 4070 3574 4131 Λιϐάνου,
3611 4063 3712 4119 καί

2141 4171 2450 4241 ἀπήγαγεν
2487 4173 2574 4235 είς
2608 4166 2951 4224 Βαϐυλῶνα.
2983 4165 3063 4219 Τά
3099 4163 3154 4218 δὲ
3193 4160 3422 4217 ὲκλεκτὰ
3457 4159 3580 4213 τίνα
3602 4151 3715 4229 ἦν;

2152 4246 2368 4334 Ἐπειδὴ
2427 4263 2678 4316 Σεδεκίαν
2711 4263 2878 4332 δήσας
2905 4261 3191 4330 ἀπήγαγεν
3219 4256 3310 4310 τὸν
3350 4252 3572 4326 βασιλέα
3615 4249 3714 4305 καὶ

2139 4357 2230 4412 τὸν
2261 4356 2517 4426 Ἰωακεὶμ
2532 4355 2767 4416 καὶτοὺς
2793 4353 3084 4423 ἀρχιερεῖς,
3106 4349 3276 4405 ταῦτα
3296 4343 3363 4419 ἦν
3389 4349 3458 4398 τά
3479 4341 3713 4396 ὲκλεκτά

2143 4445 2237 4502 τοῦ
2285 4446 2540 4511 Λιϐάνου,
2591 4446 2683 4498 καὶ
2724 4445 3008 4515 ἀπήγαγεν
3051 4437 3131 4500 εῐέ
3168 4436 3484 4492 Βαϐυλῶνα.
3526 4431 3592 4486 Τί
3616 4427 3713 4484 οὖν

2147 4543 2294 4595 ἐστιν
2327 4539 2418 4592 τό·
2448 4538 2555 4592 Καί
2595 4539 2634 4605 ἡ
2675 4537 2824 4600 δόξα
2869 4533 2975 4588 τοῦ
3018 4532 3275 4589 Λιϐάνου
3303 4527 3479 4594 ἐδόθη
3517 4521 3714 4592 αὐτῆς

2159 4634 2376 4705 Ἐπειδὴ
2395 4635 2426 4704 ἡ
2451 4630 2717 4704 ἱερωσύνη
2733 4629 2832 4698 τῆς
2865 4625 3218 4700 Ἰερουσαλήμ
3243 4621 3382 4692 καὶὴ
3405 4615 3715 4692 προφητεία

2149 4727 2297 4778 πᾶσα
2329 4722 2531 4795 μετέὸη
2561 4724 2639 4785 εἰς
2661 4721 2750 4774 τὸν
2786 4718 3059 4790 Ἰωάννην,
3095 4717 3188 4770 καὶ
3233 4716 3376 4768 πᾶσα
3414 4713 3447 4783 ἠ
3487 4710 3716 4781 Ἱεροσό-

2143 4815 2308 4887 λυμα,
2337 4812 2707 4870 καταλιποῦσα
2733 4812 2794 4865 τὸ
2812 4810 3214 4880 θυσιαστήριον,
3240 4807 3497 4878 ἐξήρχετο
3527 4804 3623 4856 ἐπὶ
3654 4801 3716 4856 τὸ

2143 4908 2327 4962 λαδείν
2353 4908 2414 4962 τὸ
2436 4907 2715 4978 βάπτισμα
2745 4905 3014 4967 Ἰωάννου,
3055 4899 3343 4973 προλαϐὼν
3370 4901 3397 4952 ὁ
3429 4896 3715 4969 προφήτης

2144 4998 2290 5066 λέγει
2320 4997 2446 5069 περὶ
2469 4996 2570 5065 τῆς
2597 4996 2803 5066 ἐρήμου
2834 4991 2928 5047 τοῦ
2979 4990 3242 5062 Ἰορδάνου
3264 5007 3278 5021 ο
3321 4989 3382 5044 'H
3407 4985 3557 5050 δόξα
3607 4983 3715 5038 τοῦ

2147 5090 2403 5147 Λιϐάνου
2429 5088 2603 5157 ἐδόθη
2627 5085 2803 5155 αὐτῇ,
2835 5085 2930 5139 καὶ
2957 5085 2993 5151 ἡ
3034 5084 3170 5154 τιμὴ
3215 5081 3321 5136 τοῦ
3366 5076 3710 5147 Καρμήλου.

2146 5181 2258 5236 Καὶ
2281 5181 2415 5252 τίςή
2448 5180 2579 5250 τιμή
2608 5196 2622 5245 ;
2650 5179 2869 5240 Ἄκουε,
2920 5177 2994 5241 ὡς
3029 5177 3088 5230 ἐν
3122 5172 3464 5243 παραδρομῇ.
3527 5166 3713 5252 Ἠλίας

2147 5267 2215 5342 ἦν
2238 5271 2267 5323 ὁ
2295 5249 2578 5342 προφήτης
2610 5269 2643 5340 ή
2672 5269 2806 5339 τιμὴ
2825 5265 2917 5321 τοῦ
2941 5264 3258 5336 Καρμήλου.
3303 5260 3487 5321 Ἠλίας
3507 5256 3616 5328 γὰρ
3642 5249 3714 5324 ἦν

2149 5363 2207 5415 ὲν
2239 5362 2315 5432 τῷ
2347 5361 2650 5433 Καρμήλῳ.
2697 5360 2848 5413 Ἐπεὶ
2900 5353 2992 5412 οὖν
3040 5353 3306 5428 προῆλθεν
3361 5348 3606 5417 Ἰωάννης
3653 5345 3713 5397 ἓν

2152 5455 2422 5526 πνεύματι
2477 5456 2572 5509 καὶ
2623 5452 2848 5524 δυνάμει
2908 5448 3108 5515 Ἠλίου,
3161 5445 3248 5501 διά
3292 5441 3449 5499 τοῦτό
3509 5452 3711 5508 φησιν’

2791 5629 2838 5662 ⁸⁸
2864 5626 2987 5684 Isai.
3027 5639 3186 5691 κιαι,
3217 5621 3343 5688 1,2.
3440 5619 3485 5655 ²⁹
3511 5613 3711 5673 Ezech.
