3878 6300
210 313 280 370 εδ
1308 310 1564 368 ORATIO
1601 311 1671 368 IN
1709 310 1822 366 DEI
1859 309 2390 368 APPARITlONEM.
3391 311 3462 372 26

223 425 410 495 Ἐδόθη
433 427 468 496 ἡ
497 423 636 497 τιμὴ
664 419 757 479 τοῦ
792 427 1090 498 Μρμήὶου
1120 430 1187 500 τῇ
1215 428 1429 500 ἐρήμῳ,
1457 429 1584 501 περὶ
1611 421 1672 483 οὗ
1697 446 1796 500 φη·

1901 427 2209 484 Carmelum
2246 426 2538 491 incolebat,
2571 440 2719 481 nunc
2751 441 2882 482 vero
2906 441 3148 483 eremum
3187 427 3464 496 Joannes,

211 535 294 572 σιν
320 519 348 571 ό
377 517 576 589 Σωτήρ
595 534 609 546 ·
638 519 747 572 Kal
781 521 833 572 ει
867 518 1070 574 θέλετε
1094 519 1401 588 δέξασθαι,
1422 523 1603 588 αὑτός
1625 523 1796 576 ἐστιν

1900 526 2185 590 propterea
2224 522 2419 574 merito
2450 519 2582 572 dicit
2619 539 2630 574 :
2671 516 2857 573 Gloria
2895 518 3084 573 Libani
3114 517 3242 574 data
3271 529 3350 573 est
3390 519 3460 586 ei,

219 609 433 674 Ἠλίας
459 611 493 662 ό
521 607 766 678 μέλλων
799 607 1099 677 ἔρχεσθαι.
1147 612 1300 664 Ἐπεὶ
1351 609 1444 667 οὖν
1489 612 1619 666 ποτὲ
1695 613 1794 683 μὲν

1898 622 1947 667 et
1981 613 2146 667 honor
2170 611 2418 667 Carmeli.

221 701 410 766 Ἠλίας
431 702 571 773 ᾤκει
615 704 704 758 τὸν
752 705 1070 776 Κάρμηλον,
1108 705 1204 760 νῦν
1231 708 1290 762 δὲ
1335 709 1583 781 Ἰωάννης
1629 709 1727 780 τὴν
1788 708 2012 779 ἔρημον,
2039 708 2265 773 εἰκότως
2318 707 2515 778 φησίν·
2555 708 2628 762 'H
2655 705 2805 771 δόξα
2848 706 2950 760 τοῦ
2981 705 3238 762 Λιϐάνου
3293 704 3465 772 ἐδόθη

207 795 388 865 αὐτῇ,
424 798 525 851 καὶ
558 799 597 867 ἠ
632 797 770 867 τιμὴ
801 799 909 853 τοῦ
929 800 1272 870 Καρμήλου.

252 912 355 968 ω’.
395 915 513 968 Νῦν
534 915 613 980 δὲ,
642 915 938 988 scaeam
970 916 1097 984 δόξα
1129 919 1310 990 ἐκείνη
1353 919 1414 972 οὐ
1450 920 1549 992 τὴν
1587 919 1792 992 ἔρημον

216 1008 383 1077 μόνην
414 1008 758 1078 ἐπλήρωσεν,
791 1007 927 1062 ἀλλὰ
961 1009 1054 1062 καὶ
1078 1009 1176 1081 τὴν
1205 1012 1526 1084 οἰκουμένην
1555 1011 1792 1066 ἃπασαν.

211 1097 461 1167 Σήμερον
485 1098 595 1169 γὰρ
627 1100 902 1169 πανταχοῦ
936 1101 1034 1172 τῆς
1053 1104 1156 1174 γῆς
1191 1101 1348 1173 ὕμνοι
1378 1105 1469 1156 καὶ
1504 1103 1794 1173 θεολογίαν

210 1188 318 1241 ἀπὸ
355 1189 606 1260 ἑσπέρας
636 1190 800 1262 μέχρι
833 1192 931 1260 τῆς
967 1192 1127 1264 δεῦρο
1170 1195 1462 1265 ἑστήκασιν
1497 1195 1793 1266 ἄνθρωποι,

211 1280 303 1332 καὶ
321 1280 516 1351 ὕμνοις
541 1282 634 1334 τὸν
651 1281 815 1337 ὕπνον
840 1283 1095 1355 ἐνίκησαν
1115 1301 1130 1316 ο
1156 1286 1299 1357 καὶὴ
1324 1286 1482 1357 χάρις
1505 1286 1795 1350 ἐδείκνυτο,

211 1375 304 1427 καὶ
330 1376 362 1444 ἡ
402 1374 568 1444 φύσις
592 1376 692 1429 οὐκ
714 1377 992 1447 ἠλέγχετο,
1025 1377 1134 1432 Καὶ
1155 1378 1297 1444 μάλα
1320 1380 1562 1443 εἰκότως.
1587 1378 1796 1447 Ὥσπερ

211 1465 316 1536 γὰρ
355 1465 602 1537 σίδηρος,
659 1468 793 1540 πυρὶ
823 1468 1251 1540 προσομιλήσας,
1277 1469 1304 1522 δ
1352 1470 1449 1540 μὲν
1477 1465 1562 1540 ἦν,
1614 1469 1794 1524 οὐκέτι

212 1558 492 1626 φαίνεται,
511 1559 540 1612 ὃ
564 1559 621 1611 δὲ
646 1559 746 1612 οὐκ
773 1554 864 1632 ἦν,
887 1559 1224 1626 ἐπενδύεται,
1256 1563 1316 1614 οὐ
1345 1560 1446 1632 τὴν
1473 1561 1634 1632 φύσιν
1664 1563 1798 1616 ἀπο-

212 1648 519 1720 τιθέμενος,
553 1651 669 1704 ἀλλ’
700 1651 791 1704 ἐπὶ
819 1651 921 1724 τὴν
950 1649 1112 1721 φύσιν
1132 1651 1231 1723 τὴν
1263 1652 1623 1724 λαμπρότητα
1644 1652 1798 1716 8556-

1964 915 2083 972 XII.
2114 914 2272 970 Nunc
2327 929 2456 969 vero
2480 956 2494 978 ,
2531 911 2760 978 fratres,
2805 912 2974 984 gloria
3008 914 3097 968 illa
3150 931 3256 970 non
3291 916 3466 973 solum

1897 1028 2143 1069 eremum
2184 1011 2446 1080 implevit,
2485 1009 2580 1064 sed
2629 1015 2684 1063 et
2724 1009 2908 1062 orbem
2938 1018 3206 1062 terrarum
3244 1009 3468 1065 univer-

1897 1119 2039 1160 sum.
2078 1100 2246 1154 llodic
2273 1099 2419 1154 enim
2443 1097 2644 1167 ubique
2668 1103 2940 1150 terrarum
2963 1096 3151 1167 hymni
3177 1105 3231 1152 et
3256 1113 3469 1154 sermo-

1898 1212 1996 1252 nes
2032 1195 2097 1249 de
2128 1195 2256 1248 Deo.
2289 1192 2332 1245 A
2361 1205 2583 1261 vespere
2620 1187 2689 1243 ad
2725 1189 2866 1242 hanc
2911 1175 3086 1259 usque
3138 1189 3326 1244 horam
3357 1199 3468 1246 ste-

1898 1297 2085 1345 terunt
2112 1286 2380 1346 homines,
2413 1291 2468 1338 et
2506 1282 2720 1354 hymnis
2758 1298 3004 1339 somnum
3033 1282 3281 1336 vicerunt
3305 1300 3319 1347 ;
3343 1297 3470 1353 gra-

1896 1383 1970 1436 tia
1992 1379 2308 1452 apparebat,
2337 1383 2390 1432 et
2411 1382 2604 1430 natura
2633 1390 2739 1429 non
2778 1376 3130 1445 arguebatur.
3167 1375 3242 1430 Ac
3271 1374 3468 1430 merito

1895 1489 2046 1531 sane.
2069 1468 2533 1539 Quemadmodum
2564 1467 2710 1522 enim
2736 1467 2939 1522 ferrum
2975 1467 3118 1537 quod
3152 1466 3243 1520 diu
3267 1467 3320 1520 in
3346 1466 3468 1537 igne

1895 1565 2019 1628 fuit,
2073 1563 2217 1636 quod
2253 1563 2471 1633 quidem
2505 1569 2627 1616 erat
2678 1577 2788 1615 non
2840 1560 3074 1630 amplius
3120 1568 3361 1630 apparet,
3415 1567 3470 1614 et

1897 1656 2043 1729 quod
2071 1672 2176 1712 non
2205 1664 2322 1710 erat
2352 1654 2529 1708 induit
2558 1670 2572 1719 ;
2601 1669 2707 1708 non
2737 1661 2986 1706 naturam
3017 1667 3246 1716 exuens,
3276 1650 3369 1706 sed
3401 1651 3470 1706 ad

216 1757 375 1811 μενος
404 1760 418 1773 ·
479 1741 656 1805 οὕτως
697 1743 792 1797 καὶ
836 1745 995 1813 ἡμεῖς
1024 1742 1452 1810 καταξιωθέντες
1503 1743 1597 1796 τοῦ
1639 1743 1792 1811 ἁγίου

1899 1756 2144 1803 naturam
2175 1743 2517 1816 splendorem
2551 1741 2830 1812 accipiens
2867 1757 2881 1794 :
2933 1741 3014 1798 sic
3043 1743 3206 1797 etiam
3240 1756 3339 1797 nos
3388 1739 3472 1796 di-

214 1831 350 1883 Πνεὺ
360 1849 555 1902 ματος,
589 1833 946 1904 ἠρνησάμεθα
969 1832 1065 1887 τοῦ
1100 1833 1348 1905 σώματος
1370 1833 1465 1905 τὴν
1488 1832 1790 1901 ἀσθένειαν,

213 1925 304 1977 καί
328 1914 702 1994 ὲνεδυσάμεθα
717 1924 810 1978 τοῦ
830 1924 969 1978 Πνεύ
977 1942 1144 1996 ματος
1157 1925 1256 1996 τὴν
1281 1926 1582 1998 ἐνέργειαν.
1603 1925 1794 1998 "Esm-

213 2033 306 2070 κεν
342 2018 377 2086 ἡ
425 2015 727 2088 Ἐκκλησία
776 2017 952 2070 διόλου
998 2013 1330 2088 λάμπουσα,
1360 2019 1452 2071 καὶ
1494 2009 1794 2090 πληροῦται

214 2109 299 2161 ἐπ’
333 2109 473 2178 αὐτῇ
503 2107 596 2160 τό·
634 2108 899 2178 Ἐγένετο
949 2109 1176 2177 ἑσπέρα
1196 2149 1210 2174 ,
1244 2109 1340 2162 καὶ
1382 2109 1618 2180 ἐγένετο
1649 2109 1800 2179 πρωῒ

213 2197 400 2267 ἡμέρα
430 2199 566 2266 μία.
617 2199 730 2252 Οὐκ
777 2195 928 2270 ἐἶχεν
967 2201 998 2271 ἡ
1050 2199 1145 2267 νὺξ
1187 2201 1408 2265 σκότος,
1451 2205 1515 2273 τῇ
1552 2202 1797 2275 θεολογίᾳ

215 2288 580 2358 φωτιζόμενος
601 2291 696 2360 (4).
716 2292 830 2344 Οὐκ
851 2287 994 2362 εἶχεν
1015 2292 1048 2362 ἠ
1077 2292 1173 2358 νὺξ
1197 2292 1386 2354 σκότος
1403 2309 1416 2323 ο
1437 2291 1514 2362 τῷ
1540 2293 1648 2364 γὰρ
1669 2291 1797 2364 θείῳ

213 2379 371 2450 Λόγῳ
397 2380 780 2452 κατελάμπετο
808 2384 948 2437 κατὰ
967 2383 1028 2436 τὸ
1055 2383 1342 2458 εἰρημένον
1366 2383 1469 2437 ὑπὸ
1492 2382 1584 2436 τοῦ
1611 2383 1796 2436 Δαὸίδο

214 2471 320 2524 Kal
349 2470 468 2535 νὺξ
498 2473 806 2542 φωτισμὸς
830 2475 899 2528 ὲν
931 2472 1006 2542 τῇ
1046 2473 1244 2544 τρυφῇ
1279 2492 1420 2544 μου,
1471 2474 1553 2530 ὅτι
1578 2476 1799 2542 σκότος

215 2565 282 2617 οὐ
312 2563 793 2630 σκοτισθήσεται
839 2567 958 2620 ἀπὸ
999 2568 1145 2632 σοῦ,
1193 2568 1291 2620 καὶ
1342 2567 1458 2632 νὺξ
1501 2570 1582 2633 ὡς
1611 2567 1800 2638 ἡμέρα

213 2657 678 2726 φωτισθήσεται.
711 2659 977 2714 Τοσοῦτον
1006 2661 1141 2730 φῶς,
1172 2661 1424 2715 τοσοῦτον
1474 2662 1668 2726 κάλλος
1701 2679 1800 2715 πε-

218 2748 580 2820 ριαστράπτει
613 2752 712 2822 τὴν
749 2752 1096 2823 Ἐκκλησίαν.
1120 2753 1334 2807 Γένοιτο
1361 2754 1417 2808 δὲ
1451 2756 1616 2826 ἡμᾶς,
1648 2754 1804 2809 ἀδελ-

216 2841 325 2908 φοὶ,
346 2841 472 2913 θείᾳ
504 2843 689 2914 χάριτι
723 2845 954 2898 πάντοτε
982 2845 1510 2917 καταλαμπομένους
1548 2847 1627 2918 τῷ
1675 2866 1802 2901 παν-

215 2934 356 3006 αγίῳ
384 2934 508 3006 Θεῷ
538 2935 694 3003 δόξαν
717 2937 1058 3008 ἀναπέμπειν
1074 2955 1088 2969 ο
1108 2931 1153 3007 ᾦ
1177 2939 1376 3010 πρέπει
1397 2938 1522 3004 δόξα
1549 2939 1646 2992 καὶ
1669 2940 1800 3012 τιμὴ

217 3031 298 3092 είς
321 3029 453 3092 τοὺς
484 3028 710 3094 αἰῶνας.
752 3029 945 3102 Ἀμήν.
1553 3034 1570 3042 ’
1709 3047 1712 3049 ‘

287 3182 332 3217 ⁸³
358 3183 498 3239 Gen.
526 3200 566 3250 ι,
603 3184 658 3240 5.
734 3186 782 3218 ⁸³
815 3185 958 3242 Psal.
1007 3201 1268 3254 cxxxvm,
1301 3186 1388 3251 11,
1420 3187 1519 3242 12.

1892 1839 1982 1910 gui
2012 1837 2188 1896 eﬂ‘ecti
2237 1847 2429 1892 sancto
2473 1833 2718 1905 Spiritu,
2773 1834 3166 1905 abnegavimus
3221 1833 3472 1904 corporis

1894 1931 2367 1996 imbecillitatem,
2411 1937 2465 1985 et
2504 1927 2783 1982 induimus
2841 1926 3085 1997 Spiritus
3143 1925 3470 1981 efﬁcaciam.

1896 2023 2060 2079 Stetit
2083 2005 2325 2078 Ecclesia
2356 2020 2674 2092 per'omnia
2727 2017 2938 2090 fulgens
2966 2063 2980 2086 ,
3016 2020 3384 2090 impleturque
3415 2018 3473 2074 in

1895 2131 1957 2171 ea
1981 2115 2114 2170 illud
2151 2132 2164 2168 :
2191 2112 2319 2167 Fuit
2345 2128 2576 2183 vespera,
2609 2121 2658 2168 et
2691 2113 2792 2183 fuit
2815 2128 2968 2167 mane
3000 2111 3112 2166 dies
3134 2128 3240 2166 una
3262 2111 3328 2166 “.
3353 2110 3473 2166 Non

1896 2208 2129 2264 habebat
2162 2222 2268 2262 nox
2321 2205 2716 2260 obscuritatem
2760 2205 2860 2275 (5),
2921 2205 3149 2260 assiduo
3199 2203 3474 2259 illustrala

1896 2314 2150 2356 sermone
2171 2299 2236 2353 de
2261 2297 2389 2352 Deo.
2413 2296 2530 2350 Non
2559 2298 2792 2352 habebat
2821 2297 3214 2352 obscuritatem
3243 2311 3254 2346 :
3277 2293 3464 2349 divino

1895 2391 2040 2446 enim
2066 2389 2246 2444 Verbo
2272 2389 2668 2451 illustrabutnr,
2693 2389 2844 2458 juxta
2889 2389 3033 2459 quod
3076 2404 3105 2441 a
3148 2387 3351 2444 Davide
3380 2387 3467 2443 di-

1897 2490 2046 2537 ctum
2079 2489 2195 2536 est:
2225 2480 2290 2534 Et
2319 2495 2424 2534 nox
2453 2479 2773 2534 illuminatio
2806 2481 2858 2534 in
2893 2480 3156 2549 voluptate
3185 2481 3475 2550 mea;quia

1899 2573 2122 2628 tenebraz
2149 2589 2250 2626 non
2286 2571 2641 2629 tenebrescent
2673 2589 2704 2625 a
2741 2580 2811 2635 te,
2837 2581 2884 2625 et
2907 2585 3016 2625 nox
3054 2573 3190 2625 sicut
3211 2571 3321 2625 dies
3353 2570 3476 2624 illu-

1899 2664 2186 2718 minabitur
2215 2664 2283 2718 ³³.
2315 2664 2488 2719 Tanta
2521 2665 2634 2728 lux,
2670 2671 2824 2716 tanta
2865 2661 3217 2732 pulchritudo
3249 2662 3478 2716 circum-

1900 2754 2070 2826 fulget
2107 2754 2385 2812 Ecclesiae.
2431 2755 2725 2825 Contingat
2757 2762 2935 2807 autem
2970 2767 3071 2807 nos
3092 2792 3108 2818 ,
3140 2751 3359 2817 fratres,
3389 2749 3476 2803 di-

1901 2848 2025 2902 vina
2075 2849 2249 2919 gratia
2303 2863 2522 2918 semper
2586 2847 2886 2901 illustratos
2951 2842 3302 2899 sanctissimo
3363 2840 3474 2896 Deo

1901 2939 2128 3010 gloriam
2174 2938 2400 2995 reddere
2425 2979 2442 3005 ,
2490 2947 2651 3011 quem
2703 2938 2858 2993 decet
2892 2935 3066 3007 gloria
3114 2941 3168 2990 et
3208 2934 3384 2989 honor
3417 2932 3476 2987 ὴ

1903 3033 2124 3097 saecula,
2156 3031 2350 3088 Amen.

405 3339 757 3425 ξερτιζομένη
798 3351 940 3425 puto
983 3342 1271 3414 legendum
1297 3383 1314 3410 ,
1359 3344 1441 3425 γει
1499 3344 1890 3425 φωτιζόμενον.

287 3409 372 3482 (5)
409 3409 684 3468 Videntur
708 3409 963 3486 vigilasse
992 3428 1023 3468 a
1043 3409 1287 3486 'vespere
1319 3414 1388 3468 ad
1433 3409 1655 3478 multam
1680 3409 1794 3484 jam
1833 3415 1976 3470 diem
1999 3422 2214 3472 veteres
2245 3415 2301 3470 in
2333 3417 2474 3472 festo
2501 3413 2842 3488 Epiphania}.

1155 3782 1263 3844 DE
1304 3782 1701 3857 SEQUENTI
1745 3781 2091 3843 HOMILIA
2135 3781 2536 3843 MONlTUM.

1387 3928 1526 3990 (Mn
1571 3925 1748 3991 Spicil.
1788 3929 1926 3976 Rom.
1955 3925 2016 3987 X,
2062 3939 2112 3989 p.
2141 3925 2295 3987 ﬁt.)

290 4058 357 4118 In
386 4063 569 4118 codice
595 4063 775 4132 prisco
807 4059 1144 4123 Sessoriano,
1169 4060 1481 4113 observante
1517 4057 1582 4114 P.
1612 4039 1887 4123 dmatore,
1914 4072 2006 4111 nec
2043 4072 2146 4108 non
2176 4071 2230 4108 in
2261 4053 2370 4108 alio
2400 4052 2693 4120 exemplari
2725 4052 2947 4106 homilia
2973 4061 3146 4107 exstat
3180 4051 3253 4107 De
3283 4050 3488 4107 Kalen-.

223 4157 306 4214 dis
339 4157 616 4220 Januarii,
649 4155 734 4209 cui
767 4154 942 4211 sancti
975 4151 1257 4208 Severiani
1290 4166 1477 4203 nomen
1510 4150 1824 4218 inscriptum
1866 4157 1965 4204 est.
2004 4147 2160 4202 Hunc
2193 4163 2288 4216 ego
2319 4160 2634 4209 sermonem,
2675 4144 2820 4213 facta
2852 4145 3162 4209 collatione,
3209 4141 3484 4196 diversum

223 4271 331 4310 esse
361 4233 749 4324 comperiebam
779 4271 812 4308 a
843 4251 1171 4307 sermonibus
1210 4265 1300 4315 per
1339 4248 1550 4302 easdem
1585 4243 1861 4300 Kalendas
1893 4244 2050 4300 dictis
2088 4245 2139 4298 1.
2177 4243 2232 4300 8.
2269 4243 2558 4314 Augustini
2593 4257 2751 4298 serm.
2796 4240 2890 4296 XC
2908 4239 3038 4304 VII,
3091 4249 3138 4295 et
3179 4235 3477 4303 XCVIII;

228 4346 279 4400 2.
311 4345 365 4400 8.
384 4346 538 4400 Petri
567 4344 1055 4417 Chrysologiserm.
1087 4341 1265 4401 CLV;
1299 4342 1349 4394 5.
1375 4339 1432 4395 8.
1467 4339 1732 4392 Ambrosii
1750 4354 1908 4392 serm.
1937 4336 2078 4401 VII;
2100 4337 2154 4392 4.
2189 4335 2248 4392 8.
2271 4336 2467 4390 Asterii
2502 4335 2752 4389 Amaseni
2786 4334 2925 4401 apud
2942 4331 3311 4402 Combeﬁsium
3338 4332 3470 4385 Nov.

227 4447 368 4493 auct.
393 4449 434 4494 t.
463 4437 515 4502 Ι,
550 4455 602 4507 p.
629 4433 1058 4509 65(Patrol.6r.
1079 4443 1119 4488 t.
1139 4433 1250 4501 XL)
1270 4451 1284 4498 ;
1303 4433 1357 4490 5.
1378 4431 1436 4487 S.
1457 4431 1682 4486 Maximi
1706 4430 1926 4484 Taurin.
1954 4447 2111 4485 serm.
2145 4427 2383 4493 XVI;0,
2410 4429 2618 4482 Atlonis
2657 4427 2876 4482 Vercell.
2904 4444 3058 4482 serm.
3077 4426 3198 4492 Ill,
3229 4426 3368 4496 apud
3396 4441 3484 4480 me

233 4529 406 4601 Scrip.
428 4539 539 4585 vet.
560 4541 599 4585 t.
627 4528 722 4596 VI,
752 4539 893 4599 part.
913 4544 974 4592 ll,
1003 4543 1054 4597 p.
1084 4527 1169 4582 15.
1192 4525 1331 4593 Quid
1351 4541 1554 4596 agerem
1574 4528 1598 4580 ?
1618 4523 1830 4578 Satisne
1844 4525 2142 4595 quwsivisse
2173 4539 2251 4578 me
2277 4521 2342 4576 de
2357 4522 2451 4576 hoc
2486 4521 2683 4590 scripto
2710 4518 3074 4586 crederem,an
3105 4519 3276 4586 ipsum
3305 4516 3483 4571 adhuc

229 4624 528 4690 suspicarer
561 4621 757 4676 alicubi
781 4623 1001 4685 editum,
1027 4623 1132 4676 sive
1163 4622 1258 4675 sub
1300 4619 1565 4675 Seueriani
1597 4620 1702 4674 sive
1739 4619 1834 4673 sub
1868 4619 2163 4688 cujuspiam
2193 4617 2414 4672 alterius
2445 4617 2693 4671 nomine?
2721 4613 2874 4670 Certe
2903 4614 2967 4668 de
3010 4613 3329 4668 Gabalitano
3355 4614 3467 4682 epi-

229 4731 381 4782 scopo
418 4711 702 4768 Severiano
722 4714 810 4766 vix
834 4711 1167 4783 cogitandum
1196 4711 1467 4781 putabam,
1491 4713 1681 4765 etenim
1704 4709 1899 4764 Latina
1929 4710 2155 4765 elocutio
2186 4710 2310 4764 talis
2343 4719 2440 4775 est,
2482 4725 2599 4780 quae
2624 4709 2688 4762 de
2721 4706 2902 4761 Gra'co
2933 4707 3084 4774 fonte.
3113 4722 3330 4760 manare
3361 4721 3471 4759 non

231 4812 452 4865 ridetur.
498 4808 646 4864 Num
673 4809 906 4865 Severini
947 4809 1124 4878 potius
1151 4824 1338 4863 nomen
1380 4808 1474 4862 sub
1511 4807 1795 4863 Severiano
1838 4807 2004 4861 latere
2035 4805 2345 4871 arbitrarer,
2379 4823 2498 4876 quis
2521 4821 2702 4873 reapse
2730 4804 3072 4857 commutatio
3112 4803 3165 4855 in
3207 4800 3477 4856 nonnullis

234 4902 500 4956 codicibus
538 4903 623 4970 ﬁt,
650 4903 741 4956 ubi
765 4904 965 4972 aliquot
999 4901 1058 4957 8.
1103 4901 1253 4957 Petri
1291 4901 1603 4972 Chrysologi
1642 4918 1928 4964 sermones,
1961 4902 2119 4955 modo
2151 4899 2398 4957 Severino
2431 4900 2795 4953 inscribuntur
2825 4895 2980 4950 modo
3015 4895 3344 4951 Severiano?
3380 4893 3480 4948 Ve-

233 5004 531 5050 rumtamen
572 5013 635 5050 ne
661 4995 897 5052 Severini
928 4997 1135 5068 quidem
1175 4997 1405 5066 episcopi
1429 4997 1571 5051 ullus
1597 4996 1735 5067 quod
1761 4996 1924 5050 sciam
1956 5012 2128 5050 sermo
2151 5003 2347 5050 exstat.
2406 4991 2548 5046 Nam
2585 4989 2822 5046 Severini
2859 4991 3127 5044 sententire
3153 4989 3262 5042 illae
3290 5006 3323 5042 a
3363 4985 3478 5041 Sir-

236 5087 422 5139 mondo
464 5084 603 5156 Opp.
646 5095 686 5140 t.
731 5083 814 5148 Il,
857 5086 1033 5147 editor.
1080 5095 1130 5141 et
1179 5105 1211 5141 a
1243 5086 1402 5140 Pezio
1434 5085 1705 5142 Thesaur.
1745 5085 1938 5141 anscd.
1973 5097 2012 5140 ι.
2064 5085 2174 5154 ιγ,
2205 5102 2297 5140 ceu
2326 5085 2540 5139 inedita:
2564 5082 3174 5154 repetittei(quanquam
3205 5082 3250 5136 is
3295 5091 3479 5150 postea

234 5189 466 5230 errorem
501 5192 657 5230 suum
682 5179 915 5248 agnovit)
941 5177 1077 5231 nihil
1098 5178 1288 5232 habent
1314 5177 1450 5248 quod
1477 5177 1546 5231 ad
1574 5177 1711 5232 hunc
1733 5177 1922 5244 referri
1955 5194 2246 5233 sermonem
2275 5185 2450 5248 queat.
2489 5175 2854 5230 Verumtamen
2877 5192 2938 5230 ne
2962 5176 3246 5244 pretiosum
3275 5172 3480 5242 [κρίθη-

237 5273 303 5323 tis
331 5271 452 5326 vitae
484 5281 693 5339 tempus
725 5273 781 5326 in
822 5273 920 5326 hac
968 5271 1311 5327 meditatione
1338 5271 1539 5327 diutius
1582 5283 1821 5338 tererem,
1853 5274 1936 5327 hic
1971 5273 2107 5328 velut
2141 5274 2198 5327 in
2237 5272 2360 5326 libri
2397 5273 2594 5343 angulo
2624 5272 2892 5327 eruditum
2925 5270 3061 5324 hunc
3089 5266 3481 5324 sermuncnlum

235 5362 494 5420 collocare
523 5363 747 5427 decrevi,
779 5363 843 5419 de
866 5381 965 5437 quo
1004 5366 1278 5421 otiosiores
1313 5376 1360 5420 et
1390 5367 1709 5423 curiosiores
1741 5366 1976 5422 homines
2015 5383 2112 5437 pro
2143 5383 2244 5422 sua
2263 5365 2534 5423 industria
2561 5364 2856 5437 disquirent
2879 5372 2929 5420 et
2947 5361 3282 5434 judicabant.

1779 5650 2091 5672 ‘0—
