3878 6300
405 297 478 355 27

1340 306 1704 362 SEVERIANI
1739 308 2023 364 HOMILIA
2063 309 2152 364 DE
2188 306 2642 364 PYTHONIBUS.

1269 649 1973 768 SEVEBIAN
1989 653 2030 765 Ι
2121 652 2760 766 EPISCOPI

753 881 1275 976 HOMILIA
1332 885 1478 973 DE
1536 883 2313 985 PYTHONIBUS
2365 887 2517 978 ET
2569 886 3290 980 MALEFICIIS.

472 1143 796 1215 Evangelica
844 1146 1004 1201 modo
1039 1146 1338 1202 claudenda
1372 1146 1534 1204 nobis
1579 1148 1708 1202 tuba
1751 1148 1824 1221 (6)
1856 1158 1958 1216 est,
1992 1165 2034 1220 Α
2064 1153 2218 1221 dunt,
2254 1161 2309 1210 et
2352 1153 2409 1208 in
2443 1152 2538 1206 tali
2569 1149 2780 1206 insania
2833 1147 3151 1216 conﬁdunt;
3182 1159 3375 1222 putant
3422 1163 3624 1206 Donum

404 1237 568 1291 modo
599 1237 815 1292 tacendi
848 1240 1006 1294 nobis
1039 1247 1167 1294 sunt
1204 1241 1490 1310 apostolici
1527 1256 1744 1305 sensus,
1777 1250 1836 1296 ut
1875 1243 1966 1297 illa

405 1337 617 1382 tantum
649 1330 1054 1386 lamentationis
1075 1332 1406 1402 pr0pheticaa
1432 1345 1648 1389 resonet
1671 1335 1964 1402 cantilena,

405 1437 524 1490 qua:
565 1421 697 1475 dicit
733 1439 745 1476 :
786 1421 1038 1477 Obmutui
1072 1432 1122 1477 et
1165 1423 1471 1478 humiliatus
1521 1442 1659 1489 sum,
1698 1435 1748 1480 et
1778 1427 1903 1480 silui
1933 1445 1966 1482 a

404 1510 576 1575 bonis,
607 1526 655 1566 et
679 1512 834 1567 dolor
863 1531 1004 1569 meus
1034 1525 1310 1570 renovatus
1328 1526 1404 1570 est
1434 1515 1499 1570 ".
1532 1515 1849 1571 Renovatur
1876 1519 1968 1572 do-

401 1602 492 1656 lor
524 1607 797 1674 pontiﬁcis
845 1607 1165 1674 Christiani,
1215 1609 1434 1678 quando
1484 1609 1768 1678 gentilium
1814 1625 1966 1665 error

404 1711 506 1752 nec
537 1701 832 1753 veterescit
857 1710 1122 1771 tempore,
1151 1716 1250 1755 nec
1269 1708 1421 1755 tanto
1455 1701 1574 1756 fidei
1606 1701 1821 1773 fulgore
1848 1703 1967 1757 dis-

401 1791 666 1861 pergitur.
692 1791 830 1848 Ecce
898 1795 1275 1857 veniuntdies,
1297 1809 1424 1848 ecce
1440 1793 1694 1849 Kalendae
1723 1797 1964 1862 veniunt,

403 1892 460 1939 et
513 1894 623 1939 tota
656 1886 962 1942 daemonum
997 1903 1191 1958 pompa
1246 1889 1510 1959 procedit,
1555 1889 1820 1943 idolorum
1855 1897 1966 1943 tota

405 1977 732 2047 producitur
760 1979 1002 2046 ofﬁcina,
1038 1989 1091 2034 et
1121 1981 1415 2050 sacrilegio
1440 1989 1650 2036 vetusto
1699 1982 1824 2035 anni
1866 1996 1968 2036 no-

402 2073 547 2127 vitas
595 2080 976 2128 consecratur.
1051 2073 1317 2143 Figurant
1364 2073 1658 2126 Saturnum
1688 2115 1702 2139 ,
1759 2071 1967 2128 faciunt

401 2160 609 2228 Jovem,
645 2163 874 2218 fortnant
907 2162 1219 2228 Herculem,
1253 2171 1539 2233 exponunt
1565 2178 1688 2215 cum
1720 2163 1968 2216 vernanti-

402 2257 507 2312 bus
531 2257 606 2321 (τ)
639 2257 752 2311 suis
783 2255 1034 2319 Dianam,
1065 2255 1490 2309 circumducunt
1520 2253 1823 2308 Vulcanum
1849 2270 1969 2308 ver-

405 2347 493 2403 bis
524 2349 874 2402 anhelantem
903 2348 1268 2417 turpitudines
1299 2363 1447 2412 suas,
1481 2353 1534 2401 et
1555 2347 1707 2416 plura
1733 2360 1962 2416 quorum

401 2438 529 2508 quia
560 2445 808 2507 portenta
829 2446 976 2500 sunt,
1007 2438 1229 2490 nomina
1266 2447 1390 2490 sunt
1433 2436 1694 2500 tacenda;
1730 2449 1961 2504 quorum

399 2528 773 2585 deformitates
816 2529 943 2597 quia
982 2537 1183 2581 natura
1219 2543 1326 2580 non
1360 2527 1545 2592 habet,
1581 2537 1834 2581 creatura
1865 2541 1962 2580 ne.

399 2619 527 2682 Brit,
574 2621 778 2689 lingere
809 2635 900 2674 ars
930 2619 1163 2672 laborat.
1214 2617 1483 2672 Praeterea
1522 2621 1827 2673 vestiuntur
1859 2619 1961 2671 ho-

400 2711 578 2764 mines
612 2712 667 2764 in
715 2711 971 2782 pecudes,
1021 2719 1076 2765 et
1128 2712 1182 2764 in
1237 2710 1469 2766 feminas
1519 2711 1668 2765 viros
1721 2719 1958 2776 vertunt,

400 2800 744 2856 honestatem
793 2803 992 2865 rident,
1025 2803 1231 2856 violant
1265 2802 1493 2869 judicia,
1539 2819 1824 2858 censuram
1859 2819 1961 2873 pu-

400 2891 600 2945 blicam
635 2892 830 2958 rident,
864 2894 1100 2946 illudunt
1133 2893 1338 2948 saeculo
1391 2901 1550 2960 teste,
1581 2901 1634 2948 et
1671 2894 1861 2948 dicunt
1903 2908 1963 2949 se

401 2981 667 3038 facientes
711 2985 814 3038 iSta
862 2985 1060 3054 jocari.
1099 2984 1214 3037 Non
1242 2984 1532 3053 suntjoca,
1564 2985 1657 3038 sed
1689 2994 1816 3038 sunt
1847 2986 1961 3038 cri-

401 3072 572 3128 mina.
605 3073 662 3128 ln
697 3073 899 3129 idolum
943 3075 1364 3144 transfiguratur
1394 3075 1576 3129 homo.
1612 3074 1674 3128 Et
1706 3076 1750 3129 si
1787 3078 1867 3130 ire
1894 3075 1961 3130 ad

401 3163 548 3222 idola
572 3167 776 3220 crimen
801 3175 906 3231 est,
937 3182 1064 3222 esse
1085 3167 1290 3220 idolum
1317 3166 1447 3236 quid
1473 3167 1730 3221 videtur?
1755 3167 1832 3221 Ad
1869 3166 1960 3221 Dei

400 3258 693 3327 imaginem
727 3259 906 3315 factus
939 3268 1023 3314 est
1063 3259 1244 3314 homo.
1293 3259 1568 3329 Quidquid
1615 3261 1670 3312 in
1704 3266 1755 3314 te
1799 3259 1963 3329 impie

402 3348 624 3417 propria
658 3350 1007 3404 deformitate
1035 3351 1304 3413 intuleris,
1343 3350 1406 3403 ad
1441 3349 1536 3402 Dei
1577 3350 1846 3418 pertendit
1877 3351 1962 3403 in-

395 3437 623 3507 iuriam.
652 3439 818 3496 Plane
845 3459 950 3496 non
979 3451 1107 3496 sunt
1138 3444 1251 3495 haec
1277 3458 1666 3512 usquequaque
1698 3451 1788 3495 tua
1815 3450 1960 3505 vota,

399 3532 495 3586 sed
527 3548 590 3586 ex
635 3545 787 3604 parte
833 3537 1064 3590 maxima
1096 3543 1226 3591 sunt
1253 3535 1458 3604 judicia
1501 3535 1624 3601 Dei,
1652 3544 1710 3590 ut
1750 3551 1960 3601 eorum,

397 3639 636 3695 quorum
690 3643 784 3696 per
814 3627 981 3682 Deum
1015 3633 1154 3698 perit
1202 3629 1400 3691 cultus,
1435 3643 1530 3698 per
1563 3641 1614 3683 te
1637 3629 1959 3683 saeculorum

396 3718 754 3785 pertendatur
792 3727 844 3773 et
874 3730 1089 3774 maneat
1120 3717 1426 3789 turpitudo.

2071 1261 2209 1316 opus
2241 1245 2424 1300 facere
2458 1244 2583 1308 sibi,
2614 1253 2668 1298 et
2696 1244 2775 1300 sic
2805 1243 3100 1298 incurrunt
3146 1259 3308 1313 grave
3344 1243 3625 1298 delictum.

2073 1335 2208 1402 Quia
2251 1336 2342 1390 ille
2386 1336 2526 1390 inter
2553 1335 2688 1390 tales
2729 1333 2860 1390 deos
2905 1333 3336 1405 magnificentior
3362 1334 3622 1399 creditur,

2069 1427 2162 1496 qui
2203 1427 2343 1480 inter
2370 1435 2557 1496 turpes
2588 1426 2797 1494 turpior
2825 1425 3120 1478 invenitur.
3163 1425 3227 1478 lit
3257 1425 3347 1478 ille
3373 1423 3623 1495 magnifi-

2067 1535 2164 1574 cus
2199 1519 2450 1586 habetur,
2490 1533 2651 1587 quem
2701 1531 2803 1586 pro
2845 1515 3192 1570 deformitate
3228 1516 3487 1587 singulari
3528 1529 3626 1586 po-

2067 1613 2272 1668 tuerint
2317 1613 2433 1683 ipsa
2481 1619 2727 1666 monstra
2760 1611 2969 1665 mirari.
3007 1611 3283 1679 Impletum
3313 1620 3397 1665 est
3422 1611 3477 1664 in
3514 1609 3626 1665 illis

2067 1705 2441 1776 propheticum
2504 1703 2848 1758 maledictum
2898 1719 2912 1756 :
2965 1700 3174 1756 Similes
3215 1703 3322 1756 illis
3369 1704 3502 1773 ﬁant
3533 1703 3626 1773 qui

2067 1797 2272 1866 faciunt
2308 1813 2390 1859 ea,
2423 1804 2473 1848 et
2521 1811 2697 1848 omnes
2728 1796 2817 1864 qui
2844 1795 3112 1864 conﬁdunt
3139 1796 3192 1848 in
3222 1796 3295 1849 eis
3322 1796 3390 1849 ³⁵.
3426 1793 3489 1846 Et
3520 1795 3625 1849 hoo

2067 1886 2365 1941 Christiani
2395 1885 2604 1948 vident,
2634 1885 2927 1938 Christiani
2955 1893 3269 1955 exspectant
3294 1884 3393 1955 (8),
3425 1885 3626 1938 admit-

2068 1987 2188 2034 tunt
2225 1982 2277 2032 in
2309 1978 2509 2032 domos
2533 1992 2681 2041 suas,
2709 1976 3008 2032 Christiani
3035 1979 3087 2030 in
3115 1977 3370 2031 domibus
3395 1977 3510 2031 suis
3538 1992 3628 2031 re-

2067 2071 2321 2140 cipiunt?
2357 2071 2704 2123 immemores
2755 2068 2900 2122 illius
2927 2067 3206 2136 apostolici
3255 2067 3432 2121 dicti:
3480 2067 3628 2133 Quo-

2070 2164 2212 2216 niam
2239 2163 2326 2231 qui
2359 2161 2490 2213 talia
2529 2167 2711 2229 agunt,
2743 2158 2889 2227 digni
2913 2168 3033 2210 sunt
3067 2169 3230 2211 morte
3254 2157 3319 2210 ³⁸.

2139 2254 2243 2308 Sed
2285 2254 2427 2307 dicis
2479 2269 2491 2304 :
2545 2250 2648 2316 Qui
2699 2249 2906 2302 faciunt
2938 2264 3022 2313 ea,
3056 2251 3370 2304 moriantur.
3416 2249 3535 2305 Non
3575 2259 3626 2306 te

2066 2355 2295 2403 excusat
2320 2359 2501 2400 sermo
2525 2357 2685 2412 quem
2711 2342 2966 2396 voluntas
2998 2349 3241 2408 accusat,
3273 2356 3370 2396 nec
3412 2351 3628 2412 separat

2068 2439 2303 2493 ollicium
2367 2450 2526 2505 quem
2565 2433 2896 2502 constringit
2945 2440 2998 2486 et
3048 2431 3293 2501 adjungit
3343 2448 3622 2488 assensus.

1994 2506 2034 2560 Β
2069 2529 2209 2584 Audi
2242 2527 2372 2597 quid
2407 2527 2689 2595 sequitur:
2725 2521 2848 2576 Non
2872 2524 3043 2576 soluat
3075 2523 3163 2592 qui
3193 2523 3397 2592 faciunt
3421 2539 3504 2588 ea,
3535 2523 3626 2577 sed

2063 2632 2111 2676 et
2141 2623 2229 2692 qui
2260 2621 2588 2674 consentiunt
2618 2615 2932 2686 facientibus
2957 2615 3021 2667 ³⁷.
3056 2613 3208 2686 Rogo
3233 2631 3350 2678 vos,
3377 2617 3461 2670 vel
3485 2617 3626 2671 inter

2063 2713 2203 2767 mala
2245 2719 2462 2766 cessent
2494 2711 2654 2762 mala.
2689 2707 2928 2771 Credite,
2957 2706 3184 2768 credite,
3220 2706 3534 2770 deficerent,
3576 2707 3626 2763 si

2065 2818 2128 2857 ea
2161 2802 2596 2856 Christianorum
2629 2799 2905 2854 simulatio
2951 2813 3057 2850 non
3086 2797 3346 2852 transiret
3383 2797 3480 2868 (9).
3518 2795 3628 2851 Fu-

2064 2895 2174 2964 gite
2207 2893 2332 2958 ista,
2366 2911 2398 2948 o
2427 2892 2749 2955 Christiani,
2786 2889 2985 2960 fugite;
3010 2888 3245 2943 claudite
3276 2904 3372 2944 vos
3415 2899 3474 2943 ut
3517 2905 3624 2944 non

2064 2986 2296 3040 videatis
2343 2986 2471 3038 talia
2507 2983 2875 3047 insanientes;
2907 2981 3140 3036 claudite
3185 2998 3281 3036 vos
3309 2991 3627 3052 vestrasque

2067 3077 2279 3140 domos,
2324 3075 2450 3144 quia
2480 3073 2624 3128 Deus
2653 3073 2747 3143 qui
2792 3074 2844 3126 in
2871 3073 3088 3127 occulto
3119 3071 3284 3139 videt,
3319 3073 3624 3128 circumve-

2066 3169 2171 3222 niri
2205 3183 2313 3222 non
2354 3175 2532 3238 potest
2564 3169 2619 3219 in
2667 3172 2874 3235 aperto.
2907 3163 3084 3229 Exite,
3122 3167 3284 3230 exite,
3315 3167 3459 3220 sicut
3491 3165 3626 3220 dixit

2070 3258 2332 3329 propheta
2352 3296 2366 3320 ,
2393 3258 2456 3310 de
2495 3256 2664 3310 medio
2694 3273 2896 3320 eorum,
2939 3265 2988 3310 et
3017 3257 3338 3326 separamini
3363 3256 3426 3309 ab
3452 3257 3548 3321 eis,
3574 3265 3624 3310 et

2066 3367 2128 3404 ne
2150 3348 2477 3402 immundum
2523 3347 2792 3417 tetigeritis
2818 3347 2901 3401 “z
2937 3354 2998 3400 ut
3026 3347 3245 3401 tandem
3276 3356 3463 3402 nostro
3492 3346 3628 3402 resi-

2067 3443 2280 3512 piscant
2317 3439 2517 3503 studio,
2553 3439 2646 3508 qui
2689 3438 2954 3494 hactenus
2993 3445 3195 3493 nostro‘
3228 3439 3471 3494 colludio
3499 3445 3625 3494 sunt

2065 3532 2299 3602 decepti.
2338 3531 2531 3602 Fugite
2561 3547 2693 3603 ergo
2731 3532 3032 3587 daemonica
3073 3531 3202 3598 ista,
3242 3531 3288 3588 si
3315 3531 3492 3586 divina
3523 3529 3624 3587 de-

2065 3623 2321 3678 sideratis
2348 3621 2558 3678 audire.

2136 3735 2276 3790 Exin
2294 3737 2634 3789 continuatur
2656 3735 2710 3788 in
2733 3752 2834 3789 uno
2851 3753 2878 3790 e
2903 3735 3190 3799 codicibus,
3218 3747 3469 3805 tanquam
3499 3751 3623 3804 pars

469 3807 711 3879 Namque
741 3813 932 3867 talium
967 3814 1193 3868 deorum
1228 3813 1392 3868 facies
1417 3821 1474 3866 ut
1505 3811 1805 3882 pernigrari
1831 3827 1961 3882 pos-

2071 3829 2300 3895 prwdicti
2324 3829 2581 3882 sermonis
2612 3829 2688 3882 sic
2717 3845 2735 3882 :
2759 3827 3083 3898 Quanquam
3113 3843 3220 3881 non
3243 3827 3484 3882 dubitem
3503 3842 3621 3892 vos,

398 3901 532 3966 sint,
562 3904 726 3958 carbo
771 3904 991 3971 deficit;
1023 3913 1077 3959 et
1114 3917 1169 3959 ut
1200 3920 1388 3959 eorum
1433 3905 1649 3958 habitus
1672 3903 1831 3972 pleno
1864 3918 1962 3958 cu-

400 3993 640 4048 muletur
689 3995 936 4057 horrore.
975 3998 1164 4066 paleae,
1211 3997 1399 4066 pelles,
1447 3994 1635 4065 panni,
1693 4003 1960 4060 stercora,

397 4091 514 4136 toto
549 4084 748 4137 saeculo
787 4087 1208 4153 perquiruntur;
1243 4093 1296 4139 et
1340 4083 1605 4154 quidquid
1641 4093 1724 4138 est
1768 4083 1961 4138 confu-

400 4171 577 4226 sionis
603 4173 870 4238 humanai,
902 4176 955 4228 in
982 4191 1170 4228 eorum
1203 4175 1340 4228 facie
1368 4175 1688 4228 collocatur.
1717 4173 1780 4226 Et
1806 4175 1962 4243 pejus

397 4274 692 4332 Operantur
710 4265 800 4334 qui
829 4273 1026 4335 gyrant
1055 4266 1286 4319 be5tiola
1316 4279 1416 4320 sua
1446 4263 1536 4317 ubi
1565 4262 1743 4332 ignem
1766 4279 1964 4319 accen-

466 4415 514 4449 “
544 4415 693 4473 Psal.
726 4435 954 4486 xxxvtn,
984 4423 1039 4478 '5.
1117 4420 1162 4453 ³³
1201 4421 1348 4480 Psal.
1373 4438 1526 4490 cxnt,
1565 4425 1620 4482 8.

465 4574 543 4650 (li)
587 4575 642 4650 l‘n
674 4578 780 4650 alio
805 4578 995 4633 codice
1019 4579 1170 4633 lectio
1202 4593 1300 4650 pro
1336 4579 1480 4634 tuba.

464 4647 542 4718 (7)
577 4647 748 4703 Codd.
793 4651 1154 4706 vernantibus.

2063 3920 2399 3986 eharissimi,
2437 3936 2531 3990 per
2572 3928 2851 3990 paternam
2892 3919 3339 3986 sollicitudinem,
3376 3928 3504 3984 etc.,
3534 3918 3624 3988 qui

2062 4010 2299 4066 uidelicet
2339 4021 2415 4066 est
2441 4010 2499 4066 S.
2525 4009 2750 4064 Maximi
2779 4027 2946 4064 sermo
2971 4010 3204 4063 decimus
3232 4019 3405 4062 sextus
3432 4009 3480 4060 in
3515 4006 3623 4062 Ro-

2065 4119 2224 4156 mana
2261 4103 2424 4156 Bruni
2462 4103 2710 4166 editione,
2742 4117 3014 4171 perperam
3042 4102 3098 4154 in
3127 4100 3301 4156 codice
3328 4116 3442 4155 cum
3472 4098 3625 4154 Seve-

2066 4195 2217 4247 riano
2246 4203 2543 4248 contextus.

1710 4427 1755 4459 ⁸⁶
1791 4424 1953 4481 Rom.
1986 4433 2025 4494 t,
2057 4424 2145 4482 32.
2187 4424 2229 4455 ³⁷
2267 4423 2397 4478 ibid.
2473 4423 2520 4455 ³⁸
2559 4425 2666 4481 lsa.
2700 4439 2796 4490 ιιι,
2829 4425 2887 4478 11
2913 4439 2928 4489 ;
2957 4423 3001 4478 ιι
3035 4424 3160 4479 Cor.
3194 4440 3271 4490 γι,
3303 4423 3391 4478 Π.

2137 4578 2210 4650 (8)
2247 4578 2322 4650 ita
2356 4578 2516 4634 codd.
2552 4595 2652 4648 pro
2677 4589 2936 4649 spectant,
2969 4587 3030 4636 ut
3053 4579 3205 4635 alibi.

2138 4648 2210 4720 (9)
2253 4648 2454 4719 Nempe
2487 4651 2751 4705 toleraret.
3123 4656 3129 4663 '

394 4845 3619 4871 Μ

1398 4993 2050 5087 SEVERIANI
2107 4993 2636 5085 HOMILIA

443 5186 531 5249 De
569 5187 801 5268 sigillis
837 5188 1172 5266 librorum,
1197 5196 1259 5254 et
1287 5190 1610 5270 quomodo
1642 5191 1849 5254 Filius
1877 5193 2065 5330 Pqtri,
2099 5194 2282 5254 Pater
2312 5194 2482 5255 Filio
2512 5192 2756 5265 offerat,
2791 5208 2862 5254 ac
2892 5190 2971 5253 de
2996 5189 3348 5259 Servatoris
3381 5187 3586 5250 incar-

1855 5288 2138 5330 naione.

1855 5288 2138 5334 natione.

827 5433 952 5491 Vide
983 5436 1120 5490 inter
1154 5435 1326 5506 Opera
1351 5435 1410 5494 S.
1437 5435 1664 5493 Joannis
1691 5434 2053 5506 Chrysostomi
2081 5445 2276 5492 nostra!
2303 5437 2569 5505 editionis,
2595 5447 2721 5494 tom.
2750 5434 2896 5505 XII,
2921 5434 3022 5492 col.
3048 5435 3176 5494 539.
