  <div class='ocr_page' id='page_1' title='image "/cluster/home/n/w/nwhite01/storage/ocr_20150623/65/hvd.32044014812317/022.png"; bbox 0 0 3878 6302; ppageno 0'>
   <div class='ocr_carea' id='block_1_1' title="bbox 222 296 3466 380">
    <p class='ocr_par' dir='ltr' id='par_1_1' title="bbox 222 296 3466 380">
     <span class='ocr_line' id='line_1_1' title="bbox 222 296 3466 380; baseline 0.011 -27"><span class='ocrx_word' id='word_1_1' title='bbox 222 296 290 353; x_wconf 81' lang='lat'><strong><em>29</em></strong></span> <span class='ocrx_word' id='word_1_2' title='bbox 1178 309 1613 371; x_wconf 72' lang='lat' dir='ltr'><strong><em>rnaormws</em></strong></span> <span class='ocrx_word' id='word_1_3' title='bbox 1665 315 2057 376; x_wconf 53' lang='lat' dir='ltr'><strong><em>“suum.</em></strong></span> <span class='ocrx_word' id='word_1_4' title='bbox 2100 318 2497 380; x_wconf 80' lang='lat' dir='ltr'><strong><em>EPlSCOPUS.</em></strong></span> <span class='ocrx_word' id='word_1_5' title='bbox 3389 318 3466 378; x_wconf 71' lang='grc' dir='ltr'><strong><em>δῦ</em></strong></span> 
     </span>
    </p>
   </div>
   <div class='ocr_carea' id='block_1_2' title="bbox 232 454 2052 488">
    <p class='ocr_par' dir='ltr' id='par_1_2' title="bbox 232 454 2052 488">
     <span class='ocr_line' id='line_1_2' title="bbox 232 454 2052 488; baseline 0.001 -18"><span class='ocrx_word' id='word_1_6' title='bbox 232 454 2052 488; x_wconf 79' lang='lat'><strong><em>...______.___.______________________</em></strong></span> 
     </span>
    </p>
   </div>
   <div class='ocr_carea' id='block_1_3' title="bbox 1085 652 2573 730">
    <p class='ocr_par' dir='ltr' id='par_1_3' title="bbox 1085 652 2573 730">
     <span class='ocr_line' id='line_1_3' title="bbox 1085 652 2573 730; baseline 0.009 -16"><span class='ocrx_word' id='word_1_7' title='bbox 1085 652 1437 718; x_wconf 69' lang='lat' dir='ltr'><strong><em>EIUSDEM</em></strong></span> <span class='ocrx_word' id='word_1_8' title='bbox 1483 659 1825 722; x_wconf 83' lang='lat' dir='ltr'><strong><em>HOMILIA</em></strong></span> <span class='ocrx_word' id='word_1_9' title='bbox 1873 662 2192 724; x_wconf 83' lang='lat' dir='ltr'><strong>CONTRA</strong></span> <span class='ocrx_word' id='word_1_10' title='bbox 2229 667 2573 730; x_wconf 69' lang='lat' dir='ltr'><strong><em>JUDI‘EOS.</em></strong></span> 
     </span>
    </p>
   </div>
   <div class='ocr_carea' id='block_1_4' title="bbox 1358 821 2339 894">
    <p class='ocr_par' dir='ltr' id='par_1_4' title="bbox 1358 821 2339 894">
     <span class='ocr_line' id='line_1_4' title="bbox 1358 821 2339 894; baseline 0.012 -20"><span class='ocrx_word' id='word_1_11' title='bbox 1358 821 1483 876; x_wconf 83' lang='lat' dir='ltr'><strong><em>Vide</em></strong></span> <span class='ocrx_word' id='word_1_12' title='bbox 1511 823 1600 876; x_wconf 90' lang='lat' dir='ltr'><strong><em>ubi</em></strong></span> <span class='ocrx_word' id='word_1_13' title='bbox 1627 841 1809 894; x_wconf 95' lang='lat' dir='ltr'><strong><em>supra,</em></strong></span> <span class='ocrx_word' id='word_1_14' title='bbox 1838 836 1968 884; x_wconf 88' lang='lat' dir='ltr'><strong><em>tam.</em></strong></span> <span class='ocrx_word' id='word_1_15' title='bbox 1993 825 2064 890; x_wconf 85' lang='grc' dir='ltr'><strong><em>Χ,</em></strong></span> <span class='ocrx_word' id='word_1_16' title='bbox 2087 829 2189 882; x_wconf 80' lang='lat' dir='ltr'><strong><em>col.</em></strong></span> <span class='ocrx_word' id='word_1_17' title='bbox 2216 830 2339 886; x_wconf 76' lang='lat'><strong><em>795.</em></strong></span> 
     </span>
    </p>
   </div>
   <div class='ocr_carea' id='block_1_5' title="bbox 223 1032 3413 1082">
    <p class='ocr_par' dir='ltr' id='par_1_5' title="bbox 223 1032 3413 1082">
     <span class='ocr_line' id='line_1_5' title="bbox 223 1032 3413 1082; baseline 0.001 -37"><span class='ocrx_word' id='word_1_18' title='bbox 223 1032 3413 1082; x_wconf 42' lang='lat'><strong><em>._________________~___________________________</em></strong></span> 
     </span>
    </p>
   </div>
   <div class='ocr_carea' id='block_1_6' title="bbox 1079 1219 2599 1328">
    <p class='ocr_par' dir='ltr' id='par_1_6' title="bbox 1079 1219 2599 1328">
     <span class='ocr_line' id='line_1_6' title="bbox 1079 1219 2599 1328; baseline 0.013 -21"><span class='ocrx_word' id='word_1_19' title='bbox 1079 1219 1610 1312; x_wconf 83' lang='lat' dir='ltr'><strong><em>EJUSDEM</em></strong></span> <span class='ocrx_word' id='word_1_20' title='bbox 1695 1224 1826 1314; x_wconf 92' lang='lat' dir='ltr'><strong><em>SE</em></strong></span> <span class='ocrx_word' id='word_1_21' title='bbox 1847 1226 2330 1321; x_wconf 83' lang='lat' dir='ltr'><strong><em>RMONES</em></strong></span> <span class='ocrx_word' id='word_1_22' title='bbox 2431 1234 2599 1328; x_wconf 85' lang='lat' dir='ltr'><strong>XV</strong></span> 
     </span>
    </p>
   </div>
   <div class='ocr_carea' id='block_1_7' title="bbox 646 1434 3016 1528">
    <p class='ocr_par' dir='ltr' id='par_1_7' title="bbox 646 1434 3016 1528">
     <span class='ocr_line' id='line_1_7' title="bbox 646 1434 3016 1528; baseline 0.008 -32"><span class='ocrx_word' id='word_1_23' title='bbox 646 1435 738 1496; x_wconf 79' lang='lat' dir='ltr'><strong>Ex</strong></span> <span class='ocrx_word' id='word_1_24' title='bbox 770 1434 1126 1498; x_wconf 78' lang='lat' dir='ltr'><strong><em>Armenicis</em></strong></span> <span class='ocrx_word' id='word_1_25' title='bbox 1155 1436 1479 1500; x_wconf 79' lang='lat' dir='ltr'><strong><em>codicibus</em></strong></span> <span class='ocrx_word' id='word_1_26' title='bbox 1494 1439 1776 1502; x_wconf 84' lang='lat' dir='ltr'><strong><em>Venetiis</em></strong></span> <span class='ocrx_word' id='word_1_27' title='bbox 1809 1456 1978 1504; x_wconf 83' lang='lat' dir='ltr'><strong><em>anno</em></strong></span> <span class='ocrx_word' id='word_1_28' title='bbox 2003 1444 2180 1520; x_wconf 77' lang='lat'><strong>1827,</strong></span> <span class='ocrx_word' id='word_1_29' title='bbox 2212 1453 2472 1511; x_wconf 76' lang='lat' dir='ltr'><strong><em>curante</em></strong></span> <span class='ocrx_word' id='word_1_30' title='bbox 2489 1448 2808 1528; x_wconf 85' lang='lat' dir='ltr'><strong><em>Auchero,</em></strong></span> <span class='ocrx_word' id='word_1_31' title='bbox 2838 1453 3016 1516; x_wconf 83' lang='lat' dir='ltr'><strong><em>editi.</em></strong></span> 
     </span>
    </p>
   </div>
   <div class='ocr_carea' id='block_1_8' title="bbox 672 1595 2975 1677">
    <p class='ocr_par' dir='ltr' id='par_1_8' title="bbox 672 1595 2975 1677">
     <span class='ocr_line' id='line_1_8' title="bbox 672 1595 2975 1677; baseline 0.009 -28"><span class='ocrx_word' id='word_1_32' title='bbox 672 1595 803 1653; x_wconf 82' lang='lat' dir='ltr'><strong><em>Vide</em></strong></span> <span class='ocrx_word' id='word_1_33' title='bbox 828 1599 897 1653; x_wconf 85' lang='lat' dir='ltr'><strong><em>ad</em></strong></span> <span class='ocrx_word' id='word_1_34' title='bbox 928 1616 1122 1654; x_wconf 87' lang='lat' dir='ltr'><strong><em>annum</em></strong></span> <span class='ocrx_word' id='word_1_35' title='bbox 1159 1617 1318 1670; x_wconf 85' lang='lat' dir='ltr'><strong><em>supra</em></strong></span> <span class='ocrx_word' id='word_1_36' title='bbox 1344 1603 1575 1672; x_wconf 88' lang='lat' dir='ltr'><strong><em>positum</em></strong></span> <span class='ocrx_word' id='word_1_37' title='bbox 1606 1602 1822 1673; x_wconf 78' lang='lat' dir='ltr'><strong><em>hujusce</em></strong></span> <span class='ocrx_word' id='word_1_38' title='bbox 1857 1604 2190 1677; x_wconf 71' lang='lat' dir='ltr'><strong><em>Patrologiat</em></strong></span> <span class='ocrx_word' id='word_1_39' title='bbox 2229 1611 2418 1665; x_wconf 87' lang='lat' dir='ltr'><strong><em>seriem</em></strong></span> <span class='ocrx_word' id='word_1_40' title='bbox 2447 1628 2586 1667; x_wconf 88' lang='lat' dir='ltr'><strong><em>mere</em></strong></span> <span class='ocrx_word' id='word_1_41' title='bbox 2626 1612 2975 1670; x_wconf 78' lang='lat' dir='ltr'><strong><em>Orientatem.</em></strong></span> 
     </span>
    </p>
   </div>
   <div class='ocr_carea' id='block_1_9' title="bbox 209 1814 3385 1862">
    <p class='ocr_par' dir='ltr' id='par_1_9' title="bbox 209 1814 3385 1862">
     <span class='ocr_line' id='line_1_9' title="bbox 209 1814 3385 1862; baseline 0.001 -30"><span class='ocrx_word' id='word_1_42' title='bbox 209 1814 3385 1862; x_wconf 85' lang='lat'><strong><em>_._____________________________________</em></strong></span> 
     </span>
    </p>
   </div>
   <div class='ocr_carea' id='block_1_10' title="bbox 1498 2018 2162 2066">
    <p class='ocr_par' dir='ltr' id='par_1_10' title="bbox 1498 2018 2162 2066">
     <span class='ocr_line' id='line_1_10' title="bbox 1498 2018 2162 2066; baseline 0.009 -6"><span class='ocrx_word' id='word_1_43' title='bbox 1498 2018 1669 2062; x_wconf 71' lang='lat' dir='ltr'><strong>ANNO</strong></span> <span class='ocrx_word' id='word_1_44' title='bbox 1713 2019 1944 2064; x_wconf 79' lang='lat' dir='ltr'><strong>DOMINI</strong></span> <span class='ocrx_word' id='word_1_45' title='bbox 1990 2022 2162 2066; x_wconf 70' lang='lat' dir='ltr'><strong><em>CDIII</em></strong></span> 
     </span>
    </p>
   </div>
   <div class='ocr_carea' id='block_1_11' title="bbox 959 2267 2674 2486">
    <p class='ocr_par' dir='ltr' id='par_1_11' title="bbox 959 2267 2674 2486">
     <span class='ocr_line' id='line_1_11' title="bbox 959 2267 2674 2486; baseline 0.008 -13"><span class='ocrx_word' id='word_1_46' title='bbox 959 2267 2674 2486; x_wconf 87' lang='lat' dir='ltr'><strong><em>THEOPHILUS</em></strong></span> 
     </span>
    </p>
   </div>
   <div class='ocr_carea' id='block_1_12' title="bbox 825 2640 2784 2769">
    <p class='ocr_par' dir='ltr' id='par_1_12' title="bbox 825 2640 2784 2769">
     <span class='ocr_line' id='line_1_12' title="bbox 825 2640 2784 2769; baseline 0.005 -13"><span class='ocrx_word' id='word_1_47' title='bbox 825 2640 1924 2760; x_wconf 82' lang='lat' dir='ltr'><strong><em>ALEXANDRINUS</em></strong></span> <span class='ocrx_word' id='word_1_48' title='bbox 2007 2645 2784 2769; x_wconf 86' lang='lat' dir='ltr'><strong><em>EPISCOPUS</em></strong></span> 
     </span>
    </p>
   </div>
   <div class='ocr_carea' id='block_1_13' title="bbox 926 3274 2687 3344">
    <p class='ocr_par' dir='ltr' id='par_1_13' title="bbox 926 3274 2687 3344">
     <span class='ocr_line' id='line_1_13' title="bbox 926 3274 2687 3344; baseline 0.001 -16"><span class='ocrx_word' id='word_1_49' title='bbox 926 3276 1210 3341; x_wconf 60' lang='lat' dir='ltr'><strong><em>(Gustum,</em></strong></span> <span class='ocrx_word' id='word_1_50' title='bbox 1242 3276 1471 3327; x_wconf 68' lang='lat' dir='ltr'><strong><em>Veterum</em></strong></span> <span class='ocrx_word' id='word_1_51' title='bbox 1492 3277 1695 3327; x_wconf 88' lang='lat' dir='ltr'><strong><em>Patrum</em></strong></span> <span class='ocrx_word' id='word_1_52' title='bbox 1718 3274 1964 3338; x_wconf 64' lang='lat' dir='ltr'><strong><em>Biblioth,</em></strong></span> <span class='ocrx_word' id='word_1_53' title='bbox 1990 3283 2025 3326; x_wconf 83' lang='lat' dir='ltr'><strong><em>t.</em></strong></span> <span class='ocrx_word' id='word_1_54' title='bbox 2051 3277 2155 3339; x_wconf 82' lang='lat' dir='ltr'><strong>VII,</strong></span> <span class='ocrx_word' id='word_1_55' title='bbox 2182 3277 2404 3342; x_wconf 77' lang='lat' dir='ltr'><strong><em>Proleg.,</em></strong></span> <span class='ocrx_word' id='word_1_56' title='bbox 2439 3291 2491 3342; x_wconf 87' lang='lat' dir='ltr'><strong><em>p.</em></strong></span> <span class='ocrx_word' id='word_1_57' title='bbox 2516 3280 2687 3344; x_wconf 76' lang='lat' dir='ltr'><strong><em>xxvu.)</em></strong></span> 
     </span>
    </p>
   </div>
   <div class='ocr_carea' id='block_1_14' title="bbox 247 3613 3425 3692">
    <p class='ocr_par' dir='ltr' id='par_1_14' title="bbox 247 3613 3425 3692">
     <span class='ocr_line' id='line_1_14' title="bbox 247 3613 3425 3692; baseline 0.002 -24"><span class='ocrx_word' id='word_1_58' title='bbox 247 3613 284 3668; x_wconf 89' lang='grc' dir='ltr'><strong>Ι.</strong></span> <span class='ocrx_word' id='word_1_59' title='bbox 324 3613 576 3685; x_wconf 78' lang='lat' dir='ltr'><strong><em>Longum</em></strong></span> <span class='ocrx_word' id='word_1_60' title='bbox 609 3624 758 3671; x_wconf 86' lang='lat' dir='ltr'><strong><em>esset</em></strong></span> <span class='ocrx_word' id='word_1_61' title='bbox 796 3616 877 3671; x_wconf 90' lang='lat' dir='ltr'><strong><em>ire</em></strong></span> <span class='ocrx_word' id='word_1_62' title='bbox 907 3631 1003 3688; x_wconf 90' lang='lat' dir='ltr'><strong><em>per</em></strong></span> <span class='ocrx_word' id='word_1_63' title='bbox 1031 3617 1264 3688; x_wconf 83' lang='lat' dir='ltr'><strong><em>singula,</em></strong></span> <span class='ocrx_word' id='word_1_64' title='bbox 1299 3633 1422 3688; x_wconf 75' lang='lat' dir='ltr'><strong><em>quae</em></strong></span> <span class='ocrx_word' id='word_1_65' title='bbox 1451 3617 1518 3674; x_wconf 91' lang='lat' dir='ltr'><strong><em>de</em></strong></span> <span class='ocrx_word' id='word_1_66' title='bbox 1563 3617 1742 3676; x_wconf 88' lang='lat' dir='ltr'><strong><em>Theo-</em></strong></span> <span class='ocrx_word' id='word_1_67' title='bbox 1779 3631 1821 3689; x_wconf 75' lang='grc' dir='ltr'><strong>Α</strong></span> <span class='ocrx_word' id='word_1_68' title='bbox 1854 3621 2015 3677; x_wconf 82' lang='lat' dir='ltr'><strong><em>Anno</em></strong></span> <span class='ocrx_word' id='word_1_69' title='bbox 2076 3621 2296 3678; x_wconf 76' lang='lat' dir='ltr'><strong><em>circiter</em></strong></span> <span class='ocrx_word' id='word_1_70' title='bbox 2358 3621 2463 3678; x_wconf 72' lang='lat'><strong>592</strong></span> <span class='ocrx_word' id='word_1_71' title='bbox 2525 3616 2768 3692; x_wconf 80' lang='lat' dir='ltr'><strong><em>synodus</em></strong></span> <span class='ocrx_word' id='word_1_72' title='bbox 2826 3615 3085 3687; x_wconf 86' lang='lat' dir='ltr'><strong><em>Capuana</em></strong></span> <span class='ocrx_word' id='word_1_73' title='bbox 3137 3616 3208 3672; x_wconf 89' lang='lat' dir='ltr'><strong><em>ob</em></strong></span> <span class='ocrx_word' id='word_1_74' title='bbox 3274 3615 3425 3674; x_wconf 70' lang='lat' dir='ltr'><strong><em>sedis</em></strong></span> 
     </span>
    </p>
   </div>
   <div class='ocr_carea' id='block_1_15' title="bbox 181 3707 3424 3785">
    <p class='ocr_par' dir='ltr' id='par_1_15' title="bbox 181 3707 3424 3785">
     <span class='ocr_line' id='line_1_15' title="bbox 181 3707 3424 3785; baseline 0.001 -24"><span class='ocrx_word' id='word_1_75' title='bbox 181 3707 324 3780; x_wconf 83' lang='lat' dir='ltr'><strong>philo</strong></span> <span class='ocrx_word' id='word_1_76' title='bbox 355 3707 619 3762; x_wconf 80' lang='lat' dir='ltr'><strong><em>Ecclesia:</em></strong></span> <span class='ocrx_word' id='word_1_77' title='bbox 644 3709 1025 3765; x_wconf 76' lang='lat' dir='ltr'><strong><em>Alexandrina:</em></strong></span> <span class='ocrx_word' id='word_1_78' title='bbox 1047 3711 1290 3766; x_wconf 87' lang='lat' dir='ltr'><strong><em>antistite</em></strong></span> <span class='ocrx_word' id='word_1_79' title='bbox 1320 3721 1531 3766; x_wconf 83' lang='lat' dir='ltr'><strong><em>veteres</em></strong></span> <span class='ocrx_word' id='word_1_80' title='bbox 1557 3711 1754 3769; x_wconf 89' lang='lat' dir='ltr'><strong><em>litteris</em></strong></span> <span class='ocrx_word' id='word_1_81' title='bbox 1859 3713 2242 3769; x_wconf 71' lang='lat' dir='ltr'><strong><em>Alexandrina:</em></strong></span> <span class='ocrx_word' id='word_1_82' title='bbox 2292 3715 2620 3785; x_wconf 62' lang='lat' dir='ltr'><strong><em>prmeipuam</em></strong></span> <span class='ocrx_word' id='word_1_83' title='bbox 2673 3711 2728 3765; x_wconf 92' lang='lat' dir='ltr'><strong><em>in</em></strong></span> <span class='ocrx_word' id='word_1_84' title='bbox 2777 3707 2997 3764; x_wconf 88' lang='lat' dir='ltr'><strong><em>Oriente</em></strong></span> <span class='ocrx_word' id='word_1_85' title='bbox 3042 3709 3424 3765; x_wconf 83' lang='lat' dir='ltr'><strong><em>auctoritatem</em></strong></span> 
     </span>
    </p>
   </div>
   <div class='ocr_carea' id='block_1_16' title="bbox 179 3799 3424 3876">
    <p class='ocr_par' dir='ltr' id='par_1_16' title="bbox 179 3799 3424 3876">
     <span class='ocr_line' id='line_1_16' title="bbox 179 3799 3424 3876; baseline -0.001 -20"><span class='ocrx_word' id='word_1_86' title='bbox 179 3801 473 3856; x_wconf 81' lang='lat' dir='ltr'><strong><em>tradidere.</em></strong></span> <span class='ocrx_word' id='word_1_87' title='bbox 517 3799 710 3871; x_wconf 81' lang='lat' dir='ltr'><strong><em>Neque</em></strong></span> <span class='ocrx_word' id='word_1_88' title='bbox 743 3803 915 3858; x_wconf 86' lang='lat' dir='ltr'><strong><em>nostri</em></strong></span> <span class='ocrx_word' id='word_1_89' title='bbox 967 3803 1184 3858; x_wconf 90' lang='lat' dir='ltr'><strong><em>demum</em></strong></span> <span class='ocrx_word' id='word_1_90' title='bbox 1225 3803 1462 3859; x_wconf 91' lang='lat' dir='ltr'><strong><em>instituti</em></strong></span> <span class='ocrx_word' id='word_1_91' title='bbox 1507 3805 1648 3860; x_wconf 86' lang='lat' dir='ltr'><strong><em>ratio</em></strong></span> <span class='ocrx_word' id='word_1_92' title='bbox 1698 3804 1753 3859; x_wconf 90' lang='lat' dir='ltr'><strong><em>id</em></strong></span> <span class='ocrx_word' id='word_1_93' title='bbox 1857 3804 2036 3875; x_wconf 88' lang='lat' dir='ltr'><strong><em>ipsum</em></strong></span> <span class='ocrx_word' id='word_1_94' title='bbox 2097 3804 2296 3876; x_wconf 80' lang='lat' dir='ltr'><strong><em>delegit</em></strong></span> <span class='ocrx_word' id='word_1_95' title='bbox 2341 3804 2408 3858; x_wconf 87' lang='lat' dir='ltr'><strong><em>ad</em></strong></span> <span class='ocrx_word' id='word_1_96' title='bbox 2459 3800 2896 3873; x_wconf 87' lang='lat' dir='ltr'><strong><em>componendum</em></strong></span> <span class='ocrx_word' id='word_1_97' title='bbox 2939 3801 3224 3855; x_wconf 88' lang='lat' dir='ltr'><strong><em>dissidium</em></strong></span> <span class='ocrx_word' id='word_1_98' title='bbox 3281 3799 3424 3854; x_wconf 87' lang='lat' dir='ltr'><strong><em>inter</em></strong></span> 
     </span>
    </p>
   </div>
   <div class='ocr_carea' id='block_1_17' title="bbox 180 3891 3422 3966">
    <p class='ocr_par' dir='ltr' id='par_1_17' title="bbox 180 3891 3422 3966">
     <span class='ocr_line' id='line_1_17' title="bbox 180 3891 3422 3966; baseline 0.001 -23"><span class='ocrx_word' id='word_1_99' title='bbox 180 3892 404 3960; x_wconf 83' lang='lat' dir='ltr'><strong><em>patitur,</em></strong></span> <span class='ocrx_word' id='word_1_100' title='bbox 434 3891 568 3960; x_wconf 78' lang='lat' dir='ltr'><strong><em>quin</em></strong></span> <span class='ocrx_word' id='word_1_101' title='bbox 608 3899 662 3945; x_wconf 86' lang='lat' dir='ltr'><strong><em>et</em></strong></span> <span class='ocrx_word' id='word_1_102' title='bbox 694 3891 764 3946; x_wconf 88' lang='lat' dir='ltr'><strong><em>ab</em></strong></span> <span class='ocrx_word' id='word_1_103' title='bbox 793 3892 1060 3961; x_wconf 88' lang='lat' dir='ltr'><strong><em>ejusmodi</em></strong></span> <span class='ocrx_word' id='word_1_104' title='bbox 1095 3908 1320 3948; x_wconf 89' lang='lat' dir='ltr'><strong><em>munere</em></strong></span> <span class='ocrx_word' id='word_1_105' title='bbox 1352 3910 1630 3964; x_wconf 91' lang='lat' dir='ltr'><strong><em>pensoque</em></strong></span> <span class='ocrx_word' id='word_1_106' title='bbox 1659 3895 1755 3950; x_wconf 90' lang='lat' dir='ltr'><strong><em>ab-</em></strong></span> <span class='ocrx_word' id='word_1_107' title='bbox 1857 3896 2176 3952; x_wconf 82' lang='lat' dir='ltr'><strong><em>Flavianum</em></strong></span> <span class='ocrx_word' id='word_1_108' title='bbox 2201 3905 2256 3952; x_wconf 87' lang='lat' dir='ltr'><strong><em>et</em></strong></span> <span class='ocrx_word' id='word_1_109' title='bbox 2285 3896 2598 3966; x_wconf 81' lang='lat' dir='ltr'><strong><em>Evagrium,</em></strong></span> <span class='ocrx_word' id='word_1_110' title='bbox 2629 3894 2862 3949; x_wconf 89' lang='lat' dir='ltr'><strong><em>Paulino.</em></strong></span> <span class='ocrx_word' id='word_1_111' title='bbox 2897 3893 3190 3948; x_wconf 85' lang='lat' dir='ltr'><strong><em>demortuo</em></strong></span> <span class='ocrx_word' id='word_1_112' title='bbox 3224 3893 3278 3946; x_wconf 91' lang='lat' dir='ltr'><strong><em>in</em></strong></span> <span class='ocrx_word' id='word_1_113' title='bbox 3301 3891 3422 3961; x_wconf 88' lang='lat' dir='ltr'><strong><em>epi-</em></strong></span> 
     </span>
    </p>
   </div>
   <div class='ocr_carea' id='block_1_18' title="bbox 181 3983 3425 4064">
    <p class='ocr_par' dir='ltr' id='par_1_18' title="bbox 181 3983 3425 4064">
     <span class='ocr_line' id='line_1_18' title="bbox 181 3983 3425 4064; baseline 0.001 -27"><span class='ocrx_word' id='word_1_114' title='bbox 181 3983 443 4038; x_wconf 81' lang='lat' dir='ltr'><strong><em>solvendo</em></strong></span> <span class='ocrx_word' id='word_1_115' title='bbox 468 3999 572 4039; x_wconf 92' lang='lat' dir='ltr'><strong><em>nos</em></strong></span> <span class='ocrx_word' id='word_1_116' title='bbox 599 3985 851 4054; x_wconf 86' lang='lat' dir='ltr'><strong><em>prohibet</em></strong></span> <span class='ocrx_word' id='word_1_117' title='bbox 877 3986 1118 4052; x_wconf 90' lang='lat' dir='ltr'><strong><em>omnino,</em></strong></span> <span class='ocrx_word' id='word_1_118' title='bbox 1147 4003 1271 4039; x_wconf 82' lang='lat' dir='ltr'><strong><em>cum</em></strong></span> <span class='ocrx_word' id='word_1_119' title='bbox 1311 3995 1499 4042; x_wconf 89' lang='lat' dir='ltr'><strong><em>nostra</em></strong></span> <span class='ocrx_word' id='word_1_120' title='bbox 1523 3996 1754 4042; x_wconf 85' lang='lat' dir='ltr'><strong><em>tantum-</em></strong></span> <span class='ocrx_word' id='word_1_121' title='bbox 1854 3999 2083 4064; x_wconf 82' lang='lat' dir='ltr'><strong><em>scopatu</em></strong></span> <span class='ocrx_word' id='word_1_122' title='bbox 2127 3990 2469 4045; x_wconf 83' lang='lat' dir='ltr'><strong><em>Antiocheno</em></strong></span> <span class='ocrx_word' id='word_1_123' title='bbox 2518 3988 2842 4046; x_wconf 76' lang='lat' dir='ltr'><strong><em>suﬂectum:</em></strong></span> <span class='ocrx_word' id='word_1_124' title='bbox 2891 3987 3010 4056; x_wconf 81' lang='lat' dir='ltr'><strong><em>ejus</em></strong></span> <span class='ocrx_word' id='word_1_125' title='bbox 3049 3996 3227 4040; x_wconf 87' lang='lat' dir='ltr'><strong><em>tamen</em></strong></span> <span class='ocrx_word' id='word_1_126' title='bbox 3276 3985 3425 4055; x_wconf 81' lang='lat' dir='ltr'><strong><em>judi-</em></strong></span> 
     </span>
    </p>
   </div>
   <div class='ocr_carea' id='block_1_19' title="bbox 181 4074 3423 4146">
    <p class='ocr_par' dir='ltr' id='par_1_19' title="bbox 181 4074 3423 4146">
     <span class='ocr_line' id='line_1_19' title="bbox 181 4074 3423 4146; baseline 0.002 -20"><span class='ocrx_word' id='word_1_127' title='bbox 181 4074 339 4127; x_wconf 89' lang='lat' dir='ltr'><strong><em>modo</em></strong></span> <span class='ocrx_word' id='word_1_128' title='bbox 392 4076 635 4138; x_wconf 88' lang='lat' dir='ltr'><strong><em>intersit,</em></strong></span> <span class='ocrx_word' id='word_1_129' title='bbox 669 4089 730 4129; x_wconf 91' lang='lat' dir='ltr'><strong><em>ea</em></strong></span> <span class='ocrx_word' id='word_1_130' title='bbox 784 4075 1093 4130; x_wconf 80' lang='lat' dir='ltr'><strong><em>summatim</em></strong></span> <span class='ocrx_word' id='word_1_131' title='bbox 1126 4076 1412 4146; x_wconf 75' lang='lat' dir='ltr'><strong><em>attingere,</em></strong></span> <span class='ocrx_word' id='word_1_132' title='bbox 1456 4092 1576 4146; x_wconf 68' lang='lat' dir='ltr'><strong><em>qua:</em></strong></span> <span class='ocrx_word' id='word_1_133' title='bbox 1615 4086 1752 4131; x_wconf 81' lang='lat' dir='ltr'><strong><em>tem-</em></strong></span> <span class='ocrx_word' id='word_1_134' title='bbox 1853 4083 2000 4136; x_wconf 91' lang='lat' dir='ltr'><strong><em>cium</em></strong></span> <span class='ocrx_word' id='word_1_135' title='bbox 2027 4080 2319 4137; x_wconf 83' lang='lat' dir='ltr'><strong><em>Flavianus</em></strong></span> <span class='ocrx_word' id='word_1_136' title='bbox 2346 4080 2633 4136; x_wconf 84' lang='lat' dir='ltr'><strong><em>admittere</em></strong></span> <span class='ocrx_word' id='word_1_137' title='bbox 2658 4079 2850 4134; x_wconf 89' lang='lat' dir='ltr'><strong><em>noluit.</em></strong></span> <span class='ocrx_word' id='word_1_138' title='bbox 2871 4077 2986 4145; x_wconf 87' lang='lat' dir='ltr'><strong><em>Qua</em></strong></span> <span class='ocrx_word' id='word_1_139' title='bbox 3015 4077 3081 4132; x_wconf 89' lang='lat' dir='ltr'><strong><em>de</em></strong></span> <span class='ocrx_word' id='word_1_140' title='bbox 3114 4093 3172 4132; x_wconf 90' lang='lat' dir='ltr'><strong><em>re</em></strong></span> <span class='ocrx_word' id='word_1_141' title='bbox 3196 4087 3423 4132; x_wconf 89' lang='lat' dir='ltr'><strong><em>sanctus</em></strong></span> 
     </span>
    </p>
   </div>
   <div class='ocr_carea' id='block_1_20' title="bbox 181 4165 3418 4240">
    <p class='ocr_par' dir='ltr' id='par_1_20' title="bbox 181 4165 3418 4240">
     <span class='ocr_line' id='line_1_20' title="bbox 181 4165 3418 4240; baseline 0.001 -23"><span class='ocrx_word' id='word_1_142' title='bbox 181 4166 325 4232; x_wconf 86' lang='lat' dir='ltr'><strong><em>poris</em></strong></span> <span class='ocrx_word' id='word_1_143' title='bbox 353 4166 696 4219; x_wconf 85' lang='lat' dir='ltr'><strong><em>notationem</em></strong></span> <span class='ocrx_word' id='word_1_144' title='bbox 726 4165 998 4236; x_wconf 68' lang='lat' dir='ltr'><strong><em>praecipue</em></strong></span> <span class='ocrx_word' id='word_1_145' title='bbox 1031 4167 1354 4236; x_wconf 84' lang='lat' dir='ltr'><strong><em>respiciunt.</em></strong></span> <span class='ocrx_word' id='word_1_146' title='bbox 1380 4167 1536 4223; x_wconf 80' lang='lat' dir='ltr'><strong><em>Anno</em></strong></span> <span class='ocrx_word' id='word_1_147' title='bbox 1567 4168 1750 4238; x_wconf 84' lang='lat' dir='ltr'><strong><em>itaque</em></strong></span> <span class='ocrx_word' id='word_1_148' title='bbox 1853 4169 2176 4226; x_wconf 82' lang='lat' dir='ltr'><strong><em>Ambrosius</em></strong></span> <span class='ocrx_word' id='word_1_149' title='bbox 2212 4170 2280 4225; x_wconf 91' lang='lat' dir='ltr'><strong><em>ad</em></strong></span> <span class='ocrx_word' id='word_1_150' title='bbox 2319 4172 2569 4226; x_wconf 89' lang='lat' dir='ltr'><strong><em>eumdem</em></strong></span> <span class='ocrx_word' id='word_1_151' title='bbox 2606 4168 2965 4240; x_wconf 84' lang='lat' dir='ltr'><strong><em>Theophilum</em></strong></span> <span class='ocrx_word' id='word_1_152' title='bbox 3009 4167 3256 4222; x_wconf 86' lang='lat' dir='ltr'><strong><em>scribens</em></strong></span> <span class='ocrx_word' id='word_1_153' title='bbox 3297 4165 3369 4238; x_wconf 89' lang='lat' dir='ltr'><strong><em>(g)</em></strong></span> <span class='ocrx_word' id='word_1_154' title='bbox 3404 4184 3418 4220; x_wconf 90' lang='lat'><strong>:</strong></span> 
     </span>
    </p>
   </div>
   <div class='ocr_carea' id='block_1_21' title="bbox 179 4255 3422 4330">
    <p class='ocr_par' dir='ltr' id='par_1_21' title="bbox 179 4255 3422 4330">
     <span class='ocr_line' id='line_1_21' title="bbox 179 4255 3422 4330; baseline -0.001 -21"><span class='ocrx_word' id='word_1_155' title='bbox 179 4255 282 4310; x_wconf 80' lang='lat'><strong><em>585</em></strong></span> <span class='ocrx_word' id='word_1_156' title='bbox 329 4256 570 4312; x_wconf 79' lang='lat' dir='ltr'><strong><em>Arcadio</em></strong></span> <span class='ocrx_word' id='word_1_157' title='bbox 611 4257 856 4326; x_wconf 81' lang='lat' dir='ltr'><strong><em>Augusto</em></strong></span> <span class='ocrx_word' id='word_1_158' title='bbox 908 4257 1143 4327; x_wconf 87' lang='lat' dir='ltr'><strong><em>primum</em></strong></span> <span class='ocrx_word' id='word_1_159' title='bbox 1195 4265 1252 4313; x_wconf 85' lang='lat' dir='ltr'><strong><em>et</em></strong></span> <span class='ocrx_word' id='word_1_160' title='bbox 1285 4257 1530 4314; x_wconf 81' lang='lat' dir='ltr'><strong><em>Bautone</em></strong></span> <span class='ocrx_word' id='word_1_161' title='bbox 1576 4275 1747 4327; x_wconf 92' lang='lat' dir='ltr'><strong><em>coss.,</em></strong></span> <span class='ocrx_word' id='word_1_162' title='bbox 1853 4257 1975 4312; x_wconf 85' lang='lat' dir='ltr'><strong><em>Non</em></strong></span> <span class='ocrx_word' id='word_1_163' title='bbox 2015 4258 2199 4322; x_wconf 82' lang='lat' dir='ltr'><strong><em>habet,</em></strong></span> <span class='ocrx_word' id='word_1_164' title='bbox 2241 4259 2458 4330; x_wconf 82' lang='lat' dir='ltr'><strong><em>inquit,</em></strong></span> <span class='ocrx_word' id='word_1_165' title='bbox 2510 4259 2648 4330; x_wconf 87' lang='lat' dir='ltr'><strong><em>quod</em></strong></span> <span class='ocrx_word' id='word_1_166' title='bbox 2690 4269 2872 4328; x_wconf 78' lang='lat' dir='ltr'><strong><em>urgeat</em></strong></span> <span class='ocrx_word' id='word_1_167' title='bbox 2919 4256 3217 4328; x_wconf 79' lang='lat' dir='ltr'><strong><em>Euagrius;</em></strong></span> <span class='ocrx_word' id='word_1_168' title='bbox 3272 4255 3422 4309; x_wconf 79' lang='lat' dir='ltr'><strong><em>habet</em></strong></span> 
     </span>
    </p>
   </div>
   <div class='ocr_carea' id='block_1_22' title="bbox 176 4349 3418 4424">
    <p class='ocr_par' dir='ltr' id='par_1_22' title="bbox 176 4349 3418 4424">
     <span class='ocr_line' id='line_1_22' title="bbox 176 4349 3418 4424; baseline 0.001 -24"><span class='ocrx_word' id='word_1_169' title='bbox 176 4357 312 4404; x_wconf 81' lang='lat' dir='ltr'><strong><em>teste</em></strong></span> <span class='ocrx_word' id='word_1_170' title='bbox 343 4351 573 4404; x_wconf 88' lang='lat' dir='ltr'><strong><em>Socrate</em></strong></span> <span class='ocrx_word' id='word_1_171' title='bbox 617 4350 716 4420; x_wconf 85' lang='lat' dir='ltr'><strong><em>(a),</em></strong></span> <span class='ocrx_word' id='word_1_172' title='bbox 753 4349 970 4405; x_wconf 87' lang='lat' dir='ltr'><strong><em>sublato</em></strong></span> <span class='ocrx_word' id='word_1_173' title='bbox 1029 4366 1092 4404; x_wconf 80' lang='lat' dir='ltr'><strong><em>ex</em></strong></span> <span class='ocrx_word' id='word_1_174' title='bbox 1145 4350 1250 4407; x_wconf 87' lang='lat' dir='ltr'><strong><em>hac</em></strong></span> <span class='ocrx_word' id='word_1_175' title='bbox 1304 4351 1425 4406; x_wconf 90' lang='lat' dir='ltr'><strong><em>lucc</em></strong></span> <span class='ocrx_word' id='word_1_176' title='bbox 1459 4350 1748 4408; x_wconf 88' lang='lat' dir='ltr'><strong><em>Timotheo</em></strong></span> <span class='ocrx_word' id='word_1_177' title='bbox 1849 4351 1988 4424; x_wconf 85' lang='lat' dir='ltr'><strong><em>quod</em></strong></span> <span class='ocrx_word' id='word_1_178' title='bbox 2051 4361 2250 4406; x_wconf 88' lang='lat' dir='ltr'><strong><em>metuat</em></strong></span> <span class='ocrx_word' id='word_1_179' title='bbox 2305 4350 2622 4416; x_wconf 78' lang='lat' dir='ltr'><strong><em>Flavianus,</em></strong></span> <span class='ocrx_word' id='word_1_180' title='bbox 2678 4350 2893 4419; x_wconf 79' lang='lat' dir='ltr'><strong><em>ideoque</em></strong></span> <span class='ocrx_word' id='word_1_181' title='bbox 2946 4349 3134 4419; x_wconf 77' lang='lat' dir='ltr'><strong><em>refugit</em></strong></span> <span class='ocrx_word' id='word_1_182' title='bbox 3179 4361 3418 4402; x_wconf 79' lang='lat' dir='ltr'><strong><em>examen.</em></strong></span> 
     </span>
    </p>
   </div>
   <div class='ocr_carea' id='block_1_23' title="bbox 173 4438 3419 4512">
    <p class='ocr_par' dir='ltr' id='par_1_23' title="bbox 173 4438 3419 4512">
     <span class='ocr_line' id='line_1_23' title="bbox 173 4438 3419 4512; baseline -0 -20"><span class='ocrx_word' id='word_1_183' title='bbox 173 4439 235 4493; x_wconf 87' lang='lat' dir='ltr'><strong><em>de</em></strong></span> <span class='ocrx_word' id='word_1_184' title='bbox 263 4455 374 4510; x_wconf 88' lang='lat' dir='ltr'><strong><em>quo</em></strong></span> <span class='ocrx_word' id='word_1_185' title='bbox 423 4442 678 4510; x_wconf 85' lang='lat' dir='ltr'><strong><em>superius</em></strong></span> <span class='ocrx_word' id='word_1_186' title='bbox 710 4442 869 4495; x_wconf 83' lang='lat' dir='ltr'><strong><em>verba</em></strong></span> <span class='ocrx_word' id='word_1_187' title='bbox 901 4439 1152 4502; x_wconf 81' lang='lat' dir='ltr'><strong><em>fecimus.</em></strong></span> <span class='ocrx_word' id='word_1_188' title='bbox 1185 4457 1375 4497; x_wconf 83' lang='lat' dir='ltr'><strong><em>mense</em></strong></span> <span class='ocrx_word' id='word_1_189' title='bbox 1411 4440 1556 4497; x_wconf 82' lang='lat' dir='ltr'><strong><em>Julio</em></strong></span> <span class='ocrx_word' id='word_1_190' title='bbox 1605 4441 1746 4498; x_wconf 82' lang='lat' dir='ltr'><strong><em>desi-</em></strong></span> <span class='ocrx_word' id='word_1_191' title='bbox 1847 4443 1986 4497; x_wconf 85' lang='lat' dir='ltr'><strong><em>Dent</em></strong></span> <span class='ocrx_word' id='word_1_192' title='bbox 2016 4443 2214 4512; x_wconf 76' lang='lat' dir='ltr'><strong><em>fratres</em></strong></span> <span class='ocrx_word' id='word_1_193' title='bbox 2253 4444 2456 4496; x_wconf 78' lang='lat' dir='ltr'><strong><em>veniam</em></strong></span> <span class='ocrx_word' id='word_1_194' title='bbox 2482 4442 2658 4495; x_wconf 87' lang='lat' dir='ltr'><strong><em>dolori</em></strong></span> <span class='ocrx_word' id='word_1_195' title='bbox 2690 4443 2862 4510; x_wconf 83' lang='lat' dir='ltr'><strong><em>justo,</em></strong></span> <span class='ocrx_word' id='word_1_196' title='bbox 2887 4441 3012 4510; x_wconf 85' lang='lat' dir='ltr'><strong><em>quia</em></strong></span> <span class='ocrx_word' id='word_1_197' title='bbox 3048 4450 3257 4507; x_wconf 79' lang='lat' dir='ltr'><strong><em>propter</em></strong></span> <span class='ocrx_word' id='word_1_198' title='bbox 3280 4438 3419 4504; x_wconf 84' lang='lat' dir='ltr'><strong><em>ipsos</em></strong></span> 
     </span>
    </p>
   </div>
   <div class='ocr_carea' id='block_1_24' title="bbox 173 4530 3421 4602">
    <p class='ocr_par' dir='ltr' id='par_1_24' title="bbox 173 4530 3421 4602">
     <span class='ocr_line' id='line_1_24' title="bbox 173 4530 3421 4602; baseline -0 -18"><span class='ocrx_word' id='word_1_199' title='bbox 173 4541 351 4597; x_wconf 86' lang='lat' dir='ltr'><strong><em>nente,</em></strong></span> <span class='ocrx_word' id='word_1_200' title='bbox 387 4530 725 4602; x_wconf 84' lang='lat' dir='ltr'><strong><em>Theophilus</em></strong></span> <span class='ocrx_word' id='word_1_201' title='bbox 756 4533 1043 4587; x_wconf 88' lang='lat' dir='ltr'><strong><em>sacerdotii</em></strong></span> <span class='ocrx_word' id='word_1_202' title='bbox 1076 4532 1746 4588; x_wconf 75' lang='lat' dir='ltr'><strong><em>administrationemsus~</em></strong></span> <span class='ocrx_word' id='word_1_203' title='bbox 1846 4537 2123 4590; x_wconf 76' lang='lat' dir='ltr'><strong><em>universus</em></strong></span> <span class='ocrx_word' id='word_1_204' title='bbox 2158 4535 2298 4590; x_wconf 84' lang='lat' dir='ltr'><strong><em>orbis</em></strong></span> <span class='ocrx_word' id='word_1_205' title='bbox 2330 4535 2663 4600; x_wconf 82' lang='lat' dir='ltr'><strong><em>concutitur;</em></strong></span> <span class='ocrx_word' id='word_1_206' title='bbox 2709 4543 2757 4588; x_wconf 91' lang='lat' dir='ltr'><strong><em>et</em></strong></span> <span class='ocrx_word' id='word_1_207' title='bbox 2787 4533 2866 4587; x_wconf 85' lang='lat' dir='ltr'><strong><em>illi</em></strong></span> <span class='ocrx_word' id='word_1_208' title='bbox 2903 4542 3072 4588; x_wconf 86' lang='lat' dir='ltr'><strong><em>tamen</em></strong></span> <span class='ocrx_word' id='word_1_209' title='bbox 3103 4540 3280 4585; x_wconf 85' lang='lat' dir='ltr'><strong><em>nostra</em></strong></span> <span class='ocrx_word' id='word_1_210' title='bbox 3316 4545 3421 4584; x_wconf 83' lang='lat' dir='ltr'><strong><em>non</em></strong></span> 
     </span>
    </p>
   </div>
   <div class='ocr_carea' id='block_1_25' title="bbox 171 4622 3418 4696">
    <p class='ocr_par' dir='ltr' id='par_1_25' title="bbox 171 4622 3418 4696">
     <span class='ocr_line' id='line_1_25' title="bbox 171 4622 3418 4696; baseline -0.002 -16"><span class='ocrx_word' id='word_1_211' title='bbox 171 4626 331 4695; x_wconf 82' lang='lat' dir='ltr'><strong><em>cepit.</em></strong></span> <span class='ocrx_word' id='word_1_212' title='bbox 381 4625 460 4679; x_wconf 87' lang='lat' dir='ltr'><strong><em>Eo</em></strong></span> <span class='ocrx_word' id='word_1_213' title='bbox 512 4625 751 4680; x_wconf 88' lang='lat' dir='ltr'><strong><em>instante</em></strong></span> <span class='ocrx_word' id='word_1_214' title='bbox 794 4633 957 4696; x_wconf 88' lang='lat' dir='ltr'><strong><em>atque</em></strong></span> <span class='ocrx_word' id='word_1_215' title='bbox 993 4625 1268 4681; x_wconf 84' lang='lat' dir='ltr'><strong><em>adnitente</em></strong></span> <span class='ocrx_word' id='word_1_216' title='bbox 1312 4625 1558 4682; x_wconf 82' lang='lat' dir='ltr'><strong><em>funditus</em></strong></span> <span class='ocrx_word' id='word_1_217' title='bbox 1591 4627 1742 4683; x_wconf 83' lang='lat' dir='ltr'><strong><em>exci-</em></strong></span> <span class='ocrx_word' id='word_1_218' title='bbox 1845 4627 2237 4694; x_wconf 83' lang='lat' dir='ltr'><strong><em>compatiuntur</em></strong></span> <span class='ocrx_word' id='word_1_219' title='bbox 2267 4625 2465 4678; x_wconf 85' lang='lat' dir='ltr'><strong><em>dolori.</em></strong></span> <span class='ocrx_word' id='word_1_220' title='bbox 2497 4623 2660 4678; x_wconf 86' lang='lat' dir='ltr'><strong><em>Plura</em></strong></span> <span class='ocrx_word' id='word_1_221' title='bbox 2691 4625 2819 4679; x_wconf 89' lang='lat' dir='ltr'><strong><em>item</em></strong></span> <span class='ocrx_word' id='word_1_222' title='bbox 2862 4625 3009 4694; x_wconf 81' lang='lat' dir='ltr'><strong><em>legas</em></strong></span> <span class='ocrx_word' id='word_1_223' title='bbox 3043 4623 3183 4692; x_wconf 85' lang='lat' dir='ltr'><strong><em>apud</em></strong></span> <span class='ocrx_word' id='word_1_224' title='bbox 3218 4622 3418 4674; x_wconf 87' lang='lat' dir='ltr'><strong><em>Socra-</em></strong></span> 
     </span>
    </p>
   </div>
   <div class='ocr_carea' id='block_1_26' title="bbox 170 4715 3422 4789">
    <p class='ocr_par' dir='ltr' id='par_1_26' title="bbox 170 4715 3422 4789">
     <span class='ocr_line' id='line_1_26' title="bbox 170 4715 3422 4789; baseline -0.002 -17"><span class='ocrx_word' id='word_1_225' title='bbox 170 4732 287 4772; x_wconf 82' lang='lat' dir='ltr'><strong><em>sum</em></strong></span> <span class='ocrx_word' id='word_1_226' title='bbox 319 4717 740 4773; x_wconf 86' lang='lat' dir='ltr'><strong><em>celeberrimum</em></strong></span> <span class='ocrx_word' id='word_1_227' title='bbox 780 4716 1065 4788; x_wconf 88' lang='lat' dir='ltr'><strong><em>Serapidis</em></strong></span> <span class='ocrx_word' id='word_1_228' title='bbox 1099 4719 1399 4788; x_wconf 85' lang='lat' dir='ltr'><strong><em>templum:</em></strong></span> <span class='ocrx_word' id='word_1_229' title='bbox 1438 4720 1581 4789; x_wconf 90' lang='lat' dir='ltr'><strong><em>quod</em></strong></span> <span class='ocrx_word' id='word_1_230' title='bbox 1607 4735 1743 4774; x_wconf 89' lang='lat' dir='ltr'><strong><em>con-</em></strong></span> <span class='ocrx_word' id='word_1_231' title='bbox 1846 4727 1952 4772; x_wconf 92' lang='lat' dir='ltr'><strong><em>tem</em></strong></span> <span class='ocrx_word' id='word_1_232' title='bbox 1996 4717 2070 4788; x_wconf 78' lang='lat' dir='ltr'><strong><em>(It)</em></strong></span> <span class='ocrx_word' id='word_1_233' title='bbox 2103 4725 2156 4772; x_wconf 89' lang='lat' dir='ltr'><strong><em>et</em></strong></span> <span class='ocrx_word' id='word_1_234' title='bbox 2202 4715 2568 4772; x_wconf 89' lang='lat' dir='ltr'><strong><em>Sozomenum</em></strong></span> <span class='ocrx_word' id='word_1_235' title='bbox 2603 4717 2686 4788; x_wconf 86' lang='lat' dir='ltr'><strong><em>(i).</em></strong></span> <span class='ocrx_word' id='word_1_236' title='bbox 2722 4715 2974 4771; x_wconf 82' lang='lat' dir='ltr'><strong><em>Interfuit</em></strong></span> <span class='ocrx_word' id='word_1_237' title='bbox 3003 4723 3262 4785; x_wconf 67' lang='lat' dir='ltr'><strong><em>praaterea</em></strong></span> <span class='ocrx_word' id='word_1_238' title='bbox 3289 4729 3422 4767; x_wconf 85' lang='lat' dir='ltr'><strong><em>con-</em></strong></span> 
     </span>
    </p>
   </div>
   <div class='ocr_carea' id='block_1_27' title="bbox 169 4806 3418 4881">
    <p class='ocr_par' dir='ltr' id='par_1_27' title="bbox 169 4806 3418 4881">
     <span class='ocr_line' id='line_1_27' title="bbox 169 4806 3418 4881; baseline -0.001 -18"><span class='ocrx_word' id='word_1_239' title='bbox 169 4811 355 4881; x_wconf 74' lang='lat' dir='ltr'><strong><em>tigisse</em></strong></span> <span class='ocrx_word' id='word_1_240' title='bbox 391 4825 538 4862; x_wconf 87' lang='lat' dir='ltr'><strong><em>anno</em></strong></span> <span class='ocrx_word' id='word_1_241' title='bbox 566 4809 668 4864; x_wconf 78' lang='lat'><strong><em>391</em></strong></span> <span class='ocrx_word' id='word_1_242' title='bbox 703 4810 960 4879; x_wconf 89' lang='lat' dir='ltr'><strong><em>pluribus</em></strong></span> <span class='ocrx_word' id='word_1_243' title='bbox 993 4810 1232 4866; x_wconf 88' lang='lat' dir='ltr'><strong><em>ostendit</em></strong></span> <span class='ocrx_word' id='word_1_244' title='bbox 1255 4808 1456 4880; x_wconf 78' lang='lat' dir='ltr'><strong><em>Pagius</em></strong></span> <span class='ocrx_word' id='word_1_245' title='bbox 1479 4811 1576 4880; x_wconf 75' lang='grc' dir='ltr'><strong><em>(ὁ).</em></strong></span> <span class='ocrx_word' id='word_1_246' title='bbox 1606 4808 1740 4865; x_wconf 83' lang='lat' dir='ltr'><strong><em>Rem</em></strong></span> <span class='ocrx_word' id='word_1_247' title='bbox 1841 4809 1972 4864; x_wconf 90' lang='lat' dir='ltr'><strong><em>cilio</em></strong></span> <span class='ocrx_word' id='word_1_248' title='bbox 2000 4809 2630 4880; x_wconf 87' lang='lat' dir='ltr'><strong><em>Constantinopolitano,</em></strong></span> <span class='ocrx_word' id='word_1_249' title='bbox 2662 4808 2942 4863; x_wconf 89' lang='lat' dir='ltr'><strong><em>desinente</em></strong></span> <span class='ocrx_word' id='word_1_250' title='bbox 2981 4823 3124 4861; x_wconf 87' lang='lat' dir='ltr'><strong><em>anno</em></strong></span> <span class='ocrx_word' id='word_1_251' title='bbox 3157 4806 3260 4861; x_wconf 74' lang='grc'><strong><em>594</em></strong></span> <span class='ocrx_word' id='word_1_252' title='bbox 3288 4821 3418 4860; x_wconf 87' lang='lat' dir='ltr'><strong><em>coa-</em></strong></span> 
     </span>
    </p>
   </div>
   <div class='ocr_carea' id='block_1_28' title="bbox 170 4897 3416 4973">
    <p class='ocr_par' dir='ltr' id='par_1_28' title="bbox 170 4897 3416 4973">
     <span class='ocr_line' id='line_1_28' title="bbox 170 4897 3416 4973; baseline -0 -21"><span class='ocrx_word' id='word_1_253' title='bbox 170 4898 283 4954; x_wconf 76' lang='lat' dir='ltr'><strong><em>t‘use</em></strong></span> <span class='ocrx_word' id='word_1_254' title='bbox 331 4900 660 4954; x_wconf 87' lang='lat' dir='ltr'><strong><em>describunt</em></strong></span> <span class='ocrx_word' id='word_1_255' title='bbox 703 4915 816 4970; x_wconf 71' lang='lat' dir='ltr'><strong><em>prae</em></strong></span> <span class='ocrx_word' id='word_1_256' title='bbox 855 4900 1071 4954; x_wconf 70' lang='lat' dir='ltr'><strong><em>cazteris</em></strong></span> <span class='ocrx_word' id='word_1_257' title='bbox 1106 4898 1473 4954; x_wconf 87' lang='lat' dir='ltr'><strong><em>Theodoritus</em></strong></span> <span class='ocrx_word' id='word_1_258' title='bbox 1507 4900 1600 4969; x_wconf 84' lang='lat' dir='ltr'><strong><em>(c),</em></strong></span> <span class='ocrx_word' id='word_1_259' title='bbox 1635 4899 1737 4954; x_wconf 90' lang='lat' dir='ltr'><strong><em>So-</em></strong></span> <span class='ocrx_word' id='word_1_260' title='bbox 1845 4913 1952 4966; x_wconf 84' lang='lat' dir='ltr'><strong><em>eto,</em></strong></span> <span class='ocrx_word' id='word_1_261' title='bbox 1983 4902 2074 4957; x_wconf 89' lang='lat' dir='ltr'><strong><em>ubi</em></strong></span> <span class='ocrx_word' id='word_1_262' title='bbox 2102 4903 2290 4973; x_wconf 78' lang='lat' dir='ltr'><strong><em>Agapii</em></strong></span> <span class='ocrx_word' id='word_1_263' title='bbox 2321 4913 2375 4957; x_wconf 91' lang='lat' dir='ltr'><strong><em>et</em></strong></span> <span class='ocrx_word' id='word_1_264' title='bbox 2397 4901 2619 4970; x_wconf 72' lang='lat' dir='ltr'><strong><em>Bagadii</em></strong></span> <span class='ocrx_word' id='word_1_265' title='bbox 2647 4901 3019 4954; x_wconf 88' lang='lat' dir='ltr'><strong><em>contr0versia</em></strong></span> <span class='ocrx_word' id='word_1_266' title='bbox 3044 4899 3110 4954; x_wconf 88' lang='lat' dir='ltr'><strong><em>dc</em></strong></span> <span class='ocrx_word' id='word_1_267' title='bbox 3133 4897 3416 4953; x_wconf 78' lang='lat' dir='ltr'><strong><em>Bostrensi</em></strong></span> 
     </span>
    </p>
   </div>
   <div class='ocr_carea' id='block_1_29' title="bbox 167 4990 3417 5063">
    <p class='ocr_par' dir='ltr' id='par_1_29' title="bbox 167 4990 3417 5063">
     <span class='ocr_line' id='line_1_29' title="bbox 167 4990 3417 5063; baseline -0 -19"><span class='ocrx_word' id='word_1_268' title='bbox 167 4999 340 5047; x_wconf 87' lang='lat' dir='ltr'><strong><em>crates</em></strong></span> <span class='ocrx_word' id='word_1_269' title='bbox 379 4991 456 5061; x_wconf 77' lang='grc' dir='ltr'><strong><em>(ά)</em></strong></span> <span class='ocrx_word' id='word_1_270' title='bbox 506 4999 559 5046; x_wconf 90' lang='lat' dir='ltr'><strong><em>et</em></strong></span> <span class='ocrx_word' id='word_1_271' title='bbox 590 4992 930 5046; x_wconf 84' lang='lat' dir='ltr'><strong><em>Sozomenus</em></strong></span> <span class='ocrx_word' id='word_1_272' title='bbox 959 4991 1028 5061; x_wconf 79' lang='grc' dir='ltr'><strong><em>(ε)</em></strong></span> <span class='ocrx_word' id='word_1_273' title='bbox 1067 5010 1080 5046; x_wconf 88' lang='lat'>:</span> <span class='ocrx_word' id='word_1_274' title='bbox 1113 5007 1287 5061; x_wconf 85' lang='lat' dir='ltr'><strong><em>neque</em></strong></span> <span class='ocrx_word' id='word_1_275' title='bbox 1317 4991 1383 5046; x_wconf 91' lang='lat' dir='ltr'><strong><em>de</em></strong></span> <span class='ocrx_word' id='word_1_276' title='bbox 1419 4991 1730 5061; x_wconf 84' lang='lat' dir='ltr'><strong><em>hujusmodi</em></strong></span> <span class='ocrx_word' id='word_1_277' title='bbox 1765 4990 1810 5046; x_wconf 90' lang='grc' dir='ltr'><strong>Β</strong></span> <span class='ocrx_word' id='word_1_278' title='bbox 1837 4993 2154 5062; x_wconf 81' lang='lat' dir='ltr'><strong><em>cpisc0patu</em></strong></span> <span class='ocrx_word' id='word_1_279' title='bbox 2189 4994 2410 5063; x_wconf 80' lang='lat' dir='ltr'><strong><em>agitata.</em></strong></span> <span class='ocrx_word' id='word_1_280' title='bbox 2475 4990 2689 5047; x_wconf 81' lang='lat' dir='ltr'><strong><em>Videsis</em></strong></span> <span class='ocrx_word' id='word_1_281' title='bbox 2743 4990 3009 5045; x_wconf 83' lang='lat' dir='ltr'><strong><em>Zonaram</em></strong></span> <span class='ocrx_word' id='word_1_282' title='bbox 3045 4991 3110 5062; x_wconf 82' lang='lat' dir='ltr'><strong><em>(j)</em></strong></span> <span class='ocrx_word' id='word_1_283' title='bbox 3145 4999 3199 5044; x_wconf 87' lang='lat' dir='ltr'><strong><em>et</em></strong></span> <span class='ocrx_word' id='word_1_284' title='bbox 3225 4991 3417 5044; x_wconf 87' lang='lat' dir='ltr'><strong><em>Balsa-</em></strong></span> 
     </span>
    </p>
   </div>
   <div class='ocr_carea' id='block_1_30' title="bbox 165 5080 3413 5156">
    <p class='ocr_par' dir='ltr' id='par_1_30' title="bbox 165 5080 3413 5156">
     <span class='ocr_line' id='line_1_30' title="bbox 165 5080 3413 5156; baseline -0.002 -19"><span class='ocrx_word' id='word_1_285' title='bbox 165 5080 409 5138; x_wconf 72' lang='lat' dir='ltr'><strong><em>facinore</em></strong></span> <span class='ocrx_word' id='word_1_286' title='bbox 467 5083 616 5138; x_wconf 89' lang='lat' dir='ltr'><strong><em>siluit.</em></strong></span> <span class='ocrx_word' id='word_1_287' title='bbox 650 5082 933 5154; x_wconf 84' lang='lat' dir='ltr'><strong><em>Eunapius</em></strong></span> <span class='ocrx_word' id='word_1_288' title='bbox 976 5083 1063 5156; x_wconf 72' lang='lat' dir='ltr'><strong><em>(ﬂ.</em></strong></span> <span class='ocrx_word' id='word_1_289' title='bbox 1099 5084 1307 5139; x_wconf 83' lang='lat' dir='ltr'><strong><em>Exinde</em></strong></span> <span class='ocrx_word' id='word_1_290' title='bbox 1346 5098 1475 5144; x_wconf 78' lang='lat' dir='ltr'><strong><em>vero</em></strong></span> <span class='ocrx_word' id='word_1_291' title='bbox 1522 5083 1736 5154; x_wconf 80' lang='lat' dir='ltr'><strong><em>profani</em></strong></span> <span class='ocrx_word' id='word_1_292' title='bbox 1845 5099 2060 5140; x_wconf 89' lang='lat' dir='ltr'><strong><em>monem</em></strong></span> <span class='ocrx_word' id='word_1_293' title='bbox 2094 5084 2188 5155; x_wconf 77' lang='lat' dir='ltr'><strong><em>(It).</em></strong></span> <span class='ocrx_word' id='word_1_294' title='bbox 2231 5083 2480 5150; x_wconf 85' lang='lat' dir='ltr'><strong><em>Quatuor</em></strong></span> <span class='ocrx_word' id='word_1_295' title='bbox 2516 5091 2638 5154; x_wconf 91' lang='lat' dir='ltr'><strong><em>post</em></strong></span> <span class='ocrx_word' id='word_1_296' title='bbox 2675 5098 2847 5140; x_wconf 89' lang='lat' dir='ltr'><strong><em>annos</em></strong></span> <span class='ocrx_word' id='word_1_297' title='bbox 2880 5080 3413 5151; x_wconf 82' lang='lat' dir='ltr'><strong><em>ConstantinOpolim</em></strong></span> 
     </span>
    </p>
   </div>
   <div class='ocr_carea' id='block_1_31' title="bbox 163 5173 3420 5247">
    <p class='ocr_par' dir='ltr' id='par_1_31' title="bbox 163 5173 3420 5247">
     <span class='ocr_line' id='line_1_31' title="bbox 163 5173 3420 5247; baseline -0 -20"><span class='ocrx_word' id='word_1_298' title='bbox 163 5174 345 5229; x_wconf 88' lang='lat' dir='ltr'><strong><em>cultus</em></strong></span> <span class='ocrx_word' id='word_1_299' title='bbox 395 5173 668 5230; x_wconf 90' lang='lat' dir='ltr'><strong><em>idolorum</em></strong></span> <span class='ocrx_word' id='word_1_300' title='bbox 709 5175 971 5245; x_wconf 87' lang='lat' dir='ltr'><strong><em>reliquias</em></strong></span> <span class='ocrx_word' id='word_1_301' title='bbox 1013 5191 1111 5245; x_wconf 89' lang='lat' dir='ltr'><strong><em>per</em></strong></span> <span class='ocrx_word' id='word_1_302' title='bbox 1157 5173 1455 5247; x_wconf 66' lang='lat' dir='ltr'><strong><em>Egyptum</em></strong></span> <span class='ocrx_word' id='word_1_303' title='bbox 1515 5176 1734 5232; x_wconf 83' lang='lat' dir='ltr'><strong><em>delevit.</em></strong></span> <span class='ocrx_word' id='word_1_304' title='bbox 1845 5177 2112 5232; x_wconf 85' lang='lat' dir='ltr'><strong><em>remeavit</em></strong></span> <span class='ocrx_word' id='word_1_305' title='bbox 2131 5175 2199 5230; x_wconf 89' lang='lat' dir='ltr'><strong><em>ad</em></strong></span> <span class='ocrx_word' id='word_1_306' title='bbox 2223 5175 2663 5247; x_wconf 77' lang='lat' dir='ltr'><strong><em>inaugurandum</em></strong></span> <span class='ocrx_word' id='word_1_307' title='bbox 2687 5183 2935 5234; x_wconf 88' lang='lat' dir='ltr'><strong><em>sanctum</em></strong></span> <span class='ocrx_word' id='word_1_308' title='bbox 2956 5174 3220 5231; x_wconf 86' lang='lat' dir='ltr'><strong><em>Joannem</em></strong></span> <span class='ocrx_word' id='word_1_309' title='bbox 3245 5173 3420 5244; x_wconf 67' lang='lat' dir='ltr'><strong><em>Chryo</em></strong></span> 
     </span>
    </p>
   </div>
   <div class='ocr_carea' id='block_1_32' title="bbox 229 5379 1760 5509">
    <p class='ocr_par' dir='ltr' id='par_1_32' title="bbox 229 5379 1418 5509">
     <span class='ocr_line' id='line_1_32' title="bbox 229 5379 1418 5509; baseline 0.003 -75"><span class='ocrx_word' id='word_1_310' title='bbox 229 5382 309 5509; x_wconf 57' lang='grc' dir='ltr'><strong><em>(οξ</em></strong></span> <span class='ocrx_word' id='word_1_311' title='bbox 353 5380 570 5463; x_wconf 69' lang='lat' dir='ltr'><strong><em>Socrat.</em></strong></span> <span class='ocrx_word' id='word_1_312' title='bbox 611 5379 757 5436; x_wconf 86' lang='lat' dir='ltr'><strong><em>Hist.</em></strong></span> <span class='ocrx_word' id='word_1_313' title='bbox 792 5383 918 5436; x_wconf 63' lang='grc' dir='ltr'><strong><em>«σοι.</em></strong></span> <span class='ocrx_word' id='word_1_314' title='bbox 947 5381 1044 5437; x_wconf 88' lang='lat' dir='ltr'><strong><em>lib.</em></strong></span> <span class='ocrx_word' id='word_1_315' title='bbox 1081 5399 1135 5448; x_wconf 76' lang='grc' dir='ltr'><strong>ν,</strong></span> <span class='ocrx_word' id='word_1_316' title='bbox 1173 5397 1295 5454; x_wconf 85' lang='lat' dir='ltr'><strong><em>cap.</em></strong></span> <span class='ocrx_word' id='word_1_317' title='bbox 1331 5383 1418 5437; x_wconf 75' lang='grc'><strong><em>12.</em></strong></span> 
     </span>
     <span class='ocr_line' id='line_1_33' title="bbox 233 5451 1211 5509; baseline 0.005 -5"><span class='ocrx_word' id='word_1_318' title='bbox 233 5454 285 5509; x_wconf 76' lang='grc' dir='ltr'><strong>(υ</strong></span> <span class='ocrx_word' id='word_1_319' title='bbox 344 5451 475 5509; x_wconf 74' lang='lat' dir='ltr'><strong><em>Pam</em></strong></span> <span class='ocrx_word' id='word_1_320' title='bbox 515 5452 582 5505; x_wconf 91' lang='lat' dir='ltr'><strong><em>ad</em></strong></span> <span class='ocrx_word' id='word_1_321' title='bbox 611 5468 740 5506; x_wconf 89' lang='lat' dir='ltr'><strong><em>ann.</em></strong></span> <span class='ocrx_word' id='word_1_322' title='bbox 769 5452 894 5509; x_wconf 81' lang='grc'><strong>589.</strong></span> <span class='ocrx_word' id='word_1_323' title='bbox 934 5451 962 5509; x_wconf 77' lang='lat'><strong>§</strong></span> <span class='ocrx_word' id='word_1_324' title='bbox 1004 5453 1071 5505; x_wconf 75' lang='lat'><strong><em>12</em></strong></span> <span class='ocrx_word' id='word_1_325' title='bbox 1097 5470 1211 5509; x_wconf 84' lang='lat' dir='ltr'><strong><em>seu.</em></strong></span> 
     </span>
    </p>
   </div>
   <div class='ocr_carea' id='block_1_33' title="bbox 1880 5379 3411 5509">
    <p class='ocr_par' dir='ltr' id='par_1_33' title="bbox 1904 5379 3411 5509">
     <span class='ocr_line' id='line_1_34' title="bbox 1904 5379 3411 5509; baseline 0.002 -72"><span class='ocrx_word' id='word_1_326' title='bbox 1904 5383 1981 5504; x_wconf 58' lang='grc' dir='ltr'><strong><em>(ἵ)</em></strong></span> <span class='ocrx_word' id='word_1_327' title='bbox 2018 5383 2208 5469; x_wconf 65' lang='grc' dir='ltr'><strong><em>ᾼωιπ.</em></strong></span> <span class='ocrx_word' id='word_1_328' title='bbox 2239 5385 2401 5509; x_wconf 48' lang='lat' dir='ltr'><strong><em>epist.</em></strong></span> <span class='ocrx_word' id='word_1_329' title='bbox 2431 5385 2522 5448; x_wconf 84' lang='grc'><strong><em>56,</em></strong></span> <span class='ocrx_word' id='word_1_330' title='bbox 2548 5384 2575 5458; x_wconf 81' lang='lat'>§</span> <span class='ocrx_word' id='word_1_331' title='bbox 2605 5385 2654 5467; x_wconf 80' lang='lat' dir='ltr'><strong><em>l_,</em></strong></span> <span class='ocrx_word' id='word_1_332' title='bbox 2679 5383 2816 5455; x_wconf 88' lang='lat' dir='ltr'><strong><em>Opp.</em></strong></span> <span class='ocrx_word' id='word_1_333' title='bbox 2849 5395 2979 5441; x_wconf 88' lang='lat' dir='ltr'><strong><em>tom.</em></strong></span> <span class='ocrx_word' id='word_1_334' title='bbox 3009 5383 3073 5452; x_wconf 88' lang='lat' dir='ltr'><strong><em>il,</em></strong></span> <span class='ocrx_word' id='word_1_335' title='bbox 3103 5399 3226 5458; x_wconf 74' lang='lat' dir='ltr'><strong><em>pag.</em></strong></span> <span class='ocrx_word' id='word_1_336' title='bbox 3251 5379 3411 5440; x_wconf 85' lang='grc'><strong>1006.</strong></span> 
     </span>
     <span class='ocr_line' id='line_1_35' title="bbox 1906 5455 3058 5509; baseline 0 0"><span class='ocrx_word' id='word_1_337' title='bbox 1906 5455 1984 5509; x_wconf 79' lang='lat' dir='ltr'><strong><em>tt)</em></strong></span> <span class='ocrx_word' id='word_1_338' title='bbox 2021 5455 2233 5508; x_wconf 65' lang='grc' dir='ltr'><strong><em>δορί-31.</em></strong></span> <span class='ocrx_word' id='word_1_339' title='bbox 2324 5465 2410 5509; x_wconf 76' lang='lat' dir='ltr'><strong><em>ist.</em></strong></span> <span class='ocrx_word' id='word_1_340' title='bbox 2447 5460 2575 5509; x_wconf 86' lang='lat' dir='ltr'><strong><em>ecct.</em></strong></span> <span class='ocrx_word' id='word_1_341' title='bbox 2610 5456 2706 5509; x_wconf 78' lang='lat' dir='ltr'><strong><em>lib.</em></strong></span> <span class='ocrx_word' id='word_1_342' title='bbox 2737 5473 2793 5509; x_wconf 77' lang='grc' dir='ltr'><strong><em>ν.</em></strong></span> <span class='ocrx_word' id='word_1_343' title='bbox 2819 5471 2939 5509; x_wconf 88' lang='lat' dir='ltr'><strong><em>can.</em></strong></span> <span class='ocrx_word' id='word_1_344' title='bbox 2970 5455 3058 5509; x_wconf 97' lang='grc'><strong><em>15.</em></strong></span> 
     </span>
    </p>
   </div>
   <div class='ocr_carea' id='block_1_34' title="bbox 256 5451 1787 5527">
    <p class='ocr_par' dir='ltr' id='par_1_34' title="bbox 256 5451 1418 5527">
     <span class='ocr_line' id='line_1_36' title="bbox 256 5451 1418 5527; baseline 0.006 -7"><span class='ocrx_word' id='word_1_345' title='bbox 256 5451 308 5520; x_wconf 78' lang='grc' dir='ltr'><strong><em>υ)</em></strong></span> <span class='ocrx_word' id='word_1_346' title='bbox 338 5451 475 5527; x_wconf 55' lang='lat' dir='ltr'><strong><em>East</em></strong></span> <span class='ocrx_word' id='word_1_347' title='bbox 515 5452 582 5527; x_wconf 65' lang='lat' dir='ltr'><strong><em>ad</em></strong></span> <span class='ocrx_word' id='word_1_348' title='bbox 611 5468 740 5527; x_wconf 59' lang='lat' dir='ltr'><strong><em>arui-</em></strong></span> <span class='ocrx_word' id='word_1_349' title='bbox 769 5452 894 5517; x_wconf 73' lang='lat'><strong><em>589.</em></strong></span> <span class='ocrx_word' id='word_1_350' title='bbox 927 5451 962 5527; x_wconf 85' lang='lat'><strong><em>_§</em></strong></span> <span class='ocrx_word' id='word_1_351' title='bbox 993 5453 1071 5527; x_wconf 64' lang='lat'><strong><em>12</em></strong></span> <span class='ocrx_word' id='word_1_352' title='bbox 1097 5470 1211 5523; x_wconf 57' lang='lat' dir='ltr'><strong><em>seq.</em></strong></span> <span class='ocrx_word' id='word_1_353' title='bbox 1239 5451 1258 5454; x_wconf 72' lang='lat'><strong>&#39;</strong></span> <span class='ocrx_word' id='word_1_354' title='bbox 1364 5523 1418 5527; x_wconf 70' lang='lat'><strong><em>-_</em></strong></span> 
     </span>
    </p>
   </div>
   <div class='ocr_carea' id='block_1_35' title="bbox 1526 5451 3057 5527">
    <p class='ocr_par' dir='ltr' id='par_1_35' title="bbox 1906 5451 3057 5527">
     <span class='ocr_line' id='line_1_37' title="bbox 1906 5451 3057 5527; baseline 0.003 -20"><span class='ocrx_word' id='word_1_355' title='bbox 1906 5451 1984 5527; x_wconf 71' lang='lat' dir='ltr'><strong><em>(it)</em></strong></span> <span class='ocrx_word' id='word_1_356' title='bbox 2019 5453 2233 5527; x_wconf 86' lang='lat' dir='ltr'><strong><em>_Socrat.</em></strong></span> <span class='ocrx_word' id='word_1_357' title='bbox 2270 5451 2410 5527; x_wconf 82' lang='lat' dir='ltr'><strong><em>Hist.</em></strong></span> <span class='ocrx_word' id='word_1_358' title='bbox 2447 5451 2575 5512; x_wconf 58' lang='grc' dir='ltr'><strong><em>ειπειῖ</em></strong></span> <span class='ocrx_word' id='word_1_359' title='bbox 2610 5456 2706 5512; x_wconf 93' lang='lat' dir='ltr'><strong><em>lib.</em></strong></span> <span class='ocrx_word' id='word_1_360' title='bbox 2730 5451 2793 5520; x_wconf 55' lang='grc' dir='ltr'><strong><em>ἶ,</em></strong></span> <span class='ocrx_word' id='word_1_361' title='bbox 2819 5471 2939 5527; x_wconf 86' lang='lat' dir='ltr'><strong><em>cap.</em></strong></span> <span class='ocrx_word' id='word_1_362' title='bbox 2970 5455 3057 5512; x_wconf 95' lang='grc'><strong><em>15.</em></strong></span> 
     </span>
    </p>
   </div>
   <div class='ocr_carea' id='block_1_36' title="bbox 233 5454 2758 5596">
    <p class='ocr_par' dir='ltr' id='par_1_36' title="bbox 233 5454 2758 5596">
     <span class='ocr_line' id='line_1_38' title="bbox 256 5454 2758 5526; baseline 0.002 -22"><span class='ocrx_word' id='word_1_363' title='bbox 256 5454 308 5520; x_wconf 77' lang='grc' dir='ltr'><strong><em>υ)</em></strong></span> <span class='ocrx_word' id='word_1_364' title='bbox 344 5454 475 5520; x_wconf 82' lang='lat' dir='ltr'><strong><em>Pagi</em></strong></span> <span class='ocrx_word' id='word_1_365' title='bbox 515 5454 582 5505; x_wconf 90' lang='lat' dir='ltr'><strong><em>ad</em></strong></span> <span class='ocrx_word' id='word_1_366' title='bbox 611 5468 740 5506; x_wconf 89' lang='lat' dir='ltr'><strong><em>ann.</em></strong></span> <span class='ocrx_word' id='word_1_367' title='bbox 769 5454 894 5517; x_wconf 80' lang='grc'><strong><em>589,</em></strong></span> <span class='ocrx_word' id='word_1_368' title='bbox 934 5454 962 5522; x_wconf 85' lang='lat'>§</span> <span class='ocrx_word' id='word_1_369' title='bbox 1004 5454 1071 5505; x_wconf 74' lang='lat'><strong><em>12</em></strong></span> <span class='ocrx_word' id='word_1_370' title='bbox 1097 5470 1211 5523; x_wconf 86' lang='lat' dir='ltr'><strong><em>seq.</em></strong></span> <span class='ocrx_word' id='word_1_371' title='bbox 1906 5454 1984 5526; x_wconf 82' lang='lat' dir='ltr'><strong><em>(It)</em></strong></span> <span class='ocrx_word' id='word_1_372' title='bbox 2021 5454 2233 5508; x_wconf 86' lang='lat' dir='ltr'><strong><em>Socrat.</em></strong></span> <span class='ocrx_word' id='word_1_373' title='bbox 2270 5454 2410 5510; x_wconf 85' lang='lat' dir='ltr'><strong><em>Hist.</em></strong></span> <span class='ocrx_word' id='word_1_374' title='bbox 2447 5454 2575 5512; x_wconf 53' lang='lat' dir='ltr'><strong><em>ecct&#39;.</em></strong></span> <span class='ocrx_word' id='word_1_375' title='bbox 2610 5456 2706 5512; x_wconf 93' lang='lat' dir='ltr'><strong><em>lib.</em></strong></span> <span class='ocrx_word' id='word_1_376' title='bbox 2737 5473 2758 5510; x_wconf 59' lang='grc' dir='ltr'><strong>ν</strong></span> 
     </span>
     <span class='ocr_line' id='line_1_39' title="bbox 233 5454 2758 5596; baseline 0.002 -21"><span class='ocrx_word' id='word_1_377' title='bbox 233 5454 302 5596; x_wconf 23' lang='grc' dir='ltr'><strong><em>ἶς’)</em></strong></span> <span class='ocrx_word' id='word_1_378' title='bbox 338 5521 794 5596; x_wconf 36' lang='grc' dir='ltr'><strong><em>ἸξΙιεοιιοιλΗὶει.</em></strong></span> <span class='ocrx_word' id='word_1_379' title='bbox 827 5524 954 5576; x_wconf 86' lang='lat' dir='ltr'><strong><em>eccl.</em></strong></span> <span class='ocrx_word' id='word_1_380' title='bbox 991 5523 1084 5596; x_wconf 81' lang='lat' dir='ltr'><strong><em>lib.</em></strong></span> <span class='ocrx_word' id='word_1_381' title='bbox 1126 5541 1180 5589; x_wconf 76' lang='grc' dir='ltr'><strong><em>ν,</em></strong></span> <span class='ocrx_word' id='word_1_382' title='bbox 1211 5539 1332 5594; x_wconf 86' lang='lat' dir='ltr'><strong><em>cap.</em></strong></span> <span class='ocrx_word' id='word_1_383' title='bbox 1359 5523 1452 5583; x_wconf 67' lang='grc'><strong><em>22.</em></strong></span> <span class='ocrx_word' id='word_1_384' title='bbox 1905 5524 1971 5596; x_wconf 83' lang='lat' dir='ltr'><strong><em>(i)</em></strong></span> <span class='ocrx_word' id='word_1_385' title='bbox 2013 5524 2231 5596; x_wconf 74' lang='lat' dir='ltr'><strong><em>§ozom.</em></strong></span> <span class='ocrx_word' id='word_1_386' title='bbox 2263 5526 2358 5582; x_wconf 89' lang='lat' dir='ltr'><strong><em>lib.</em></strong></span> <span class='ocrx_word' id='word_1_387' title='bbox 2394 5542 2492 5591; x_wconf 86' lang='lat' dir='ltr'><strong><em>vn,</em></strong></span> <span class='ocrx_word' id='word_1_388' title='bbox 2516 5542 2636 5596; x_wconf 90' lang='lat' dir='ltr'><strong><em>cap.</em></strong></span> <span class='ocrx_word' id='word_1_389' title='bbox 2673 5527 2758 5596; x_wconf 88' lang='grc'><strong><em>15.</em></strong></span> 
     </span>
    </p>
   </div>
   <div class='ocr_carea' id='block_1_37' title="bbox 257 5592 2821 5667">
    <p class='ocr_par' dir='ltr' id='par_1_37' title="bbox 257 5592 2821 5667">
     <span class='ocr_line' id='line_1_40' title="bbox 257 5592 2821 5667; baseline 0.002 -23"><span class='ocrx_word' id='word_1_390' title='bbox 257 5592 312 5667; x_wconf 81' lang='lat' dir='ltr'><strong><em>tt)</em></strong></span> <span class='ocrx_word' id='word_1_391' title='bbox 351 5592 572 5667; x_wconf 85' lang='lat' dir='ltr'><strong><em>_Socrat.</em></strong></span> <span class='ocrx_word' id='word_1_392' title='bbox 600 5592 704 5667; x_wconf 84' lang='lat' dir='ltr'><strong><em>_l_i_b.</em></strong></span> <span class='ocrx_word' id='word_1_393' title='bbox 734 5609 787 5659; x_wconf 77' lang='grc' dir='ltr'><strong><em>γ,</em></strong></span> <span class='ocrx_word' id='word_1_394' title='bbox 823 5608 944 5662; x_wconf 89' lang='lat' dir='ltr'><strong><em>cap.</em></strong></span> <span class='ocrx_word' id='word_1_395' title='bbox 982 5593 1086 5667; x_wconf 59' lang='grc' dir='ltr'><strong><em>16ἹΔ</em></strong></span> <span class='ocrx_word' id='word_1_396' title='bbox 1279 5592 1294 5594; x_wconf 69' lang='grc'><strong><em>“</em></strong></span> <span class='ocrx_word' id='word_1_397' title='bbox 1903 5592 1972 5667; x_wconf 70' lang='grc' dir='ltr'><strong><em>α)</em></strong></span> <span class='ocrx_word' id='word_1_398' title='bbox 2013 5594 2210 5667; x_wconf 73' lang='lat' dir='ltr'><strong><em>Zonar.</em></strong></span> <span class='ocrx_word' id='word_1_399' title='bbox 2241 5597 2296 5651; x_wconf 89' lang='lat' dir='ltr'><strong><em>in</em></strong></span> <span class='ocrx_word' id='word_1_400' title='bbox 2333 5596 2495 5662; x_wconf 89' lang='lat' dir='ltr'><strong><em>Can.,</em></strong></span> <span class='ocrx_word' id='word_1_401' title='bbox 2536 5592 2661 5667; x_wconf 77' lang='lat' dir='ltr'><strong><em>pag.</em></strong></span> <span class='ocrx_word' id='word_1_402' title='bbox 2695 5595 2821 5652; x_wconf 75' lang='lat'><strong><em>525.</em></strong></span> 
     </span>
    </p>
   </div>
   <div class='ocr_carea' id='block_1_38' title="bbox 234 5596 2868 5806">
    <p class='ocr_par' dir='ltr' id='par_1_38' title="bbox 234 5596 2868 5806">
     <span class='ocr_line' id='line_1_41' title="bbox 234 5596 2821 5734; baseline 0.002 -90"><span class='ocrx_word' id='word_1_403' title='bbox 234 5596 290 5734; x_wconf 46' lang='grc' dir='ltr'><em>ὶά</em></span> <span class='ocrx_word' id='word_1_404' title='bbox 355 5596 572 5647; x_wconf 84' lang='lat' dir='ltr'><strong><em>Socrat.</em></strong></span> <span class='ocrx_word' id='word_1_405' title='bbox 610 5596 704 5650; x_wconf 90' lang='lat' dir='ltr'><strong><em>lib.</em></strong></span> <span class='ocrx_word' id='word_1_406' title='bbox 734 5609 787 5659; x_wconf 77' lang='grc' dir='ltr'><strong><em>γ,</em></strong></span> <span class='ocrx_word' id='word_1_407' title='bbox 823 5608 944 5662; x_wconf 89' lang='lat' dir='ltr'><strong><em>cap.</em></strong></span> <span class='ocrx_word' id='word_1_408' title='bbox 982 5596 1066 5648; x_wconf 89' lang='grc'><strong>16.</strong></span> <span class='ocrx_word' id='word_1_409' title='bbox 1903 5596 1972 5664; x_wconf 76' lang='grc' dir='ltr'><strong><em>υ)</em></strong></span> <span class='ocrx_word' id='word_1_410' title='bbox 2013 5596 2210 5655; x_wconf 86' lang='lat' dir='ltr'><strong><em>Zonar.</em></strong></span> <span class='ocrx_word' id='word_1_411' title='bbox 2241 5597 2296 5651; x_wconf 89' lang='lat' dir='ltr'><strong><em>in</em></strong></span> <span class='ocrx_word' id='word_1_412' title='bbox 2333 5596 2495 5662; x_wconf 89' lang='lat' dir='ltr'><strong><em>Can.,</em></strong></span> <span class='ocrx_word' id='word_1_413' title='bbox 2536 5613 2661 5667; x_wconf 76' lang='lat' dir='ltr'><strong><em>pag.</em></strong></span> <span class='ocrx_word' id='word_1_414' title='bbox 2695 5596 2821 5652; x_wconf 75' lang='lat'><strong><em>525.</em></strong></span> 
     </span>
     <span class='ocr_line' id='line_1_42' title="bbox 256 5596 2868 5806; baseline 0.002 -89"><span class='ocrx_word' id='word_1_415' title='bbox 256 5596 312 5806; x_wconf 58' lang='grc' dir='ltr'><em>ἷξ</em></span> <span class='ocrx_word' id='word_1_416' title='bbox 346 5664 566 5718; x_wconf 81' lang='lat' dir='ltr'><strong><em>Sozom.</em></strong></span> <span class='ocrx_word' id='word_1_417' title='bbox 600 5662 694 5743; x_wconf 85' lang='lat' dir='ltr'><strong><em>lib.</em></strong></span> <span class='ocrx_word' id='word_1_418' title='bbox 730 5679 829 5746; x_wconf 70' lang='lat' dir='ltr'><strong><em>vn,</em></strong></span> <span class='ocrx_word' id='word_1_419' title='bbox 865 5678 986 5734; x_wconf 87' lang='lat' dir='ltr'><strong><em>cap.</em></strong></span> <span class='ocrx_word' id='word_1_420' title='bbox 1021 5663 1089 5718; x_wconf 84' lang='grc'><strong><em>15</em></strong></span> <span class='ocrx_word' id='word_1_421' title='bbox 1905 5663 1976 5735; x_wconf 79' lang='lat' dir='ltr'><strong><em>(lt)</em></strong></span> <span class='ocrx_word' id='word_1_422' title='bbox 2017 5665 2254 5722; x_wconf 84' lang='lat' dir='ltr'><strong><em>Balsam.</em></strong></span> <span class='ocrx_word' id='word_1_423' title='bbox 2296 5670 2350 5723; x_wconf 91' lang='lat' dir='ltr'><strong><em>in</em></strong></span> <span class='ocrx_word' id='word_1_424' title='bbox 2383 5667 2544 5734; x_wconf 81' lang='lat' dir='ltr'><strong><em>Can.,</em></strong></span> <span class='ocrx_word' id='word_1_425' title='bbox 2584 5682 2707 5739; x_wconf 71' lang='lat' dir='ltr'><strong><em>pag.</em></strong></span> <span class='ocrx_word' id='word_1_426' title='bbox 2745 5667 2868 5722; x_wconf 83' lang='grc'><strong>761.</strong></span> 
     </span>
     <span class='ocr_line' id='line_1_43' title="bbox 238 5730 1620 5806; baseline 0.001 -18"><span class='ocrx_word' id='word_1_427' title='bbox 238 5735 256 5780; x_wconf 73' lang='grc' dir='ltr'><em>ι</em></span> <span class='ocrx_word' id='word_1_428' title='bbox 340 5733 554 5804; x_wconf 83' lang='lat' dir='ltr'><strong><em>Eunap.</em></strong></span> <span class='ocrx_word' id='word_1_429' title='bbox 604 5730 705 5790; x_wconf 80' lang='lat' dir='ltr'><strong><em>Vit.</em></strong></span> <span class='ocrx_word' id='word_1_430' title='bbox 739 5733 933 5805; x_wconf 73' lang='lat' dir='ltr'><strong><em>philos.</em></strong></span> <span class='ocrx_word' id='word_1_431' title='bbox 968 5749 1092 5805; x_wconf 81' lang='lat' dir='ltr'><strong><em>cap.</em></strong></span> <span class='ocrx_word' id='word_1_432' title='bbox 1126 5733 1184 5804; x_wconf 69' lang='grc'><strong><em>4,</em></strong></span> <span class='ocrx_word' id='word_1_433' title='bbox 1214 5749 1335 5806; x_wconf 73' lang='lat' dir='ltr'><strong><em>pag.</em></strong></span> <span class='ocrx_word' id='word_1_434' title='bbox 1374 5734 1444 5791; x_wconf 73' lang='grc'><strong><em>64</em></strong></span> <span class='ocrx_word' id='word_1_435' title='bbox 1499 5750 1620 5806; x_wconf 75' lang='lat' dir='ltr'><strong><em>seq.</em></strong></span> 
     </span>
    </p>
   </div>
   <div class='ocr_carea' id='block_1_39' title="bbox 340 5730 1620 5817">
    <p class='ocr_par' dir='ltr' id='par_1_39' title="bbox 340 5730 1620 5817">
     <span class='ocr_line' id='line_1_44' title="bbox 340 5730 1620 5817; baseline 0.001 -29"><span class='ocrx_word' id='word_1_436' title='bbox 340 5733 554 5804; x_wconf 83' lang='lat' dir='ltr'><strong><em>Eunap.</em></strong></span> <span class='ocrx_word' id='word_1_437' title='bbox 604 5730 705 5790; x_wconf 81' lang='lat' dir='ltr'><strong><em>Vit.</em></strong></span> <span class='ocrx_word' id='word_1_438' title='bbox 739 5730 1092 5805; x_wconf 45' lang='lat' dir='ltr'><strong><em>philoa—cap.</em></strong></span> <span class='ocrx_word' id='word_1_439' title='bbox 1126 5733 1184 5817; x_wconf 60' lang='grc' dir='ltr'><strong><em>τι,</em></strong></span> <span class='ocrx_word' id='word_1_440' title='bbox 1214 5749 1335 5808; x_wconf 73' lang='lat' dir='ltr'><strong><em>pag.</em></strong></span> <span class='ocrx_word' id='word_1_441' title='bbox 1374 5734 1444 5791; x_wconf 73' lang='grc'><strong><em>64</em></strong></span> <span class='ocrx_word' id='word_1_442' title='bbox 1499 5750 1620 5806; x_wconf 75' lang='lat' dir='ltr'><strong><em>seq.</em></strong></span> 
     </span>
    </p>
   </div>
  </div>
