3878 6306
187 303 264 360 33
1337 335 1346 342 -
1661 295 1996 355 CANONES.
3371 297 3444 360 3-5

189 416 490 486 Theophili
521 414 758 486 epistola
787 415 844 470 in
877 415 1114 488 vulgatis
1157 413 1495 472 editionihus
1541 414 1771 482 secunda
1802 419 1848 474 Α
1877 413 2216 484 paschalium
2283 414 2530 470 ordinem
2589 431 2620 468 a
2679 413 2894 470 Norisio
2950 415 3068 471 viro
3125 415 3442 474 doctissimo

189 523 482 578 perperam
519 507 792 578 signatur.

263 597 526 654 Secunda
547 614 711 669 porro
732 613 854 669 qua:
884 599 1080 670 incipit
1111 617 1126 653 :
1151 597 1394 652 Primum
1426 598 1778 654 solemnitatis

189 699 440 758 augusta:
464 707 616 744 servo
640 689 871 756 divinus,
900 705 1126 762 quaeque
1158 701 1314 746 antea
1347 691 1484 746 male
1525 692 1581 746 in
1615 692 1778 746 editis

189 789 460 851 tanquam
493 783 670 850 prima
711 781 1038 850 habebatur,
1063 781 1274 838 Pascha
1301 783 1544 838 futurum
1576 783 1779 839 denun-

187 872 290 926 tiat
316 872 408 926 die
435 887 493 924 x1
521 871 729 927 mensis
763 870 1106 936 Pharmuthi,
1133 873 1185 926 id
1214 882 1297 928 est
1324 873 1476 942 juxta
1513 874 1775 943 epocham

185 961 474 1017 Julianam
507 964 599 1018 die
625 980 679 1018 γι
709 963 914 1034 Aprilis
951 983 964 1018 :
1000 979 1104 1034 qua
1137 963 1356 1034 quidem
1399 964 1486 1020 dic
1515 981 1544 1018 a
1571 964 1778 1020 Latinis

193 1070 342 1110 anno
374 1055 510 1118 402,
553 1057 832 1126 paschalia
867 1058 1004 1113 festa
1035 1066 1255 1128 peracta
1286 1067 1434 1122 sunt,
1471 1058 1623 1129 cyclo
1649 1059 1778 1114 solis

193 1163 316 1211 nx,
351 1149 502 1202 luna:
537 1165 612 1214 IV,
647 1149 752 1203 litt.
797 1147 952 1203 Dom.
981 1147 1043 1201 E.

269 1238 464 1293 Tertia
494 1239 736 1310 denique
761 1241 1066 1310 incipiens:
1115 1240 1269 1295 Nunc
1299 1257 1495 1312 quoque
1531 1242 1624 1296 Dei
1667 1243 1780 1297 viva

167 1332 506 1398 ,sapientia,
563 1330 778 1386 Pascha
833 1332 1085 1402 designat
1128 1333 1494 1403 peragendum
1545 1334 1632 1388 die
1664 1348 1776 1388 χιιι

189 1419 454 1489 ejusdem
489 1422 700 1478 mensis
731 1421 1054 1476 Pharmuthi
1091 1441 1104 1477 :
1151 1439 1323 1493 eaque
1364 1424 1452 1478 die
1481 1439 1624 1479 anno
1667 1425 1779 1480 his-

195 1510 384 1565 senili
410 1509 524 1565 404
544 1513 880 1568 celebratum
907 1511 1012 1568 fuit
1044 1514 1198 1584 cyclo
1224 1515 1356 1570 solis
1383 1531 1498 1579 xxi,
1531 1515 1674 1570 lunae
1701 1531 1778 1582 γι,

197 1601 404 1656 litteris
431 1600 593 1656 Dom.
619 1601 686 1664 C,
713 1600 772 1658 Β.

269 1697 456 1764 Atque
491 1695 568 1748 ita
615 1695 838 1764 quidem
891 1696 1060 1752 trium
1101 1695 1386 1768 'l‘heOphili
1425 1699 1779 1769 epistolarum

1874 507 2186 562 restitutum
2227 507 2402 562 secuti
2431 521 2622 561 sumus
2651 513 2774 576 post
2800 504 3150 573 Vallarsium,
3193 522 3258 562 ex
3284 509 3442 577 cujus

1873 596 2145 652 recensita
2183 596 2430 651 editione
2477 595 2894 667 liieronymiana
2943 611 3037 652 eas
3089 598 3438 667 protulimus.

1873 687 2185 758 Adjecimus
2237 697 2500 758 praeterea
2567 688 2882 744 earumdem
2939 689 3291 759 epistolarum
3335 692 3445 744 ira.

1876 786 2091 848 gmenla
2124 779 2333 838 Graeca.
2378 794 2488 832 non
2533 777 2708 833 solum
2732 793 2795 833 ex
2835 778 3035 850 Cyrillo
3077 780 3444 848 Alexandrino

1877 884 1939 924 ac
1995 868 2364 934 Theodorito,
2407 885 2593 925 verum
2647 869 2811 924 etiam
2858 887 2924 926 ex
2986 871 3184 926 Cosma
3227 873 3442 926 Indico-

1875 961 2086 1030 pleustc
2117 960 2404 1030 desumpta
2438 978 2450 1014 :
2485 961 2630 1031 quod
2671 961 2874 1016 nemini
2905 962 3171 1019 hactenus
3200 963 3446 1018 animad-

1873 1069 2114 1108 versum.
2153 1053 2350 1109 Adhaac
2385 1070 2452 1109 ex
2491 1055 2630 1109 actis
2657 1055 2874 1108 concilii
2911 1055 3165 1126 Epliesini
3199 1056 3312 1110 duo
3337 1056 3444 1111 alia

1879 1145 2065 1201 Graeca
2101 1145 2400 1217 fragmenta
2445 1163 2512 1202 ex
2567 1145 2812 1216 ejusdem
2870 1146 3157 1218 Theophili
3197 1149 3444 1219 epistolis

1878 1239 2227 1310 paschalibus
2259 1255 2292 1295 v
2348 1247 2401 1295 et
2427 1257 2480 1294 vr
2510 1250 2762 1311 excerpta
2799 1241 3161 1298 subdidimus.

1947 1331 2080 1398 Qua:
2127 1347 2256 1387 vero
2305 1348 2444 1404 pone
2487 1334 2896 1404 subsequuntur
2935 1334 3199 1405 epistolae,
3230 1335 3446 1407 aliaque

1879 1439 1945 1478 ex
1982 1425 2226 1479 auctoris
2267 1425 2440 1478 nostri
2491 1425 2749 1496 operibus
2795 1425 3094 1496 deperditis
3129 1426 3292 1481 simul
3325 1427 3443 1482 col-

1877 1518 2016 1573 lecla
2065 1517 2397 1589 fragmenta,
2447 1534 2548 1574 nec
2577 1534 2684 1573 non
2737 1519 2908 1589 ipsius
2939 1519 3390 1590 apophthegmata
3427 1537 3442 1574 :

1879 1609 2013 1674 haec,
2048 1610 2293 1680 inquam,
2315 1611 2496 1664 omnia
2525 1611 2667 1666 unde
2681 1611 2792 1666 sint
2821 1612 3036 1666 demum
3076 1611 3292 1679 hausta,
3327 1613 3446 1668 loca

1879 1701 2084 1773 ubique
2107 1703 2421 1772 singillatim
2455 1710 2874 1772 praemonstrata
2909 1703 3199 1760 docebunt.

1391 2127 2265 2264 ΘΕΟΦΙΛΟΥ

933 2386 1855 2480 ΑΡΧΙΕΠΙΣΚΟΠΟΥ
1906 2386 2729 2486 ΑΛΕΞΑΝΔΡΕΙΑΣ

1293 2631 2364 2751 ΠΡΟΣΦΩΝΗΣΙΣ

925 2869 1074 2927 ντΩΝ
1111 2845 1312 2925 APION
1351 2869 1738 2926 θεοψΑΝιΩΝ
1777 2869 2216 2930 ΕΠΙΣΤΑΝΤΩΝ
2249 2875 2341 2930 EN
2377 2876 2715 2948 ΚΥΡΙΑΚῌ.

1003 3225 1708 3357 EDICTUM
1806 3233 2672 3358 THEOPHILI

1297 3487 1826 3548 ARCHIEPISCOPI
1862 3491 2356 3559 ALEXANDRINI,

646 3689 810 3753 CUM
854 3689 1161 3754 SANCTA
1205 3691 1734 3754 THEOPHANIA
1787 3693 1869 3754 IN
1923 3695 2058 3756 DIE
2093 3697 2495 3760 DOMINICO
2537 3651 3010 3762 INSTARENT.

275 3996 382 4053 Καὶ
417 3994 486 4049 τὸ
523 3992 662 4060 ἔθος
701 3993 778 4064 (1)
813 3993 911 4049 καὶ
953 3993 1019 4048 τὸ
1068 3994 1296 4063 πρέπον
1335 3995 1493 4066 ἡμᾶς
1543 3999 1779 4055 ἀπαιτεῖ

1949 4002 2018 4056 Et
2050 4021 2160 4058 mos
2189 4012 2238 4058 et
2271 4004 2512 4058 honestas
2549 4020 2582 4056 a
2607 4003 2755 4058 nobis
2783 4003 2961 4075 exigit,
2991 4009 3050 4056 ut
3083 3965 3284 4056 omnem
3311 4002 3448 4056 diem

205 4087 415 4146 πᾶσαν
445 4085 759 4154 Κυριακὴν
782 4085 977 4156 τιμᾷν,
1009 4087 1106 4142 καὶ
1131 4088 1200 4142 ἐν
1235 4089 1417 4158 ταύτῃ
1447 4095 1776 4162 πανηγυρί-

201 4181 346 4246 ζειν,
371 4178 697 4247 ἐπειδήπερ
727 4179 798 4231 ἐν
823 4179 1005 4246 ταύτῃ
1033 4182 1065 4233 ό
1091 4180 1303 4247 Κύριος
1334 4181 1503 4250 ἡμῶν
1546 4183 1774 4252 Ἰησοῦς

205 4275 462 4342 Χριστὸς
503 4273 619 4342 τὴν
659 4273 728 4326 ἐκ
767 4271 994 4340 νεκρῶν
1034 4272 1372 4329 ἀνάστασιν
1417 4275 1562 4345 ἡμῖν
1601 4277 1774 4346 ἐπρυο

205 4363 484 4418 τὰνευσε.
535 4361 632 4416 Διὸ
683 4361 783 4415 καὶ
832 4363 901 4416 ἐν
951 4362 1078 4428 ταῖς
1120 4363 1300 4431 ἱεραῖς
1343 4367 1638 4434 Γραφαῒς,
1679 4369 1775 4422 και

203 4453 405 4524 πρώτη
433 4452 744 4522 κέκληται,
764 4445 844 4520 ὣς
871 4453 1026 4524 ἀρχὴ
1055 4453 1202 4524 ζωῆς
1233 4457 1376 4526 ἡμῖν
1399 4457 1776 4528 ὑπάρχουσα,

203 4545 300 4602 καὶ
329 4546 538 4616 ὀγδόη,
577 4545 682 4600 ἅτε
721 4547 1154 4614 ὑπερϐεϐηκυῖα
1185 4546 1294 4602 τὸν
1323 4549 1442 4604 τῶν
1486 4551 1780 4606 Ἰουδαίων

201 4639 640 4707 σαεϐατισμόν.
691 4637 846 4690 Ἐπεὶ
881 4633 996 4692 οὖν
1029 4638 1256 4708 συνέϐη
1300 4641 1416 4710 τὴν
1447 4640 1566 4696 τῶν
1597 4643 1782 4708 ἁγίων

203 4727 554 4796 Θεοφανίων
585 4724 880 4796 νήστιμον
907 4726 1137 4795 ἡμέραν
1173 4725 1324 4784 εἶναι
1356 4733 1599 4800 ταύτην,
1623 4735 1781 4786 οἱκο-

201 4819 566 4888 νομήσωμεν
584 4859 599 4884 ,
651 4817 750 4872 καὶ
826 4818 976 4885 πρὸς
1031 4818 1322 4888 ἑκατέρων
1371 4821 1780 4892 ἐπιστημόνως

201 4910 593 4980 χωρήσωμεν,
635 4911 738 4964 ἵνα
761 4909 1316 4980 μεταλαμϐάνοντες
1341 4914 1559 4984 ὀλίγων
1591 4915 1780 4984 φοινί-

201 5019 345 5069 κων,
385 5004 762 5072 ἐκκλίνωμεν
803 5003 924 5072 ἅμα
967 5003 1066 5056 καὶ
1110 5004 1216 5069 τὰς
1247 5005 1520 5072 ἀἱρέσεις
1551 5005 1659 5073 τὰς
1693 5007 1778 5076 μὴ

203 5093 470 5162 τιμώσας
499 5093 615 5161 τὴν
646 5093 1063 5163 ἀνωτάσιμον
1089 5095 1192 5148 τοῦ
1228 5097 1446 5163 Κυρίου
1474 5097 1643 5166 ἡμῶν
1679 5099 1782 5165 ’1η-

201 5184 322 5238 σοῦ
367 5185 630 5254 Χριστοῦ
685 5183 946 5255 ἡμέραν,
999 5187 1096 5240 καὶ
1153 5187 1218 5240 τὸ
1275 5189 1665 5256 ὀφειλόμενον
1705 5189 1782 5259 τῇ

197 5277 478 5346 νηστίμῳ
533 5277 724 5346 ἡμέρᾳ
775 5279 1122 5348 ἀποδῶμεν,
1202 5279 1616 5346 περιμένοντες
1667 5281 1782 5349 τὴν

1877 4093 2212 4148 Dominicum
2267 4095 2600 4158 honoremus,
2649 4111 2864 4165 eumque
2919 4094 3270 4158 celebremus;
3317 4111 3449 4163 quo-

1877 4189 2022 4256 niam
2057 4187 2317 4242 Dominus
2349 4197 2525 4242 noster
2553 4187 2710 4242 Jesus
2757 4187 3000 4242 Christus
3037 4188 3354 4258 pmclarum
3392 4187 3449 4240 in

1875 4294 1938 4332 ea
1959 4294 2070 4332 sua:
2097 4277 2506 4332 resurrectionis
2547 4294 2733 4332 munus
2771 4277 2915 4334 obiit.
2955 4275 3022 4330 Et
3047 4274 3162 4330 ideo
3191 4277 3246 4329 in
3279 4276 3447 4329 sacris

1879 4368 2169 4439 Scripturis
2203 4372 2330 4440 ipse,
2361 4380 2410 4424 et
2442 4371 2642 4438 primus
2689 4369 2986 4440 appellatus
3017 4379 3114 4432 est,
3153 4377 3210 4422 ut
3258 4368 3348 4437 qui
3377 4367 3448 4420 sit
3525 4353 3533 4364 ’

1878 4461 2024 4514 nobis
2052 4462 2172 4514 vita,
2211 4461 2548 4530 principium,
2587 4467 2634 4513 et
2665 4469 2899 4520 octavus,
2929 4466 2986 4510 ut
3018 4457 3106 4528 qui
3137 4454 3448 4509 Iudaeorum

1877 4551 2259 4606 sabbatismum
2303 4537 2716 4621 exsuperaoerit.
2762 4551 2902 4617 Quia
2949 4565 3071 4619 ergo
3123 4546 3337 4606 accidit,
3391 4553 3449 4597 ut

1877 4653 2183 4698 sanctorum
2239 4642 2697 4713 Theophaniorum
2756 4641 2840 4694 hic
2891 4647 3025 4694 esset
3078 4637 3188 4692 dies
3237 4635 3446 4706 jejunio

1883 4735 2233 4806 peragendus,
2261 4728 2657 4805 dispeniemus,
2705 4746 2756 4788 et
2801 4732 2870 4786 ad
2915 4741 3188 4800 utrumque
3233 4729 3448 4782 scientes

1878 4826 2242 4896 procedamus,
2287 4839 2344 4881 ut
2373 4845 2566 4898 paucos
2609 4823 2848 4894 dactylos
2887 4830 3169 4884 sumentes,
3203 4817 3363 4872 simul
3399 4828 3448 4872 et

1879 4921 2102 4974 haereses
2143 4920 2382 4982 vitemus,
2425 4935 2541 4990 quia
2599 4917 2812 4970 Domini
2861 4915 3030 4969 nostri
3069 4911 3200 4967 Iesu
3249 4912 3450 4965 Christi

1879 5012 2276 5068 resurrectionis
2325 5013 2462 5065 diem
2513 5027 2616 5064 non
2663 5009 2949 5072 honorant,
3009 5015 3060 5062 et
3111 5005 3216 5058 diei
3259 5001 3450 5072 iejunii

1881 5101 2017 5172 quod
2042 5101 2258 5157 debetur
2285 5103 2590 5167 reddamus,
2621 5104 2965 5171 vespertinam
2997 5097 3444 5168 congregationem

1880 5207 2258 5266 exspectantes,
2288 5211 2406 5266 qua:
2433 5196 2536 5256 hic.
2573 5195 2680 5250 Deo
2702 5196 2880 5258 dante,
2914 5193 3198 5264 peragitur.
3231 5186 3448 5257 Congre-

1881 5303 2068 5356 gamur
2097 5305 2217 5358 ergo
2248 5289 2332 5342 hic
2357 5287 2422 5342 ab
2447 5287 2578 5342 hora
2606 5303 2765 5341 nona.

195 5365 534 5437 ἑσπερινὴν
571 5369 852 5434 σύναξιν,
909 5370 1040 5438 ἣτις
1072 5369 1350 5436 ἐνταῦθα,
1397 5371 1545 5426 Θεοῦ
1587 5371 1890 5442 θέλοντος,
1953 5381 2232 5435 τελεῖται.
2279 5378 2678 5450 Συναχθῶμεν
2717 5380 2925 5433 τοίνυν
2973 5376 3091 5432 ἀπὸ
3137 5373 3292 5441 ὥρας
3353 5366 3444 5422 ἐν·

197 5459 386 5528 νάτης
416 5460 700 5516 ἐνταῦθα.

277 5665 506 5732 (“Haec
535 5661 934 5734 descripsimus
971 5661 1335 5734 egiiPandecl.
1368 5677 1554 5716 canon.
1597 5663 1762 5717 Beve—
1868 5661 2227 5734 Conciliorum
2263 5661 2592 5734 collectione,
2639 5671 2770 5718 tom.
2814 5661 2890 5728 ll,
2933 5633 3058 5734 pag:
3105 5659 3244 5713 i576
3285 5671 3442 5732 seqq.

195 5738 364 5802 tum,
387 5741 520 5788 tom.
547 5731 612 5802 ll,
637 5745 796 5804 pagg.
829 5731 1088 5789 170-175.
1139 5731 1370 5790 Exstant
1416 5741 1680 5804 praetcrea
1711 5735 1765 5790 in
1793 5811 1795 5814 ς

1873 5734 2005 5790 edit.
2037 5731 2438 5790 Veneto-Labb.
