3878 6300
475 292 548 356 35
1482 284 1855 344 THEOPHILI
1883 283 2204 341 .EPISCOPI
2247 277 2716 338 ALEXANDRINI
3629 274 3707 331 σε

651 432 3681 472 ______________________________________._____..._______....

1282 541 1508 629 ΤΟΥ
1569 527 1946 627 ΑΥΤΟΥ
1996 537 2902 625 ΥΠΟΜΝΗΣΤΙΚΟΝ

1535 721 1709 792 Ὅπερ
1740 717 1899 772 ἔλαϐε
1926 717 2176 789 Ἀμμῶν,
2215 716 2302 770 διά
2335 717 2433 788 τὴν
2469 714 2652 771 Λυκὼ.

743 934 1104 998 EIUSDEM
1140 929 1839 996 COMMONITORIUM
1869 928 2093 1002 QUOD
2122 927 2455 991 ACCEPIT
2494 925 2789 989 AMMON
2839 925 3208 987 PROPTER
3238 925 3468 987 LYCO.

2075 1133 2122 1189 Α

1108 1121 1336 1178 CANON
1375 1120 1412 1175 1.

550 1218 626 1273 De
654 1219 719 1273 iis
743 1219 829 1289 qui
857 1218 1072 1272 Arionis
1111 1216 1646 1280 communicaverunt,
1687 1221 1737 1268 et
1776 1211 2042 1270 Ecclesias

2747 1119 2986 1176 ΚΛΝΩΝ
3039 1119 3118 1172 A'.

2215 1215 2358 1286 Περὶ
2395 1214 2510 1270 τῶν
2547 1211 3040 1279 κοινωνησάντων
3088 1209 3211 1276 τοῖς
3269 1206 3578 1278 Ἆρειανοῒς
3617 1206 3715 1261 και

478 1310 578 1366 huc
612 1327 770 1380 usque
801 1311 1054 1377 detinent,
1083 1318 1139 1362 ut
1163 1325 1215 1362 se
1245 1307 1396 1362 habet
1423 1306 1762 1370 consuetudo,
1791 1308 1891 1376 ﬁat
1921 1324 1940 1361 :
1967 1309 2043 1362 ita

2159 1308 2317 1379 μέχρι
2346 1308 2464 1362 νῦν
2507 1306 2614 1372 τὰς
2643 1305 3009 1373 Ἐκκλησίας
3041 1303 3432 1370 κατεχόντων,
3465 1301 3545 1367 ὡς
3581 1301 3716 1367 ἔθος

480 1413 654 1458 tamen
687 1413 743 1456 ut
773 1403 868 1456 alii
901 1403 1314 1463 constituantur,
1349 1401 1437 1470 qui
1467 1401 1521 1453 in
1555 1398 1870 1453 ortltodoxia
1899 1401 2046 1454 testi-

479 1495 724 1564 ﬁcentur,
748 1504 796 1548 et
828 1494 907 1546 illi
946 1500 1308 1562 permaneant.
1343 1489 1440 1544 llis
1467 1507 1668 1560 quoque
1716 1490 1792 1543 ita
1838 1489 2048 1559 dispen-

479 1586 632 1647 satis,
660 1597 713 1637 ut
751 1586 870 1638 aliis
907 1584 1120 1637 urbibus
1141 1581 1422 1637 orthodoxi
1449 1583 1499 1634 in
1528 1581 1790 1635 Thebaide
1822 1583 2050 1650 episcopi

479 1674 732 1746 fecerunt,
764 1674 852 1744 qui
890 1673 953 1726 ab
991 1673 1227 1740 episcopo
1260 1672 1500 1741 Apolline
1532 1672 1831 1737 constituti,
1873 1681 1923 1725 et
1962 1674 2050 1743 qui

480 1781 597 1820 cum
644 1765 857 1819 Arionis
888 1763 1154 1818 Ecclesias
1202 1763 1512 1817 habentibus
1573 1765 2048 1829 communicantes,

477 1859 806 1927 puniantur;
851 1857 898 1910 si
941 1854 1145 1926 quidem
1189 1857 1422 1923 ipsorum
1465 1857 1732 1909 voluntate
1771 1855 1867 1908 hoc
1915 1856 2052 1925 [ece-

480 1959 637 2012 runt;
677 1950 758 2002 sin
793 1961 965 2002 autem
1007 1949 1222 2016 proprio
1261 1949 1500 2016 episcopo
1547 1948 1883 2012 obedierunt,
1933 1965 2048 2018 per-

481 2049 760 2104 maneant,
804 2041 902 2094 etsi
961 2039 1098 2109 quod
1122 2040 1329 2109 justum
1364 2050 1442 2092 est
1475 2057 1574 2094 non
1617 2042 1866 2094 noverint.
1900 2040 1968 2094 Et
2006 2042 2054 2095 si

475 2149 659 2186 omnes
698 2131 905 2202 quidem
941 2131 1122 2200 populi
1163 2147 1249 2185 eos
1311 2147 1428 2184 cum
1481 2131 1602 2184 aliis
1640 2131 1906 2194 reficiant,
1957 2129 2053 2182 alii

453 2225 823 2288 .ordinentur;
868 2225 948 2277 sin
980 2234 1154 2278 autem
1185 2241 1270 2278 eos
1309 2224 1528 2277 retinent
1569 2239 1685 2276 cum
1722 2223 1830 2276 illis
1867 2223 2051 2294 quibus

479 2317 960 2378 communicarunt,
998 2317 1035 2369 ii
1071 2332 1272 2386 quoque
1300 2332 1413 2369 eam
1444 2318 1873 2369 consuetudinem
1902 2330 2054 2376 expe-

478 2407 710 2471 riantur,
733 2424 836 2478 qua
865 2408 947 2460 usi
990 2417 1112 2462 sunt
1149 2423 1326 2462 omnes
1376 2405 1654 2460 orthodoxi
1695 2407 1747 2459 in
1793 2405 2052 2460 Thebaide

478 2501 728 2570 episcopi.

2146 1399 2418 1470 γινέσθω,
2449 1397 2602 1451 οὕτω
2639 1394 2843 1465 μέντοι
2885 1393 3126 1462 ἐτέρους
3164 1391 3534 1460 καταστῆναι
3570 1406 3718 1460 μαρ-

2147 1489 2550 1561 τυρουμένους
2603 1490 2673 1542 ἐν
2735 1488 3079 1556 όρθοδοξίᾳ,
3125 1485 3442 1550 κάκείνους
3484 1481 3715 1542 αὐλίζε-

2148 1587 2305 1639 σθαι.
2350 1583 2545 1647 Οὕτως
2581 1579 3090 1650 οἰκονομουμένων
3126 1577 3488 1639 καὶτούτων,
3515 1574 3716 1642 ὥσπερ

2149 1676 2248 1731 καὶ
2280 1677 2349 1730 ἐν
2380 1677 2508 1742 ταῖς
2533 1674 2751 1740 ἄλλαις
2781 1675 2996 1727 πόλεσι
3041 1669 3444 1736 πεποιήκασιν
3470 1671 3524 1722 ol
3548 1668 3618 1721 ἐν
3643 1665 3716 1736 τῇ

2153 1767 2392 1836 Θηϐαΐδι
2450 1765 2758 1834 ὀρθόδοξοι
2807 1765 3158 1827 ἐτίσκοποι,
3211 1764 3264 1815 ol
3312 1757 3717 1821 καταστάντες

2151 1861 2310 1930 παρὰ
2337 1859 2444 1914 τοῦ
2485 1861 2853 1921 Ἀπόλλωνος
2898 1854 3004 1909 τοῦ
3055 1855 3410 1918 ἐπισκόπου,
3455 1851 3553 1906 καὶ
3594 1868 3716 1904 κοι-

2153 1952 2531 2020 νωνήσαντες
2577 1950 2698 2016 τοῖς
2729 1949 2938 2018 ἔχουσι
2969 1947 3072 2013 τὰς
3106 1946 3469 2013 Ἐκκλησίας
3507 1944 3718 2011 Ἀρεια-

2151 2045 2298 2112 νοῖς,
2325 2043 2827 2112 ὲπιτιμάσθωσιιν,
2866 2041 2990 2110 εἴγε
3017 2037 3215 2109 γνώμῃ
3244 2036 3440 2092 αὐτῶν
3467 2033 3716 2100 πεποιή-

2153 2152 2296 2193 κασι
2326 2137 2500 2190 τοῦτο
2521 2151 2534 2164 ⁸
2607 2137 2660 2188 εὶ
2691 2134 2758 2187 δὲ
2795 2134 3051 2200 ὑπήκοοι
3089 2133 3367 2201 γεγόνασι
3401 2127 3480 2194 τῷ
3527 2127 3719 2193 οἰκείῳ

2152 2229 2479 2296 ἐπισκόπῳ,
2533 2225 2999 2290 αὑλιζέσθωσαν,
3044 2224 3142 2279 καὶ
3187 2222 3273 2292 μὴ
3322 2222 3719 2290 ἐπεγνωκότες

2158 2320 2216 2372 τὸ
2246 2319 2520 2388 εὔλογον.
2553 2319 2662 2372 Καὶ
2694 2321 2745 2370 εὶ
2775 2317 2890 2386 μὲν
2931 2316 3152 2383 πάντες
3196 2318 3250 2368 οἱ
3295 2314 3429 2370 λαοὶ
3472 2313 3719 2375 τούτους

2155 2405 2586 2463 ἀποποιοῦνται
2622 2409 2770 2478 μετὰ
2814 2409 2930 2463 τῶν
2965 2408 3188 2472 ἄλλων,
3237 2405 3425 2473 ἕτεροι
3461 2416 3721 2473 χειροτο-

2082 2485 2124 2536 Β
2151 2502 2489 2556 νείσθωσαν
2509 2518 2521 2531 ο
2557 2505 2610 2556 εὶ
2635 2501 2702 2555 δὲ
2721 2501 3167 2556 ἀντιποιοῦνται
3199 2497 3397 2553 αὐτῶν
3413 2494 3540 2566 μετ’
3565 2491 3717 2547 ἐκεί-

477 2612 602 2650 νων
655 2589 746 2658 οἷς
786 2593 1257 2658 κεκοινωνήκασι
1300 2593 1505 2657 ταῦτα,
1553 2591 1652 2644 καὶ
1702 2587 1868 2646 οὗτοι
1931 2591 2472 2662 ἀποπειράσθωσαν
2507 2595 2619 2664 τῆς
2662 2596 3007 2664 συνηθείας,
3045 2587 3086 2664 ᾗ
3143 2589 3479 2662 ἐχρήσαντο
3541 2588 3593 2643 ol
3652 2585 3720 2638 ἐν

482 2688 724 2758 Θηϐαΐδι
757 2687 981 2753 πάντες
1013 2688 1334 2741 ἐπίσκοποι
1373 2687 1704 2754 ὀρθόδοξοι.

1101 2800 1330 2857 ΟΑΝΟΝ
1374 2800 1438 2854 II.

552 2893 629 2949 De
659 2893 827 2959 Bisto,
859 2895 949 2965 qui
995 2895 1048 2948 in
1083 2892 1256 2946 Erebo
1307 2893 1622 2946 constitutus
1657 2901 1734 2947 est
1765 2893 2055 2964 presbyter,

478 2984 817 3058 quarendum
839 2994 914 3039 est
935 2993 1012 3049 ;et
1043 2987 1088 3038 si
1114 2985 1277 3037 alicui
1297 2983 1506 3051 quidem
1529 2984 1738 3037 mulieri
1770 2994 2053 3053 separatae,

481 3073 678 3128 vivente
706 3075 922 3138 marito,
944 3073 1048 3126 vim
1091 3073 1291 3134 attulit,
1329 3087 1432 3124 non
1465 3073 1672 3125 sinatur
1702 3087 1812 3126 esse
1853 3073 2061 3142 presby-

481 3173 596 3227 ter;
624 3181 746 3218 nam
785 3180 846 3217 ne
879 3176 937 3216 ut
978 3165 1144 3219 laicus
1193 3163 1400 3234 quidem
1444 3165 1592 3218 debet
1644 3167 2050 3229 communicare,

481 3272 601 3310 cum
627 3272 714 3310 eos
740 3257 829 3326 qui
853 3257 983 3310 tales
1009 3265 1130 3309 sunt
1154 3272 1401 3324 separare
1429 3258 1748 3312 consueverit
1789 3257 2048 3312 Ecclesia.

485 3345 602 3401 Hoc
636 3355 811 3402 autem
847 3349 1051 3400 nullum
1078 3348 1231 3416 a/fert
1264 3349 1510 3417 episcopo
1541 3346 1774 3417 Apollini
1799 3347 2054 3416 praefudi-

482 3439 644 3500 cium,
667 3439 712 3490 si
737 3455 854 3492 eum
881 3454 972 3507 per
1002 3439 1360 3508 ignorantiam
1393 3440 1700 3501 constituit;
1727 3452 1844 3490 cum
1867 3447 2054 3491 sancta

482 3531 714 3600 synodus
743 3531 963 3600 jusserit
987 3549 1096 3596 eos,
1135 3533 1223 3602 qui
1265 3542 1384 3602 post
1425 3533 1814 3587 ordinationem
1843 3540 2054 3601 propter

481 3621 682 3675 crimen
710 3621 915 3693 indigni
933 3639 1048 3677 esse
1079 3623 1481 3691 convincuntur,
1515 3623 1729 3691 expelli.

2752 2801 2990 2853 ΚΑΝΩΝ
3048 2800 3125 2854 B'.

2227 2893 2365 2962 Περὶ
2394 2894 2616 2948 Βίστου
2643 2893 3051 2958 καταστάντος
3099 2893 3169 2946 ἐν
3222 2892 3426 2961 Ἐρέϐῃ
3467 2897 3721 2963 πρεσϐυ-

2157 2984 2328 3053 τέρου
2357 2983 2667 3054 ζητητέον·
2714 2984 2811 3038 καὶ
2847 2987 2900 3038 el
2942 2985 3060 3054 μὲν
3101 2985 3558 3055 ἀποταξαμένην
3589 2987 3722 3041 τινὰ

2157 3075 2370 3142 ζῶντος
2417 3076 2523 3130 τοῦ
2559 3075 2778 3144 ἀνδρὸς
2825 3075 3124 3137 ἐϐιάσατο,
3169 3075 3255 3145 μὴ
3301 3079 3721 3146 συγχωρείσθω

2154 3163 2306 3220 εἶναι
2333 3168 2749 3237 πρεσϐύτερος,
2783 3165 2934 3219 ὅπου
2962 3182 3027 3235 τε
3055 3165 3196 3220 οὐδὲ
3227 3167 3308 3232 ὡς
3327 3166 3535 3232 λαινιὸς
3565 3166 3724 3235 ὀφεί-

2156 3259 2250 3311 λει
2288 3255 2677 3326 συνάγεσθαι,
2713 3252 2822 3323 τῆς
2877 3255 3236 3321 Ἐκκλησίας
3273 3256 3543 3320 εἰωθυίας
3581 3255 3724 3322 τοὺς

2158 3349 2461 3413 τοιούτους
2501 3346 2778 3416 χωρίζειν.
2816 3348 2898 3400 Ui;
2934 3348 3099 3415 φέρει
3123 3347 3190 3400 δὲ
3213 3348 3386 3401 τοῦτο
3431 3350 3724 3418 πρόκριμα

2158 3440 2238 3506 τῷ
2278 3443 2586 3505 ἐπισκόπῳ
2644 3441 2998 3505 Ἀπόλλωνι,
3042 3443 3095 3493 εί
3137 3441 3206 3505 ἐξ
3258 3442 3504 3510 ἀγνοίας
3539 3441 3724 3495 αὐτὸν

2159 3533 2512 3600 κατέστησε,
2551 3530 2660 3598 τῆς
2693 3532 2866 3600 ἁγίας
2891 3533 3156 3586 συνόδου
3183 3532 3561 3599 κελευσὰσης
3582 3532 3726 3599 τοὺς

2154 3624 2440 3690 ἀναξίους
2464 3625 2613 3693 μετὰ
2635 3622 2750 3691 τὴν
2779 3625 3148 3694 χειροτονίαν
3169 3624 3600 3695 ἐλεγχομένους
3622 3625 3723 3679 ἐπι

2155 3714 2424 3784 ἔγκλημα
2449 3712 2824 3767 ἐκϐαλέσθαι.

553 3801 748 3860 BALS.
799 3804 983 3860 Bistus
1035 3806 1106 3860 ab
1163 3806 1430 3880 Apolline
1469 3805 1729 3876 episcopo
1771 3806 2054 3877 presbyter

2228 3805 2418 3857 ΒΑΛΣ.
2479 3805 2538 3857 ὐ
2589 3803 2776 3867 Βίστος
2836 3805 2984 3874 παρά
3041 3805 3369 3870 Ἀπόλλωνος
3425 3808 3722 3860 ἐπισκόπου

482 3893 820 3950 constitutus
869 3897 1044 3948 fuerat
1093 3894 1148 3948 in
1197 3893 1401 3961 Ereba;
1447 3904 1532 3950 est
1584 3904 1762 3950 autem
1805 3911 1870 3950 ea
1904 3896 2054 3966 regio

2159 3893 2390 3964 κατέστη
2422 3893 2786 3966 πρεσϐύτερος
2809 3895 2866 3947 ὲν
2907 3894 3100 3966 Ἑρέϐῃ
3121 3909 3137 3924 ο
3174 3897 3328 3967 χώρα
3362 3896 3420 3950 δὲ
3458 3895 3594 3968 αὕτη
3628 3898 3725 3950 Δί-

482 3983 708 4057 Jﬂgypti
729 3987 873 4041 sicut
899 3997 954 4042 et
978 3987 1144 4060 Lyco.
1180 3988 1231 4046 ls
1265 4004 1395 4044 vero
1423 3988 1710 4044 dicebatur
1741 3997 1866 4044 ante
1902 3989 2055 4044 ordi-

485 4080 762 4134 nationem
797 4082 1010 4137 mulieri
1041 4090 1308 4152 separatte
1346 4082 1453 4138 vim
1473 4083 1748 4148 attulisse,
1788 4083 1912 4138 vivo
1943 4099 2059 4136 ma.

486 4172 614 4226 ritu.
652 4171 728 4228 De
767 4189 833 4228 eo
862 4174 1026 4244 igitur
1058 4175 1424 4245 interrogatus
1456 4173 1812 4244 Theophilus,
1840 4175 2055 4244 inquit:

487 4263 772 4330 Qumratur
798 4281 868 4319 an
907 4267 979 4321 sit
1012 4282 1200 4322 verum
1231 4283 1355 4322 eum
1394 4267 1607 4323 mulieri
1640 4267 1750 4321 vim
1789 4268 2059 4332 attulisse,

485 4363 543 4410 et
575 4355 622 4410 si
657 4357 728 4409 ita
768 4357 861 4418 sit.
903 4367 971 4412 ne
1013 4359 1063 4412 ei
1097 4374 1219 4414 esse
1266 4360 1646 4431 presbyterum
1692 4358 2056 4427 permittatur.

487 4443 772 4512 Quomodo
809 4447 954 4502 enim
991 4449 1151 4502 fuerit
1197 4449 1244 4503 is
1279 4449 1585 4521 presbyter,
1636 4449 1728 4504 cui
1773 4464 1874 4504 nec
1919 4449 2060 4502 laico

487 4535 547 4589 in
576 4536 861 4590 ecclesiam
905 4537 1124 4606 quidem
1174 4538 1510 4608 permittitur
1556 4539 1793 4609 ingredi,
1829 4553 1955 4591 cum
1990 4539 2062 4591 sit

488 4639 709 4697 propter
737 4637 1016 4698 peccatum
1052 4631 1404 4700 segregatus?
1441 4630 1545 4686 Eos
1572 4631 1740 4694 enim,
1794 4631 1887 4700 qui
1931 4641 2062 4686 sunt

487 4720 777 4788 ejusmodi,
810 4720 1050 4774 extrudit
1092 4719 1334 4776 Ecclesia
1375 4732 1429 4777 et
1472 4728 1690 4792 separat
1722 4736 1752 4774 a
1787 4721 2058 4776 fidelibus.

490 4809 607 4866 Hoc
630 4820 807 4866 autem
846 4827 876 4865 a
915 4812 1216 4883 'l‘heOphilo
1257 4829 1606 4884 nequaquam
1663 4813 1932 4868 canonice
1978 4812 2062 4866 di-

491 4912 637 4958 ctum
675 4911 759 4957 est
792 4923 806 4957 :
841 4903 1283 4974 quandoquidem
1324 4915 1638 4960 sanctorum
1689 4908 2062 4974 apostolorum

490 5011 804 5058 xxvcanon,
834 5004 887 5051 et
915 4997 1093 5067 magni
1131 4995 1315 5050 Basilii
1347 4997 1542 5050 tertius
1567 5004 1620 5050 et
1651 5011 1822 5061 xxxii,
1851 5005 1904 5051 et
1930 4996 2038 5052 Car

489 5091 695 5160 thagin.
738 5105 857 5160 syn.
901 5106 1052 5152 χιιι,
1090 5090 1346 5151 clericos,
1393 5091 1484 5159 qui
1528 5100 1846 5160 peccarunl,
1883 5101 1935 5145 et
1965 5091 2060 5146 de—

2155 3987 2398 4056 γυπτίων
2454 3989 2631 4053 ἐστὶν,
2687 3987 2876 4059 ὥσπερ
2924 3989 3017 4042 καὶ
3063 3991 3097 4060 ὴ
3134 3988 3315 4044 Λυκώ.
3379 3990 3625 4059 Ἐλέγετο
3665 3989 3722 4043 δὲ

2159 4082 2287 4154 περὶ
2349 4081 2589 4146 ἐκείνου,
2658 4081 2741 4134 ὅτι
2795 4081 2901 4152 πρὸ
2952 4081 3051 4151 τῆς
3107 4081 3436 4153 χειροτονίας
3490 4086 3724 4152 γυναῖκα

2126 4173 2410 4228 ’ἐϐιάσατο
2454 4173 2870 4245 ἀποταξαμένην
2921 4173 3122 4240 ζῶντος
3173 4175 3266 4230 τοῦ
3326 4175 3534 4247 ἀνδρός.
3589 4176 3724 4247 Περὶ

2157 4266 2344 4319 τούτου
2375 4262 2470 4321 οὖν
2497 4266 2789 4339 ἐρωτηθεὶς
2825 4270 2852 4320 ὁ
2895 4267 3170 4337 Θεόφιλος,
3211 4267 3337 4338 ἔφη,
3381 4268 3460 4320 ὅτι
3502 4269 3724 4340 ἐρευνη-

2159 4357 2326 4428 θήτω,
2372 4359 2465 4410 καὶ
2504 4359 2552 4410 ει
2585 4356 2786 4428 ἀληθές
2820 4359 2934 4410 ἐστι
2977 4359 3037 4412 τὸ
3083 4358 3371 4428 βιάσασθαι
3421 4357 3581 4412 αὑτὸν
3622 4357 3723 4427 τὴν

2158 4450 2414 4517 γυναῖκα,
2457 4449 2530 4521 μὴ
2571 4448 2957 4519 συγχωρεῖσθαι
2994 4444 3134 4504 εἶναι
3174 4449 3563 4521 πρεσϐύτερος.
3599 4448 3723 4512 Πῶς

2158 4540 2266 4611 γὰρ
2311 4541 2394 4610 εἴη
2436 4540 2836 4610 πρεσϐύτερος,
2884 4540 2943 4604 ὃς
2985 4542 3105 4594 οὐδὲ
3146 4542 3332 4606 λαῖκὺς
3365 4544 3723 4612 συγχωρεῖται

2161 4629 2385 4682 εἰσιέναι
2412 4631 2490 4692 εἰς
2517 4629 2827 4700 ἐκκλησίαν,
2855 4630 3241 4702 ἀφοριζόμενος
3260 4631 3348 4685 διὰ
3381 4633 3438 4684 τὸ
3468 4632 3723 4702 ἁμάρτη-

2163 4737 2272 4790 μα;
2305 4719 2494 4784 ἐξωθεί
2518 4721 2624 4792 γὰρ
2648 4721 2773 4784 τοὺς
2806 4721 3076 4786 τοιούτους
3112 4725 3143 4792 ὴ
3175 4721 3470 4794 Ἐκκλησία
3495 4723 3587 4775 καὶ
3615 4741 3722 4791 χω-

2160 4811 2299 4881 ρίζει
2335 4812 2442 4865 ἀπὸ
2483 4812 2590 4866 τῶν
2630 4811 2853 4868 πιστῶν.
2905 4813 3074 4866 Τοῦτο
3116 4813 3173 4866 δὲ
3211 4815 3272 4867 οὺ
3316 4814 3609 4877 κανονικῶς
3647 4813 3726 4883 τῷ

2159 4903 2399 4974 Θεοφίλῳ
2427 4905 2666 4975 εἴρηται·
2702 4905 2730 4956 ὃ
2753 4921 2811 4957 τε
2840 4906 2947 4976 γὰρ
2975 4906 3082 4957 τῶν
3117 4906 3286 4974 ἁγίων
3317 4906 3627 4960 ἀποστόλων
3647 4911 3725 4960 κε’

2160 4991 2359 5056 κανὼν,
2386 4996 2476 5046 καὶ
2494 4997 2521 5047 ό
2551 4994 2642 5046 τοῦ
2679 4994 2911 5065 μεγάλου
2934 4993 3212 5048 Βασιλείου
3240 4996 3420 5065 τρίτος
3454 4998 3544 5048 καὶ
3563 4999 3591 5050 ὁ
3622 4995 3724 5066 λβ’,

2159 5087 2254 5141 καὶ
2277 5087 2306 5140 ὀ
2333 5087 2434 5157 τῆς
2459 5089 2515 5140 ὲν
2555 5087 2881 5158 Καρθαγένῃ
2919 5087 3002 5157 κβθ
3048 5089 3172 5150 τοὺς
3216 5087 3509 5158 κληρικοὺς
3543 5089 3725 5160 ἀμαρ-

489 5181 650 5250 positi
701 5179 940 5245 fuerunt,
987 5196 1018 5233 a
1053 5180 1442 5234 communione
1487 5195 1594 5234 non
1641 5189 1850 5236 arcent.
1895 5180 2053 5248 Quod

2159 5177 2458 5247 τήσαντας,
2511 5178 2605 5230 καὶ
2656 5176 3108 5248 καθαιρεθέντας,
3160 5180 3259 5249 τῆς
3302 5180 3583 5244 κοινωνίας
3627 5181 3729 5235 οὐκ

489 5285 666 5328 autem
702 5277 986 5330 ordinatus
1019 5277 1110 5337 sit,
1140 5276 1193 5329 id
1224 5291 1331 5330 non
1375 5274 1531 5330 aﬂ‘ert
1561 5275 1819 5329 damnum
1847 5277 2058 5345 episco-

487 5383 579 5438 po,
621 5369 713 5438 qui
743 5383 889 5431 eum,
936 5376 1216 5436 peccatum
1253 5369 1546 5437 ignorans,
1592 5369 1889 5423 ordinavit.
1934 5367 2057 5422 Sta-

492 5461 596 5514 tuit
649 5461 790 5514 enim
848 5459 1110 5531 synodus,
1165 5468 1225 5514 ut
1265 5460 1359 5529 qui
1418 5469 1768 5531 peccatorum
1821 5461 2061 5514 convicti

492 5550 732 5612 fuerunt.
765 5552 929 5607 etiam
961 5560 1079 5621 post
1113 5553 1515 5608 ordinationem
1541 5553 1852 5623 ejiciantur.
1881 5552 1936 5606 Id
1963 5569 2059 5608 au-

493 5651 599 5694 tem
627 5650 711 5695 est
732 5643 917 5712 prima:
941 5643 1131 5714 synodi
1157 5642 1388 5698 Nicrenaa
1411 5661 1534 5700 ean.
1571 5660 1646 5699 rx.
1677 5644 1812 5699 Illud
1837 5654 2014 5699 autem
2040 5662 2054 5698 :

495 5733 767 5802 Separata:
794 5735 903 5790 vivo
948 5737 1177 5801 marito;
1213 5737 1338 5793 facti
1375 5747 1480 5803 est,
1512 5745 1566 5793 et
1614 5737 1736 5793 ideo
1783 5737 2058 5808 adjectum

2161 5268 2503 5339 ἀπείργουσι.
2553 5269 2626 5322 Τὸ
2674 5270 2729 5322 δὲ
2779 5272 3215 5342 χειροτονηθῆναι
3266 5271 3426 5324 αὑτὸν
3467 5273 3526 5326 οὐ
3574 5273 3730 5346 φέρει

2165 5360 2368 5432 βλάϐην
2431 5360 2507 5432 τῷ
2566 5367 2998 5434 χειροτονήσαντι
3077 5363 3239 5417 αὐτὸν
3316 5367 3595 5437 ὲπισκόπῳ
3670 5366 3730 5430 ἐξ

2163 5454 2384 5521 ἀγνοίας
2408 5453 2500 5506 τοῦ
2527 5455 2944 5526 ἁμαρτήματοςο
2973 5458 3004 5526 ή
3027 5455 3134 5527 γὰρ
3152 5456 3379 5530 »σύνοδος
3409 5457 3574 5530 ὥρισε
3601 5458 3730 5520 τοὺς

2166 5544 2552 5615 ἐλεγχομένους
2589 5547 2681 5598 ἐπὶ
2714 5547 3017 5618 ἐγκλήματι
3047 5527 3158 5600 καὶ.
3185 5548 3321 5619 μετά
3358 5527 3468 5618 τὴν-
3493 5565 3731 5619 χειροτο-

2165 5635 2282 5688 νίαν
2319 5636 2692 5691 ἐκϐάλλεσθαι.
2745 5637 2914 5691 Τοῦτο
2951 5639 3008 5692 δὲ
3048 5641 3145 5707 τῆς
3183 5643 3240 5692 ὲν
3277 5639 3475 5710 Νικαέα
3511 5639 3728 5693 συνόδου

2165 5729 2388 5802 πρώτης
2413 5731 2529 5785 ἐστὶ
2555 5729 2733 5786 κανὼν
2777 5730 3016 5797 ἕννατος.
3047 5733 3120 5785 Τὸ
3154 5732 3233 5796 δὲ,
3265 5729 3724 5803 ἀποταξαμένην
