3878 6302
239 269 316 332 37
1695 277 2030 336 CANONES.
3416 297 3485 352 ss

241 389 456 454 Gmoc
501 387 616 456 τοῦ
665 389 910 459 ἀνδρὸς,
957 391 1050 446 τοῦ
1099 393 1304 460 φάκτου
1358 391 1493 460 ἐστὶν
1533 396 1620 452 διὰ
1658 395 1762 448 ’τοῦ⁴

1873 403 2004 453 test
2033 415 2046 451 :
2077 397 2274 468 Alieni,
2313 401 2454 456 sicut
2489 412 2543 458 et
2577 405 2746 472 illud,
2781 409 2885 462 vim
2915 411 3122 465 attulit.
3158 410 3309 468 Licet
3338 417 3482 470 enim

237 481 332 535 καὶ
363 479 444 540 τὸ,
487 477 648 544 τινὰ,
693 480 1034 552 πρόσκειται,
1071 481 1260 556 ὥσπερ
1293 483 1387 538 καὶ
1417 483 1478 537 τὸ
1515 483 1762 538 ἐϐιάσατι

1924 485 2244 556 simpliciter
2278 508 2402 548 cum
2427 495 2652 552 muliere
2675 497 2880 568 aliqua,
2913 515 3024 555 non
3060 512 3330 572 separata,
3361 521 3480 562 rem

235 571 352 628 Κᾶν
387 571 496 642 γὰρ
545 571 736 634 ἁπλῶς
775 571 910 644 ἄλλῃ
961 574 1268 647 συνεφθάρη
1315 577 1528 644 γυναικὶ
1572 577 1646 647 μὴ
1683 578 1762 630 ἀπ

1919 575 2204 648 habuerit;
2241 583 2322 638 sic
2355 599 2572 655 quoque
2609 587 2665 642 in
2693 604 2818 644 eum
2863 571 3137 662 depositio
3169 596 3482 656 introduci...

231 663 534 736 ταξαμένῃ,
577 665 674 716 καὶ
710 664 882 727 οὕτως
923 667 956 736 ἡ
996 665 1312 739 καθαίρεσις
1371 667 1519 738 αὐτῷ
1555 669 1762 740 ἐπήγετι

1917 678 2023 732 est,
2053 669 2158 726 etsi
2173 672 2226 726 ei
2257 674 2366 728 vim
2395 691 2506 730 non
2539 679 2805 734 attulerit.

229 753 334 808 κάν
375 755 452 828 μὴ
483 755 744 810 ἐϐιάσατο
769 757 958 828 αὐτήν.

839 871 1080 924 ΚΑΝΩΝ
1131 873 1204 926 Γ.
1617 945 1626 952 ι

2503 876 2732 933 CANON
2773 877 2860 936 ΙΙΙ.

303 959 440 1025 Περὶ
474 959 546 1012 δὲ
577 960 756 1030 Σοὺρ,
806 962 1012 1030 ἐπειδὴ
1043 967 1076 1016 o'
1117 965 1450 1031 ἐπ’σκοπος
1509 967 1762 1021 Ἀπόλλω

1985 961 2064 1016 De
2096 963 2203 1018 Sur
2231 975 2424 1030 autem,
2473 970 2598 1038 quia
2647 972 2838 1040 Apollo
2887 975 3159 1044 episcopus
3195 979 3478 1046 afﬁrmavit

229 1047 686 1106 διεϐεϐαιώσατο
713 1053 810 1106 καὶ
843 1055 1284 1110 ἀπεσταλκέναι
1321 1056 1536 1112 τοῦτον
1572 1059 1668 1112 καὶ
1701 1060 1762 1113 da

1913 1069 1966 1106 se
1994 1063 2042 1106 et
2079 1071 2197 1108 eum
2247 1057 2633 1126 amandarisse,
2683 1073 2731 1116 et
2762 1063 2826 1116 ab
2857 1063 3094 1120 Ecclesia
3125 1069 3356 1123 alienum
3391 1071 3474 1138 fe-

225 1143 470 1208 λάτριον
513 1142 626 1210 τῆς
671 1145 1031 1214 Ἑκκλησιάς
1073 1149 1475 1216 πεποιηκέναι,
1517 1153 1672 1206 ἐστω
1705 1153 1762 1206 oi

1909 1145 2061 1210 cisse,
2105 1147 2180 1201 ita
2211 1149 2279 1202 sit
2311 1161 2367 1204 ut
2408 1155 2764 1220 pronuntiauit
2811 1158 3123 1227 episcopus;
3175 1172 3350 1216 utente
3379 1163 3472 1217 illo

225 1248 338 1298 τως
367 1233 452 1298 ὡς
481 1235 834 1302 ἀπεφήνατο
865 1240 897 1290 ὁ
927 1237 1280 1306 ἐπίσκοπος,
1312 1242 1620 1311 χρωμένου
1653 1245 1762 1298 ἐκεί

1907 1239 2018 1292 suis
2053 1238 2466 1310 defensionibus,
2506 1246 2552 1298 si
2591 1247 2720 1312 uult,
2761 1257 2808 1302 et
2841 1248 2904 1304 de
2949 1251 3174 1320 episcopi
3207 1255 3470 1308 sententia

223 1339 336 1378 νου
373 1325 506 1392 ταῖς
544 1329 791 1394 οἰκείαις
829 1329 1290 1401 δικαιολογίαις,
1330 1335 1452 1403 εἴγε
1488 1337 1762 1400 ,βούλεται

1907 1333 2264 1400 conqueritur.

225 1415 320 1468 ml
345 1416 644 1486 μέμφεται
665 1419 778 1488 τὴν
805 1422 1112 1490 ἀπόφασιν
1135 1425 1240 1478 τοῦ
1268 1425 1622 1482 ἐπισκόπου.

291 1529 492 1583 ΒΔΛΣ.
519 1531 794 1602 Κληρικὸς
821 1529 890 1606 ἦν
923 1537 950 1588 6
975 1537 1116 1607 Σοὺρ
1145 1537 1238 1590 τοῦ
1277 1539 1570 1592 ἐπισκόπου
1610 1540 1762 1594 Ἀπόλ

1973 1528 2162 1586 BALS.
2195 1530 2326 1586 Erat
2369 1535 2586 1604 quidem
2627 1535 2733 1591 Sur
2771 1537 3005 1594 clericus
3037 1541 3278 1612 episcopi
3309 1543 3469 1615 Apol~

223 1619 388 1683 λωνος
404 1638 418 1650 ·
455 1621 518 1686 ὃς
542 1623 839 1688 ἐπίσκοπος
863 1627 1023 1680 αὑτὸν
1048 1629 1447 1685 ἀπεσταλκέναι
1475 1633 1568 1686 τοῦ
1591 1633 1690 1706 κλή
1701 1651 1760 1705 ρο

1899 1620 2046 1681 linis.
2079 1625 2170 1693 qui
2199 1626 2488 1697 episcopus
2515 1644 2574 1684 se
2605 1645 2728 1684 eum
2773 1646 2803 1684 a
2845 1633 2992 1688 clero
3030 1637 3377 1700 amandasse,
3409 1639 3464 1692 id

221 1707 676 1778 διεϐεϐαιιὲισατο,
719 1716 840 1768 ἀντὶ
881 1717 976 1770 τοῦ
1013 1719 1422 1790 ἐκϐεϐληκέναι.
1463 1724 1642 1778 Ἔστω
1677 1720 1790 1789 οὖν,
1823 1759 1866 1814 Β
1899 1721 2002 1778 θείς
2033 1716 2326 1784 θῙΡυιίδδθν
2373 1719 2678 1775 δίηΐῐηενίῑ·
2723 1721 2806 1776 δίε
2840 1738 2990 1789 θηξοι
3027 1724 3224 1794 ίηιιιιίιν
3267 1741 3465 1782 εεειιη·

223 1801 374 1872 φησὶ,
409 1803 554 1856 κατὰ
581 1803 680 1874 τὴν
715 1806 801 1859 ἐπ’
827 1806 976 1878 αὐτῷ
1015 1811 1196 1880 κρίσιν
1227 1811 1320 1864 τοῦ
1345 1814 1662 1879 ἐπισκόπου,
1698 1834 1762 1869 το

1893 1805 2022 1859 dum
2057 1809 2298 1878 episcopi
2325 1809 2618 1878 judicium,
2667 1812 2812 1882 quod
2859 1813 2913 1866 in
2961 1814 3138 1884 ipsum
3189 1816 3460 1884 prolatum

221 1892 423 1963 κλήρου
479 1893 778 1966 ἀλλότριος.
827 1899 890 1951 Ei
931 1900 988 1952 δὲ
1041 1904 1276 1958 αἰτιᾶται
1309 1905 1406 1976 τὴν
1445 1909 1538 1960 τοῦ
1573 1910 1762 1964 ἐπισκό

1893 1908 1995 1962 est,
2027 1913 2056 1952 a
2079 1901 2226 1956 cle’ro
2256 1901 2492 1958 alienus.
2528 1903 2622 1957 Sin
2648 1915 2828 1958 autem
2855 1903 3097 1974 episc0pi
3126 1907 3456 1960 sententiam

217 2003 316 2038 που
367 1987 674 2056 ἀπόφασιν,
725 1990 948 2062 χράσθω
979 1995 1100 2057 ταῖς
1140 1995 1366 2061 οἰκείαις
1411 1999 1760 2070 δικαιολογίαι

1891 1998 2133 2054 accusat,
2165 2001 2348 2046 utatur
2381 1994 2498 2048 suis
2535 1993 2966 2060 defensionibus,
3002 1996 3146 2065 apud
3187 1995 3458 2067 synodum

218 2078 368 2149 παρὰ
419 2082 486 2151 τῇ
542 2082 764 2151 συνόδῳ,
828 2083 888 2148 ἐξ
935 2081 998 2156 ἦς
1055 2082 1122 2158 ἦν
1183 2088 1401 2154 πάντως
1456 2094 1550 2146 καὶ
1595 2097 1624 2149 6
1659 2096 1784 2150 ἐπί-

217 2185 436 2234 σκοπος.

819 2267 1058 2322 ΚΑΝΩΝ
1107 2273 1180 2323 Δ’.

274 2355 422 2422 Περὶ
447 2357 698 2426 Har-065,0
723 2358 829 2412 τοῦ
867 2361 1277 2430 καταστάντος
1299 2363 1583 2433 διακόνου
1613 2367 1682 2420 ὲν
1711 2368 1786 2436 τῇ

209 2446 406 2508 Δυκὼ,
445 2447 544 2500 δεῖ
569 2447 842 2517 ζητῆσαι.
879 2452 990 2505 Καὶ
1032 2455 1082 2507 εί
1113 2453 1225 2524 μὲν
1268 2457 1534 2526 εὑρεθείη
1583 2455 1780 2526 οὗτος,

207 2539 656 2606 κατηχούμενος
685 2541 1018 2610 τυγχάνων,
1060 2545 1174 2614 τὴν
1210 2547 1542 2618 ἀδελφιδῆν
1565 2551 1781 2608 ἑαυτοῦ

207 2625 354 2694 πρὸς
407 2627 603 2696 γάμου
649 2633 968 2686 κοινωνίαν
1015 2634 1358 2706 δεξάμενος,
1403 2642 1554 2710 μετὰ
1603 2642 1672 2696 δὲ
1713 2646 1780 2698 τὸ

197 2718 518 2788 ,ϐάπτισμα
545 2725 633 2788 εὶς
659 2723 892 2792 κλῆρον
910 2725 1160 2796 δεχθεὶς,
1177 2730 1404 2798 μενέτω
1431 2733 1500 2786 ἑν
1526 2733 1606 2799 τῷ
1635 2735 1780 2802 κλή-

203 2831 282 2880 ρῳ
299 2829 312 2840 ·
339 2815 466 2882 εἴγε
487 2817 834 2885 κεκοίμηται
852 2819 1054 2888 ἐκείνη
1077 2821 1170 2875 καὶ
1193 2823 1344 2891 μετὰ
1371 2825 1437 2878 τύ
1461 2826 1779 2896 ,ϐάπτισμα

203 2905 308 2956 οὐκ
341 2903 750 2972 ἐκοινώνησεν
787 2907 961 2977 αὐτῇ.
995 2912 1064 2963 Et
1107 2909 1176 2962 δὲ
1212 2911 1428 2978 πιστὸς
1465 2913 1778 2982 τυγχάνων

201 2993 314 3062 τὴν
339 2995 538 3063 αὐτὴν
555 2996 892 3066 ἀδελφιδῆν
921 3000 1140 3054 ἑαυτοῦ
1167 3001 1318 3070 πρὸς
1355 3004 1546 3072 γάμου
1577 3023 1778 3060 κοινω-

1889 2083 2130 2148 scilicet,
2161 2099 2228 2140 ex
2261 2101 2368 2155 qua
2400 2094 2484 2141 est
2505 2087 2668 2141 etiam
2699 2089 3006 2158 episc0pus.

2478 2269 2708 2325 CANON
2755 2269 2846 2326 IV.

1955 2358 2032 2414 De
2055 2359 2299 2428 Panuph,
2331 2363 2421 2432 qui
2445 2365 2498 2416 in
2541 2363 2678 2432 Lyco
2710 2365 2966 2419 diaconus
3001 2365 3315 2418 constitutus
3350 2373 3450 2428 est,

1883 2465 2114 2520 quaerere
2162 2463 2401 2520 Oportet;
2449 2465 2498 2507 et
2534 2455 2580 2508 si
2629 2455 2675 2508 is
2727 2454 2934 2524 quidem
2982 2455 3214 2510 inuentus
3267 2455 3447 2524 fuerit,

1882 2559 2000 2596 cum
2029 2555 2161 2598 esset
2186 2545 2606 2610 catechumenus,
2645 2546 2831 2614 fratris
2865 2548 2949 2600 sui
2973 2548 3142 2616 ﬁliam
3181 2549 3233 2602 in
3265 2549 3449 2602 matri-

1883 2637 2044 2688 monii
2067 2637 2368 2691 societatem
2391 2639 2666 2706 accepisse,
2693 2649 2809 2706 post
2833 2638 3148 2707 baptismum
3175 2641 3228 2692 in
3251 2640 3449 2694 clerum

1879 2737 2167 2797 promotus,
2204 2731 2258 2782 in
2285 2733 2424 2784 clero
2451 2741 2683 2796 maneat,
2715 2733 2764 2785 si
2799 2731 2894 2785 illa
2931 2748 2997 2786 ea:
3037 2733 3142 2785 vita
3179 2735 3443 2802 migra'rit,

1877 2829 1925 2872 et
1946 2829 2058 2888 post
2081 2821 2398 2888 baptismum
2427 2838 2542 2874 cum
2567 2839 2630 2876 ea
2663 2838 2770 2876 rem
2805 2839 2906 2876 non
2936 2823 3197 2876 habuerit.
3226 2823 3320 2878 Sin
3343 2840 3446 2878 au-

1881 2912 1980 2958 tem
2023 2922 2140 2958 cum
2185 2917 2318 2960 esset
2365 2907 2540 2976 ﬁdelis
2584 2909 2818 2962 eamdem
2847 2910 3036 2980 fratris
3069 2912 3150 2964 sui
3187 2912 3354 2980 ﬁliam
3389 2914 3445 2966 in

1879 2999 2208 3052 matrimonii
2227 2999 2532 3052 societatem
2553 2998 2726 3064 duxit,
2752 3002 2819 3054 sit
2847 3019 2878 3054 a
2903 3002 3043 3056 clero
3063 3003 3287 3056 alienus.
3320 3003 3443 3056 Non

197 3089 338 3140 νιάν
373 3088 646 3156 ἐδέξατο,
693 3091 850 3146 ἔστω
895 3093 1002 3147 τοῦ
1047 3095 1272 3162 κλήρου
1313 3096 1650 3164 ἀλλότριος.
1691 3101 1762 3154 0i

1879 3099 1954 3142 est
1991 3092 2128 3144 enim
2169 3093 2407 3160 episcopo
2439 3093 2674 3162 Apollini
2712 3093 3081 3164 prtejudicium
3137 3097 3184 3150 si
3214 3112 3328 3150 eum
3352 3111 3444 3165 per

197 3179 306 3248 τὰρ
359 3185 661 3252 πρόκριμα
707 3183 788 3250 τῷ
833 3186 1140 3252 ἐπισκόπῳ
1197 3189 1518 3242 Ἀπόλλωνι
1537 3230 1552 3254 ,
1609 3193 1660 3244 εὶ
1703 3191 1774 3256 ἐξ

195 3263 444 3334 ἀγνοίας
465 3267 842 3338 κατέστησεν
863 3274 1069 3326 αὐτόν.

261 3376 460 3436 ΒΑΛΣ.
512 3383 576 3438 '0
615 3384 838 3453 Πανοὺφ
872 3385 1086 3454 ἐλέγετο
1127 3388 1231 3459 πρὸ
1277 3389 1368 3442 τοῦ
1409 3387 1768 3459 βαπτισθῆναι

191 3473 288 3544 τὴν
329 3476 540 3529 οἰκείαν
585 3479 868 3550 ἀδελφιδῆν
914 3482 996 3543 είς
1043 3485 1275 3548 γυναῖκα
1311 3481 1529 3534 λαϐεῖν’
1571 3483 1767 3553 βαπτι-

193 3567 338 3630 σθεὶς
369 3569 426 3620 δὲ
469 3571 880 3641 κεχειροτόνητο
912 3571 1174 3636 διάκονος.
1209 3573 1370 3642 Λέγει
1398 3569 1490 3627 οὖν
1518 3577 1546 3628 6
1572 3575 1766 3643 Θεόφι-

189 3656 296 3720 λος,
343 3660 426 3711 ὅτι
475 3660 572 3714 ἐὰν
604 3663 638 3731 ή
681 3661 818 3734 γυνή
867 3663 1206 3734 ἐτελεύτησε,
1251 3666 1346 3720 καὶ
1394 3667 1530 3736 μετὰ
1565 3667 1625 3720 τὸ
1671 3666 1766 3736 βά-

189 3767 396 3822 πτισμα
435 3753 536 3806 οὐκ
575 3755 846 3825 ἐχρήσατο
885 3757 1021 3828 αὐτῇ
1045 3796 1060 3820 ,
1126 3758 1332 3828 μενέτω
1374 3759 1649 3822 διάκονος,
1690 3759 1766 3823 ὡς

185 3841 276 3896 τοῦ
311 3845 470 3911 ἁγίου
499 3845 876 3916 βαπτίσματος
915 3845 984 3899 τὰ
1029 3847 1135 3918 πρὸ
1185 3847 1376 3902 τούτου
1424 3849 1764 3920 καθάραντος

187 3935 583 4008 ἁμαρτήματα.
641 3939 706 3990 El
757 3937 814 3990 δέ
867 3937 1054 4002 πιστὸς
1095 3939 1172 3992 ὣν
1221 3941 1359 4008 μετὰ
1385 3941 1446 3994 τὸ
1479 3941 1762 4012 βάπτισμα

183 4027 338 4099 ἔσχεν
391 4031 604 4102 αὐτὴν,
649 4031 971 4104 ἐκϐληθήτω
1023 4034 1118 4088 τοῦ
1179 4033 1402 4107 κλήρου.
1456 4035 1546 4106 Τῷ
1596 4037 1651 4090 δὲ
1701 4037 1760 4104 ἐξ

179 4122 402 4188 ἀγνοίας
453 4123 617 4177 αὐτὸν
663 4127 1100 4195 χειροτονήσαντι
1143 4128 1207 4180 ἐκ
1248 4127 1436 4180 τούτου
1485 4127 1654 4197 βλάϐη
1697 4127 1757 4180 οὐ

186 4217 638 4286 προσγενήσεται.
674 4217 749 4269 Τὺ
785 4217 860 4280 δὲ,
903 4219 957 4270 εὶ
997 4219 1340 4286 κεκοίμηται
1381 4219 1419 4285 ἠ
1461 4216 1640 4286 γυνὴ,
1683 4213 1760 4269 εῖ-

183 4321 300 4371 πεν,
341 4309 420 4371 ὡς
467 4307 614 4362 οὕτω
667 4309 1072 4380 συμϐεϐηκέναι
1123 4309 1441 4380 λεγόμενον·
1489 4309 1757 4378 ἐπείτοιγε

181 4398 282 4450 κᾶν
309 4399 464 4464 ζῶσα
487 4397 558 4470 ἦν
585 4401 680 4453 καὶ
712 4399 850 4470 μετὰ
887 4400 949 4453 τὸ
975 4399 1252 4470 βάπτισμα
1289 4401 1388 4454 οὐκ
1418 4399 1557 4468 ἔγνω
1589 4402 1757 4470 αὐτὴν

177 4493 206 4544 6
235 4493 480 4559 Πανοίιφ,
513 4491 649 4546 ἀλλὰ
680 4493 774 4546 καὶ
803 4492 1164 4562 ἀπεπέμψατο
1195 4492 1381 4563 αὐτὴν,
1405 4492 1634 4546 ἠδύνατο
1661 4495 1754 4546 καὶ

171 4581 344 4646 οὕτως
377 4579 522 4637 εἶναι
553 4583 818 4646 διάκονος.

797 4697 1030 4750 ΚΛΝΩΝ
1065 4700 1143 4755 Ε’.

241 4787 378 4854 Περὶ
431 4787 646 4840 Ἰακὼϐ
675 4787 790 4855 χρὴ
827 4787 1094 4858 ζητῆσαι.
1125 4791 1192 4841 Et
1229 4788 1619 4858 ἁναγνώστης
1646 4785 1744 4858 ἦν,

175 4877 266 4928 καὶ
299 4876 640 4947 ἐγκλήματι
678 4879 956 4944 πορνείας
998 4879 1335 4944 ὑπεύθυνος
1359 4878 1617 4948 ἐδείχθη,
1648 4879 1748 4932 καὶ

173 4969 324 5035 ποί-ὰ
343 4967 466 5020 τῶν
493 4968 909 5037 πρεσϐυτέρων
932 4969 1244 5038 ἐξεϐλήθη,
1272 4966 1397 5024 εἶτα
1420 4970 1746 5038 κεχειροτό-

171 5075 338 5126 νηται
387 5057 597 5127 οὗτος,
637 5061 1041 5126 ἐκσαλλέσθω,
1093 5061 1372 5130 ἀκριϐοῦς
1415 5061 1745 5126 ἐξετάσεως

168 5151 518 5220 γενομένης,
551 5151 650 5205 καὶ
667 5151 754 5220 μὴ
776 5153 968 5222 μόνον
996 5153 1062 5204 ἐκ
1091 5149 1468 5220 ψιθιιρισμῶν
1499 5151 1535 5219 ἢ
1571 5167 1744 5204 κακο-

165 5243 384 5312 λογιῶν
433 5245 704 5313 ὑποψίας
731 5247 818 5308 εὶς
863 5245 1049 5298 αὐτὸν
1084 5245 1425 5314 γενομένης.
1459 5246 1528 5297 El
1565 5243 1632 5297 δὲ
1655 5242 1769 5316 μὴ,

164 5337 426 5404 εὑρεθείη
463 5339 822 5402 ὑπεύθυνος,
842 5336 1064 5406 μενέτω
1083 5337 1152 5388 ἐν
1175 5335 1253 5400 τῷ
1279 5335 1506 5404 κλιὶριρ“
1537 5338 1608 5390 οὐ
1633 5335 1741 5407 γὰρ

163 5426 252 5481 δεῖ
285 5429 412 5494 ταῖς
437 5429 722 5498 ματαίαις
749 5427 1050 5494 διαϐολαῖς
1077 5427 1420 5498 προσέχειν.

229 5541 422 5598 ΒᾹΛΣ.
473 5543 670 5596 Ἰακώϐ
699 5559 782 5606 τις
815 5542 1164 5612 ἁναγνώστης
1197 5542 1414 5610 ἐλέγετο
1459 5537 1616 5606 εἶναι,
1643 5542 1738 5595 καὶ¹

163 5633 252 5688 ἐπὶ
277 5637 532 5708 πορνείας
569 5635 946 5706 διαϐληθῆναι,
989 5637 1082 5688 καὶ
1121 5621 1451 5704 ἐκϐληθῆναι
1478 5635 1570 5688 τοῦ
1606 5634 1737 5705 κλή-

163 5743 278 5798 ρου,
305 5725 424 5786 εἶτα
450 5733 534 5794 εἰς
559 5727 784 5801 μείζονα
809 5725 1250 5800 χειροτονηθῆναι
1276 5726 1504 5800 βαθμὸν.
1529 5727 1734 5800 Γράφει

1879 3181 2232 3253 ignorantiam
2264 3186 2559 3242 constituit.

1941 3380 2134 3436 BALS.
2167 3381 2458 3438 Dicebatur
2497 3382 2720 3453 Panuph
2767 3391 3056 3454 antequam
3093 3393 3238 3440 esset
3261 3385 3437 3456 bapti-

1869 3483 2024 3530 zatus
2049 3475 2207 3530 fatris
2237 3477 2322 3530 sui
2365 3476 2528 3530 tiliam
2575 3493 2796 3530 uxorem
2832 3477 3076 3533 duxisse.
3127 3477 3439 3548 Baptizatus

1868 3575 2046 3620 autem
2077 3565 2340 3621 diaconus
2387 3567 2670 3623 ordinatus
2701 3568 2900 3623 fuerat.
2927 3567 3064 3623 Dicit
3104 3585 3233 3640 ergo
3267 3569 3442 3626 Theo-

1868 3657 2068 3728 philus,
2103 3659 2246 3728 quod
2301 3659 2346 3711 si
2398 3659 2594 3713 mulier
2635 3675 2666 3714 e
2705 3661 2816 3714 vita
2871 3661 3192 3724 excesserit,
3227 3671 3435 3732 etpost

1867 3751 2196 3820 baptismum
2247 3767 2310 3805 ea
2368 3769 2478 3806 non
2537 3767 2670 3807 usus
2720 3751 2812 3817 sit,
2870 3760 3085 3806 maneat
3128 3751 3428 3819 diaconus;

1867 3859 2058 3914 nempe
2082 3859 2204 3898 cum
2226 3853 2448 3900 sanctus
2485 3843 2787 3913 baptismus
2822 3844 3003 3898 omnia
3043 3851 3264 3912 peccata
3295 3861 3432 3915 prae-

1863 3936 2116 3992 cedentia
2149 3937 2344 3992 deleat.
2380 3935 2478 3990 Sin
2510 3943 2716 4000 autem,
2746 3949 2870 3990 cum
2914 3943 3060 3990 esset
3089 3935 3283 4000 ﬁdelis,
3329 3953 3426 3992 seu

1863 4037 1986 4099 post
2042 4030 2390 4100 baptismum,
2429 4043 2550 4084 eam
2592 4027 2801 4088 habuit.
2843 4027 2991 4082 clero
3037 4028 3306 4096 ejiciatur.
3359 4029 3424 4085 Ei

1863 4129 2066 4188 autem,
2117 4123 2210 4192 qui
2256 4138 2381 4178 eum
2418 4122 2659 4177 insciens
2694 4120 2990 4182 ordinavit,
3052 4121 3426 4191 prtejudicium

1861 4230 1970 4268 non
2015 4213 2286 4270 aﬂ'eretur.
2347 4213 2484 4269 Illud
2531 4221 2710 4268 autem
2745 4231 2760 4266 :
2795 4211 2855 4267 Si
2898 4213 3087 4266 mulier
3116 4231 3143 4267 e
3173 4215 3281 4267 vita
3326 4215 3428 4267 mi-

1863 4308 2052 4378 graril,
2096 4307 2252 4371 dicit,
2283 4315 2468 4378 utpote
2503 4307 2759 4376 quoniam
2793 4307 2866 4360 ita
2910 4307 3158 4362 evenisse
3199 4307 3420 4364 dicitur.

1867 4398 2000 4454 Nam
2031 4401 2135 4455 etsi
2166 4401 2327 4456 etiam
2359 4407 2481 4469 post
2515 4401 2844 4470 baptismum
2887 4398 3134 4462 vixisset,
3174 4413 3272 4453 nec
3303 4413 3422 4454 eam

1869 4491 2094 4562 Panuph
2139 4492 2509 4562 cognovisset,
2540 4492 2634 4546 sed
2663 4492 2836 4560 ipsam
2855 4491 3020 4545 etiam
3047 4489 3422 4558 amandasset;

1861 4585 2130 4654 potuisset
2157 4583 2238 4640 sic
2261 4599 2478 4654 quoque
2506 4598 2630 4638 esse
2665 4583 2948 4638 diaconus.

2477 4698 2704 4755 CANON
2733 4697 2798 4754 V.

1927 4795 2002 4847 De
2029 4791 2193 4846 Jarob
2223 4808 2456 4862 qumere
2485 4799 2706 4859 oportet.
2741 4787 2800 4843 Si
2834 4789 2972 4842 enim
3017 4789 3178 4840 lector
3206 4795 3340 4850 erat,
3370 4794 3422 4840 et

1854 4887 2060 4940 crimini
2096 4885 2459 4954 fornicationis
2489 4884 2654 4952 fuisse
2681 4897 2797 4934 eum
2829 4879 3130 4943 obnoxium,
3155 4889 3418 4932 ostensum

1853 4977 1947 5040 sit,
1977 4985 2026 5030 et
2067 4994 2099 5030 a
2125 4975 2438 5046 presbyteris
2477 4974 2542 5026 sit
2587 4973 2800 5040 ejectus,
2839 4968 3024 5023 deinde
3073 4969 3118 5022 is
3151 4979 3228 5023 est
3267 4967 3384 5021 ordi

1855 5077 2032 5128 natus,
2072 5066 2352 5134 ejiciatur;
2387 5071 2638 5118 accurata
2675 5061 3062 5115 examinatione
3107 5059 3285 5126 facta;
3315 5075 3417 5110 non

1854 5171 2024 5212 autem
2054 5173 2118 5210 ea:
2159 5157 2392 5211 susurris
2425 5155 2503 5208 uel
2537 5153 2832 5207 maledictis
2867 5161 2982 5205 orta
3013 5151 3065 5204 in
3096 5167 3210 5204 eum
3241 5154 3416 5218 suspi-

1849 5253 2012 5305 cione.
2047 5249 2142 5304 Sin
2185 5259 2358 5301 autem
2391 5265 2494 5301 non
2525 5247 2684 5316 fuerit
2728 5247 2963 5300 inventus
3009 5244 3218 5296 crimini
3249 5243 3412 5295 obno-

1847 5345 1987 5408 xius,
2021 5350 2229 5395 ntaneat
2274 5341 2326 5392 in
2374 5340 2532 5392 clero.
2568 5337 2746 5410 Neque
2780 5339 2914 5392 enim
2945 5337 3092 5390 vanis
3132 5335 3413 5388 calumniis

1847 5436 2080 5488 animum
2115 5433 2359 5486 adhibere
2389 5441 2609 5501 oportet.

1899 5545 2110 5600 BALS.
2141 5543 2308 5599 Jacob
2343 5545 2563 5614 quidam
2605 5544 2777 5600 lector
2809 5541 2978 5598 fuisse
3017 5540 3322 5602 dicebatur,
3357 5547 3411 5592 et

1846 5647 2066 5710 propter
2099 5638 2505 5692 fornicationem
2535 5637 2679 5692 clero
2709 5651 2830 5692 esse
2859 5634 3086 5704 ejectus,
3116 5640 3170 5688 et
3215 5631 3411 5686 deinde

1845 5734 1913 5790 ad
1953 5732 2216 5804 majorem
2247 5729 2474 5803 gradum
2502 5729 2671 5786 fuisse
2701 5729 3005 5784 ordinatus.
3039 5725 3240 5780 Scribit
3279 5739 3408 5796 ergo
