3878 6300
443 281 513 337 39
1464 275 1834 337 THEOPHILI
1874 275 2176 334 EPlSCOPl
2216 275 2392 330 ALEX
2406 272 2677 329 .\NDRlNl
2911 330 2914 332 γ
3601 271 3674 329 ιο

445 399 777 470 Theophilus
816 397 1056 470 diligenti
1114 394 1512 451 examinatione
1565 395 1837 461 lacta,‘si
1885 410 2005 450 eum

2139 388 2202 449 ὗν
2241 394 2271 447 ὁ
2302 392 2576 462 Θεόφιλος,
2609 392 2691 444 ὅτι
2722 389 3015 455 ἐξετάσεως
3059 387 3319 461 ἀκριϐοῦς
3353 387 3675 462 γενομένης,

445 508 703 565 peccasse
722 499 1056 561 compertum
1077 488 1260 550 fuerit,
1285 487 1430 541 clero
1451 487 1716 556 ejiciatur.
1735 486 1850 540 Non
1870 487 2014 542 enim

447 590 660 654 oportet
691 599 758 638 ex
816 584 1058 638 susurris
1104 595 1202 635 seu
1249 579 1604 634 clandestinis
1651 580 2012 644 sermonibus,

448 673 532 725 vel
561 671 862 727 maledictis
890 687 984 725 seu
1011 667 1212 738 apertis
1241 667 1502 723 conviciis
1533 677 1650 722 orta
1677 667 2012 737 suspicione,

449 761 800 814 condemnari
864 761 1120 828 aliquem.
1181 755 1336 821 Quod
1379 758 1425 811 si
1488 771 1654 810 causa
1711 757 2014 810 examinata

456 851 644 906 insons
677 859 986 919 compertus
1021 847 1203 915 fuerit,
1233 854 1447 902 maneat
1470 847 1522 900 in
1548 847 1712 901 clero.

1055 955 1284 1011 CANON
1326 955 1418 1010 Vl.

524 1075 597 1130 De
631 1073 696 1129 iis
721 1073 809 1145 qui
832 1074 1114 1128 ordinandi
1133 1085 1251 1129 sunt
1276 1074 1386 1128 haec
1407 1074 1506 1128 erit
1535 1074 1705 1143 forma
1730 1087 1748 1124 :
1778 1069 1842 1124 Ut
1865 1068 2018 1140 quid-

449 1165 576 1237 quid
605 1175 682 1220 est
715 1163 1062 1218 sacerdotalis
1103 1164 1306 1218 ordinis
1343 1163 1638 1216 consentiat
1669 1169 1717 1214 et
1755 1160 1933 1229 eligat,
1969 1167 2019 1213 et

453 1268 578 1312 tunc
629 1258 900 1328 episcopus
955 1258 1242 1322 examinet,
1290 1256 1370 1310 vel
1414 1257 1462 1310 ei
1507 1255 1667 1309 etiam
1711 1253 2019 1306 assentiente

451 1349 776 1403 sacerdotali
825 1347 1007 1401 ordine
1039 1349 1094 1401 in
1138 1348 1308 1402 media
1360 1347 1582 1403 ecclesia
1618 1346 1843 1409 ordinet,
1880 1363 2018 1416 pra:-

449 1453 592 1495 sente
627 1441 836 1509 populo,
871 1451 920 1495 et
944 1442 1182 1510 episcopo
1213 1441 1532 1511 alloquente,
1569 1455 1637 1492 an
1665 1439 1825 1492 etiam
1856 1440 2019 1506 possit

446 1531 498 1585 ei
524 1534 746 1601 populus
787 1531 924 1600 ferre
957 1532 1330 1584 testimonium.
1367 1531 1650 1586 Ordinatio
1700 1541 1873 1584 autem
1916 1546 2019 1583 non

451 1622 549 1692 fiat
592 1620 912 1674 clanculum.
949 1619 1189 1674 Ecclesia
1236 1620 1373 1673 enim
1406 1634 1586 1687 pacem
1629 1616 1845 1671 habente
1877 1616 2019 1671 decet

2115 488 2210 542 ἐὰν
2256 486 2450 558 εὑρεθῇ
2482 484 2837 556 ἡμαρτηκὼς,
2875 483 3194 554 ἐκϐληθήτω
3232 480 3324 536 τοῦ
3351 472 3584 553 κλήροιν
3614 483 3678 536 ού

2112 579 2193 632 δεῖ
2218 577 2326 648 γὰρ
2357 579 2420 630 ὲκ
2452 576 2791 647 ψιθυρισμῶν
2816 577 2932 646 ἢτοι
2965 574 3291 638 καταλαλιᾶς
3325 573 3608 644 λαθραίας,
3640 573 3676 644 ἢ

2115 667 2445 736 κακολογιῶν
2471 668 2589 737 ἦτοι
2628 665 2903 737 λοιδοριῶν
2929 664 3177 736 φανερῶν
3212 663 3443 733 ὑποψίας
3465 665 3682 734 γινομέ-

2116 779 2213 832 νης
2245 759 2665 828 κατακρίνεσθαί
2691 776 2828 812 τινα.
2853 759 2916 813 Εἰ
2939 758 2997 810 δὲ
3021 759 3118 828 τῆς
3161 757 3466 822 ὑποθέσεως
3496 756 3683 822 ὲξεταο

2117 850 2348 922 ζομένης
2379 850 2666 913 ἀνεύθυνος
2689 849 2956 921 εὑρεθείη,
2985 849 3190 920 μενέτω
3220 850 3278 902 ὲν
3303 847 3382 919 τῷ
3400 848 3608 919 κλήρῳ.

2706 961 2947 1015 ΚΑΝΩΝ
2994 958 3086 1026 ς’.

2186 1075 2322 1142 Περὶ
2375 1075 2495 1130 τῶν
2555 1078 2905 1146 μελλόντων
2977 1073 3443 1146 χειροτονεῖσθαι
3502 1068 3683 1139 οὗτος

2116 1165 2284 1219 ἔσται
2315 1169 2502 1234 τύπος
2525 1184 2540 1199 ·
2573 1168 2751 1222 Ὥστε
2779 1165 2902 1222 πᾶν
2931 1166 2997 1220 τὸ
3028 1165 3313 1235 ίερατεῖον
3340 1163 3686 1233 συμφωνεῖν

2118 1259 2217 1312 καί
2258 1259 2568 1328 αἱρεῖσθαι,
2603 1260 2700 1315 καὶ
2750 1263 2882 1314 τότε
2924 1259 3031 1314 τὸν
3065 1259 3400 1313 ἐπίσκοπον
3445 1253 3686 1324 δοκιμά-

2117 1347 2254 1415 ζειν,
2287 1351 2326 1418 ἢ
2347 1352 2444 1405 καί
2469 1351 2906 1417 συναινοῦντος
2935 1350 3094 1417 αὐτῷ
3121 1349 3228 1404 τοῦ
3253 1347 3537 1415 ίερατείου
3571 1361 3688 1414 χει-

2109 1440 2384 1508 ροτονεῖν
2436 1442 2504 1495 ἐν
2554 1442 2710 1514 μέσῃ
2761 1441 2836 1511 τῇ
2870 1441 3196 1508 ἐκκλησίᾳ,
3247 1438 3539 1507 παρόντος
3580 1436 3687 1490 τοῦ

2117 1533 2288 1596 λαοῦ,
2319 1534 2417 1587 καί
2449 1533 2953 1602 προ-σφωνοῦντος
2983 1533 3090 1586 τοῦ
3121 1531 3481 1592 ἐπισκόπου,
3507 1529 3561 1582 εί
3590 1529 3688 1581 καί

2117 1625 2152 1676 ό
2182 1622 2332 1688 λαὸς
2372 1622 2619 1677 δύναται
2655 1621 2814 1688 αὐτῷ
2850 1621 3192 1691 μαρτυρεῖν.
3247 1617 3589 1687 Χειροτονια
3623 1614 3694 1668 δὲ

451 1712 800 1783 ρνατδεηιὶὺιιέ
847 1712 1046 1765 sanctis
1095 1710 1453 1764 ordinationes
1503 1709 1620 1779 ﬁeri
1671 1709 1724 1762 in
1763 1707 2014 1762 ecclesiis.

2137 1714 2410 1782 ἱαθραίως
2436 1713 2522 1784 μὴ
2551 1713 2825 1784 γινέσθω.
2863 1712 2978 1782 Τῆς
3002 1714 3111 1784 ⁴γὰρ
3151 1710 3509 1778 Ἐκκλησίας
3531 1705 3692 1774 elan-

452 1805 520 1861 In
548 1807 751 1876 regione
782 1817 959 1858 autem
1001 1805 1048 1858 si
1083 1804 1175 1873 qui
1220 1804 1348 1869 sint,
1391 1804 1481 1873 qui
1515 1801 2014 1856 eommunicantium

2137 1821 2227 1872 ἠν
2237 1805 2500 1874 ἐχούσης
2513 1806 2722 1874 πρέπει
2739 1807 3048 1874 παρόντων
3061 1803 3178 1857 τῶν
3191 1802 3370 1872 ἁγίων
3385 1798 3491 1865 τὰς
3503 1813 3693 1868 χειρο-

451 1896 645 1950 animis
699 1893 1405 1958 communicaverint;-non
1464 1891 1620 1944 aliter
1684 1889 2016 1957 ordinentur,

2137 1895 2310 1962 ὀγίας
2339 1896 2440 1950 ἐπί
2485 1896 2617 1963 ταῖς
2643 1897 2995 1964 ἐκκλησίαις
3035 1895 3326 1966 γίνεσθαι.
3373 1892 3474 1945 Ἐν
3512 1887 3582 1942 δὲ
3617 1886 3694 1957 τῇ

450 2000 609 2054 quam
639 1984 732 2048 iis,
772 1986 861 2054 qui
897 1993 1018 2037 sunt
1047 1998 1160 2036 vere
1190 1980 1469 2037 orthodoxi
1490 1981 1685 2042 clerici,
1711 1980 2021 2033 exantinan-

2137 1986 2332 2054 ένορίᾳ,
2358 1989 2412 2041 εἰ
2434 1986 2551 2056 μὲν
2573 1986 3051 2055 κοινωνήσαντές
3077 1987 3200 2040 είσί
3222 2001 3379 2050 τινες
3407 1980 3538 2046 ταῖς
3573 1977 3696 2032 τῶν

455 2075 616 2138 tibus,
651 2085 905 2143 praesente
931 2091 1115 2128 rursus
1147 2075 1407 2144 episcopo,
1442 2082 1491 2127 et
1513 2080 1818 2141 praesentem
1850 2083 2020 2139 popu-

2137 2077 2612 2144 ιοινωνησάντων
2665 2077 2943 2146 γνώμαις,
2981 2076 3067 2146 μὴ
3101 2075 3303 2141 ἄλλως
3344 2068 3696 2144 χειροτονεί-

456 2180 565 2234 [um
598 2166 910 2234 alloquente,
947 2181 1008 2219 ne
1037 2165 1324 2219 intercedat
1358 2165 1538 2233 aliqua
1565 2162 1953 2215 circumventio.

2137 2169 2385 2234 γθωσαν,
2415 2168 2572 2222 ἀλλὰ
2605 2167 2724 2221 τῶν
2757 2166 2994 2236 άληθῶς
3032 2167 3360 2235 όρθοδόξων
3397 2157 3697 2230 κληρικῶν

444 2254 901 2326 δοκιμαζόντων,
931 2256 1226 2323 παρόντος
1249 2254 1434 2309 πάλιν
1487 2253 1590 2308 τοῦ
1614 2253 1949 2307 ἐπισκόπου
1981 2253 2079 2308 καί
2117 2260 2619 2327 προσφωνοῦντος
2657 2261 2904 2328 παρόντι
2935 2258 3015 2325 τῷ
3051 2257 3201 2325 λαῷ,
3229 2260 3329 2312 ἵνα
3383 2255 3470 2326 μὴ
3501 2253 3699 2326 μέσον

450 2350 772 2420 περιδρομή
800 2367 889 2414 τις
921 2350 1162 2420 γένηται

526 2464 719 2519 BALS.
755 2463 830 2519 De
869 2465 936 2520 iis
975 2463 1070 2534 qui
1106 2464 1164 2517 in
1222 2463 1370 2518 clero
1418 2463 1704 2518 ordinandi
1761 2471 1891 2519 sunt
1933 2462 2026 2518 dat

453 2564 668 2630 typum,
704 2564 758 2611 et
792 2555 925 2610 dicit
960 2556 1104 2626 quod
1135 2563 1349 2624 oportet
1384 2571 1505 2610 eum
1538 2557 1630 2624 qui
1663 2565 1747 2610 est
1775 2557 2028 2609 ordinan-

454 2650 559 2728 du_s
592 2665 623 2703 a
667 2657 780 2702 toto
825 2647 1018 2702 ordine
1062 2645 1389 2700 sacerdotali
1429 2646 1577 2716 eligi,
1617 2646 1719 2700 hoc
1760 2655 1864 2710 est.
1892 2661 2029 2700 una-

456 2740 592 2794 nimi
622 2753 892 2792 consensu
924 2737 1213 2806 approbari
1249 2743 1301 2790 et
1328 2737 1608 2806 praeferri,
1640 2747 1846 2791 etcum
1883 2738 2030 2806 ejus-

458 2830 604 2884 modi
636 2830 878 2884 delectus
912 2829 980 2882 de
1021 2843 1086 2882 eo
1131 2827 1309 2882 lactus
1350 2827 1532 2890 fuerit,
1573 2839 1702 2881 tunc
1747 2830 1923 2897 ipsum
1960 2827 2030 2880 ab

456 2923 715 2992 episcopo
763 2919 1086 2984 examinari,
1121 2927 1174 2972 et
1212 2918 1430 2989 quando
1483 2919 1560 2972 illi
1602 2932 1818 2988 quoque
1869 2917 2029 2969 homo

2199 2461 2395 2515 ΒΑΛΣ.
2429 2463 2500 2514 Πε
2511 2462 2563 2533 pi.
2579 2462 2686 2515 τῶν
2719 2460 3016 2532 μελλόντων
3039 2462 3457 2533 χειροτονεῖσθαι
3477 2467 3536 2519 ὲν
3561 2465 3699 2538 κλή-

2133 2571 2211 2625 ρῳ
2257 2553 2437 2606 δίδωσι
2480 2554 2669 2616 τύπον,
2725 2554 2818 2606 καί
2861 2572 3022 2624 φησιν
3055 2555 3135 2606 ὃτι
3189 2554 3267 2606 δεῖ
3316 2555 3407 2608 τὸν
3439 2557 3702 2628 μέλλοντα

2123 2644 2548 2715 χειροτονεῖσθαι
2575 2645 2724 2716 παρὰ
2747 2647 2943 2708 παντὸς
2971 2646 3231 2717 ἰερατείου
3261 2647 3551 2718 αἱρεῖσθαι,
3581 2650 3703 2704 ἀντὶ

2131 2737 2225 2789 τοῦ
2256 2735 2641 2806 προκρίνεσθαι
2681 2734 2999 2806 συμφώνως,
3041 2738 3182 2792 οὕτω
3211 2739 3268 2792 δὲ
3314 2739 3700 2811 προκριθέντα,

2131 2826 2250 2879 τότε
2297 2827 2684 2898 δοκιμάζεσθαι
2731 2828 2892 2881 αὐτὸν
2937 2831 3083 2900 παρᾶ
3113 2829 3205 2883 τοῦ
3252 2831 3572 2899 ἐπισκόπου,
3608 2833 3705 2888 καὶ

2132 2920 2220 2972 ὅτε
2247 2920 2481 2991 κάκείνῳ
2502 2920 2640 2985 δόξει
2663 2923 2691 2974 ὁ
2713 2920 2994 2993 ἄνθρωπος
3019 2923 3316 2993 ἐπιτήδειος
3354 2924 3434 2987 είς
3460 2941 3702 2996 χειροτο-

457 3016 612 3070 visus
641 3014 801 3068 fuerit
835 3021 994 3083 aptus
1031 3019 1090 3066 ut
1118 3011 1425 3076 ordinetur,
1454 3018 1585 3064 tunc
1631 3024 1754 3064 eum
1785 3005 2030 3062 ordinari

2137 3014 2271 3081 νίαν,
2304 3015 2424 3068 τότε
2477 3017 2898 3088 χειροτονεῖσθαι
2943 3018 3242 3070 συναινέησει
3274 3018 3368 3072 τοῦ
3411 3019 3701 3092 ίερατείου,

454 3118 734 3159 consensu
781 3101 1132 3159 sacerdotalis
1165 3101 1393 3160 ordinis,
1431 3108 1698 3170 praesente
1725 3098 1890 3154 etiam
1929 3111 2030 3168 po-

455 3193 612 3264 pulo.
639 3193 751 3248 Cur
785 3201 964 3247 autem
1008 3192 1166 3256 dixit,
1205 3206 1328 3245 eum
1365 3190 1725 3245 ordinandum
1760 3203 2032 3243 consensu

458 3283 814 3340 sacerdotalis
841 3285 1086 3340 ordinis?
1109 3283 1241 3336 Nam
1274 3297 1398 3336 cum
1428 3296 1458 3334 a
1489 3281 1812 3336 sacerdotali
1843 3279 2035 3334 ordine

453 3376 667 3432 electus
701 3385 805 3439 est,
832 3376 898 3429 ad
921 3375 1321 3429 ordinationem
1351 3387 1655 3428 consensus
1679 3386 1793 3426 non
1821 3370 2037 3425 videtur

408 3453 434 3469 ’
455 3482 585 3523 esse
617 3467 984 3521 necessarius.
1021 3464 1126 3518 Sed
1151 3474 1236 3520 est
1258 3463 1554 3518 verisimile
1579 3477 1742 3533 posse
1767 3469 1895 3533 post
1926 3461 2037 3516 ele-

457 3558 698 3613 ctionem
724 3555 928 3625 aliquid
947 3555 1212 3624 temporis
1239 3555 1586 3624 praeteriisse,
1610 3562 1666 3609 et
1689 3569 1790 3610 eos
1821 3555 2036 3610 interim

461 3649 559 3718 qui
609 3648 974 3703 ordinandum
1025 3645 1387 3716 praeiudicant
1445 3645 1738 3702 rescivisse
1791 3644 2037 3715 aliquid,

462 3741 610 3811 quod
656 3742 777 3811 ejus
831 3739 1229 3795 ordinationem
1281 3739 1585 3809 prohibeat.
1611 3738 1677 3792 Et
1739 3737 1862 3794 ideo
1909 3737 2043 3792 dicit

460 3834 613 3904 ipsos
637 3833 969 3896 consentire,
990 3839 1043 3886 et
1079 3831 1208 3886 dum
1230 3831 1518 3886 ordinatur
1536 3831 1794 3902 p0pulum
1825 3844 2042 3899 quoque

460 3927 535 3981 ab
562 3927 817 3995 episcopo
846 3925 1193 3996 interrogari,
1229 3940 1297 3978 an
1321 3925 1517 3994 dignus
1546 3924 1637 3988 sit,
1679 3922 1766 3976 cui
1797 3921 2042 3976 testimo-

466 4022 618 4073 nium
644 4018 818 4073 l‘erant
849 4017 917 4071 ad
958 4018 1384 4072 ordinationem.
1412 4015 1703 4072 Dissuadet
1733 4022 1938 4078 autem,
1974 4030 2042 4069 ne

467 4111 601 4163 iiant
633 4108 1010 4162 ordinationes
1049 4106 1426 4161 clandestina}.
1463 4107 1595 4160 Cum
1637 4105 1806 4170 enim,
1843 4105 2039 4176 inquit,

466 4213 572 4268 pax
600 4207 685 4253 est
713 4200 765 4250 in
810 4196 1076 4262 Ecclesia,
1119 4195 1330 4252 scilicet
1359 4211 1482 4250 cum
1519 4211 1666 4252 nunc
1709 4212 1817 4251 non
1846 4205 1932 4251 est
1961 4197 2044 4251 di-

469 4288 624 4342 visus
646 4288 880 4357 populus
899 4287 1243 4341 cessantibus
1261 4278 1578 4352 literesibus,
1598 4288 1690 4343 sed
1711 4294 2043 4342 suntomnes

2132 3106 2399 3178 παρόντος
2426 3109 2518 3160 καὶ
2544 3107 2639 3160 τοῦ
2667 3109 2817 3162 λαοῦ.
2847 3111 2997 3162 Διατί
3026 3110 3070 3162 δ’
3102 3106 3241 3174 εἶπε,
3268 3113 3589 3181 χειροτονεῖν
3615 3112 3706 3164 αύ-

2130 3197 2223 3250 τδν
2248 3197 2553 3250 συναινέσει
2577 3197 2669 3251 τοῦ
2699 3199 2987 3269 ἱερατείου;
3005 3200 3158 3252 Ἐπεὶ
3177 3201 3283 3270 γὰρ
3309 3200 3525 3272 ὲ-ξελέγη
3555 3199 3708 3272 παρὰ

2110 3287 2228 3345 ,τοῦ
2270 3288 2559 3357 ίερατείου,
2591 3290 2624 3361 ἡ
2667 3290 2758 3341 ἐπὶ
2790 3290 3092 3361 χειροτονίᾳ
3120 3291 3420 3354 συναίνεσις
3455 3290 3602 3344 δοκεῖ
3633 3291 3708 3362 μὴ

2133 3375 2409 3443 ἀναγκαία
2457 3371 2614 3431 εἶναι.
2662 3375 2799 3429 Ἀλλ’
2834 3377 2979 3440 εἰκὸς
3025 3377 3213 3448 καιρόν
3256 3395 3378 3432 τινα
3421 3378 3558 3449 μετά
3608 3379 3708 3448 τὴν

2135 3465 2365 3537 ἐκλογὴν
2381 3466 2690 3537 παρελθεῖν,
2711 3469 2806 3521 καὶ
2823 3469 2882 3521 έν
2892 3468 2969 3538 τῷ
2989 3469 3139 3538 μέσῳ
3160 3468 3360 3536 γνῶναί
3375 3487 3426 3521 τι
3441 3471 3566 3534 τοὺς
3577 3487 3710 3542 προ-

2136 3556 2419 3624 κρίνοντας
2455 3558 2546 3610 τὸν
2581 3557 2840 3627 μέλλοντα
2872 3557 3308 3628 χειροτονηθῆναι
3341 3559 3545 3613 κωλύον
3563 3560 3711 3631 αύτῷ

2135 3647 2233 3719 τὴν
2248 3649 2599 3718 χειροτονίαν.
2622 3648 2720 3702 Διὰ
2731 3649 2889 3702 τοῦτο
2911 3645 3005 3702 οὖν
3032 3653 3298 3704 συναινεῖν
3324 3651 3519 3716 αὐτοὺς
3534 3669 3713 3723 κεχει-

2140 3739 2500 3809 ροτονημένου
2532 3739 2695 3794 αὐτοῦ
2721 3737 2863 3804 εἷπε,
2895 3743 2987 3795 καὶ
3015 3740 3104 3795 τόν
3136 3742 3430 3796 ἐπίσκοπον
3471 3745 3563 3797 καὶ
3589 3745 3710 3798 τότε

2140 3834 2476 3901 προσφωνεῖν
2497 3831 2574 3902 τῷ
2589 3831 2723 3902 λαῷ,
2743 3833 3028 3905 ἐρωτῶντα
3053 3835 3098 3886 εἰ
3123 3835 3556 3905 μαρτυρείαύτὸν
3578 3837 3715 3906 πρὸς

2139 3921 2471 3990 χειροτονίαν
2500 3919 2670 3987 ἄξιον.
2705 3921 2984 3993 Λαθραίας
3015 3923 3070 3974 δὲ
3109 3923 3438 3993 χειροτονίας
3471 3924 3714 3992 γίνεσθαι

2141 4011 2459 4082 ἀποτρέπει.
2515 4014 2666 4068 Ἐπεὶ
2711 4014 2838 4085 γὰρ,
2871 4014 3054 4085 φησὶν,
3087 4016 3278 4086 εἰρήνη
3310 4016 3428 4068 ἐστὶ
3456 4017 3609 4088 παρὰ
3638 4021 3703 4088 τῇ

2155 4104 2470 4175 Ἐκκλησία,
2495 4106 2660 4176 ἤγουν
2684 4107 2806 4159 ἐπεὶ
2830 4105 2923 4158 νῦν
2949 4105 3007 4159 ού
3037 4105 3362 4176 μεμέρισται
3383 4109 3412 4160 ὁ
3433 4108 3558 4172 λαὸς
3585 4127 3716 4163 παυ-

2143 4195 2256 4260 θεὶς
2277 4194 2384 4248 τῶν
2403 4196 2684 4266 αἱρέσεων,
2710 4197 2845 4251 ἀλλὰ
2865 4197 3066 4260 πάντες
3097 4199 3192 4269 τῆς
3221 4198 3502 4270 όρθοδόξου
3526 4200 3719 4272 μοίρας

2146 4287 2278 4350 είσὶ,
2307 4287 2507 4351 πάντες
2537 4290 2666 4360 μιᾶς
2692 4289 2904 4342 ἔσονται
2930 4289 3171 4360 γνώμης.
3201 4291 3294 4344 καὶ
3321 4290 3402 4343 δεῖ
3449 4293 3720 4363 παρουσίᾳ

465 4377 788 4432 orthodoxa:
831 4379 1037 4448 partis;
1083 4393 1275 4432 omnes
1331 4377 1496 4432 unius
1534 4384 1697 4432 erunt
1736 4378 2033 4442 sententim,

2146 4375 2255 4430 τῶν
2281 4377 2451 4445 ἁγίων
2477 4379 2592 4448 ἦτοι
2619 4379 2727 4431 τῶν
2756 4379 2963 4432 πιστῶν
2992 4381 3090 4445 τὰς
3111 4382 3445 4453 χειροτονίας
3473 4382 3718 4450 γίνεσθαι

467 4479 527 4525 et
549 4479 766 4540 oportet
803 4470 857 4523 in
888 4469 1175 4540 praesentia
1210 4477 1524 4525 sanctorum
1559 4485 1653 4525 seu
1683 4469 1921 4524 fidelium
1951 4485 2043 4524 or-

469 4561 785 4615 diuationes
816 4561 931 4614 lieri
975 4561 1032 4615 in
1067 4561 1323 4618 ecclesia.
1353 4559 1592 4616 Sanctos
1636 4568 1818 4616 autem
1860 4560 2043 4616 ﬁdeles

478 4651 790 4722 appellavit,
813 4667 879 4706 ex
904 4660 1092 4706 sancto
1121 4652 1222 4706 hoc
1247 4651 1418 4706 Paulo
1447 4667 1752 4707 assumens.
1777 4651 1868 4704 Ille
1897 4651 2042 4705 enim

476 4740 559 4797 sic
589 4740 776 4797 ﬁdeles
812 4741 866 4794 in
889 4741 1006 4796 suis
1038 4741 1298 4811 Epistolis
1329 4743 1580 4810 appellat.
1614 4740 1739 4794 llaec
1772 4740 1955 4809 itaque
1979 4739 2046 4793 de

477 4831 571 4896 iis,
598 4833 692 4903 qui
723 4834 776 4885 in
815 4832 1045 4887 urbibus
1089 4833 1356 4897 habitant,
1406 4832 1616 4886 videtur
1653 4831 1852 4885 dicere.
1884 4827 2048 4884 Deiis

477 4931 686 4988 autem,
711 4923 801 4992 qui
826 4930 953 4978 sunt
983 4923 1036 4977 in
1067 4924 1304 4994 regione,
1332 4938 1426 4978 seu
1452 4923 1504 4975 in
1529 4922 1685 4984 vicis,
1715 4922 1868 4983 dicit,
1898 4921 2045 4990 quod

479 5014 738 5084 quoniam
775 5015 933 5068 multi
963 5015 1128 5069 etiam
1170 5016 1322 5068 inviti
1366 5013 1840 5067 communieabant
1873 5013 2048 5067 haere-

479 5105 640 5171 ticis;
670 5120 855 5160 eorum
898 5114 1078 5160 autem
1113 5106 1264 5158 multi
1299 5102 1534 5158 fidelium
1572 5102 1770 5156 animis
1802 5117 2048 5157 commu-

481 5196 740 5252 nicabant
775 5197 888 5251 sive
935 5195 1327 5248 conveniebant
1374 5201 1428 5248 et
1480 5193 1917 5248 assentiebantur
1945 5211 1957 5246 :
1989 5192 2047 5246 Si

481 5287 606 5358 quis
627 5302 812 5343 eorum
837 5286 907 5341 sit
931 5283 1266 5338 ordinandus
1294 5283 1349 5336 in
1374 5285 1603 5344 clerum,
1631 5299 1755 5338 eum
1782 5299 1889 5337 non
1912 5285 2046 5338 alias

483 5373 864 5437 ordinandum,
896 5387 1058 5441 quam
1093 5386 1214 5424 cum
1262 5371 1652 5441 approbatione
1696 5372 2042 5438 clericorum,

484 5478 622 5534 quos
652 5469 867 5518 constat
896 5476 1020 5516 esse
1055 5460 1411 5527 orthodoxos,
1444 5470 1710 5531 praesente
1739 5463 1903 5517 etiam
1933 5461 2047 5531 epi-

484 5569 673 5623 scopo,
704 5561 756 5607 et
790 5553 1097 5622 alloqucnte
1133 5553 1412 5621 populum,
1449 5564 1510 5607 ut
1551 5552 1806 5624 superius
1839 5553 2044 5607 dictum

480 5654 590 5703 cst.
624 5643 746 5700 Haec
774 5651 954 5701 autem
985 5643 1117 5700 dicit
1144 5643 1283 5709 ﬁeri,
1309 5660 1376 5700 nc
1405 5645 1705 5702 intercedat
1728 5646 1911 5719 aliqua
1937 5647 2046 5703 cir-

2147 4467 2237 4519 ὲπ’
2275 4468 2586 4539 ἐκκλησίας.
2624 4470 2837 4538 Ἀγίους
2867 4469 2924 4523 δὲ
2951 4472 3078 4535 τοὺς
3107 4473 3331 4535 πιστοὺς
3350 4471 3627 4536 ἐκάλεσεν,
3658 4473 3721 4525 ἐκ

2147 4558 2239 4611 τοῦ
2273 4558 2559 4629 θεσπεσίου
2607 4559 2819 4612 Παύλου
2857 4560 3017 4614 τοῦτο
3057 4560 3380 4631 παραλαὸών
3401 4579 3414 4591 ο
3443 4561 3585 4614 οὕτω
3613 4562 3721 4632 γὰρ

2148 4651 2398 4712 κάκεῖνος
2423 4651 2481 4704 ὲν
2504 4654 2623 4714 ταῖς
2657 4652 2992 4716 Ἐπιστολαῖς
3019 4655 3185 4706 αὐτοῦ
3208 4656 3334 4717 τοὺς
3364 4653 3586 4716 πιστοὺς
3608 4652 3721 4704 ovo.

2151 4743 2330 4814 μάζει.
2363 4745 2547 4798 Ταῦτα
2605 4747 2704 4817 μὲν
2749 4743 2841 4800 οὖν
2872 4749 3000 4820 περὶ
3049 4748 3155 4800 τῶν
3203 4751 3262 4801 ἐν
3295 4749 3512 4802 πόλεσιν
3555 4748 3722 4803 ὄντων

2149 4835 2292 4888 ἔοικε
2325 4835 2521 4904 λέγειν.
2554 4838 2686 4908 Περὶ
2714 4838 2769 4890 δὲ
2799 4839 2905 4891 τῶν
2945 4841 3001 4891 ἐν
3033 4842 3096 4908 τῇ
3140 4839 3340 4910 ἐνορίᾳ,
3380 4840 3497 4909 ήτοι
3524 4839 3630 4892 τῶν
3666 4839 3726 4896 ὲν

2147 4928 2213 4995 τῇ
2245 4924 2416 4997 χώρᾳ,
2445 4929 2626 4995 φησὶν,
2659 4928 2740 4980 ὅτι
2765 4929 2888 4981 ἐπεὶ
2917 4928 3101 4981 πολλοὶ
3132 4932 3242 4992 τοῖς
3265 4923 3558 5000 αίρετικοῖς
3583 4931 3726 4982 ἐκοι-

2149 5015 2350 5071 νώνουν
2381 5019 2475 5071 καὶ
2507 5020 2748 5083 ἄκοντες,
2779 5020 2886 5073 τῶν
2913 5020 3166 5074 τοιούτων
3194 5020 3250 5072 δὲ
3282 5020 3466 5074 πολλοὶ
3498 5020 3607 5073 τῶν
3635 5038 3725 5074 πι-

2151 5106 2290 5159 στῶν
2323 5108 2638 5162 ἐκοινώνουν
2661 5113 2779 5172 ταῖς
2807 5109 3074 5180 γνώμαις,
3102 5112 3270 5181 ἧγουν
3302 5111 3726 5180 συγκατέὅαινον

2150 5195 2244 5248 κοιλ⁹
2281 5197 2576 5267 συνῄνουν·
2609 5199 2670 5251 Εἰ
2717 5201 2780 5252 ὲκ
2813 5201 3018 5253 τούτων
3065 5199 3246 5270 μέλλει
3283 5217 3367 5265 τις
3411 5203 3729 5273 χειροτονεῖ-

2151 5284 2274 5339 σθαι
2303 5290 2381 5351 είς
2416 5289 2505 5342 τὸν
2541 5289 2758 5362 κλῆρον,
2797 5290 2871 5362 μὴ
2902 5290 3076 5355 ἄλλως
3110 5293 3549 5363 χειροτονεῖσθαι,
3573 5293 3621 5344 εί
3653 5289 3729 5363 μὴ

2153 5377 2294 5445 μετὰ
2313 5379 2634 5450 δοκιμασίας
2663 5381 2770 5434 τῶν
2799 5381 3243 5450 ὁμολογουμένως
3278 5381 3575 5454 όρθοδόξων
3599 5382 3731 5453 κλη-

2155 5469 2341 5536 ρικῶν,
2368 5471 2631 5540 παρόντος
2657 5470 2750 5522 καὶ
2776 5470 2868 5524 τοῦ
2892 5471 3214 5532 ἐπισκόπου,
3242 5472 3336 5525 καὶ
3358 5472 3732 5544 προσφωνοῦν·

2150 5577 2241 5623 τος
2267 5559 2345 5630 τῷ
2375 5559 2510 5631 λαῷ,
2545 5561 2620 5624 ώς
2648 5561 2852 5615 ἄνωθεν
2895 5562 3129 5634 εἴρηται.
3164 5561 3350 5618 Ταῦτα
3381 5565 3437 5618 δὲ
3465 5563 3611 5633 λέγει
3646 5563 3731 5634 γί-

2148 5651 2354 5718 νεσθαι,
2393 5651 2478 5707 ἵνα
2513 5652 2588 5723 μὴ
2631 5652 2794 5724 μέσον
2825 5653 3052 5726 γένηταί
3085 5672 3171 5720 τις
3205 5655 3530 5724 περιδρομή,
3565 5656 3730 5713 ἤγουν
