3878 6336
488 284 560 344 45
1467 279 1840 336 TllEOPillLl
1871 277 2182 336 EPiSCOPl
2221 281 2694 340 ALEXANDRINI
3667 285 3737 345 tt

489 417 624 458 usus
643 399 972 467 transferre;
998 400 1199 471 quippe
1221 399 1368 470 quod
1392 406 1607 470 oportet
1627 397 1721 454 Dei
1751 397 2063 452 ministrum

2169 398 2434 471 λάργυρον
2457 399 2540 453 δεῖ
2561 390 2701 454 εἶναι
2732 399 2824 453 τὸν
2847 398 3159 471 λειτουργὸν
3192 399 3287 454 τοῦ
3310 398 3468 464 Θεοῦ,
3494 399 3586 453 καὶ
3616 401 3738 458 οὐδὲ

489 509 611 550 esse
638 493 704 548 ab
728 492 957 547 avaritia
982 493 1249 558 alienum;
1279 497 1334 546 et
1366 506 1465 545 nec
1495 491 1561 545 ad
1593 505 1752 546 usum
1780 487 2059 560 proprium

489 587 567 640 uti
598 585 762 640 rebus
789 584 1136 654 episcopatus
1173 583 1434 653 episcopo
1473 582 1828 647 conceditur;
1856 580 1959 635 nisi
1993 579 2061 633 ad

487 690 549 730 ea
577 667 698 744 quae
729 679 856 728 sunt
904 674 1127 726 omnino
1169 670 1506 736 necessaria,
1547 677 1602 726 et
1658 677 1790 725 tunc
1843 670 2060 724 demum

485 766 706 836 quando
748 764 797 818 ei
848 761 996 816 domi
1028 762 1229 818 desunt
1271 762 1596 829 facultates;
1642 760 1942 817 secundum
1972 774 2062 813 xu

483 873 609 911 can.
633 864 948 912 sanctorum
971 855 1368 926 apostolorum.
1388 855 1581 920 Quaere
1603 870 1724 926 quae
1747 855 1802 908 in
1831 869 1896 909 eo
1925 854 2060 908 scri-

2167 492 2247 555 εἰς
2269 492 2475 545 οἰκείαν
2505 493 2700 564 χρῆσιν
2728 495 2838 555 τοῖς
2866 492 2963 564 τῆς
2993 492 3296 562 ἐπισκοπῆς
3334 493 3618 562 πράγμασι
3647 509 3738 546 κε-

2168 583 2400 654 χρῆσθαι
2436 583 2513 655 τῷ
2542 583 2825 655 ὲπισκόπῳ
2878 581 3313 654 συγκεχώρηται,
3360 582 3408 634 εἰ
3445 583 3518 654 μὴ
3559 584 3639 644 εἰς
3671 580 3740 635 τὰ

2169 675 2309 728 πάνυ
2323 675 2613 743 ἀναγκαῖα.
2634 675 2729 728 καὶ
2760 675 2880 728 τότε
2905 675 2993 728 ὅτε
3023 674 3230 728 οἴκοθεν
3255 674 3354 728 οὐκ
3380 674 3601 744 εὐπορεῖ
3627 671 3741 726 τού·

2169 783 2275 818 των
2291 767 2318 819 ὁ
2341 763 2815 834 ἐπίσκοπος,ίκατὰ
2836 763 2926 818 τὸν
2945 770 3041 835 μα’·
3062 763 3264 818 κανόνα
3281 762 3389 816 τῶν
3412 762 3579 830 ἁγίων
3603 762 3741 815 ἀπο-

2182 856 2402 912 στόλων.
2431 859 2593 928 Ζήτει
2628 856 2698 910 τὰ
2724 855 2783 908 ὲν
2805 856 2998 926 ἐκείνῳ
3022 853 3400 928 γεγραμμένα,
3427 853 3519 907 καὶ
3542 854 3632 907 τὸν
3662 852 3740 906 κδ’

487 960 578 1020 pta
607 957 754 1015 sunt,
785 957 842 1004 et
869 966 998 1004 utv
1029 964 1154 1004 can.
1181 965 1304 1021 syn.
1333 948 1704 1005 Antiochense.

2169 947 2368 1002 κανόνα
2402 948 2500 1017 τῆς
2523 948 2580 1001 ἐν
2622 946 2920 1018 Ἀντιοχείᾳ
2953 946 3190 999 συνόδου.

1372 1062 1440 1119 Χ.

2794 1060 3033 1114 ΚΑΝΩΝ
3082 1061 3140 1113 l'.

1105 1063 1336 1121 CANON
1372 1063 1440 1119 X.

564 1154 750 1212 Vidua:
784 1168 835 1213 et
877 1174 1128 1229 pauperes
1162 1165 1212 1211 et
1243 1155 1632 1225 peregrinantes
1663 1150 1889 1220 hospites
1923 1149 2063 1204 omni

2794 1063 3033 1114 ΚΑΝΩΝ
3082 1063 3140 1113 l'.

2238 1153 2425 1222 Χῆραι
2455 1153 2554 1207 καὶ
2596 1157 2652 1208 οἱ
2681 1153 2935 1220 πένητες
2958 1153 3056 1204 καὶ
3094 1152 3148 1205 oi
3191 1148 3741 1219 παρεπιδημοῦντες

485 1247 654 1315 quiete
687 1248 938 1317 fruantur
960 1291 975 1316 ,
1019 1261 1069 1306 et
1099 1265 1250 1305 nemo
1303 1263 1366 1302 ea
1396 1262 1513 1317 qua:
1541 1253 1665 1299 sunt
1696 1243 1970 1308 Ecclesia,
2005 1249 2063 1294 ut

2169 1242 2331 1307 ξένοι
2354 1243 2558 1312 πάσης
2577 1244 2971 1308 ἀναπαύσεως
2995 1240 3482 1308 ἀπολαυέτωσαν,
3505 1239 3601 1294 καὶ
3623 1234 3742 1308 μή·

486 1353 587 1392 sua
615 1350 860 1411 usurpet.

2170 1351 2259 1401 τις
2287 1335 2358 1390 τὰ
2385 1337 2497 1405 τῆς
2549 1337 2906 1404 Ἐκκλησίας
2933 1334 3350 1390 ἱδιοποιείσθω.

2081 1471 2156 1484 —

1490 1591 1717 1678 ΤΟΥ
1766 1583 2146 1676 ΑΥΤΟΥ
2192 1580 2746 1671 ΑΦΗΓΗΣΙΣ

1637 1772 1776 1843 Περὶ
1801 1771 1910 1826 τῶν
1947 1766 2259 1839 λεγομένων
2291 1765 2586 1838 Καθαρῶν.

1039 2001 1396 2064 EIUSDEM
1440 1996 1860 2062 NARRATIO
1903 1996 2011 2057 DE
2052 1994 2154 2054 llS
2195 1991 2329 2066 QUI
2376 1991 2781 2054 DICUNTUR
2827 1994 3208 2056 CATHARI.

565 2237 862 2293 Declaravit
895 2239 1024 2293 mihi
1048 2249 1140 2294 tua
1176 2241 1346 2311 pietas
1368 2281 1383 2305 ,
1429 2243 1586 2313 quod
1616 2241 1832 2314 quidam
1880 2241 2063 2294 horum

2239 2231 2546 2301 Δεδήλωκέ
2565 2252 2668 2303 μοι
2693 2235 2731 2304 ἠ
2756 2233 2838 2303 σὴ
2861 2235 3159 2300 εὐλάϐεια,
3175 2236 3253 2303 ὡς
3286 2237 3438 2302 τινὲς
3464 2237 3581 2290 τῶν
3603 2233 3742 2293 ὄνοι

487 2331 578 2402 qui
611 2347 666 2384 se
693 2330 953 2386 Catharos
990 2334 1264 2387 nominant
1290 2373 1306 2398 ,
1338 2335 1516 2390 volunt
1544 2337 1612 2389 ad
1642 2335 1934 2390 Ecclesium
1968 2349 2060 2386 ac-

2169 2326 2464 2399 μαζόντων
2505 2328 2755 2395 ἑαυτοὺς
2787 2329 3094 2398 Καθαροὺς
3121 2369 3136 2393 ,
3193 2331 3548 2398 προσελθεῖν
3589 2333 3743 2398 ,βού-

488 2415 686 2473 cedere.
731 2417 995 2484 Quoniam
1039 2436 1161 2491 ergo
1191 2438 1387 2493 magna
1426 2424 1683 2493 synodus,
1716 2440 1832 2492 qua:
1863 2420 2063 2477 Νίσαια

2169 2425 2370 2476 λονται
2418 2419 2492 2488 τῇ
2530 2422 2870 2488 Ἐκκλησία,
2915 2421 3146 2490 Ἐπειδὴ
3197 2423 3405 2476 τοίνυν
3436 2423 3474 2490 τ)
3503 2422 3742 2494 μεγάλη

487 2508 668 2564 habita
699 2519 776 2564 est
804 2527 834 2563 a
865 2511 1065 2565 sanctis
1099 2511 1356 2568 Patribus
1391 2515 1612 2579 nostris,
1643 2515 1853 2576 statuit,
1885 2524 1941 2566 ut
1976 2529 2063 2566 or-

484 2602 734 2656 dinentur
765 2603 854 2672 qui
885 2603 1176 2668 accedunt-,
1208 2605 1330 2658 velis
1359 2606 1522 2677 juxta
1551 2605 1684 2658 hanc
1724 2605 1948 2674 formam
1974 2621 2060 2658 eos

485 2694 575 2763 qui
600 2693 667 2746 ad
687 2692 978 2747 Ecclesium
1014 2694 1255 2749 accedere
1280 2697 1456 2750 uolunt
1477 2695 1746 2759 ordinare,
1776 2697 1822 2750 si
1854 2694 2062 2766 quidem

488 2784 594 2836 vita
624 2800 802 2837 eorum
834 2793 978 2838 recta
1006 2793 1106 2853 est,
1137 2795 1186 2839 et
1219 2785 1352 2840 nihil
1380 2787 1453 2840 eis
1484 2786 1813 2842 adversatur.

556 3069 755 3123 BALS.
799 3068 874 3124 De
905 3069 1223 3127 Novatianis
1256 3071 1627 3142 interrogatus
1664 3080 1749 3126 est
1793 3071 1885 3141 (hi
1912 3071 2060 3125 enim

488 3171 618 3218 sunt
646 3163 738 3232 qui
777 3161 938 3217 etiam
986 3162 1209 3217 Catliari
1252 3163 1596 3231 dicuntur),
1632 3171 1686 3216 et
1736 3176 2059 3232 responsum

485 3261 591 3320 est,
622 3251 766 3322 quod
790 3253 834 3307 si
868 3251 936 3306 ad
958 3251 1051 3307 Dei
1073 3253 1372 3310 Ecclesiam
1399 3253 1688 3318 accedunt,
1720 3255 1844 3324 quia
1867 3269 2061 3326 magna

485 3353 541 3400 et
569 3346 743 3415 prima
767 3343 984 3401 Nicmna
1015 3347 1260 3418 synodus
1292 3347 1516 3411 statuit,
1554 3356 1612 3401 ut
1639 3347 1676 3400 ii
1715 3347 2058 3411 ordinentur,

487 3437 576 3494 lac
610 3448 664 3493 tu
698 3455 915 3510 quoque
949 3440 1252 3496 secundum
1284 3441 1426 3495 hanc
1457 3439 1687 3494 formam
1717 3440 1834 3495 sive
1865 3455 2062 3496 secuno

485 3529 614 3585 dum
651 3532 816 3588 istum
849 3548 1114 3589 canonem
1135 3574 1150 3599 ,
1204 3541 1258 3589 et
1285 3532 1478 3588 ordina
1506 3547 1602 3588 eos
1633 3533 1725 3602 qui
1755 3532 2058 3598 accedunt;

2163 2508 2423 2574 σύνοδος
2455 2510 2491 2576 ἡ
2525 2509 2810 2580 γενομένη
2841 2511 2910 2564 ἐν
2946 2512 3156 2578 Νικαίᾳ
3185 2511 3342 2580 παρὰ
3389 2511 3508 2564 τῶν
3539 2530 3740 2582 μακα-

2151 2602 2305 2670 ρίων
2352 2600 2628 2670 Πατέρων
2680 2600 2849 2671 ἡμῶν
2871 2645 2885 2666 ,
2920 2602 3167 2671 ὥρισεν,
3202 2603 3358 2657 ὥστε
3389 2604 3744 2674 χειροτονεῖ-

2164 2695 2305 2745 σθαι
2336 2693 2475 2758 τοὺς
2521 2693 3040 2763 προσερχομένους
3065 2735 3078 2758 ,
3121 2693 3386 2763 θέλησον
3431 2696 3578 2749 κατὰ
3627 2696 3744 2750 τὸν

2163 2783 2355 2835 τύπον
2397 2782 2612 2836 τοῦτον
2650 2783 2792 2850 τοὺς
2828 2784 3146 2850 ἐθέλοντας
3176 2785 3614 2855 προσέρχεσθαι
3664 2785 3743 2854 τῇ

2177 2874 2498 2942 Ἐκκλησία
2521 2877 2883 2945 χειροτονεῖν
2903 2919 2916 2940 ,
2945 2878 3065 2947 εἴγε
3107 2881 3140 2930 ὁ
3161 2879 3303 2944 βίος
3333 2879 3530 2932 αὐτῶν
3562 2881 3744 2947 ὀρθός

2162 2963 2293 3018 ἐστι
2329 2965 2426 3018 καὶ
2459 2967 2656 3035 μηδὲν
2684 2969 2912 3034 τούτοις
2940 2967 3280 3022 ἀντίκειται.

2234 3080 2431 3134 ΒΑΛΣ.
2466 3081 2600 3152 Περὶ
2631 3081 2984 3136 Ναυατιανῶν
3009 3080 3265 3152 ἠρωτήθη
3300 3080 3493 3151 (τοῦτοι
3523 3081 3630 3151 γάρ
3664 3084 3744 3134 εἰς

2163 3190 2246 3225 σιν
2295 3174 2344 3225 οἱ
2398 3173 2678 3244 λεγόμενοι
2710 3175 3021 3247 Καθαροὶ),
3059 3174 3151 3226 καὶ
3197 3172 3502 3244 ἀπεκρίθη.
3559 3173 3645 3225 ὅτι
3693 3174 3746 3225 ει

2163 3264 2555 3336 προσέρχονται
2587 3269 2651 3338 τῇ
2699 3268 3027 3339 Ἐκκλησία,
3057 3268 3179 3320 ἐπεὶ
3214 3269 3246 3338 ἡ
3282 3265 3488 3337 μεγάλη
3522 3265 3744 3328 σύνοδος

2159 3357 2193 3426 ὴ
2230 3358 2287 3409 ὲν
2309 3357 2516 3429 Νικαξᾳ
2540 3399 2554 3424 ,
2596 3360 2760 3429 ἤγουν
2790 3361 2821 3430 ἡ
2864 3359 3049 3431 πρώτη
3073 3401 3087 3424 ,
3125 3360 3290 3431 ὥρισε
3321 3355 3746 3429 χειροτονεῖσθαι

2160 3447 2357 3512 αὐτοὺς
2376 3489 2390 3513 ,
2425 3450 2568 3504 ποίει
2609 3452 2699 3504 καὶ
2730 3454 2792 3505 σὺ
2825 3452 2966 3505 κατὰ
2988 3453 3078 3507 τὸν
3105 3454 3274 3506 τύπον
3295 3493 3310 3517 ,
3339 3452 3456 3522 ἦτοι
3479 3448 3619 3502 κατὰ
3647 3449 3745 3501 τὸν

2162 3540 2362 3593 κανόνα
2389 3541 2612 3610 τοῦτον,
2648 3544 2742 3597 καὶ
2773 3544 3067 3614 χειροτόνει
3093 3545 3220 3608 τοὺς
3249 3540 3743 3614 προσερχομένους,

486 3622 590 3677 nisi
621 3623 841 3694 aliquod
872 3624 1318 3695 impedimentum
1349 3640 1414 3680 ex
1443 3625 1552 3679 vita
1583 3639 1772 3680 eorum
1804 3622 2058 3678 adverse-

2169 3632 2207 3682 εἰ
2238 3632 2310 3702 μή
2345 3650 2397 3686 τι
2427 3632 2656 3705 κώλυμα
2685 3635 2792 3688 ἀπὸ
2838 3632 2931 3688 τοῦ
2985 3635 3098 3705 βίου
3146 3633 3325 3687 αὐτῶν
3354 3633 3535 3695 αὐτοῖς
3583 3630 3743 3681 ὲνανο

487 3723 594 3769 tur.
623 3713 699 3772 De
724 3715 1040 3774 Novatianis
1072 3726 1253 3774 autem
1280 3731 1456 3773 canon
1501 3724 1586 3773 est
1617 3722 1843 3772 octavus
1873 3715 2060 3786 primae

485 3806 698 3878 synodL

2164 3722 2394 3777 τιοῦται.
2433 3724 2490 3778 '0
2531 3726 2587 3779 δὲ
2621 3728 2748 3798 περὶ
2793 3725 2902 3780 τῶν
2941 3725 3296 3780 Ναυατιανῶν
3333 3722 3509 3778 κανὼν
3556 3718 3744 3789 ὄγδοός

2167 3813 2282 3867 ἐστι
2310 3817 2408 3886 τῆς
2439 3818 2662 3890 πρώτης
2691 3819 2926 3873 συνόδου.

1161 4040 1387 4126 ΤΟΥ
1442 4040 1818 4128 ΑΥΤΟΥ
1882 4039 2383 4130 ΑΓΑΘΩΝΙ
2438 4045 3061 4170 ΕΠΙΣΚΟΠῼ.

1947 4315 2065 4374 EJU
2077 4315 2261 4372 SDEM

1445 4489 2068 4584 AGATHONI

555 4735 823 4794 Maximus
857 4740 1080 4795 asseruit
1101 4759 1156 4796 se
1180 4738 1430 4800 Ecclesia:
1461 4745 1593 4816 leges
1625 4747 1952 4817 ignorantem
1997 4747 2062 4801 ιι-
2093 4757 2138 4812 ι)

487 4828 629 4881 licito
661 4830 996 4886 matrimonio
1026 4833 1365 4904 conjunctum
1406 4851 1519 4889 esse
1541 4874 1554 4898 ,
1584 4846 1632 4888 et
1667 4836 1790 4905 quia
1825 4836 1918 4888 hoc
1943 4853 2058 4889 eum

487 4921 624 4973 male
649 4921 802 4974 habet
830 4922 966 4991 quod
996 4941 1096 4978 non
1141 4936 1274 4979 recte
1307 4935 1356 4979 et
1395 4941 1459 4980 ex
1503 4924 1687 4978 ordine
1721 4933 1880 4994 agat,
1921 4926 2059 4994 afﬁr-

488 5014 669 5076 mauit,
701 5015 788 5084 qui
818 5025 999 5070 contra
1033 5017 1166 5090 leges
1199 5017 1321 5088 fecit
1359 5034 1450 5088 per
1473 5017 1831 5088 ignorantiam
1853 5055 1869 5078 ν
1907 5032 1962 5068 se
1993 5016 2057 5068 ab

487 5106 679 5161 illicita
719 5109 837 5163 vita:
869 5111 1116 5166 societate
1144 5128 1208 5166 ea:
1241 5127 1496 5166 consensu
1536 5110 1898 5162 abstenturum
1924 5147 1938 5172 ,
1965 5108 2071 5184 illa.

485 5202 643 5254 etiam
670 5200 764 5257 hoc
798 5203 1012 5262 volente.
1057 5205 1115 5260 Si
1147 5222 1268 5275 ergo
1300 5203 1603 5273 probaveris
1631 5240 1646 5263 ,
1676 5199 1814 5266 quod
1863 5199 1958 5254 hoc
1998 5215 2062 5254 ex

486 5309 735 5350 consensu
763 5297 987 5368 faciant,
1011 5308 1059 5353 et
1091 5315 1192 5351 non
1215 5297 1410 5365 fallant
1436 5335 1450 5358 ,
1482 5294 1609 5364 quia
1636 5301 1712 5345 est
1745 5301 1941 5359 tempus
1970 5293 2062 5345 de-

487 5388 697 5442 cennale
719 5392 798 5452 ,‘si
824 5391 1119 5446 consideres
1139 5406 1225 5444 eos
1247 5388 1430 5441 debere
1463 5386 1662 5439 uersari
1685 5400 1802 5435 cum
1828 5382 2064 5436 catechu-

487 5478 649 5533 menis
677 5522 690 5544 ,
724 5497 858 5534 nunc
881 5499 966 5535 eos
995 5483 1072 5535 sic
1103 5480 1369 5546 dispenso.
1410 5474 1505 5529 Sin
1541 5482 1716 5526 autem
1760 5472 1900 5526 vides
1923 5473 2062 5541 quod

485 5570 718 5640 decipere
747 5573 900 5634 uelit,
953 5582 1002 5625 et
1052 5571 1340 5624 acerbitate
1372 5568 1546 5620 adhuc
1594 5566 1648 5618 in
1680 5581 1739 5618 eo
1783 5580 1910 5631 opus
1947 5566 2013 5618 sit
2044 5581 2060 5628 ;

485 5663 573 5732 [ac
595 5663 650 5719 id
679 5663 815 5732 quod
843 5663 977 5718 Deus
1010 5662 1105 5716 tibi
1134 5659 1490 5733 suggesserit;
1521 5657 1575 5708 id
1611 5673 1814 5718 semper
1843 5673 2059 5712 sequens

2154 4492 2778 4586 EPISCOPO.

2244 4745 2499 4815 ’Δγ-νοῶν
2521 4743 2662 4810 τοὺς
2693 4744 2803 4814 τῆς
2817 4746 3176 4814 Ἐκκλησιάς
3204 4747 3425 4816 νόμους
3447 4744 3753 4818 Μάξιμος,

2166 4837 2581 4905 διϊσχυρίσατο
2619 4839 2974 4906 παρανόμως
3021 4837 3341 4908 συμϐιώσει
3385 4837 3700 4908 συνῆφθαι
3731 4858 3748 4872 ·

2162 4929 2260 4983 καὶ
2291 4928 2499 4996 ἐπειδὴ
2534 4930 2771 4998 θορυϐεῖ
2812 4930 2998 4984 αὑτὸν
3045 4932 3111 4984 τὸ
3150 4932 3529 4986 ἀσύντακτον
3562 4929 3752 4998 εἶναι,

2161 5019 2627 5086 δωὸεϐαιὼσατο,
2649 5022 2855 5090 ἐπειδὴ
2879 5024 3091 5092 ἀγνοίᾳ
3112 5023 3177 5076 τὸ
3205 5023 3549 5094 παράνομον
3568 5025 3757 5094 ἔθρα-

2163 5129 2311 5177 σεν,
2363 5115 2430 5167 ἐκ
2479 5113 2806 5182 συμφώνου
2855 5115 3183 5184 ἀπέχεσθαι
3231 5115 3340 5182 τῆς
3391 5120 3758 5184 παρανόμου

2163 5205 2544 5272 συμϐιώσεως
2569 5243 2583 5265 ,
2618 5206 2901 5272 κάκείνης
2922 5205 3253 5276 ἀγαπώσης
3280 5206 3473 5259 τοῦτο.
3511 5206 3652 5258 Ἐὰν
3681 5207 3760 5259 δὲ

2165 5295 2372 5348 τοίνυν
2396 5294 2727 5364 ὄοκιμάσῃς
2746 5337 2759 5360 ,
2791 5298 2878 5350 ὅτι
2906 5298 3079 5350 τοῦτο
3105 5299 3387 5352 ποιοῦσιν
3407 5299 3474 5352 ἐκ
3502 5299 3761 5366 συμφώο

2163 5401 2273 5437 νου
2304 5383 2398 5437 καὶ
2427 5387 2513 5453 μὴ
2553 5386 2896 5454 ἀπατῶσιν,
2929 5388 3134 5456 ἐπειδὴ
3173 5387 3458 5455 δεκαετής
3486 5387 3664 5440 ἐστιν
3722 5393 3762 5445 ό

2163 5477 2381 5544 χρόνος
2405 5515 2419 5540 ,
2447 5479 2495 5530 εἱ
2522 5478 2770 5545 σκοπεῖς
2793 5481 2946 5549 μετὰ
2984 5480 3101 5533 τῶν
3133 5478 3596 5549 κατηχουμὲννων
3629 5485 3762 5534 αἰρ-

2163 5567 2303 5632 τοὺς
2337 5567 2746 5637 συνάγεσθαι,
2788 5572 2934 5637 τέως
2985 5573 3137 5625 οὕτω
3186 5571 3515 5639 διοίκησον.
3553 5574 3623 5623 El
3681 5573 3763 5626 δὲ

2162 5657 2460 5728 συνορᾷς.
2511 5662 2602 5717 ὅτι
2644 5663 2948 5730 ἀπατῆσαι
2974 5665 3291 5732 βούλεται,
3324 5663 3423 5717 καὶ
3452 5659 3638 5717 δεῖται
3674 5666 3764 5721 τὰ
