3878 6304
165 210 230 264 ts

1601 226 1940 284 CANONES.

3337 256 3411 315 £6

160 318 286 375 κατ’
309 322 539 392 αὐτοὺς
571 326 953 401 excernit-euq
976 377 989 399 ,
1031 334 1176 406 ὅπερ
1213 341 1246 392 ὁ
1285 343 1430 409 Θεὸς
1461 348 1704 402 ὺποόάλι

1809 392 1816 416 δ
1843 347 1982 417 quod
2019 348 2074 401 in
2102 366 2199 404 usu
2228 364 2305 408 est
2344 355 2544 428 vimque
2573 359 2786 418 obtinet.
2830 363 2972 419 Nam
3011 384 3128 422 cum
3157 369 3222 425 iis
3253 374 3326 428 sis
3357 377 3410 429 in

157 431 250 468 σοι
275 459 290 482 ,
337 420 522 476 τοῦτο
565 427 826 493 ποίησον
849 471 864 496 ,
897 439 1210 508 πανταχοῦ
1243 439 1390 508 πρὸς
1420 441 1486 493 τὸ
1520 441 1704 510 ἐπέχο

169 506 223 526 η
356 513 370 526 ,
629 520 690 526 -_
743 521 755 526 _
849 523 858 526 _
984 524 1002 526 _

1843 438 1995 508 locis,
2031 458 2211 497 eorum
2241 458 2436 504 mentes
2468 451 2654 508 melius
2683 473 2836 511 nosse
2860 470 3026 526 potes.

155 506 585 602 όδητούμενος.
629 520 758 574 Ἐπί
799 523 907 592 γὰρ
935 524 1053 578 τῶν
1081 506 1612 602 τοπωνντυγχάνων
1629 506 1737 599 τὰς

152 597 390 666 γνώμας
422 605 628 658 αὐτῶν
641 609 886 676 μᾶλλον
907 614 1128 670 ειδέναι
1161 597 1438 676 δύνασαι,

216 689 416 786 DAAE.
464 698 720 770 Μάξιμὸς
774 720 892 768 τις,
925 706 1002 770 ὡς
1049 713 1350 783 παρανόμῳ
1398 715 1560 786 γάμῳ
1612 735 1737 770 συν-

147 782 340 880 αῗθεὶς
363 793 608 855 γυναικὶ,
634 795 918 868 ἀφωρίσθη
949 802 1039 854 καὶ
1061 803 1161 873 τῆς
1188 782 1456 871 συνάξεως
1598 806 1735 880 μετά

143 873 249 928 τῶν
304 881 525 933 πιστῶν
572 884 810 956 εἴργετο.
851 891 911 944 '0
945 893 1001 946 δὲ
1050 894 1235 964 ἔλεγεν
1261 939 1276 962 ,
1319 899 1400 952 ὅτι
1447 900 1505 953 ἐν
1541 903 1736 974 ἀγνοίᾳ

145 965 368 1037 ἐποίησε
397 973 460 1024 τὸ
500 978 840 1051 παράνομον,
869 985 962 1038 καὶ
997 985 1214 1058 ἕτοιμός
1257 992 1405 1043 ἐστιν
1432 994 1731 1066 ἀποστῆναι

141 1058 233 1110 τοῦ
262 1062 472 1131 γάμου,
513 1066 671 1121 τοῦτο
699 1072 793 1124 καὶ
821 1073 920 1143 τῆς
948 1077 1206 1143 γυναικὸς
1237 1079 1594 1153 βουλομένης·
1629 1058 1732 1138 καὶ

140 1148 324 1246 ἐξῄτει
372 1155 756 1246 ἀφιστάμενος
788 1163 1062 1235 δεχθῆναι.
1098 1148 1245 1240 Πρὸς
1277 1148 1447 1226 ταῦτα
1499 1148 1590 1227 οὖν
1625 1175 1730 1246 ἔφη

140 1242 169 1292 ὁ
193 1242 463 1313 Θεόφιλος
482 1291 497 1312 ,
520 1250 595 1313 ὠς
632 1251 699 1304 ἂν
730 1254 990 1322 ἐξετάσας
1012 1260 1264 1332 εὑρήσεις
1280 1307 1293 1325 ,
1311 1265 1391 1317 ὅτι
1420 1267 1483 1319 ἐκ
1509 1242 1730 1337 compti);

138 1350 251 1400 νου,
281 1336 408 1390 ἀντὶ
435 1340 533 1393 τοῦ
570 1344 634 1396 ὲκ
670 1349 854 1418 κοινῆς
881 1350 1078 1421 βουλῆς
1102 1393 1116 1414 ,
1147 1354 1467 1423 ἀφίστανται
1495 1357 1584 1411 τοῦ
1630 1360 1726 1428 γά-

142 1439 244 1492 μου
273 1467 290 1488 ,
331 1429 432 1482 καὶ
479 1433 581 1484 οὐκ
635 1435 924 1504 ἀπατῶσι,
975 1441 1259 1496 δεκαετίαν
1311 1449 1726 1518 συνοικήσαντες

139 1515 397 1610 ἀλλήλοις
417 1565 433 1586 ,
465 1524 729 1604 δυσχερὲς
759 1529 888 1595 ἴσως
923 1532 990 1586 ἂν
1019 1535 1288 1604 λογίζοιτο
1319 1539 1500 1603 αὐτοῖς
1518 1515 1573 1610 νὴ
1607 1541 1724 1594 διά⁴

135 1606 317 1676 ζευξις
338 1653 353 1672 ,
385 1616 482 1667 καὶ
513 1619 724 1689 μήποτε
757 1622 1059 1680 ἀπατῶσιν.
1088 1626 1150 1679 Et
1184 1632 1405 1692 σκοπεῖς
1424 1670 1438 1694 ,
1479 1631 1596 1682 ἀντὶ
1627 1631 1720 1684 τοῦ

1909 701 2102 757 BALS.
2130 705 2394 763 Maximus
2427 713 2645 781 quidam
2673 756 2688 778 ,
2722 725 2781 770 nt
2837 718 3027 773 illicito
3059 726 3408 782 matrimonio

1837 794 2051 848 mulieri
2083 798 2411 866 conjunctus
2442 815 2754 874 segregatus
2788 808 2985 874 fuerat,
3029 821 3081 865 et
3112 827 3140 865 a
3171 829 3407 887 congre-

1834 885 2053 954 gatione
2079 902 2200 941 cum
2235 889 2487 948 fidelibus
2512 897 2919 965 prohibebatur.
2953 899 3003 957 Is
3035 918 3163 958 vero
3193 885 3407 963 dicebat

1835 991 1894 1030 se
1918 992 2016 1046 per
2048 979 2410 1049 ignorantiam
2441 985 2635 1042 fecisse
2661 1001 2851 1044 contra
2878 993 3046 1064 leges,
3071 1006 3125 1050 et
3152 1012 3402 1068 paratum

1832 1082 1954 1122 esse
1986 1069 2056 1124 ab
2105 1071 2210 1126 hoc
2254 1080 2603 1134 matrimonio
2635 1083 2887 1140 recedere
2915 1126 2930 1148 ,
2981 1089 3207 1145 muliere
3237 1093 3401 1146 etiam

1831 1163 2046 1220 volente
2073 1184 2087 1231 ;
2117 1175 2170 1222 et
2205 1172 2458 1238 petebat,
2486 1183 2546 1228 ut
2572 1177 2639 1228 ab
2669 1193 2731 1232 ea
2761 1179 3060 1237 abscedens
3090 1185 3403 1242 admittere-

1835 1263 1946 1309 tur.
1978 1256 2060 1311 Ad
2095 1258 2208 1315 haec
2233 1276 2361 1332 ergo
2390 1263 2522 1318 dicit
2552 1263 2906 1338 Theophilus,
2940 1275 3083 1342 quod
3121 1276 3166 1330 si
3217 1278 3397 1347 inqui-

1830 1359 1956 1401 rens
1983 1347 2255 1405 inveneris
2287 1367 2382 1408 eos
2404 1369 2467 1408 ex
2501 1371 2771 1413 consensu
2792 1402 2806 1425 ,
2839 1362 2942 1415 hoc
2974 1371 3088 1428 est,
3120 1369 3400 1423 communi

1827 1439 2092 1505 consilio,
2137 1458 2167 1496 a
2199 1446 2547 1503 matrimonio
2602 1450 2902 1516 absistere,
2956 1464 3009 1510 et
3043 1473 3150 1511 non
3189 1459 3395 1521 fallere,

1826 1545 1949 1585 cum
1981 1533 2168 1590 decem
2202 1538 2361 1594 annis
2393 1540 2556 1595 simul
2605 1544 2998 1612 cohabitarint,
3029 1547 3263 1604 difﬁcilis
3291 1552 3397 1604 for-

1826 1637 1923 1677 san
1960 1625 2026 1679 iis
2075 1627 2374 1684 existimari
2409 1641 2592 1701 posset
2638 1649 2667 1688 a
2703 1651 2762 1690 se
2810 1638 3040 1693 invicem
3072 1640 3392 1710 disjunctio,

135 1704 182 1753 εί
216 1704 427 1772 κρίνεις
474 1709 615 1777 μετά
641 1712 752 1766 τῶν
782 1717 1205 1788 κατηχουμένων
1245 1721 1443 1785 αὐτοὺς
1472 1722 1700 1776 ἵστασθαι

1820 1723 1875 1767 ct
1901 1730 1969 1770 ne
1999 1714 2209 1772 fallant.
2240 1717 2297 1774 Si
2331 1723 2662 1788 consideras,
2697 1727 2801 1782 hoc
2831 1737 2934 1792 est,
2971 1731 3016 1785 si
3053 1704 3268 1800 judicas
3297 1751 3394 1791 eos

133 1793 268 1857 τέως
289 1836 303 1854 .
345 1799 518 1867 ἤγουν
551 1803 688 1872 πρὸς
720 1805 780 1857 τὸ
807 1807 1000 1878 παρὸν,
1025 1809 1198 1873 οὕτως
1236 1812 1398 1864 αὐτὸν
1431 1813 1716 1883 οἰκονόμη·

133 1899 243 1936 σον.
291 1885 356 1938 Εἰ
387 1887 444 1940 δὲ
474 1895 645 1956 νοεῖς,
682 1896 847 1966 φησιν
870 1938 885 1962 ,
917 1899 999 1952 ὃτι
1049 1900 1192 1954 κατά
1240 1903 1454 1972 ἀπάτην
1500 1904 1715 1971 λέγουσι

133 1975 322 2039 ταῦτα,
361 1983 456 2033 καὶ
484 1983 567 2036 ὅτι
603 1985 684 2038 ἔτι
733 1988 941 2044 δέονται
983 1992 1228 2063 στύψεως
1251 2034 1267 2059 ,
1309 1995 1427 2065 ἦτοι
1451 1996 1718 2065 αὐστηρο-

134 2068 301 2139 τὲρων
353 2073 682 2145 ἐπιτιμίων,
714 2082 938 2153 ποίησον
969 2085 1105 2157 ὅπερ
1138 2086 1204 2140 ἂν
1247 2088 1276 2139 ὁ
1311 2087 1442 2152 Θεὸς
1468 2087 1713 2159 ὑποὸἀλῃ

130 2175 232 2223 σοι,
263 2162 389 2215 ἀντὶ
415 2164 512 2217 τοῦ
544 2168 786 2242 ἐνηχήσῃ
813 2173 890 2244 τῷ
921 2175 1164 2248 λογισμῷ
1199 2194 1294 2230 σου
1320 2219 1334 2243 ,
1366 2179 1502 2250 ὅπερ
1531 2182 1558 2233 ὁ
1584 2179 1715 2244 Θεὸς

128 2252 422 2326 ὲνθυμήσει
451 2274 532 2322 σε,
559 2263 837 2334 πανταχοῦ
866 2265 1002 2336 πρὸς
1019 2266 1078 2320 τὸ
1107 2269 1302 2337 ἐπέχον
1329 2268 1712 2339 ὁδηγούμενος,

128 2343 242 2411 ἦτοι
273 2347 414 2416 πρὸς
438 2348 500 2403 τὸ
525 2353 862 2424 ἐπικρατοῦν
891 2358 923 2427 ἢ
959 2359 1019 2411 τὸ
1048 2362 1392 2428 κατεπεῖγον.

1825 1813 1972 1860 stare
2005 1807 2203 1865 debere
2235 1826 2359 1868 cum
2393 1816 2798 1874 catechumenis
2819 1860 2834 1882 ,
2869 1838 3015 1877 nunc
3037 1865 3051 1887 ,
3104 1825 3155 1878 id
3208 1833 3291 1880 est
3335 1827 3391 1881 in

1822 1902 2146 1967 praesentia,
2179 1905 2260 1960 sic
2294 1921 2388 1961 eos
2437 1907 2713 1980 dispensa.
2745 1911 2899 1979 Quod
2934 1916 2979 1970 si
3037 1917 3390 1985 intellexeris,
3424 1943 3433 1949 υ

1826 1990 2022 2080 inquit,
2050 1994 2195 2062 quod
2223 2012 2318 2066 per
2344 2000 2588 2056 fraudem
2624 2004 2736 2059 haec
2761 2005 2951 2061 dicunt
2979 2049 2993 2071 ,
3022 2021 3074 2064 et
3107 2011 3254 2080 quod
3296 2013 3392 2068 ad-

1821 2076 1928 2133 huc
1956 2083 2252 2140 acerbitate
2271 2088 2537 2160 indigent,
2562 2108 2658 2148 seu
2676 2097 3053 2155 acerbioribus
3077 2076 3272 2172 pinnis,
3304 2103 3389 2158 fac

1815 2171 1961 2239 quod
1995 2172 2134 2230 Deus
2165 2178 2263 2232 tibi
2296 2186 2630 2254 suggesserit
2650 2229 2664 2253 ,
2695 2187 2800 2243 boc
2823 2201 2937 2255 est,
2967 2171 3268 2249 tutementi
3301 2197 3389 2251 in-

1814 2263 2104 2332 Spiraverit
2125 2308 2140 2330 ,
2177 2272 2323 2338 quod
2354 2273 2407 2327 in
2437 2277 2676 2333 animum
2710 2281 2997 2338 immiserit
3035 2284 3174 2342 Deus
3195 2328 3209 2350 ,
3245 2305 3388 2343 sem.

1813 2369 1910 2422 per
1940 2357 1992 2411 id
2017 2361 2162 2429 quod
2181 2372 2266 2418 est
2294 2365 2348 2419 in
2374 2383 2475 2422 usu
2493 2377 2546 2423 et
2566 2371 2708 2440 quod
2731 2374 2876 2430 vires
2896 2376 3105 2433 obtinet
3126 2395 3380 2450 sequens.

1813 2445 1866 2501 id
1897 2457 2005 2515 est,
2039 2454 2184 2523 quod
2224 2459 2397 2529 magis
2426 2469 2510 2516 est
2539 2471 2712 2518 ratum
2743 2480 2806 2521 ac
2837 2469 3098 2524 validum.

911 2633 1137 2718 ΤΟΥ
1201 2595 1570 2721 ΑΥΤΟΥ
1631 2566 1953 2758 Mli-{NA
2006 2636 2618 2763 ΕΠΙΣΚΟΠῼ.

1597 2841 1666 2896 EJ
1675 2841 1906 2899 USDEM

1228 2969 1594 3058 MEN/E
1668 2971 2290 3067 EPISCOPO.

187 3188 454 3256 Νόμιμον
493 3185 738 3258 πρᾶγμα
781 3189 1184 3256 πεποιήκασιν
1215 3196 1268 3247 οι
1309 3198 1701 3267 πρεσϐύτεροι

1877 3197 2001 3252 'Rem
2036 3199 2236 3264 iustam
2280 3199 2510 3267 fecerant
2554 3201 2840 3272 presbyteri
2875 3205 2929 3257 in
2964 3204 3178 3260 Gemino
3214 3223 3372 3277 pago,

119 3278 185 3331 ἐν
207 3280 443 3348 Γεμίνῳ
468 3279 545 3349 τῇ
577 3280 772 3351 κώμῃ,
806 3285 859 3336 εὶ
884 3284 1165 3352 ἀληθεύει
1193 3286 1232 3353 ἡ
1272 3288 1601 3355 κομίζουσα
1632 3290 1697 3344 τὸ

121 3368 348 3438 γράμμα
398 3371 773 3438 Βὺσταθοῦς.
810 3373 1033 3428 Φάσκει
1084 3376 1227 3445 τὰρ,
1278 3376 1368 3431 ὅτι
1405 3379 1701 3447 Κυρὰδιον

119 3457 452 3515 ἀδικοῦσαν
481 3461 582 3514 καὶ
626 3461 713 3530 μὴ
758 3463 1148 3533 ,βουλομένην
1191 3466 1542 3522 ἀναστεῖλαι
1584 3470 1700 3539 τὴν

114 3551 373 3619 ἀδικίαν,
402 3555 708 3622 ἐχώρισαν
737 3554 846 3625 τῆς
866 3557 1196 3625 συνάξεως.
1229 3561 1461 3630 Ἐπειδὴ
1490 3564 1697 3617 τοίνυν

115 3637 292 3710 εὖρον
310 3684 326 3705 ,
368 3645 452 3710 ὠς
481 3644 548 3698 τὸ
578 3644 800 3715 ἑαυτῆς
821 3648 1012 3703 κακὸν
1041 3653 1456 3721 θεραπεύουσα
1470 3656 1690 3720 ,ϐούλε-

117 3749 206 3788 ται
245 3737 667 3807 συναχθῆναι,
695 3741 959 3808 θέλησον
1003 3747 1459 3813 παρασκευάσαι
1501 3749 1696 3818 αὐτὴν

113 3827 446 3883 ἀποθέσθαι
504 3829 744 3897 πρῶτον
770 3831 884 3900 τὴν
916 3834 1173 3903 ἀδικίαν,
1213 3839 1311 3893 καὶ
1344 3839 1550 3894 πεῖσαι
1589 3859 1695 3910 με-

113 3920 408 3989 τανοῆσαι
435 3961 451 3983 ,
479 3923 560 3976 ἶν’
586 3924 774 3990 οὕτως
792 3965 807 3988 ,
837 3929 891 3978 εὶ
917 3928 1176 3996 συνίδῃς
1223 3929 1310 3984 ὅτι
1358 3933 1519 4001 νόμῳ
1545 3934 1692 3988 Θεοῦ

113 4013 509 4083 προσέρχεται
537 4015 649 4083 τῆς
668 4017 980 4084 συνάξεως
1006 4021 1347 4090 ὀρεγομένη.
1366 4023 1692 4095 ἐπιτρέψῃ(-

113 4107 304 4173 autin
323 4107 479 4175 μετὰ
502 4106 622 4161 τῶν
649 4108 817 4162 λαῶν
839 4110 1228 4178 συνάγεσθαι.

181 4196 378 4253 ΒΑΔΣ.
403 4199 649 4254 Γυναίκά
673 4218 796 4255 τινα
819 4202 1090 4272 Κυράδιον
1118 4203 1414 4276 λεγομένην
1447 4208 1541 4260 καὶ
1573 4207 1690 4260 ἀδι-

114 4288 315 4342 κοῦσαν
343 4294 391 4344 οἱ
423 4294 482 4344 ὲν
502 4293 717 4364 Γεμίνῳ
748 4295 1105 4366 πρεσϐύτεροι
1130 4296 1412 4370 ἀφώρισαν
1440 4301 1540 4372 τῆς
1563 4301 1690 4354 Ἐκ-

112 4380 369 4450 κλησίας,
410 4384 484 4455 μὴ
515 4385 862 4456 ἀπεχομένην
894 4387 992 4457 τῆς
1016 4388 1246 4451 ἀδικίας.
1279 4390 1343 4442 Ἠ
1381 4391 1458 4454 δὲ,
1486 4391 1572 4444 διὰ
1597 4393 1688 4446 τὸν

112 4473 432 4544 ἁφορισμὸν,
468 4476 781 4546 ὑπισχνεῖτο
810 4477 1145 4548 θεραπεῦσαι
1171 4480 1268 4551 τὴν
1304 4483 1517 4536 ἀδικίαν
1544 4526 1559 4550 ,
1594 4485 1688 4538 καὶ

112 4563 265 4632 ἤθελε
299 4566 578 4638 δεχθῆναι.
603 4569 806 4642 Γράφει
827 4567 920 4625 οὖν
956 4573 984 4624 ὁ
1016 4571 1272 4640 Θεόφιλος
1293 4575 1429 4646 πρὸς
1456 4576 1544 4630 τὸν
1582 4576 1685 4646 τῆς
1716 4557 1758 4611 D

111 4656 288 4727 χώρας
323 4661 622 4713 ἐπίσκοπον
647 4700 661 4725 ,
692 4663 775 4714 ὅτι
807 4664 1235 4732 Παρασκεύασον
1287 4667 1454 4739 αὐτὴν
1489 4669 1686 4722 ἀποθέ-

111 4747 230 4799 σθαι
260 4749 478 4819 πρῶτον
507 4750 607 4819 τὴν
639 4749 871 4816 ἀδικίαν,
901 4753 1067 4824 ἤγουν
1095 4754 1385 4810 ἀποδοῦναι
1421 4756 1457 4810 ἃ
1486 4757 1684 4824 ἀδίκως

109 4840 391 4911 ἐκτήσατο,
415 4842 509 4894 καὶ
541 4846 902 4912 μετανοῆσαι,
935 4847 1057 4899 ἀντὶ
1087 4848 1182 4902 τοῦ
1225 4850 1318 4902 ἐπὶ
1343 4852 1408 4921 τῇ
1438 4851 1683 4922 ἁμαρτίᾳ

105 4933 201 5001 τῆς
243 4933 461 4996 ἀδικίας
497 4936 968 5007 μεταμεληθῆναι,
994 4939 1089 4992 καλ⁵
1120 4939 1376 5011 δεηθῆναι
1423 4942 1516 4995 τοῦ
1547 4941 1679 4996 Θεοῦ

104 5023 364 5092 ἀφεθῆναι
395 5025 534 5096 αὐτῇ
565 5026 627 5078 τὸ
661 5027 985 5099 ἁμάρτημα.
1018 5030 1126 5083 Καὶ
1168 5030 1339 5084 ταῦτα
1377 5033 1680 5105 ποιησάσης

106 5112 308 5181 αὐτῆς,
338 5116 387 5166 εί
429 5115 683 5187 συνίδῃς,
731 5118 1010 5180 τουτέστι,
1056 5119 1199 5191 γνῷς
1235 5121 1316 5175 ὅτι
1357 5123 1508 5194 νόμῳ
1547 5123 1682 5177 Θεοῦ

105 5204 490 5275 προσέρχεται,
535 5207 705 5278 ἤγουν
738 5209 1044 5280 συνειδήσει
1068 5211 1244 5284 ἀγαθῇ
1276 5214 1351 5284 μὴ
1381 5214 1680 5287 ἀνεχομένη

104 5295 431 5366 κεχωρίσθαι
461 5297 562 5368 τῆς
589 5297 702 5351 τῶν
747 5299 956 5353 πιστῶν
989 5300 1292 5368 συνάξεως,
1317 5292 1404 5357 διά
1432 5304 1522 5357 τὸν
1547 5305 1680 5359 Θεὸν

105 5385 192 5437 καὶ
221 5387 297 5457 μὴ
327 5387 393 5440 δι’
429 5389 698 5460 αἰσχύνην
721 5388 1048 5461 ἀνθρώπων,
1081 5394 1203 5447 τότε
1223 5394 1514 5466 ἐπίτρεψον
1540 5397 1678 5469 αὐτῇ

104 5474 194 5546 τὴν
221 5477 360 5547 μετά
387 5478 498 5534 τῶν
527 5479 742 5535 πιστῶν
767 5478 912 5535 λαῶν
945 5481 1162 5549 σύναξιν
1202 5484 1298 5538 καὶ
1333 5484 1590 5540 σύστασιν
1621 5487 1678 5540 ὲν

105 5569 207 5629 sui;
247 5567 453 5638 ὕμνοις.

1801 3293 1848 3344 si
1879 3307 2051 3344 verum
2101 3290 2269 3355 dicit,
2300 3307 2416 3359 qua:
2465 3291 2631 3362 defert
2667 3295 2869 3349 litteras
2909 3295 3199 3351 Eustathii.
3232 3298 3374 3352 Dicit

1797 3382 1960 3442 enim,
2001 3381 2139 3450 quod
2169 3379 2458 3450 Cyradium
2483 3383 2761 3452 facientem
2793 3386 3070 3457 injuriam,
3095 3405 3185 3442 nec
3217 3389 3282 3442 ab
3313 3407 3373 3443 ea

1798 3473 2047 3527 desistere
2075 3474 2348 3536 volentem.
2375 3493 2407 3529 a
2433 3478 2794 3532 communione
2816 3490 3208 3545 separaverunt.
3232 3481 3372 3547 Quia

1797 3581 1919 3634 ergo
1953 3566 2125 3619 inveni
2149 3605 2164 3628 ,
2207 3566 2345 3636 quod
2391 3583 2487 3620 suo
2523 3567 2665 3621 malo
2713 3586 2896 3623 curam
2953 3571 3205 3626 adhibens
3261 3575 3370 3626 vult

1796 3658 2183 3712 communicare
2208 3699 2223 3722 ,
2253 3659 2339 3728 fac
2369 3675 2432 3713 ea
2478 3661 2558 3714 ita
2581 3677 2637 3715 se
2681 3673 2945 3730 comparet
2969 3705 2982 3726 ,
3021 3672 3079 3717 ut
3113 3666 3370 3734 injuriam

1792 3752 2020 3819 primunt
2051 3750 2311 3820 deponat.
2356 3761 2405 3805 et
2449 3753 2805 3822 paenitentiam
2835 3772 2987 3825 agere
3032 3758 3084 3810 in
3132 3759 3369 3814 animum

1793 3841 2036 3908 inducat,
2064 3854 2121 3894 ut
2151 3845 2199 3898 si
2226 3843 2305 3897 sic
2331 3843 2671 3908 intellexeris,
2705 3845 2844 3914 quod
2874 3847 3092 3911 accedit,
3129 3866 3364 3904 commu-

1794 3934 1999 3987 nionem
2025 3933 2354 4000 desiderans,
2377 3937 2651 4005 permittas
2681 3938 2728 3990 ei
2757 3947 2814 3991 ut
2839 3955 2954 3992 cum
2979 3943 3181 4005 populis
3212 3958 3358 3997 com-

1792 4026 2036 4079 municet.

1862 4199 2060 4256 BALS.
2097 4201 2373 4257 Mulierem
2404 4203 2694 4273 quamdam
2721 4245 2736 4268 ,
2780 4221 2900 4276 quae
2928 4205 3219 4274 Cyradium
3266 4225 3362 4279 ap-

1790 4293 2094 4362 pellabatur
2113 4333 2128 4358 ,
2157 4303 2211 4348 et
2239 4293 2496 4363 injuriam
2531 4305 2657 4351 ante
2688 4296 2918 4352 faciebat
2946 4339 2961 4360 ,
2991 4300 3084 4368 qui
3116 4309 3273 4354 erant
3306 4304 3362 4355 in

1790 4384 2019 4441 Gemino
2048 4386 2346 4458 presbyteri
2396 4389 2466 4442 ab
2497 4388 2738 4444 Ecclesia
2779 4400 3193 4461 separaverant,
3234 4409 3358 4447 cum

1790 4477 1860 4532 ab
1899 4477 2096 4547 injuria
2123 4494 2232 4532 non
2261 4480 2581 4536 abstineret.
2613 4479 2706 4535 Illa
2732 4497 2861 4537 vero
2916 4491 3136 4553 propter
3173 4499 3355 4554 segre-

1789 4569 2062 4638 gationem
2099 4571 2456 4638 pollicebatur
2493 4588 2552 4627 se
2581 4573 2796 4642 injuria:
2824 4573 3121 4629 remedium
3159 4574 3354 4628 allatu-

1789 4674 1904 4714 ram
1937 4699 1952 4724 ,
1982 4669 2051 4714 et.
2068 4660 2134 4714 ad
2165 4664 2603 4718 communionem
2646 4663 2858 4718 admitti
2889 4665 3118 4719 volebat.
3155 4665 3358 4719 Scribit

1789 4767 1920 4823 ergo
1960 4751 2299 4823 TheOphilus
2324 4756 2390 4810 ad
2419 4758 2734 4827 episcopum
2765 4758 3034 4826 regionis:
3064 4755 3172 4813 Fac
3210 4767 3269 4812 ut
3293 4773 3360 4812 ea

1788 4844 2024 4912 primum
2053 4847 2288 4917 deponat
2320 4848 2573 4918 injuriam
2595 4888 2610 4910 ,
2643 4848 2743 4902 hoc
2767 4855 2848 4902 est
2868 4889 2882 4912 ,
2913 4847 3101 4903 reddat
3148 4864 3211 4904 ea
3238 4865 3360 4920 quae

1785 4934 1990 5005 injuste
2023 4937 2343 5007 acquisivit,
2373 4948 2426 4994 et
2455 4939 2827 5008 penitentiam
2881 4947 3037 5008 agat,
3071 4939 3121 4994 id
3147 4949 3268 5006 est,
3298 4957 3360 4996 se

1787 5027 2044 5094 injuriam
2075 5027 2274 5084 fecisse
2313 5045 2453 5099 tegre
2505 5029 2673 5092 ferat,
2705 5036 2760 5082 et
2791 5027 2957 5084 Deum
2991 5037 3109 5084 oret
3141 5039 3202 5083 ut
3252 5032 3356 5086 sibi

1785 5124 2008 5186 peccata
2039 5119 2439 5175 condonentur.
2467 5118 2532 5171 Et
2565 5134 2688 5173 cum
2720 5119 2836 5174 lucc
2869 5120 3078 5184 fecerit,
3109 5123 3152 5175 si
3190 5122 3354 5176 intel-

1787 5206 2006 5272 lexeris,
2036 5208 2139 5264 hoc
2171 5219 2254 5264 est
2278 5252 2293 5275 ,
2335 5211 2380 5264 si
2403 5211 2762 5279 cognoveris,
2797 5211 2942 5280 quod
2974 5211 3089 5282 lege
3134 5209 3225 5266 Dei
3263 5226 3354 5264 ac-

1785 5297 1961 5365 cedit,
2021 5315 2113 5354 seu
2161 5299 2302 5354 bona
2331 5301 2706 5367 conscientia,
2763 5317 2882 5371 qua:
2935 5317 3044 5355 non
3079 5300 3183 5356 fert
3216 5315 3276 5356 se
3321 5315 3353 5354 a

1783 5387 2024 5442 fidelium
2045 5392 2428 5446 communione
2442 5408 2565 5448 esse
2581 5399 2908 5462 separatam,
2923 5402 3145 5462 propter
3157 5390 3352 5456 Deum,

1783 5486 1838 5533 et
1869 5495 1979 5534 non
2006 5492 2225 5551 prapter
2251 5483 2531 5539 hominum
2559 5484 2818 5555 pudorem
2844 5524 2859 5548 ,
2883 5491 3015 5538 tunc
3042 5483 3092 5538 ei
3124 5483 3350 5552 permit-

1785 5581 1867 5626 tes
1889 5586 2015 5626 cum
2054 5572 2305 5632 fidelibus
2329 5577 2543 5648 populis
2576 5577 2983 5634 communicare
3019 5586 3073 5631 et
3103 5575 3158 5630 in
3192 5575 3351 5648 bym-

1784 5663 1870 5718 nis
1891 5664 2210 5722 consistere.
