3878 6332
101 417 154 473 49

1009 413 1380 474 PROLOGUS
1421 420 1510 474 AD
1548 414 1934 476 EPISTOLAS
1969 413 2394 470 PASCHALES.

3245 413 3316 472 50

102 503 254 570 λσεαι
301 519 412 558 τον
435 501 610 574 μῆνα
637 501 755 558 τῶν
784 503 958 568 νέων,
1000 505 1101 560 καὶ
1128 508 1404 573 ποιήσεις
1435 511 1502 560 τὸ
1539 507 1650 560 Πά-

1760 517 1910 567 rum;
1929 511 1977 556 et
1997 503 2158 571 facies
2181 502 2393 557 Pascha
2421 503 2642 558 Domino
2661 502 2768 557 Deo
2794 513 2883 557 tuo
2905 502 3106 557 decima
3127 515 3320 573 quarta

107 615 208 668 σχα
247 597 451 666 Κυρίῳ
491 595 570 662 τῷ
605 596 726 662 Θεῷ
753 609 869 651 σου
917 595 992 665 τῇ
1032 597 1656 668 τεσσαρεσκαιδεκάτῃ

102 687 260 758 έμὲρᾳ
291 687 401 741 τοῦ
429 685 669 754 πρώτου
695 687 910 755 μηνός.
957 687 1117 756 Μῆνα
1164 687 1220 738 δὲ
1253 687 1372 740 νέον
1401 689 1571 757 λέγει,
1599 689 1657 743 δν

103 779 178 832 καὶ
205 776 427 846 πρῶτον
461 775 640 840 καλεῖ,
677 776 735 828 ὲν
758 769 802 842 ᾧ
823 775 1110 846 τεθηλότες
1143 778 1192 829 οἱ
1217 782 1419 850 καρποὶ
1448 780 1545 850 τὴν
1566 797 1658 849 γε-

103 868 308 938 νομένην
371 867 486 920 τῶν
529 865 778 920 παλαιῶν
824 867 1258 938 προσημαίνουσι
1294 869 1654 922 κατάπαυσιν.

110 960 182 1010 Ἐν
206 959 262 1010 δὲ
287 960 358 1028 τῇ
407 956 983 1030 τεσσαρεσκαιδεκάτῃ
1018 957 1200 1028 ἡμέρᾳ
1239 957 1334 1010 τοῦ
1372 960 1538 1028 μηνὸς
1564 959 1656 1012 τοῦ

101 1049 291 1120 πρώτου
321 1048 710 1118 ὲπιτηρεῖσθαι
739 1047 798 1100 τὸ
825 1049 1015 1118 Πάσχα
1043 1048 1346 1114 συνέταξεν,
1371 1051 1470 1103 οὐκ
1498 1051 1656 1105 ἄλλου

95 1141 232 1192 τοῦτο
285 1137 480 1209 χάριν,
514 1141 550 1212 ἦ
595 1141 682 1193 ἵνα
713 1140 855 1192 κατὰ
889 1141 1120 1210 μίμησιν
1165 1141 1260 1194 τοῦ
1297 1142 1396 1210 τῆς
1429 1143 1657 1214 σελήνης

99 1233 256 1300 φωτὸς
287 1233 478 1302 πλήρη
513 1231 604 1284 τὸν
637 1232 765 1283 ἴδιον
791 1229 988 1283 κύκλον
1019 1230 1270 1302 ἐχούσης,
1305 1231 1396 1284 τὸν
1431 1231 1530 1302 μὲν
1558 1233 1657 1304 τῆς

97 1323 312 1385 διανοίας
373 1323 640 1394 φωστῆρα
673 1325 834 1392 ἡμεῖς
861 1322 1066 1376 τέλειον
1108 1324 1341 1394 ἔχοντες,
1391 1327 1448 1377 ὲν
1483 1325 1656 1394 σκότῳ

99 1415 356 1486 ἁμαρτίας
393 1415 472 1484 μὴ
503 1413 893 1484 διατρίϐωμεν,
931 1415 1217 1478 θάλλοντες
1241 1415 1298 1468 δέ
1326 1433 1428 1468 που
1459 1433 1653 1469 παντο-

97 1509 304 1562 δαπέσιν
333 1510 585 1578 ἀρεταῖς,
611 1508 706 1559 καὶ
739 1511 852 1570 τοῖς
893 1510 1097 1560 τούτων
1133 1507 1382 1570 πετάλοις
1412 1501 1498 1560 οἷα
1533 1525 1657 1578 τερ-

98 1601 186 1654 πνὰ
214 1600 362 1670 causa.
387 1599 742 1669 σκεπόμενοι,
759 1598 927 1670 ληῖων
955 1601 1113 1671 δίκην
1137 1600 1353 1671 φαιδροὶ
1371 1599 1656 1668 διαμείνω-

99 1708 200 1760 μεν.
243 1690 866 1760 Τεσσαρεσκαιδεκάτην
911 1689 968 1741 δὲ
1017 1689 1111 1742 τοῦ
1164 1689 1332 1760 μηνὸς
1365 1689 1542 1758 λέγει,
1592 1689 1652 1741 ού

97 1781 218 1834 κατὰ
251 1781 346 1834 τὸν
383 1781 609 1850 ἡλιακὸν
659 1779 878 1843 κύκλον,
917 1779 1052 1833 ἀλλὰ
1096 1780 1236 1833 κατὰ
1273 1781 1372 1852 τὴν
1403 1781 1648 1850 σελήνην.

105 1871 364 1940 Ἐϐραίων
391 1847 506 1946 γάρ
549 1871 758 1934 παῖδες,
789 1872 890 1924 οὐκ
921 1873 985 1924 ὲκ
1027 1871 1122 1925 τοῦ
1158 1847 1384 1942 ἡλιακοῦ
1428 1847 1648 1944 δρόμου,
1681 1847 1726 1902 Β

93 1961 193 2015 ἀλλ’
239 1963 304 2014 ὲκ
337 1961 434 2016 τοῦ
487 1963 585 2032 τῆς
629 1961 860 2034 σελήνης
907 1961 1109 2016 κύκλου
1144 1964 1234 2016 τὸν
1284 1964 1427 2034 μῆνα
1479 1967 1650 2017 ποιεῖν

97 2054 488 2124 ὲπαιδεύθησαν
511 2072 523 2083 ’
565 2053 752 2125 ἐπειδὴ
779 2055 874 2107 καὶ
901 2055 929 2107 ὁ
963 2057 1068 2125 μὴν
1097 2055 1236 2109 κατὰ
1265 2056 1324 2109 τὸ
1355 2055 1524 2126 ὖνομα
1550 2057 1651 2126 τῆς

95 2145 310 2214 σελήνης
339 2144 582 2209 λέγεται.
615 2144 774 2214 Μήνη
807 2143 916 2215 γάρ
937 2144 1074 2216 αὕτη
1093 2144 1414 2216 ὀνομάζεται
1445 2145 1648 2199 Ἐλλάδι

95 2239 150 2304 τῇ
179 2238 350 2304 φωνῇ,
379 2236 670 2304 Αἰγύπτιοι
701 2235 832 2304 γοῦν
871 2235 1084 2308 πρῶτον
1114 2235 1202 2288 διὰ
1225 2236 1286 2289 τὸ
1311 2235 1400 2288 τὸν
1430 2235 1530 2305 τῆς
1559 2253 1650 2288 σε-

93 2325 248 2396 λήνης
279 2327 481 2398 δρόμον
521 2329 782 2392 ὀξύτατον
805 2324 963 2390 εἶναι,
996 2329 1092 2381 καὶ
1121 2331 1185 2382 ὲκ
1203 2327 1392 2382 τούτου
1419 2327 1647 2398 συμϐαί-

93 2433 188 2470 νειν
239 2419 450 2489 πλάνην
486 2420 598 2472 τῶν
643 2421 864 2492 ἡμερῶν
915 2421 1064 2492 παρά
1102 2414 1233 2472 τισι
1260 2419 1532 2488 γενέσθαι,
1591 2417 1650 2484 ἐξ

92 2507 236 2577 ἡλίου
269 2510 368 2572 τὰς
389 2510 482 2562 τοῦ
519 2511 690 2581 μηνὸς
724 2511 937 2581 ἡμέρας
965 2512 1264 2583 ἐπενόησαν
1295 2511 1646 2582 ψηφίζεσθαι,

97 2597 410 2671 βραδύτερον
441 2601 534 2654 τοῦ
567 2603 670 2670 τῆς
699 2601 928 2674 σελήνης
956 2602 1094 2656 κατὰ
1120 2603 1210 2656 τὸν
1231 2603 1423 2656 ἑαυτοῦ
1450 2603 1649 2676 δρόμον

95 2692 420 2762 κινουμένου,
455 2692 532 2756 ὡς
546 2693 642 2746 καὶ
671 2692 972 2764 δυναμένου
1005 2693 1194 2747 τοῦτον
1223 2695 1301 2764 (5)
1329 2697 1456 2766 ῥᾷον
1485 2712 1650 2751 κατα·

95 2779 472 2850 λαμϐάνεσθαι.

153 2872 224 2925 B'.
263 2873 486 2928 Τούτων
529 2875 708 2928 τοίνυν
747 2875 920 2942 οὕτως
963 2875 1158 2939 ὄντων,
1199 2875 1382 2930 πολλοὶ
1423 2879 1516 2930 καὶ
1559 2875 1650 2932 τὸν

91 2965 296 3036 πρῶτον
333 2967 481 3036 μῆνα
511 2965 606 3019 τοῦ
645 2965 888 3019 ἐνιαυτοῦ
919 2967 1229 3020 συντέλειαν
1257 2966 1387 3020 ὄντα
1414 2968 1513 3038 τῆς
1536 2985 1648 3038 χει-

93 3057 304 3127 μερινῆς
327 3059 558 3127 τροπῆς,
581 3057 654 3120 ὠς
681 3058 897 3128 πρῶτον
915 3057 984 3111 δι’
1011 3057 1133 3111 ὅλου
1155 3058 1456 3112 τάττουσιν.
1483 3060 1525 3111 Τ
1527 3059 1650 3114 οὗτο

89 3143 144 3198 δὲ
181 3147 427 3200 ποιοῦσιν
477 3146 798 3215 ἀγνοοῦντες
832 3148 908 3218 (4)
951 3149 980 3200 ὁ
1021 3147 1122 3218 τῆς
1175 3149 1396 3220 ἐαρινῆς
1441 3150 1651 3221 τροπῆς

89 3237 414 3308 ἀρχομένης,
441 3241 566 3310 ἥτις
605 3239 714 3292 ἀπὸ
741 3240 842 3309 τῆς
871 3241 977 3311 πρὸ
1019 3240 1083 3310 ιβ’
1119 3241 1397 3295 καλανδῶν
1443 3242 1650 3316 ’Δπριλ-

1675 3215 1715 3273 C

88 3328 190 3382 λίου
235 3332 532 3402 τυγχάνει·
563 3333 592 3386 ὃ
632 3333 782 3386 ἐστιν
819 3333 895 3404 (5)
946 3333 1204 3404 Φαμενὼθ
1266 3342 1361 3398 κε’,
1405 3327 1696 3407 Μαρτίου·-

91 3427 164 3471 κα¹
214 3423 382 3490 (κατά
425 3422 481 3474 δὲ
529 3422 755 3494 Σύρους,
821 3423 1146 3492 Ἀντιοχέας,
1189 3425 1284 3476 καὶ
1333 3425 1650 3491 Μακεδόνας

89 3513 328 3583 Μαρτίου
355 3521 464 3578 καν,
486 3514 730 3586 Δύστρου
763 3517 860 3586 μιᾷ
885 3517 978 3570 καὶ
999 3516 1194 3587 εἰκάδι)
1223 3517 1366 3571 κατὰ
1383 3518 1475 3571 τὸν
1501 3519 1650 3589 ήλια-

87 3605 172 3654 κδν
197 3605 434 3676 δρόμον·
471 3607 540 3677 ἢν
575 3608 856 3678 ἐπιτηρεῖν
890 3613 1154 3681 προσήκει
1196 3609 1448 3680 μάλιστα,
1486 3615 1648 3682 μήπω

85 3696 276 3768 ταύτης
297 3699 596 3772 κατωτέρω
626 3700 1056 3772 πεπλανημένως
1082 3719 1188 3765 τις,
1216 3702 1313 3772 τὴν
1347 3720 1646 3775 τεσσαρεσ-

87 3787 468 3842 καιδεκαταίαν
543 3790 690 3844 κατὰ
741 3791 968 3862 σελήνην
1020 3791 1187 3857 τάξας
1237 3792 1512 3867 διαμάρτῃ
1554 3794 1646 3850 τοῦ

85 3875 291 3948 Πάσχα,
327 3879 402 3942 ὡς
433 3880 528 3932 τοῦ
555 3879 770 3952 πρώτου
801 3881 967 3954 μηνὸς
997 3882 1231 3954 νομίζων
1252 3881 1388 3937 εἶναι
1423 3884 1644 3956 ταύτην.

85 3967 152 4018 οο
185 3971 294 4042 γάρ
343 3973 400 4024 ὲν
435 3971 514 4042 τῷ
548 3972 838 4044 δωδεκάτῳ
885 3975 1015 4046 μηνὶ
1061 3977 1378 4048 χειμερινῆς
1417 3979 1644 4050 τροπῆς,

83 4055 152 4122 ὡς
179 4065 464 4131 προεῖπον,
500 4062 668 4133 οὓσης
698 4067 726 4118 ό
751 4064 858 4118 τῶν
897 4067 1030 4118 νέων
1059 4070 1308 4120 τάττεται
1339 4069 1468 4140 μὴν,
1498 4069 1648 4124 οὔπω

85 4148 180 4200 τῶν
208 4153 445 4224 καρπῶν
471 4155 579 4208 τῶν
607 4155 742 4208 νέων
771 4157 1180 4228 πεπονημένων,
1212 4159 1332 4212 οὐδὲ
1354 4159 1648 4231 δυναμένου

85 4241 344 4312 εβπάνου
383 4247 440 4298 ὲν
471 4247 670 4318 ἀμητῷ
699 4247 1045 4318 πέμπεσθαι·
1081 4250 1235 4304 τοῦτο
1271 4252 1380 4323 γὰρ
1417 4253 1648 4324 μάλιστα

87 4339 300 4404 σημεῖον
333 4337 428 4390 τοῦ
461 4337 678 4409 πρώτου
713 4339 876 4409 μηνὸς
909 4343 936 4393 ὁ
969 4341 1108 4405 θεῖος
1137 4341 1291 4410 ἔταξε
1325 4345 1504 4416 νόμος.

143 4591 214 4646 Ρ.
251 4595 408 4647 Ἀλλ’
443 4597 570 4649 ἐπεὶ
603 4599 888 4668 συμϐαίνει
917 4600 1187 4669 προφάσει
1223 4601 1321 4671 τῆς
1352 4617 1647 4673 τεσσαρεσ-

83 4685 468 4750 καιδεκαταίας
507 4689 650 4741 κατὰ
681 4690 911 4761 σελήνην
937 4691 1030 4744 τοῦ
1055 4692 1216 4746 αὑτοῦ
1235 4690 1452 4763 πρώτου
1481 4693 1648 4765 μηνὸς

83 4773 154 4834 τίς
181 4775 396 4845 πλάνην
439 4775 818 4845 ἐμπίπτοντάς
845 4795 999 4841 τινας
1026 4779 1354 4851 ἀπαντώσης
1387 4781 1557 4850 αὐτῆς
1589 4782 1646 4834 ὲν

81 4861 363 4933 κυριακῇ,
393 4864 428 4934 ἢ
469 4866 526 4918 ἐν
575 4865 865 4936 Σαϐϐάτῳ,
901 4866 1179 4939 περιλύειν
1224 4868 1323 4931 τὰς
1361 4871 1643 4941 νηστείας,

77 4956 534 5024 τρισκαιδεκάτης
562 4957 957 5033 εὐρισκομένης
977 4960 1098 5014 τότε
1126 4961 1268 5014 κατά
1297 4961 1543 5033 σελήνην,
1571 4962 1646 5028 ὡς

77 5037 194 5102 ξένα
235 5042 336 5094 τοῦ
377 5041 550 5112 νόμου
583 5045 847 5114 πράττειν
870 5062 883 5075 ·
919 5047 1080 5100 τοῦτο
1107 5052 1327 5102 σκοπεῖν
1355 5051 1646 5120 προσήκει,

75 5132 147 5182 ὁτι
181 5151 292 5204 περ
339 5137 387 5187 εί
430 5135 614 5206 συμϐῇ
651 5140 750 5207 τὴν
779 5138 947 5210 αὐτὴν
997 5143 1646 5214 τεσσαρεσκαιδεκαταίαν

75 5223 164 5292 τῆς
199 5226 440 5296 σελήνης
489 5229 547 5280 ὲν
581 5229 836 5300 Κυριακῇ
877 5231 1242 5302 εὑρίσκεσθαι,
1284 5236 1363 5297 είς
1393 5235 1490 5306 τὴν
1520 5237 1648 5307 ὲξῆς

75 5315 346 5386 ἑϐδομάδα
373 5318 598 5388 ἄμεινον
643 5321 1050 5391 ὑπερτίθεσθαι,
1088 5323 1181 5378 δύο
1213 5326 1416 5380 τούτων
1454 5327 1644 5382 ἕνεκα·

75 5407 284 5476 πρώτον
325 5411 424 5480 μὲν
460 5411 547 5464 ἴνα
583 5411 659 5482 μὴ
698 5415 1208 5484 τρισκαιδεκαταίας
1235 5419 1376 5472 κατὰ
1397 5421 1644 5493 σελήνην,

73 5498 354 5554 Σεϐϐάτου
397 5503 524 5556 τότε
559 5505 975 5576 εὑρισκομένου,
1011 5509 1388 5582 περιλύσωμεν
1421 5513 1521 5577 τὰς
1549 5533 1646 5586 νη-

73 5592 278 5658 στείας·
330 5597 468 5668 ὅπερ
501 5597 604 5650 οὐκ
649 5597 962 5664 ἀκόλουθον,
1015 5601 1110 5655 τοῦ
1149 5603 1310 5676 νόμου
1366 5607 1523 5661 τοῦτο
1571 5609 1646 5681 μὴ

137 5727 212 5804 (ἓ)
257 5727 604 5804 Yet-tendum
633 5739 756 5804 erat
787 5734 1008 5804 factam.

137 5799 210 5868 β)
253 5797 427 5856 Forte
453 5801 545 5855 διὰ
570 5801 749 5858 τοῦτο.

1757 593 1842 648 die
1895 597 2085 649 mensis
2138 597 2316 664 primi.
2374 595 2614 650 Mensem
2669 603 2849 649 autem
2901 594 3109 649 Novum
3160 595 3317 660 dixit,

1762 703 1922 756 quem
1959 694 2012 742 et
2043 687 2274 758 primum
2329 696 2509 752 vocat,
2546 689 2600 742 in
2631 703 2740 758 quo
2786 687 2959 740 adulti
2994 685 3204 741 fructus
3241 687 3319 758 (2)

1757 779 2050 834 adventum
2075 795 2233 834 suum
2259 781 2644 849 prmnuntiant,
2666 786 2908 834 veterum
2932 779 3317 837 cessationem.

1757 871 1814 924 In
1845 869 2057 924 decima
2081 881 2273 939 quarta
2303 879 2480 923 autem
2512 869 2599 924 die
2629 869 2789 924 istius
2809 869 2968 939 primi
2992 870 3194 924 mensis
3219 869 3319 924 ob-

1757 961 1964 1016 servari
1983 959 2190 1015 Pascha
2217 961 2495 1030 praecepit,
2513 975 2622 1014 non
2643 968 2860 1030 propter
2877 960 3040 1013 aliam
3067 975 3312 1024 causam,

1757 1057 1864 1111 nisi
1899 1067 2123 1126 propter
2161 1055 2574 1111 similitudinem
2604 1054 2763 1114 lunae,
2799 1069 2918 1122 quas
2946 1061 3076 1106 tunc
3116 1053 3167 1106 in
3211 1052 3317 1106 ful-

1756 1161 1885 1218 gore
1921 1147 2138 1215 plenum
2169 1145 2327 1198 habet
2362 1145 2576 1213 globum
2601 1143 2902 1212 proprium,
2951 1149 3012 1195 ut
3053 1159 3151 1196 nos
3183 1155 3318 1212 quo-

1755 1253 1862 1312 que
1885 1237 2186 1308 perfectum
2216 1235 2557 1304 splendorem
2591 1233 2710 1287 ﬁdei
2744 1240 2798 1288 et
2821 1248 3014 1288 sensus
3043 1243 3314 1303 gerentes,

1755 1345 1786 1383 a
1815 1329 2020 1399 peccati
2051 1329 2294 1383 tenebris
2321 1341 2686 1398 scgrcgemur,
2714 1337 2767 1381 et
2799 1335 2857 1380 ut
2881 1326 3113 1396 vegetati
3145 1325 3320 1380 diver-

1755 1437 1938 1476 sarum
1972 1424 2239 1475 varietate
2275 1420 2558 1484 virtutum,
2594 1433 2892 1487 earumque
2941 1419 3105 1486 foliis,
3151 1419 3316 1474 veluti

1755 1525 1983 1564 ammna:
2009 1510 2225 1565 arboris
2257 1509 2672 1564 adumbratione
2697 1509 2876 1574 velati,
2901 1517 3156 1578 tanquam
3189 1510 3318 1564 laetae

1756 1611 1918 1674 atque.
1984 1601 2284 1658 fructifera:
2347 1611 2557 1672 segetes
2629 1593 3315 1672 pullulemnssDecimum

1755 1702 2013 1764 quartum
2061 1703 2240 1749 autem
2275 1693 2419 1748 diem
2457 1693 2658 1748 mensis
2689 1692 2946 1762 appellat,
2981 1708 3088 1747 non
3121 1709 3318 1747 secun—

1754 1784 1881 1839 dum
1909 1785 2044 1841 solis
2080 1801 2302 1840 cursum
2326 1825 2339 1849 ,
2389 1784 2483 1840 sed
2515 1784 2814 1839 secundum
2865 1785 3069 1838 lunam.
3109 1783 3316 1839 Hebraei

1752 1879 1896 1930 enim
1927 1894 2036 1933 non
2057 1893 2123 1932 ex
2154 1879 2285 1933 solis
2315 1893 2501 1943 cursu,
2535 1877 2629 1932 sed
2655 1893 2720 1932 ex
2740 1880 2880 1931 lunae
2901 1877 3052 1947 cyclo
3079 1891 3314 1931 mensem

1754 1967 1866 2022 ﬁeri
1887 1967 2088 2023 debere
2115 1969 2387 2032 dixerunt,
2421 1968 2676 2038 quoniam
2697 1975 2750 2022 et
2781 1968 2983 2022 mensis
3015 1967 3314 2020 secundum

1751 2061 1936 2114 lunam
1967 2060 2185 2123 dicitur,
2223 2075 2531 2130 nomenque
2568 2059 2772 2113 Achiva
2809 2059 2992 2128 lingua
3030 2057 3179 2111 Mene
3214 2073 3315 2111 vo-

1751 2158 1931 2205 catur.
1972 2149 2212 2222 IEgyptii
2247 2150 2392 2206 enim
2423 2151 2608 2220 primi,
2641 2157 2864 2220 propter
2888 2149 3030 2202 luna:
3065 2149 3316 2204 celerita-

1750 2249 1883 2306 tem,
1921 2257 1986 2296 ex
2019 2257 2126 2311 qua
2161 2241 2302 2311 apud
2337 2240 2599 2310 quosdam
2628 2241 2836 2294 dierum
2860 2253 3016 2292 error
3043 2238 3196 2293 nasci
3226 2253 3314 2293 so-

1753 2334 1919 2398 lebat,
1963 2349 2028 2388 ex
2067 2335 2202 2388 solis
2233 2349 2400 2388 cursu
2436 2347 2652 2388 menses
2684 2346 2748 2385 ac
2790 2331 2904 2384 dies
2936 2328 3314 2399 supputandos

1750 2424 1968 2480 facilius
2015 2423 2389 2488 crediderunt,
2437 2438 2503 2478 eo
2547 2421 2694 2493 quod
2732 2421 2814 2476 sol
2855 2420 3063 2475 tardius
3115 2420 3310 2475 omium

1751 2530 1912 2586 quam
1957 2516 2080 2568 luna
2130 2517 2452 2578 circumeat,
2501 2523 2663 2584 atque
2705 2512 2826 2568 ideo
2871 2512 3042 2580 possit
3097 2510 3311 2566 facilius

1749 2605 2158 2678 comprehendi.

1817 2863 1998 2921 ILIlis
2021 2855 2187 2936 igitur
2215 2871 2290 2920 ita
2321 2881 2380 2920 se
2405 2863 2753 2929 habentibus,
2785 2865 2938 2920 multi
2970 2874 3022 2920 et
3049 2864 3306 2936 primum,

1751 2974 2018 3024 mensem,
2059 2966 2114 3013 et
2147 2959 2204 3012 in
2232 2973 2297 3013 eo
2329 2956 2552 3012 Pascha
2579 2957 2848 3012 decimum
2885 2965 3139 3027 quartum
3168 2953 3312 3012 diem

1751 3051 2021 3116 nesciunt,
2043 3050 2170 3120 quia
2193 3049 2525 3121 frequenter,
2549 3049 2842 3106 secundum
2867 3049 3146 3113 Hebraeos,
3177 3049 3315 3104 duo-

1751 3144 2022 3199 decimum
2048 3143 2177 3198 anni
2207 3158 2474 3207 mensem,
2496 3142 2710 3198 hiberni
2739 3143 2997 3212 temporis
3027 3140 3312 3196 mutationi

1750 3235 2022 3290 confinem
2059 3244 2223 3304 atque
2252 3234 2595 3304 contiguum,
2629 3241 2687 3286 ut
2712 3249 2807 3302 per
2842 3233 3024 3286 omnia
3053 3231 3310 3302 primum.

1749 3332 2022 3382 statuunt.
2059 3323 2172 3380 iioe
2203 3331 2385 3378 autem
2417 3322 2647 3385 faciunt,
2682 3322 2809 3391 quia
2835 3336 3016 3376 verna:
3057 3321 3314 3373 immuta-

1713 3403 1726 3416 "
1749 3417 2186 3488 tionisignorant
2207 3415 2443 3480 initium,
2469 3413 2616 3484 quod
2635 3411 3018 3468 duodecimum
3039 3409 3312 3466 Kalendas

1675 4553 1720 4607 Ι)

1747 3507 1950 3578 Aprilis
1979 3507 2146 3570 diem,
2174 3507 2327 3574 juxta
2359 3504 2495 3558 solis
2541 3517 2786 3562 cursum.
2817 3517 3031 3571 semper
3061 3498 3311 3560 incurrit,

1747 3597 1894 3668 quod
1932 3607 2056 3652 ante
2091 3596 2280 3652 omnia
2327 3595 2623 3652 observare
2667 3608 2768 3648 nos
2807 3591 3086 3654 convenit,
3134 3605 3220 3654 ne,
3265 3589 3312 3644 si

1749 3690 1888 3746 forte
1923 3691 1976 3744 in
2011 3690 2114 3745 hac
2149 3689 2270 3759 ipsa
2305 3687 2610 3742 mutatione
2644 3684 2874 3740 inferius
2909 3684 3090 3738 adhue
3117 3689 3170 3736 et
3193 3681 3309 3735 lon-

1748 3785 1872 3854 gius
1905 3783 2230 3844 constituta,
2273 3796 2370 3851 per
2401 3793 2641 3835 errorem
2686 3778 2809 3848 quis
2844 3776 3108 3831 decimam
3150 3787 3314 3842 quar-

1747 3881 1857 3925 tam
1903 3878 2181 3940 computet
2211 3871 2419 3933 lunam,
2461 3868 2517 3921 in
2561 3867 2844 3922 Paschalis
2879 3865 3073 3919 calculi
3105 3863 3315 3917 ratione

1747 3961 1986 4028 fallatur,
2021 3961 2176 4030 quasi
2221 3958 2382 4030 primi
2411 3972 2530 4013 eam
2558 3957 2836 4013 aestimans
2868 3954 3094 4009 mensis.
3129 3951 3315 4022 Neque

1747 4054 1892 4109 enim
1939 4054 1994 4108 in
2029 4051 2357 4107 duodecimo
2387 4064 2596 4116 mense,
2631 4057 2875 4118 tempore
2907 4045 3086 4100 adhuc
3115 4044 3315 4100 hiemis

1747 4145 2070 4207 exsistente,
2102 4150 2160 4197 ut
2193 4143 2352 4213 prius
2377 4141 2513 4206 dixi,
2547 4155 2814 4196 novorum
2845 4137 3122 4194 fructuum
3153 4137 3313 4207 poni-

1747 4243 1838 4288 tur
1865 4235 2094 4299 mensis,
2119 4249 2220 4290 nec
2248 4233 2377 4288 dum
2405 4233 2682 4289 fructibus
2721 4233 2880 4288 novis
2905 4227 3317 4286 maturescenti-

1747 4326 1874 4390 bus,
1924 4325 2368 4396 quandoquidem
2403 4341 2505 4380 nec
2541 4325 2710 4380 falces
2761 4324 2995 4394 supponi
3045 4321 3316 4378 messibus

1747 4426 2003 4488 possunt,
2054 4419 2156 4473 hoc
2187 4418 2332 4473 enim
2373 4417 2608 4472 maxime
2651 4418 2864 4488 signum
2910 4414 3070 4486 primi
3108 4413 3315 4469 mensis

1749 4508 1832 4563 lex
1859 4509 2040 4564 divina
2074 4508 2383 4563 constituit.

1819 4599 1915 4655 lll.
1950 4599 2056 4654 Sed
2087 4599 2215 4669 quia
2259 4598 2512 4654 accidere
2555 4598 2828 4654 interdum
2861 4598 3024 4664 solet,
3055 4605 3116 4650 ut
3155 4609 3316 4651 occa-

1751 4693 1906 4750 sione
1937 4691 2164 4747 decimaa
2192 4697 2401 4761 quartaa
2424 4691 2566 4744 lunae
2595 4691 2760 4760 primi
2795 4690 3029 4752 mensis,
3065 4686 3315 4741 nonnulli

1748 4785 1803 4839 in
1835 4799 2078 4840 errorem
2109 4785 2332 4846 cadant,
2379 4784 2426 4838 si
2469 4783 2681 4839 decima
2712 4789 2908 4852 quarta
2949 4781 3066 4851 ipsa
3098 4780 3224 4834 luna
3259 4778 3316 4832 in

1749 4877 2093 4932 Dominicum
2123 4877 2267 4932 diem
2295 4875 2478 4931 veniat
2509 4879 2642 4946 (quo
2663 4873 2810 4927 facto
2839 4887 3067 4928 necesse
3091 4877 3178 4927 est
3200 4871 3316 4941 jam

1743 4969 2014 5040 jejunium
2067 4969 2204 5025 solvi
2233 4968 2458 5022 Sabbati
2496 4968 2603 5032 die,
2645 4965 2864 5036 quando
2905 4965 3112 5020 decima
3156 4964 3316 5020 tertia

1747 5062 1874 5116 luna
1901 5061 2198 5126 invenitur,
2233 5067 2287 5114 et
2316 5059 2610 5130 incipimus
2639 5059 2744 5130 legi
2777 5059 3056 5113 contraria
3089 5057 3313 5122 facere),

1748 5153 2004 5206 convenit
2041 5152 2144 5205 hoc
2183 5150 2474 5220 diligenter
2515 5151 2817 5216 attendere,
2865 5157 2924 5203 ut
2965 5148 3184 5218 quoties
3222 5147 3316 5202 de-

1748 5243 1889 5296 cima
1919 5251 2116 5310 quarta
2160 5242 2290 5295 luna
2324 5241 2378 5295 in
2410 5239 2755 5294 Dominicum
2789 5240 3027 5294 incurrit
3053 5239 3219 5300 diem,
3261 5237 3314 5291 in

1749 5343 2065 5404 sequentem
2088 5333 2450 5404 septimanam
2481 5332 2802 5388 Paschalem
2825 5331 2967 5388 diem
3003 5334 3184 5402 potius
3212 5329 3318 5384 dif-

1750 5426 2012 5482 feramus.
2055 5424 2270 5495 Duplici
2311 5426 2414 5488 hac
2435 5441 2604 5482 causa
2643 5446 2656 5482 :
2687 5427 2930 5481 Primum
2961 5424 3200 5496 quidem,
3225 5437 3315 5489 ne,

1748 5518 1962 5573 decima
1991 5519 2151 5574 tertia
2171 5519 2301 5572 luna
2329 5519 2570 5583 inventa,
2599 5519 2657 5573 in
2686 5517 2908 5573 Sabbati
2936 5518 3023 5572 die
3039 5515 3318 5572 solvamus

1744 5609 2016 5680 jejunium
2051 5630 2064 5664 :
2090 5611 2236 5680 quod
2265 5625 2609 5683 consequens
2633 5625 2742 5666 non
2764 5617 2866 5674 est,
2898 5609 3042 5680 quod
3073 5621 3170 5661 nec
3203 5606 3318 5676 ipsa

1817 5743 1893 5870 ξ)
1936 5743 2122 5800 Mutila
2178 5752 2308 5800 sunt
2337 5745 2426 5800 hic
2455 5743 2660 5802 Graeca.
2727 5815 2739 5828 .
2889 5814 2900 5824 _
2955 5813 2965 5824 ι
3026 5812 3035 5822 _

1817 5817 1828 5870 i
1869 5817 1886 5870 i
1921 5813 2053 5870 Quae
2075 5816 2410 5870 clauduntur
2429 5818 2764 5870 narenthesn.
2795 5819 3035 5870 omittit:

1809 5813 1886 5886 (5)
1921 5813 2053 5881 Quae
2075 5816 2410 5872 clauduntur
2428 5815 2764 5886 parenthesi,
2795 5813 3314 5882 omittitinterpres.
