3878 6302
553 402 616 456 5!
1543 407 1914 466 THEOPlllLl‘
1953 404 2111 461 ΙΞΡΙΞ1

2220 407 2263 461 ⁵1
2302 407 2774 466 ALEXANDRINI
3725 402 3799 457 52

551 515 639 571 lex-
686 515 964 586 prarcipit;
1004 533 1238 573 maxime
1287 536 1410 574 cum
1456 531 1510 576 et
1555 523 1737 576 lumen
1778 521 1951 592 ipsius
1983 523 2111 578 luna:

2227 520 2648 593 προστάξαντος,
2684 519 2817 573 ἀλλὰ
2848 520 2941 572 καὶ
2984 516 3076 571 τοῦ
3118 515 3404 588 φωστῆρος
3427 515 3523 586 τῆς
3562 513 3799 582 σελήνης

549 607 925 680 imperfectum
954 611 1131 665 adhuc
1158 612 1211 666 in
1243 614 1463 682 proprio
1496 615 1660 684 globo
1695 630 1818 670 esse
1846 615 2116 673 videatur.

548 701 779 764 Deinde,
820 719 908 767 ne,
964 701 1247 758 Dominica
1289 706 1419 760 luna
1460 707 1675 760 decima
1737 715 1932 779 quarla
1969 705 2120 760 exsi-

549 805 748 860 stente,
785 795 1038 864 jejunarc
1081 813 1382 868 cogamur;
1429 798 1772 854 indecentem
1817 815 1926 854 rem
1960 798 2122 852 illici-

545 893 770 955 tamque
800 885 1066 943 lacientes
1100 908 1113 944 :
1167 890 1273 946 hoc
1323 891 1469 946 enim
1513 890 1934 945 Manichzeorum
1975 899 2121 945 recte

545 978 890 1032 consuetudo
915 980 1176 1047 possidet.
1204 980 1472 1048 Quoniam
1507 982 1672 1052 igitur
1686 982 1898 1037 decima
1921 988 2119 1050 quarta

549 1069 676 1120 luna
719 1068 973 1124 veniente
1006 1070 1061 1124 in
1114 1069 1450 1126 Dominicant
1497 1073 1661 1136 diem,
1706 1073 1958 1142 jejunare
2011 1087 2119 1125 non

544 1161 835 1226 debemus,
873 1143 1050 1231 neque
1083 1179 1430 1234 consequens
1469 1173 1576 1226 est,
1611 1176 1668 1218 ut
1704 1167 1748 1218 si
1795 1166 1849 1218 in
1897 1163 2120 1218 Sabbati

543 1251 634 1304 die
668 1251 879 1305 decima
905 1263 1097 1323 quarta
1128 1257 1252 1309 luna
1283 1256 1480 1317 veniat,
1501 1258 1778 1311 solvamus
1811 1254 2116 1324 jejunium:

544 1344 861 1399 necessario
879 1347 1182 1402 asserimus
1212 1349 1313 1402 hoc
1337 1349 1389 1401 in
1421 1351 1784 1419 septimanam
1805 1357 2118 1418 sequentem

543 1431 743 1487 debere
789 1433 1018 1497 dill‘erri,
1074 1437 1235 1490 sicuti
1289 1437 1452 1506 paulo
1499 1437 1755 1507 superius
1803 1437 1950 1504 dixi;
2013 1453 2119 1492 non

543 1531 725 1577 tamen
747 1540 822 1598 ex
853 1526 954 1580 hac
974 1527 1257 1592 dilatione,
1292 1531 1737 1597 praavaricatione
1760 1530 1941 1600 aliqua
1971 1531 2118 1584 circa

542 1615 861 1671 Paschalem
919 1618 1186 1673 circulum
1253 1630 1585 1691 perpetrata.
1646 1621 2118 1685 Quemadmodum

541 1708 688 1762 enim
720 1710 968 1765 decimus
988 1728 1251 1767 numerus
1281 1713 1670 1784 complectitur
1700 1729 1930 1774 nonum,
1962 1713 2040 1766 sic
2068 1719 2118 1766 et

541 1802 759 1870 quoties
794 1803 1006 1857 decima
1047 1813 1242 1874 quarta
1279 1806 1408 1859 luna
1452 1807 1505 1858 in
1557 1805 1894 1861 Dominicam
1935 1807 2121 1860 incur-

2222 613 2300 666 ἔτι
2346 630 2452 683 περ
2482 611 2710 676 ἀτελοῦς
2738 613 2866 684 περὶ
2894 613 2984 665 τὸν
3027 610 3223 663 κύκλον
3262 609 3351 661 τὸν
3393 609 3584 660 ἑαυτοῦ
3615 607 3793 670 ὄντος.

2226 706 2452 758 Ἔπειτα
2500 705 2585 757 ἵνα
2620 703 2694 774 μὴ
2726 704 2819 757 καὶ
2861 702 3144 774 Κυριακῆς
3169 700 3352 771 οὔσης,
3381 700 3473 753 καὶ
3500 714 3805 768 τεσσαρεσ-

2227 796 2607 860 καιδεκαταῐας
2671 796 2811 850 κατὰ
2860 796 3089 866 σελήνην
3139 790 3510 863 ὑπαρχούσης,
3551 792 3804 860 ἀναγκα-

2227 886 2444 957 σθῶμεν
2472 885 2774 957 νηστεύειν,
2805 885 3052 957 ἀπρεπὲς
3084 885 3316 954 πρᾶγμα
3346 880 3646 943 ποιοῦντες.
3678 881 3805 933 Μα-

2221 977 2442 1046 νιχαίων
2469 976 2578 1047 γάρ
2617 977 2762 1029 ἐστιν
2789 975 2917 1028 ἴδιον
2947 975 3178 1045 πρᾶγμα
3201 972 3262 1024 τὸ
3296 970 3553 1024 τοιοῦτον.
3587 969 3804 1022 Οὐκοῦν

2223 1068 2412 1138 ἐπειδὴ
2440 1069 2559 1121 οὑδὲ
2589 1069 2687 1138 τῆς
2719 1064 3372 1138 τεσσαρεσκαιδεκαταίας
3398 1063 3538 1115 κατὰ
3566 1061 3805 1130 σελήνην

2224 1160 2282 1212 ἐν
2334 1163 2584 1231 Κυριακῇ
2634 1159 3025 1231 εὑρισκομένης
3065 1159 3346 1229 νηστεύειν
3382 1157 3481 1216 δεῖ,
3517 1153 3640 1208 οὔτε
3668 1153 3806 1206 ἀκό-

2220 1251 2409 1304 λουθον
2456 1255 2512 1304 ὲν
2545 1252 2806 1320 Σαϐϐάτῳ
2837 1250 3284 1322 τρισκαιδεκάτης
3315 1247 3644 1316 ἀπαντώσης
3697 1262 3803 1298 πε-

2224 1341 2422 1410 ριλύειν
2451 1343 2550 1406 τὰς
2584 1343 2834 1412 νηστείας
2856 1358 2868 1371 ⁸
2899 1342 3169 1410 ἀναγκαία
3199 1343 3231 1411 ἡ
3265 1339 3555 1410 ὑπέρθεσις
3588 1341 3669 1401 εἰς
3699 1337 3804 1406 τὴν

2221 1431 2350 1502 ἑξῆς
2382 1433 2672 1504 ἑϐδομάδα,
2702 1433 2775 1497 ὡς
2809 1432 2976 1502 ὀλίγῳ
3009 1432 3242 1505 πρόσθεν
3265 1431 3497 1502 εἴρηται,
3526 1432 3586 1484 οὐ
3625 1447 3805 1500 παρα-

2220 1524 2426 1588 λύσεως
2453 1526 2781 1596 γιγνομένης
2805 1527 2860 1578 ὲν
2882 1525 2960 1595 τῷ
2981 1526 3170 1594 Πάσχα
3192 1523 3278 1576 διά
3304 1524 3404 1594 τῆς
3425 1521 3800 1592 ὑπερθέσεως.

2233 1615 2373 1670 Ἀλλ’
2427 1617 2617 1688 ὥσπερ
2649 1620 2677 1670 ὀ
2711 1618 2932 1680 δέκατος
2983 1617 3217 1689 ἀριθμὸς
3266 1615 3659 1688 περιλαμϐάνει
3706 1615 3803 1666 τὸν

2222 1711 2400 1776 ἐννέα,
2436 1710 2611 1775 οὕτως
2637 1714 2668 1782 ὴ
2699 1709 3326 1781 τεσσαρεσκαιδεκαταία
3351 1709 3446 1778 τῆς
3481 1707 3717 1778 σελήνης
3744 1708 3802 1760 ὲν

2225 1803 2479 1872 Κυριακῇ
2515 1802 2898 1873 εὑρισκομένη,
2939 1800 3025 1853 διὰ
3054 1801 3114 1852 τὸ
3151 1799 3224 1871 μὴ
3268 1800 3376 1852 δεῖν
3401 1800 3455 1852 ἐν
3498 1799 3671 1868 ταύτῃ
3707 1815 3802 1867 νη-

542 1895 674 1948 rerit
703 1895 864 1957 diem,
897 1911 960 1950 eo
992 1899 1136 1966 quod
1180 1899 1238 1952 in
1284 1914 1347 1952 ea
1397 1900 1650 1968 jejunare
1684 1915 1792 1953 non
1828 1899 2006 1961 liceat,
2061 1897 2111 1952 in

2226 1893 2453 1954 στεύειν,
2492 1895 2569 1957 εἰς
2611 1893 2709 1963 τὴν
2741 1893 2865 1960 ἑξῆς
2898 1893 3165 1964 ἑϐδομάδα
3200 1890 3490 1962 ὑπέρθεσις
3529 1890 3799 1959 γίγνοιτο,

539 1985 841 2054 proximam
875 1986 1234 2055 septimanam
1260 1988 1467 2044 differri
1494 2004 1717 2044 necesse
1736 1997 1818 2044 est
1843 1989 1984 2044 diem
2012 1989 2114 2042 Pa-

541 2075 720 2141 schze;
761 2078 908 2131 nulla
946 2079 1092 2134 enim
1129 2095 1193 2134 ex
1234 2080 1338 2134 hoc
1384 2081 1696 2136 imminutio
1735 2081 1850 2136 ﬁeri
1895 2082 2116 2135 Pascha:

538 2168 776 2234 videtur,
813 2171 940 2240 quia
978 2187 1075 2227 sex
1113 2183 1404 2243 sequentes
1439 2173 1554 2228 dies
1581 2174 2018 2243 complectuntur
2062 2183 2116 2229 et

540 2261 803 2331 reliquos.

608 2374 700 2431 1V.
724 2377 900 2432 Aliter
927 2386 1131 2443 autem,
1163 2379 1311 2449 quod
1340 2387 1394 2434 et
1423 2378 1676 2435 Salvator
1693 2386 1879 2436 noster
1901 2379 2114 2435 decima

536 2477 738 2537 quarta
766 2470 987 2538 quidem
1035 2478 1120 2526 cst
1166 2471 1405 2526 traditus
1455 2473 1604 2534 luna,
1637 2472 1742 2525 huc
1791 2479 1874 2527 est
1921 2471 2112 2541 quinta

535 2568 661 2628 post
684 2557 978 2615 Sabbatum
997 2579 1013 2629 ;
1032 2563 1240 2616 decima
1259 2566 1450 2632 quinta
1469 2573 1647 2618 autem
1677 2563 1993 2627 cruciﬁxus,
2023 2562 2113 2617 die

535 2652 704 2704 tertio
734 2654 1119 2716 resurrexerit,
1150 2653 1254 2708 hoc
1284 2663 1389 2719 est,
1425 2655 1638 2710 decima
1683 2656 1916 2725 septima
1957 2657 2108 2721 luna,

502 2727 670 2811 'qua:
705 2754 838 2798 tunc
870 2744 924 2797 in
961 2743 1244 2798 Dominica
1285 2746 1372 2800 die
1402 2747 1619 2800 inventa
1649 2757 1764 2810 est;
1794 2748 1934 2802 sicut
1962 2755 2014 2802 et
2045 2762 2110 2802 ex

534 2831 960 2902 Evangeliorum
985 2836 1268 2890 notatione
1286 2851 1405 2889 eum
1413 2837 1525 2905 peri
1535 2852 1676 2891 mus.
1692 2821 1966 2893 Habemus
1981 2852 2111 2908 ergo

533 2923 818 2988 solatium,
840 2939 950 2994 quo
977 2934 1125 2980 recte
1148 2925 1326 2980 lacere
1344 2924 1553 2981 Pascha
1577 2928 1872 2997 possimus,
1891 2927 2110 2982 etiamsi

533 3013 730 3069 dilatio
761 3015 928 3070 fuerit
959 3026 1280 3080 consecuta,
1326 3027 1550 3086 propter
1593 3018 1964 3074 incurrentem
2012 3035 2109 3074 ne-

533 3107 868 3172 cessitatem,
907 3117 966 3163 ut
1006 3109 1052 3164 si
1088 3109 1300 3164 decima
1327 3119 1520 3180 quarta
1546 3111 1707 3181 primi
1741 3112 1947 3166 mensis
1969 3111 2108 3166 Sab-

535 3203 664 3253 bato
690 3203 933 3255 evenerit
971 3203 1121 3264 luna,
1158 3212 1252 3256 aut
1283 3203 1329 3258 si
1371 3212 1500 3258 ante
1544 3204 1843 3260 Sabbatum
1883 3204 1938 3258 in
1985 3205 2107 3260 aliis

533 3291 855 3359 septimanae
885 3295 1167 3363 sequentis
1194 3295 1388 3349 diebus
1421 3295 1702 3360 acciderit,
1739 3296 1861 3351 sine
1888 3295 2110 3350 dubita-

531 3382 684 3437 tione
711 3382 922 3439 Pascha
967 3387 1329 3442 celebremus.
1373 3386 1430 3440 Si
1473 3404 1604 3444 vero
1653 3389 1708 3442 in
1765 3389 2108 3444 Dominicum

533 3471 808 3537 inciderit,
849 3476 1168 3531 omnimodo
1200 3478 1254 3532 in
1285 3480 1645 3546 septimanam
1673 3487 2016 3549 sequentem,
2048 3487 2110 3534 ut

534 3567 736 3636 saepius
785 3567 991 3622 dictum
1042 3579 1149 3634 est,
1208 3570 1596 3634 conferamus,
1643 3573 1774 3642 quia
1825 3571 2109 3627 Dominica

533 3658 892 3714 hebdomadis
923 3661 1100 3731 prima
1130 3662 1248 3718 dies
1274 3673 1376 3729 est,
1411 3673 1467 3718 ut
1507 3665 1658 3734 prius
1687 3663 1823 3718 dixi.

603 3811 670 3869 γ.
706 3813 803 3870 His
853 3833 986 3888 ergo
1024 3817 1412 3876 demonstratis
1442 3828 1609 3890 atque
1650 3818 1964 3889 patefactis,
2003 3817 2109 3872 hoc

531 3905 698 3960 etiam
750 3907 1213 3964 considerandum
1249 3917 1356 3972 est,
1396 3910 1541 3981 quod
1573 3919 1628 3964 et
1673 3911 1756 3965 lex
1791 3908 2108 3980 frequenter

530 4011 699 4052 causa
725 4002 1075 4055 necessitatis
1109 4017 1204 4056 eos
1260 4001 1356 4070 qui
1395 4000 1793 4055 conslrictione
1840 4001 2107 4071 temporis

529 4089 770 4156 quadam
803 4106 911 4145 non
937 4100 1234 4161 potuerunt
1265 4094 1317 4147 in
1353 4094 1530 4163 primo
1554 4107 1746 4148 mense
1777 4093 1992 4150 Pascha
2019 4110 2109 4151 ce-

529 4179 771 4244 lebrare,
814 4184 1060 4238 secundo
1104 4185 1247 4239 idem
1287 4185 1467 4240 facere
1497 4186 1762 4256 praecipit.
1797 4185 1990 4242 Melius
2022 4195 2108 4242 est

525 4272 675 4326 enim
715 4273 768 4326 in
819 4276 1155 4330 necessitate
1193 4278 1404 4345 positos
1445 4279 1734 4346 superiora
1767 4294 1931 4348 quam
1968 4278 2106 4334 infe-

529 4361 678 4415 riora
711 4365 933 4427 sectari,
967 4366 1230 4434 quoniam
1271 4366 1537 4420 inferiora
1572 4370 1952 4439 superioribus
1980 4383 2108 4424 con-

532 4456 816 4519 tinentur;
878 4459 1165 4527 superiora
1213 4470 1396 4516 antem
1450 4462 1520 4516 ab
1576 4462 1826 4518 infcriori
1875 4477 2106 4517 numero

526 4562 636 4601 non
665 4548 1044 4607 includuntur.
1076 4551 1216 4608 lllud
1244 4554 1466 4619 iterum,
1495 4555 1641 4625 quod
1674 4555 1980 4626 pqsuimus,
2011 4554 2105 4609 de-

451 4669 459 4676 -
524 4642 822 4706 clarantes,
843 4644 1123 4713 quoniam
1153 4647 1402 4704 decimus
1432 4664 1697 4702 numerus
1730 4663 1933 4702 nonum
1961 4648 2102 4702 intra

523 4751 584 4790 se
607 4738 909 4801 contineat,
941 4754 1122 4793 nonus
1152 4748 1335 4795 autem
1362 4742 1639 4795 decimum
1673 4742 1956 4795 continere
1991 4755 2102 4796 non

524 4831 721 4896 possit.
760 4830 916 4896 Quod
948 4833 996 4887 si
1029 4833 1115 4888 lex
1143 4834 1210 4888 ad
1253 4835 1555 4889 secundum
1590 4850 1835 4891 mensem
1862 4835 2098 4889 transire

524 4935 626 4974 nos
682 4923 957 4992 praecipit,
1007 4925 1053 4978 si
1105 4940 1214 4979 non
1255 4926 1530 4996 possimus
1583 4936 1835 4982 sanctum
1886 4926 2097 4982 Pascha

523 5013 702 5084 primo
730 5031 916 5071 mense
940 5017 1219 5074 celebrare
1242 5026 1469 5090 propter
1497 5021 1764 5090 quasdam
1793 5020 2098 5078 necessita«

573 5258 648 5324 (ὃ)
689 5257 740 5314 ls
767 5275 946 5314 annus
973 5272 1056 5319 est
1088 5261 1326 5332 vulgaris
1356 5263 1560 5318 Christi
1605 5262 1732 5317 380.

2224 1987 2283 2040 οὐ
2326 1985 2420 2038 τοῦ
2455 1986 2643 2055 Πάσχα
2675 1985 2970 2039 ἐλάττωσιν
3011 1984 3272 2037 ποιοῦσαο
3323 1982 3429 2036 τῶν
3472 1982 3534 2048 ἓξ
3571 1983 3802 2055 ἡμερῶν

2224 2094 2290 2129 πε
2299 2074 2748 2148 ριλαμϐανουσῶν
2777 2075 2869 2127 καὶ
2897 2074 2996 2138 τὰς
3025 2074 3203 2136 ἄλλας..

2295 2393 2370 2446 Δ⁰.
2407 2392 2618 2455 Ἀλλως
2642 2388 2708 2444 ’τε
2745 2390 2980 2462 ἐπειδὴὸ
3010 2389 3198 2459 Σωτὴρ
3226 2387 3384 2459 ἡμῶν
3410 2388 3475 2458 τῇ
3511 2386 3618 2456 μὲν
3641 2402 3802 2457 τρισ-

2221 2481 2577 2551 καιδεκαταία
2628 2479 2934 2550 παρεδόθη,
3001 2477 3245 2531 τουτέστι
3295 2478 3362 2546 τῇ
3416 2474 3645 2544 πέμπτῃ
3701 2471 3800 2526 τοῦ

2223 2572 2522 2633 Σαϐϐάτου,
2579 2573 2645 2641 τῇ
2679 2571 2736 2623 δὲ
2779 2567 3405 2641 τεσσαρεσκαιδεκαταίᾳ
3449 2561 3798 2634 ἐσταυρώθη,

2220 2663 2276 2714 ἐν
2320 2663 2603 2733 τριημέρῳ
2646 2663 2905 2724 ἀναστὰς,
2944 2660 3221 2713 τουτέστιν
3269 2661 3334 2729 τῇ
3381 2657 3440 2724 ἒξ
3469 2657 3560 2710 καὶ
3586 2656 3798 2726 δεκάτῃ

2221 2753 2362 2806 κατὰ
2411 2753 2658 2824 σελήνην,
2701 2754 2824 2824 ἥτις
2855 2751 3061 2824 ηὑρέθη
3105 2751 3224 2804 τότε
3255 2751 3312 2802 ὲν
3345 2751 3618 2821 κυριακῇ,
3645 2747 3728 2812 ὡς
3758 2750 3791 2818 ἡ

2217 2841 2325 2895 τῶν
2361 2842 2705 2910 Εὑαγγελίων
2749 2842 2861 2912 ἔχει
2907 2841 3309 2912 παρατήρησις.
3345 2839 3578 2908 Ἐχομεν
3611 2853 3800 2908 παρα-

2222 2932 2412 3003 μύθιον
2460 2931 2554 2985 τοῦ
2589 2931 2767 2996 καλῶς
2801 2933 2974 2984 ποιεῖν
3000 2930 3060 2983 τὸ
3108 2930 3320 3000 Πάσχα,
3348 2927 3449 2981 κᾶν
3497 2925 3798 2998 ὑπέρθεσις

2165 3091 2175 3111 ⁸
2218 3022 2464 3092 γένηται,
2504 3023 2593 3076 διὰ
2639 3023 2735 3095 τὴν
2773 3021 3185 3076 καταλαϐοῦσαν
3230 3021 3497 3088 ἀνάγκην.
3533 3019 3632 3071 Ἂν
3691 3017 3795 3088 μὲν

2217 3111 2309 3168 οὖν
2336 3117 2368 3186 ἡ
2403 3115 2972 3186 τεσσαρεσκαιδεκάτη
3000 3114 3096 3166 τοῦ
3144 3113 3302 3181 ἁγίου
3329 3112 3522 3181 Πάσχα
3560 3110 3797 3181 ἔρχηται

2216 3209 2275 3262 ἐν
2303 3207 2590 3277 Σαϐϐάτῳ,
2622 3207 2654 3278 ἢ
2679 3206 2785 3278 πρὸ
2812 3206 2907 3260 τοῦ
2933 3205 3215 3259 Σαϐϐάτου
3246 3208 3302 3259 ὲν
3327 3207 3445 3267 ταῖς
3474 3203 3666 3266 ἄλλαις
3696 3205 3799 3274 τῆς

2215 3299 2507 3370 ἑϐδομάδος
2529 3299 2784 3370 ἡμέραις,
2811 3298 3094 3370 ἀραρότως
3112 3296 3270 3350 τοῦτο
3299 3299 3472 3350 ποιεῖν
3495 3296 3794 3366 προσήκει·

2212 3389 2308 3443 ἐὰν
2332 3389 2388 3442 δὲ
2423 3391 2481 3442 ὲν
2517 3390 2772 3460 Κυριακῇ
2816 3389 3118 3458 ἀπαντήσει
3167 3389 3204 3457 ἡ
3257 3385 3796 3456 τεσσαρεσκαιδεκαο

2210 3483 2340 3538 ταία
2383 3483 2483 3552 τῆς
2539 3481 2768 3552 σελήνης
2815 3481 2909 3532 τοῦ
2956 3479 3174 3551 πρώτου
3218 3479 3413 3548 μηνὸς,
3462 3476 3799 3548 ὑπερθετέον

2212 3576 2426 3638 πάντως
2459 3577 2538 3638 εἰς
2585 3573 2683 3644 τὴν
2731 3572 2858 3642 ἑξῆς
2901 3571 3192 3642 ἑϐδομάδα.
3257 3570 3321 3622 Ἠ
3367 3569 3476 3641 γὰρ
3530 3571 3797 3642 Κυριακὴ

2212 3663 2404 3736 πρώτη
2436 3663 2621 3734 ἡμέρα
2667 3663 2766 3734 τῆς
2795 3661 3086 3732 ἑϐδομάδος
3123 3661 3295 3723 ἐστὶν.
3329 3659 3402 3724 ὡς
3437 3660 3795 3733 προείρηται.

2209 3827 2330 3884 tes;
2357 3835 2464 3874 non
2500 3820 2745 3890 intelligo
2778 3831 2873 3874 cur
2916 3834 3048 3883 non,
3082 3817 3127 3874 si
3171 3817 3386 3874 decima
3423 3825 3621 3888 quarta
3654 3817 3795 3874 luna

2210 3911 2264 3965 in
2296 3909 2639 3965 Dominicum
2671 3912 2815 3965 diem
2849 3910 3163 3975 incurrerit,
3185 3909 3589 3964 rationabiliter
3617 3908 3677 3962 in
3715 3925 3797 3964 se-

2210 4003 2516 4074 ptimanam
2586 4014 2906 4074 sequentem
2944 4003 3262 4059 dilationem
3325 4001 3551 4058 Pascha:
3604 4000 3794 4056 facere

2210 4093 2554 4148 debeamus:
2609 4102 2864 4148 manente
2904 4101 2958 4146 et
3006 4093 3182 4163 primo
3211 4107 3420 4158 mense,
3470 4100 3522 4146 ct
3569 4090 3792 4146 decima

2207 4188 2400 4258 quinta
2446 4187 2596 4247 luna.
2639 4186 2696 4240 in
2739 4201 2845 4256 qua
2877 4184 3129 4238 Salvator
3179 4184 3475 4238 cruciﬁxus
3505 4190 3630 4248 est;
3670 4198 3793 4236 ma-

2211 4287 2374 4334 nente
2405 4278 2575 4331 etiam
2613 4286 2666 4332 et
2703 4276 2916 4332 decima
2951 4276 3207 4345 septima,
3261 4274 3480 4344 quando
3520 4275 3793 4344 post‘tri-

2206 4371 2372 4426 duum
2405 4370 2726 4424 resurrexit.
2753 4387 2756 4394 ·

2279 4462 2368 4515 Vl.
2405 4460 2520 4516 llac
2560 4463 2727 4533 igitur
2774 4459 3129 4516 mediocriter
3159 4476 3190 4515 a
3225 4460 3384 4516 nobis
3435 4459 3792 4516 ordinatione

2208 4555 2502 4625 disposita,
2555 4555 2994 4626 uniuscujusque
3042 4555 3172 4609 anni
3215 4556 3510 4620 calculum,
3562 4555 3662 4624 qui
3723 4557 3790 4608 ad

2213 4647 2660 4718 supputationem
2700 4649 2935 4717 pertinet
2965 4646 3210 4710 Paschaz,
3243 4647 3536 4718 diligenter
3561 4661 3790 4718 quoque

2208 4740 2497 4813 posuimus
2553 4737 2667 4810 (6);
2710 4752 2740 4790 a
2791 4738 2971 4807 primo
3029 4739 3322 4794 consulatu
3379 4737 3788 4808 religiosissimi

2208 4832 2558 4904 imperatoris
2587 4831 2909 4895 Theodosii,
2939 4839 3162 4886 centum
3201 4846 3377 4902 usque
3415 4845 3590 4884 annos
3615 4831 3790 4886 adne-

2203 4937 2440 4990 ctentes,
2507 4928 2670 4983 simul
2721 4943 2785 4982 ac
2827 4923 3248 4981 manifestantes
3297 4924 3521 4980 decimae
3573 4933 3790 4994 quarta

2205 5020 2348 5075 luna:
2381 5021 2656 5088 notitiam,
2679 5031 2734 5076 et
2769 5019 3038 5074 Dominici
3062 5015 3346 5074 Paschalis
3379 5014 3518 5070 dici.
