3878 6314
435 339 506 394 53
1432 324 1797 386 THEOPHILI
1835 320 2145 377 EPISCOPI
2179 313 2654 374 ALEXANDRINI‘
3590 304 3662 363 56

431 467 534 524 pro
563 451 722 508 nobis
770 454 1052 521 ingressus
1096 456 1202 514 est,
1251 456 1414 518 atque
1451 447 1571 517 ejus
1609 445 1701 516 qui
1739 444 1790 497 in
1834 441 2002 513 ﬁgura
2033 465 2046 503 λ

2132 440 2246 511 νπὲρ
2274 436 2430 519 ἡμῶν
2459 433 2696 504 εἰσῆλθε,
2733 429 2824 483 καί
2864 428 2958 483 τοῦ
2990 425 3130 481 κατὰ
3166 423 3257 478 τὸν
3293 420 3463 477 τύπον
3495 421 3673 493 ἀρχιε-

431 543 629 599 summi
666 541 966 598 sacerdotis
999 556 1200 594 munus
1235 539 1478 610 gerebat,
1508 552 1664 592 usum
1696 533 1998 603 abrogavit.

431 643 634 692 aeterna
655 652 751 704 pro
776 636 935 690 nobis
965 633 1340 702 redemptione
1371 631 1611 694 inventa,
1631 644 1694 682 ac
1725 643 1821 697 pro
1847 625 2004 680 nobis

434 728 607 781 vultui
643 727 732 781 Dei
763 742 820 782 se
853 727 1074 780 sistens.
1109 722 1264 778 Tunc
1307 722 1526 790 quidem
1559 719 1725 775 semel
1761 717 1813 770 in
1861 729 2005 768 anno

435 819 587 871 solus
618 832 867 870 summus
892 813 1149 870 sacerdos
1179 813 1234 866 in
1256 811 1454 866 Sancta
1486 817 1796 864 sanctorum
1822 805 2006 875 ingrc-

435 904 713 963 diebatur.
749 905 950 975 popqu
983 903 1118 957 foris
1165 912 1454 963 manente,
1490 901 1702 954 scilicet
1733 898 1802 951 ob
1848 902 2006 966 pote-

436 999 593 1052 statis
641 999 996 1051 tenuitatem:
1038 997 1289 1050 Salvator
1314 1004 1493 1046 autem
1525 992 1827 1062 ingressus,
1873 985 2008 1040 libe-

435 1103 551 1143 ram
581 1090 782 1158 cuique
817 1089 1021 1143 volenti
1051 1087 1293 1143 intrandi
1320 1086 1628 1138 facultatem
1663 1080 1830 1136 dedit.

2113 533 2247 603 ρέως
2286 517 2537 583 πέπαυκε
2575 526 2674 596 τὴν
2713 523 2920 594 χρείαν,
2965 522 3096 591 ἡμῖν
3145 516 3365 572 αἰωνίαν
3409 513 3676 584 λύτρωσιν

2105 624 2424 695 εὑράμενος,
2448 620 2541 673 καὶ
2563 617 2700 687 ὑπὲρ
2723 614 2878 685 ἡμῶν
2910 609 3263 682 ἐμφανισθεὶς
3293 608 3369 679 τῷ
3404 603 3677 676 προσώπῳ

2104 715 2199 770 τοῦ
2247 713 2404 766 Θεοῦ.
2468 711 2601 763 Τότε
2659 707 2756 777 μὲν
2814 705 2958 771 ἅπαξ
3009 703 3101 756 τοῦ
3150 699 3396 755 ἐνιαυτοῦ
3448 699 3607 769 μόνος
3651 701 3680 752 ὁ

2103 805 2394 878 ἀρχιερεὺς
2421 802 2706 871 εἰσήρχετο
2739 800 2814 859 εἰς
2843 795 2914 848 τὰ
2943 795 3077 862 ἆγια
3100 793 3209 846 τῶν
3239 792 3426 861 ἁγίων,
3457 791 3561 856 ἔξω
3583 791 3677 845 τοῦ

2103 898 2235 953 λαοῦ
2274 897 2558 968 μένοντος,
2597 890 2685 946 διὰ
2734 890 2794 942 τὸ
2847 888 3043 959 μικρὸν
3086 887 3184 957 τῆς
3217 885 3533 956 δυνάμεωςο
3561 886 3589 937 ὁ
3624 883 3680 936 δὲ

2110 991 2303 1060 Σωτὴρ
2327 987 2522 1050 ἐπιϐὰς
2554 985 2737 1040 ἄδειαν
2773 986 2885 1046 τοῖς
2912 981 3252 1053 βουλομένοις
3284 978 3538 1032 δέδωκεν.

1053 1351 1432 1420 Fragmentum
1461 1365 1526 1404 ex
1550 1347 1789 1418 Epistola
1825 1340 2074 1398 Paseliali
2105 1358 2231 1394 ann.
2263 1338 2386 1404 401,
2427 1336 2456 1409 §
2485 1337 2540 1403 '5,
2571 1352 2730 1405 supra
2749 1351 2875 1407 pag.
2900 1333 3026 1388 616.

509 1497 661 1567 Apud
693 1493 954 1565 Cyrillum
977 1493 1130 1547 Alex.
1160 1491 1252 1544 lib.
1292 1507 1332 1556 ι,
1355 1489 1440 1544 De
1475 1495 1623 1541 recta
1655 1484 1758 1538 title
1787 1483 1851 1537 ad
1881 1478 2324 1620 regggossigsimas
2381 1474 2618 1546 reginas,
2652 1471 2782 1541 Opp.
2809 1479 2933 1525 tam.
2978 1469 3037 1535 ν,
3062 1478 3202 1538 part.
3253 1485 3310 1533 ιι,
3340 1469 3433 1522 sub
3490 1470 3616 1537 ﬁm,

444 1707 714 1773 Theophili
738 1705 990 1774 episcopi,
1026 1719 1090 1775 ex
1118 1717 1362 1775 sermone
1392 1700 1645 1775 inscripto
1685 1696 1762 1748 Atl
1795 1707 1894 1748 eos
1922 1691 2014 1761 qui

879 1791 1000 1828 cum
1037 1772 1269 1841 Origene
1303 1772 1590 1824 sentirent.

825 1888 912 1941 Sic
941 1896 1114 1938 autent
1141 1883 1270 1936 dicit
1297 1881 1358 1935 de
1386 1880 1617 1936 Christo.

514 2001 784 2057 Caeterum
830 2015 897 2053 ne
944 1999 994 2053 is
1040 1997 1134 2067 qui
1187 1995 1440 2064 apparuit
1488 1993 1607 2048 solo
1654 1990 1853 2052 verbo,
1915 1984 2012 2042 sed

443 2097 646 2151 virtute
694 2106 911 2162 quoque
963 2103 1128 2143 verus
1171 2085 1314 2140 Deus
1345 2099 1468 2141 esse
1512 2083 1848 2141 crederetur,
1896 2077 2013 2146 ipse

443 2203 668 2258 aperum
712 2182 1114 2254 magniﬁcentia
1159 2179 1527 2235 certissimum
1561 2172 1861 2228 divinitatis
1901 2184 2013 2222 sua:

445 2280 707 2335 indicium
765 2277 912 2330 fecit.
947 2273 1233 2329 Perfectus
1281 2273 1464 2339 itaque
1497 2267 1643 2322 Deus
1685 2281 1809 2320 cum
1846 2269 2011 2323 esset,

445 2375 627 2429 factus
669 2379 753 2427 est
805 2371 1090 2424 voluntate
1124 2383 1219 2421 sua
1255 2367 1452 2430 homo;
1508 2377 1682 2432 neque
1716 2359 2013 2430 quidquam

446 2465 709 2525 omnino,
761 2461 904 2530 quod
955 2461 1209 2513 humana:
1251 2467 1458 2511 natur-1‘
1509 2461 1799 2522 cognatum
1835 2457 2014 2512 esset,

447 2564 642 2627 praeter
675 2571 835 2608 unam
888 2553 1107 2621 impiam
1159 2552 1421 2603 malitiam
1452 2548 1712 2618 reliquit;
1740 2560 1866 2598 nam
1911 2541 2015 2596 etsi

448 2650 650 2714 infans,
687 2647 1000 2700 Emmanuel
1038 2657 1214 2698 tamen
1249 2659 1369 2697 esse
1412 2642 1830 2711 agnoscebatur.
1867 2636 2016 2690 Con-

447 2749 556 2796 stat
604 2755 838 2808 namque
883 2737 1086 2805 Magos,
1125 2736 1216 2804 qui
1261 2736 1324 2788 ad
1378 2735 1527 2787 illum
1563 2737 1846 2790 venerunt,
1892 2741 2017 2782 eum

447 2833 626 2904 ipsum
670 2831 760 2900 qui
803 2836 1154 2898 apparuerat,
1187 2834 1247 2878 ut
1287 2824 1453 2880 Deum
1487 2825 1766 2882 adorasse,
1805 2833 2018 2874 necnon

450 2921 792 2978 adorandum
825 2935 970 2983 esse,
1007 2933 1172 2988 opere
1204 2918 1324 2986 ipso
1368 2920 1626 2968 testatum
1675 2911 1892 2966 fecisse.
1929 2907 2020 2962 Sic

451 3029 669 3085 quoque
692 3013 817 3066 licet
839 3011 1145 3065 secundum
1173 3023 1392 3062 carnem
1421 3007 1472 3060 in
1501 3020 1720 3059 crucem
1744 3010 2018 3074 ageretur,

453 3105 586 3176 solis
611 3113 789 3158 tamen
837 3103 1022 3156 radios
1070 3099 1420 3170 reprimebat,
1462 3112 1711 3166 novoque
1757 3093 2022 3150 miraculo

2125 1709 2418 1775 Θεοφίλου
2473 1703 2808 1775 ἐπισκόπου
2834 1741 2848 1764 ,
2906 1700 2975 1775 ἐξ
3032 1698 3136 1752 τοῦ
3180 1695 3696 1775 ,προσφωνητικοῦι

2245 1768 2432 1843 λόγου
2465 1774 2608 1845 Πρὸς
2631 1775 2756 1834 τοὺς
2781 1769 3108 1842 φρονοῦντας
3136 1768 3204 1820 τὰ
3230 1769 3554 1837 Ὠριγὲνους.

2433 1888 2588 1954 Ἔφη
2618 1883 2685 1936 δὲ
2714 1884 2902 1947 οὕτως
2930 1881 3060 1949 περὶ
3093 1878 3371 1948 Χριστοῦ.

2191 2003 2306 2055 Ἵνα
2335 2000 2408 2072 μὴ
2432 2001 2487 2052 ὲν
2521 1999 2663 2068 λόγῳ
2701 1998 2872 2067 μόνῳ,
2891 1993 3025 2048 ἀλλὰ
3074 1994 3166 2046 καί
3211 1994 3268 2045 ὲν
3299 1991 3524 2061 δυνάμει
3557 1989 3691 2054 Θεὸς

2119 2090 2368 2162 ἀληθινὸς
2392 2092 2420 2143 ὁ
2444 2088 2629 2159 φανεὶς
2653 2084 2791 2139 εἶναι
2815 2084 3238 2154 πιστεύηται,τῇ
3271 2081 3377 2134 τῶν
3398 2080 3692 2150 δρωμένων

2124 2179 2490 2256 μεγαλουργίᾳ
2517 2180 2614 2250 τὴν
2645 2177 2772 2249 περί
2811 2175 2974 2229 αὐτοῦ
2999 2174 3174 2244 δηλῶν
3203 2173 3519 2241 ἀσφάλειαν,
3549 2171 3692 2242 πλή-

2123 2293 2223 2348 ρης
2255 2275 2352 2346 μὲν
2391 2272 2466 2325 ὢν
2505 2272 2656 2334 Θεὸς,
2693 2268 2991 2331 αὐτοτελῶς
3025 2267 3082 2320 δὲ
3121 2265 3563 2337 ὲνανθρωπήσας,
3600 2261 3694 2314 καὶ

2126 2368 2290 2440 μηδὲν
2352 2364 2694 2438 ἀνθρωπείας
2749 2361 3058 2432 ὁμοιώσεως
3114 2358 3441 2427 καταλείψας
3495 2353 3691 2418 ἐκτὸς,

2124 2460 2264 2531 πλὴν
2306 2459 2474 2530 μόνης
2512 2456 2610 2526 τῆς
2659 2453 2873 2508 ἀνοσίου
2920 2453 3135 2515 κακίας.
3189 2451 3299 2504 Καὶ
3341 2449 3537 2519 βρέφος
3585 2446 3696 2517 γὰρ

2125 2551 2433 2622 γενόμενος,
2490 2546 2837 2618 Ἐμμανουὴλ
2888 2546 3247 2614 ὡμολογεῖτο,
3313 2541 3500 2612 μάγων
3559 2539 3695 2610 πρὸς

2125 2643 2285 2697 αὐτὸν
2317 2643 2523 2704 ἰόντων,
2558 2638 2754 2709 καίτῷ
2785 2637 3110 2709 προσκυνεῖν
3140 2635 3235 2689 καί
3267 2633 3399 2686 Θεὸν
3439 2627 3577 2685 εἶναι
3605 2631 3696 2683 τὸν

2127 2736 2362 2806 φανέντα
2386 2733 2632 2804 βοώντων
2655 2750 2672 2762 ο
2690 2733 2770 2785 ὅτι
2797 2731 2888 2785 καὶ
2915 2730 3078 2801 σαρκὶ
3103 2727 3520 2798 σταυρούμενος,
3546 2723 3695 2794 ἡλίου

2129 2826 2474 2881 συνέστελλεν
2505 2827 2756 2887 ἀκτῖνας,
2803 2822 2896 2875 καί
2923 2820 3001 2892 τῷ
3043 2819 3177 2889 ξένῳ
3207 2816 3447 2888 Θαύματι
3491 2814 3590 2884 τὴν
3622 2813 3698 2866 οἰ-

2127 2920 2280 2974 κείαν
2325 2917 2632 2988 σαφηνίζων
2670 2915 2930 2985 θεότητα,
2965 2910 3198 2982 οὐδαμοῦ
3232 2907 3528 2981 σκορπίσας
3569 2907 3698 2959 ἑαυ-

2127 3012 2241 3077 τὸν,
2285 3009 2318 3080 ἢ
2363 3009 2621 3071 διαλύσας
2671 3008 2751 3070 εἰς
2782 3005 3034 3076 σωτῆρας
3079 3002 3194 3056 δύο.
3249 2998 3411 3054 Ἀλλὰ
3453 2998 3546 3052 καὶ
3587 2998 3701 3058 τοῖς

2131 3103 2401 3175 μαθηταῖς
2431 3101 2583 3170 ἔλεγε
2604 3117 2618 3132 ο
2645 3098 2742 3166 Μὴ
2768 3095 3064 3164 καλέσητε
3085 3093 3454 3148 διδάσκαλον
3472 3088 3570 3143 ἐπὶ
3593 3086 3704 3156 τῆς

452 3195 795 3249 divinitatem
827 3208 983 3249 suam
1011 3193 1127 3246 orbi
1155 3200 1422 3246 terrarum
1449 3186 1808 3258 patefaciebat
1838 3204 1851 3239 :
1885 3199 2022 3240 nus-

2132 3196 2270 3266 γῆς·
2305 3192 2394 3261 εἷς
2427 3192 2534 3264 γάρ
2565 3192 2736 3246 ἐστιν
2770 3189 2938 3259 ὑμῶν
2971 3183 3314 3256 καθηγητὴς
3358 3185 3391 3236 ό
3426 3179 3699 3248 Χριστός.

453 3298 618 3353 quam
661 3291 755 3336 aut
797 3298 856 3338 se
900 3281 1397 3352 ipsum°divisisse,
1437 3289 1530 3331 aut
1565 3279 1619 3331 in
1663 3277 1803 3331 duos
1843 3277 2023 3329 salva-

453 3385 604 3429 tores
635 3374 968 3430 dissecuisse
1004 3374 1362 3442 comperitur.
1385 3371 1537 3437 ,Quin
1565 3369 1810 3437 ejusdem
1845 3368 2026 3438 potius

452 3481 707 3522 sermone
750 3467 1055 3536 discipulos
1085 3481 1216 3520 suos
1262 3464 1623 3534 compellasse
1674 3463 1907 3532 legitur:
1951 3461 2028 3515 Ne

456 3563 645 3616 vocetis
681 3560 993 3630 magistrum
1025 3559 1078 3612 in
1115 3568 1293 3620 terra;
1333 3572 1466 3608 unus
1501 3565 1578 3610 est
1610 3555 1744 3607 enim
1781 3554 2030 3623 magister

456 3664 623 3708 vester
651 3652 892 3709 Christus
917 3654 957 3706 ³.
987 3651 1174 3721 Neque
1198 3651 1343 3706 enim
1377 3648 1602 3720 quando
1628 3647 1887 3718 apostolis
1912 3648 2027 3702 haec

457 3745 781 3814 imperabat,
815 3744 1154 3798 divinitatem
1192 3758 1346 3796 suam
1393 3756 1423 3793 a
1462 3756 1693 3810 corpore
1729 3741 1874 3809 quod
1907 3755 2029 3794 cer-

458 3837 714 3922 nebatur,
765 3837 1106 3907 sejungebat,
1136 3851 1312 3904 neque
1343 3848 1586 3899 rursum,
1617 3847 1739 3886 cum
1773 3847 1830 3887 se
1867 3830 2026 3885 Chri-

461 3937 604 3982 stum
641 3947 764 3986 esse
795 3933 1123 3993 testabatur,
1171 3946 1230 3984 se
1262 3931 1329 3984 ab
1360 3930 1543 3984 animo
1586 3935 1640 3983 et
1676 3943 1909 3998 corpore
1943 3925 2030 3981 di—

459 4022 726 4086 vellebat,
761 4024 856 4078 sed
918 4025 1081 4080 simul
1117 4032 1446 4093 utrumque,
1505 4023 1607 4077 hoc
1639 4029 1757 4083 est,
1808 4019 1952 4074 Deus
1979 4028 2033 4074 et

2129 3291 2203 3344 Οὐ
2231 3287 2338 3358 γὰρ
2369 3288 2456 3339 ὅτε
2468 3284 2624 3338 τοῦτο
2645 3286 2755 3346 τοῖς
2771 3279 3084 3341 ἀποστόλοις
3101 3273 3434 3348 παρήγγειλε
3460 3266 3702 3340 (10),τοῦ

2131 3381 2451 3454 φαινομένου
2501 3376 2752 3449 σώματος
2789 3375 2886 3444 τὴν
2931 3371 3136 3426 οἰκείαν
3175 3366 3393 3438 διώριζε
3438 3363 3701 3432 Θεότηταο

2129 3451 2250 3528 οὐδὲ
2277 3451 2366 3526 ὅτε
2415 3469 2649 3544 Χριστὸν
2681 3466 2871 3520 ἑαυτὸν
2904 3461 3296 3534 διεμαρτύρετο
3337 3455 3498 3519 εἶναι,
3527 3451 3706 3524 ψυχῆς

2129 3565 2222 3620 καὶ
2258 3541 2800 3634 σαρκὸςνδιωρίζετο,
2829 3553 3002 3616 οὕτως
3043 3553 3211 3623 ἄμφω
3236 3547 3536 3618 τυγχάνων,
3571 3541 3707 3603 Θεός

2131 3674 2188 3710 τε
2215 3655 2308 3709 καὶ
2341 3653 2646 3724 ἄνθρωπος,
2678 3647 2861 3710 δοῦλος
2886 3645 3180 3716 ὁρώμενος,
3207 3643 3302 3695 καὶ
3335 3639 3536 3705 Κύριος
3563 3651 3704 3702 γνω-

2135 3747 2438 3820 ριζόμενος,
2463 3745 2522 3796 τὸ
2565 3742 2662 3814 μὲν
2696 3739 2898 3811 ὑψηλὸν
2933 3739 3030 3808 τῆς
3073 3735 3325 3805 Θεότητος
3366 3730 3442 3800 τῷ
3472 3724 3708 3794 ταπεινῷ

2132 3816 2230 3910 τῆς
2261 3816 2732 3907 ⁷ὲνανθρωτιτήσεως
2766 3820 3246 3901 ὑποκρυπτόμενος
3291 3823 3617 3896 φρονήματι,
3647 3816 3709 3910 τδ

2135 3905 2198 3986 δέ.
2226 3949 2291 4001 γε
2323 3905 2575 3984 ταπεινὸν
2609 3925 2701 3979 τοῦ
2749 3924 3026 3996 ὁρωμένου
3061 3919 3309 3990 σώματος
3351 3917 3416 3986 τῇ
3462 3913 3558 3982 τῆς
3591 3905 3709 3962 θεό-

2136 4040 2297 4095 τητος
2335 4018 2645 4095 ὑπεραίρων
2673 4016 2943 4088 ἐνεργείᾳ.

462 4112 628 4167 homo
662 4123 801 4169 erat.
838 4115 1042 4172 Servus
1088 4117 1286 4186 quippe
1323 4091 1472 4180 erat,
1517 4116 1609 4186 qui
1655 4115 2022 4182 cernebatur;
2077 4091 2342 4171 Dominus
2371 4091 2499 4170 vero
2575 4111 2669 4184 qui
2717 4107 3149 4180 intelligebatur,
3196 4099 3417 4158 deitatis
3486 4091 3709 4149 celsitu-

461 4207 682 4274 dinem,
738 4211 931 4264 bumili
981 4209 1379 4264 incarnationis
1429 4224 1597 4265 sensu
1649 4206 1999 4277 occultabat;
2052 4217 2246 4262 contra
2306 4223 2437 4263 vero
2471 4205 2743 4276 corporis,
2784 4200 2933 4270 quod
2966 4199 3277 4259 videbatur,
3345 4187 3710 4246 humilitatem

463 4299 667 4356 ellicaci
698 4300 920 4356 deitatis
950 4302 1267 4376 operatione
1287 4301 1569 4355 evellebat.

2041 4431 2128 4486 ιιι.

1026 4577 1402 4648 Fragmentum
1425 4593 1488 4630 ex
1521 4576 1703 4631 eadem
1729 4575 1971 4648 Epistola
2003 4575 2255 4630 Paschali
2280 4591 2407 4628 ann.
2438 4572 2560 4638 401,
2599 4570 2626 4641 §
2653 4571 2703 4636 4,
2735 4583 2855 4636 sup.
2874 4581 2992 4635 pag.
3026 4563 3155 4618 6l7.

1316 4714 1471 4784 Apud
1500 4710 1878 4767 Theudor-itum
1906 4710 2040 4764 Dial.
2075 4726 2137 4771 tl,
2174 4661 2305 4779 Opp.
2335 4717 2462 4760 tom.
2493 4704 2519 4758 I
2539 4704 2596 4770 V,
2625 4719 2746 4774 pag.
2783 4700 2906 4755 101.

471 4855 626 4910 Beati
660 4854 927 4924 Theophili
949 4853 1174 4924 episcopi
1198 4851 1557 4924 Alexandariw,
1589 4864 1654 4903 ea:
1674 4849 1739 4902 iis
1763 4864 1880 4918 qua:
1904 4848 2040 4901 srri-

2152 4845 2261 4900 Τοῦ
2321 4844 2617 4924 μακρρῖιου
2681 4838 2986 4924 βεσξίλορ
3052 4833 3390 4924 επις-κόπου
3454 4827 3720 4892 Ἀλεξάν-

871 4903 1284 4992 pssi’aai'eigﬁs
1313 4903 1620 4992 Origenetn.
1774 4903 1786 4918 ’

2321 4903 2336 4913 ’
2425 4903 2735 4982 δρείας,ὲκ
2774 4903 2892 4962 τών
2918 4906 3080 4960 Κατὰ
3128 4903 3450 4975 Ὠριγένους.

2225 5027 2360 5082 Οὔτε
2397 5028 2494 5098 τῆς
2535 5025 2806 5097 ἡμετέρας
2836 5018 3166 5092 ὁμοιώσεως,
3201 5015 3336 5087 πρὸς
3371 5015 3435 5085 ἢν
3468 5009 3722 5066 κεκοινώ-

2155 5141 2338 5194 νηκεν,
2375 5123 2452 5184 εἰς
2481 5120 2732 5188 Θεότητος
2757 5115 2917 5184 φύσιν
2952 5108 3445 5182 μεταϐαλλομένης,
3473 5104 3595 5157 οὕτε
3627 5102 3726 5169 τῆς

2157 5192 2406 5285 Θεὸτητος
2428 5210 2592 5266 αὐτοῦ
2619 5205 2959 5282 τρεπομένης
2991 5206 3070 5266 εἰς
3098 5201 3194 5270 τὴν
3228 5197 3501 5269 ἡμετέραν
3527 5192 3724 5263 ὁμοίω-

2158 5323 2262 5358 σιν.
2287 5282 2453 5360 Μένει
2483 5303 2591 5374 γὰρ
2621 5302 2648 5354 ὃ
2676 5297 2743 5370 ἦν
2782 5300 2874 5352 ἀπ’
2901 5297 3097 5366 ἀρχῆς,
3129 5292 3291 5355 Θεός·
3329 5289 3478 5360 μένει
3507 5285 3603 5341 καὶ
3630 5282 3728 5356 τὴν

2156 5397 2311 5470 ἡμῶν
2337 5399 2392 5451 ἐν
2426 5395 2604 5466 ἑαυτῷ
2642 5386 3074 5464 παρασκευάζων
3099 5381 3352 5454 ὓπαρξιν.

545 5036 654 5090 Nec
694 5035 1052 5091 similitudine
1081 5045 1290 5102 nostra,
1317 5049 1480 5106 quam
1513 5031 1832 5102 assumpsit,
1870 5031 1925 5084 in
1959 5028 2042 5084 di-

473 5129 720 5182 vinitatis
758 5136 1010 5182 naturam
1046 5138 1273 5194 mutata,
1323 5143 1420 5181 nec
1461 5125 1746 5180 divinitate
1781 5125 1955 5194 ipsius
1980 5124 2042 5178 in

476 5222 888 5277 siinilitudinem
917 5232 1160 5278 nostram
1192 5235 1480 5276 conversa.
1502 5219 1682 5273 Manet
1706 5217 1876 5283 enim,
1899 5217 2043 5288 quod

475 5312 544 5366 ab
578 5313 733 5366 initio
782 5322 920 5377 erat,
956 5313 1120 5375 Deus,
1171 5320 1354 5366 manet
1400 5311 1562 5365 etiam
1612 5317 1859 5363 nostram
1896 5308 1949 5362 in
1987 5321 2046 5362 se

473 5405 596 5476 ipso
633 5408 874 5463 retinens
902 5406 1285 5462 substantiam.

548 5581 568 5612 ³
600 5582 793 5639 Matth.
827 5597 985 5642 XXIII,
1015 5582 1070 5646 8,
1108 5580 1196 5634 i0.

559 5759 676 5828 (10)
711 5755 840 5827 Leg.
878 5754 1242 5827 παρήγγελλε.
