3878 6304
186 313 250 369 57
1407 321 1770 382 EPISTOLE
1809 324 2175 382 PASCALES
3361 324 3429 386 53

1772 459 1858 518 ιν.

842 564 1222 640 Fragmentum
1263 584 1330 624 ea:
1361 569 1603 640 Epistula
1633 573 1879 629 Paschali
1915 590 2040 626 ann.
2063 573 2189 636 402,
2225 570 2253 643 §
2283 571 2336 638 7,
2366 587 2483 640 sup.
2513 587 2634 642 pag.
2661 569 2785 627 69.5.

965 683 1144 750 .Apud
1172 683 1542 740 Theodoritum
1573 687 1708 742 Dial.
1742 703 1823 752 ιιι,
1860 685 1993 756 Opp.
2027 697 2155 740 tom.
2185 685 2215 740 Ι
2235 685 2292 751 ν,
2323 701 2445 756 pag.
2473 685 2596 740 167.

186 789 481 858 Θεοφίλου
529 789 870 847 emo-xde
911 793 1387 867 ᾈλεξανδρείας,
1422 797 1490 860 ἐξ
1539 797 1765 865 Ἑορτα-
1796 805 1818 859 ,Α

1905 796 2142 867 'heophili
2204 797 2434 865 episcopi
2482 795 2857 861 Alexandria,
2907 810 2974 852 es
3019 806 3158 852 tomo
3205 796 3440 852 IIeorta-

753 863 963 916 στικοῦ
1005 867 1188 933 τόμου

251 973 375 1026 Τῶν
412 975 526 1045 γάρ
555 975 768 1045 ἀλόγων
791 977 890 1030 οὐκ
921 977 1166 1048 αἴρονται
1207 980 1300 1032 καὶ
1345 979 1578 1032 τίθενται
1608 980 1768 1034 πάλιν

189 1070 240 1121 αἱ
265 1068 465 1136 ψυχαὶ,
490 1069 626 1123 ἀλλὰ
653 1071 794 1140 μετὰ
819 1068 925 1124 τῶν
955 1071 1222 1142 σωμάτων
1245 1071 1762 1143 συνδιαφθείρονται,

189 1159 278 1210 καὶ
308 1159 392 1219 εἰς
425 1157 559 1228 χοῦν
602 1159 944 1214 ἀναλύουσιν.
987 1160 1046 1212 'U
1083 1159 1140 1213 δὲ
1174 1161 1384 1232 Σωτὴρ,
1415 1163 1556 1235 ἄρας
1603 1163 1768 1217 αὑτοῦ

187 1250 336 1321 παρὰ
390 1250 488 1303 τὸν
518 1251 710 1322 καιρὸν
753 1251 847 1305 τοῦ
889 1252 1122 1323 σταυροῦ
1163 1253 1262 1325 τὴν
1298 1255 1474 1326 ψυχὴν
1522 1257 1632 1310 ἀπὸ
1674 1253 1770 1310 τοῦ

187 1341 388 1393 οξχείου
452 1339 740 1411 σώματος,
793 1344 952 1397 πάλιν
1003 1343 1171 1414 αὐτὴν
1223 1347 1303 1408 εἰς
1354 1346 1486 1398 αὐτὸ
1527 1346 1770 1400 τέθεικεν

188 1433 509 1501 ἀναστήσας
546 1435 611 1486 ὲκ
644 1434 872 1505 νεκρῶν.
911 1434 1081 1487 Τοῦτο
1113 1435 1176 1505 δὴ
1215 1435 1572 1506 πιστούμενος
1605 1437 1770 1508 ἡμᾶς,

189 1522 465 1594 προῦλεγε
491 1524 583 1578 διὰ
609 1525 703 1608 ⁶ιεοῦ
733 1525 1039 1596 Ψαλμῳδοῦ
1071 1525 1238 1596 βοῶν·
1268 1528 1390 1580 Οὐκ
1427 1528 1775 1597 ἐγκαταλεί-

189 1617 326 1682 ψεις
359 1615 486 1682 τὴν
520 1617 738 1686 ψυχήν·
765 1635 885 1688 μου
929 1619 1019 1684 εὶς
1059 1617 1234 1685 ᾅδην,
1264 1617 1408 1672 οὐδὲ
1433 1618 1648 1688 δώσεις
1670 1620 1779 1676 τὸν⁹

190 1703 366 1758 ὅσιόν
390 1720 516 1760 σου
545 1707 698 1762 ἰδεῖν
723 1706 1072 1778 διαφθοράν.

1795 1805 1862 1864 V.

2580 867 2734 920 stico.

1941 979 2174 1034 Ratione
2198 979 2505 1035 carentium
2540 993 2648 1033 non
2689 979 2978 1044 tolluntur,
3019 988 3073 1034 et
3111 980 3307 1036 iterum
3343 997 3443 1052 po-

1872 1078 2077 1124 nuntur
2103 1070 2319 1135 animae,
2353 1070 2447 1126 sed
2481 1086 2586 1124 una
2622 1086 2746 1124 cum
2785 1085 3016 1140 corpore
3058 1072 3353 1136 intereunt,
3387 1078 3444 1126 et

1871 1162 1926 1216 in
1954 1163 2231 1232 pulverem
2267 1163 2636 1217 resolvuntur.
2670 1164 2739 1215 At
2785 1160 3037 1216 Salvator
3083 1162 3276 1218 tollens
3314 1173 3444 1218 tem-

1872 1270 2004 1325 pore
2035 1255 2313 1324 passionis
2353 1254 2590 1308 animam
2630 1269 2661 1308 a
2695 1255 2919 1324 proprio
2952 1269 3203 1324 corpore,
3244 1254 3442 1309 iterum

1873 1361 1994 1401 eam
2030 1348 2270 1402 restituit
2300 1346 2517 1416 corpori
2560 1360 2589 1398 a
2629 1347 2861 1400 mortuis
2888 1347 3236 1400 resuscitato.
3271 1344 3446 1414 Hujus

1875 1438 1954 1492 rei
2007 1437 2166 1492 ﬁdem
2217 1438 2378 1494 nobis
2427 1438 2638 1494 faciens
2663 1439 2914 1508 praedixit
2968 1453 3062 1508 per
3103 1435 3444 1490 Psalmistam

1874 1530 2120 1585 clamans
2151 1547 2165 1584 :
2203 1529 2325 1584 Non
2358 1531 2617 1600 relinques
2657 1531 2889 1583 animam
2924 1543 3090 1580 meam
3131 1528 3184 1579 in
3222 1525 3445 1594 inferno,

1877 1638 2036 1692 neque
2063 1623 2214 1677 dabis
2245 1633 2486 1677 sanctum
2515 1632 2661 1676 tuum
2693 1621 2866 1675 videre
2895 1621 3278 1690 corruptionem
3297 1617 3341 1672 ⁸.
3405 1693 3418 1702 κ

728 1940 1105 2012 Fragmentum
1135 1958 1201 1994 ea:
1229 1944 1410 1995 cadent
1438 1940 1672 2010 Epistola
1698 1942 1950 1999 Paschali
1985 1961 2112 1998 ann.
2140 1943 2272 2009 402,
2307 1943 2336 2015 §
2361 1944 2446 2011 16,
2480 1963 2598 2014 sup.
2629 1963 2750 2016 pag.
2776 1944 2904 2000 625.

1034 2053 1186 2120 Apud
1217 2052 1587 2107 Theodoritum
1628 2054 1762 2109 Dial.
1802 2071 1860 2120 ιι,
1893 2057 2025 2127 Opp.
2063 2067 2192 2111 tam.
2228 2057 2316 2122 IV,
2348 2073 2469 2127 pag.
2499 2059 2620 2114 101.

235 2172 343 2227 Τοῦ
395 2169 702 2245 μαξαρζου
745 2170 1037 2245 βεοφζλου
1085 2170 1422 2245 ἐπισκόπου
1477 2171 1747 2236 Ἀλεξαν-
1816 2188 1818 2241 ς

1905 2173 2038 2228 Βειηὶ
2067 2175 2335 2244 Theophili
2364 2177 2593 2244 episcopi
2615 2175 2974 2238 Alexandriw,
3003 2190 3067 2230 ex
3094 2191 3160 2231 us
3185 2191 3302 2245 qua:
3325 2176 3475 2234 serio

501 2240 724 2307 δρείας,
759 2243 820 2291 ἐκ
854 2240 959 2292 τῶν
990 2240 1128 2292 κατὰ
1165 2240 1490 2310 Ὠριγένους.

280 2348 424 2400 Ἀλλ’
445 2349 509 2400 οὐ
534 2347 645 2419 γάρ
671 2349 771 2418 οὺχ
796 2348 1083 2419 ἡσυχάζων
1102 2349 1261 2402 πάλιν
1288 2350 1626 2421 βλασφημεῖς
1640 2333 1781 2421 ’(11),

203 2442 562 2511 συκοφαντῶν
607 2440 700 2494 τὸν
751 2442 879 2494 Tibv
918 2441 1009 2494 τοῦ
1059 2441 1222 2506 Θεοῦ,
1258 2445 1351 2494 καὶ
1387 2443 1561 2511 λέγων
1603 2445 1784 2509 αὐτοῖς

203 2535 448 2606 ῥήμασιν
470 2533 645 2596 οὓτως
668 2550 681 2563 ο
711 2552 728 2584 t
759 2531 966 2599 Ὠσπερ
985 2534 1012 2585 6
1035 2533 1162 2596 Υἱὸς
1185 2537 1276 2586 καὶ
1317 2536 1501 2606 Πατὴρ
1525 2536 1582 2588 ἓν
1625 2538 1785 2602 εἰσιν,

200 2626 342 2679 οὕτω
362 2627 462 2678 καὶ
486 2626 556 2695 ῆν
583 2624 805 2693 εἴληφεν
828 2625 855 2676 6
875 2622 1006 2686 Tib;
1030 2623 1206 2696 ψυχὴν
1227 2626 1318 2678 καὶ
1340 2627 1751 2692 αὑτὸςβνείσιν·
1767 2645 1785 2678 ι

202 2718 413 2785 ἀγνοῶν
444 2718 528 2770 ὅτι
559 2719 588 2770 6
632 2716 731 2786 μὲν
773 2714 902 2778 Υἱὸς
930 2715 1024 2768 καὶ
1055 2719 1084 2770 6
1131 2717 1319 2790 Πατὴρ
1341 2718 1400 2771 ἓν
1437 2721 1541 2772 είσι
1573 2717 1660 2770 διὰ
1690 2721 1788 2790 τὴν

206 2811 332 2880 μίαν
368 2811 586 2874 οὐσίαν,
620 2810 714 2860 καὶ
744 2809 842 2878 τὴν
873 2809 1042 2879 αὐτὴν
1081 2808 1308 2879 θεότητα
1327 2827 1340 2840 ο
1370 2813 1402 2880 ἡ
1433 2811 1488 2863 δὲ
1519 2811 1662 2883 ψυχὴ
1698 2813 1791 2864 κα)⁸

203 2902 233 2954 6
261 2902 410 2963 Υἱὸς.
439 2901 603 2970 ὲτέρα
636 2899 772 2970 πρὸς
801 2899 995 2970 ἑτέραν
1029 2901 1175 2952 ἐστὶν
1197 2901 1354 2952 οὐσία
1383 2917 1441 2952 τε
1477 2903 1572 2954 καὶ
1607 2901 1788 2969 φύσις.

207 2993 266 3044 El
292 2994 404 3062 γὰρ
433 2991 628 3062 ὥσπερ
653 2993 680 3044 6
707 2993 894 3064 Πατὴρ
927 2993 1020 3046 καὶ
1046 2993 1074 3044 6
1097 2991 1220 3054 Tib;
1253 2993 1311 3045 ἓν
1340 2995 1495 3054 εἰσιν,
1527 2995 1668 3046 οῦτω
1697 2995 1791 3047 πα)⁵

205 3084 242 3152 η
267 3082 417 3153 ψυχὴ
454 3083 552 3134 τοῦ
597 3082 726 3135 Υἱοῦ
778 3083 871 3134 καὶ
911 3085 939 3135 6
985 3083 1114 3146 Tib;
1160 3083 1217 3136 ἓν
1249 3086 1417 3145 εἰσιν,
1455 3084 1604 3138 ἔσται
1643 3085 1736 3138 καὶ
1764 3087 1792 3138 6

212 3175 401 3246 Πατὴρ
441 3176 537 3228 καὶ
567 3178 600 3246 ή
649 3174 794 3245 ψυχὴ
829 3175 909 3240 ἓν,
951 3175 1044 3228 καὶ
1078 3175 1214 3240 λέξει
1270 3177 1399 3230 ποτὲ
1446 3179 1537 3230 καὶ
1579 3178 1612 3247 ἡ
1648 3177 1794 3249 ψυχὴ

208 3267 300 3321 τοῦ
345 3266 502 3328 Υἱοῦ,
548 3267 608 3318 '0
649 3266 923 3334 ἑωρακὼς
963 3266 1068 3336 ἐμὲ
1118 3266 1340 3335 ἑώρακε
1389 3268 1496 3320 τὸν
1539 3267 1790 3336 Πατέρα.

222 3360 360 3412 Ἀλλ’
395 3361 500 3412 οὐκ
531 3358 646 3411 ἐστι
682 3359 860 3422 τοῦτο,
897 3359 971 3429 μὴ
1013 3358 1250 3427 γένοιτοί
1288 3361 1345 3412 '0
1389 3359 1497 3428 γὰρ
1533 3359 1658 3423 Υἱὸς
1704 3361 1796 3413 καὶ

2310 2249 2418 2315 psit
2441 2247 2703 2300 adversus
2726 2245 3038 2314 Origenem.

1963 2358 2031 2410 At
2060 2358 2204 2410 enim
2235 2371 2340 2410 non
2368 2356 2626 2410 desinens
2653 2356 2846 2408 iterum
2873 2354 3243 2424 blasphemas,
3267 2354 3466 2409 Filium

1892 2447 1986 2504 Dei
2019 2449 2380 2510 calunuuans,
2407 2457 2460 2501 et
2485 2449 2571 2502 his
2601 2448 2782 2502 verbis
2814 2454 2973 2501 utens
3002 2465 3015 2500 :
3053 2465 3070 2498 ι
3100 2447 3466 2512 Quemadmo-

1893 2539 2022 2592 dum
2057 2536 2228 2592 Filius
2255 2546 2310 2591 et
2333 2536 2492 2591 Pater
2523 2553 2690 2590 unum
2721 2543 2869 2599 sunt,
2903 2535 2983 2590 sic
3012 2543 3066 2590 et
3096 2536 3276 2588 anima
3301 2551 3464 2604 quam

1895 2629 2190 2699 assumpsit
2210 2627 2379 2682 Filius
2407 2640 2459 2682 et
2487 2627 2602 2698 ipse
2631 2643 2796 2680 unum
2818 2635 2977 2681 sunt:
3015 2644 3033 2677 ι
3057 2626 3306 2680 nesciens
3321 2623 3466 2695 quod

1895 2718 2069 2774 Filius
2107 2719 2326 2788 quidem
2366 2728 2419 2772 et
2470 2717 2630 2772 Pater
2675 2733 2842 2770 unum
2891 2716 3002 2770 sint
3053 2725 3272 2785 propter
3307 2730 3469 2768 unam

1895 2810 2289 2872 substantiam,
2314 2817 2367 2862 et
2394 2809 2639 2862 eamdem
2674 2808 3054 2872 divinitatem;
3089 2811 3266 2860 anima
3291 2815 3473 2862 autem

1897 2910 1949 2955 et
1979 2900 2152 2955 Filius
2175 2901 2449 2956 diversam
2484 2903 2628 2956 inter
2659 2917 2718 2956 se
2749 2901 3112 2956 substantiam
3145 2901 3386 2954 habeant
3416 2906 3473 2954 et

1897 3004 2176 3044 naturam.
2207 2989 2264 3043 Si
2292 2992 2438 3044 enim
2477 2992 2622 3045 sicut
2648 2989 2810 3046 Pater
2836 2999 2885 3045 et
2923 2989 3092 3046 Filius
3120 3008 3286 3045 unum
3319 2997 3471 3054 sunt,

1902 3091 2065 3137 erunt
2097 3091 2148 3136 et
2176 3081 2341 3136 Pater
2379 3091 2433 3137 et
2465 3083 2644 3136 anima
2681 3097 2872 3146 unum,
2915 3091 2969 3137 et
3005 3084 3149 3138 dicet
3180 3081 3478 3152 aliquando

1899 3179 2060 3232 etiam
2091 3175 2211 3231 Filii
2243 3176 2424 3230 anima
2449 3195 2462 3229 :
2494 3175 2597 3242 Qui
2620 3175 2747 3229 vidit
2779 3193 2877 3238 me,
2904 3176 3030 3230 vidit
3058 3175 3269 3229 Patrem
3297 3175 3338 3228 ⁸.
3366 3173 3478 3229 Sed

1902 3284 2008 3320 non
2060 3268 2135 3321 ita
2175 3276 2296 3328 est.
2345 3267 2526 3320 absit!
2580 3265 2716 3319 Nam
2771 3264 2948 3320 Filius
2995 3279 3050 3320 et
3093 3265 3255 3320 Pater
3305 3280 3476 3318 unum

1901 3367 2050 3417 sunt.
2075 3358 2203 3428 quia
2233 3373 2342 3412 non
2370 3365 2499 3410 sunt
2527 3357 2758 3411 diversa:
2787 3358 3080 3426 qualitates
3101 3374 3115 3421 ;
3134 3358 3317 3410 anima
3347 3370 3488 3412 vero

209 3453 238 3505 6
269 3452 459 3522 Πατὴρ
519 3450 598 3516 ἒν,
653 3450 840 3522 ἐπειδὴ
892 3452 966 3522 μὴ
1001 3451 1246 3522 διάφοροι
1296 3453 1608 3522 ποιότητες·
1660 3453 1693 3523 ἡ
1739 3452 1796 3506 δὲ

1905 3459 1954 3504 et
1992 3449 2164 3504 Filius
2220 3461 2274 3504 et
2300 3458 2494 3502 natura
2529 3458 2583 3504 et
2625 3449 2933 3505 substantia
2963 3448 3242 3513 diﬂerunt,
3271 3448 3397 3518 quia
3426 3453 3482 3503 et

211 3543 358 3613 ψυχὴ
387 3543 486 3596 καὶ
525 3545 554 3595 6
588 3542 738 3605 Tib;,
763 3544 858 3595 καὶ
886 3546 950 3613 τῇ
988 3542 1168 3611 φύσει,
1198 3544 1291 3595 καὶ
1321 3546 1386 3614 τῇ
1410 3544 1566 3614 οὐσίᾳ
1591 3545 1798 3616 ἕτερον,

1905 3542 2021 3612 ipsa
2043 3557 2259 3612 quoque
2289 3557 2385 3612 per
2427 3558 2552 3598 cum
2589 3541 2732 3596 facta
2778 3550 2884 3606 est,
2916 3542 3160 3597 eamdem
3191 3542 3480 3596 nobiscum

214 3634 404 3704 ἐπειδὴ
442 3634 540 3686 καὶ
582 3633 723 3705 αὑτὴ
767 3634 834 3687 δι’
872 3635 1035 3688 αὑτοῦ
1073 3636 1315 3704 γέγονεν,
1360 3636 1642 3706 ὁμοούσιος
1673 3639 1804 3708 ἡμῖν

1910 3635 2116 3690 habens
2137 3635 2526 3690 substantiam.
2556 3631 2613 3687 Si
2643 3633 2789 3688 enim
2822 3634 3283 3703 quemadmodum
3324 3632 3482 3685 Pater

217 3724 566 3794 ὑπάρχουσα.
603 3726 665 3778 Et
701 3725 811 3796 γὰρ
853 3719 898 3794 ᾧ
944 3727 1132 3797 τρόπῳ
1177 3728 1205 3779 6
1245 3728 1434 3798 Πατὴρ
1484 3729 1577 3783 καὶ
1614 3731 1641 3781 6
1680 3729 1806 3793 Υἱός

216 3819 354 3870 εἰσιν
383 3818 464 3882 ἓν,
501 3816 678 3888 τούτῳ
709 3817 787 3888 τῷ
815 3818 1002 3888 τρόπῳ
1028 3820 1120 3871 καὶ
1147 3819 1180 3890 ἡ
1221 3818 1366 3889 ψυχὴ
1395 3820 1487 3872 καὶ
1529 3823 1558 3874 ὁ
1585 3821 1710 3885 Υἱὸς
1747 3821 1808 3876 ἓν

220 3911 353 3974 εἰσι,
381 3909 531 3961 κατὰ
572 3909 664 3961 τὸν
702 3909 1003 3980 Ὠριγένην,
1051 3909 1202 3962 ἔσται
1250 3913 1342 3964 καὶ
1381 3913 1413 3981 ἡ
1456 3911 1624 3984 ψυχὴ,
1671 3915 1747 3979 ὡς
1781 3916 1810 3968 6

224 4001 372 4064 Υἱὸς,
411 4001 757 4072 ἀπαύγασμα
780 4003 878 4071 τῆς
907 4002 1062 4073 δόξης
1090 4001 1180 4055 τοῦ
1208 4002 1363 4067 Θεοῦ,
1401 4005 1496 4056 καὶ
1524 4006 1810 4076 χαρακτὴρ

223 4094 322 4163 τῆς
353 4095 712 4156 ὑποστάσεως
746 4092 934 4146 αὑτοῦ.
972 4093 1134 4147 Ἀλλὰ
1173 4094 1279 4166 μὴν
1317 4094 1576 4149 ἀδύνατον
1617 4097 1807 4151 τοῦτο’

226 4187 488 4240 ἀδύνατον
536 4186 644 4257 ἄρα
685 4187 778 4239 καὶ
822 4185 910 4238 τὸν
943 4186 1069 4240 Tibv
1111 4188 1205 4240 καὶ
1232 4186 1327 4258 τὴν
1355 4187 1531 4260 ψυχὴν
1559 4188 1724 4242 αὑτοῦ
1756 4189 1812 4242 ’ἐν

229 4273 392 4339 εἶναι,
429 4278 687 4350 καθάπερ
734 4278 895 4342 αὐτὸς
929 4278 1024 4332 καὶ
1066 4281 1094 4332 6
1125 4279 1315 4350 Πατὴρ
1358 4279 1416 4333 ἒν
1455 4283 1579 4334 εἰσι.
1628 4282 1736 4335 Καὶ
1762 4281 1813 4334 τί

230 4373 449 4442 ποιήσει
500 4372 664 4424 πάλιν
701 4371 878 4442 ἐαυτῷ
914 4372 1296 4443 περιπίπτων;
1328 4374 1528 4444 γράφει
1567 4376 1673 4446 γὰρ
1724 4374 1814 4428 οῦ-

227 4481 368 4526 τως’
407 4464 485 4516 Οὐ
533 4464 707 4534 δήπου
750 4464 858 4536 γάρ
897 4466 931 4534 ἡ
964 4463 1344 4535 τεταραγμένη
1381 4467 1474 4517 καὶ
1521 4465 1814 4535 περίλυπος

228 4556 366 4613 οὖσα
402 4559 556 4630 ψυχὴ
582 4561 612 4612 6
642 4559 950 4628 Μονογενὴς
988 4559 1082 4610 καὶ
1114 4557 1455 4629 πρωτότοκος
1491 4556 1670 4628 πάσης
1698 4556 1816 4610 κτί-

233 4667 372 4714 σεως
401 4651 702 4720 ἐτύγχανεν
735 4645 890 4703 οὖσα.
927 4649 986 4700 Ὀ
1013 4647 1122 4718 γὰρ
1148 4647 1280 4710 Θεὸς
1311 4648 1501 4716 Λόγος,
1531 4647 1606 4708 ὡς
1638 4646 1818 4715 κρείτ-

230 4759 340 4794 των
372 4745 475 4813 τῆς
511 4740 693 4811 ψυχῆς
721 4740 1025 4811 τυγχάνων,
1053 4738 1214 4802 αὐτὸς
1247 4740 1275 4791 6
1306 4738 1433 4800 Υἱός
1465 4754 1650 4809 φησιν,
1688 4737 1818 4802 Ἐξο

231 4835 457 4888 ουσίαν
503 4835 626 4903 ἔχω
685 4830 871 4886 θεῖναι
927 4831 1160 4889 αὐτὴν.
1210 4830 1310 4884 καὶ
1371 4828 1660 4894 ἐξουσίαν
1701 4828 1818 4897 ἔχω

1907 3740 1959 3782 et
2000 3726 2172 3782 Filius
2214 3744 2382 3781 unum
2431 3735 2594 3790 sunt,
2636 3727 2719 3780 sic
2757 3728 2939 3780 anima
2985 3736 3036 3783 et
3081 3725 3256 3780 Filius
3310 3739 3484 3778 unum

1909 3829 2057 3881 sunt,
2085 3829 2142 3872 ut
2175 3819 2289 3873 vult
2337 3817 2624 3887 Origenes,
2655 3819 2760 3872 erit
2786 3830 2838 3871 et
2863 3818 3044 3870 anima
3064 3856 3078 3879 ,
3113 3817 3261 3871 sicut
3286 3814 3484 3881 Filius,

1911 3911 2170 3981 splendor
2199 3910 2384 3979 gloriae
2411 3909 2529 3972 Dei,
2551 3918 2606 3963 et
2628 3909 2916 3963 charaCIer
2942 3909 3262 3962 substantia!
3287 3907 3482 3976 ipsius.

1911 4003 2074 4072 Atqui
2127 4003 2229 4056 hoc
2267 4002 2382 4056 tieri
2421 4001 2630 4070 nequit.
2667 4000 3008 4070 lmpossibile
3053 4008 3140 4056 est
3194 4001 3382 4070 igitur,
3426 4008 3488 4053 ut

1913 4093 2085 4149 Filius
2109 4101 2160 4148 et
2187 4092 2308 4162 ejus
2343 4092 2526 4146 anima
2555 4108 2721 4146 unum
2755 4092 2885 4156 sint,
2915 4091 3059 4146 sicut
3091 4091 3209 4161 ipse
3246 4101 3300 4146 ct
3326 4089 3492 4143 Pater

1914 4200 2082 4239 unum
2119 4193 2270 4239 sunt.
2303 4182 2370 4238 Et
2398 4184 2529 4253 quid
2569 4183 2732 4239 faciet
2773 4197 2995 4237 rursum
3037 4183 3140 4238 sibi
3178 4182 3281 4252 ipsi
3323 4195 3490 4250 repu—

1913 4277 2126 4349 gnans?
2179 4275 2270 4332 Sic
2304 4277 2450 4332 enim
2500 4267 2742 4332 scribit:
2775 4273 3128 4346 Nequaquam
3168 4275 3389 4328 turbata
3433 4279 3496 4327 et

1915 4371 2094 4427 tristis
2153 4370 2336 4424 anima
2389 4367 2718 4440 Unigenitus
2768 4377 2925 4434 erat,
2983 4375 3036 4423 et
3092 4366 3496 4436 primogenitus

1915 4462 2096 4517 omnis
2121 4467 2410 4514 creatum.
2433 4459 2568 4514 Nam
2593 4459 2735 4516 Deus
2765 4460 3020 4524 Verbum,
3059 4468 3117 4512 ut
3146 4458 3324 4512 anima
3353 4472 3492 4527 pra:-

1915 4555 2170 4616 stautior,
2204 4552 2319 4623 ipse
2352 4551 2524 4608 Filius
2566 4553 2681 4607 ait:
2718 4551 3042 4606 Potestatem
3071 4549 3231 4604 habeo
3263 4546 3492 4617 ponendi

1916 4662 2055 4710 eam,
2083 4655 2130 4700 et
2164 4653 2473 4715 potestatem
2504 4643 2665 4698 habeo
2694 4643 2994 4698 assumendi
3024 4659 3141 4696 eam
3158 4641 3200 4693 ⁸.
3237 4638 3292 4694 Si
3326 4639 3492 4709 igitur

1917 4738 2093 4796 Filius
2143 4740 2494 4809 praestantior
2531 4743 2615 4792 est
2657 4736 2839 4789 anima
2887 4749 3020 4798 sua,
3053 4732 3198 4786 sicut
3227 4737 3496 4801 praestan-

1921 4829 2116 4883 tiorem
2143 4843 2267 4884 esse
2306 4827 2362 4881 in
2405 4825 2662 4882 confesso
2691 4832 2795 4887 est,
2831 4822 3106 4892 quomodo
3147 4822 3269 4892 ejus
3311 4821 3494 4874 anima

227 4924 443 4977 λαϐεῖν
477 4925 697 4990 αὐτήν.
729 4925 791 4976 Εἰ
819 4923 997 4977 τοίνυν
1029 4925 1290 4994 κρείττων
1320 4922 1466 4974 ἐστὶν
1501 4921 1531 4973 6
1571 4920 1696 4984 Υἱὸς
1721 4921 1818 4992 τῆς

1925 4920 2155 4990 aequalis
2199 4928 2284 4973 est
2313 4918 2448 4981 Deo,
2489 4926 2542 4971 et
2578 4918 2630 4970 in
2667 4915 2840 4968 forma
2893 4913 3103 4982 ipsius?
3134 4911 3308 4983 Ipsam
3347 4911 3496 4966 enim

233 5016 429 5069 ἑαυτοῦ
461 5015 666 5086 ψυχῆς,
702 5015 889 5087 ὥσπερ
916 5011 1008 5068 οὖν
1041 5014 1134 5067 καὶ
1155 5013 1416 5085 κρείττων
1450 5012 1814 5084 ὡμολόγηται,

235 5110 354 5173 1’43;
388 5112 421 5181 ἡ
451 5110 601 5182 ψυχὴ
639 5109 831 5162 τούτου
864 5105 957 5162 ἶσα
1001 5107 1138 5179 Θεῷ,
1167 5108 1260 5160 καὶ
1288 5109 1346 5159 ἐν
1392 5109 1570 5178 μορφῇ
1615 5105 1814 5170 αὐτοῦς

236 5202 408 5272 αὐτὴν
435 5202 548 5271 γὰρ
600 5197 739 5254 εἷναί
773 5218 952 5270 φαμεν
981 5202 1080 5270 τὴν
1114 5199 1428 5252 κενώσασαν
1460 5198 1679 5268 ἑαυτὴν,
1725 5198 1820 5250 καὶ

242 5293 459 5364 μορφὴν
491 5293 681 5346 δούλου
705 5292 993 5348 λαϐοῦσαν.
1036 5293 1168 5354 Ταῖς
1200 5291 1521 5362 ὑπερϐολαῖς
1558 5292 1666 5344 τῶν
1695 5292 1822 5344 ἀσε-

239 5386 406 5438 ϐειῶν
444 5385 848 5456 ἐπισημότερος
886 5385 996 5439 τῶν
1037 5383 1212 5437 ἄλλων
1244 5383 1532 5454 αἱρετικῶν
1575 5383 1819 5451 ἐγένετο,

239 5475 319 5541 ὡς
352 5474 848 5547 ὲπεσημηνάμεθα.
887 5476 950 5527 El
975 5473 1084 5545 γὰρ
1115 5476 1176 5529 ἐν
1207 5475 1385 5546 μορφῇ
1423 5473 1560 5528 Θεοῦ
1590 5473 1824 5546 ὑπάρχει

315 5629 506 5686 ⁸1³831.
537 5648 630 5696 xv,
663 5629 752 5687 10.
799 5632 849 5666 -'
874 5629 1032 5685 Joan.
1065 5646 1178 5694 xw,
1209 5627 1264 5684 9.
1356 5629 1377 5660 '
1408 5626 1565 5684 Joan.
1601 5645 1655 5692 ι,
1688 5628 1768 5686 18.

1921 5030 2044 5070 esse
2073 5013 2314 5068 dicimus
2337 5053 2351 5076 ,
2389 5026 2508 5079 qua:
2559 5026 2618 5067 se
2672 5009 2847 5078 ipsam
2882 5007 3213 5074 exinanivit,
3243 5014 3296 5062 et
3349 5003 3496 5062 servi

1923 5109 2153 5163 formam
2190 5105 2417 5173 accepit.
2452 5102 2631 5169 Quare
2663 5101 2928 5173 Origenes
2972 5117 3164 5156 omnes
3195 5099 3336 5154 alios
3381 5096 3499 5151 bae-

1923 5201 2126 5256 reticos
2164 5198 2440 5267 impietate
2474 5204 2719 5267 superat,
2765 5203 2825 5250 ut
2871 5192 3387 5250 demonstravimus.
3434 5189 3496 5243 Si

1919 5289 2070 5348 enim
2103 5290 2157 5342 in
2191 5287 2363 5343 {arma
2399 5287 2494 5342 Dei
2525 5294 2609 5342 est
2637 5285 2896 5350 Verbum,
2934 5293 2986 5340 et
3010 5283 3119 5339 Deo
3147 5290 3231 5338 est
3261 5279 3495 5349 mquale.

1929 5381 1986 5434 in
2018 5380 2192 5434 forma
2222 5394 2350 5434 vero
2389 5377 2484 5433 Dei
2513 5394 2656 5442 esse,
2705 5385 2759 5433 et
2789 5377 3051 5448 aequalem
3080 5389 3202 5430 esse
3236 5372 3346 5426 Deo
3375 5371 3499 5424 ani-

1931 5490 2073 5529 mam
2109 5473 2411 5537 Salvatoris
2441 5479 2615 5545 putat,
2656 5472 2751 5544 qui
2801 5472 2883 5528 sic
2921 5470 3162 5528 scribere
3191 5479 3359 5522 ausus
3386 5469 3496 5530 est,

318 5745 435 5816 (ιι)
473 5744 606 5819 Leg.
637 5744 966 5817 βλασφημεῖ,
1003 5741 1344 5812 blasphemat.
1387 5741 1476 5798 Sic
1506 5758 1637 5798 sane
1675 5741 1818 5813 leget

1919 5744 2299 5811 Hieronymus.
