3878 6374
359 350 430 407 59
1347 343 1722 400 THEOPHILI
1759 342 2072 401 EPISCOPI
2108 339 2580 398 ALEXANDRINI
3537 327 3612 389 ω

360 464 634 538 quomodo
683 462 830 536 quod
864 470 948 519 est
995 461 1203 532 aequale
1248 461 1598 532 praestantius
1639 459 1767 515 est?
1805 457 1936 525 Quae

2098 458 2292 528 Λόγος,
2325 459 2421 511 καὶ⁵
2452 453 2552 511 ῐσα
2571 455 2691 527 Θεῷ
2715 456 2883 520 ἐστιν,
2907 454 2964 507 ὲν
2997 453 3174 525 μορφῇ
3201 450 3256 503 δὲ
3275 447 3406 502 Θεοῦ
3441 448 3612 521 ὑπάρ.

359 537 505 615 enim
537 565 732 612 natura
775 556 1036 612 inferiora
1066 562 1216 623 sunt,
1249 569 1439 610 eorum
1468 569 1589 626 qua:
1622 566 1788 623 supra
1815 551 1936 623 ipsa

2064 567 2158 619 [ειν
2189 549 2281 601 καὶ
2322 544 2418 602 ῐσα
2460 545 2581 617 Θεῷ
2626 547 2724 618 τὴν
2767 544 2945 616 ψυχὴν
2991 540 3086 596 τοῦ
3132 539 3380 609 Σωτῆρος
3411 537 3614 608 οἴεται,

361 658 492 706 sunt
521 649 892 721 praestantiam
920 655 1211 704 testantur.

2064 635 2324 708 τολμήσας
2357 635 2501 690 οὕτω
2542 635 2771 707 γράψαι,
2807 635 2925 698 πῶς
2957 633 3018 686 τὸ
3042 627 3158 684 ἴσον
3192 631 3433 702 κρεῖττόν
3464 631 3615 698 ὲστις

2042 726 2122 780 Τὰ
2155 728 2262 800 γὰρ
2303 727 2683 798 ὑποϐεϐηκότα
2707 726 2805 797 τὴν
2835 724 3028 796 φύσιν,
3058 724 3168 778 τῶν
3212 722 3350 794 ὑπὲρ
3391 721 3528 775 αὐτὰ
3555 723 3615 775 τί

2042 822 2289 890 κρεῖττον
2319 822 2604 891 μαρτυρεῖ.

1953 933 2044 991 Ἦ.

1370 1050 1750 1122 Fragmentum
1771 1065 1834 1103 ex
1860 1046 2104 1120 Epistola
2138 1049 2389 1106 Paschali
2419 1047 2484 1103 ν.

612 1163 762 1218 Inter
785 1177 905 1220 acta
934 1168 1143 1221 concilii
1180 1165 1434 1237 Ephesini
1457 1175 1601 1236 part.
1636 1181 1696 1230 ιι,
1725 1166 1890 1229 acM,
1919 1163 2128 1222 Concil.
2162 1175 2292 1221 tom.
2334 1165 2454 1231 III,
2479 1181 2602 1235 pag.
2627 1162 2790 1228 1055,
2819 1161 2944 1215 edit.
2986 1157 3369 1214 Veneto-Labb.

371 1277 637 1348 Theophili
665 1279 991 1351 sanctissimi
1011 1281 1238 1351 episcopi
1258 1280 1616 1346 Alexandrina,
1641 1294 1707 1334 ex
1741 1279 1942 1346 Quinta

2056 1282 2346 1351 Θεοφίλου
2372 1281 2478 1335 τοῦ
2504 1276 2826 1351 ἁγιωτάτων
2854 1275 3187 1351 enimcdi
3214 1270 3322 1338 τῆς
3352 1269 3620 1351 Ἀλεξαν-

883 1349 1134 1405 Paschali
1170 1349 1419 1421 epistola.

2124 1341 2358 1474 optimc,
2434 1352 2516 1430 ὲκ,
2549 1341 2668 1419 ’τῆς
2731 1348 2986 1417 πέμπτης
3059 1343 3444 1414 Ἐορταστικῆς
3502 1341 3622 1392 ὲπιο

2124 1439 2213 1474 στο
2245 1440 2332 1474 nc.

2121 1439 2332 1485 στοΑης.

438 1521 663 1576 Exstant
709 1530 764 1576 et
808 1537 956 1576 nunc
993 1535 1211 1594 quoque
1256 1531 1498 1578 veterum
1539 1522 1932 1577 miraculorum

2121 1440 2245 1475 στοΑ
2285 1440 2332 1485 ς.

2123 1440 2282 1584 Ἔστῗ
2304 1531 2410 1601 γὰρ
2442 1530 2538 1583 καὶ
2563 1529 2658 1583 νῦν
2687 1528 2794 1580 τῶν
2821 1525 2941 1579 τότε
2961 1525 3250 1597 θαυμάτων
3273 1522 3342 1576 τὰ
3371 1520 3620 1592 λείψανα.

372 1615 646 1685 reliquiae.
681 1612 854 1669 Nemo
887 1614 1098 1669 dubitet
1127 1614 1260 1685 quin
1298 1614 1390 1670 Dei
1419 1616 1597 1671 virtus
1635 1614 1848 1670 eﬂicere
1886 1614 1941 1668 id

2064 1624 2138 1694 lii)
2183 1623 2619 1683 άπιστείτωσαν,
2651 1621 2732 1674 ὅτι
2777 1617 3005 1688 δύναμις
3051 1616 3184 1670 Θεοῦ
3225 1613 3396 1685 ἰσχύει
3448 1615 3624 1666 ποιεῖν

367 1715 554 1776 queat,
610 1715 666 1760 ut
707 1707 861 1778 virgo
895 1708 1102 1778 pariat;
1156 1709 1210 1762 in
1265 1724 1372 1779 qua
1426 1710 1638 1780 utique,
1684 1710 1844 1766 nobis
1883 1718 1944 1765 ut

2064 1712 2314 1784 παρθένον
2338 1711 2669 1775 ἀποτίκτειν,
2701 1709 2759 1760 ἐν
2858 1706 3144 1777 γενόμενος
3165 1707 3194 1758 ὁ
3229 1702 3338 1768 ζῶν
3367 1702 3460 1756 τοῦ
3482 1700 3620 1756 Θεοῦ

367 1801 806 1865 assimilaretur,
856 1801 1038 1856 vivum
1094 1801 1188 1857 Dei
1250 1801 1485 1858 Verbum
1522 1805 1662 1874 (alia
1712 1819 1949 1874 namque

2064 1805 2221 1872 λόγος
2251 1803 2340 1856 διὰ
2360 1804 2457 1872 τὴν
2491 1801 2627 1873 πρὸς
2652 1800 2801 1870 ἡμᾶς
2841 1798 3095 1869 ὁμοίωσιν
3115 1814 3128 1827 ·
3158 1795 3331 1857 ἄλλως
3358 1794 3467 1865 γὰρ
3504 1810 3626 1846 συν-

367 1891 580 1946 ratione
608 1891 953 1947 familiariter
985 1895 1130 1947 inter
1167 1909 1266 1949 nos
1296 1895 1506 1950 versari
1533 1910 1642 1950 non
1677 1895 1945 1965 poterat),

366 1992 439 2032 ne
484 1995 514 2033 e
549 1979 830 2049 voluptate
877 1989 931 2036 et
982 1997 1198 2048 somno,
1245 1990 1305 2036 ut
1357 1984 1412 2038 in
1458 1985 1584 2040 aliis
1632 1984 1948 2041 hominibus

367 2069 686 2140 contingere
719 2072 878 2134 solet,
907 2087 1107 2142 corpus
1137 2077 1436 2140 sumeret',
1470 2085 1658 2131 nostra
1692 2077 1949 2132 similitu-

367 2160 496 2216 dine
521 2169 767 2232 accepta,
799 2179 862 2218 ex
901 2164 1114 2234 virgine
1149 2165 1350 2237 prodiit
1378 2186 1390 2221 :
1423 2167 1698 2223 hominem
1726 2168 1948 2240 quidem

369 2251 670 2305 secundum
701 2254 952 2309 servilem
991 2255 1222 2310 formam
1261 2257 1420 2314 nobis
1449 2260 1595 2314 haud
1624 2259 1944 2314 dissimilem

374 2339 673 2396 videndum
700 2357 760 2398 se
811 2345 1062 2413 praabens
1084 2387 1097 2410 ,
1131 2363 1194 2400 ex
1232 2350 1489 2417 operibus
1520 2357 1701 2404 tamen
1750 2349 1949 2421 (opera

370 2430 514 2484 enim
573 2431 757 2487 divina
812 2435 1100 2505 patrabat)
1150 2438 1396 2493 omnium
1445 2448 1498 2494 et
1543 2439 1833 2494 Dominum
1898 2449 1954 2494 et

369 2521 621 2594 opificem
658 2539 718 2579 se
757 2540 879 2580 esse
903 2527 1222 2583 ostendens.

2053 1895 2260 1967 ομιλείν
2289 1897 2421 1965 ἡμῖν
2451 1893 2610 1946 αὑτὸν
2640 1890 2932 1960 ἐγγύτερον
2954 1890 3052 1959 οὑχ
3076 1883 3186 1941 οἷόν
3211 1904 3270 1939 τε
3287 1881 3355 1957 ἦν
3373 1902 3386 1917 ο
3428 1885 3517 1939 ἵνα
3548 1884 3624 1954 μὴ

2053 1985 2114 2049 ἐξ
2139 1984 2333 2055 ἡδονῆς
2354 1982 2448 2036 καὶ
2480 1981 2671 2045 ὕπνου,
2697 1979 2946 2050 καθάπερ
2975 1977 3065 2031 ἐπὶ
3089 1976 3196 2029 τῶν
3219 1975 3390 2029 ἄλλων
3417 1971 3627 2042 ἀνθρώ-

2054 2095 2171 2133 πων
2204 2077 2337 2146 ἔχει,
2391 2075 2606 2145 δέξηται
2646 2073 2834 2143 σῶμα,
2870 2071 2928 2124 τὺ
2979 2073 3036 2124 ἐν
3083 2066 3382 2140 ὁμοιώματι
3433 2063 3624 2117 τούτου

2054 2170 2320 2242 λαμϐάνει
2371 2170 2434 2221 ἐκ
2483 2165 2750 2239 παρθένου
2807 2162 3155 2232 τικτόμενοςο
3207 2157 3489 2227 ἄνθρωπος
3527 2153 3626 2224 μὲν

2056 2263 2396 2334 φαινόμενος,
2433 2259 2507 2322 ὡς
2540 2260 2720 2329 ἡμεῖς,
2745 2253 2889 2309 κατὰ
2917 2252 3012 2324 τὴν
3043 2251 3136 2305 τοῦ
3169 2249 3353 2303 δούλου
3387 2245 3622 2318 μορφὴν,

2055 2359 2120 2410 ὲκ
2149 2355 2205 2408 δὲ
2236 2353 2344 2406 τῶν
2375 2351 2550 2422 ἔργων
2595 2346 3082 2417 ἀποδεικνύμενος,
3117 2343 3200 2396 ὃτι
3229 2339 3338 2393 τῶν
3373 2337 3626 2391 ἁπάντων

2057 2442 2388 2516 δημιουργὸς
2421 2442 2512 2494 καὶ
2535 2437 2738 2507 Κύριός
2763 2437 2900 2500 ἐστι,
2929 2435 3182 2505 πράττων
3208 2429 3344 2499 ἔργα
3370 2424 3524 2480 Θεοῦ.

1949 2643 2064 2699 γιι.

1428 2755 1809 2829 Fragmentum
1827 2779 1891 2816 ex
1923 2759 2169 2832 Epistola
2201 2752 2454 2810 Paschali
2485 2751 2575 2806 Vl.

1946 2852 2084 2910 Ibid.
2354 2850 2361 2859 ’

584 2940 862 3013 Ejusdem,
891 2955 955 2994 ea:
988 2937 1155 2994 Sexta
1188 2938 1438 2996 Paschali
1472 2943 1722 3011 epistola.

2088 2941 2196 2996 Τοῦ
2248 2937 2454 3003 αὑτοῦ,
2501 2935 2571 2988 ἐκ
2600 2934 2696 3004 τῆς
2740 2931 2997 3055 ἓξὲξ,μῆ
3050 2925 3435 3000 Ἑορταστικῆς
3473 2926 3597 2978 ἑπι-

2735 3021 2766 3055 σ
2847 3019 2942 3055 mc.

2735 3019 2942 3071 στολης.

446 3115 661 3172 Etenim
714 3123 774 3170 ut
830 3114 1271 3182 praestantissimi
1312 3116 1518 3186 quique
1563 3117 1804 3174 artifices
1842 3135 1951 3176 non

2125 3123 2228 3182 Οἷα
2271 3124 2377 3198 γὰρ
2415 3123 2525 3177 τῶν
2564 3119 2820 3192 τεχνιτῶν
2852 3121 2900 3172 οἱ
2949 3119 3158 3189 ἄριστοι
3198 3115 3299 3168 οὐκ
3334 3115 3390 3166 ὲν
3421 3109 3630 3182 τιμίαις

379 3206 556 3263 solum
582 3208 636 3262 in
661 3207 827 3262 nobili
852 3207 1107 3277 quapiam
1133 3209 1362 3262 materia
1391 3218 1560 3264 artem
1589 3225 1744 3264 suam
1768 3217 1955 3267 osten-

377 3298 592 3365 dentes,
623 3312 878 3368 magnam
915 3297 999 3351 sui
1032 3295 1444 3351 admirationem
1469 3297 1708 3353 excitare
1739 3300 1954 3366 solent;

377 3403 569 3445 verum
604 3390 770 3445 etiam
820 3389 980 3444 vilem
1015 3403 1218 3455 ceram,
1261 3400 1316 3444 et
1351 3389 1526 3444 lutum
1566 3392 1713 3461 quod
1757 3393 1960 3448 dissol-

378 3482 546 3548 vitur,
585 3497 730 3552 saepe
777 3490 1087 3546 sumentes,
1123 3482 1258 3536 artis
1307 3497 1418 3537 suae
1450 3483 1556 3536 vim
1599 3483 1654 3537 in
1693 3498 1756 3538 ea
1786 3485 1999 3555 expli-.

381 3583 530 3637 cant,
561 3582 616 3628 et
664 3573 1083 3628 cumulatiorem
1133 3572 1351 3627 laudem
1404 3583 1832 3642 promerentur:
1883 3576 1959 3630 ita

383 3680 516 3721 sane
537 3667 780 3721 omnium
806 3669 1045 3735 optimus
1074 3663 1294 3730 artifex,
1315 3665 1498 3719 vivum
1531 3666 1664 3720 illud
1689 3675 1742 3721 et
1767 3666 1958 3722 efﬁcax

383 3755 478 3812 Dei
513 3755 750 3812 Verbum
769 3757 812 3821 ⁸,
845 3757 990 3827 quod
1023 3757 1338 3811 universam
1375 3759 1516 3813 hanc
1547 3775 1730 3814 rerum
1762 3760 1960 3814 molem

383 3850 524 3905 mira
559 3849 770 3904 ordinis
800 3849 1177 3904 concinnitate
1206 3852 1512 3915 exornavit,
1549 3866 1659 3905 non
1693 3859 1960 3922 tanquam

385 3942 627 4013 pretiosa
673 3943 857 4012 aliqua
907 3941 1156 4006 materia,
1202 3943 1304 3996 hoc
1348 3949 1452 4005 est,
1488 3943 1696 3998 caelesti
1732 3959 1963 4014 corpore

386 4044 606 4106 sumpto
639 4035 707 4089 ad
764 4050 867 4090 nos
912 4033 1229 4097 descendit,
1265 4034 1361 4088 sed
1396 4034 1452 4088 in
1496 4035 1610 4090 luto
1661 4035 1794 4090 artis
1851 4051 1964 4091 suae

388 4127 824 4196 magnitudinem
870 4126 1206 4189 declaravit,
1243 4125 1371 4178 dum
1414 4127 1530 4196 ipse
1575 4127 1849 4182 hominem
1897 4144 1966 4183 ex

390 4217 521 4274 limo
546 4219 840 4274 formatum
865 4219 1294 4281 instauraturus,
1330 4233 1467 4272 nova
1496 4219 1728 4288 quadam
1757 4221 1968 4276 ratione

393 4311 558 4366 homo
597 4329 660 4367 ex
693 4313 902 4382 virgine
936 4309 1227 4380 processit.
1268 4309 1331 4361 Et
1368 4295 1622 4376 quamvis
1661 4312 1967 4367 nativitatis

399 4404 562 4458 modo
600 4419 629 4458 a
681 4404 842 4458 nobis
881 4401 1154 4466 ditl'erret,
1188 4400 1602 4456 similitudinem
1644 4410 1826 4456 tamen
1869 4417 1969 4456 no-

2062 3221 2221 3291 μόνον
2265 3217 2419 3278 ὕλαις
2465 3215 2565 3286 τὴν
2609 3214 2802 3284 τέχνην
2856 3209 3165 3279 ἐκφαίνουσι
3209 3201 3632 3275 θαυμαζόμενοι,
3703 3289 3707 3293 η

2057 3316 2171 3370 ἀλλ’
2193 3310 2443 3374 εὐτελοῦς
2472 3309 2644 3380 κηροῦ
2676 3309 2771 3361 καὶ
2795 3303 2964 3376 πηλοῦ
2993 3300 3340 3370 διαλυομένου
3375 3295 3632 3357 πολλάκις

2059 3400 2475 3474 ἐπειλημμένοι,
2515 3400 2615 3469 τῆς
2656 3397 2966 3466 ἐπιστήμης
2997 3391 3204 3444 ἑαυτῶν
3239 3385 3632 3441 ἐπιδεικνύουσι

2058 3496 2157 3566 τὴν
2186 3494 2436 3562 δύναμιν,
2479 3488 2656 3559 πολλῷ
2701 3487 2898 3559 μᾶλλον
2950 3480 3363 3552 ἐπαινούμενον
3405 3476 3575 3539 οὕτως
3604 3476 3634 3526 ό

2061 3564 2278 3641 πάντων
2313 3584 2698 3657 άριστοτέχνης
2718 3620 2732 3645 ,
2770 3581 2798 3633 ὁ
2846 3578 2954 3643 ζῶν
2983 3576 3074 3630 καὶ
3118 3573 3344 3644 ἐνεργὴς
3376 3569 3467 3624 τοῦ
3499 3564 3634 3621 Θεοῦ

2059 3680 2251 3749 Λόγος,
2283 3679 2488 3743 τάξεως
2523 3675 2758 3746 ἁρμονίᾳ
2801 3671 3173 3741 διακοσμήσας
3211 3667 3278 3720 τὰ
3323 3664 3633 3735 σύμπαντα,

2060 3772 2158 3842 οὐχ
2179 3801 2181 3803 ι
2203 3765 2293 3823 οἷά
2335 3786 2479 3833 τινος
2518 3768 2702 3839 τιμίας
2737 3764 2888 3836 ὕλης,
2920 3762 3169 3834 οὐρανίου
3203 3757 3495 3828 λαϐόμενος
3527 3752 3636 3804 σώ-

2065 3879 2257 3937 ματος,
2292 3861 2427 3932 πρὸς
2459 3861 2606 3930 ἡμᾶς
2648 3859 2894 3926 ἀφῖκται,
2943 3853 3056 3907 ἀλλ’
3101 3853 3158 3902 ὲν
3202 3845 3356 3919 πηλῷ
3385 3845 3443 3897 τὺ
3495 3843 3636 3913 μέγα

2062 3955 2161 4019 τῆς
2191 3952 2384 4006 ἑαυτοῦ
2416 3951 2654 4005 δείκνυσι
2678 3949 2895 4018 τέχνης,
2925 3945 3014 3998 τὸν
3042 3945 3105 3997 ὲκ
3139 3939 3308 4012 πηλοῦ
3331 3937 3637 3990 πλασθέντα

2063 4045 2443 4117 διορθούμενος
2492 4042 2794 4112 ἄνθρωπον,
2831 4038 2991 4101 αὐτὸς
3039 4037 3102 4088 ὲκ
3135 4031 3412 4101 Παρθένου
3457 4043 3639 4080 καινοσ

2067 4138 2290 4210 πρεπῶς
2315 4134 2518 4206 προῖὼν
2558 4133 2840 4204 ἄνθρωπος
2863 4149 2876 4161 ·
2908 4129 2984 4200 τῷ
3019 4127 3117 4198 μὲν
3142 4124 3326 4196 τρόπῳ
3354 4121 3454 4190 τῆς
3481 4119 3636 4188 γενέ-

2068 4246 2208 4292 σεως
2262 4226 2624 4288 διαλλάττων,
2672 4225 2769 4294 τὴν
2809 4222 2865 4275 δὲ
2903 4218 3044 4274 κατὰ
3078 4217 3252 4270 πάντα
3305 4213 3441 4283 πρὸς
3494 4210 3639 4280 ἡμᾶς

2067 4321 2236 4391 χωρὶς
2292 4318 2567 4390 ἁμαρτίας
2621 4316 2719 4367 οὐκ
2785 4313 3042 4382 ἐκφυγεῖν
3096 4307 3285 4378 κρίνας
3345 4303 3636 4374 ὁμοίωσιν

2070 4411 2406 4481 τικτόμενος,
2449 4403 2962 4478 σπαργανούμενος,
3005 4400 3407 4471 τιθηνούμενος,
3443 4393 3639 4465 βρέφος

403 4505 573 4576 stram
619 4502 901 4569 (peccato
955 4495 1218 4548 duntaxat
1268 4496 1582 4568 excepto')
1637 4512 1732 4568 per
1788 4498 1959 4552 omnia

2075 4503 2132 4554 ὲν
2166 4501 2338 4571 φάτνῃ
2372 4498 2639 4568 κείμενος,
2669 4496 2768 4566 τῆς
2801 4492 3014 4564 φύσεως
3045 4489 3200 4562 ἡμῶν
3227 4489 3325 4559 τὴν
3359 4484 3639 4576 ἀσθένειαν

399 4591 830 4658 amplectendam
866 4587 1224 4642 existimavit.
1260 4585 1398 4641 Nam
1426 4598 1479 4643 et
1505 4590 1770 4656 nascitur,
1802 4599 1855 4645 et
1890 4591 1972 4645 fa-

398 4676 529 4730 sciis
586 4676 901 4739 involvitur,
933 4683 987 4728 et
1031 4675 1283 4738 Iactatur,
1315 4683 1368 4730 et
1401 4677 1582 4735 infans
1615 4680 1668 4734 in
1705 4681 1972 4751 praesepio

401 4767 720 4836 ponitur”;
770 4775 824 4820 et
874 4780 1066 4821 omnes
1119 4765 1353 4837 denique
1394 4779 1615 4841 prapter
1642 4771 1755 4842 jam
1795 4771 1972 4830 dictas

403 4873 602 4914 causas
636 4867 845 4912 natura:
874 4867 1076 4914 nostra:
1123 4857 1469 4918 inﬁrmitates
1499 4863 1796 4933 experitur.
1831 4862 1971 4918 Inte-

405 4951 509 5005 rim
561 4957 742 5002 tamen
798 4965 924 5004 cum
975 4949 1158 5005 infans
1205 4952 1384 5007 adhuc
1438 4963 1616 5022 esset,
1687 4955 1968 5010 inimicum

2075 4569 2428 4660 ἐκδεχόμενος
2450 4586 2538 4639 διὰ
2565 4585 2664 4649 τὰς
2696 4581 3068 4655 προλαϐούσας
3099 4576 3370 4648 ἁμαρτίας
3405 4573 3516 4643 (l5)
3547 4569 3640 4623 καὶ

2075 4681 2273 4744 αἰτίας.
2313 4680 2452 4733 Ἀλλ’
2477 4679 2558 4732 ἔτι
2605 4677 2803 4749 βρέφος
2839 4674 2935 4738 ὢν,
2990 4670 3124 4742 ὁμοῦ
3165 4669 3258 4723 καὶ
3295 4667 3385 4719 τὸν
3427 4660 3636 4733 ἐχθρὸν,

2075 4772 2170 4826 καὶ
2199 4772 2298 4843 τὴν
2335 4770 2526 4824 τούτου
2569 4769 2787 4840 θορυϐεῖ
2813 4766 3084 4838 φάλαγγα,
3117 4762 3322 4834 μάγους
3346 4759 3518 4812 ἕλκων
3551 4753 3641 4808 ἐπὶ

2079 4865 2364 4934 μετάνοιαν
2388 4903 2403 4928 ,
2459 4861 2555 4914 καὶ
2619 4855 3050 4931 παρασκευάζων
3093 4852 3184 4906 τοῦ
3228 4846 3643 4907 ἀποστείλαντος

2075 4958 2270 5020 αὐτοὺς
2295 4956 2639 5026 περιφρονεῖν
2664 4952 2776 5024 (id)
2807 4949 3090 5022 βασιλέως.

407 5039 692 5112 ipsiusque
725 5040 1005 5096 cohortem
1041 5045 1328 5114 exterruit,
1360 5063 1548 5120 magos
1616 5049 1684 5105 ad
1724 5049 2098 5121 pmnitentiam
2166 5052 2466 5116 adducens,
2509 5058 2565 5106 et
2632 5056 2692 5104 ut
2721 5062 2902 5121 regem
2953 5061 2984 5100 a
3035 5058 3145 5115 quo
3187 5037 3341 5098 missi
3403 5033 3640 5090 fuerant.

412 5142 842 5201 contemnerent,
875 5133 1132 5193 eﬂiciens.

486 5312 506 5342 τ
539 5311 665 5382 Sap.
695 5326 790 5378 vu,
821 5312 874 5368 3.
946 5313 967 5345 '
988 5313 1151 5373 Hebr.
1184 5332 1260 5385 tv,
1288 5319 1375 5376 12.
1437 5323 1460 5353 ο
1482 5319 1612 5376 Ibid.
1648 5320 1733 5375 15.
1807 5320 1850 5352 ¹⁶
1881 5319 2012 5376 Luc.
2034 5337 2096 5385 ll,
2124 5319 2180 5373 7.

489 5485 600 5562 (i3)
642 5485 768 5562 ἓλεεο
799 5489 983 5562 ἕκτης.

488 5555 600 5627 (13)
643 5555 768 5632 [θεέ.
801 5555 995 5626 αἰτίας.

2157 5496 2175 5566 (
2185 5497 2269 5567 ιι)
2311 5496 2439 5568 Leg.
2469 5493 2851 5567 καταφρονεῖν.

1741 5733 2354 5764 --—-no—————
