3878 6354
306 352 376 407 65
1308 350 1672 409 THEOPHILI
1715 348 2024 408 EPISCOPI
2059 350 2529 411 ALEXANDRINI
3468 352 3542 410 65

307 478 416 522 tem
469 472 626 520 extra
677 464 812 520 ﬁnes
859 479 991 520 suos
1029 464 1273 534 judicet;
1313 467 1359 520 si
1403 476 1582 522 autem
1631 467 1874 536 ignoras,

2002 469 2058 540 ιὴ
2089 470 2292 540 κρίνειν
2319 468 2505 538 δίκην*
2535 468 2583 521 εί
2605 468 2660 521 δὲ
2688 469 2916 536 ἀγνοεῖς,
2945 467 3130 538 μαθὼν
3163 469 3398 537 ἁποσχου
3431 466 3540 520 τῶν

307 561 483 623 disce,
534 567 588 613 et
624 573 652 612 a
688 557 889 612 libellis
934 557 1200 613 adversus
1237 573 1323 613 me
1359 559 1596 614 abstine.
1643 558 1778 613 Nam
1827 559 1872 615 si

304 647 544 719 indicari
577 661 662 700 me
704 653 1008 716 oporteret,
1053 648 1119 701 ab
1151 646 1426 718 Egyptiis
1465 649 1742 720 episcopis
1780 649 1875 719 ju-

309 741 578 796 dicandus
612 756 730 795 sum
755 781 769 805 ,
805 755 914 793 non
949 755 978 793 a
1025 749 1078 795 te
1109 741 1202 810 qui
1245 743 1588 813 septuaginta
1631 743 1878 813 quinque

310 835 524 888 dierum
555 834 749 888 itinere
781 833 907 885 hinc
931 833 1082 887 abes.

1982 560 2102 611 κατ’
2146 559 2278 629 ἐμοῦ
2317 557 2592 610 λιὸέλλων.
2626 558 2688 611 Εί
2736 559 2840 630 γὰρ
2870 560 2959 612 καὶ
3000 558 3107 612 δέοι
3142 574 3207 627 με
3250 556 3538 627 κριθῆναι,

1984 648 2136 720 παρὰ
2167 651 2274 702 τῶν
2312 649 2639 717 Αἰγυπτίων,
2671 649 2764 701 καὶ
2805 649 2863 701 οὐ
2897 648 3049 720 παρὰ
3088 647 3201 712 σοῦ,
3232 645 3541 717 ἀφεστῶτος

1987 738 2515 810 ἑϐδομηκονταπέντε
2555 737 2775 809 ἡμερῶν
2809 737 2945 792 ὁδόν.

627 943 760 998 Vlll.
799 943 1065 998 EPISTOLA
1103 943 1322 1000 JOANNIS
1359 962 1594 1002 EPISCOP-l
1622 946 1826 1008 Cirnu,
1865 959 1932 998 ετ
1965 943 2280 999 SENTENTIA
2305 939 2598 996 Turonum
2625 939 3266 996 EpiscoriALsxmoam.

1035 1083 1187 1152 Apud
1219 1083 1535 1138 Catelerium
1555 1085 1624 1139 ad
1652 1083 2084 1140 Constitutiones
2112 1078 2344 1150 apostol.
2376 1078 2470 1133 lib.
2493 1093 2547 1145 γ,
2576 1095 2693 1147 cap.
2724 1078 2814 1135 20.

383 1223 587 1278 Diebus
611 1221 829 1291 jejunii,
860 1223 1008 1277 circa
1037 1224 1225 1277 horam
1258 1239 1458 1278 nonam
1493 1235 1615 1294 post
1642 1239 1879 1279 consue-

313 1326 397 1371 tas
447 1330 675 1385 preces,
724 1317 1031 1384 sumptione
1078 1318 1244 1387 panis.
1288 1317 1582 1380 duntaxat,
1625 1333 1779 1389 aquae
1826 1325 1880 1372 et

314 1408 550 1472 olerum,
590 1414 683 1459 aut
717 1405 1057 1466 caricarum.
1093 1416 1185 1461 aut
1219 1408 1558 1478 dactylorum
1582 1449 1597 1473 ,
1636 1411 1880 1466 necessi—

315 1504 481 1550 talem
539 1496 787 1566 corporis
837 1497 1150 1566 explemus;
1207 1508 1566 1568 praeterquam
1610 1501 1654 1555 si
1695 1501 1881 1572 aliquo

317 1587 510 1640 morbo
537 1587 668 1641 illud
701 1587 1009 1642 amictetur.
1037 1590 1169 1643 Cum
1203 1591 1371 1660 igitur
1401 1600 1454 1645 et
1483 1591 1571 1647 die
1602 1600 1724 1647 ante
1753 1607 1880 1646 san-

316 1683 404 1730 cta
437 1674 785 1745 Theophania
815 1679 1109 1748 jubeamur
1137 1679 1390 1750 jejunare
1411 1722 1426 1744 ,
1461 1690 1586 1751 post
1620 1681 1882 1752 vesperti—

317 1782 449 1821 num
491 1767 737 1823 Ollicium
791 1771 980 1841 illique
1025 1774 1376 1841 conjunctam
1417 1773 1587 1827 divini
1637 1774 1882 1844 mysterii

316 1856 766 1926 celebrationem,
795 1862 863 1916 ad
897 1863 1077 1916 cibum
1114 1865 1330 1932 corpori
1363 1865 1774 1918 convenientem
1802 1879 1888 1919 so-
1919 1856 1958 1909 Β

316 1945 496 2004 lemus
545 1951 833 2018 accedere;
863 1960 995 2008 tunc
1025 1969 1243 2009 sumere
1285 1969 1396 2008 non
1427 1962 1644 2024 oportet
1673 1955 1850 2009 oleum
1870 1995 1885 2017 ,

317 2049 413 2095 aut
453 2041 653 2110 pisces.
690 2041 824 2097 Nam
865 2044 911 2099 si
945 2060 1009 2100 ea
1038 2045 1175 2108 dies,
1207 2046 1424 2116 vigilia,
1469 2047 1727 2116 inquam,
1760 2063 1886 2102 san-

317 2141 532 2187 ctorum
585 2134 1088 2205 TheOphaniorum,
1145 2138 1365 2192 indiem
1410 2138 1752 2193 Dominicum
1803 2142 1888 2194 in-

318 2225 622 2291 currisset;
651 2224 987 2296 Theophilus
1020 2228 1370 2282 Alexandriae
1415 2229 1709 2298 episcopus
1747 2230 1889 2284 cari-

319 2326 415 2364 cas
445 2320 656 2366 tantum
691 2324 785 2368 aut
815 2317 1084 2385 palmulas
1109 2319 1391 2373 comedere
1418 2319 1675 2389 iniungit,
1709 2327 1892 2388 quate-

317 2418 424 2458 nus
485 2414 744 2460 caveatur
804 2424 874 2462 ne
928 2409 1209 2465 Dutninica
1271 2412 1556 2466 videantur
1604 2412 1886 2481 jejunarc;

319 2501 522 2550 temere
553 2512 700 2559 vero,
727 2499 917 2553 eadem
944 2501 1123 2569 vigilia
1149 2501 1204 2555 in
1236 2503 1403 2556 alium
1430 2503 1569 2556 diem
1592 2503 1888 2567 incidente,

316 2586 500 2640 cibum
530 2589 870 2658 pinguiorem
910 2593 1276 2662 attigerimus.
1314 2594 1468 2659 Quod
1493 2596 1536 2648 si
1571 2603 1890 2649 sanctorum

319 2678 800 2749 Theophaniorum
836 2671 954 2739 dies
983 2685 1037 2738 in
1065 2684 1302 2741 Tetrade
1335 2696 1429 2740 aut
1469 2687 1770 2742 Parasceve
1793 2684 1890 2756 (ιν,

319 2779 414 2824 aut
446 2787 500 2826 vi
533 2770 703 2841 feria)
737 2774 1026 2839 institerit,
1052 2776 1286 2830 sulliciat
1315 2779 1471 2831 nobis
1503 2778 1716 2832 solvere
1745 2776 1891 2847 quod

315 2856 474 2926 juxta
506 2860 890 2929 Apostolorum
921 2880 1182 2920 canonem
1214 2882 1339 2920 Lxlx
1359 2910 1372 2932 ,
1409 2868 1557 2922 hisce
1588 2868 1781 2923 diebus
1809 2867 1897 2923 in-

321 2951 575 3006 stitutum
613 2963 697 3009 est
721 2955 1026 3024 jejunium;
1061 2959 1135 3012 uti
1181 2969 1360 3012 autern
1391 2961 1511 3014 oleo
1544 2969 1598 3015 et
1630 2961 1891 3030 piscibus.

319 3040 391 3093 At
421 3055 639 3096 carnem
663 3046 745 3097 vel
770 3061 991 3100 caseum
1012 3047 1366 3113 manducare,
1394 3051 1647 3120 ingluviei
1669 3067 1894 3121 prorsus

322 3142 688 3188 commentum
723 3145 839 3200 est,
875 3153 982 3191 non
1019 3140 1334 3209 apostolica:
1376 3142 1736 3211 legislationis
1778 3143 1897 3210 jus-

324 3232 466 3273 suin.
497 3218 676 3290 Neque
707 3225 853 3277 enim
882 3207 1092 3294 regnum
1124 3225 1216 3281 Dei
1242 3239 1318 3284 est
1341 3207 1460 3282 escit
1490 3240 1536 3283 et
1563 3241 1716 3299 potus
1746 3207 1823 3297 “‘;
1846 3238 1899 3285 et
1927 3207 1970 3262 θ

324 3324 446 3378 qua:
476 3321 802 3382 sequuntur.

2067 1224 2156 1276 Ἐν
2195 1226 2315 1286 ταῖς
2362 1220 2643 1292 νηστίμοις
2690 1218 2798 1271 τῶν
2834 1209 3092 1289 ἡμερῶν,
3141 1218 3268 1289 περὶ
3321 1218 3548 1290 ὲννάτην

1985 1316 2131 1386 ὥραν
2170 1314 2305 1385 μετὰ
2351 1313 2450 1374 τὰς
2487 1311 2732 1382 συνήθεις
2767 1309 2949 1378 εὐχὰς,
2999 1311 3056 1361 ὲν
3087 1308 3235 1380 ἄρτῳ
3275 1308 3419 1380 μόνῳ
3453 1312 3550 1364 καὶ

1986 1407 2136 1462 ’ύδατι
2171 1409 2263 1460 καὶ
2293 1406 2566 1476 λαχάνοις,
2617 1404 2650 1474 ἢ
2687 1403 2896 1472 ἰσχάσιν
2943 1401 3079 1472 (I5),
3123 1402 3156 1472 ἦ
3199 1401 3424 1469 φοίνιξιν
3451 1402 3550 1473 τὴν

1985 1500 2172 1571 χρείαν
2218 1497 2637 1568 ἁποπληροῦμεν
2673 1495 2766 1549 τοῦ
2816 1493 3096 1564 σώματος,
3135 1495 3183 1546 εί
3231 1495 3419 1565 μήτις
3466 1495 3553 1546 ἐν-

1987 1591 2166 1662 οχλοίη
2198 1591 2370 1669 τούτῳ
2395 1588 2666 1642 ἀσθένεια.
2711 1586 2863 1639 Ἐπεί
2886 1585 3061 1638 τοίνυν
3092 1584 3190 1638 κᾶν
3219 1588 3284 1656 τῇ
3313 1585 3418 1654 πρὸ
3444 1584 3552 1638 τῶν

1986 1683 2155 1750 ἁγίων
2188 1679 2494 1750 Θεοφανίων
2528 1678 2714 1749 ἡμέρᾳ
2745 1676 3213 1748 προστεταγμένον
3251 1675 3550 1747 νηστεύειν,

1994 1773 2128 1844 μετὰ
2154 1771 2250 1842 τὴν
2279 1769 2627 1840 συνημμένην
2651 1767 2825 1838 ταύτῃ
2851 1766 2998 1820 θείαν
3026 1766 3432 1837 μυσταγωγίαν,
3461 1765 3556 1818 ἐπὶ

1988 1865 2084 1935 τὴν
2119 1862 2430 1934 σωματικὴν
2465 1861 2732 1930 εἰώθαμεν
2773 1859 2908 1912 ἰέναι
2946 1859 3151 1930 τροφὴν
3175 1899 3189 1924 ,
3219 1858 3278 1910 ού
3322 1856 3557 1927 μεταλη-

1987 1954 2146 2007 πτέον
2180 1953 2358 2006 ἐλαίου
2388 1952 2420 2021 ἢ
2460 1950 2673 2021 ἰχθύων.
2717 1951 2778 2002 Εἰ
2809 1948 2916 2019 γὰρ
2945 1949 3044 2017 τῆς
3079 1947 3288 2018 ἡμέρας
3314 1946 3517 2014 ταύτης
3537 1986 3553 2005 ,

1986 2040 2085 2110 τῆς
2114 2038 2430 2109 παραμονῆς
2474 2056 2614 2108 φημι
2655 2037 2760 2089 τῶν
2805 2037 2973 2104 ἁγίων
3003 2035 3341 2105 Θεοφανίων,
3372 2035 3559 2106 ἡμέρᾳ

1988 2133 2237 2203 κυριακῇ
2303 2129 2689 2200 συνελθούσης,
2756 2130 2785 2182 ὁ
2841 2127 3097 2196 Θεόφιλος
3155 2127 3559 2206 Ἀλεξανδρείας

1993 2224 2220 2293 ἰσχάδων
2271 2223 2426 2293 μόνον
2463 2221 2495 2292 ἦ
2540 2220 2795 2291 φοινίκων
2844 2221 3171 2290 ἐπισκήπτει
3209 2218 3561 2290 μεταλαμϐά-

1990 2333 2130 2377 νειν,
2161 2315 2282 2367 ὅσον
2314 2312 2653 2381 φυλάξασθαι
2688 2311 2747 2364 τὸ
2781 2312 2837 2364 ἐν
2871 2312 3122 2384 Κυριακῇ
3154 2308 3425 2378 δειχθῆναι
3460 2324 3559 2378 νη-

1992 2405 2198 2458 στεύειν
2227 2421 2239 2434 ·
2277 2404 2437 2474 σχολῇ
2466 2406 2514 2471 γ’
2549 2403 2614 2461 ἂν
2643 2403 2807 2473 ἑτέρα
2839 2401 3221 2471 συμπεσούσης
3247 2399 3449 2470 ἡμέρᾳ,
3477 2398 3558 2450 λι-

1992 2496 2310 2568 παρωτέρας
2337 2496 2539 2566 τροφῆς
2575 2494 2871 2564 ἁψαίμεθα.
2901 2494 2964 2546 Ei
2989 2493 3046 2545 δὲ
3070 2494 3166 2545 καὶ
3189 2494 3222 2563 ἡ
3255 2491 3364 2546 τῶν
3389 2491 3561 2559 ἁγίων

1991 2587 2299 2656 Θεοφανίων
2325 2586 2504 2657 ἡμέρα
2531 2588 2589 2639 ὲν
2619 2585 2900 2657 Τετρὰδιῆ
2929 2586 3251 2656 Παρασκευῇ
3284 2583 3560 2653 ἐπισταίη,

1993 2681 2222 2752 ἀρκετὸν
2264 2681 2396 2752 ἡμῖν
2445 2679 2603 2733 λῦσαι
2643 2680 2742 2751 τὴν
2771 2680 2828 2732 ὲν
2864 2682 2981 2742 ταῖς
3021 2677 3296 2740 τοιαύταις
3326 2677 3564 2748 ἡμέραις

1994 2769 2386 2840 νενομισμένην
2414 2768 2665 2839 νηστείαν
2698 2768 2839 2822 κατὰ
2867 2769 2957 2821 τὸν
2990 2766 3062 2832 ξθ⁹
3094 2766 3200 2820 τῶν
3233 2767 3397 2836 ἁγίων
3425 2769 3564 2821 ἀπο-

1999 2865 2199 2918 στόλων
2239 2865 2457 2927 κανόνα,
2491 2862 2653 2933 ὲλαίῳ
2700 2879 2758 2915 τε
2797 2862 3225 2933 χρήσασθαικαὶ
3256 2861 3451 2933 ἰχθύσι.
3489 2860 3563 2912 Τὸ

1997 2957 2052 3010 δὲ
2086 2957 2310 3028 κρέατος
2338 2955 2370 3026 ἢ
2394 2954 2558 3026 τυροῦ
2591 2958 2807 3025 φαγεῖν,
2849 2954 3293 3025 γαστριμαργίας
3323 2953 3564 3022 ἀτεχνῶς

1997 3045 2234 3118 εὕρημα,
2259 3047 2358 3099 ούκ
2381 3046 2742 3116 ἀποστολικῆς
2774 3045 3090 3117 νομοθεσίας
3120 3047 3415 3114 ἐπίταγμα.
3443 3045 3566 3096 Οὐκ

1999 3139 2129 3202 ἐστι
2159 3137 2266 3207 γὰρ
2295 3139 2331 3205 ἡ
2351 3139 2638 3202 βασιλειά
2664 3136 2765 3191 τοῦ
2793 3137 2961 3202 Θεοῦ,
2987 3134 3217 3204 βρῶσις
3239 3137 3336 3190 καί
3363 3135 3577 3201 πόσιςλ

2006 3231 2099 3281 καὶ
2128 3230 2195 3281 τὰ
2224 3228 2371 3299 ἑξῆς.

1109 3458 1268 3523 Igitur
1285 3463 1518 3513 allocutio
1544 3471 1593 3514 et
1619 3466 1700 3516 lex
1725 3466 1945 3529 episcopi
1968 3463 2232 3527 TheOphili
2253 3463 2399 3513 Alex.
2428 3465 2540 3513 talis
2561 3462 2782 3512 habetur.

395 3578 462 3630 Et
496 3593 616 3636 mos
637 3588 692 3636 et
714 3581 873 3635 oﬂicii
907 3587 1045 3640 ratio
1066 3602 1096 3639 a
1127 3587 1285 3642 nobis
1312 3591 1568 3658 postulat,
1605 3600 1662 3646 ut
1681 3608 1898 3648 omnem

326 3669 471 3724 diem
510 3671 855 3728 Dominicum
897 3677 1265 3746 honoremus,
1299 3699 1531 3753 eumque
1560 3684 1758 3739 festum
1798 3686 1900 3740 ha-

329 3759 578 3829 beamus,
611 3778 736 3817 cum
771 3765 824 3818 in
862 3782 927 3820 eo
959 3768 1222 3825 Dominus
1251 3781 1438 3828 noster
1459 3773 1620 3831 Jesus
1648 3777 1902 3832 Christus

329 3854 783 3910 resurrectionem
818 3874 887 3911 ex
921 3863 1152 3916 mortuis
1196 3863 1352 3918 nobis
1402 3869 1802 3934 procuraverit.
1840 3868 1907 3924 Et

328 3942 453 3996 ideo
481 3943 572 3998 hic
607 3946 725 4000 dies
753 3948 806 4001 in
839 3951 1013 4004 sacris
1046 3949 1350 4022 Scripturis
1384 3962 1438 4008 et
1479 3957 1686 4025 primus
1718 3957 1906 4027 appel-

324 4032 475 4090 latus
504 4044 610 4100 est,
635 4048 693 4091 ut
723 4042 816 4108 qui
849 4043 920 4096 sit
949 4045 1108 4098 nobis
1139 4046 1264 4100 vita:
1295 4047 1509 4101 initium
1535 4067 1548 4115 ;
1574 4058 1627 4104 et
1658 4061 1910 4118 octavus,

327 4133 516 4195 utpote
568 4131 662 4198 qui
716 4130 1031 4187 Iudaeorum
1077 4136 1483 4193 Sabbatismuin
1525 4143 1908 4212 supergredia-

330 4222 442 4270 tur.
477 4217 615 4282 Quia
638 4220 803 4290 igitur
830 4225 1079 4293 contigit,
1105 4227 1247 4281 diem
1276 4227 1470 4297 jejunii
1499 4231 1591 4299 qui
1620 4233 1687 4285 ad
1715 4242 1908 4286 sancta

334 4305 687 4378 TheOphania
713 4317 966 4382 pertinet,
993 4319 1048 4370 in
1072 4319 1221 4373 illurn
1255 4320 1595 4376 Dominicum
1630 4325 1906 4392 incidere;

333 4403 642 4455 mcenomia
675 4413 916 4472 utamur,
939 4416 993 4461 et
1024 4409 1092 4462 ad
1122 4418 1411 4481 utrumque
1438 4414 1734 4483 prudenter
1759 4431 1909 4472 acce-

2077 3594 2186 3666 (l6)
2220 3595 2329 3646 Kal.
2356 3593 2417 3646 τὸ
2447 3592 2565 3656 ἔθος
2594 3592 2686 3644 καὶ
2715 3591 2775 3644 τὸ
2803 3593 3015 3663 πρέπον
3045 3594 3194 3664 ἡμᾶς
3223 3592 3442 3646 ἀπαιτεῖ
3470 3593 3584 3646 πᾶ·-

2007 3703 2103 3739 σαν
2155 3685 2434 3756 Κυριακὴν
2468 3686 2654 3755 τιμᾷν,
2709 3685 2803 3737 καὶ
2851 3686 2907 3738 ὲν
2945 3685 3120 3758 ταύτῃ
3162 3684 3582 3756 πανηγυρίζειν,

2008 3779 2300 3849 ἐπειδήπερ
2331 3779 2388 3830 ὲν
2417 3778 2588 3850 ταύτῃ
2619 3779 2647 3830 ὁ
2681 3775 2885 3847 Κύριος
2909 3776 3063 3847 ἡμῶν
3103 3775 3309 3846 Ἰησοῦς
3342 3775 3576 3847 Χριστὸς

2008 3872 2109 3942 τὴν
2143 3873 2206 3923 ἐκ
2236 3869 2443 3939 νεκρῶν
2485 3869 2778 3923 ἀνάστασιν
2819 3869 3206 3940 ὲπρυτάνευσε.
3240 3867 3332 3921 Διό
3377 3869 3469 3920 καὶ
3517 3868 3577 3918 ἐν

2012 3965 2131 4024 ταῖς
2159 3965 2331 4032 ἱεραῖς
2357 3961 2619 4032 Γραφαὶξ,
2661 3961 2754 4013 καὶ
2782 3959 2970 4031 πρώτη
3013 3960 3304 4030 κέκληται,
3332 3959 3406 4022 ὡς
3435 3958 3579 4029 ἀρχὴ

2016 4051 2162 4121 ζωῆς
2203 4054 2332 4122 ἡμῖν
2366 4053 2706 4122 ὑπάρχουσα,
2741 4051 2836 4105 καὶ
2865 4051 3055 4122 ὀγδόη,
3083 4053 3178 4105 ἆτε
3208 4051 3273 4122 δὴ
3302 4052 3578 4122 ὑπερανα-

2009 4141 2275 4210 6ε6ηκυῖα
2310 4141 2402 4193 τὸν
2427 4141 2534 4193 τῶν
2575 4140 2841 4194 Ἰουδαίων
2873 4140 3261 4210 σαϐϐατισμόν.
3307 4140 3458 4192 Ἐπεὶ
3486 4135 3580 4192 οὖν

2011 4231 2207 4302 συνέϐη
2237 4231 2335 4302 τὴν
2379 4231 2487 4284 τῶν
2527 4232 2696 4300 ἁγίων
2735 4231 3047 4300 Θεοερανίων
3078 4233 3337 4302 νηστιμον
3368 4231 3581 4302 ἡμέραν

2008 4319 2144 4375 εἶναι
2174 4321 2374 4391 ταύτην
2413 4323 2546 4393 (l7),
2577 4324 3052 4394 οἰκονομήσωμεν,
3088 4325 3182 4376 καὶ
3216 4325 3350 4395 πρὸς
3389 4327 3582 4378 ἑκατε-

2011 4431 2103 4486 ρον
2137 4415 2517 4484 ἐπιστημόνως
2547 4415 2884 4486 χωρήσωμεν
2905 4452 2920 4476 ,
2958 4414 3046 4466 ἵνα
3076 4414 3584 4485 μεταλαμϐάνοντες

334 4493 548 4558 damus,
578 4507 637 4548 ut
664 4507 944 4554 sumentes
974 4517 1177 4570 paucas
1209 4505 1498 4572 palmulas,
1525 4508 1688 4562 simul
1721 4517 1776 4563 et
1806 4509 1894 4564 hae

2009 4506 2205 4574 ὀλίγων
2235 4506 2513 4574 φοινίκων,
2547 4505 2881 4575 ὲκκλίνωμεν
2913 4506 3031 4576 ἅμα
3069 4507 3164 4558 καὶ
3197 4507 3294 4568 τὰς
3321 4505 3583 4576 αἱρέσεις,

335 4597 488 4639 reses
526 4587 794 4651 vitemus.
851 4607 972 4661 qua:
1016 4593 1160 4646 diem
1203 4597 1630 4653 resurrectionis
1689 4598 1894 4654 Domini

2009 4597 2108 4661 τὰς
2146 4598 2219 4668 μὴ
2261 4596 2503 4666 τιμώσας
2531 4596 2628 4666 τὴν
2666 4595 3035 4666 ἀναστάσιμον
3072 4596 3165 4649 τοῦ
3193 4597 3394 4667 Κυρίου
3422 4595 3583 4666 ἡμῶν
3637 4605 3639 4610 ’

337 4679 512 4731 nostri
543 4679 674 4734 Jesu
703 4682 909 4737 Christi
941 4699 1051 4739 non
1083 4686 1388 4752 honorant;
1420 4696 1472 4742 et
1502 4691 1646 4759 quod
1681 4691 1911 4748 debetur

337 4769 445 4824 diei
480 4771 678 4842 jejunii
733 4776 1058 4842 reddamus,
1093 4788 1490 4850 exspectantes
1538 4788 1907 4854 vespertinum

339 4875 688 4932 conventum,
719 4873 811 4938 qui
843 4871 954 4935 hic,
989 4872 1099 4926 Deo
1132 4876 1345 4929 volente
1367 4917 1382 4939 ,
1414 4891 1725 4950 peragetur.
1761 4881 1908 4938 Con-

341 4969 624 5026 gri-gemur
655 4960 838 5031 itaque
861 4963 949 5018 hic
982 4965 1050 5019 ab
1080 4965 1213 5022 hora
1251 4983 1417 5023 nona.

413 5197 452 5228 “
481 5197 642 5254 Rom.
678 5215 792 5269 xlv,
839 5201 930 5260 17.

417 5357 526 5435 (ιξ)
553 5359 628 5435 Ἡ
652 5361 774 5435 ίσχ.
799 5361 885 5414 Al.
913 5363 1006 5435 καὶ
1037 5365 1140 5434 ίσχ.
1182 5365 1274 5418 Sic
1307 5365 1432 5418 item
1459 5363 1622 5425 infra,
1646 5364 1740 5418 καὶ
1767 5364 1909 5435 φοίν.

340 5427 507 5504 prof,
536 5427 672 5504 φοίν,
710 5427 928 5504 Ειίηιοχ
959 5434 1001 5485 δ’
1030 5427 1171 5503 ἄν”γ’
1205 5450 1300 5504 pro
1332 5435 1413 5489 ἄν.

415 5497 526 5568 (lli)
556 5498 677 5552 llaec
707 5503 891 5556 videas
921 5497 1174 5568 siiperiiis
1207 5497 1375 5558 relata
1408 5521 1471 5559 ex
1508 5503 1762 5560 Pandect.
1799 5503 1910 5559 Car

342 5581 468 5644 non.
495 5567 782 5644 B_eve_regii
801 5580 932 5626 tom.
968 5567 1030 5636 Il,
1058 5591 1216 5644 pagg.
1245 5575 1762 5644 l70-l75.AExstant
1782 5591 1913 5644 pra:-

343 5641 492 5692 tct‘ea
522 5639 577 5694 in
601 5639 955 5697 Conciliarth
981 5639 1305 5710 collectione,
1333 5657 1466 5702 tOm.
1501 5642 1562 5707 ll,
1584 5657 1705 5714 pag.
1745 5639 1906 5709 1376,

2025 4689 2198 4758 Ἰησοῦ
2233 4687 2469 4760 Χριστοῦ
2500 4688 2710 4759 ἡμέραν
2729 4728 2744 4753 ,
2797 4689 2890 4741 καὶ
2923 4688 2982 4740 τὸ
3024 4689 3369 4758 ὀφειλόμενον
3396 4691 3460 4760 τῇ
3489 4705 3586 4760 νη-

2015 4780 2190 4850 στίμῳ
2236 4779 2415 4850 ἡμέρᾳ
2450 4778 2767 4848 ἀποδῶμεν,
2805 4779 3186 4851 περιμένοντες
3223 4780 3321 4851 τὴν
3359 4781 3582 4850 ἑσπερι-

2011 4871 2107 4944 νὴν
2138 4872 2385 4939 σύναξιν,
2423 4873 2544 4942 ἥτις
2599 4871 2863 4935 ἐνταῦθα,
2911 4871 3044 4924 Θεοῦ
3092 4872 3363 4936 θέλοντος,
3411 4872 3581 4924 τελεῖο

2011 4982 2101 5017 ται
2134 4965 2268 5034 (18).
2309 4963 2667 5036 Συναχθῶμεν
2699 4963 2876 5017 τοίνυν
2922 4963 3028 5016 ἀπὸ
3057 4962 3204 5036 ὥρας
3234 4963 3456 5034 ὲννάτης
3495 4964 3581 5016 ὲν-

2011 5058 2198 5112 ταῦθα.

2017 5363 2146 5418 edit.
2178 5365 2582 5423 Veneto-Lahb.

2044 5437 2200 5522 ,(17)
2232 5433 2400 5492 Εἶναι
2428 5441 2670 5508 ταύτην.
2715 5436 2772 5491 In
2809 5440 3142 5495 membranis
3176 5437 3360 5512 Regiis
3384 5435 3587 5512 ταύτην

2019 5523 2181 5559 ειναι.

2088 5576 2202 5648 (l8)
2237 5579 2515 5635 Τελεῖται.
2547 5580 2656 5636 Aut
2682 5581 3035 5637 συντελεῖται.
