3878 6298
259 214 330 271 65
1653 223 2093 289 FRAGMENTA.
3423 253 3493 311 6’;

266 418 3475 472 -—-—————____________________________

747 600 1440 694 THEOPHILI’
1508 607 2347 707 ALEXANDRINI
2424 619 2967 719 EPISCOPI

1066 813 1492 872 FRAGMENTA
1529 818 1622 874 EX
1657 820 1837 886 ALIIS
1887 823 2228 884 OPERIBUS
2267 829 2678 892 DEPERDITIS

1841 961 1882 1016 1.

995 1093 1060 1147 In
1096 1093 1233 1148 illud
1270 1091 1473 1150 Psalmi
1502 1113 1634 1162 xcn,
1659 1099 1919 1156 Dominus
1948 1105 2213 1174 regnavit,
2238 1106 2488 1165 decorem
2519 1110 2712 1167 induit.

1550 1186 1634 1240 Ex
1666 1190 1840 1244 codice
1869 1193 2003 1262 regio
2042 1193 2167 1248 2H.

707 1330 861 1394 Apud
883 1329 1224 1386 Sirmondum
1251 1334 1322 1386 ad
1358 1332 1535 1403 Ruﬁni
1567 1334 1844 1390 Palaestini
1877 1337 2067 1392 librum
2098 1338 2174 1394 De
2197 1340 2318 1405 ﬁde,
2345 1341 2476 1410 Opp.
2505 1353 2631 1400 tom.
2661 1313 2858 1419 1,.pag.
2891 1351 3011 1406 513.

318 1465 377 1521 Ὅ
398 1466 619 1534 Κύριος
644 1465 1064 1530 ἐϐασίλευσεν,
1087 1467 1415 1523 ἐνεδύσατο
1437 1468 1816 1539 εὐπρέπειαν.
1847 1529 1849 1532 ,

1997 1473 2251 1528 Dominus
2294 1477 2544 1546 regnavit,
2583 1482 2819 1533 decorem
2858 1482 3029 1536 induit
3060 1486 3121 1537 ¹¹.
3151 1485 3288 1552 Quia
3334 1489 3478 1546 enim

255 1559 474 1629 Ἐπειδὴ
507 1559 617 1630 γὰρ
652 1557 812 1611 ἔλαϐε
846 1558 1082 1631 φθαρτὸν
1113 1559 1303 1631 σῶμα,
1334 1562 1665 1633 εὐπρέπειαν
1700 1565 1784 1616 tv:

1951 1567 2275 1636 onuptibile
2292 1583 2494 1637 corpus
2516 1573 2838 1641 assumpsit,
2858 1575 3109 1629 decorem
3139 1578 3335 1644 induit,
3360 1598 3482 1638 sus-

241 1647 440 1702 εύσατο
472 1648 784 1716 ἀναστήσας
814 1648 961 1712 αὐτὸ,
993 1649 1053 1701 οὐ
1090 1650 1349 1721 φθαρτὸν,
1379 1651 1494 1704 ἀλλ’
1516 1653 1772 1725 ἄφθαρτος

1949 1655 2094 1709 itans
2129 1656 2260 1710 illud
2309 1673 2419 1711 non
2465 1662 2855 1730 corruptibile,
2900 1664 2994 1717 sed
3046 1666 3474 1738 incorruptibile.

255 1741 310 1792 Ὀ
329 1737 536 1809 Κύριος
560 1737 923 1804 ὲὸασίλευσεν,
943 1740 1274 1812 εὐπρέπειαν
1290 1743 1591 1797 ἐνεδύσατο.
1615 1745 1782 1798 Ἔλασ

1948 1747 2168 1801 laminas
2213 1751 2467 1818 regnavit,
2511 1749 2744 1806 decorem
2773 1752 2963 1809 induit.
2997 1754 3312 1827 Assumpsit
3337 1763 3479 1816 enim

242 1829 344 1902 γὰρ
378 1831 693 1900 ἀναστήσας
729 1829 890 1884 πάλιν
918 1831 979 1884 τὸ
1004 1833 1197 1886 ἑαυτοῦ
1228 1833 1406 1905 σῶμα,
1437 1837 1577 1890 κατὰ
1609 1837 1705 1910 τὴν
1735 1841 1773 1891 oi

1951 1848 2202 1902 esurgens
2231 1835 2430 1888 iterum
2453 1840 2734 1906 proprium
2761 1855 2980 1911 corpus,
3014 1855 3176 1912 prout
3205 1847 3325 1917 ipse
3352 1866 3482 1918 prae-

241 1923 389 1976 κείαν
428 1921 813 1990 ὲπαγγέλειαν,
847 1924 1082 1978 Λύσατε
1121 1925 1228 1979 τὸν
1267 1927 1416 1983 ναὸν
1442 1928 1687 1995 τοῦτον,
1717 1947 1772 1984 κι

1953 1922 2124 1976 ixerat
2167 1942 2179 1978 :
2223 1923 2420 1979 Solvite
2476 1927 2722 1996 templum
2751 1932 2878 1996 lioc,
2910 1945 2957 1986 et
2999 1935 3053 1988 in
3101 1937 3266 1991 tribus
3300 1940 3480 1996 diebus

242 2016 334 2069 ἐπὶ
379 2016 583 2085 τρισὶν
619 2017 864 2086 ἡμέραις
884 2017 1064 2089 ἐτερῶ
1085 2023 1288 2076 αὐτόν.
1324 2024 1390 2076 Ὃ
1422 2024 1606 2094 ἤγειρε
1640 2025 1773 2078 τοίνι

1953 2013 2150 2068 rcitabo
2186 2016 2320 2068 illud
2346 2017 2412 2072 ¹³.
2445 2017 2601 2084 Quod
2647 2024 2914 2078 excitarat
2942 2041 3073 2096 ergo
3097 2068 3112 2093 ,
3147 2029 3324 2083 induit
3362 2048 3484 2085 cor-

242 2107 529 2162 ἐνεδύσατο
548 2109 726 2180 σῶμα.
747 2111 938 2180 Ἔλεγε
951 2112 1020 2181 γὰ
1027 2131 1078 2183 ρ,
1093 2116 1214 2168 Οὐκ
1234 2115 1687 2185 ἐγκαταλείψεις
1706 2117 1773 2186 τὴ

1953 2122 2038 2162 us.
2074 2106 2297 2163 Dicebat
2328 2109 2472 2164 enim
2502 2130 2514 2163 :
2544 2109 2666 2164 Non
2696 2113 3018 2186 derelinques
3050 2121 3281 2174 animam
3315 2140 3482 2177 meum

239 2201 449 2269 ψυχήν
473 2220 597 2271 μου
633 2206 720 2269 εις
751 2203 930 2273 ᾅδην.
955 2205 1097 2260 οὐδὲ
1125 2206 1339 2274 δώσεις
1368 2209 1473 2263 τὸν
1503 2208 1676 2264 ὅσιόν
1697 2226 1770 2263 σο

1953 2211 1967 2247 ι
2002 2195 2227 2263 inferno,
2261 2214 2352 2251 nec
2375 2199 2526 2253 dabis
2549 2215 2789 2255 sanctum
2820 2214 2962 2257 tuum
2988 2207 3154 2263 videre
3183 2216 3484 2280 corruptio~

243 2289 384 2343 ἰδεῖν
399 2292 755 2361 διαφθοράν·
769 2295 855 2348 ἔτι
872 2295 940 2348 δὲ
965 2297 1064 2350 καὶ
1084 2297 1121 2365 ἡ
1144 2297 1300 2366 σάρξ
1309 2317 1427 2368 μου
1441 2315 1774 2368 κατασκηνο

1949 2303 2026 2338 em
2054 2288 2098 2318 ¹⁸
2125 2308 2137 2342 :
2167 2291 2377 2358 insuper
2406 2303 2581 2346 autem
2615 2303 2664 2348 et
2689 2312 2813 2350 caro
2842 2314 2957 2352 mea
2985 2303 3262 2370 requiescet
3287 2306 3341 2358 in
3371 2323 3478 2374 spe.

239 2391 331 2430 σει
355 2379 451 2430 ἐπ’
472 2379 695 2433 ἐλπίδι.
741 2383 1002 2447 Ἀναστὰς
1031 2386 1087 2437 ὲν
1109 2385 1184 2454 τῷ
1209 2389 1447 2458 μνήματι
1473 2388 1570 2440 οὐκ
1599 2387 1770 2458 ἔμεινε

1951 2393 2224 2449 iesurgens
2269 2397 2375 2435 non
2409 2388 2608 2438 mansit
2639 2387 2695 2440 in
2745 2399 3140 2446 monumento:
3197 2397 3292 2450 sed
3329 2405 3382 2450 et
3428 2399 3482 2450 in

239 2469 327 2522 xui.
365 2471 560 2539 μείνας
597 2475 656 2526 ὲν
688 2473 766 2544 τῷ
797 2477 1059 2545 μνήματι,
1091 2477 1191 2530 οὑκ
1221 2478 1328 2530 ἴδεν
1358 2477 1675 2549 διαφθορὰν,
1713 2480 1770 2532 οὐ

1950 2481 2262 2525 ionumento
2303 2488 2529 2530 manens
2559 2492 2666 2531 non
2716 2479 2850 2533 vidit
2885 2485 3318 2554 corruptionem;
3357 2503 3481 2543 cor-

238 2559 540 2631 ἐκράτησεν
575 2563 740 2616 αὐτοῦ
771 2567 803 2635 ἡ
829 2563 1115 2637 διαφθορά.
1151 2567 1210 2620 '0
1242 2568 1515 2639 ἄφθαρτος
1543 2569 1714 2636 Λόγος
1751 2589 1769 2622 τ

1953 2563 2087 2631 iptio
2115 2563 2192 2616 illi
2225 2579 2330 2618 non
2353 2574 2439 2620 est
2465 2567 2766 2623 dominata.
2801 2571 3038 2628 Verbum
3069 2576 3484 2648 incorruptibile

236 2649 472 2723 φθαρτὸν
503 2654 771 2720 ἀνέστησε
810 2656 967 2728 σῶμα
1001 2661 1080 2722 εις
1111 2659 1416 2729 ἀφθαρσίαν

1954 2656 2268 2725 πωριὶὺὶιθ
2311 2673 2516 2730 corpus
2555 2664 2845 2719 suscitavit
2879 2668 2946 2721 ad
2991 2667 3485 2740 incorruptibilita-

1905 2755 2033 2801 tein.

1813 2880 1878 2938 ll.

1290 2991 1370 3046 Ea:
1400 2991 1602 3048 Catena
1634 2994 1686 3047 in
1720 2994 1979 3060 Genesin,
2002 2996 2118 3050 cod.
2153 3014 2258 3066 reg.
2286 2997 2411 3053 810.

1321 3109 1474 3179 Apud
1502 3109 1866 3180 Sirmondum,
1894 3114 2046 3176 ibia.,
2077 3131 2200 3184 pag.
2228 3115 2357 3171 292.

301 3243 415 3316 (19)
445 3244 572 3298 Ὀτι
593 3243 655 3298 οὔ
677 3245 744 3299 δι’
762 3244 1056 3318 ἁμαρτίας,
1073 3246 1148 3310 ὡς
1177 3248 1438 3320 Ὠριγένει
1457 3249 1622 3316 ἔδοξε,
1643 3267 1809 3303 κατα-

1979 3251 2136 3318 Quod
2188 3269 2299 3310 non
2344 3256 2415 3310 ob
2458 3267 2768 3327 peccatum,
2803 3271 2862 3317 ut
2908 3263 3128 3336 Origeni
3163 3269 3341 3326 visum
3377 3281 3483 3335 est.

231 3331 561 3401 εεΰλημὲναι
602 3334 658 3386 αἱ
703 3332 873 3405 ψυχαὶ
913 3333 1128 3406 σώμασι
1172 3338 1600 3410 συνεπλάκησαν,
1645 3342 1762 3411 ἐχρτ

1955 3345 2140 3414 ejecta:
2182 3349 2375 3402 animae
2409 3351 2733 3420 corporibus
2768 3355 3043 3424 implicita:
3087 3360 3233 3426 sint,
3273 3379 3338 3418 ex
3380 3364 3482 3420 Mo-

237 3422 444 3494 σάμεθα
478 3423 557 3493 τῷ
584 3425 825 3488 Μωσέως
865 3427 1089 3498 ῥήματι,
1118 3427 1367 3496 λέγοντος
1397 3433 1508 3493 τοῖς
1540 3433 1673 3494 υἱοῖς
1711 3433 1768 3484 ’lc

1954 3437 1994 3489 is
2030 3436 2212 3492 verbis
2247 3438 2564 3506 didicimus,
2606 3441 2734 3498 ﬁliis
2780 3422 2948 3499 Israel
2981 3422 3261 3506 dicentis:
3297 3453 3485 3509 Domi-

237 3517 400 3588 ραὴλ,
449 3517 670 3584 Κύριος
717 3519 749 3570 ό
794 3519 937 3585 Θεὸς
969 3519 1086 3574 τῶν
1117 3520 1384 3589 πατέρων
1415 3522 1582 3591 ὑμῶν
1611 3538 1768 3591 προσ

1954 3546 2012 3583 us
2038 3529 2179 3583 Deus
2207 3541 2414 3600 patrum
2441 3543 2726 3588 vestrorum
2757 3538 2976 3608 adjiciat
3003 3543 3171 3608 vobis,
3197 3547 3332 3598 sicut
3358 3549 3483 3602 estis

234 3609 356 3675 θείη
408 3608 556 3677 ὑμῖν
594 3610 860 3677 σήμερον
893 3611 977 3676 ὡς
1007 3611 1148 3666 ἐστὲ
1189 3614 1657 3683 χιλιοπλασίως,
1703 3633 1765 3669 κο

1954 3622 2083 3687 odie,
2112 3625 2280 3678 millia
2303 3626 2489 3691 multa,
2513 3637 2560 3681 et
2587 3627 2856 3684 benedicat
2880 3633 3042 3700 vobis,
3075 3637 3211 3689 sicut
3237 3638 3378 3692 vobis
3409 3641 3485 3694 lo-

232 3699 563 3769 εὑλογήσαι
605 3699 760 3770 ὑμᾶς
796 3706 1002 3758 καθότι
1047 3705 1352 3774 ἐλάλησεν
1387 3708 1549 3778 ὑμῖν.
1586 3710 1660 3761 Οὐ
1698 3710 1763 3778 γά

1951 3723 2058 3768 itus
2086 3725 2164 3769 est
2198 3718 2261 3770 ¹³.
2295 3716 2481 3787 Neque
2509 3719 2653 3774 enim
2686 3721 3014 3788 benedictio,
3034 3729 3335 3783 secundum
3363 3729 3482 3786 Ori-

232 3789 447 3858 εὐλογία
482 3792 628 3845 κατὰ
662 3794 942 3866 Ὠριγένην
971 3797 1117 3851 ἐστὶν
1144 3800 1176 3870 ἡ
1209 3799 1316 3852 τῶν
1354 3801 1620 3871 σωμάτων
1651 3803 1763 3855 ποίτ

1952 3821 2122 3870 enem,
2157 3817 2238 3861 est
2263 3822 2555 3877 corporum
2583 3809 2894 3881 productio,
2926 3816 3023 3870 sed
3048 3817 3362 3875 maledictio
3388 3836 3483 3876 er-

237 3900 336 3949 σις,
365 3886 508 3940 ἀλλὰ
533 3889 747 3961 κατάρα
790 3890 1170 3963 πλανωμέναις
1200 3893 1419 3966 ψυχαῖς.

974 3893 1170 3963 ημέναις
1200 3893 1419 3966 ψυχαῖς.
1909 3898 2161 3952 rantibus
2194 3898 2505 3955 animabus.

1470 4122 1550 4176 Ea:
1576 4125 1754 4179 eodem
1781 4130 1896 4180 cod.
1922 4142 2029 4194 reg.
2062 4125 2187 4182 810.

1633 4239 1763 4293 ibid.
1797 4257 1920 4311 pag.
1949 4239 2078 4295 295.

301 4349 479 4414 Μέσος
507 4346 602 4405 οὖν
632 4354 661 4406 6
695 4352 979 4423 ἄνθρωπος
1000 4353 1107 4407 τῶν
1137 4353 1230 4407 δύο
1252 4355 1465 4423 ἐγένετο
1486 4372 1500 4386 ο
1529 4355 1651 4409 οὔτε
1682 4357 1809 4427 Θνη-

2009 4358 2197 4416 iiedius
2232 4361 2400 4431 igitur
2424 4363 2568 4418 inter
2592 4363 2730 4421 duos
2760 4365 2922 4421 homo
2949 4365 3124 4422 factus
3151 4367 3366 4424 fuerat:
3396 4385 3485 4426 ne-
3529 4409 3540 4432 ι

233 4439 319 4504 τὸς
367 4441 686 4514 ὁλοσχερὴς,
727 4442 850 4497 οὔτε
883 4444 1147 4510 ἀθάνατος
1176 4445 1404 4501 καθόλου
1425 4489 1439 4514 ,
1468 4447 1716 4512 δεκτικὸς
1748 4448 1764 4502 ἔ

1952 4467 2016 4507 ue
2046 4453 2294 4508 mortalis
2332 4456 2481 4509 omni
2513 4471 2579 4510 ex
2607 4465 2784 4526 parte,
2814 4474 2992 4529 neque
3019 4466 3169 4516 totus
3201 4461 3481 4518 immorta-

233 4531 388 4586 ἑκατέ
397 4551 518 4606 ρου.

1911 4544 1999 4609 lis,
2033 4546 2126 4600 sed
2162 4562 2332 4616 capax
2371 4549 2679 4619 utriusque.

1817 4682 1902 4739 IV.

874 4791 1025 4860 Apud
1049 4791 1108 4847 S.
1141 4791 1404 4848 Joannem
1437 4795 1686 4850 Damasc.
1723 4796 1918 4852 Parall.
1950 4814 2093 4854 sacr.
2131 4799 2262 4869 Opp.
2307 4811 2433 4855 tam.
2468 4801 2554 4867 II,
2590 4820 2707 4874 pag.
2734 4804 2859 4861 339.

297 4900 431 4957 Εἶτα
461 4903 718 4974 βασιλεὺς
744 4907 842 4976 μὲν
875 4909 1114 4977 ἐπίγειος
1143 4909 1455 4962 πιστεύεται
1482 4907 1620 4962 εἶναι
1641 4951 1655 4975 ,
1689 4913 1811 4965 καί·

1983 4914 2060 4968 lta
2090 4932 2156 4970 ne
2188 4917 2406 4972 tandem
2437 4934 2532 4973 rex
2561 4926 2838 4983 terrenus,
2873 4920 2975 4975 etsi
3012 4920 3238 4977 minime
3268 4923 3481 4980 videtur

232 5014 332 5068 περ
377 4996 454 5067 μὴ
484 4999 620 5050 πᾶσι
667 4998 1026 5071 βλεπόμενος,
1057 5001 1145 5054 διὰ
1169 5002 1224 5054 δὲ
1259 5002 1440 5071 νόμων
1487 5003 1582 5056 καὶ
1631 5003 1763 5057 διατι

1953 5006 2284 5073 bomnibus,
2319 5018 2502 5064 tamen
2540 5026 2635 5081 per
2681 5011 2825 5082 leges
2859 5020 2913 5067 et
2944 5013 3120 5068 edicta
3142 5053 3156 5077 ,
3194 5017 3484 5070 auctorita-

232 5087 362 5151 ξεων
395 5089 586 5153 αὑτοῦ,
617 5091 712 5143 καὶ
734 5093 992 5160 ἐξουσιῶν
1024 5095 1117 5146 καὶ
1152 5092 1435 5163 δυνάμεων
1464 5095 1558 5147 καὶ
1589 5096 1763 5148 εἰκόνα

1952 5109 2130 5162 :mque
2167 5103 2219 5149 et
2252 5098 2551 5166 potentiam
2591 5114 2656 5154 ac
2685 5101 2952 5171 imagines
3000 5105 3269 5159 exsistere
3301 5105 3483 5158 credi-

229 5180 458 5232 νοεῖται·
492 5181 586 5233 τὸν
619 5182 676 5234 δὲ
702 5183 833 5236 Θεὸν
859 5186 920 5238 οὐ
951 5185 1129 5256 βούλει
1157 5185 1396 5239 νοεῖσθαι
1420 5185 1487 5239 δι’
1514 5187 1689 5258 ἔργων
1719 5205 1760 5241 κε

1949 5200 2035 5248 ir;
2082 5185 2251 5242 Deum
2298 5206 2428 5246 vero
2469 5206 2535 5246 ex
2575 5192 2838 5262 operibus
2887 5202 2942 5248 et
2984 5197 3221 5264 potentia
3256 5195 3480 5267 intelligi

229 5261 511 5335 δυνάμεων
528 5285 546 5332 ;

1912 5292 2020 5332 non
2060 5279 2176 5334 vis?

299 5421 344 5452 ¹⁹
375 5419 522 5476 Psal.
553 5439 684 5488 xcu,
723 5426 806 5479 15.
886 5429 927 5459 ¹³
961 5409 1124 5487 Joan.
1155 5448 1212 5496 ll,
1259 5433 1343 5487 19.
1423 5432 1466 5465 ¹⁸
1499 5432 1643 5491 Psal.
1683 5453 1770 5502 xv,
1807 5438 1826 5491 1

886 5429 927 5459 ¹³
961 5409 1124 5487 Joan.
1155 5448 1212 5496 ll,
1259 5433 1343 5487 19.
1423 5432 1466 5465 ¹⁸
1499 5432 1643 5491 Psal.
1683 5453 1770 5502 xv,
1807 5436 1893 5494 10.
1971 5439 2013 5470 ¹⁵
2048 5439 2204 5498 Deut.
2242 5459 2282 5507 i,
2315 5443 2401 5500 11.

231 5647 254 5698 ι
302 5577 412 5645 (19)
449 5578 764 5705 ῌέεισίῐὶηἰα
808 5583 997 5640 scribit
1044 5595 1235 5644 auctor
1278 5589 1333 5643 in
1382 5587 1554 5661 Epist.
1605 5589 1797 5646 Pasch.
1831 5608 1957 5649 ann.
1988 5595 2112 5663 401,
2141 5597 2167 5668 §
2197 5598 2284 5665 18,
2321 5599 2412 5654 ubi
2437 5606 2490 5657 et
2523 5599 2930 5658 Deutcronomii
2955 5601 3133 5657 locum
3167 5601 3255 5658 bic
3285 5601 3478 5658 lauda-

257 5662 345 5700 um
370 5663 487 5705 exci
519 5666 548 5704 a
582 5689 597 5704 .
