3878 6366
199 390 265 444 77
1339 396 1948 452 APOPHTHEGMATA
1991 398 2306 458 PATRUM.
3402 411 3464 474 ἠ

263 511 331 566 δ’.
359 506 532 566 Εἶπεν
560 513 590 566 ὁ
615 511 792 578 assa;
830 513 1115 580 ’Δντώνιος
1137 515 1216 588 τῷ
1244 516 1390 592 ὰὸδᾷ
1426 521 1676 592 Ποιμένι,
1703 522 1774 575 ὅτι

1958 521 2015 578 4.
2045 522 2156 594 (i9)
2179 525 2324 580 Dixit
2350 524 2519 583 abbas
2542 527 2813 587 Antonius
2833 531 3017 588 abbati
3037 531 3282 593 Pmmeni
3307 556 3323 595 :
3351 536 3464 597 Hoc

194 605 347 676 Αὕτη
364 605 517 660 ἐστὶν
545 607 580 678 ἡ
617 607 831 680 μεγάλη
877 611 1112 688 ἐργασία
1136 611 1230 666 τοῦ
1268 612 1579 684 ἀνθρώπου,
1615 615 1702 668 ἵνα
1727 615 1789 668 τὸ

197 697 424 769 σφάλμα
483 699 681 752 ἑαυτοῦ
734 701 918 755 ἐπάνω
972 701 1168 756 ἑαυτοῦ
1220 702 1357 776 βάλῃ
1413 705 1642 776 ἐνώπιον
1691 706 1787 760 τοῦ

194 791 331 845 Θεοῦ
366 832 384 856 ,
445 793 546 846 καὶ
601 794 952 871 προσδοκήσῃ
1023 799 1330 870 πειρασμὸν
1386 799 1491 864 ἕως
1552 781 1787 873 ἐσχάτης

194 883 502 955 ἀναπνοῆς.

257 981 323 1028 ε’.
366 977 427 1028 ’0
462 975 627 1040 αὐτὸς
679 971 834 1031 εἶπεν
861 995 874 1010 ·
904 979 1096 1043 Οὐδεὶς
1146 982 1473 1054 ἁπείραστος
1499 982 1784 1052 δυνήσεται

191 1065 460 1120 εἰσελθεῖν
514 1068 598 1130 είς
641 1066 744 1138 τὴν
778 1067 1053 1138 βασιλείαν
1092 1071 1200 1124 τῶν
1231 1072 1495 1142 οὐρανῶν.
1540 1074 1786 1145 Ἐπαρον

191 1159 326 1228 γάρ,
392 1158 551 1229 φησὶ,
587 1158 715 1221 τοὺς
771 1164 1136 1234 πειρασμοὺς,
1190 1164 1286 1217 καὶ
1336 1163 1511 1228 οὐδεὶς
1549 1166 1578 1217 ὁ
1617 1165 1784 1230 σωζό-

192 1267 368 1319 μενος.

258 1343 338 1408 ς’.
383 1343 703 1415 Ἦρώτησεν
724 1347 754 1400 ὁ
801 1345 978 1412 assa;
1008 1347 1219 1420 Παμὸὼ
1251 1349 1343 1404 τὸν
1382 1351 1556 1406 essay
1586 1352 1782 1406 Ἀντώ-

188 1449 330 1485 νιον⁹
362 1434 433 1486 Τί
480 1435 731 1504 ποιήσιος
760 1435 925 1504 Λέγει
973 1435 1123 1508 αὐτῷ
1152 1439 1181 1492 ὁ
1203 1437 1382 1510 γέρων
1405 1455 1419 1470 ’
1442 1440 1534 1511 Μὴ
1562 1439 1653 1492 ἔσο
1681 1456 1779 1492 πε-

189 1526 396 1592 ποιθὼς
451 1532 516 1600 τῇ
563 1529 881 1603 δικαιοσύνῃ
945 1547 1078 1597 σου,
1136 1531 1274 1601 μηδὲ
1325 1531 1630 1602 μεταμελοῦ
1687 1533 1780 1585 ἐπὶ

188 1620 480 1692 πράγματι
508 1620 854 1691 παρελθόντι,
899 1624 993 1675 καὶ
1025 1623 1300 1694 ἐγκρατὴς
1341 1623 1500 1691 γενοῦ
1525 1621 1778 1694 γλώσσης

188 1714 283 1768 καὶ
309 1713 545 1778 κοιλίας.

255 1803 324 1870 ζ’.
357 1801 530 1859 Εἶπεν
580 1807 610 1860 ὁ
653 1805 828 1869 assa;
870 1806 1152 1871 Ἀντώνιος
1181 1824 1196 1837 ·
1253 1802 1405 1861 Εἶδον
1463 1808 1642 1870 πάσας
1678 1807 1791 1871 τὰς’

1857 623 2254 688 estmagnum
2305 617 2545 677 hominis
2573 636 2735 693 opus,
2782 633 2842 680 ut
2866 625 3082 696 culpam
3111 643 3266 684 suam
3298 646 3462 702 super

1890 720 1950 760 se
1976 715 2141 777 ponat
2159 723 2344 764 coram
2369 711 2500 775 Deo,
2527 717 2583 766 et
2608 712 2964 771 tentationem
2993 725 3272 790 exspectet
3290 735 3462 791 usque

1888 797 1956 852 ad
1993 809 2300 855 extremum
2328 800 2453 856 vitae
2483 801 2732 860 halitum.

1956 977 2011 1030 5.
2042 977 2154 1047 (20)
2187 977 2328 1033 Idem
2363 980 2482 1036 infit
2515 998 2528 1032 :
2555 981 2728 1040 Nemo
2766 988 3090 1045 tentationis
3119 1005 3316 1060 expers
3369 993 3457 1046 in-

1886 1077 2034 1126 trare
2063 1073 2261 1142 poterit
2301 1073 2356 1129 in
2403 1090 2632 1144 regnum
2682 1079 2970 1136 canorum.
2998 1079 3152 1138 Tolle
3176 1084 3343 1153 enim,
3375 1085 3462 1140 in-

1886 1163 2023 1232 quit,
2053 1165 2407 1230 tentationes,
2439 1175 2494 1222 et
2525 1183 2685 1224 nemo
2716 1171 2900 1226 salvus
2929 1172 3057 1228 erit.

1953 1339 2008 1394 6.
2041 1340 2152 1416 (21)
2183 1340 2540 1413 Interrogavit
2568 1345 2736 1402 abbas
2765 1345 2970 1405 Pantho
3002 1350 3251 1409 abbatem
3288 1354 3460 1412 Anto-

1885 1431 2033 1486 nium
2057 1453 2071 1488 :
2104 1432 2244 1499 Quid
2262 1437 2460 1506 agam?
2479 1437 2569 1491 Ait
2595 1439 2670 1494 illi
2698 1456 2896 1496 senex:
2921 1441 3042 1498 Noli
3063 1445 3116 1500 in
3136 1446 3455 1518 tuajustitia

1881 1524 2176 1592 conlidere,
2204 1541 2380 1598 neque
2406 1529 2474 1583 de
2501 1545 2561 1583 re
2601 1532 2872 1600 praeterita
2911 1537 3203 1604 pteniteas,
3249 1545 3304 1594 et
3325 1555 3457 1595 con-

1880 1616 1992 1673 tine
2021 1617 2258 1691 linguam
2284 1632 2658 1692 ventremque.

1952 1796 2004 1850 7.
2038 1795 2148 1868 (22)
2177 1796 2390 1854 Dicrum
2416 1809 2500 1856 est
2527 1801 2596 1854 ab
2631 1803 2828 1858 abbate
2858 1807 3098 1860 Antonio
3125 1825 3138 1861 :
3179 1805 3302 1862 Vidi
3335 1826 3455 1862 om-

189 1897 425 1965 παγίδας
462 1897 579 1985 ,τοῦ
618 1898 816 1969 ἐχθροῦ
857 1899 1185 1970 ἡπλωμένας
1243 1899 1336 1952 ἐπὶ
1371 1900 1470 1970 τῆς
1499 1900 1602 1970 γῆς
1625 1915 1639 1932 ο
1681 1899 1774 1952 καὶ

1896 1903 1975 1944 res
2006 1890 2230 1961 laqueos
2258 1891 2466 1947 inimici
2517 1902 2774 1950 extensos
2821 1911 2984 1968 super
3017 1907 3253 1966 terram;
3283 1910 3337 1956 et
3369 1902 3455 1956 in-

189 1987 455 2053 στενάξας
496 1985 684 2043 εἶπον·
721 1990 820 2054 Τίς
853 1991 962 2063 ἄρα
1007 1990 1342 2062 παρέρχεται
1395 1991 1631 2056 murac;
1667 1989 1778 2044 Kal.

186 2081 397 2151 ἦκουσα
451 2081 637 2152 φωνῆς
680 2081 947 2154 λεγούσης
999 2101 1122 2156 μοι·
1166 2085 1232 2138 Ἦ
1282 2082 1773 2156 ταπεινοφροσύνη.

250 2179 324 2242 η’.
353 2169 495 2226 Εἷπε
529 2173 715 2238 πάλιν,
757 2175 841 2228 ὃτι
877 2175 998 2228 Είσί
1042 2193 1190 2239 τινες
1227 2175 1662 2247 κατατρίψαντες
1706 2174 1778 2228 τὰ

187 2263 398 2318 ἑαυτῶν
435 2264 664 2337 σώματα
703 2267 763 2319 ὲν
796 2267 1047 2339 ἀσκήσει,
1087 2268 1184 2322 καὶ
1209 2267 1299 2322 διὰ
1343 2267 1405 2321 τὸ
1439 2266 1515 2339 μὴ
1547 2265 1777 2338 ἐσχηκέ-

186 2372 272 2408 ναι
309 2357 514 2420 αὐτοὺς
554 2357 848 2429 διάκρισιν,
893 2363 1110 2432 μακρὰν
1155 2359 1250 2412 τοῦ
1284 2358 1420 2412 Θεοῦ
1464 2358 1772 2428 γεγόνασιν.

255 2447 322 2504 θ’.
347 2447 522 2504 Εἶπεν
558 2451 743 2512 πάλιν,
773 2453 857 2506 ὅτι
891 2455 989 2508 Ἐκ
1020 2452 1116 2508 τοῦ
1162 2452 1387 2524 πλησίον
1414 2454 1560 2506 ἐστὶν
1593 2454 1628 2522 ὴ
1663 2451 1778 2525 ζωὴ

186 2542 280 2595 καὶ
329 2545 359 2596 ὁ
407 2543 664 2608 Θάνατος.
712 2546 839 2600 Ἐὰν
881 2546 990 2618 γὰρ
1017 2548 1372 2620 κερδήσωμεν
1397 2544 1488 2598 τὸν
1522 2543 1774 2615 ἀδελφὸν,

185 2634 272 2688 τὸν
322 2635 462 2689 Θεὸν
511 2637 872 2709 κερδαίνομεν
898 2655 913 2669 ·
959 2638 1055 2693 ἐὰν
1104 2638 1160 2692 δὲ
1206 2637 1648 2708 σκανδαλίσωμεν
1682 2637 1776 2691 τὸν

185 2727 443 2797 ἀδελφὸν,
474 2730 556 2793 είς
578 2729 814 2802 Χριστὸν
843 2729 1248 2802 ἁμαρτάνομεν.

255 2821 308 2874 ι’.
354 2817 494 2875 Eine
528 2823 721 2876 πάλινο
757 2823 970 2894 Ὥσπερ
998 2824 1047 2877 οἱ
1091 2821 1271 2894 ἰχθύες
1301 2823 1344 2892 (l
1361 2823 1413 2893 7)
1443 2821 1776 2895 ὲγχρονίζον-

184 2932 271 2976 τες
297 2917 364 2986 τῇ
399 2915 546 2986 ξηρᾷ
573 2914 918 2981 τελευτῶσιν,
956 2915 1131 2978 οὕτως
1169 2917 1264 2970 καὶ
1299 2917 1348 2970 οἱ
1375 2918 1618 2987 μοναχοὶ,
1649 2915 1776 2988 βρα-

183 3007 432 3070 δύνοντες
461 3007 570 3072 ἔξω
612 3007 708 3061 τοῦ
762 3007 996 3071 κελλίου,
1023 3008 1056 3079 ἢ
1087 3008 1224 3080 μετὰ
1261 3009 1541 3080 κοσμικῶν
1565 3009 1775 3081 διατρί-

184 3099 390 3163 ϐοντες,
421 3099 562 3171 πρὸς
592 3099 684 3155 τὸν
732 3100 832 3171 τῆς
885 3099 1118 3172 ἡσυχίας
1165 3101 1318 3154 τόνον
1347 3100 1650 3156 ἐκλύονται.
1685 3102 1777 3154 Δεῖ

183 3189 295 3256 οὖν,
335 3194 536 3264 ὥσπερ
565 3193 657 3247 τὸν
686 3193 840 3266 ἰχθὺν
886 3195 966 3259 είς
1002 3196 1102 3268 τὴν
1154 3196 1449 3258 θάλασσαν,
1479 3195 1652 3260 οὕτως
1679 3194 1773 3249 καὶ
1799 3227 1842 3286 C

181 3286 330 3355 ἡμᾶς
357 3286 440 3349 εἰς
469 3285 530 3339 τὸ
551 3285 761 3339 κελλίον
796 3286 1134 3355 ἐπείγεσθαι,
1179 3287 1389 3358 μήποτε
1420 3285 1772 3357 βραδύνοντες

183 3377 285 3443 ἔξω
313 3376 708 3449 ἐπιλαθώμεθα
738 3379 836 3450 τῆς
863 3377 1011 3432 ένδον
1035 3379 1304 3451 φυλακῆς.

252 3472 342 3521 ια’.
366 3463 507 3519 Eine
548 3466 729 3532 πάλιν,
754 3467 837 3519 ὅτι
865 3467 924 3519 ’0
953 3466 1261 3539 καθήμενος
1282 3470 1339 3522 ἐν
1369 3470 1434 3541 τῇ
1454 3468 1648 3541 ἐρήμῳ
1677 3468 1774 3524 καὶ
1800 3453 1810 3465 ’

181 3556 680 3628 ἡσυχάζων,τριῶν
702 3556 1105 3611 ἀπαλλάττεται
1128 3557 1402 3630 πολέμων,
1437 3560 1540 3631 τῆς
1571 3558 1761 3630 ἀκοῆς,

179 3650 272 3701 καὶ
304 3649 407 3716 τῆς
435 3649 649 3715 λαλιᾶς,
671 3649 874 3704 καὶτοῦ
901 3649 1148 3720 βλέπειν
1172 3650 1310 3724 πρὸς
1329 3651 1426 3705 ἕνα
1453 3651 1613 3724 μόνον
1639 3650 1772 3722 ἔχει,

178 3739 266 3793 τὸν
292 3739 394 3810 τῆς
419 3742 680 3813 πορνείας
708 3741 846 3813 (18).

255 3837 344 3890 ιε’.
388 3822 636 3905 Ἀδελφοί
679 3851 826 3900 τινες
853 3833 1159 3907 παρέϐαλον
1189 3834 1267 3906 τῷ
1295 3835 1440 3908 esse
1481 3836 1769 3908 Ἀντωνίῳ,

179 3927 504 3999 ἀναγγεῖλαι
542 3925 695 3998 αὐτῷ
730 3925 1032 3996 φαντασίας
1080 3925 1146 3990 ἃς
1175 3926 1420 3990 ἔβλεπον,
1457 3927 1550 3980 καὶ
1581 3927 1772 3998 μαθεῖν

179 4019 308 4090 παρ’
337 4016 507 4071 αὐτοῦ
541 4017 591 4069 εί
622 4015 876 4082 ἁληθιναί
905 4017 1063 4077 εἰσιν,
1089 4015 1122 4086 ἢ
1158 4015 1266 4069 ἀπὸ
1296 4015 1585 4087 δαιμόνων.
1610 4013 1772 4088 Εἶχον

179 4111 230 4164 δὲ
256 4111 400 4175 δνον,
434 4109 533 4163 καὶ
560 4107 833 4162 ἀπέθανεν
861 4109 920 4161 ὲν
945 4110 1009 4179 τῇ
1035 4107 1159 4178 ὁδῷ.
1203 4107 1290 4171 Ὠς
1311 4104 1404 4162 οὖν
1436 4104 1598 4179 ἦλθον
1632 4110 1771 4180 πρὸς

180 4204 269 4256 τὸν
303 4202 564 4270 γέροντα,
595 4199 888 4271 προλαϐὼν
915 4195 1068 4253 εἶπεν
1097 4200 1312 4264 αὐτοῖς·
1344 4199 1470 4264 Πῶς
1500 4199 1771 4254 ἀπέθανεν

178 4294 204 4345 δ
258 4290 461 4362 μικρὸς
515 4288 640 4353 ὄνος
686 4290 746 4343 ὲν
776 4292 844 4361 τῇ
876 4288 1008 4360 ὁδῷ;
1056 4288 1321 4359 Λέγουσιν
1355 4288 1542 4361 αὐτῷ·
1597 4289 1770 4344 Πόθεν

178 4379 342 4448 οἶδας,
364 4381 552 4445 άϐϐᾶς
588 4381 648 4434 Ὀ
669 4381 726 4435 δὲ
755 4377 910 4436 εἶπεν
941 4382 1125 4447 αὐτοῖς
1145 4399 1160 4414 ο
1191 4383 1254 4436 Οί
1283 4383 1538 4454 δαίμονες
1562 4384 1770 4452 ἔδειξαν

180 4477 409 4546 μοι.Καὶ
426 4473 681 4544 λέγουσιν
707 4472 875 4545 αὐτῷ’
893 4473 1084 4544 Ἡμεῖς
1098 4473 1186 4528 διὰ
1200 4474 1358 4528 τοῦτο
1375 4474 1610 4546 ἧλθομεν
1630 4478 1768 4548 ἐρω-

1881 1982 2186 2050 gemiscens
2209 1983 2319 2038 dixi
2347 2001 2359 2037 :
2390 1983 2524 2051 Quis
2552 1988 2736 2058 utique
2759 1989 2921 2044 hosce
2946 1993 3460 2064 przetergredietur?

1879 2071 2016 2127 Tum
2047 2074 2230 2130 audivi
2265 2090 2452 2132 vocem
2482 2079 2714 2134 aientem
2753 2080 2882 2134 mihi
2920 2100 2933 2136 :
2965 2080 3276 2140 llumilitas.

1949 2163 2002 2218 8.
2036 2165 2150 2237 (23)
2191 2165 2390 2222 lterum
2424 2171 2582 2237 dixit,
2607 2170 2744 2226 Esse
2771 2172 3037 2243 quosdam
3067 2176 3160 2245 qui
3201 2193 3301 2232 sua
3332 2193 3457 2232 cor-

1877 2272 2009 2327 pora
2034 2257 2090 2312 in
2121 2258 2442 2314 austeritate
2461 2263 2864 2330 contriverunt,
2882 2270 2936 2319 et
2957 2266 3100 2335 quod
3125 2266 3458 2324 discretione

1878 2356 2149 2413 carerent,
2178 2349 2336 2420 longe
2357 2365 2388 2404 a
2427 2349 2535 2406 Deo
2558 2351 2687 2406 facti
2731 2363 2876 2413 sunt.

1948 2439 2001 2494 9.
2030 2438 2143 2511 (24)
2196 2439 2409 2518 Rursus
2463 2443 2540 2497 ait
2581 2460 2594 2494 :
2627 2442 2673 2497 A
2713 2446 2960 2515 proximo
3010 2447 3210 2518 pendet
3248 2457 3360 2504 vlta
3401 2459 3457 2505 et

1877 2548 2050 2589 mors.
2078 2531 2218 2588 Nam
2273 2534 2319 2590 si
2355 2535 2550 2590 lncrati
2592 2536 2858 2594 fuerimus
2890 2539 3139 2605 fratrem,
3164 2540 3333 2598 Deum
3366 2543 3457 2597 lu-

1877 2640 2097 2680 cramur
2124 2644 2140 2693 ;
2169 2626 2256 2682 sin
2287 2643 2416 2682 vero
2454 2627 2675 2684 fratrem
2708 2630 3287 2699 scandalizaverimus,
3331 2649 3456 2706 pec-

1877 2731 2068 2773 camus
2099 2719 2154 2773 in
2186 2719 2487 2773 Christum.

1951 2809 2038 2866 10.
2085 2809 2196 2881 (25)
2225 2809 2370 2864 Dixit
2391 2811 2570 2866 adhuc
2610 2830 2624 2866 :
2661 2811 2815 2867 Sicut
2839 2814 3019 2884 pisces
3051 2831 3096 2872 ει
3122 2832 3287 2887 supra
3339 2824 3455 2872 ter-

1877 2916 1996 2956 ram
2026 2901 2222 2956 morati
2255 2901 2479 2970 fuerint,
2516 2904 2861 2973 moriuntur;
2892 2907 2968 2961 ita
2999 2924 3221 2979 quoque
3259 2925 3454 2965 mona-

1877 2997 1989 3060 chi,
2012 2998 2058 3054 si
2076 3005 2228 3052 extra
2247 2999 2438 3053 cellam
2463 2998 2817 3063 tardaverint,
2838 3008 2931 3055 aut
2947 3017 3070 3056 cum
3096 3003 3454 3058 saecularibus

1876 3090 2300 3160 permanserint,
2326 3105 2356 3143 a
2385 3090 2585 3160 quietae
2615 3093 2738 3147 vitae
2759 3101 2948 3148 tenore
2974 3093 3256 3149 decidunt.
3286 3094 3455 3166 Opor-

1877 3191 1955 3239 tet
1983 3184 2168 3256 igitur,
2197 3185 2338 3241 sicut
2369 3186 2575 3255 piscem
2621 3187 2676 3240 in
2731 3201 2902 3252 mare,
2926 3187 3007 3242 sic
3036 3197 3092 3244 et
3120 3205 3220 3245 nos
3242 3189 3309 3244 ad
3343 3191 3455 3246 cel-

1880 3277 1984 3330 lam
2016 3291 2434 3347 propcrarezne
2465 3277 2602 3332 forte
2621 3277 2755 3334 foris
2777 3263 3126 3344 cunctantes,
3155 3280 3454 3337 oblivisca-

1875 3383 2001 3423 mur
2026 3369 2304 3424 interioris
2334 3369 2618 3426 custodiae.

1944 3459 2171 3528 Η.(26)
2223 3457 2548 3530 Huiusmodi
2603 3460 2768 3517 etiam
2823 3461 3002 3517 oratio
3043 3477 3164 3532 ejus
3195 3463 3449 3520 exstitit:

1874 3549 1977 3618 Qui
2010 3550 2163 3606 sedet
2210 3551 2267 3605 in
2296 3551 2612 3619 solitudine,
2645 3559 2699 3608 et
2723 3551 2978 3623 quiescit,
3008 3567 3038 3605 a
3076 3553 3251 3608 tribus
3295 3553 3454 3610 bellis

1873 3645 2140 3716 eripitur:
2174 3644 2415 3704 auditus.
2444 3644 2755 3709 locutionis,
2777 3652 2832 3699 et
2860 3645 3050 3711 visus;
3083 3660 3248 3699 unum
3275 3646 3452 3701 solum

1873 3751 2118 3807 pugnare
2143 3736 2328 3800 habet,
2361 3751 2558 3805 nempe
2589 3733 2990 3790 fornicationis.

1945 3826 2034 3881 12.
2061 3826 2170 3896 (27)
2201 3825 2421 3882 Fratres
2453 3827 2674 3896 quidam
2720 3835 3074 3882 accesserunt
3101 3825 3168 3882 ad
3199 3826 3453 3882 abbatem

1873 3918 2194 3982 Antonium,
2219 3918 2522 3973 nuntiaturi
2567 3933 2709 3990 quas
2752 3918 3051 3973 cernebant
3088 3918 3350 3984 visiones,
3395 3927 3452 3974 et

1873 4012 2122 4067 discituri
2149 4011 2218 4066 ab
2243 4010 2337 4065 illo
2361 4026 2490 4065 num
2522 4025 2664 4066 vera:
2690 4019 2894 4076 essent,
2920 4025 2991 4066 an
3027 4026 3056 4065 a
3085 4011 3448 4068 daemonibus.

1875 4104 2160 4160 llabebant
2188 4115 2371 4159 autem
2424 4103 2663 4169 asinum,
2697 4106 2790 4175 qui
2831 4105 2886 4161 in
2938 4105 3024 4160 via
3065 4115 3315 4162 mortuus
3343 4113 3451 4161 est.

1873 4193 1947 4251 Ut
1979 4211 2110 4267 ergo
2167 4202 2535 4266 pervenerunt
2567 4194 2635 4250 ad
2685 4211 2904 4261 senem,
2948 4198 3288 4268 praeveniens
3315 4197 3455 4253 dixit

1877 4289 1988 4345 illis
2016 4304 2030 4341 :
2059 4287 2178 4354 Quo
2207 4288 2369 4344 modo
2398 4288 2451 4343 in
2477 4289 2562 4342 via
2595 4297 2846 4347 mortuus
2885 4301 2969 4345 est
3001 4290 3247 4347 asellus?
3286 4289 3455 4346 Aiunt

1873 4383 1923 4438 ei
1951 4402 1964 4438 :
1999 4380 2154 4437 Unde
2202 4381 2334 4447 scis,
2361 4379 2560 4437 Pater?
2586 4381 2682 4436 llle
2719 4397 2850 4437 vero
2876 4382 3167 4454 dixitipsis
3199 4402 3212 4439 :
3247 4382 3455 4438 Dauno-

1834 4485 1975 4529 'nes
2030 4472 2165 4528 mihi
2219 4471 2603 4528 ostenderunt.
2655 4470 2795 4528 Tum
2831 4473 3024 4528 dicunt
3075 4474 3123 4530 ei
3155 4473 3303 4530 :Nos
3327 4490 3454 4545 pro-

177 4567 335 4636 τῆσαί
355 4583 443 4630 σε,
461 4567 546 4620 ὅτι
567 4564 841 4635 βλέπομεν
865 4565 1187 4634 φαντασίας,
1209 4565 1304 4620 καὶ
1323 4565 1769 4636 πολλάκιςγίνον-

1896 4575 2062 4623 ηετοιι
2100 4565 2356 4622 venimus
2379 4565 2719 4636 interrogare
2752 4574 2826 4628 te,
2857 4567 2987 4636 quia
3017 4565 3268 4624 videmus
3288 4567 3453 4638 phan-

177 4676 259 4713 ται
284 4658 568 4730 ἀληθιναὶ,
601 4658 802 4729 μήπως
847 4655 1198 4728 πλανώμεθα.
1235 4659 1346 4712 Καὶ
1385 4659 1768 4733 ὲπληροφόρη-

179 4769 266 4805 σεν
288 4752 498 4814 αὐτοὺς
531 4753 562 4805 ό
581 4749 762 4822 γέρων
788 4751 855 4804 ὲκ
874 4748 966 4803 τοῦ
997 4749 1139 4804 κατὰ
1172 4748 1263 4803 τὸν
1287 4750 1409 4805 δνον
1439 4751 1768 4824 ἀποδειγμαο

175 4861 282 4907 τος.
317 4845 404 4898 ὅτι
438 4841 555 4896 ἀπὸ
584 4841 857 4913 δαιμόνων
873 4842 1031 4896 είσίν.

243 4934 333 5006 ιγ’.
366 4932 484 4990 Ἦν
525 4935 584 4989 δέ
611 4952 698 4999 τις
731 4934 873 4988 κατὰ
902 4934 1002 5006 τὴν
1059 4933 1267 5006 ἔρημον
1315 4933 1565 5007 θηρεύων
1595 4936 1764 5007 άγρια

176 5026 310 5092 ζῶα,
333 5027 432 5080 καὶ
458 5021 568 5080 εἶδε
612 5024 708 5078 τὸν
754 5024 929 5079 άδὸάν
969 5025 1252 5079 Ἀντώνιον
1290 5027 1767 5098 χαριεντιζόμενον

248 5224 360 5293 (l7)
394 5223 633 5292 Ὠσπερ
657 5223 735 5293 -οὶ
787 5221 1008 5291 ἰχθύες.
1071 5219 1578 5293 Cod._Vin_c_lobou.
1622 5221 1764 5286 234;

177 5290 513 5348 Athanasius
544 5290 604 5346 in
657 5290 784 5346 Vita
837 5293 1054 5345 Antonii
1098 5307 1150 5360 p.
1194 5291 1319 5345 499.
1362 5291 1562 5347 Videre
1600 5293 1764 5346 etiam

176 5380 350 5432 operae
384 5363 625 5434 pretium
665 5362 831 5434 fuerit
862 5363 1061 5434 librum
1101 5362 1174 5434 De
1192 5361 1590 5434 quadripartito
1613 5377 1768 5434 εχει-τ-

176 5437 295 5486 cilio
343 5432 520 5498 cella,
553 5447 674 5500 cap.
708 5434 764 5496 9,
810 5433 862 5486 in
895 5432 1136 5486 Manuali
1192 5432 1571 5486 Solitariorum
1624 5432 1764 5486 Petri

176 5502 454 5559 Francisci
487 5503 766 5573 Cliillletii
797 5503 902 5573 viri
946 5503 1288 5568 tlot'tissitlti;
1343 5519 1557 5558 necnon
1586 5504 1761 5573 Euge-

177 5576 321 5644 nium
350 5590 548 5644 papam
577 5589 702 5627 can.
737 5571 952 5644 Placuit
985 5573 1069 5636 l6,
1104 5591 1158 5642 q.
1188 5573 1237 5626 l.

244 5642 364 5714 (18)
397 5642 512 5711 Tﬁc
538 5644 846 5714 πορνείας.
871 5643 1123 5714 Pelagius
1151 5642 1349 5714 cordis,
1385 5643 1632 5714 καρδίας.

242 5712 355 5797 (19)
407 5715 513 5769 Vit.
534 5713 883 5781 Patr.xv,2;
905 5712 1128 5768 Dorbtlr.
1152 5713 1333 5767 Doctr.
1355 5731 1426 5768 vn
1454 5712 1470 5780 ξ
1512 5712 1762 5784 Ephrem

252 5785 306 5839 5.
342 5785 440 5839 mf.
468 5789 528 5839 in
553 5785 749 5839 Ρωηι..
779 5800 837 5838 n.
867 5785 990 5839 125.

178 5798 231 5839 Β.
252 5798 306 5848 ἶ),
342 5798 440 5841 Ιηῐ.
468 5803 528 5839 m
553 5798 749 5848 ναεηιη
779 5800 837 5838 n.
867 5798 990 5840 1‘10.

252 5803 306 5848 ο,
342 5803 440 5841 ιηι.
468 5803 528 5839 m
553 5803 749 5848 Herm,
779 5803 837 5838 ιι.
867 5803 990 5840 uo.

242 5856 632 5933 (‘20)-Doroth.
669 5855 834 5927 epist.
864 5853 918 5921 5,
953 5854 1049 5911 inf.
1089 5856 1143 5910 in
1174 5853 1420 5928 Evagrio,
1454 5871 1510 5910 n.
1543 5854 1593 5910 ὕ.

1875 4663 2062 4723 tasias,
2109 4673 2174 4714 ac
2223 4658 2544 4728 plerumque
2578 4672 2719 4713 vera:
2752 4659 3047 4723 exsistunt,
3080 4673 3151 4713 ne
3182 4673 3451 4716 erremus.

1873 4755 1942 4811 Et
1963 4753 2232 4812 satisfecit
2249 4752 2331 4809 eis
2361 4767 2524 4807 senex
2558 4767 2655 4822 per
2676 4749 2816 4806 asini
2835 4752 3166 4822 exeinplum,
3197 4767 3453 4822 compro-

1875 4846 2134 4916 bavitque
2159 4859 2255 4900 eas
2277 4843 2518 4899 visiones
2551 4857 2580 4896 a
2614 4841 2956 4897 daemonibus
2984 4857 3130 4898 esse.

1947 4938 2036 4994 l5.
2057 4936 2168 5008 (28)
2185 4935 2318 4990 Erat
2340 4943 2520 4990 autem
2544 4933 2765 5002 quidam
2785 4934 2877 5004 qui
2902 4949 2999 5012 per
3024 4950 3269 4990 eremum
3294 4951 3453 5008 agre-

1876 5030 1983 5086 stia
2008 5027 2264 5083 animalia
2295 5026 2600 5082 venabatur
2626 5041 2637 5074 :
2668 5025 2715 5080 is
2747 5013 2998 5082 abbatem
3043 5027 3343 5084 Antonium
3371 5029 3454 5085 vi-

1964 5227 2056 5289 21)
2098 5227 2206 5281 Vit.
2244 5225 2400 5280 Patr.
2443 5241 2484 5289 r,
2512 5225 2569 5280 2.

1964 5228 2025 5282 21
2098 5227 2206 5281 Vit.
2244 5227 2400 5280 Patr.
2443 5241 2484 5289 l,
2512 5227 2569 5280 2.

1942 5227 2056 5369 (22)
2107 5296 2390 5369 VitLPatr.
2419 5313 2510 5362 xv,
2538 5298 2705 5369 5:1",
2733 5296 2869 5369 129;
2894 5297 2946 5352 in
2979 5296 3455 5369 Doroth.rinit.,‘gt

1869 5366 2055 5424 Doctr.
2095 5369 2160 5433 2;
2201 5368 2450 5436 Ephrmm
2491 5384 2547 5421 η.
2576 5367 2631 5422 4.
2664 5368 2909 5424 Andreas
2942 5370 2994 5422 in
3020 5368 3237 5438 Apacal.
3267 5382 3318 5422 c.
3360 5366 3452 5421 55.

1962 5440 2054 5505 25)
2104 5439 2210 5492 Vit.
2246 5438 2424 5501 Patr.,
2454 5453 2510 5500 Χ,
2543 5438 2595 5493 1.

1963 5510 2056 5578 24)
2107 5509 2212 5561 Vit.
2256 5507 2411 5578 Patr.
2447 5524 2584 5572 xvn,
2617 5508 2668 5562 2.

1942 5577 2056 5652 (25)
2106 5579 2214 5652 Vit.
2245 5577 2400 5652 Ifatr.
2427 5595 2487 5644 ll,
2526 5581 2576 5652 1A.

1943 5649 2055 5720 (26)
2107 5649 2212 5703 Vit.
2245 5649 2403 5720 Ifatr.
2445 5666 2506 5709 ιι.
2536 5649 2591 5703 2.

1942 5716 2055 5790 (27)
2107 5719 2411 5790 νὶιηΡαιν.
2428 5736 2499 5790 ix,
2529 5721 2584 5774 2.

1941 5787 2056 5863 (28)
2097 5791 2175 5848 Ib.
2215 5789 2376 5848 Joan.
2413 5789 2602 5846 Geom.
2635 5787 2839 5844 Parad.
2873 5789 2964 5847 68.
