3878 6392
430 432 502 493 79
1601 430 1939 486 AI‘PENDIX
1976 430 2067 485 AD
2107 432 2523 490 PALLADIUM.
3314 482 3317 487 .
3600 432 3663 489 80

3281 494 3331 523 ’ἡ

429 552 511 609 dit
543 566 671 607 cum
716 549 985 604 fratribus
1018 548 1228 603 urbane.
1274 555 1545 617 agentem.
1582 544 1786 603 Volens
1820 556 1999 599 autem

2108 546 2243 616 μετά
2271 547 2380 600 τῶν
2404 547 2646 616 ἀδελφῶν
2675 548 2717 602 ³.
2746 546 2926 603 Θέλων
2969 547 3023 602 δέ
3066 547 3226 601 αὑτὸν
3262 516 3663 620 πλήροφορῆσαι

428 647 479 701 ei
512 645 668 718 plene
682 643 1017 715 persuadere
1040 655 1228 703 senex,
1254 637 1530 693 interdum
1562 636 2003 693 condescendeno

430 739 566 795 dum
600 749 723 793 esse
752 736 1036 797 fratribus,
1062 732 1137 787 ait
1160 732 1237 789 illi
1266 749 1279 785 :
1304 724 1453 785 Pone
1476 731 1726 801 sagittam
1778 730 1834 784 in
1864 744 1995 783 arcu

430 843 547 896 tuo,
605 846 669 885 ac
715 828 898 883 tende.
950 831 1126 896 Atque
1172 825 1246 878 ita
1280 822 1429 878 fecit.
1478 820 1618 877 Dicit
1655 821 1703 877 ei
1757 838 1771 873 :
1810 820 2002 875 Adhuc

432 925 612 981 tende.
649 924 713 978 Et
748 920 996 976 tetendit.
1037 919 1235 974 lterum
1286 918 1362 972 ait
1397 936 1409 971 :
1446 916 1654 973 Tende.
1703 915 2002 987 Respondit

329 1073 333 1077 .
430 1025 661 1075 venator
680 1036 702 1071 νς
727 1012 783 1068 Si
822 1015 964 1069 ultra
1005 1026 1317 1068 mensuram
1363 1010 1671 1073 tetendero,
1720 1016 2004 1079 ‘rumpetur

431 1122 612 1167 arcus.
639 1105 778 1163 Tum
807 1120 972 1161 senex
1005 1120 1018 1156 :
1048 1103 1147 1168 Ita,
1185 1103 1382 1172 inquit,
1418 1103 1579 1156 etiam
1615 1102 1667 1155 in
1695 1099 1790 1156 Dei
1815 1115 1998 1171 Opere,

431 1205 476 1261 si
500 1217 665 1272 supra
708 1214 1021 1254 mensuram
1055 1196 1450 1252 tetenderimus
1487 1208 1615 1264 erga
1647 1194 1865 1255 fratres,
1891 1193 2001 1246 cito

430 1295 772 1365 frangentur.
811 1289 1041 1360 Opurtet
1088 1289 1254 1357 igitur
1288 1285 1571 1356 paululqu
1613 1293 1667 1338 et
1714 1285 2001 1352 aliquoties

429 1385 693 1441 fratribus
715 1381 1179 1438 cendescendere.
1239 1376 1337 1432 His
1363 1377 1564 1431 auditis
1597 1385 1824 1429 venator
1852 1389 2000 1428 com-

428 1481 725 1552 puncti'one
759 1478 963 1531 ductus
1011 1481 1127 1540 est;
1161 1472 1503 1539 multumque
1543 1484 1572 1521 a
1612 1483 1742 1523 sene
1790 1467 1998 1520 emolu-

426 1572 594 1627 menti
618 1570 867 1640 ca'piens,
892 1567 1177 1630 discessit;
1229 1564 1427 1619 fratres
1467 1562 1630 1617 etiam
1670 1559 1996 1623 confirmati,

426 1662 630 1718 reversi
659 1668 788 1715 sunt
816 1660 868 1713 in
906 1659 1080 1713 locum
1105 1670 1286 1711 suum.

499 1750 585 1805 Η.
616 1749 729 1819 (29)
771 1748 995 1803 Audivit
1035 1746 1204 1801 abbas
1243 1742 1515 1798 Antonius
1546 1741 1614 1795 de
1658 1738 1891 1810 quodam
1920 1737 2000 1806 ju-

426 1847 582 1901 niore
608 1844 903 1907 monacho,
941 1841 1033 1909 qui
1067 1840 1122 1893 in
1174 1839 1260 1891 via
1296 1836 1625 1889 miraculum
1683 1831 1995 1902 liujnsmodi

425 1929 648 1992 fecerat.
683 1933 820 1986 Cum
878 1930 1104 1984 vidisset
1152 1941 1310 1982 senes
1348 1925 1612 1994 quosdam
1640 1924 1743 1977 iter
1777 1931 1996 1992 agentes

425 2037 587 2098 atque
642 2025 995 2094 defatigatos,
1043 2021 1267 2091 onagris
1318 2018 1488 2089 jussit
1532 2025 1591 2070 ut
1638 2016 1890 2071 venirent
1934 2030 1997 2069 ac

425 2128 706 2190 portarent
732 2131 914 2181 senes,
966 2115 1140 2169 denec
1174 2112 1555 2181 pervenissent
1581 2107 1649 2162 ad
1677 2106 1994 2161 ‘Anloniutu.

426 2204 548 2267 llmc
574 2227 704 2281 ergo
734 2223 894 2263 senes
939 2206 1125 2261 abbati
1173 2203 1410 2257 Antonio
1457 2200 1802 2256 nuntiarunt.
1837 2197 1896 2251 Et
1923 2200 1998 2251 ait

424 2307 572 2361 illis:
607 2301 837 2356 Videtur
871 2292 1004 2354 milii
1059 2296 1362 2351 monachus
1401 2294 1507 2349 iste
1545 2292 1820 2360 navigium
1876 2303 1999 2345 esse

420 2398 642 2467 plenum
675 2392 872 2455 bonis;
915 2387 1010 2444 sed
1040 2386 1228 2442 nescio
1257 2400 1327 2438 an
1370 2384 1435 2438 ad
1487 2391 1709 2453 portum
1741 2380 1995 2451 appellet.

420 2486 487 2543 Et
526 2488 650 2558 post
702 2485 1041 2554 aliquantum
1094 2479 1388 2550 temporis,
1440 2490 1569 2532 ecce
1610 2475 1792 2531 subito
1832 2474 1999 2539 'cwpit

423 2582 592 2635 abbas
617 2577 893 2631 Antonius
947 2574 1097 2640 ﬂere,
1150 2572 1380 2642 capillos
1418 2570 1639 2630 vellere,
1686 2565 1995 2620 lamentari.

424 2673 621 2727 Dicunt
679 2670 729 2724 ei
791 2667 1048 2738 discipuli
1084 2665 1258 2735 ipsius
1296 2678 1309 2715 ε
1341 2662 1515 2728 Quam
1547 2661 1617 2715 ob
1640 2675 1755 2714 rem
1792 2657 1996 2727 ploras,

424 2762 597 2819 abba?
623 2758 925 2830 Respondit
951 2770 1115 2812 senex
1150 2773 1162 2809 :
1196 2753 1355 2808 Modo
1396 2766 1592 2822 magna
1615 2749 1872 2804 Ecclesiae
1906 2763 2000 2801 co-

425 2855 607 2910 lumna
642 2852 862 2907 cecidit.
901 2846 1256 2919 Loquebatur
1284 2855 1463 2900 autem
1494 2842 1560 2898 de
1584 2843 1785 2913 juvene
1810 2856 1999 2896 mona-

424 2948 547 3003 cho.
585 2932 689 2998 Sed
724 2940 1160 3014 proficiscimini,
1194 2937 1395 3008 inquit,
1426 2950 1598 3007 usque
1632 2934 1699 2989 ad
1727 2934 1898 2999 illum,
1934 2947 2000 2986 ac

423 3035 600 3090 videte
632 3033 891 3105 quidnam
935 3030 1250 3101 contigerit.
1280 3029 1492 3083 Abeunt
1525 3032 1657 3099 ergo
1695 3026 1949 3097 discipuli
1981 3040 1995 3089 ;

424 3132 818 3199 inveniuntque
866 3126 1192 3182 monachum
1244 3114 1303 3178 in
1354 3130 1522 3177 matta
1578 3121 1878 3183 sedentem,
1934 3135 1999 3172 ac

2100 638 2132 691 6
2160 639 2359 711 γέρων,
2395 640 2475 694 ὅτι
2511 640 2615 711 χρὴ
2646 640 2774 712 μίαν
2803 642 2826 673 ⁸
2861 640 3318 709 συγκαταϐαίνειν
3361 637 3475 703 τοῖς
3520 640 3664 695 ἀδελ-

2104 732 2243 803 φοῖς,
2293 734 2438 802 λέγει
2468 736 2615 807 αὐτῷ
2633 752 2649 768 ·
2683 737 2820 790 Βάλε
2880 735 3029 807 βέλος
3058 737 3135 799 εἰς
3162 735 3221 789 τδ
3241 733 3393 801 τόξον
3430 752 3547 796 σου.
3577 733 3663 788 καὶ

2101 828 2277 881 τεῖνον
2297 845 2312 859 ο
2347 828 2441 882 καὶ
2472 830 2723 900 ἐποίησεν
2748 828 2940 891 οὕτως.
2970 828 3129 895 Λέγει
3159 825 3336 897 αὐτῷ’
3370 825 3537 879 Πάλιν
3562 827 3663 878 τεῖ-

2103 936 2191 973 νον
2213 932 2229 950 ⁶
2256 921 2350 974 καὶ
2373 922 2592 1002 ἔτεινεν.
2613 921 2715 975 Kal
2738 921 2897 975 πάλιν
2920 921 3081 991 φησί’
3109 920 3314 972 Τεῖνον.
3345 919 3507 986 Λέγει
3523 916 3664 986 αὐτῷ

2100 1013 2131 1064 6
2160 1010 2428 1085 θηρευτής
2454 1031 2469 1046 ο
2515 1013 2638 1069 Ἐάν
2668 1012 2809 1085 ὑπὲρ
2837 1014 2897 1065 τὸ
2930 1011 3125 1083 μέτρον
3177 1009 3359 1074 τείνω,
3386 1009 3578 1063 κλᾶται
3608 1009 3664 1061 τὸ

2073 1105 2273 1172 στάξον.
2312 1106 2474 1175 Λέγει
2502 1105 2650 1176 αὐτῷ
2680 1107 2708 1158 6
2741 1105 2918 1176 γέρων
2938 1120 2952 1134 ⁸
2986 1101 3171 1166 Οὕτως
3201 1102 3294 1156 καὶ
3315 1102 3391 1165 είς
3419 1100 3480 1152 τὸ
3508 1100 3665 1172 ἔργον

2100 1198 2194 1251 τοῦ
2226 1198 2360 1251 Θεοῦ
2379 1216 2394 1229 ·
2422 1200 2515 1253 ἐὰν
2549 1198 2728 1252 πλεῖον
2760 1196 2853 1251 τοῦ
2880 1197 3080 1268 μέτρου
3115 1195 3376 1265 τείνωμεν
3401 1194 3545 1247 κατὰ
3562 1192 3665 1247 τῶν

2100 1286 2369 1357 ἀδελφῶν,
2409 1289 2545 1359 ταχὺ
2583 1289 3011 1360 προσρήσσουσι.
3070 1283 3189 1357 Χρὴ
3237 1280 3329 1338 οὖν
3380 1283 3506 1354 μίαν
3546 1288 3666 1354 μίαν

2102 1379 2556 1448 συγκαταϐαίνειν
2588 1381 2701 1442 τοῖς
2723 1377 2990 1447 ἀδελφοῖς.
3028 1375 3209 1429 Ταῦτα
3257 1373 3492 1438 ἀκούσας
3519 1375 3548 1427 6
3576 1371 3665 1444 θη-

2102 1472 2317 1543 ρευτὴς,
2347 1470 2640 1541 κατενύγῃ,
2695 1471 2789 1524 καὶ
2822 1468 2989 1523 πολλὰ
3037 1465 3336 1538 ὠφεληθεὶς
3388 1466 3540 1537 παρὰ
3577 1463 3664 1519 τοῦ

2099 1565 2374 1636 γέροντος,
2400 1564 2609 1636 ἀπῆλθε
2640 1580 2655 1593 '
2686 1566 2779 1618 καὶ
2800 1564 2854 1616 οί
2887 1562 3107 1631 ἀδελφοὶ
3148 1557 3530 1633 πηριχθέντες
3579 1560 3668 1612 ἁν-

2101 1656 2387 1729 εχώρησαν
2421 1660 2499 1721 εἰς
2532 1657 2622 1710 τὸν
2647 1655 2811 1709 τόπον
2842 1654 3041 1708 αὐτῶν.

2176 1749 2255 1801 ιδ’.
2290 1752 2558 1805 Ἤκουσεν
2587 1752 2615 1803 6
2636 1750 2809 1813 ἀ66ἇς
2850 1749 3131 1809 ’Λντώνιος
3157 1745 3283 1818 περί
3310 1760 3453 1807 τινος
3480 1743 3664 1798 νεωτέ-

2107 1858 2199 1915 ρου
2258 1840 2514 1913 μοναχοῦ,
2584 1836 2912 1914 ποιῆσαντος
2967 1841 3194 1911 σημεῖον
3242 1839 3299 1889 ἐν
3327 1839 3394 1908 τῇ
3598 1836 3669 1897 ὡς

2107 1936 2293 1989 τούτου
2329 1936 2632 2008 ἑωρακότος
2669 1934 2928 2006 γέροντάς
2976 1950 3127 1996 τινας
3150 1930 3431 1995 ὁδεύοντας
3453 1927 3547 1982 καὶ
3578 1928 3671 1982 κά-

2112 2043 2340 2099 μνοντας
2373 2028 2430 2081 ὲν
2459 2030 2525 2098 τῇ
2552 2025 2675 2096 ὁδῷ,
2705 2026 2798 2079 καὶ
2824 2024 3088 2095 ὀνάγρους
3126 2020 3477 2085 ἐπιτάξαντος
3503 2018 3671 2072 ἐλθεῖν

2102 2121 2201 2174 καὶ
2234 2119 2501 2191 βαστάσαι
2544 2121 2671 2180 τοὺς
2708 2118 2989 2189 γέροντας,
3030 2117 3136 2180 ἕως
3166 2109 3229 2170 οὗ
3262 2113 3506 2183 φθάσωσι
3540 2110 3673 2181 πρὸς

2120 2213 2424 2267 Ἀντώνιον.
2480 2213 2543 2265 Οἱ
2588 2206 2681 2265 οὖν
2727 2210 2984 2282 γέροντες
3034 2206 3361 2279 ἀνήγγειλάν
3414 2203 3492 2275 τῷ
3534 2202 3676 2273 ἀὸὅᾷ

2120 2306 2387 2376 Ἀντωνίῳ
2409 2303 2599 2358 ταῦτα.
2627 2304 2737 2358 Kal
2755 2303 2900 2371 λέγει
2927 2301 3111 2364 αὐτοῖς
3130 2316 3144 2329 ·
3184 2298 3370 2352 Ἔοικέ
3404 2313 3493 2368 μοι
3520 2296 3549 2348 6
3582 2312 3675 2364 p.0-

2102 2399 2269 2469 ναχὸς
2296 2390 2449 2462 οὗτος
2478 2397 2660 2451 πλοῖον
2685 2393 2823 2450 εἶναι
2852 2393 3048 2467 μεστὸν
3076 2390 3317 2461 ἀγαθῶν,
3345 2390 3447 2443 οὐκ
3473 2383 3591 2441 οἶδα
3620 2386 3676 2439 δὲ

2102 2495 2157 2546 εί
2202 2491 2322 2565 ἥξει
2381 2493 2457 2557 είς
2498 2491 2590 2544 τὸν
2648 2488 2862 2557 λιμένα.
2901 2486 3011 2539 Kal
3040 2482 3179 2555 μετὰ
3220 2481 3410 2553 χρὸνον
3452 2478 3677 2549 ἄρχεται

2108 2586 2365 2655 ἐξαίφνης
2411 2586 2439 2637 6
2488 2582 2663 2645 ὰδσᾶς
2704 2578 2987 2641 Ἀντώνιος
3014 2576 3220 2631 κλαίειν
3249 2574 3344 2627 καὶ⁵
3365 2571 3564 2625 τίλλειν
3584 2568 3677 2630 τὸς

2107 2685 2299 2754 τρίχας
2325 2679 2490 2736 αὑτοῦ
2532 2680 2623 2734 καὶ
2646 2676 2954 2750 ὀδύρεσθαι.
2980 2676 3243 2744 Λέγουσιν
3257 2669 3405 2740 αὐτῷ
3432 2669 3481 2721 οἱ
3504 2664 3678 2738 μαθη-

2108 2780 2198 2832 ταὶ
2231 2776 2395 2830 αὐτοῦ
2422 2794 2435 2807 ’
2464 2775 2528 2829 Τί
2567 2773 2795 2837 κλαίεις,
2840 2771 3024 2837 άὸΰᾶς
3057 2769 3166 2823 Kal
3195 2761 3348 2820 εἶπεν
3396 2765 3425 2817 6
3458 2761 3637 2831 γέρων
3661 2772 3673 2785 ο

2109 2873 2298 2941 Μέγας
2329 2869 2515 2932 στύλος
2543 2867 2643 2938 τῆς
2679 2864 3003 2936 Ἐκκλησίας
3045 2864 3169 2933 ἄρτι
3204 2859 3395 2912 ἔπεσεν
3424 2856 3601 2925 (ἔλεγε
3625 2851 3676 2903 δὲ

2109 2964 2235 3035 περὶ
2265 2960 2359 3015 τοῦ
2392 2959 2655 3030 νεωτέρου
2689 2953 2944 3027 μοναχοῦ)
2965 2971 2977 2983 ·
3012 2950 3147 3005 ἀλλὰ
3184 2948 3463 3009 ἀπέλθετε,
3493 2944 3675 3015 φησὶν,

2108 3056 2212 3120 ἕως
2263 3054 2450 3117 αὑτοῦ,
2503 3052 2597 3106 καὶ
2631 3050 2855 3121 βλέπετε
2906 3046 2966 3099 τὸ
3013 3043 3253 3113 γεγονός.
3322 3039 3677 3108 ’Λπέρχονται

2106 3147 2199 3205 οὖν
2226 3150 2276 3202 οἱ
2320 3147 2576 3219 μαθηταὶ.
2596 3144 2691 3197 καὶ
2724 3140 3034 3213 εὑρίσκουσι
3063 3138 3156 3191 τὸν
3189 3133 3416 3207 μοναχὸν
3439 3132 3533 3183 ἐπὶ
3558 3129 3679 3198 ψια-

421 3223 638 3280 ﬂentem
671 3221 815 3291 quod
838 3219 1189 3273 commiserat
1214 3224 1525 3286 peccatum.
1558 3211 1794 3268 lntuitus
1819 3221 1996 3266 autem

2108 3245 2219 3301 θίου
2254 3211 2585 3311 καθήμενον,
2612 3238 2707 3290 καὶ
2754 3211 3009 3288 κλαίοντα
3047 3231 3146 3300 τὴν
3184 3225 3454 3299 ἁμαρτίαν
3475 3224 3543 3295 ἣν
3566 3224 3667 3293 είρ·

424 3313 573 3374 senis
604 3314 925 3385 discipulos.
960 3312 1037 3365 ait
1071 3329 1085 3364 :
1132 3308 1308 3363 Dicite
1338 3307 1478 3369 seni,
1510 3314 1569 3360 ut
1598 3305 1765 3360 Deum
1810 3306 2001 3375 depre-

422 3417 601 3473 cetur,
629 3408 819 3461 decem
881 3403 1225 3460 solummodo
1250 3402 1367 3458 dies
1419 3402 1551 3456 mihi
1596 3400 1880 3463 concedat,
1941 3417 2004 3454 ac

423 3514 585 3569 spero
645 3495 791 3568 quod
837 3494 1198 3552 satisfaciam.
1249 3493 1355 3550 Sed
1400 3495 1544 3549 intra
1588 3494 1832 3564 quinque
1886 3491 2003 3546 dics

423 3593 579 3650 obiit.

495 3682 583 3737 15.
630 3680 746 3753 (50)
781 3679 1060 3734 Laudatus
1092 3676 1321 3732 fuerata
1344 3674 1609 3730 fratribus
1643 3673 1865 3747 quidam
1889 3689 2003 3728 mo.

426 3777 634 3829 naclius
664 3772 807 3844 apud
843 3770 1093 3825 abbatem
1119 3769 1440 3823 Antonium.
1472 3768 1572 3822 Hi’c
1621 3778 1801 3822 autem
1848 3768 2001 3820 illum

424 3884 548 3921 cum
578 3866 903 3920 accessisset
937 3862 1187 3924 tentavit,
1218 3878 1287 3915 an
1321 3861 1486 3917 ferret
1518 3862 1776 3932 injuriatn
1812 3878 1825 3915 :
1856 3875 2004 3913 com-

425 3966 690 4029 pertoque
716 3956 862 4026 quod
896 3972 1004 4009 non
1038 3948 1310 4018 sulferret,
1337 3954 1411 4008 ait
1434 3954 1512 4008 illi
1554 3972 1566 4007 :
1604 3952 1812 4009 Similis
1835 3968 1894 4007 es
1924 3954 2005 4005 vi-

424 4063 513 4113 co,
550 4046 710 4117 ‘cujus
752 4046 1029 4101 anteriora
1075 4044 1297 4115 quidem
1342 4052 1609 4099 exornata
1636 4053 1787 4108 sunt,
1819 4056 2003 4114 poste-

426 4141 575 4197 riora
606 4155 740 4194 vero
766 4155 795 4192 a
825 4137 1174 4210 prazdonibus
1201 4136 1435 4208 direpta.

500 4230 586 4285 ili.
627 4229 739 4301 ('51)
779 4228 967 4283 Frater
1016 4229 1157 4282 dixit
1202 4229 1382 4283 abbati
1420 4229 1657 4283 Antonio
1693 4247 1707 4283 :
1741 4224 1848 4281 Ora
1906 4242 2007 4299 pro

428 4339 532 4378 me.
564 4324 653 4375 Ait
684 4321 759 4376 illi
784 4332 955 4376 senex
980 4336 993 4371 :
1019 4318 1131 4373 Nec
1153 4335 1253 4390 ego
1285 4320 1362 4373 tui
1392 4320 1679 4381 misereor,
1711 4335 1812 4373 nec
1832 4310 2003 4383 Deus,

426 4418 529 4471 nisi
563 4424 620 4470 tu
652 4422 877 4485 quoque
921 4428 1142 4484 operam
1184 4411 1493 4475 navaveris,
1525 4410 1803 4481 Deumque
1836 4412 2005 4466 fueris

425 4508 770 4579 deprecatus.

2104 3333 2327 3403 γάσατο.
2375 3325 2667 3399 Ἐωρακὼς
2724 3324 2781 3378 δέ
2829 3324 2953 3385 τοὺς
2990 3319 3234 3391 μαθητὰς
3265 3316 3360 3371 τοῦ
3402 3315 3675 3386 γέροντος,

2104 3425 2250 3493 λέγει
2272 3441 2285 3456 ο
2324 3421 2530 3475 Εἴπατε
2563 3417 2642 3488 τῷ
2666 3416 2879 3488 γέροντι
2907 3415 2994 3467 ἴνα
3021 3409 3373 3484 παρακαλέσῃ
3403 3407 3494 3460 τὸν
3522 3405 3675 3463 Θεὸν.

2103 3516 2235 3569 δέκα
2284 3514 2447 3584 μόνας
2473 3510 2690 3581 ’ἡμέρας
2723 3505 2964 3560 ἐνδοῦναί
3002 3520 3111 3576 μοι,
3140 3502 3237 3555 καὶ
3257 3498 3459 3562 ἐλπίζω
3481 3496 3677 3551 ἀπολο-

2104 3604 2397 3676 γήσασθαι.
2452 3600 2565 3654 Kal
2590 3598 2743 3662 ἐντὸς
2774 3597 2993 3669 ἡμερῶν
3020 3595 3180 3648 πέντε
3234 3589 3606 3661 ἐτελεύτησεν.

2179 3703 2260 3750 ιε’.
2312 3692 2578 3765 Ἐπῃνέθη
2607 3708 2689 3755 τις
2722 3689 2952 3761 μοναχδς
2981 3687 3084 3742 ὐπὸ
3112 3683 3220 3739 τῶν
3258 3682 3502 3753 ἀδελφῶν
3544 3680 3681 3752 πρὸς

2102 3798 2194 3843 τὸν
2224 3787 2397 3843 ἀϐὁᾶν
2432 3783 2809 3839 Ἀντώνιον.¹0
2841 3782 2897 3834 δὲ
2929 3779 3312 3852 παραϐαλόντα
3344 3776 3504 3830 αὑτὸν
3531 3773 3683 3827 ἐπεί-

2106 3899 2290 3955 ρασεν,
2323 3881 2371 3934 εί
2405 3878 2559 3949 φέρει
2587 3874 2837 3947 ἀτιμίαν·
2874 3872 2970 3926 καὶ
2998 3870 3172 3943 εὑρὼν
3203 3871 3285 3922 ὅτι
3316 3866 3678 3938 οθιβαστάζει.

2104 3976 2258 4029 εἶπεν
2292 3971 2471 4043 αὐτῷ’
2509 3971 2730 4031 Ἔοικας
2764 3966 2948 4039 κώμῃ,
2970 3965 3038 4019 τὰ
3065 3962 3372 4036 ἔμπροσθεν
3405 3960 3684 4015 κεκαλλω-

2104 4068 2365 4139 πισμένῃ,
2404 4064 2475 4119 τὰ
2500 4063 2555 4117 δὲ
2585 4061 2809 4116 ὄπισθεν
2838 4058 2943 4113 ὑπὸ
2966 4057 3178 4131 λῃστῶν
3212 4053 3540 4125 συλουμένῃ.

2114 4274 2119 4279 ι
2180 4250 2273 4307 ις’.
2328 4239 2579 4310 ’Λδελφὸς
2604 4235 2724 4291 εἷπε
2754 4235 2832 4307 τῷ
2860 4234 3003 4307 άϐϐᾷ
3030 4230 3299 4303 Ἀντωνίῳ
3317 4248 3331 4263 ·
3356 4224 3683 4300 Εὗξαιύπὲρ

2106 4332 2260 4403 ἐμοῦ.
2295 4332 2454 4400 Λέγει
2482 4329 2628 4400 αὐτῷ
2665 4330 2693 4382 6
2724 4328 2904 4399 γέρων
2923 4343 2935 4356 ·
2963 4325 3097 4379 Οὐδὲ
3125 4322 3242 4393 ’ἐγώ
3283 4339 3342 4377 σε
3374 4320 3531 4385 ἐλεῶ,
3560 4322 3683 4375 obit

2105 4429 2133 4479 6
2165 4424 2315 4485 Θεὸς.
2348 4423 2443 4476 ἐὰν
2478 4422 2552 4493 μὴ
2589 4421 2653 4473 σὺ
2689 4420 2850 4481 αὐτὸς
2876 4414 3201 4487 σπουδάσῃς.
3233 4414 3325 4468 καὶ
3358 4414 3562 4482 αἰτήσῃ
3590 4410 3684 4463 τὸν

2107 4517 2262 4573 Θεὸν.

498 4600 583 4654 17.
628 4599 741 4672 (52)
778 4600 1165 4653 Convenerunt
1211 4597 1506 4668 aliquando
1559 4613 1718 4653 senes
1749 4599 1998 4653 abbatem

2179 4601 2263 4667 ιζ’.
2306 4594 2619 4674 Παρέϐαλόν
2653 4616 2785 4653 ποτε
2818 4598 3073 4670 γέροντες
3098 4596 3175 4669 τῷ
3205 4595 3348 4666 άὸὅᾷ
3387 4593 3682 4662 Ἀντωνίῳ.

424 4691 745 4754 Antonium,
774 4697 1000 4759 eratque
1040 4700 1146 4743 una
1177 4704 1301 4743 cum
1332 4689 1441 4744 illis
1476 4689 1647 4744 abbas
1676 4687 1899 4759 Joseph.
1935 4689 2002 4745 Et

426 4783 614 4837 volens
647 4795 813 4837 senex
847 4781 1081 4849 probare
1118 4795 1237 4846 eos,
1264 4796 1574 4835 sermonem
1616 4783 1902 4853 proposuit
1935 4799 2002 4837 ex

427 4873 734 4943 Scriptura,
771 4876 1044 4944 cmpitque
1094 4875 1405 4944 percontari
1445 4890 1475 4928 a
1526 4877 1833 4932 minoribus
1877 4880 2003 4948 quis

426 4973 573 5021 esset
604 4972 787 5020 sermo
822 4968 935 5022 ille.
979 4966 1045 5020 Et
1076 4967 1456 5037 unusquisque
1483 4983 1581 5038 pro
1608 4970 1750 5025 virili
1782 4982 1882 5024 sua
1909 4988 2004 5026 ex-

426 5056 707 5126 planabat.
737 5056 915 5113 Senex
964 5068 1145 5113 autem
1188 5060 1420 5130 singulis
1452 5060 1670 5117 dicebat
1702 5081 1716 5118 :
1748 5061 2002 5118 Nondum

428 5150 707 5206 invenisti.
758 5150 889 5206 Post
935 5160 1167 5207 cunctos
1213 5155 1398 5208 abbati
1448 5152 1688 5225 Josepbo
1737 5156 1813 5211 ait
1849 5174 1862 5210 :
1896 5154 2000 5218 Tu,

427 5242 559 5311 quid
589 5243 695 5298 sibi
722 5244 859 5298 velle
888 5244 939 5298 id
972 5245 1119 5299 verbi
1150 5247 1379 5301 censes?
1403 5244 1708 5316 Respondit
1741 5267 1753 5303 :
1781 5246 2000 5302 Nescio.

430 5333 654 5404 Excepit
702 5335 874 5391 abbas
924 5336 1247 5391 Antonius:
1285 5339 1519 5394 Omnino
1575 5340 1749 5395 abbas
1799 5338 2002 5412 Joseph

428 5426 570 5480 viam
612 5427 840 5492 invenit,
871 5431 965 5499 qui
1000 5444 1059 5485 se
1087 5430 1303 5486 nescire
1332 5430 1620 5501 professus
1646 5440 1753 5487 est.

502 5584 520 5613 ³
558 5583 643 5635 Al.
666 5582 791 5637 add.
820 5587 913 5636 καὶ
942 5583 1356 5654 ἐσκανδαλίσθη.
1435 5584 1457 5615 ⁸
1493 5584 1574 5638 Al.
1616 5585 1744 5656 μίαν
1780 5584 1929 5656 μίαν.

501 5746 614 5817 (29)
669 5747 767 5801 Vit.
800 5747 956 5803 Patr.
1023 5766 1141 5814 vm,
1206 5751 1277 5815 ις
1318 5749 1593 5807 Climacus
1649 5748 1831 5805 Gradu
1892 5750 2000 5817 15;

433 5814 617 5871 Schol.
648 5820 735 5878 Μ,
763 5820 827 5873 ad
861 5819 1024 5874 Grad.
1052 5818 1106 5876 4.

504 5891 614 5958 (50)
672 5890 772 5945 Vit.
819 5891 969 5946 Patr.
1000 5909 1080 5956 nt,
1115 5890 1215 5957 88;
1257 5906 1372 5957 vni,
1401 5891 1455 5945 2.

2108 4695 2203 4747 καὶ
2232 4686 2301 4765 ἦν
2333 4696 2362 4747 6
2398 4693 2569 4756 ἁὸὂᾶς
2603 4691 2798 4764 Ἰωσὴφ
2832 4691 2952 4762 μετ’
2976 4689 3174 4742 αὐτῶν.
3198 4688 3307 4742 Kal
3340 4685 3511 4739 θέλων
3536 4686 3567 4738 6
3587 4685 3683 4753 γέ·-

2112 4804 2221 4859 ρων
2240 4787 2530 4856 δοκιμάσαι
2560 4783 2778 4848 αὐτοὺς,
2803 4780 3134 4854 προεϐάλετο
3161 4781 3313 4852 ῥῆμα
3337 4780 3395 4830 ἐν
3417 4776 3517 4847 τῆς
3543 4775 3689 4846 Γρα-

2111 4881 2237 4951 φῆς,
2260 4880 2354 4933 καὶ
2384 4879 2588 4949 ἤρξατο
2612 4880 2821 4949 ἐρωτᾷν
2847 4878 2955 4931 ἀπὸ
2978 4876 3085 4929 τῶν
3110 4874 3463 4946 μικροτέρων,
3491 4870 3545 4923 τί
3568 4872 3687 4922 ἐστι

2110 4970 2175 5021 τὸ
2208 4969 2358 5039 ῥῆμα
2388 4967 2565 5021 τοῦτο.
2601 4969 2711 5021 Kal
2742 4968 2968 5030 ἕκαστος
3017 4966 3168 5034 ἔλεγε
3217 4964 3355 5016 κατὰ
3397 4962 3498 5032 τὴν
3549 4960 3688 5013 ίδίαν

2111 5061 2361 5132 δύναμιν.
2390 5062 2448 5115 'O
2476 5060 2532 5113 δὲ
2581 5060 2760 5131 γέρων
2806 5060 3020 5128 ἑκάστῳ
3052 5057 3266 5126 ἔλεγενν
3311 5053 3476 5108 Οὖπω
3505 5048 3688 5123 εὗρες.

2110 5155 2374 5224 Ὕστερον
2415 5154 2550 5208 ὅλων
2584 5153 2730 5222 λέγει
2779 5151 2857 5221 τῷ
2904 5150 3046 5221 ἁὸϐᾷ
3079 5150 3309 5219 Ἰωσήφ·
3345 5146 3415 5199 Σὺ
3447 5146 3566 5207 πῶς
3603 5145 3690 5197 λέ-

2106 5265 2223 5317 γεις
2250 5243 2388 5301 εἶναι
2417 5247 2507 5301 τὸν
2533 5247 2689 5314 λόγον
2708 5245 2900 5299 τοῦτον
2924 5259 2938 5305 ;
2969 5240 3346 5312 Ἀποκρίνεται
3366 5257 3379 5270 ’
3410 5236 3524 5292 Οὐκ
3543 5234 3688 5290 οἶδα.

2106 5340 2269 5410 Λέγει
2292 5337 2386 5394 οὖν
2415 5342 2443 5393 6
2467 5340 2640 5402 ἀ66ἄς
2676 5336 2985 5399 ’Λντώνιος·
3020 5334 3242 5398 Πάντως
3278 5330 3449 5395 assa;
3486 5330 3690 5403 Ἰωσὴφ

2106 5428 2230 5504 εὗρε
2259 5435 2358 5504 τὴν
2388 5432 2528 5495 ὁδὸν,
2557 5431 2641 5485 ὃτι
2669 5427 2845 5499 εἶπεν,
2878 5430 2993 5483 οὐκ
3025 5424 3163 5489 οἶδα.

2183 5742 2294 5811 (3i)
2344 5739 2449 5811 γῆ.
2485 5734 2640 5811 fair.
2670 5752 2723 5795 χ.
2756 5736 2808 5811 3.

2182 5807 2297 5885 (σε)
2340 5810 2447 5865 vn.
2482 5808 2638 5864 Patr.
2666 5823 2753 5875 xv,
2784 5807 2840 5865 4.
