3878 6370
195 452 253 516 81
1330 467 1944 527 APOPHTHEGMATA
1981 472 2267 529 PATRUM
3387 476 3456 531 89.

253 586 349 650 ιη’.
404 579 652 649 ’Δόελφοὶ
704 581 1015 653 παρέϐαλον
1066 583 1145 654 τῷ
1190 584 1335 657 άϐϐᾷ
1374 587 1642 660 Ἀντωνίῳ
1672 590 1781 649 ἀπὸ

1958 592 2039 645 18.
2084 592 2195 663 (53)
2236 590 2454 646 Fratres
2499 590 2748 645 abbatem
2800 589 3098 647 Antonium
3151 590 3462 649 inviserunt

192 673 464 743 Σκήτεως,
498 674 595 727 καὶ
622 673 892 745 ὲμϐἀντες
916 676 999 740 είς
1028 675 1209 732 πλοῖον
1240 679 1492 735 ἀπελθεῖν
1524 682 1661 753 πρὸς
1690 684 1780 737 αύ-

191 766 296 830 τὸν,
329 761 496 837 εὖρον
526 768 762 839 γέροντα
797 768 1017 823 θέλοντα
1045 772 1140 825 καὶ
1168 774 1328 827 αὐτὸν
1354 775 1606 829 ἀπελθεῖν
1639 777 1775 829 ἐκεῖ.

202 861 462 928 Ἡγνὸουν
495 861 553 914 δὲ
586 862 751 915 αὑτὸν
781 864 833 916 οῖ
862 863 1102 934 ἀδελφοί.
1142 866 1252 919 Kal.
1285 866 1581 937 καθήμενοι
1613 870 1671 920 ὲν
1702 868 1780 939 τῷ

191 952 358 1023 πλοίῳ
382 951 610 1007 ὲλάλουν
638 954 831 1022 λόγους
859 954 1140 1027 Πατὲρων,
1176 958 1270 1011 καὶ
1308 959 1373 1012 ὲκ
1405 958 1507 1029 τῆς
1536 959 1574 1011 Γ
1581 960 1778 1031 ραφῆς,

192 1045 281 1099 καὶ
332 1045 503 1099 πάλιν
545 1045 673 1117 περὶ
715 1047 1045 1119 ὲργοχείρων
1096 1049 1327 1105 ἑαυτῶν.
1364 1050 1423 1103 '0
1465 1050 1522 1103 δὲ
1565 1050 1780 1122 γέρων⁸

192 1133 423 1188 δσιώπα.
444 1135 743 1190 Ἐλθόντων
773 1136 831 1190 δὲ
860 1136 1038 1191 αὐτῶν
1078 1138 1172 1192 ἐπὶ
1213 1138 1308 1191 τού
1352 1140 1547 1211 ὅρμου,
1582 1138 1780 1212 εὑρέθη

192 1228 281 1281 καὶ
308 1228 339 1280 6
360 1226 548 1299 γέρων
572 1228 802 1297 ύπάγων
834 1230 971 1300 πρὸς
1016 1230 1109 1284 τὸν
1155 1230 1329 1284 ἀϐϐἄν
1371 1231 1784 1301 ’Λντώνιον.⁹Ως

190 1320 244 1373 δὲ
271 1315 444 1391 ἦλθον
482 1320 621 1392 πρὸς
665 1322 849 1385 αὑτὸν,
892 1322 1039 1391 λέγει
1070 1324 1254 1388 αὐτοῖς
1274 1341 1287 1354 ⁸
1322 1324 1507 1397 Καλὴν
1540 1325 1783 1381 συνοδίαν

190 1409 404 1481 εὕρετε,
435 1410 529 1464 τὸν
556 1412 790 1484 γέροντα
816 1414 1025 1469 τοῦτον.
1059 1410 1194 1468 Εῐπε
1223 1415 1279 1469 δὲ
1304 1418 1398 1470 καὶ
1425 1416 1503 1487 τῷ
1530 1418 1745 1490 γέροντι
1764 1436 1778 1449 υ

192 1502 407 1567 Καλοὺς
438 1503 704 1574 ἀδελφοὺς
733 1497 892 1577 εὗρες
927 1506 1065 1577 μετά
1093 1507 1207 1572 σού,
1238 1509 1402 1565 assa.
1437 1510 1601 1579 Λέγει
1630 1513 1659 1564 6
1687 1510 1782 1579 γέ-

192 1611 329 1663 ρων·
364 1596 544 1649 Καλοὶ
589 1599 690 1669 μέν
724 1600 882 1664 εἰσιν,
917 1599 1032 1653 ἀλλ’
1057 1602 1091 1671 ὴ
1126 1601 1265 1675 αὐλὴ
1295 1604 1477 1658 αὐτῶν
1523 1606 1622 1659 ούκ
1669 1606 1783 1678 ἔχει

192 1685 383 1757 θύραν,
418 1688 519 1743 καὶ
552 1691 582 1743 6
631 1689 801 1743 θέλων
831 1692 1136 1763 εἰσέρχεται
1177 1696 1258 1758 εἰς
1292 1696 1385 1749 τὸν
1415 1695 1663 1761 σταῦλον,
1692 1698 1787 1755 καὶ

192 1777 307 1832 λύει
335 1779 428 1833 τὸν
450 1779 593 1836 δνον.
628 1782 800 1837 Τοῦτο
824 1784 883 1837 δὲ
905 1784 1108 1855 ἔλεγεν,
1137 1787 1221 1841 ὅτι
1245 1787 1312 1841 τὰ
1340 1788 1605 1861 ἐρχόμενα
1626 1793 1703 1855 είς
1726 1790 1785 1849 τὸ

197 1872 371 1943 στόμια
396 1874 583 1928 αὐτῶν
611 1875 864 1931 λαλοῦσιν
888 1878 931 1935 ⁸.

266 2050 353 2105 ιϐ’.
395 2053 719 2124 Παρέϐαλον
751 2056 972 2127 ἀδελφοὶ
996 2058 1076 2129 τῷ
1103 2060 1247 2132 acea
1279 2062 1566 2133 Ἀντωνίῳ,
1593 2064 1686 2118 καὶ
1708 2064 1795 2118 λέ-

197 2159 384 2210 γουσιν
432 2144 587 2216 αύτῷ
608 2164 620 2176 ·
666 2148 805 2201 Εἰπὲ
838 2152 974 2220 ἡμῖν
998 2151 1177 2220 λόγον,
1209 2152 1329 2219 πῶς
1356 2154 1620 2227 σωθῶμεν
1644 2172 1658 2221 ;
1686 2156 1792 2210 Λέ-

199 2250 283 2301 γει
312 2235 502 2300 αὐτοῖς
552 2238 584 2289 6
620 2238 830 2309 γέρωνσ
873 2242 1174 2297 Ἠκούσατε
1197 2245 1297 2318 τὴν
1322 2247 1574 2319 Γραφήν;
1614 2248 1795 2314 καλῶς

201 2327 326 2397 ὑμῖν
351 2327 490 2397 ἔχει.
521 2329 585 2382 Οί
617 2329 673 2383 δὲ
700 2326 853 2385 εἶπον
873 2350 887 2364 ⁸
925 2334 1035 2387 Καὶ
1064 2335 1216 2408 παρὰ
1244 2336 1339 2390 σοῦ
1368 2338 1594 2410 θέλομεν
1628 2340 1797 2394 ἀκού-

202 2436 309 2486 σαι,
340 2421 550 2492 Πάτερ.
577 2420 711 2475 Εἷπε
742 2424 799 2477 δὲ
833 2427 1018 2492 αὐτοῖς
1045 2430 1073 2483 6
1095 2430 1272 2501 γέρων
1293 2447 1306 2461 θ
1338 2432 1502 2500 Λέγει
1525 2430 1588 2485 τὸ
1619 2433 1797 2509 Εὐαγ-

200 2512 435 2581 γέλιονον
461 2514 607 2567 Ἐάν
626 2518 723 2584 τις
750 2534 825 2572 σε
844 2522 1088 2592 paulun
1129 2526 1217 2589 εις
1258 2522 1374 2593 τὴν
1423 2524 1631 2591 δεξιὰν
1660 2540 1796 2585 σια-

202 2606 368 2676 γόνα.
416 2608 694 2677 στρέψον
736 2610 898 2677 αὐτῷ
946 2613 1045 2666 καὶ
1092 2613 1207 2683 τὴν
1256 2615 1478 2684 ἄλλην.
1530 2617 1798 2686 Λέγουσιν

202 2698 349 2769 αύτῷ
373 2716 389 2731 ·
420 2702 497 2754 Ού
532 2701 823 2777 ’,δυνάμεθα
866 2705 1026 2759 τοῦτο
1071 2707 1313 2778 ποιῆσαι.
1346 2709 1509 2778 Λέγει
1554 2711 1738 2773 αὐτοῖς
1770 2712 1798 2764 6

204 2792 421 2863 γέρωνθ
455 2792 517 2845 Εἰ
567 2795 640 2865 μὴ
683 2794 913 2849 δύνασθε
950 2797 1176 2870 στρέψαι
1212 2801 1306 2853 καὶ
1334 2801 1434 2871 τὴν
1468 2800 1656 2871 ἄλλην,
1696 2800 1799 2856 κᾶν

205 2883 300 2953 τὴν
338 2883 473 2952 μίαν
515 2884 870 2956 ὑπομείνατε.
912 2889 1179 2958 Λέγουσιν
1232 2891 1413 2961 αὐτῷ’
1455 2893 1591 2946 Οὐδὲ
1642 2893 1800 2947 τοῦτο

204 2977 501 3051 δυνάμεθα.
536 2981 701 3049 Λέγει
729 2983 757 3035 6
781 2982 959 3054 γέρων
984 2998 998 3011 ·
1030 2983 1093 3035 El
1121 2982 1243 3036 οὐδὲ
1269 2982 1429 3037 τοῦτο
1453 2982 1702 3049 δύνασθε,
1724 2986 1800 3059 μὴ

203 3070 319 3125 δότε
352 3073 473 3126 ἀνθ’
497 3067 561 3127 οὗ
590 3072 834 3126 ἐλάϐετε.
870 3075 981 3127 Καὶ
1032 3070 1218 3128 εἶπονο
1260 3076 1395 3130 Οὐδὲ
1437 3077 1596 3131 τοῦτο
1639 3077 1800 3131 δυνά-

210 3161 369 3233 μεθα.
418 3163 582 3233 Λέγει
626 3161 722 3218 οὖν
754 3166 783 3219 6
818 3166 997 3236 γέρων
1025 3165 1102 3240 τῷ
1132 3167 1350 3240 μαθητῇ
1381 3169 1547 3224 αὑτοῦ
1567 3186 1584 3202 ·
1636 3171 1803 3241 Ποίη-

209 3255 335 3307 σον¹
362 3256 550 3320 αὐτοῖς
579 3256 783 3329 μικρὰν
809 3258 1020 3331 ἀθηραν
1038 3275 1052 3291 ο
1083 3259 1369 3314 ἀσθενοῦσι
1403 3262 1570 3334 γάρ.⁸
1595 3264 1659 3316 Ei
1677 3262 1803 3320 τοῦ·

207 3366 267 3402 το
295 3349 356 3403 ού
389 3347 647 3415 δύνασθε,
688 3350 910 3404 κάκεῖνο
935 3352 997 3405 ού
1033 3352 1056 3384 ⁹
1086 3351 1294 3421 θέλετε,
1320 3354 1370 3407 τί
1400 3354 1531 3427 ὑμῖν
1554 3356 1801 3429 aetnam;

209 3438 397 3509 Εύχῶν
408 3438 593 3509 χρεία.

278 3528 349 3584 κ’.
403 3531 662 3601 Ἀδελφὸς
694 3531 1106 3604 ἀποταξάμενος
1143 3534 1222 3607 τῷ
1254 3535 1443 3609 κόσμῳ
1470 3538 1564 3593 καὶ
1594 3539 1807 3605 διαδοὺς

211 3625 278 3677 τὰ
302 3625 619 3696 ὑπάρχοντα
649 3625 812 3679 αὑτοῦ
839 3630 1097 3697 πτωχοῖς,
1136 3630 1580 3701 παρακατασχὼν
1614 3630 1671 3685 δὲ
1708 3615 1811 3684 61i-

214 3733 282 3782 γα
324 3717 407 3777 είς
452 3715 612 3784 λόγον
661 3716 879 3781 ἑαυτοῦ,
912 3717 1190 3785 παρέϐαλε
1221 3718 1300 3789 τῷ
1327 3719 1470 3791 ἀϐδᾷ
1516 3719 1805 3792 Ἀντωνίῳ.

215 3809 321 3860 Καὶ
352 3807 517 3861 τοῦτο
552 3807 759 3878 μαθὼν,
794 3809 942 3877 λέγει
991 3808 1141 3881 αὐτῷ
1189 3812 1218 3864 6
1258 3812 1467 3885 γέρων·
1524 3813 1588 3867 Ei
1634 3812 1811 3879 θέλεις

219 3901 450 3972 μοναχὺς
489 3902 764 3969 γενέσθαι,
796 3903 999 3957 ἄπελθε
1029 3905 1109 3967 είς
1140 3903 1295 3974 τήνδε
1332 3905 1433 3976 τὴν
1466 3904 1680 3977 κώμην,
1716 3907 1813 3960 καὶ

218 3994 489 4064 ἀγόρασον
516 3996 709 4065 κρέας,
740 3997 835 4049 καὶ
868 3996 1090 4068 περίθες
1109 3996 1189 4068 τῷ
1227 3996 1440 4068 σώματί
1471 4014 1562 4051 σου
1596 3998 1810 4071 γυμνῷ,

222 4087 310 4140 καὶ
341 4086 518 4149 οὕτως
557 4085 679 4140 ἐλθὲ
710 4087 964 4142 ἐνταῦθα.
996 4089 1106 4142 Καὶ
1157 4090 1485 4159 ποιήσαντος
1516 4088 1690 4153 οὕτως
1715 4088 1811 4143 τοῦ

220 4178 472 4249 ἀδελφοῦ,
501 4180 555 4231 οι
598 4178 758 4243 κύνες
799 4181 895 4234 καὶ
927 4181 995 4235 τὰ
1024 4182 1188 4252 ὄρνεα
1211 4182 1272 4235 τὸ
1302 4181 1464 4253 σῶμα
1492 4181 1657 4235 αὐτοῦ
1684 4200 1816 4237 κατ-

220 4271 923 4343 ἑτεμνον.Ἀπαντήσαντος
957 4273 1011 4326 δὲ
1060 4273 1225 4327 αὐτοῦ
1259 4273 1397 4345 πρὸς
1435 4274 1527 4328 τὸν
1559 4275 1813 4346 γέροντα,

222 4363 451 4416 ἐπύθετο
472 4365 522 4416 εξ
551 4364 773 4432 γέγονεν
794 4364 871 4428 ὡς
903 4366 1338 4420 συνεϐούλευσεν.
1359 4366 1598 4421 Ἑκείνου
1620 4368 1677 4421 δὲ
1695 4369 1818 4422 ἐπι-

220 4456 574 4525 δεικνυμένου
609 4457 668 4509 τὺ
692 4456 868 4527 ’σῶμα
892 4457 1388 4529 διεσπαραγμένον,
1428 4458 1576 4529 λέγει
1605 4462 1632 4513 6
1663 4460 1817 4531 ἅγιος

236 4546 547 4611 Ἀντώνιος·
572 4549 636 4600 0i
665 4547 1065 4619 ἀποταξάμενοι
1090 4549 1168 4620 τῷ
1200 4549 1411 4621 κόσμῳ,
1448 4551 1541 4603 καὶ
1575 4550 1819 4617 θέλοντες

1886 682 1954 740 de
1985 684 2151 750 Sceti,
2184 693 2236 740 et
2260 683 2494 756 ingressi
2527 699 2721 739 navem
2751 690 2811 741 ιιι
2848 684 2991 739 irent
3019 682 3088 739 ad
3125 698 3274 750 eum,
3308 685 3465 745 inve-

1887 784 2087 831 nerunt
2118 792 2302 832 senem
2334 776 2427 846 qui
2471 776 2588 845 ipse
2618 776 2782 830 etiam
2826 774 2956 829 illuc
3000 774 3277 845 proﬁcisci
3320 776 3469 830 vole-

1888 868 2000 923 bat.
2023 868 2309 923 Fratribus
2337 876 2519 922 autem
2553 882 2664 921 non
2691 873 2810 921 erat
2842 876 3024 921 notus.
3057 864 3325 923 Sedentes
3349 880 3470 935 por-

1888 976 1951 1015 ro
1982 961 2036 1015 in
2067 962 2214 1026 navi,
2246 961 2613 1031 loquebantur
2663 973 2948 1014 sermones
2976 955 3224 1020 Patrum,
3254 970 3471 1015 necnon

1888 1069 1952 1111 ex
2001 1052 2324 1124 Scripturis,
2355 1063 2541 1124 postea
2589 1052 2656 1105 de
2708 1050 2990 1111 laboribus
3036 1064 3301 1105 manuum
3342 1064 3465 1103 sua-

1889 1160 2031 1199 rum.
2063 1146 2131 1201 At
2182 1161 2345 1203 senex
2400 1144 2638 1199 tacebat.
2672 1142 2809 1199 Cum
2847 1150 3029 1199 autem
3063 1142 3346 1197 venissent
3402 1141 3471 1197 ad

1890 1246 2129 1310 portum,
2160 1238 2536 1308 deprehensus
2584 1242 2670 1297 est
2716 1235 2883 1292 etiam
2914 1250 3081 1290 senex
3115 1235 3181 1291 ad
3217 1234 3475 1303 abbatem

1889 1328 2184 1382 Antonium
2218 1324 2510 1397 proficisci.
2540 1322 2720 1393 thue
2773 1322 2841 1376 ad
2890 1336 3015 1376 eum
3068 1328 3362 1385 venerunt,
3397 1320 3475 1376 ait

1890 1422 2001 1476 illis
2034 1440 2047 1474 :
2086 1417 2294 1473 Bonum
2329 1417 2649 1480 comitatum
2687 1415 2831 1471 nacti
2878 1416 3034 1477 estis,
3071 1413 3217 1466 hunc
3262 1426 3471 1467 senem.

1891 1511 2038 1566 Dixit
2065 1525 2285 1580 quoque
2319 1509 2435 1565 seni
2466 1527 2480 1563 :
2512 1507 2725 1563 Probos
2755 1507 2958 1561 fratres
2987 1513 3169 1560 tecum
3198 1503 3473 1574 reperisti.

1891 1604 2046 1658 abba.
2080 1601 2218 1656 Tum
2264 1617 2431 1657 senex
2464 1620 2476 1656 :
2516 1599 2774 1655 Praeclari
2821 1598 3043 1670 quidem
3089 1604 3251 1664 sunt;
3287 1610 3473 1650 verum

1892 1696 2016 1749 aula
2057 1710 2244 1751 eorum
2285 1710 2393 1749 non
2431 1694 2593 1749 habet
2614 1693 2865 1763 januam,
2902 1698 2958 1747 et
3004 1690 3320 1761 quicunque
3362 1688 3480 1741 vult

1890 1789 2059 1843 intrat
2097 1789 2151 1842 in
2181 1786 2481 1849 stabulum,
2517 1801 2581 1839 ac
2609 1786 2774 1841 solvit
2806 1784 3047 1838 asinum.
3079 1781 3136 1836 ld
3168 1796 3298 1835 vero
3328 1779 3480 1835 dice-

1892 1880 2005 1944 bat,
2037 1880 2165 1950 quia
2195 1878 2463 1953 quidquid
2494 1878 2605 1934 illis
2632 1879 2687 1933 in
2722 1878 2952 1933 buccam
2985 1874 3259 1940 veniebat,
3289 1874 3481 1949 loque-

1817 1969 1861 2024 Β
1890 1975 2111 2035 bantur.

1971 2066 2053 2121 19.
2095 2065 2210 2137 (54)
2250 2062 2532 2119 Venerunt
2553 2061 2751 2117 fratres
2779 2058 2848 2114 ad
2873 2058 3125 2113 abbatem
3150 2054 3480 2123 Antonium,

1895 2160 2157 2230 aiuntque
2186 2156 2235 2212 ei
2274 2155 2493 2213 :Eﬂare
2546 2155 2709 2211 nobis
2760 2153 3009 2219 verbum,
3046 2165 3287 2221 quonam
3319 2146 3484 2203 modo

1897 2251 2031 2306 salvi
2069 2250 2323 2306 erimus?
2353 2248 2660 2320 Respondit
2711 2262 2878 2302 senex
2907 2259 2922 2298 :
2951 2242 3201 2298 Audistis
3232 2239 3484 2309 Scriptus

1896 2358 2035 2397 ram.
2075 2341 2221 2399 Bene
2252 2340 2536 2395 vobiscum
2568 2341 2771 2410 agitur.
2814 2336 2882 2389 At
2913 2335 2992 2389 illi
3021 2337 3360 2402 exceperunt
3393 2348 3407 2384 :
3438 2329 3482 2382 A

1898 2444 1952 2491 te
1975 2434 2184 2504 pariter
2211 2432 2403 2487 audire
2432 2429 2707 2501 cupimus,
2740 2426 2925 2483 Pater.
2955 2424 3111 2479 Tunc
3143 2422 3208 2478 ad
3239 2422 3363 2477 illos
3390 2435 3481 2477 see

1899 2544 2005 2583 nex
2048 2546 2060 2581 :
2100 2524 2277 2580 Verba
2313 2523 2595 2594 Evangelii
2630 2528 2760 2578 sunt
2798 2539 2810 2575 :
2848 2517 3047 2589 Siquis
3085 2525 3132 2569 te
3170 2512 3486 2584 percusserit

1898 2621 1954 2675 in
1979 2620 2251 2674 dexteram
2279 2616 2581 2677 maxillam,
2616 2612 2790 2683 prwbe
2836 2611 2920 2665 illi
2970 2617 3020 2663 et
3049 2606 3361 2662 alteram“.
3395 2602 3489 2657 Dio

1900 2722 2033 2767 cunt
2058 2712 2108 2766 ei
2142 2729 2155 2767 :
2190 2709 2305 2766 Hac
2333 2708 2515 2763 facere
2547 2720 2658 2761 non
2689 2718 3005 2776 possumus.
3038 2698 3251 2769 Quibus
3278 2711 3486 2752 senex:

1904 2801 1961 2858 Si
1999 2803 2226 2857 alteram
2256 2799 2499 2873 praebere
2551 2813 2662 2853 non
2711 2795 2971 2869 potestis,
3001 2792 3196 2847 saltem
3225 2804 3335 2845 una
3366 2802 3491 2863 per-

1902 2910 2067 2952 cussa
2116 2894 2362 2950 tolerate.
2416 2892 2587 2947 Aiunt
2624 2889 2673 2946 ei
2712 2908 2726 2943 :
2758 2886 2948 2958 Neque
3000 2885 3105 2940 hoc
3148 2897 3310 2955 agere
3343 2874 3491 2936 vale-

1903 3005 2046 3045 mus.
2094 2986 2229 3041 Dein
2261 3001 2422 3042 senex
2451 3003 2465 3039 :
2505 2984 2564 3039 Si
2598 2997 2775 3053 neque
2810 2982 2915 3036 hoc
2943 2978 3162 3040 valetis,
3200 2975 3371 3031 nolite
3410 2973 3492 3029 fe-

1904 3080 2015 3135 rire
2046 3094 2145 3151 pro
2178 3094 2243 3133 eo
2270 3076 2417 3148 quod
2444 3074 2769 3147 vapulastis.
2806 3070 2892 3126 Illi
2927 3088 2942 3126 :
2976 3067 3166 3138 Neque
3202 3067 3259 3121 id
3294 3080 3495 3137 possus

1904 3188 2048 3227 mus.
2096 3170 2238 3225 Dicit
2276 3170 2440 3241 igitur
2487 3183 2650 3224 senex
2685 3163 2960 3235 discipulo
3002 3176 3105 3217 suo
3144 3158 3331 3215 :Para
3383 3158 3494 3214 illis

1905 3280 2127 3338 parvam
2172 3262 2415 3334 pultem;
2463 3260 2666 3316 etenim
2713 3261 3003 3330 aegrotant.
3055 3250 3300 3327 [Deinde
3356 3248 3496 3305 dixit

1905 3363 1988 3417 eis
2012 3357 2073 3432 ε]
2105 3356 2163 3412 Si
2195 3357 2299 3412 hoc
2324 3372 2431 3410 non
2463 3352 2717 3426 potestis,
2760 3364 2937 3420 neque
2968 3345 3102 3402 illud
3140 3343 3331 3408 vultis,
3361 3341 3495 3414 quid

1907 3452 2104 3507 faciam
2128 3448 2329 3505 vobis?
2356 3445 2615 3519 indigetis
2650 3442 2932 3515 precibus.

1975 3545 2067 3600 20.
2109 3543 2223 3615 (55)
2267 3539 2459 3595 Frater
2492 3539 2586 3610 qui
2618 3536 3030 3593 renuntiaverat
3060 3530 3287 3595 smculo,
3319 3538 3374 3583 et
3398 3540 3498 3583 sua

1908 3638 2245 3712 pauperibus
2266 3634 2654 3697 distribuerat,
2683 3630 2789 3686 sibi
2821 3637 3005 3687 tamen
3034 3626 3341 3680 retinuerat
3360 3635 3497 3690 pau-

1909 3745 1997 3795 ca,
2039 3727 2275 3785 accessit
2306 3725 2374 3780 ad
2406 3723 2659 3778 abbatem
2693 3719 3014 3775 Antonium.
3042 3715 3165 3783 Quo
3193 3725 3502 3782 compertu.

1912 3822 2050 3879 dixit
2082 3822 2131 3876 ei
2165 3833 2334 3876 senex
2367 3836 2380 3871 :
2421 3814 2479 3870 Si
2509 3814 2593 3870 vis
2624 3811 2930 3868 monachus
2965 3808 3104 3870 fieri,
3137 3820 3303 3877 perge
3337 3803 3405 3857 ad
3432 3801 3504 3859 it-

1912 3915 2025 3971 lum
2069 3914 2276 3976 vicum,
2312 3926 2434 3967 eme
2472 3923 2690 3971 carnes,
2729 3906 3088 3975 circumpone
3134 3896 3351 3967 corpori
3405 3902 3503 3950 tuo

1914 4005 2084 4065 nudo.
2139 4002 2332 4072 sicque
2382 3999 2490 4053 huc
2521 3997 2665 4052 veni.
2693 3994 2831 4049 Cum
2865 4006 2997 4059 ergo
3026 3989 3102 4043 ita
3135 3986 3356 4042 fecisset
3387 3982 3501 4041 fra-

1916 4107 2018 4160 ter,
2049 4109 2214 4149 canes
2260 4100 2425 4164 atque
2467 4105 2596 4145 aves
2631 4102 2837 4158 corpus
2875 4085 2997 4153 ejus
3026 4080 3367 4136 lacerabant.
3398 4074 3504 4133 Oc-

1916 4195 2170 4242 currente
2199 4190 2382 4237 autem
2406 4180 2500 4235 illo
2533 4179 2599 4233 ad
2629 4193 2841 4241 senem,
2873 4172 3235 4243 interrogavit
3268 4184 3398 4225 num
3422 4168 3505 4223 fc-

1917 4275 2082 4330 cisset
2133 4280 2193 4328 ut
2242 4272 2347 4343 ipsi
2390 4268 2684 4324 consilium
2732 4264 2979 4321 dederat.
3022 4261 3091 4316 Et
3134 4267 3424 4332 postquam
3456 4257 3505 4312 is

1917 4366 2254 4423 ostendisset
2301 4378 2504 4434 corpus
2550 4374 2710 4418 suum
2764 4357 3149 4419 dilaceratum,
3176 4352 3255 4429 ait
3281 4358 3504 4407 sanctus

1922 4457 2193 4513 Antonius
2227 4474 2241 4511 :
2275 4454 2383 4521 Qui
2434 4450 2640 4507 mundo
2681 4448 3160 4509 renuntiaverunt,
3206 4441 3507 4509 voluntque

1921 4549 2121 4604 habere
2145 4546 2428 4618 pecunias,
2450 4543 2598 4597 hunc
2627 4542 2683 4597 in
2714 4540 2937 4596 modum
2973 4553 3003 4592 a
3032 4533 3373 4593 daemonibus
3402 4530 3508 4585 im.

228 4636 370 4705 ἔχειν
408 4637 695 4707 χρήματα,
744 4635 918 4700 οὕτως
958 4637 1068 4690 ἀπὸ
1117 4636 1227 4691 τῶν
1274 4637 1545 4713 δαιμόνων
1583 4640 1801 4694 κατακό-

1926 4640 2148 4712 pugnati
2178 4637 2593 4706 discerpuntur.

227 4742 451 4779 πτονται
487 4726 616 4779 πολε
626 4727 727 4797 μού
736 4744 911 4797 μενοι.

295 4825 401 4871 κα’.
457 4818 699 4889 Ἀδελφῷ
729 4836 857 4872 ποτε
888 4819 1086 4893 συνέϐη
1117 4821 1422 4893 πειρασμὸς
1453 4823 1532 4885 είς
1552 4822 1613 4876 τὸ
1644 4821 1820 4877 κοινό-

225 4908 341 4964 ϐιον
374 4910 471 4963 τοῦ
497 4910 647 4965 ἁϐϐᾶ
688 4912 838 4966 Ἠλίτ
871 4912 915 4945 ⁸⁸
936 4929 952 4944 ·
977 4914 1072 4967 καὶ
1085 4913 1335 4986 διωχθεὶς
1349 4914 1557 4968 ἐκεῖθεν
1579 4916 1820 4987 ἀπῆλθεν

226 5004 305 5066 είς
337 5003 465 5075 δρος
507 5004 646 5075 πρὸς
692 5004 785 5059 τὸν
833 5006 1009 5060 άϐϐἄν
1049 5007 1353 5061 Ἀντώνιον.
1394 5008 1504 5061 Καὶ
1543 5008 1823 5079 μείναντος

223 5094 319 5149 τοῦ
349 5096 584 5167 ἀδελφοῦ
611 5096 807 5169 χρόνον
831 5098 969 5170 πρὸς
1002 5099 1186 5163 αὑτὸν,
1213 5098 1532 5154 ἀπέστειλεν
1562 5098 1723 5153 αὐτὸν
1741 5100 1821 5162 είς

225 5188 287 5241 τὸ
324 5187 595 5241 κοινόϐιον
638 5188 760 5243 ὅθεν
795 5188 976 5261 ἐξέϐη.
1014 5190 1077 5243 Οἱ
1108 5190 1165 5244 δὲ
1206 5190 1408 5254 ἰδόντες
1448 5190 1631 5253 αὐτὸν,
1658 5190 1821 5247 πάλιν

225 5280 486 5345 ιδὶωξανο
532 5280 564 5333 6
611 5281 670 5335 δὲ
697 5281 984 5353 ἀνέκαμψε
1008 5281 1143 5355 πρὸς
1180 5283 1272 5338 τὸν
1302 5282 1477 5337 ἀϐϐἇν
1516 5282 1820 5350 Ἀντώνιον,

224 5374 401 5442 λέγων
420 5391 435 5406 ’
470 5373 590 5429 Ούκ
617 5374 895 5446 ἠθέλησάν
926 5393 994 5447 με
1020 5374 1299 5441 δέξασθαι,
1326 5374 1531 5447 Πάτερ.
1550 5375 1825 5430 ’Λπέστει-

227 5465 316 5520 λεν
339 5463 435 5521 οὖν
473 5468 503 5520 6
537 5466 719 5540 γέρων
760 5466 969 5536 λέγων·
1024 5467 1214 5525 Πλοῖον
1262 5467 1601 5538 ἐναυάγησεν
1642 5469 1701 5521 ὲν
1745 5466 1825 5539 τῷ

227 5559 473 5626 πελάγει,
503 5560 602 5613 καὶ
636 5558 886 5614 ἀπώλεσε
913 5559 1005 5614 τὸν
1033 5561 1223 5631 γόμον,
1260 5559 1356 5614 καὶ
1384 5558 1524 5632 μετὰ
1575 5559 1824 5631 καμάτου

1992 4818 2079 4874 21.
2123 4816 2234 4889 (56)
2275 4813 2516 4885 Contigit
2538 4808 2837 4881 aliquando
2864 4803 3023 4861 fratri
3047 4801 3279 4858 tentatio
3308 4800 3361 4853 in
3393 4810 3510 4853 cm-

1924 4912 2091 4968 nobio
2114 4910 2329 4965 abbatis
2350 4906 2514 4973 Eliaa;
2547 4920 2612 4959 ac
2635 4900 2900 4971 expulsus
2933 4895 3083 4962 inde,
3113 4893 3249 4949 abiit
3275 4892 3331 4947 in
3354 4904 3511 4945 mon—

1926 5011 2035 5060 tem
2095 5003 2164 5058 ad
2228 5001 2476 5055 abbatem
2543 4993 2868 5051 Antonium.
2907 4989 3159 5059 Cumque
3213 4984 3511 5041 mansisset

1927 5096 2073 5169 apud
2098 5110 2222 5151 eum
2253 5092 2425 5149 frater
2460 5106 2558 5163 per
2596 5086 2818 5162 aliquod
2846 5093 3085 5153 tempus,
3114 5078 3330 5136 remisit
3354 5076 3510 5169 illum

1928 5165 1984 5241 in
2031 5183 2347 5240 ccenobium
2406 5179 2551 5236 unde
2605 5192 2865 5253 egressus
2900 5176 3102 5230 fuerat.
3135 5172 3207 5225 At
3252 5165 3511 5223 monachi

1928 5280 2110 5352 ipsum
2159 5275 2368 5343 intuiti,
2398 5275 2596 5330 iterum
2629 5274 2952 5343 ejecerunt;
2986 5266 3034 5321 is
3062 5278 3195 5320 vero
3228 5259 3297 5316 ad
3338 5259 3511 5314 abba.

1928 5351 2039 5426 tem
2091 5367 2391 5424 Antonium
2443 5380 2701 5422 reversus
2729 5372 2839 5429 est,
2872 5360 3121 5429 dixitque
3155 5374 3169 5409 :
3203 5351 3514 5409 Noluerunt

1930 5480 2020 5520 me
2062 5463 2364 5534 suscipere,
2394 5458 2575 5517 Pater.
2612 5458 2797 5533 Itaque
2851 5454 3005 5510 misit
3054 5464 3244 5511 senex,
3274 5445 3513 5501 dicens:

1932 5555 2099 5613 Navis
2129 5556 2185 5611 in
2216 5555 2409 5627 pelago
2438 5551 2783 5624 naufragium
2835 5547 2984 5610 fecit,
3020 5542 3317 5611 amisitque
3363 5548 3515 5590 mer-

299 5676 321 5707 ⁶
353 5676 435 5730 ΑΙ.
472 5677 648 5731 inser.
679 5674 787 5728 ἀεί.
864 5674 982 5727 ‘Al.
1007 5676 1363 5744 είσερχόμενα
1394 5677 1471 5737 είς
1491 5674 1688 5739 αὐτοὺς
1717 5677 1801 5731 ὲλά

1912 5694 1960 5731 ν.
2036 5677 2056 5709 ⁷
2091 5675 2175 5728 Al.
2210 5675 2321 5735 τοῖς
2350 5669 2617 5739 ἀδελφοῖς.
2694 5668 2716 5700 ⁸
2744 5665 2828 5721 Al.
2861 5662 2987 5718 add.
3015 5660 3111 5716 καὶ
3132 5658 3281 5729 λέγει
3304 5650 3511 5714 αὐτοῖς.

227 5748 249 5779 ⁸
283 5750 369 5801 Al.
402 5747 664 5803 δύνασθε.
743 5746 786 5778 ¹⁹
820 5745 1019 5799 Ἡλίου.
1102 5746 1142 5776 ἰ
1182 5747 1367 5799 Matth.
1403 5762 1435 5799 γ
1489 5746 1573 5799 39.

329 5860 415 5914 335i
476 5858 583 5910 i'it.
623 5854 777 5909 Patr.
806 5870 881 5916 Iv,
910 5854 959 5907 l.

329 5865 415 5914 55l
476 5865 583 5910 i'it.
623 5865 777 5909 Patr.
806 5870 881 5916 Iv,
910 5865 959 5907 ‘l.

304 5865 413 5999 ibi)
467 5928 575 5983 Vit.
616 5926 772 5981 Patr.
806 5939 882 5979 tv.
915 5926 999 5979 Η.

2003 5850 2113 5917 (55)
2166 5847 2268 5900 Vit.
2296 5844 2447 5900 Patr.
2487 5859 2567 5903 ut.
2601 5842 2697 5917 08;
2730 5856 2800 5903 Iv,
2842 5839 2890 5893 Ι.

2007 5916 2116 5990 (56)
2171 5917 2272 5973 i't‘t.
2306 5917 2459 5971 l’atr.
2505 5931 2579 5979 ix,
2615 5916 2659 5967 l.
