3878 6320
387 387 458 446 85
1553 384 1896 444 APPENDIX
1934 387 2026 442 AD
2041 385 2483 453 .PALLADIUM.
3572 393 3643 451 84

387 523 482 566 ces
526 523 678 571 suas,
711 517 766 562 et
804 507 897 561 vix
926 506 982 560 in
1012 514 1214 560 terram
1240 503 1389 558 salva
1419 502 1664 574 appulit;
1705 519 1804 559 vos
1832 518 1964 558 vero

2098 505 2246 579 σὼθη
2279 509 2372 562 ἐπὶ
2397 507 2496 581 τὴν
2525 507 2628 579 γῆν
2646 524 2659 538 ’
2689 508 2844 580 ὑμεῖς
2863 507 2920 564 δὲ
2944 507 3012 564 τὰ
3044 509 3283 564 σωθέντα
3303 509 3399 563 ἐπὶ
3423 508 3522 580 τὴν
3544 510 3648 580 γῆν

387 615 508 672 qua:
537 600 606 655 ad
643 607 844 654 terram
878 604 1094 652 servata
1125 596 1345 650 fuerunt
1379 595 1546 650 vultis
1585 596 1958 665 submergere.

387 695 468 750 Illi
522 709 687 766 porro
738 689 1134 761 comperientes
1181 687 1327 759 quod
1370 687 1438 741 ab
1484 687 1680 742 abbate
1731 688 1964 742 Antonio

387 786 595 842 missus
633 785 850 846 fuisset,
883 781 1065 838 statim
1101 795 1225 836 eum
1261 786 1606 848 receperunt.

457 879 548 934 22.
592 877 704 948 (57)
749 875 896 930 Dixit
949 874 1117 930 abbas
1170 871 1443 927 Antonius
1489 890 1502 926 :
1553 872 1764 941 Reputo
1817 872 1963 942 quod

391 987 591 1042 corpus
627 970 822 1025 habeat
854 967 1149 1022 motionem
1183 966 1488 1021 naturalem
1517 966 1620 1036 ipsi
1654 972 1965 1034 contempe-

394 1071 589 1127 ratam,
617 1063 711 1117 sed
767 1061 989 1116 nolente
1039 1059 1244 1126 animo,
1274 1075 1382 1115 non
1432 1069 1724 1130 operatur;
1753 1067 1964 1112 tantum

388 1155 597 1210 indicat
630 1153 685 1207 in
713 1166 945 1223 corpore
973 1158 1181 1208 motum
1211 1152 1330 1208 sine
1355 1151 1626 1222 passione.
1659 1149 1756 1206 Est
1783 1157 1964 1204 autem

386 1256 443 1303 et
483 1246 590 1300 alia
639 1246 830 1309 motio,
862 1260 930 1298 ex
972 1244 1274 1299 nutritione
1318 1243 1671 1312 fomentoque
1718 1241 1966 1311 corporis

388 1352 486 1408 per
518 1336 703 1391 cibum
736 1351 801 1391 ac
834 1343 1063 1407 potum;
1101 1334 1247 1390 unde
1275 1334 1561 1406 sanguinis
1591 1333 1742 1388 calor
1765 1348 1967 1403 corpus

387 1431 590 1487 excitat
619 1430 688 1485 ad
715 1429 1111 1500 operationem.
1143 1427 1323 1495 Quare
1357 1427 1655 1497 Apostolus
1699 1426 1922 1497 scripsit
1949 1443 1962 1479 :

391 1520 574 1577 Nolite
603 1520 856 1574 inebriari
883 1521 1020 1583 vino,
1049 1519 1102 1572 in
1130 1535 1230 1589 quo
1266 1527 1343 1572 est
1366 1517 1682 1572 luxuria’".
1708 1515 1970 1572 Rursum-

388 1631 498 1686 que
543 1613 809 1669 Dominus
860 1613 912 1666 in
965 1611 1259 1682 Evangelia
1304 1610 1592 1681 discipulis
1644 1609 1968 1680 pracipiens

390 1708 576 1764 dixit:
621 1707 820 1769 Videte,
857 1723 920 1761 ne
970 1706 1106 1776 forte
1152 1712 1436 1774 graventur
1486 1702 1650 1757 corda
1699 1711 1874 1756 vestra
1914 1701 1970 1755 in

391 1802 612 1870 crapula
663 1811 712 1855 et
758 1799 1089 1855 ebrietate".
1121 1796 1218 1854 Est
1252 1805 1307 1852 et
1331 1797 1438 1852 alia
1465 1796 1640 1852 motio
1685 1795 1740 1850 in
1777 1795 1843 1850 iis
1875 1793 1967 1865 qui

2069 598 2253 653 θέλετε
2286 601 2698 656 καταποντίσαι.
2735 601 2798 654 Οἱ
2843 601 2902 656 δέ
2941 602 3271 666 ἀκούσαντες
3296 604 3378 656 ὅτι
3414 605 3443 656 6
3475 601 3651 666 ἁὸϐἆς

2083 691 2366 758 Ἀντώνιος
2413 693 2577 749 αὑτὸν
2621 693 2958 760 ἀπέστειλεν,
3003 694 3205 759 εὐθέως
3250 694 3498 763 ἐδέξαντο
3547 695 3650 749 αὑ-

2067 785 2181 840 τόν.

2140 879 2244 950 κβ’.
2287 875 2453 933 Εἶπεν
2481 882 2510 934 6
2546 879 2719 944 ἁσὸἄς
2755 878 3036 946 ’Δντὼνιος
3056 897 3069 910 °
3099 879 3398 952 Λογίζομαι
3423 880 3505 933 ὅτι
3538 879 3651 950 ἔχει

2069 971 2130 1024 τὸ
2157 971 2316 1043 σῶμα
2341 972 2552 1044 κίνησιν
2581 973 2817 1044 φυσικὴν
2849 976 3314 1046 συναναφυρεῖσαν
3336 973 3511 1044 αὐτῷ·
3535 971 3650 1026 ἀλλ’

2071 1063 2170 1117 οὐκ
2205 1065 2436 1136 ἐνεργεῖ,
2476 1065 2552 1136 μὴ
2604 1064 2862 1137 θελούσης
2893 1066 2994 1138 τῆς
3018 1066 3196 1138 ψυχῆς
3219 1082 3234 1096 ⁸
3277 1068 3436 1138 μόνον
3464 1066 3523 1121 δὲ
3555 1083 3656 1138 ση-

2075 1156 2255 1226 μαίνει
2285 1159 2342 1211 ἐν
2374 1157 2452 1229 τῷ
2482 1155 2692 1228 σώματι
2717 1158 2901 1229 ἀπαθῆ
2928 1159 3326 1230 κίνησιν.Ἕστι
3351 1157 3407 1211 δὲ
3436 1158 3532 1212 καὶ
3559 1158 3657 1213 ἀλ-

2070 1247 2138 1319 λη
2161 1247 2392 1315 κίνησις,
2418 1248 2482 1302 ἐκ
2509 1247 2604 1302 τοῦ
2630 1249 2848 1322 τρέφειν
2875 1249 2971 1304 καὶ
2991 1249 3216 1303 θάλπειν
3237 1249 3298 1304 τὺ
3329 1250 3488 1320 σῶμα
3515 1249 3657 1322 βρώ-

2075 1357 2207 1411 μασι
2245 1341 2338 1394 καὶ
2356 1341 2592 1412 πόμασιν
2612 1357 2627 1372 ο
2657 1342 2717 1407 ἐξ
2740 1334 2814 1396 ὧν
2842 1343 2876 1414 ἡ
2903 1341 3077 1414 θέρμη
3100 1342 3195 1395 τοῦ
3217 1343 3444 1414 αἵματος
3463 1341 3660 1410 διεγεί·

2077 1448 2157 1501 ρει
2182 1433 2243 1486 τὸ
2276 1433 2434 1506 σῶμα
2465 1436 2598 1508 πρὸς
2628 1435 2923 1506 ἐνέργειαν.
2963 1433 3056 1489 Διὸ
3089 1435 3183 1488 καὶ
3227 1434 3407 1504 ἔλεγεν
3432 1436 3460 1488 6
3495 1435 3658 1488 Ἀπό-

2077 1521 2288 1588 στολος·
2323 1525 2421 1593 Μὴ
2449 1527 2831 1593 μεθύσκεσθε
2865 1512 3112 1589 οἴνῳ,ἒν
3138 1516 3186 1590 ᾧ
3215 1524 3386 1578 ἐστιν
3405 1525 3656 1580 ἀσωτία.

2074 1614 2184 1667 Καὶ
2209 1614 2369 1668 πάλιν
2398 1616 2426 1667 6
2455 1615 2659 1687 Κύριος
2687 1616 2745 1668 ἐν
2769 1615 2846 1687 τῷ
2879 1615 3195 1686 Εὐαγγελίῳ
3229 1619 3340 1680 τοῖς
3391 1615 3661 1686 μαθηταῖς

2075 1705 2451 1777 ἐντελλόμενος
2486 1702 2605 1762 εἷπε
2627 1725 2639 1737 ·
2671 1707 2932 1763 Βλέπετε
2979 1708 3213 1778 μήποτε
3234 1708 3588 1778 βαρηθῶσιν
3615 1709 3660 1741 ⁸³

2075 1798 2244 1869 ὑμῶν
2269 1802 2330 1853 αἱ
2370 1799 2604 1869 καρδίαι
2646 1801 2717 1854 ἐν
2741 1800 3040 1871 κραιπάλῃ
3077 1801 3176 1856 καὶ
3209 1800 3382 1871 μέθῃ.
3407 1801 3564 1854 Ἔστι
3604 1799 3661 1854 δέ

393 1895 449 1950 in
481 1895 647 1965 hujus
676 1894 800 1949 vitae
829 1908 1001 1964 agone
1027 1891 1330 1954 decertant,
1364 1904 1487 1960 quae
1531 1905 1598 1944 ex
1647 1887 1860 1944 insidiis
1903 1901 1968 1940 ac

2096 1908 2153 1955 τις
2183 1893 2274 1946 καὶ
2301 1893 2465 1964 ἐτέρα
2489 1892 2705 1964 κίνησις
2745 1895 2857 1957 τοῖς
2881 1893 3319 1964 ἀγωνιζομένοις.
3351 1891 3411 1957 ἐξ
3438 1891 3661 1945 ἐπιϐου-

392 1985 599 2040 invidia
621 1983 932 2039 daemonum
975 1982 1309 2052 supervenit.
1340 1979 1527 2051 Itaque
1558 1979 1701 2036 scire
1730 1984 1966 2049 oportet,

392 2083 508 2131 tres
560 2090 682 2131 esse
733 2073 1050 2144 corporales
1117 2083 1335 2137 motus;
1392 2087 1560 2127 unum
1622 2070 1967 2135 naturalem;

395 2169 564 2223 alium
597 2183 665 2223 ex
704 2169 1020 2238 promiscuo
1053 2183 1157 2222 usu
1189 2166 1456 2232 ciborum,
1485 2165 1706 2221 tertium
1738 2162 1972 2233 denique

395 2277 425 2316 a
458 2261 817 2316 daemonibus.

464 2353 558 2408 9.5.
600 2353 712 2426 (38)
755 2351 900 2407 Dixit
937 2352 1156 2418 iterum,
1183 2350 1355 2407 Deum
1382 2364 1492 2405 non
1518 2347 1807 2404 demittere
1833 2345 1975 2401 bella

395 2445 840 2515 tentationesque
894 2444 950 2499 in
1002 2451 1219 2500 artatem
1281 2443 1444 2508 hanc,
1509 2437 1973 2512 quemadmodum

397 2535 541 2606 apud
579 2536 836 2604 antiquos
868 2553 881 2590 :
919 2535 1064 2591 scire
1093 2534 1240 2588 enim
1269 2533 1520 2588 homines
1548 2545 1698 2586 nunc
1728 2529 1978 2585 inﬁrmos

397 2645 547 2694 esse,
583 2645 684 2683 nec
718 2642 878 2699 posse
909 2635 1149 2699 portare.

466 2722 560 2777 24.
602 2719 922 2776 Revelatum
952 2726 1037 2775 est
1073 2720 1128 2774 in
1164 2719 1459 2775 solitudine
1502 2717 1686 2773 abbati
1716 2714 1977 2776 Antonio,

397 2831 522 2871 esse
555 2813 791 2883 aliquem
821 2812 876 2867 in
911 2812 1046 2866 urbe
1072 2812 1173 2882 ipsi
1206 2812 1462 2876 similem,
1497 2809 1838 2880 professione
1867 2821 1981 2862 me-

401 2907 612 2970 dicum,
641 2908 732 2976 qui
766 2904 1030 2977 quidquid
1059 2903 1319 2976 superﬂui
1363 2903 1677 2976 possidebat
1705 2900 1862 2956 daret
1895 2899 1979 2952 in-

401 2998 738 3071 digentibus,
767 3006 822 3053 et
852 2996 1099 3068 quotidie
1118 2995 1428 3069 Trisagium
1457 3011 1580 3051 cum
1607 2992 1812 3066 angelis
1835 2990 1982 3063 psal-

402 3092 562 3149 leret.

2071 1983 2172 2054 λῆς
2199 1985 2293 2038 καὶ
2329 1983 2525 2054 φθόνου
2557 1984 2826 2057 δαιμόνων
2865 1983 3244 2056 ἐπιγινομένη,
3281 1982 3421 2036 ὥστε
3459 1982 3662 2036 εἰδέναι

2072 2076 2169 2140 δεῖ,
2202 2077 2284 2130 ὃτι
2321 2078 2468 2147 τρεῖς
2502 2078 2608 2130 εἰσι
2637 2077 2949 2148 σωματικαὶ
2985 2077 3229 2148 κινήσεις
3301 2074 3399 2146 μία
3433 2074 3532 2145 μὲν
3563 2090 3663 2143 φυ-

2077 2167 2224 2237 σικὴ,
2247 2166 2410 2236 ἑτέρα
2432 2166 2490 2219 δὲ
2510 2165 2571 2231 ἐξ
2595 2165 2916 2238 ἀδιαφορίας
2939 2165 3158 2238 τροφῶν
3187 2164 3321 2236 (40),
3357 2167 3392 2236 ἡ
3419 2164 3476 2218 δὲ
3503 2163 3663 2235 τρίτη

2075 2258 2185 2313 ἀπὸ
2211 2257 2499 2328 δαιμόνων.

2148 2357 2255 2420 κγ’.
2297 2345 2432 2404 Eine
2460 2350 2643 2418 πάλιν,
2673 2353 2756 2404 ὅτι
2797 2352 2826 2404 ὁ
2866 2349 2997 2413 Θεὸς
3023 2350 3122 2404 οὐκ
3145 2349 3297 2421 ἀφίει
3333 2349 3460 2413 τοὺς
3497 2345 3666 2402 πολέα

2081 2460 2216 2516 μους
2253 2443 2345 2495 ἐπὶ
2386 2443 2487 2514 τὴν
2515 2441 2707 2511 γενεὰν
2749 2441 2978 2512 ταύτην,
3013 2440 3204 2512 ὥσπερ
3259 2440 3352 2493 ἐπὶ
3397 2438 3508 2493 τῶν
3557 2439 3663 2508 ἀρ-

2078 2535 2269 2606 χαίων.
2300 2530 2422 2589 Οἵδε
2455 2535 2565 2607 γὰρ
2591 2536 2673 2589 ὅτι
2709 2534 2955 2598 ἀσθενεῖς
3002 2535 3109 2587 εἱσι
3141 2533 3237 2587 καὶ
3267 2531 3327 2585 οὐ
3365 2528 3668 2603 βαστάζου-

2081 2645 2186 2682 σιν.

2153 2719 2252 2772 κδ’.
2295 2717 2384 2789 Τῷ
2416 2718 2559 2788 ἁ66ᾅ
2588 2718 2857 2789 Ἀντωνίῳ
2882 2715 3242 2787 ἀπεκαλύφθη
3272 2714 3332 2768 ἐν
3356 2717 3424 2787 τῇ
3448 2715 3663 2788 ἐρήμῳ,

2081 2810 2164 2864 ὅτι
2209 2809 2299 2863 Ἑν
2332 2811 2398 2880 τῇ
2427 2809 2579 2863 πόλει
2608 2810 2725 2863 ἐστί
2746 2827 2832 2874 τις
2857 2808 3042 2880 ὅμοιός
3076 2825 3178 2869 σοι,
3209 2807 3390 2879 ἰατρὸς
3416 2807 3514 2876 τὴν
3542 2805 3669 2858 ἐπι-

2086 2905 2320 2975 στήμην,
2364 2903 2462 2974 τὴν
2518 2903 2832 2976 περισσείαν
2875 2900 3039 2955 αὐτοῦ
3088 2900 3264 2962 διδοὺς
3318 2900 3430 2961 τοῖς
3475 2897 3670 2968 χρείαν

2083 2995 2288 3066 ἔχουσι,
2314 2995 2407 3048 καὶ
2439 2995 2622 3047 πᾶσαν
2664 2993 2762 3066 τὴν
2795 2992 3008 3066 ἡμέραν
3034 2992 3095 3045 τδ
3124 2989 3418 3062 Τρισάγιον
3449 2986 3670 3057 ψάλλων

2090 3087 2228 3161 μετὰ
2257 3086 2367 3141 τῶν
2403 3085 2674 3155 ἀγγέλων.

475 3183 569 3240 25.
608 3183 824 3239 Dictum
849 3181 1062 3238 abbatis
1092 3181 1312 3236 Antonn
1346 3199 1359 3236 :
1394 3176 1559 3234 Venit
1608 3185 1844 3247 tempus,
1873 3191 1978 3247 quo

2159 3186 2258 3236 κε’.
2296 3177 2464 3233 Εἶπεν
2500 3181 2530 3233 6
2561 3178 2736 3243 assa;
2772 3175 3086 3243 Ἀντώνιος,
3133 3175 3216 3229 ὅτι
3248 3175 3505 3246 Ἔρχεται
3547 3187 3673 3225 και-

408 3276 660 3332 homines
715 3275 1011 3337 insanieut,
1042 3280 1098 3328 et
1142 3287 1265 3327 cum
1300 3271 1537 3326 viderint
1583 3269 1819 3339 aliquem
1872 3282 1981 3321 non

405 3370 682 3432 insanum,
716 3367 1004 3437 iusurgent
1038 3365 1300 3420 adversus
1331 3363 1508 3426 illum,
1543 3361 1789 3418 dicentes
1837 3381 1850 3415 :
1901 3357 1984 3412 Tu

407 3458 654 3522 insanis;
686 3473 752 3512 eo
784 3457 931 3528 quod
953 3457 1087 3526 ipsis
1119 3455 1313 3512 similis
1341 3469 1448 3508 non
1481 3455 1571 3509 sit.

479 3549 571 3605 26.
613 3548 837 3605 Fratres
867 3557 1239 3604 convenerunt
1288 3548 1538 3601 abbatem
1565 3545 1886 3609 Antonium,
1922 3559 1985 3598 ac

412 3641 759 3713 protulerunt
806 3640 882 3694 illi
936 3639 1310 3695 testimonium
1343 3654 1372 3692 e
1401 3637 1661 3692 Levitico.
1718 3635 1985 3708 Egressus

415 3737 601 3806 itaque
643 3741 728 3790 est
775 3749 940 3789 senex
987 3733 1042 3788 in
1092 3747 1359 3798 eremum,
1386 3732 1524 3786 clam
1567 3738 1826 3800 sequente
1859 3746 1984 3785 eum

415 3827 610 3882 abbate
631 3827 918 3889 Ammona,
947 3825 1039 3896 qui
1064 3823 1510 3880 consuetudinem
1545 3823 1718 3892 ipsius
1740 3807 1986 3877 noverat.

419 3917 482 3971 Et
531 3917 724 3987 procul
777 3932 946 3973 senex
997 3914 1300 3986 profectus.
1335 3926 1490 3969 stans
1534 3915 1602 3968 ad
1656 3915 1984 3978 orationem,

414 4013 671 4066 clamavit
703 4027 837 4068 voce
867 4026 1062 4082 magna
1091 4030 1105 4066 :
1135 4010 1300 4076 Deus,
1331 4010 1550 4083 Moysen
1578 4013 1750 4074 mitte,
1780 4011 1873 4082 qui
1901 4027 1989 4066 me

413 4105 609 4160 doceat
638 4105 690 4158 id
721 4105 1026 4160 oraculum.
1061 4103 1200 4157 Tum
1246 4105 1393 4158 venit
1442 4103 1510 4158 ad
1553 4119 1678 4159 eum
1723 4120 1829 4159 vox
1862 4120 1988 4158 cum

414 4196 539 4268 ipso
587 4197 926 4265 colloquens.
955 4195 1103 4249 Dixit
1156 4195 1340 4265 igitur_
1368 4195 1536 4250 abbas
1580 4195 1902 4260 Ammonas,
1931 4211 1991 4250 se

411 4287 628 4358 quidem
659 4287 900 4342 audiissc
929 4302 1117 4342 vocem
1145 4301 1269 4340 cum
1300 4287 1419 4356 ipso
1442 4288 1774 4357 loquentem,
1798 4303 1988 4343 verum

415 4379 692 4438 sermonis
724 4379 831 4433 vim
872 4394 981 4434 non
1013 4379 1370 4434 intellexisse.

484 4474 576 4528 ‘2'].
619 4471 756 4527 Tres
784 4470 974 4528 Patres
1008 4471 1258 4528 solebant
1293 4470 1524 4541 singulis
1553 4471 1711 4526 annis
1753 4471 1820 4525 ad
1850 4469 1991 4525 'bea-

2090 3269 2203 3343 ρὸς,
2234 3270 2320 3324 ἵνα
2347 3271 2397 3323 οἱ
2429 3269 2706 3340 ἄνθρωποι
2737 3267 2968 3340 μανῶσι,
2993 3267 3086 3320 καὶ
3108 3265 3245 3319 ἐπὰν
3275 3264 3425 3319 ἴδωσί
3447 3281 3566 3318 τινα
3593 3263 3670 3334 μὴ

2088 3363 2434 3433 μαινόμενον,
2467 3365 2930 3434 ἐπαναστήσονται
2973 3359 3122 3432 αὐτῷ
3160 3360 3427 3428 λέγοντες,
3471 3359 3553 3412 ὃτι
3597 3358 3674 3411 Σὺ

2089 3455 2277 3526 μαίνῃ,
2308 3454 2395 3508 διὰ
2423 3454 2482 3508 τὸ
2518 3455 2592 3526 μὴ
2619 3451 2760 3509 εῖναι
2793 3455 2980 3526 ὅμοιον
3011 3457 3218 3518 αὐτοῖς.

2161 3553 2274 3612 κςθ.
2331 3546 2574 3617 Ἀδελφοὶ
2608 3547 2915 3619 παρέϐαλον
2960 3546 3039 3618 τῷ
3070 3547 3212 3618 ἁϐϐᾷ
3253 3544 3544 3615 Ἀντωνίῳ,
3574 3546 3675 3598 καὶ

2093 3637 2246 3695 εἷπον
2279 3640 2428 3711 αὺτῷ
2461 3642 2611 3713 ῥῆμα
2643 3639 2738 3693 τοῦ
2773 3639 3349 3710 Λευῖτικοῦ.Ἑξῆλθεν
3385 3635 3477 3693 οὖν
3513 3641 3541 3693 6
3577 3638 3674 3706 γέ-

2091 3753 2200 3809 ρων
2249 3737 2331 3799 είς
2375 3735 2474 3807 τὴν
2527 3734 2753 3807 ἔρημον,
2783 3735 2876 3788 καὶ
2922 3733 3286 3805 ἠκολούθησεν
3314 3730 3462 3802 αὐτῷ
3499 3729 3677 3792 ἀὸὁᾰς

2101 3830 2395 3901 Ἀμμωνᾶς
2442 3829 2645 3901 κρυφῆ,
2680 3826 2836 3891 εἰδὼς
2876 3825 2974 3898 τὴν
3024 3825 3310 3898 συνήθειαν
3338 3822 3525 3879 αὑτοῦ.
3565 3823 3678 3876 Καὶ

2093 3920 2377 3992 μακρύνας
2403 3921 2536 3974 πολὺ
2567 3921 2595 3974 6
2628 3920 2828 3991 γέρων,
2862 3918 2994 3983 στὰς
3027 3919 3107 3982 εἰς
3139 3916 3449 3990 προσευχὴν
3476 3914 3677 3987 Εκραξε

2091 4017 2241 4086 φωνῇ
2275 4013 2517 4086 μεγάλῃ’
2557 4013 2616 4066 '0
2648 4012 2803 4076 Θεὸς,
2833 4010 3148 4066 ἀπόστειλον
3180 4010 3272 4064 τὸν
3296 4009 3556 4078 Μωῡσῆν,
3583 4009 3678 4061 καὶ

2090 4107 2291 4175 διδάξει
2328 4124 2396 4178 με
2427 4106 2488 4160 τὸ
2520 4108 2671 4177 ῥῆμα
2699 4104 2876 4158 τοῦτο.
2905 4104 3014 4157 Καὶ
3039 4099 3202 4174 ἦλθεν
3227 4100 3386 4181 αὐτῷ.
3407 4098 3557 4171 φωνὴ
3582 4099 3678 4152 λα-

2091 4200 2259 4254 λοῦσα
2296 4201 2412 4271 μετ’
2439 4199 2624 4254 αὑτοῦ.
2654 4193 2822 4252 Εἶπεν
2851 4193 2946 4251 οὖν
2975 4199 3003 4250 6
3034 4194 3207 4259 ἀϐὁᾶς
3241 4193 3556 4265 Ἀμμωνᾶς,
3596 4193 3678 4244 ὃτι

2093 4291 2203 4364 Τὴν
2235 4292 2332 4362 μὲν
2365 4293 2547 4362 φωνὴν
2574 4290 2785 4361 ἥκουσα
2811 4287 2909 4359 τὴν
2936 4285 3204 4340 λαλοῦσαν
3235 4285 3352 4357 μετ’
3376 4281 3679 4351 automata

2092 4385 2150 4440 δὲ
2181 4383 2413 4454 δύναμιν
2446 4382 2537 4436 τοῦ
2566 4382 2726 4449 λόγου
2756 4381 2858 4434 οὐκ
2885 4379 3109 4450 ἔμαθον.

2166 4477 2268 4541 κζ’.
2309 4477 2470 4548 Τρεῖς
2521 4475 2627 4529 τῶν
2680 4472 2940 4545 Πατέρων
2969 4468 3111 4542 εἶχον
3140 4468 3258 4534 ἔθος
3285 4468 3405 4522 κατ’
3430 4464 3679 4520 ἐνιαυτὸν

414 4574 531 4620 tum
558 4563 858 4617 Antonium
890 4561 1200 4634 proﬁcisci;
1235 4576 1300 4616 ac
1346 4561 1456 4616 duo
1489 4561 1709 4632 quidem
1739 4561 1978 4617 sciscita-

2096 4565 2331 4633 ὑπάγειν
2368 4575 2504 4638 προς
2551 4563 2643 4617 τὸν
2685 4563 2953 4634 μακάριον
2997 4557 3309 4614 Ἀντώνιον·
3339 4557 3433 4612 καὶ
3481 4558 3530 4609 οἱ
3582 4555 3684 4626 μὲν

416 4657 617 4713 bantur
650 4656 828 4726 ipsum
861 4653 1391 4726 decogitationibus
1435 4661 1490 4709 et
1532 4654 1714 4710 salute
1758 4654 1991 4719 animae;

417 4749 614 4806 tertius
651 4764 802 4816 vero,
834 4748 1050 4804 tacebat
1089 4747 1336 4812 omnino,
1368 4762 1471 4802 nec
1509 4745 1806 4816 quidquam
1837 4760 1997 4816 roga-

417 4841 534 4897 bat.
563 4841 749 4911 ltaque
774 4847 898 4912 post
931 4840 1160 4894 multum
1189 4845 1428 4909 tempus,
1466 4839 1542 4894 ait
1568 4838 1643 4892 illi
1680 4838 1850 4893 abbas
1881 4837 1996 4892 An-

2096 4656 2191 4710 δύο
2223 4655 2452 4728 ἠρώτων
2485 4655 2646 4708 αὐτὸν
2673 4653 2801 4724 περὶ
2823 4651 3101 4722 λογισμῶν
3142 4649 3238 4704 καὶ
3277 4645 3549 4720 σωτηρίας
3579 4645 3687 4715 ψυο

2100 4747 2231 4819 χῆς·
2275 4749 2304 4800 6
2343 4747 2399 4800 δὲ
2445 4742 2526 4809 εἷς
2557 4742 2798 4799 πάνταίδ
2823 4741 3034 4797 ἐσιώπα
3066 4740 3230 4812 μηδὲν
3259 4737 3495 4811 ἐρωτῶν.
3532 4734 3688 4789 Μετὰ

2099 4839 2158 4893 δέ
2187 4839 2352 4893 πολὺν
2381 4838 2571 4910 χρόνον
2598 4837 2747 4906 λέγει
2775 4835 2924 4907 αὑτῷ
2951 4836 2980 4888 6
3004 4833 3179 4895 ἁὸὃᾶς
3207 4828 3516 4892 Ἀντώνιοςο
3551 4826 3687 4881 Ἰδοὺ

419 4930 651 4986 tonius:
689 4931 826 4985 Ecce
861 4945 892 4984 a
932 4938 1085 4986 tanto
1124 4937 1370 5001 tempore
1424 4931 1530 4985 huc
1577 4930 1752 4996 venis,
1791 4943 1892 4984 nec
1932 4929 1978 4983 d1

2099 4929 2356 4986 τοσοῦτον
2382 4931 2572 5002 χρόνον
2606 4931 2750 5001 ἐχεις
2778 4928 3069 5000 ἐρχόμενος
3093 4919 3216 4990 ὧδε,
3253 4922 3349 4976 καὶ
3380 4919 3530 4974 οὐδὲν
3557 4919 3691 4990 ἐρω-

420 5037 695 5092 quoquam
727 5021 1034 5092 interrogas
1066 5037 1170 5076 me.
1199 5021 1338 5076 Tum
1369 5021 1712 5094 respondens
1741 5019 1878 5076 dixit
1905 5022 1991 5077 ei:

422 5111 554 5167 Mihi
579 5112 632 5166 id
662 5128 829 5166 unum
862 5112 1076 5174 sullicit.
1105 5111 1288 5180 Pater,
1321 5114 1466 5185 quod
1502 5121 1556 5169 te
1589 5113 1767 5170 video.

493 5204 583 5259 28.
629 5204 741 5276 (39)
781 5205 1012 5260 Aiebant
1043 5207 1334 5278 quemdam
1387 5224 1578 5264 senum
1606 5223 1637 5263 a
1669 5206 1779 5264 Deo
1808 5216 2000 5278 postu-

2105 5023 2205 5094 τᾷς
2234 5038 2322 5092 με.
2353 5021 2463 5074 Καὶ
2493 5019 2812 5092 ἀποκριθεὶς
2839 5014 2992 5072 εἶπεν
3024 5013 3174 5086 αὐτῷ
3196 5033 3209 5046 ·
3256 5013 3440 5084 Ἀρκεῖ
3469 5026 3560 5082 μοι
3591 5009 3692 5062 n.6-

2107 5130 2197 5166 νον
2224 5112 2376 5166 τοῦ¹³
2411 5111 2628 5182 βλέπειν
2659 5128 2739 5177 σε,
2771 5110 2974 5179 Πάτερ.
3764 5168 3774 5180 ,

2184 5211 2292 5277 κη’.
2338 5206 2581 5273 Ἔλεγον,
2621 5205 2702 5257 ὅτι
2752 5219 2835 5265 τις
2883 5201 2990 5255 τῶν
3020 5199 3290 5270 γερόντων
3317 5195 3567 5270 ἠρώτησε
3599 5191 3696 5246 τὸν

423 5299 571 5356 lasse
608 5299 686 5353 uti
721 5297 930 5354 videret
975 5297 1206 5368 Patres;
1257 5315 1321 5356 ac
1369 5300 1574 5355 vidisse
1617 5301 1763 5366 illos,
1806 5309 1978 5370 praate‘

2109 5295 2242 5350 Θεὸν
2271 5295 2400 5349 ἰδεῖν
2429 5294 2557 5356 τοὺς
2582 5291 2831 5366 Πατέρας
2851 5308 2865 5323 ο
2895 5291 2991 5345 καὶ
3017 5285 3156 5344 εἶδεν
3185 5287 3382 5351 αὐτοὺς
3413 5286 3583 5358 χωρὶς
3597 5282 3695 5337 τοῦ

497 5454 564 5487 ⁸⁸·
595 5453 797 5525 Ephes.
831 5472 884 5520 v,
919 5455 1007 5513 18.
1085 5457 1130 5488 ¹¹
1167 5455 1302 5510 Luc.
1335 5473 1446 5520 xxi,
1477 5457 1568 5512 54.
1645 5457 1690 5488 ¹³
1728 5456 1813 5512 AI.
1848 5452 2204 5527 βαρυνθῶσινο

502 5610 618 5682 (δτι)
671 5608 778 5682 gn.
805 5610 959 5682 pair.
987 5628 1041 5678 ν,
1075 5611 1126 5666 ι.

498 5679 613 5748 (⁷58)
669 5679 769 5738 Vit.
803 5679 956 5735 Patr.
987 5699 1040 5743 x.
1070 5683 1124 5735 4.

524 5751 616 5820 59)
651 5751 711 5805 L.
743 5751 1044 5818 Moschum,
1067 5767 1117 5806 c.
1148 5753 1269 5807 128.

2286 5455 2329 5484 "
2370 5454 2455 5507 Al.
2488 5451 2739 5505 πάντοτε.
2818 5449 2862 5481 ¹⁵
2889 5448 2976 5504 Al.
3018 5448 3098 5503 τό.

2116 5609 2462 5672 reddidisset,
2486 5623 2550 5662 ex
2575 5606 2900 5678 plenitudine
2929 5606 3184 5678 ciborum.
3218 5603 3277 5659 In
3305 5601 3572 5672 Operibus
3594 5615 3700 5678 an-

2115 5690 2224 5735 tem
2266 5670 2534 5750 Ephraémi
2575 5670 2643 5748 ἰ).
2677 5679 2819 5750 587,
2853 5695 2933 5750 n._
2971 5678 3025 5750 _7,
3083 5670 3368 5750 interpres
3409 5670 3703 5750 pnesentis

2119 5747 2784 5822 Apoplaihegmatis’habet,
2814 5765 2878 5802 ea:
2901 5748 3102 5822 delectu
3131 5747 3388 5811 ciborum,
3415 5749 3560 5814 quod
3576 5757 3703 5799 esse

526 5818 640 5897 40)__
660 5822 765 5887 Ἐξ
795 5822 1140 5897 ἀδιαφορίας
1168 5826 1421 5897 τροφῶν.
1450 5823 1731 5882 Invenerat
1760 5825 1976 5897 Pelagiu

2118 5818 2355 5888 videtur,
2389 5818 2453 5875 ἐκ
2488 5820 2752 5892 διαφορᾶς
2781 5818 2994 5890 τροφῶν

434 5894 490 5948 in
519 5893 712 5948 codice
745 5909 868 5959 suo,
913 5896 977 5947 ἐκ
1009 5893 1387 5967 πληροφορίας
1436 5897 1669 5967 τροφῶν.
1703 5897 1853 5952 Alias
1894 5893 2010 5951 ἱιοιι
