3878 6346
191 364 266 425 85
1331 368 1950 426 APOPHTHEGMATA
1989 369 2286 428 PA'l‘RU-M
3402 371 3476 428 86
3511 418 3541 440 _.

193 485 340 538 αοϐἆ
381 483 690 537 Ἀντωνιου.
729 483 894 552 Λέγει
927 479 1022 538 οὗν
1045 482 1124 555 τῷ
1150 483 1450 539 δεικνύοντι
1475 485 1624 557 αὑτῷ
1643 501 1656 514 ·
1685 485 1798 539 Ποῦ

1923 487 2156 542 ibhatem
2206 485 2524 540 Antonium.
2576 484 2716 540 Dicit
2762 500 2892 556 ergo
2938 485 3293 542 monstratori
3326 503 3341 542 :
3371 484 3477 542 Ubi

194 582 343 658 ἐστιν
391 579 421 630 ό
472 576 650 640 esse;
684 575 1005 641 Ἀντώνιοςς
1044 576 1100 630 Ὀ
1133 576 1190 630 δὲ
1214 573 1369 632 εἶπεν
1408 577 1578 650 αὐτῷ,
1602 579 1684 632 ὅτι
1717 579 1796 641 εἰς

193 673 285 726 τον
309 671 480 725 τόπον
509 671 645 723 ὅπου
671 671 700 723 ὁ
722 669 875 735 Θεὸς,
907 669 1026 722 ἐκεῖ
1053 670 1226 723 ἐστιν.

266 762 374 816 κθ’.
430 760 876 833 Ἐσυκοφαντήθη
936 761 1165 830 ἀδελφὸς
1214 764 1296 828 εἰς
1344 752 1607 818 κοινόϐιον
1672 763 1800 837 περὶ

197 855 483 926 πορνείας,
517 857 613 909 καὶ
641 854 882 916 ἀναστὰς
908 848 1042 924 ἦλθε
1079 854 1217 925 πρὸς
1261 854 1352 907 τὸν
1390 855 1564 910 ἀϐϐἄν
1608 855 1802 909 Ἀντὼ-

198 964 309 1002 νιον
329 966 342 977 ·
377 949 480 1002 καὶ
508 942 674 1018 ἦλθον
720 947 772 999 ol
821 945 1044 1014 ἀδελφοὶ⁸
1072 946 1182 1000 ἀπὸ
1215 946 1306 1000 τοῦ
1338 947 1605 1002 κοινοϐίου
1639 947 1801 1019 θερα-

198 1039 400 1094 πεῦσαι
439 1039 606 1093 αὐτὸν
654 1039 752 1092 καὶ
783 1037 1000 1092 λαϐεῖν’
1035 1039 1128 1092 καὶ
1161 1038 1393 1112 ἤρξαντο
1440 1039 1682 1111 ἐλέγχειν
1717 1041 1801 1094 ὅτι

199 1133 390 1197 οὕτως
424 1133 710 1204 ἐποίησας.
727 1132 788 1186 '0
814 1131 870 1185 δὲ
897 1130 1216 1201 ἀπελογεῖτο
1253 1133 1336 1186 ὅτι
1363 1132 1532 1187 Οὐδὲν
1559 1133 1802 1188 τοιοῦτον

201 1225 462 1296 ἐποίησα.
489 1224 802 1296 Εὐκαερησε
852 1225 910 1278 δὲ
959 1226 1075 1278 ἐκεῖ
1117 1227 1145 1278 ὁ
1190 1224 1365 1288 assa;
1397 1225 1737 1295 Παφνοὺτιος
1773 1227 1802 1279 ό

201 1317 489 1388 Κεφαλᾶς,
516 1318 614 1371 xal.
656 1313 779 1370 εἷπε
831 1317 1147 1390 παραϐολὴν
1177 1317 1473 1389 τοιαύτηνο
1517 1315 1670 1372 Εἶδον
1723 1320 1803 1382 εἰς

200 1410 302 1479 τὴν
329 1408 504 1480 δχθαν
534 1407 630 1461 τοῦ
664 1407 912 1478 ποταμοῦ
937 1408 1222 1480 ἄνθρωπον
1248 1409 1513 1480 βληθέντα
1554 1412 1635 1474 εἰς
1674 1409 1802 1481 βόρ-

204 1499 369 1571 ϐορον
416 1499 526 1562 ἕως
564 1497 676 1551 τῶν
721 1499 964 1568 γονάτων
1005 1500 1194 1566 αὑτοῦ,
1229 1502 1322 1554 καὶ
1365 1501 1611 1567 ἐλθόντες
1657 1503 1804 1566 τινὲς

202 1591 389 1647 δοῦναι
420 1591 574 1662 αὑτῴ
605 1594 764 1663 χεῖρα
802 1591 1199 1646 κατεπόντισαν
1227 1594 1391 1647 αὑτὸν
1427 1594 1533 1659 ἕως
1558 1593 1652 1648 τοῦ
1677 1612 1805 1666 τρα-

204 1685 398 1755 χήλου.
431 1684 543 1738 Καὶ
567 1684 714 1753 λέγει
737 1685 922 1749 αὐτοῖς
950 1688 978 1739 ὁ
1011 1685 1186 1750 ἀϐϐᾶς
1228 1687 1512 1752 Ἀντώνιος
1550 1687 1679 1760 περὶ
1708 1688 1801 1741 τοῦ

205 1775 357 1830 ἀϐϐἄ
401 1776 776 1846 Παφνουτίουο
825 1776 957 1830 Ἰδοὺ
1007 1776 1295 1848 ἄνθρωπος
1346 1779 1618 1850 ἀληθινὸς,
1646 1779 1805 1834 δυνά-

211 1886 376 1939 μενος
407 1843 750 1940 θεραπεῦσαι
805 1867 902 1922 καὶ
949 1843 1123 1922 σῶσαι
1165 1869 1364 1939 ψυχάς.
1393 1843 1805 1942 Κάτανυγέντες
1834 1843 1878 1900 Β

206 1955 303 2014 οὖν
346 1957 426 2029 τῷ
467 1959 612 2029 λόγῳ
655 1958 764 2012 τῶν
813 1957 1105 2032 γερόντων,
1149 1958 1346 2013 ἔϐαλον
1396 1961 1686 2030 μετάνοιαν
1731 1961 1810 2033 τῷ

209 2049 452 2120 ἀδελφῷ.
499 2049 611 2103 Καὶ
639 2048 1087 2122 παρακληθέντες
1116 2049 1223 2102 ὑπὸ
1258 2049 1368 2103 τῶν
1396 2050 1654 2122 Πατέρων
1688 2048 1812 2106 έλαέ-

213 2146 310 2200 ϐον
337 2146 429 2199 τὸν
469 2145 698 2214 ἀδελφὸν
729 2148 810 2209 εἰς
830 2146 891 2199 τὸ
922 2145 1209 2201 κοινόϐιον.

287 2239 357 2295 λ’.
401 2238 633 2308 Ἔλεγόν
679 2256 826 2303 τινες
873 2241 1002 2310 περὶ
1043 2237 1140 2292 τοῦ
1193 2238 1339 2292 ἀϐϐᾶ
1379 2238 1685 2303 Ἀντωνίου,
1730 2241 1811 2294 ὅτι

212 2331 407 2402 γέγονε
429 2331 902 2401 Πνευματοφόρος,
922 2329 1040 2383 ἀλλ’
1055 2331 1157 2384 οὐκ
1183 2330 1342 2402 ἢθελε
1371 2330 1556 2384 λαλεῖν
1577 2330 1666 2384 διὰ
1687 2332 1812 2395 τοὺς

211 2421 576 2496 ἀνθρώπους⁸
621 2424 718 2478 καὶ
758 2423 868 2494 γὰρ
901 2423 971 2476 τὰ
997 2421 1257 2494 γινόμενα
1299 2425 1356 2476 ὲν
1385 2423 1464 2494 τῷ
1497 2423 1689 2497 κόσμῳ
1720 2424 1814 2478 καὶ

214 2512 286 2566 τὰ
321 2512 584 2584 μέλλοντα
610 2512 786 2567 ἐλθεῖν
810 2513 1067 2584 ἐμήνυεν.

287 2695 394 2750 λα’.
435 2695 578 2750 Ποτὲ
614 2697 644 2750 ὁ
671 2694 849 2760 esea,-
883 2695 1166 2759 Ἀντώνιος
1189 2695 1408 2762 ἐδέξατο
1434 2691 1814 2748 Κωνσταντίου

217 2787 317 2841 τοῦ
345 2787 613 2858 βασιλέως
641 2789 1021 2860 γράμματαη,
1056 2788 1142 2841 ἵνα
1185 2786 1312 2858 ἔλθῃ
1357 2788 1439 2850 εἰς
1477 2788 1816 2840 Κωνσταντι-

220 2879 478 2934 κύπολιν
495 2895 508 2909 ·
542 2881 639 2934 καὶ
666 2880 892 2935 ἐσκόπει
911 2881 965 2933 τί
987 2880 1230 2949 ποιῆσαι.
1259 2878 1421 2946 Λέγει
1451 2872 1542 2931 οὖν
1565 2877 1645 2948 τῷ
1671 2876 1815 2948 esse

222 2969 428 3042 Παύλῳ
474 2970 553 3042 τῷ
597 2971 814 3042 μαθητῇ
864 2971 1058 3026 αὐτοῦ’
1095 2969 1342 3040 Ὠφειλον
1379 2967 1658 3033 ἀπελθεῖνς
1705 2967 1816 3022 Καὶ

222 3063 372 3132 λέγει
395 3062 574 3134 αὐτῷ’
621 3063 747 3117 Ἐὰν
773 3062 1040 3135 ἀπέλθῃς,
1058 3061 1343 3126 Ἀντώνιος
1380 3060 1545 3133 λέγῃ·
1573 3060 1623 3112 ει
1655 3059 1712 3113 δέ
1739 3057 1814 3132 μὴ

224 3154 490 3228 ἀπέλθῃς,
519 3153 694 3218 assa;
735 3153 1037 3217 Ἀντώνιος.

295 3243 398 3315 λβν.
441 3239 609 3298 Εἶπεν
637 3246 666 3297 ό
688 3243 866 3307 ἁϐϐἄς
893 3242 1208 3308 Ἀντώνιος·
1248 3242 1390 3313 Ἐγὼ
1415 3241 1599 3297 οὐκέτι
1629 3239 1818 3312 φοϐοῦ-

226 3351 333 3406 μαι
359 3333 455 3388 τὸν
471 3334 603 3388 Θεὸν
621 3334 757 3405 (ﬂ),
785 3333 900 3388 ἀλλ’
925 3335 1126 3404 ἀγαπῶ
1156 3335 1318 3390 αὐτόν
1337 3335 1400 3389 ¹⁷.
1420 3333 1602 3407 Ἠγὰρ
1614 3333 1815 3406 ἀγάπη

221 3425 344 3492 ἔξω
367 3423 595 3491 βάλλει
621 3426 730 3479 τὸν
754 3425 963 3495 φόϐον.

298 3517 403 3589 λγ’.
455 3520 515 3574 '0
563 3519 726 3583 αὐτὸς
777 3514 929 3572 εἶπε’
966 3512 1088 3589 Πρὸ
1133 3518 1425 3589 ὀφθαλμῶν
1454 3519 1542 3589 ἔχε
1587 3518 1818 3573 πάντοτε

222 3607 322 3664 τδν
370 3611 538 3680 φόϐον
588 3609 683 3663 τοῦ
733 3609 894 3664 Θεοῦ.
930 3610 1252 3681 Μνημόνευε
1278 3610 1371 3664 τοῦ
1417 3609 1821 3674 θανατοῦν-τος

224 3701 330 3756 καὶ
360 3701 824 3771 ζωογονοῦντος.
856 3703 1143 3773 Μισήσατε
1166 3703 1258 3755 τὸν
1291 3702 1496 3772 κόσμον
1523 3703 1617 3756 καὶ
1644 3702 1821 3756 πάντα

226 3793 296 3848 τὰ
329 3794 390 3846 ἐν
416 3793 586 3864 αὐτῷ.
631 3795 914 3867 Μισήσατε
961 3796 1144 3848 πᾶσαν
1185 3793 1454 3866 σαρκικὴν
1488 3794 1817 3850 ἀνάπαυσιν.

239 3885 615 3951 ’Δποτέιξασθε
659 3891 727 3959 τῇ
778 3887 890 3959 ζωῇ
938 3887 1134 3961 ταύτῃ,
1177 3888 1266 3940 ἴνα
1318 3887 1521 3959 ζήσητε
1565 3885 1645 3957 τῷ
1679 3885 1818 3957 Θεῷ.

226 3980 621 4052 Μνημονεύετε
663 3981 716 4033 τί
759 3979 1156 4050 ὲπηγγείλασθε
1199 3978 1278 4050 τῷ
1328 3978 1473 4050 Θεῷ’
1528 3977 1682 4050 ζητεῖ
1713 3979 1823 4050 γὰρ

227 4073 361 4127 αὐτὸ
387 4074 523 4144 παρ’
560 4071 716 4143 ὑμῶν
739 4074 797 4125 ἐν
819 4072 1006 4144 ἡμέρᾳ
1035 4073 1291 4143 κρίσεως.
1323 4071 1646 4136 Πεινάσατε,
1667 4070 1824 4141 διψή-

230 4165 836 4236 σατε,γυμνητεύσατε.
867 4165 1277 4236 ἀγρυπνήσατε,
1305 4164 1634 4236 πενθήσατε,
1665 4163 1826 4218 κλαύ-

230 4273 382 4321 σατε,
440 4256 738 4322 στενάξατε
789 4259 856 4329 τῇ
910 4257 1108 4329 καρδίᾳ
1159 4257 1346 4328 ὑμῶν’
1393 4258 1726 4330 δοκιμάσαιτε
1774 4259 1823 4312 εἰ

230 4345 370 4410 ἄξιοί
399 4348 531 4399 ἐστε
559 4346 654 4400 τοῦ
681 4346 818 4400 Θεοῦ
836 4363 849 4375 ·
883 4348 1330 4419 καταφρονήσατε
1355 4348 1453 4420 τῆς
1487 4347 1710 4420 σαρκὸς,
1737 4349 1825 4402 ἴνα

233 4438 448 4510 σώσητε
473 4439 632 4510 ὑμῶν
659 4439 758 4504 τὰς
783 4439 983 4510 ψυχάς.

1899 585 1985 632 est
2034 577 2202 632 abbas
2240 577 2552 631 Antonius?
2599 576 3055 649 Responsumque
3081 577 3228 646 tulit,
3261 591 3327 633 eo
3371 577 3480 634 loci

1900 685 2010 740 quo
2040 668 2181 724 Deus
2210 677 2315 732 est,
2348 669 2419 723 ibi
2448 685 2572 724 eum
2603 684 2746 725 esse.

1969 761 2059 816 29.
2104 761 2217 832 (42)
2255 761 2446 814 Frater
2493 762 2549 814 in
2602 762 2854 817 coenobio
2899 760 3229 816 calumniam
3283 745 3483 831 passus

1900 861 1985 910 est
2017 854 2420 918 fornicationis,
2460 869 2804 924 surgensque
2828 853 3067 909 accessit
3111 853 3178 907 ad
3231 853 3482 911 abbatem

1902 945 2198 1001 Antonium
2238 965 2252 1002 :
2289 955 2556 1002 venerunt
2584 946 2790 1017 pariter
2823 947 3020 1003 fratres
3051 963 3082 1004 e
3114 947 3392 1012 coenobio,
3423 953 3485 1000 ut

1903 1050 2163 1096 curarent
2197 1057 2320 1096 eum
2354 1056 2415 1094 ac
2441 1041 2766 1096 reducerent
2797 1058 2813 1095 :
2851 1051 3245 1111 coeperuntque
3285 1054 3482 1111 argue-

1904 1148 1985 1195 re,
2029 1148 2130 1187 cur
2176 1133 2252 1188 ita
2297 1130 2538 1188 fecisset.
2577 1131 2673 1188 llle
2728 1147 2860 1188 vero
2905 1133 3228 1196 excusabat,
3279 1146 3486 1202 negans

1905 1225 2206 1296 quidquam
2277 1225 2591 1296 huiusmodi
2622 1241 2651 1280 a
2684 1241 2743 1281 se
2774 1225 2998 1281 factum.
3030 1223 3390 1280 Commodum
3423 1223 3489 1278 il-

1904 1317 1976 1371 lic
2008 1317 2186 1371 adfuit
2236 1317 2406 1373 abbas
2456 1316 2817 1388 Paphnutius,
2844 1317 3026 1372 dictus
3068 1315 3360 1386 Cephalas,
3391 1316 3487 1385 qui

1906 1409 2049 1463 hanc
2077 1409 2394 1479 parabolam
2428 1409 2658 1479 protulit
2683 1427 2697 1464 :
2728 1406 2855 1462 Vidi
2884 1409 2939 1462 in
2967 1409 3084 1477 ripa
3115 1405 3358 1462 fluminis
3383 1404 3488 1461 bo-

1905 1501 2108 1556 minem
2158 1516 2331 1572 usque
2365 1501 2432 1555 ad
2465 1516 2642 1574 genua
2685 1502 2739 1556 in
2776 1501 2891 1554 luto
2925 1499 3236 1568 deiectum;
3262 1497 3488 1553 venien-

1905 1600 1992 1648 tes
2038 1601 2222 1648 autem
2271 1595 2523 1648 nonnulli
2562 1603 2621 1649 ut
2650 1594 2700 1648 ei
2736 1607 2958 1646 manum
3003 1591 3371 1661 porrigerent,
3416 1589 3487 1644 ad

1907 1685 2108 1739 collum
2137 1701 2310 1756 usque
2339 1687 2590 1741 eumdem
2621 1686 3028 1740 demerserunt.
3062 1682 3207 1736 Dixit
3231 1680 3366 1751 ipsis
3394 1680 3489 1736 ab-

1909 1778 2008 1834 bas
2063 1778 2334 1833 Antonius
2391 1779 2460 1834 de
2509 1777 2821 1849 Paphnutio
2872 1776 3103 1830 abbate:
3137 1772 3278 1829 Ecce
3328 1773 3492 1830 homo

1912 1885 2093 1934 verus,
2121 1870 2213 1940 qui
2250 1869 2426 1940 possit
2467 1885 2664 1924 curare
2707 1869 2922 1923 animas
2969 1876 3023 1923 et
3070 1879 3312 1922 servare.
3345 1863 3494 1930 Quo-

1911 1959 2054 2015 circa
2087 1975 2338 2016 sermone
2368 1975 2561 2014 senum
2595 1957 2934 2028 compuncli,
2965 1955 3207 2010 demisso
3234 1969 3372 2022 genu
3401 1969 3489 2007 ve-

1911 2051 2058 2106 niam
2092 2069 2121 2105 a
2154 2051 2326 2107 fratre
2359 2051 2740 2122 postularunt;
2770 2060 2933 2120 atque
2958 2063 2987 2101 a
3024 2046 3280 2102 Patribus
3306 2045 3494 2100 admo-

1912 2144 2038 2205 niti,
2071 2143 2292 2198 fratrem
2323 2143 2664 2198 admiserunt
2691 2142 2749 2196 in
2785 2141 3120 2195 cmnobium.

1982 2235 2072 2290 50.
2113 2235 2343 2302 Quidam
2377 2243 2735 2291 asseruerunt
2765 2233 2831 2289 de
2861 2243 3054 2289 sancto
3073 2232 3332 2295 Antonio,
3359 2231 3497 2286 fuis-

1911 2343 1972 2384 se
2007 2329 2157 2382 illum
2187 2325 2581 2397 Spiritiferum,
2615 2341 2713 2380 seu
2766 2341 2799 2379 a
2849 2334 3041 2379 sancto
3086 2321 3293 2392 Spiritu
3343 2321 3496 2377 allia-

1914 2432 2052 2484 tum,
2092 2421 2188 2475 sed
2220 2429 2448 2491 propter
2481 2420 2736 2474 homines
2791 2419 3039 2474 noluisse
3072 2417 3244 2487 loqui.
3277 2415 3493 2471 Etenim

1913 2529 2034 2584 quae
2070 2513 2125 2567 in
2153 2514 2359 2568 mundo
2394 2511 2805 2583 contingebant,
2831 2526 3062 2582 quaeque
3087 2519 3316 2565 ventura
3337 2518 3499 2564 erant

1913 2603 2195 2661 indicavit.

1985 2697 2074 2750 5f.
2115 2695 2362 2763 Quodam
2416 2694 2505 2749 die
2561 2695 2772 2765 accepit
2815 2694 3033 2748 litteras
3083 2707 3114 2747 a
3171 2691 3500 2748 Constantio

1915 2789 2246 2859 imperatore
2291 2787 2463 2843 abbas
2513 2787 2807 2850 Antonius,
2859 2794 2917 2840 ut
2959 2784 3498 2854 Constantinopolim

1915 2880 2163 2946 veniret;
2195 2885 2248 2933 et
2277 2878 2665 2933 considerabat
2707 2875 2836 2948 quid
2885 2876 2988 2932 sibi
3026 2876 3293 2946 agendum
3329 2884 3498 2930 esset.

1915 2972 2005 3027 Ait
2053 2973 2220 3042 igitur
2269 2971 2453 3026 abbati
2503 2969 2677 3024 Paulo
2740 2984 2844 3024 suo
2893 2969 3210 3038 discipulo:
3245 2967 3502 3024 Debeona

1916 3064 2234 3136 proficisci?
2274 3063 2582 3135 Respondit
2607 3063 2700 3119 ille
2733 3081 2751 3118 :
2779 3061 2837 3118 Si
2872 3062 3096 3122 abieris.
3119 3060 3396 3116 Antonius
3417 3061 3503 3116 di—

1917 3157 2091 3221 ceris;
2126 3157 2173 3211 si
2205 3171 2330 3212 vero
2373 3157 2666 3223 manseris,
2693 3155 2980 3212 vocaberis
3003 3155 3176 3211 abbas
3201 3153 3499 3210 Antonius.

1988 3247 2078 3303 '52.
2122 3247 2234 3320 (45)
2277 3247 2426 3302 Dixit
2482 3250 2652 3304 abbas
2703 3250 2977 3304 Antonius
3020 3269 3032 3302 :
3069 3247 3181 3319 Ego
3227 3263 3334 3302 non
3388 3263 3502 3301 am-

1918 3341 2064 3412 plius
2091 3340 2260 3396 Deum
2296 3342 2482 3407 timeo,
2515 3341 2614 3397 sed
2657 3341 2827 3413 diligo
2855 3341 3030 3396 illum.
3069 3339 3323 3396 Charitas
3354 3339 3501 3396 enim

1918 3433 2066 3506 foras
2100 3434 2262 3488 mittit
2294 3435 2617 3489 timorem".

1991 3529 2081 3583 55.
2127 3526 2271 3583 ldem
2301 3526 2440 3581 dixit
2477 3546 2491 3582 :
2534 3527 2762 3597 Semper
2795 3527 2934 3582 habe
2977 3542 3088 3596 pra:
3129 3527 3308 3582 oculis
3346 3528 3504 3582 timo-

1918 3637 2034 3678 rem
2068 3621 2183 3678 Dei.
2218 3621 2425 3677 Memor
2455 3630 2590 3677 esto
2617 3622 2764 3678 illius
2808 3623 2902 3693 qui
2935 3623 3225 3691 mortiﬁcat
3254 3634 3304 3677 et
3332 3623 3504 3693 ciuilio

1921 3716 2090 3770 cat“.
2123 3715 2258 3770 Odio
2288 3716 2486 3771 habete
2521 3714 2807 3782 mundum,
2842 3716 3142 3786 omniaque
3179 3731 3302 3787 quae
3326 3717 3380 3770 in
3413 3717 3506 3770 illo

1920 3821 2074 3866 sunt.
2095 3806 2256 3864 Odite
2281 3824 2496 3862 onmem
2522 3809 2988 3879 carnis-quietem.
3014 3808 3349 3862 Renuntiate
3377 3807 3506 3862 huic

1923 3901 2067 3965 vitae,
2104 3907 2165 3955 ut
2205 3898 2314 3955 Deo
2343 3899 2560 3954 vivatis.
2593 3899 2919 3954 Mementote
2966 3898 3096 3969 quid
3129 3899 3496 3970 promiseritis

1923 3991 2069 4058 Deo;
2102 3992 2234 4046 illud
2263 3991 2407 4047 enim
2438 4006 2469 4044 a
2497 3991 2652 4046 vobis
2677 3990 2916 4061 requiret
2940 3991 2992 4045 in
3015 3990 3104 4046 die
3124 3991 3339 4061 judicii.
3363 3992 3496 4045 Esu-

1926 4086 2052 4148 rite,
2083 4085 2253 4146 sitite,
2307 4084 2442 4138 nudi
2484 4092 2679 4146 estote.
2714 4083 2956 4155 vigilate,
3010 4083 3213 4154 lugete,
3269 4084 3503 4154 plorata,

1924 4175 2264 4246 ingemiscite
2313 4174 2371 4230 in
2415 4175 2582 4229 corde
2607 4180 2822 4237 vestro;
2855 4172 3084 4243 probate
3111 4189 3227 4238 vos,
3257 4189 3326 4228 an
3359 4173 3485 4230 sitis

1925 4268 2037 4324 Deo
2066 4266 2251 4338 digni;
2293 4282 2511 4322 carnem
2543 4265 2894 4330 contemnite,
2929 4274 2990 4320 ut
3026 4264 3240 4322 animas
3281 4275 3496 4322 vestras

1926 4358 2180 4414 servetis.
3145 4373 3150 4376 ν

299 4531 395 4585 λδ.
441 4530 735 4602 Παρέϐαλέ
787 4548 921 4584 ποτε
963 4532 991 4584 ό
1023 4529 1198 4594 assa;
1243 4529 1524 4596 Ἀντώνιος
1567 4531 1646 4604 τῷ
1682 4532 1815 4604 ἀϐϐᾇ

2001 4533 2090 4589 54,
2133 4532 2297 4606 venit
2331 4533 2627 4604 aliquando
2655 4532 2825 4587 abbas
2855 4531 3130 4588 Antonius
3160 4531 3226 4587 ad
3259 4531 3509 4586 abbatem

241 4622 448 4694 ’Δμοῦν
475 4624 558 4684 εἰς
586 4621 650 4674 τὸ
680 4621 806 4693 ὅρος
826 4622 928 4692 τῆς
954 4623 1207 4694 Νιτρίας,
1236 4623 1331 4676 καὶ
1367 4623 1507 4694 μετὰ
1543 4622 1604 4678 τὸ
1633 4641 1825 4678 συντυ-

226 4718 342 4786 χεῖν
367 4714 651 4785 ἀλλήλοις,
678 4713 828 4784 λέγει
869 4713 1018 4785 αὑτῷ
1060 4717 1089 4768 ὁ
1120 4714 1296 4779 ἁϐϐᾶς
1341 4715 1567 4786 Ἀμοῦν·
1611 4717 1829 4791 Ἐπειδὴ

225 4807 315 4860 διὰ
365 4807 482 4860 τῶν
541 4805 720 4878 εὐχῶν
763 4824 857 4860 σου
908 4806 1327 4878 ἐπληθύνθησαν
1361 4811 1410 4862 οἱ
1455 4808 1696 4878 ἀδελφοὶ,
1734 4811 1830 4864 καὶ

228 4898 448 4952 θέλουσι
479 4915 630 4961 τινες
667 4897 848 4951 αὐτῶν
878 4899 1231 4972 οἰκοδομῆσαι
1259 4901 1446 4955 κελλία
1475 4901 1695 4974 μακρὰν
1742 4904 1830 4958 ἵνα

227 4991 579 5064 ἡσυχάσωσι,
613 4991 780 5044 πόσον
805 4991 1050 5055 κελεύεις
1084 4993 1171 5045 ἵνα
1218 4993 1400 5067 ἀπέχῃ
1441 4995 1717 5067 διάστημα
1759 4995 1828 5050 τὰ

227 5082 533 5153 κτιζόμενα
567 5083 758 5136 κελλεα
799 5083 909 5136 τῶν
947 5083 1215 5152 ἐνταῦθας
1241 5085 1300 5138 '0
1335 5085 1390 5139 δὲ
1421 5082 1574 5139 εἶπε·
1617 5088 1830 5142 Γευσώ-

231 5171 376 5243 μεθα
411 5170 567 5242 ὤραν
595 5171 816 5244 ἐνάτην,
843 5174 936 5226 καὶ⁹
962 5172 1286 5246 ἐξέλθωμεν,
1315 5177 1410 5231 καὶ
1431 5176 1828 5249 διακινήσωμεν

228 5265 330 5336 τὴν
348 5265 396 5298 ¹³
428 5263 662 5336 ἔρημον,
686 5265 782 5317 καὶ
809 5264 1122 5336 σκοποῦμεν
1150 5266 1240 5320 τὸν
1269 5267 1453 5322 τόπον.
1474 5269 1561 5333 Ὠς
1585 5269 1642 5325 δὲ
1667 5269 1829 5324 ὥδευ-

1927 4627 2107 4681 Amun
2132 4628 2186 4681 in
2222 4635 2460 4682 montem
2491 4625 2702 4690 Nitriae,
2734 4635 2788 4681 et
2812 4625 2902 4680 ubi
2935 4623 3219 4693 congressi
3250 4631 3398 4687 sunt,
3423 4621 3510 4676 di-

1928 4719 2004 4775 cit
2037 4719 2208 4774 abbas
2240 4718 2422 4772 Amun
2454 4737 2470 4772 :
2503 4716 2959 4789 Quandoquidem
3004 4731 3100 4785 per
3151 4729 3343 4785 preces
3387 4725 3512 4768 tuas

1929 4811 2128 4865 fratres
2163 4809 2511 4880 multiplicati
2562 4817 2714 4873 sunt,
2747 4809 3088 4878 cupiuntque
3124 4821 3316 4861 eorum
3369 4821 3513 4862 non-

1935 4903 2068 4958 nulli
2095 4902 2262 4956 cellas
2286 4901 2512 4956 dissitas
2531 4900 2824 4966 aedificare,
2857 4908 2914 4953 ut
2938 4899 3122 4968 quiete
3150 4897 3281 4952 inibi
3305 4897 3511 4963 vivant,

1935 5005 2143 5068 quanto
2173 4996 2350 5066 spatio
2367 4995 2530 5064 jubes
2555 5000 2613 5046 ut
2633 4989 3020 5046 construenda:
3047 4990 3198 5044 cella:
3218 4989 3425 5045 distent
3443 4990 3512 5044 ab

1935 5089 2039 5143 hoc
2089 5089 2211 5141 loco
2238 5086 2262 5139 ?
2286 5085 2430 5140 Dixit
2483 5085 2617 5139 ille:
2657 5081 3053 5138 Manducemus
3084 5082 3218 5136 hora
3263 5098 3429 5146 nona,
3459 5089 3514 5137 et

1935 5181 2300 5251 egrediamur,
2332 5193 2396 5233 ac
2423 5177 2776 5232 solitudinem
2804 5175 3272 5246 perambulemus,
3291 5173 3514 5244 conspi-

1935 5275 2255 5344 ciamusque
2303 5272 2501 5326 locum.
2538 5267 2609 5324 Ut
2635 5278 2814 5325 autem
2844 5283 3089 5324 eremum
3123 5272 3515 5338 peragrarunt,

301 5428 347 5458 "
375 5426 466 5480 ΑΙ.
503 5424 742 5497 γράμμα
773 5425 1072 5496 βασιλικόν.
1151 5428 1193 5460 ¹⁷
1229 5427 1397 5484 Abest
1424 5429 1496 5485 ab
1523 5430 1592 5486 al.
1674 5432 1718 5463 “'
1754 5433 1815 5488 Al

1931 5433 2096 5504 ςτήν.
2173 5433 2214 5464 ³³
2243 5429 2400 5486 Joan.
2438 5446 2511 5495 tv,
2550 5427 2636 5482 18.
2715 5428 2763 5461 ³⁸
2802 5426 2822 5479 l
2859 5424 2994 5498 Reg.
3028 5441 3102 5490 ιιι,
3138 5424 3193 5479 6.

302 5587 419 5658 (Η)
459 5585 617 5658 Ἐγὼ
640 5585 854 5658 οὐκέτι.
873 5584 1178 5658 φοϐοῦμαι-
1212 5585 1320 5639 τὸν
1375 5586 1559 5658 Θεόν.
1585 5585 1824 5658 Joannes

232 5655 414 5714 Scala:
442 5655 620 5726 gradu
632 5657 725 5719 29,
748 5655 1015 5710 ἀπάθειαν
1041 5655 1240 5721 ἔδειξεν
1255 5658 1282 5710 ὁ
1306 5655 1476 5711 εἰπὼν
1499 5657 1823 5726 Αἰγύπτιος,

233 5730 310 5800 μὴ
350 5716 756 5800 φοϐἐῖσθαιτόν
790 5727 1120 5800 ἰξύριονἎΛιΙ
1154 5716 1314 5797 quem
1346 5727 1530 5800 locum
1581 5716 1827 5800 Gallicus

231 5796 548 5856 elucidator
598 5797 785 5852 laudat
806 5796 979 5852 Etiam
1003 5796 1341 5863 Cretensem,
1377 5798 1444 5853 de
1498 5796 1556 5852 S.
1590 5798 1828 5853 Antonio

233 5880 611 5926 enarrantem.
636 5868 838 5925 Eadem
879 5869 1099 5927 Antonii
1134 5869 1296 5924 verba
1329 5869 1498 5925 habes
1545 5867 1686 5938 apud
1722 5868 1829 5924 Do-

1931 5588 2180 5642 rotheum
2221 5587 2478 5641 Doctrina
2510 5587 2565 5641 4.
2606 5583 2672 5640 Et
2729 5581 3124 5654 Apoplzthegma
3156 5583 3430 5654 integrum
3464 5582 3520 5638 in

1934 5659 2209 5730 Operibus
2238 5659 2502 5730 Ephraemi
2547 5655 2754 5730 p._§86,
2786 5672 2842 5712 η.
2869 5653 2943 5709 5.-

2005 5730 2116 5796 (42)
2174 5727 2273 5782 Vit.
2302 5728 2456 5783 Patr.
2493 5744 2575 5788 ιιι,
2606 5728 2728 5781 158.

2009 5800 2120 5870 (45)
2168 5799 2262 5855 γει.
2325 5799 2478 5854 Patr.
2513 5814 2646 5864 xvn,
2677 5799 2729 5852 1.
