3878 6306
187 314 262 374 89
1324 319 1932 379 APOPIITIIEGMATA
1975 319 2284 381 PATRUM.
3393 328 3465 385 90

189 435 239 486 ςέ
273 431 328 484 οξ
380 434 627 505 αγροῖκοι
676 430 770 486 καὶ
801 431 1091 501 Αίγύπτιοι
1132 433 1402 498 τοσαύτας
1431 435 1634 506 ἀρετὰς
1683 435 1774 488 κέ-

1888 452 2009 492 mus
2033 437 2194 504 boni;
2224 437 2313 495 isti
2336 448 2517 494 autem
2549 438 2741 498 rustici
2761 444 2816 496 et
2842 436 3105 512 Egyptli,
3127 446 3313 496 tantas
3338 454 3464 510 pos-

187 541 456 596 κτηνταις
491 526 657 594 Λέγει
702 523 853 596 αὐτῷ
905 527 934 578 6
982 523 1154 589 esse;
1214 526 1528 596 ’Δρσένιοςο
1586 527 1776 597 Ἡμεῖς

185 599 293 669 ἀπὸ
324 617 424 688 τῆς
447 617 541 670 τοῦ
575 617 780 688 κόσμου
816 615 1154 679 παιδεύσεως
1184 616 1336 670 οὐδὲν
1369 617 1565 689 ἔχομεν
1586 634 1600 648 ο
1631 613 1774 672 οὗτοι

185 711 239 763 δὲ
273 711 329 764 οἱ
369 712 616 779 ἁγροίκοι
669 709 762 762 καὶ
794 709 1086 776 Αἰγύπτιοι
1131 707 1240 761 ἀπὸ
1270 709 1379 761 τῶν
1428 709 1573 763 ἰδίων
1600 709 1775 762 πόνων

187 807 491 876 ἐκτήσαντο
511 805 614 867 τὰς
649 803 874 875 ἀρετάς.

255 905 337 964 ς’.
384 896 730 968 Ἑρωτῶντός
760 912 890 948 ποτε
917 893 1011 949 τοῦ
1033 893 1178 948 ἁόὄᾶ
1221 895 1497 965 Ἀρσενίου
1526 893 1649 948 τινὰ
1679 893 1776 963 γέ-

186 1007 350 1062 ροντα
378 989 682 1058 Αίγύπτιον
732 987 861 1060 περὶ
897 987 1044 1040 ίδίων
1081 987 1379 1058 λογισμῶν,
1419 987 1606 1059 ἔτερος
1652 985 1774 1041 ἰδὼν

183 1080 346 1135 αὑτὸν
373 1078 532 1134 εἶπεν
550 1097 564 1111 ·
610 1080 783 1134 Ἀὁὸᾶ
812 1080 1078 1152 Ἀρσένιε,
1113 1079 1230 1142 πῶς
1256 1078 1525 1150 τοσαύτην
1557 1079 1776 1133 παίδευ-

182 1188 267 1224 σιν
302 1171 622 1243 Ῥωμαϊκὴν
671 1171 766 1224 καί
803 1170 1121 1241 Ἑλληνικὴν
1159 1171 1542 1241 ἐπιστάμενος,
1589 1170 1774 1225 τοῦτον

179 1263 272 1317 τὸν
299 1263 563 1333 ἀγροῖκον
593 1263 724 1334 περὶ
757 1263 865 1316 τῶν
895 1263 1004 1316 σῶν
1030 1261 1308 1332 λογισμῶν
1337 1264 1546 1333 ἐρωτᾷς
1571 1278 1588 1324 ;
1622 1262 1681 1317 ’0
1715 1261 1773 1314 δὲ

180 1351 302 1408 εἷπε
332 1355 472 1425 πρὸς
498 1355 661 1408 αὐτόν
684 1371 697 1384 ·
747 1355 860 1425 Τὴν
900 1355 999 1424 μὲν
1041 1354 1355 1426 Ῥωμαϊκὴν
1389 1355 1487 1406 καὶ
1525 1353 1768 1424 Ἐλληνι-

180 1445 279 1515 xta
329 1445 641 1514 ἐπίσταμαι
694 1445 1006 1500 παίδευσιν
1070 1445 1160 1498 τὸν
1211 1445 1270 1500 δὲ
1315 1444 1626 1517 amatam»;
1677 1441 1772 1497 τοῦ

179 1538 446 1608 ἀγροίκου
479 1537 672 1590 τούτου
704 1537 859 1592 οῦπω
885 1537 1205 1610 μεμάθηκα.

254 1628 318 1695 ζ’.
352 1629 648 1700 Παρέὸαλέ
692 1646 821 1682 ποτε
859 1631 888 1682 6
925 1630 1196 1700 μακάριος
1225 1627 1481 1697 Θεόφιλος
1519 1625 1770 1699 ἁρχιεπί-

182 1738 382 1785 σκοπος
432 1721 512 1791 τῷ
559 1721 705 1794 ἀὸὅᾷ
761 1721 1046 1792 Ἀρσενίῳ,
1099 1719 1240 1790 μετὰ
1276 1719 1536 1792 ἄρχοντός
1589 1735 1767 1781 τινος·

1879 530 2062 584 sident
2085 530 2360 589 virtutes?
2389 532 2693 604 Respondit
2725 535 2776 590 ei
2803 533 2972 589 abbas
2997 533 3264 589 Arsenius
3289 549 3305 585 :
3353 531 3464 589 Nos

1877 636 1908 676 e
1927 622 2203 677 mundana
2229 626 2538 683 eruditione
2565 627 2702 682 nihil
2741 627 3028 682 retulimus
3057 644 3071 693 ;
3115 626 3168 681 hi
3206 642 3336 682 vero
3366 642 3461 682 ru-

1877 711 2002 766 stici
2037 721 2092 768 et
2122 712 2386 786 (Egyptii,
2424 733 2520 788 per
2557 732 2690 774 suos
2718 718 2932 773 labores
2964 719 3196 774 virtutes
3223 719 3463 790 acquisi-

1877 812 2093 858 verunt.

1947 894 2000 947 6.
2041 895 2152 965 (55)
2188 896 2322 951 Cum
2353 897 2720 969 interrogaret
2757 900 3054 970 aliquando
3088 900 3259 956 abbas
3294 899 3461 956 Arse-

1876 988 2001 1044 nius
2039 990 2330 1058 quemdam
2365 1005 2548 1046 senem
2580 990 2894 1062 IEgyptium
2925 994 2992 1046 de
3031 992 3459 1062 cogitationibus

1875 1082 2014 1140 suis.
2048 1082 2191 1136 alius
2234 1097 2358 1137 eum
2403 1081 2637 1138 intuitus
2671 1083 2844 1138 dixit:
2896 1083 3050 1138 Abba
3095 1081 3316 1144 Arseni,
3363 1081 3458 1152 qui

1875 1170 1935 1224 lit
1969 1179 2028 1226 ut
2081 1181 2138 1226 tu
2189 1171 2325 1227 adeo
2356 1174 2410 1225 in
2456 1173 2764 1229 eruditione
2796 1172 2988 1228 Latina
3021 1180 3074 1229 et
3098 1172 3282 1229 Gra’ca
3318 1189 3460 1243 prte-

1874 1261 2098 1324 celleus,
2134 1259 2279 1314 hunc
2309 1261 2576 1316 rusticqu
2605 1262 2672 1317 de
2704 1263 3126 1333 cogitationibus
3147 1264 3256 1319 tuis
3281 1263 3458 1318 inter-

1875 1353 2073 1424 roges?
2102 1352 2400 1424 Respondit
2434 1354 2546 1408 illi:
2596 1352 2820 1411 Latinas
2854 1353 3181 1426 Graecasque
3208 1353 3459 1423 discipli-

1873 1460 1975 1500 nas
2013 1446 2138 1499 uovi
2187 1446 2452 1516 quidem;
2499 1445 2595 1502 sed
2651 1447 2814 1502 istius
2869 1447 3058 1503 rustici
3107 1446 3455 1517 alphabetum

1873 1537 2116 1592 nondum
2155 1537 2343 1591 didici.

1945 1629 1998 1684 7.
2031 1631 2145 1700 (56)
2173 1628 2334 1685 Venit
2358 1630 2655 1700 aliquando
2687 1630 2882 1685 beatus
2912 1629 3249 1700 TlteOphilus
3281 1631 3458 1686 archi-

1872 1720 2166 1789 episcopus
2199 1719 2266 1774 ad
2297 1718 2589 1774 Arseniutn
2621 1718 2899 1780 abbatem,
2922 1732 3028 1772 una
3063 1732 3189 1771 cum
3217 1716 3456 1788 quodam

179 1813 366 1886 ἠρώτα
401 1787 600 1866 δὲντδν
648 1787 902 1883 γέροντα,
939 1787 1170 1864 ἀκοῦσαι
1202 1787 1544 1882 παρζῃαὺτοῦ
1591 1807 1765 1877 λόγον.

1888 1787 2092 1873 iudice:
2146 1810 2517 1880 interrogabat
2563 1817 2745 1863 autem
2783 1824 2991 1872 senem,
3042 1815 3102 1861 ut
3133 1787 3294 1864 abeo
3337 1824 3458 1865 ser-

180 1906 390 1976 Μικρὸν
419 1904 479 1958 δὲ
509 1907 797 1976 σιωπήσας
835 1906 864 1958 6
896 1903 1097 1975 γέρων,
1136 1902 1468 1973 ἀπεκρίνατο
1509 1901 1644 1972 πρὸς
1672 1901 1770 1954 αὐ-

181 1996 302 2047 τόν·
331 1995 450 2048 Kal
481 1995 578 2049 ἐὰν
600 1996 732 2066 ὑμῖν
753 1997 910 2059 εἴπω,
938 1995 1272 2065 φυλάσσετες
1303 1996 1368 2047 Οί
1397 1994 1455 2047 δὲ
1489 1993 1770 2045 συνέθεντο

181 2084 492 2153 φυλάττειν.
550 2087 663 2138 Kal
703 2079 860 2138 εἶπεν
905 2085 1089 2148 αὐτοῖς
1139 2084 1167 2136 6
1207 2083 1416 2156 γέρων·
1455 2084 1628 2136 Ὅπου
1675 2081 1771 2136 ἐὰν

179 2179 453 2248 ἀκούσητε
497 2178 798 2244 Ἀρσένιον,
831 2179 908 2252 μὴ
947 2177 1310 2251 πλησιάσητε.

247 2355 314 2426 η’.
349 2357 580 2410 ’Δλλοτε
622 2356 785 2411 πάλιν
820 2356 1107 2428 βουληθεὶς
1141 2359 1170 2412 6
1198 2357 1634 2430 ἀρχιεπίσκοπος
1668 2374 1772 2412 πα-

180 2449 440 2517 ραϐαλεῖν
487 2448 662 2520 αὐτῷ,
685 2450 974 2503 ἀπέστειλε
1007 2449 1222 2520 πρῶτον
1269 2449 1464 2503 εἰδέναι
1495 2451 1545 2502 εἰ
1567 2449 1770 2519 ἀνοίγει

174 2541 205 2594 6
239 2543 442 2612 γέρων.
504 2543 618 2595 Kal
664 2542 930 2614 ἐδήλωσεν
982 2541 1132 2612 αὐτῷ
1169 2542 1377 2611 λέγων·
1425 2543 1548 2595 Ἐὰν
1590 2541 1769 2616 ἔλθῃς,

175 2633 374 2703 ἀνοίγω
412 2649 496 2686 σοι
524 2648 543 2665 ⁸
587 2635 687 2687 καὶ
715 2635 810 2687 ἐάν
845 2650 925 2686 σοι
955 2633 1174 2697 ἀνοίξω.
1206 2635 1371 2688 πᾶσιν
1402 2635 1634 2702 ἁνοίγω·
1677 2635 1773 2689 καὶ⁸

175 2726 292 2777 τότε
320 2725 514 2778 οὐκέτι
559 2724 860 2795 καθέζομαι
899 2716 1026 2779 ὧδε.
1064 2722 1250 2778 Ταῦτα
1289 2724 1524 2789 ἀκούσας
1552 2727 1580 2777 6
1614 2726 1772 2798 ἁρχι-

176 2817 478 2881 επίσκοπος
507 2812 662 2871 εἶπεν
681 2834 696 2848 ο
733 2818 796 2870 Εἰ
826 2816 1014 2882 διῶξαι
1035 2816 1196 2869 αὑτὸν
1217 2817 1660 2891 ἁπέρχομαι,οὒκ
1690 2817 1772 2871 ἔτι

179 2910 500 2982 ἀπέρχομαι
531 2911 666 2982 πρὸς
695 2909 877 2965 αὐτόν.

246 3004 316 3057 θ’.
350 3002 608 3071 ’Λδελφδς
637 3002 888 3074 ἠρώτησε
913 3017 1005 3054 τον
1037 3000 1212 3055 ἀϐὃᾶν
1235 3001 1510 3068 Ἀρσένιον
1541 3001 1772 3056 ἀκοῦσαι
1808 3023 1820 3030 ·

175 3099 308 3168 παρ’
329 3096 497 3150 αὑτοῦ
526 3095 703 3164 λόγον.
736 3095 847 3147 Καὶ
875 3090 1028 3149 εἶπεν
1054 3094 1203 3168 αὑτῴ
1230 3097 1257 3148 6
1287 3095 1464 3168 γέρων
1489 3114 1500 3124 ·
1525 3096 1662 3167 Ὄση
1678 3094 1772 3149 δύ-

1877 1916 2093 1956 monem
2127 1901 2358 1956 audiret.
2385 1899 2522 1955 Tum
2546 1908 2668 1972 post
2697 1901 2964 1970 aliquanti
2998 1900 3262 1972 temporis
3287 1901 3457 1957 silen-

1877 1994 2013 2046 tium
2050 1993 2333 2062 respondit
2371 1983 2569 2049 sducx:
2602 1993 2666 2048 Et
2694 1994 2740 2048 si
2774 1994 2928 2048 vobis
2958 1992 3174 2054 dixero,
3204 1993 3455 2048 custodi-

1877 2083 2059 2137 turine
2105 2085 2277 2138 estis?
2327 2083 2408 2137 llli
2445 2098 2575 2137 vero
2632 2091 2948 2138 servaturos
2977 2099 3036 2138 se
3065 2082 3454 2152 promiserunt.

1876 2175 1967 2228 Ait
1997 2189 2125 2244 ergo
2153 2175 2220 2228 ad
2254 2174 2376 2229 illos
2407 2189 2606 2229 senex:
2641 2171 2963 2244 Ubicunque
3008 2172 3292 2228 audieritis
3334 2187 3458 2229 esse

1875 2266 2189 2331 Arseuium,
2221 2282 2288 2320 ne
2312 2266 2441 2320 illuc
2471 2264 2765 2324 accedatis.

1946 2357 2000 2411 8.
2031 2355 2143 2426 (57)
2190 2355 2310 2410 Alia
2351 2355 2468 2410 vice
2503 2355 2699 2410 iterum
2741 2353 2971 2425 cupiens
3004 2352 3458 2424 archiepiscopus

1877 2463 2003 2502 cum
2037 2463 2102 2502 co
2127 2446 2410 2518 congredi,
2441 2446 2589 2502 misit
2611 2447 2785 2517 prius,
2819 2446 3164 2505 sciscitatum
3192 2461 3261 2499 an
3287 2459 3456 2500 senex

1878 2539 2216 2612 aperiretds
2249 2538 2578 2612 signiﬁcavit
2599 2545 2672 2604 ei,
2707 2539 2936 2594 dicens:
2971 2535 3027 2592 Si
3058 2540 3293 2603 veneris,
3327 2552 3459 2608 ape-

1877 2634 2017 2690 riam
2047 2634 2168 2699 tibi,
2197 2648 2432 2703 cumque
2460 2632 2556 2686 tibi
2598 2647 2884 2702 aperuere,
2926 2631 3142 2686 cunctis
3180 2630 3456 2701 aperiam;

1877 2735 1932 2782 et
1955 2735 2086 2780 tunc
2113 2727 2253 2780 ultra
2276 2741 2383 2780 non
2420 2723 2652 2781 manebo
2679 2723 2790 2778 hic.
2817 2722 3028 2790 Quibus
3050 2722 3254 2778 auditis
3277 2721 3460 2778 archi-

1877 2821 2171 2891 episcopus
2199 2821 2304 2874 ait;
2365 2818 2424 2874 Si
2454 2833 2578 2874 eum
2615 2816 2948 2888 expulsurus
2974 2828 3164 2886 pergo,
3200 2829 3308 2868 non
3340 2827 3460 2867 am-

1878 2911 2022 2984 plius
2047 2927 2114 2966 eo
2143 2925 2384 2982 pergam.

1950 3004 2002 3060 9.
2033 3005 2144 3075 (58)
2171 3002 2364 3059 Frater
2387 3001 2684 3074 postulavit
2704 2999 2774 3056 ab
2801 2999 2997 3057 abbate
3024 3005 3278 3061 Arsemo,
3299 3013 3365 3052 ex
3389 3011 3459 3052 eo

1879 3096 2084 3168 aliquid
2113 3097 2320 3151 audire.
2348 3095 2547 3165 Aitque
2568 3096 2635 3150 ad
2665 3109 2790 3149 cum
2821 3108 3020 3150 senex:
3047 3090 3154 3146 Pro
3196 3089 3336 3146 virili
3364 3101 3458 3144 tua

175 3189 342 3260 ναμίς
388 3188 470 3242 σοί
513 3189 686 3248 ἐστιν,
739 3187 1026 3255 ἀγώνισαι,
1058 3188 1146 3240 ἵνα
1173 3188 1206 3259 ἡ
1233 3186 1378 3241 ἔνδον
1412 3205 1505 3241 σου
1539 3187 1772 3259 ἐργασία

1888 3188 2143 3244 :ontende
2172 3199 2231 3243 ut
2263 3188 2494 3242 interior
2533 3195 2623 3242 tua
2665 3187 2911 3257 operatio
2945 3183 3250 3242 secundum
3285 3181 3458 3238 Deum

177 3281 321 3335 κατὰ
347 3280 483 3333 Θεὸν
508 3275 569 3353 ᾗ,
612 3278 708 3332 καὶ
741 3279 944 3352 νικήσῃ
973 3279 1044 3332 τὰ
1069 3277 1174 3342 ἔξω
1208 3277 1379 3350 πάθη.

247 3378 303 3425 ι’.
348 3367 488 3424 Eine
520 3370 715 3424 πάλιν
761 3371 885 3424 Ἐὰν
931 3371 1022 3425 τὸν
1051 3371 1183 3425 Θεὸν
1220 3370 1566 3443 ζητήσωμεν,
1602 3374 1775 3445 φανή-

175 3482 332 3518 σεται
368 3465 502 3535 ἡμῖν
527 3479 538 3489 ·
571 3465 668 3517 καὶ
709 3463 804 3519 ἐὰν
841 3463 1004 3518 αὑτὸν
1034 3463 1419 3537 κατάσχωμεν,
1468 3467 1776 3537 παραμενεῖ

172 3561 332 3632 ἡμῖν.

241 3649 337 3706 ια’.
371 3644 513 3703 Εἷπέ
542 3666 626 3712 τις
659 3647 736 3718 τῷ
767 3648 908 3720 ἀῦϐᾅ
959 3647 1221 3719 Ἀρσενίῳ
1244 3665 1259 3680 ο
1297 3650 1361 3703 Οἱ
1386 3649 1635 3723 λογισμοί
1669 3669 1771 3724 μου

173 3741 422 3800 θλίϐουσξ
466 3759 533 3812 με
579 3742 860 3810 λέγοντες·
924 3743 998 3794 Οὐ
1055 3741 1281 3796 δύνασαι
1323 3742 1605 3812 νηστεύειν
1652 3744 1774 3798 οὐδὲ

176 3833 562 3907 ἐργάσασθαιο
595 3831 696 3886 κᾶν
721 3832 1053 3886 ἐπισκέπτου
1085 3835 1212 3897 τοὺς
1245 3831 1606 3898 ἀσθενοῦντας
1629 3851 1644 3866 ο
1679 3835 1774 3889 καὶ

173 3927 333 3980 τοῦτο
363 3926 478 3997 γὰρ
512 3925 700 3995 ἀγάπη
731 3925 899 3979 ἐστίν.
940 3925 997 3977 '0
1030 3924 1088 3978 δὲ
1118 3924 1299 3996 γέρων
1331 3925 1486 3990 εἰδὼς
1514 3925 1613 3991 τὰς
1639 3943 1774 3980 σπο-

174 4018 274 4088 pa;
323 4016 440 4070 τῶν
473 4015 766 4087 δαιμόνων,
793 4007 940 4084 λέγει
983 4015 1164 4088 αὐτῷ·
1195 4016 1438 4086 ’Υπαγε,
1467 4017 1628 4086 φάγε.
1657 4019 1772 4084 πίε,

1873 3284 1968 3347 sit,
1992 3291 2047 3336 et
2076 3283 2264 3338 vinces
2292 3281 2522 3337 allectus
2559 3291 2838 3336 externos.

1945 3378 2032 3434 10.
2089 3374 2202 3446 (59)
2253 3373 2396 3428 Dixit
2438 3373 2681 3428 iterum:
2741 3371 2796 3426 Si
2852 3370 3022 3426 Deum
3085 3368 3456 3439 requiramus,

1873 3467 2156 3541 apparebit
2188 3467 2385 3533 nobis;
2419 3474 2473 3520 et
2498 3479 2622 3520 eum
2652 3463 2700 3519 si
2725 3461 3136 3525 retinuerimus,
3168 3458 3456 3516 nobiscum

1873 3560 2241 3634 permanebit.

1947 3655 2034 3711 Η.
2075 3651 2187 3724 (60)
2230 3650 2443 3722 Aliquis
2469 3647 2606 3703 dixit
2630 3646 2814 3700 abbati
2845 3645 3107 3700 Arsenio:
3156 3641 3458 3713 Cogitatio-

1874 3763 1972 3802 nes
1993 3760 2124 3800 meze
2145 3743 2388 3814 aﬂliguut
2405 3757 2511 3805 me,
2539 3740 2614 3794 ita
2640 3745 2993 3809 suggerentes
3015 3755 3030 3791 :
3054 3733 3174 3790 Non
3200 3735 3350 3789 vales
3372 3731 3455 3803 je-

1869 3839 2088 3911 juuare,
2110 3853 2210 3891 nec
2239 3835 2452 3905 operari
2475 3849 2488 3898 ;
2509 3834 2700 3888 saltem
2731 3829 2979 3884 inﬁrmos
3005 3827 3200 3892 visita;
3229 3823 3282 3880 id
3307 3824 3457 3881 enim

1874 3947 2092 4002 quoque
2126 3930 2367 3985 cbaritas
2393 3936 2496 3982 est.
2534 3923 2707 3979 Senex
2744 3937 2893 3986 vero,
2926 3922 3013 3976 cui
3049 3930 3174 3975 nota
3201 3927 3319 3975 erat
3347 3918 3457 3972 da:-

1877 4037 2099 4080 monunt
2153 4019 2437 4081 sementis,
2471 4017 2549 4072 ait
2578 4015 2695 4072 illi:
2753 4013 2924 4078 Vade,
2973 4013 3265 4077 manduca,
3306 4011 3455 4077 bibe,

175 4110 375 4180 κοιμῶ,
419 4109 517 4162 καὶ
549 4109 624 4181 μὴ
649 4109 897 4180 ἐργάσῃ·
946 4110 1107 4181 μόνον
1133 4109 1228 4164 τοῦ
1276 4109 1489 4165 κελλίου
1541 4113 1615 4186 μὴ
1642 4113 1774 4166 ἀπο-

1888 4114 2076 4178 dormi,
2121 4127 2191 4168 ne
2229 4110 2494 4182 opereris.
2530 4108 2796 4164 duntaxat
2835 4122 2867 4161 e
2906 4106 3044 4161 cella
3071 4121 3139 4161 ne
3179 4105 3453 4162 discedas.

175 4207 328 4276 στῇς.
374 4202 533 4275 Ἵιίδει
567 4201 678 4273 γὰρ
701 4203 782 4255 ὅτι
813 4203 848 4274 ἡ
870 4203 1116 4274 ὑπομονὴ
1141 4201 1237 4256 τοῦ
1265 4203 1478 4260 κελλίου
1500 4205 1655 4277 φέρει
1683 4205 1776 4261 τὸν

177 4291 418 4361 μοναχὸν
451 4290 533 4353 εἰς
559 4290 658 4362 τὴν
680 4290 834 4355 τάξιν
873 4290 1038 4345 αὑτοῦ
1070 4291 1207 4364 (54).

245 4385 337 4456 ιβ’.
377 4385 610 4453 Ἔλεγεν
636 4387 665 4438 6
694 4385 869 4450 ἀϐϐᾶς
907 4386 1206 4456 ’Δρσὲνιος,
1245 4387 1328 4442 ὅτι
1364 4387 1513 4454 ξένος
1544 4391 1776 4462 μοναχδς
1833 4400 1838 4404 ’

1877 4203 2100 4261 Sciebat
2146 4203 2318 4268 enim,
2365 4216 2460 4272 per
2507 4200 2799 4270 patientem
2838 4196 2894 4252 in
2922 4198 3058 4252 cella
3112 4197 3458 4252 mansionem

1875 4299 2070 4355 adduci
2102 4297 2432 4353 monachum
2463 4295 2530 4350 ad
2559 4310 2673 4350 sua:
2698 4293 2822 4348 vita:
2851 4293 3120 4347 ordinem.

1949 4391 2036 4446 12.
2069 4389 2183 4462 (61)
2215 4389 2438 4445 Dicebat
2465 4387 2635 4442 abbas
2654 4386 2940 4451 Arsenius,
2969 4383 3316 4456 peregrinum
3340 4395 3460 4438 mo-

174 4481 252 4542 ιὶς
301 4477 603 4551 ἀλλοτρίαν
649 4478 834 4551 χώραν
885 4478 1054 4550 μηδὲν
1114 4479 1431 4548 μεσαζέτω.
1498 4483 1596 4538 καὶ
1641 4485 1774 4539 ἁνα-

1888 4481 2120 4538 nachum
2147 4482 2201 4534 iu
2226 4480 2401 4534 aliena
2427 4478 2652 4546 regione
2677 4477 2832 4531 nullo
2871 4477 2927 4532 in
2958 4474 3179 4544 negotio
3213 4472 3461 4528 medium

174 4569 441 4624 παύεται.

240 4729 359 4795 (54)
395 4727 660 4802 Ρῖιςξτὴν
689 4726 863 4802 τάξιν
907 4727 1117 4782 αὑτοῦ.
1154 4727 1419 4802 _Additur
1467 4729 1522 4802 in
1566 4730 1770 4802 Pelagii

171 4800 688 4868 Interpretatione:
740 4799 847 4864 Qui
896 4815 1014 4852 cum
1065 4799 1273 4867 fecisset
1325 4809 1430 4854 tres
1460 4799 1774 4862 dicant—az-

170 4872 354 4924 diatus
392 4879 498 4931 est,
543 4879 593 4923 et
615 4870 877 4923 inveniens
911 4885 1111 4938 paucas
1130 4870 1420 4936 palmulas,
1453 4871 1615 4926 scidit
1641 4889 1770 4938 eas;

168 4943 438 4996 aiter-nt
469 4940 788 5010 infractirto
823 4941 975 5004 capit
1009 4939 1233 5009 plectam
1266 4941 1458 5010 (codex
1512 4940 1771 4998 Suessio-

172 5013 368 5068 uensis
407 5020 466 5065 et
511 5009 879 5071 Fossatensis,
915 5010 1149 5080 ﬂectant)
1208 5012 1380 5080 facere
1424 5028 1491 5065 ex
1522 5014 1620 5066 eis.
1665 5014 1772 5080 Qui

169 5100 292 5136 cum
315 5082 602 5140 esui-isset.
624 5081 770 5133 dixit
802 5081 944 5134 intra
971 5098 1026 5135 se
1051 5098 1070 5136 :
1108 5079 1242 5135 Ecce
1264 5082 1406 5151 alia:
1436 5098 1620 5151 pauere
1646 5079 1770 5138 sunt

166 5153 454 5220 palmulae,
481 5152 685 5221 explica
713 5167 804 5204 eas
833 5161 882 5205 et
907 5153 1195 5206 mamluco.
1252 5150 1322 5205 Et
1345 5150 1462 5206 cum
1486 5169 1770 5221 μετέπρεπε

165 5219 338 5278 disset
371 5221 534 5292 (cod.
569 5219 916 5277 Fossatensis
964 5222 1394 5290 pereaplicuisset
1422 5226 1439 5291 )
1484 5219 1598 5286 eas,
1631 5219 1770 5278 dixit

167 5290 409 5348 iterum:
439 5290 577 5365 Lego
599 5307 819 5365 parum.
850 5301 902 5346 et
928 5295 1006 5346 sic
1030 5297 1310 5365 manduco.
1348 5293 1417 5347 Et
1458 5310 1579 5365 cum
1614 5294 1772 5365 legis-

165 5377 269 5430 set,
295 5365 443 5417 dixit
470 5381 487 5414 :
515 5364 700 5416 Dicam
747 5363 1054 5427 aliquantae
1086 5363 1342 5431 psalmos.
1377 5376 1424 5419 et
1451 5364 1572 5432 jam
1622 5363 1771 5419 secu-

165 5452 263 5490 rus
288 5436 584 5488 manduco.
615 5432 684 5486 Et
708 5434 789 5486 ita
807 5434 1072 5502 paulatim
1106 5433 1414 5504 proﬁciebat
1449 5434 1556 5488 Deo
1581 5451 1768 5504 coope-

165 5518 347 5568 male,
383 5506 555 5557 donec
578 5505 773 5558 veniret
799 5504 868 5556 ad
896 5505 1132 5558 ordinem
1153 5502 1329 5558 suum.
1363 5502 1432 5557 Et
1466 5521 1588 5557 cum
1621 5502 1770 5560 acce-

164 5583 334 5645 pisset
365 5576 623 5643 ﬁduciam
651 5577 903 5628 adversus
933 5575 1276 5645 cogitationes
1312 5575 1506 5640 malas,
1533 5575 1769 5629 vincebat

165 5644 284 5704 eas.
317 5646 454 5714 Quae
475 5645 667 5699 Graece
693 5647 869 5714 reperi
894 5647 946 5700 in
975 5644 1080 5701 ms.
1116 5644 1284 5715 Regio
1315 5645 1481 5706 2615,
1515 5646 1770 5715 adhunc

166 5719 400 5774 modum
427 5736 450 5787 :A
477 5716 589 5770 Kal
614 5715 970 5787 ὡςέττοίησεν
1000 5720 1149 5787 τρεῖς
1179 5714 1411 5787 ἡμέρας,
1442 5714 1765 5787 ἠκηδίασενο

165 5791 269 5845 καὶ
318 5785 507 5861 εὑρὼν
546 5786 721 5858 μικρὰ
755 5785 968 5856 θαλλία,
1025 5785 1240 5859 ἔσχισεν
1272 5787 1444 5840 αὐτά*
1478 5785 1572 5839 καὶ
1607 5786 1765 5840 πάλιν

1879 4575 2231 4646 interponere
2262 4587 2323 4628 se
2353 4571 2587 4638 debere;
2619 4570 2694 4626 ita
2724 4569 2871 4626 enim
2903 4569 3242 4639 quieturum.

1871 4732 2096 4814 diffic.
2111 4730 2332 4814 ,ἤρξατο
2353 4728 2579 4814 dies!
2607 4728 2778 4814 αὑῖάῖ
2817 4726 2917 4814 καὶ
2937 4723 3203 4814 Fili?“
3219 4718 3460 4814 ’.εἷτἾῖ

1885 4789 2026 4857 ’ἰδοῦ
2044 4789 2178 4858 ὧ.λὲ
2212 4789 2382 4924 pingi
2423 4800 2616 4854 θαλλία
2661 4799 2817 4862 εἰσὶν,
2867 4797 2959 4850 καὶ
3007 4794 3198 4879 ἐσθίω.
3245 4791 3355 4847 Kal
3379 4791 3464 4856 ὡς

1885 4874 2128 4924 ἐποίησεν
2150 4873 2216 4924 τὰ
2252 4873 2318 4924 θα
2354 4871 2462 4924 λία.
2499 4866 2651 4923 εἶπεν
2691 4869 2852 4922 πάλιν
2874 4884 2886 4896 ’
2947 4867 3329 4924 Ἀναγινωσκω
3366 4879 3456 4924 μισ

1871 4874 2128 4944 ἐποίησεν
2150 4866 2223 4926 cii
2252 4866 2462 4935 θαλλία,
2499 4866 2651 4923 εἶπεν
2691 4869 2852 4922 πάλιν
2874 4884 2886 4896 ’
2947 4866 3329 4934 Ἀναγινὼσκω
3366 4879 3456 4945 μς

1871 4943 2024 5015 κρὸν,
2058 4945 2150 4997 καὶ
2181 4943 2354 5005 οὕτως
2386 4941 2571 5015 ἐσθίωἷ
2608 4939 2717 5015 Kal
2748 4938 2822 5001 ὡς
2851 4935 3079 5015 ᾴνέγνω,
3105 4934 3282 5015 λέγει’
3308 4934 3465 5015 Ποιω

2009 4984 2024 5009 ’
2182 4984 2209 4996 ν
2898 4984 2910 4988 ⁷
3239 4984 3290 5088 ε

1873 5074 2054 5138 ἐσθίω.
2088 5074 2195 5139 Kal
2216 5074 2394 5144 ὀὓτως
2427 5074 2568 5134 κατὰ
2595 5074 2790 5152 μικρὸν
2815 5074 3176 5149 προέκοπτεν,
3201 5074 3294 5129 τοῦ
3317 5074 3454 5128 Θεοῦ

1873 5153 2283 5221 συνεργοῦντος,
2316 5152 2422 5214 ἕως
2437 5220 2440 5221 ν
2455 5145 2516 5204 οῦ
2538 5147 2702 5221 ἦλθεν
2731 5153 2811 5214 είς
2834 5151 2938 5221 ,τὴν
2959 5149 3113 5221 τάξιν
3136 5145 3322 5221 αῦτοῦ.
3348 5143 3459 5200 Kal

1873 5171 2283 5224 συνεργουντος,
2316 5167 2422 5214 εως
2455 5167 2516 5204 ου
2538 5167 2702 5221 ηΛυεν
2731 5167 2811 5214 εις
2839 5167 2938 5220 την
2959 5167 3113 5212 ταςιν
3136 5167 3322 5201 αυτου.

1871 5225 2068 5294 θάρσος
2108 5223 2296 5294 λαϐὼν
2315 5220 2459 5275 κατά
2487 5222 2603 5294 τῶν
2619 5219 2913 5294 λογισμῶν,
2947 5217 3345 5294 ἐνίκα-αὐτοῦςΖ

1941 5285 2064 5362 (55)
2106 5293 2212 5349 Vit.
2257 5293 2415 5348 Patr.
2449 5309 2540 5357 xv,
2577 5291 2606 5346 7
2634 5309 2650 5361 ;
2675 5285 2833 5348 toan.
2864 5289 3056 5348 Geom.
3090 5287 3296 5344 Parad.
3323 5285 3379 5344 9.

1941 5366 2054 5437 (56)
2098 5363 2213 5437 Vit.
2242 5363 2396 5417 Patr.
2437 5378 2498 5426 ιι,
2535 5362 2591 5419 4.

1941 5430 2056 5502 (‘57)
2097 5430 2228 5487 Ibid.

1938 5506 2054 5574 (58)
2107 5502 2209 5560 Vit.
2242 5503 2397 5558 Patr.
2430 5521 2506 5570 xl,
2540 5505 2590 5560 l.

1965 5576 2055 5644 59)
2098 5575 2226 5631 una.

1962 5647 2052 5709 60)
2104 5644 2210 5700 Vit.
2249 5643 2402 5700 Patr.
2434 5663 2530 5712 vn,
2564 5645 2655 5702 27.

1945 5715 2056 5789 (οι)
2107 5717 2212 5777 ιιι.
2246 5715 2398 5770 rm.
2431 5733 2485 5781 x,
2526 5717 2580 5771 ο.
