3878 6382
410 361 486 424 95
1306 427 1308 429 ,
1583 359 1930 418 APPENDIX
1972 359 2062 415 Αι)
2096 359 2511 420 pascamus.
3601 362 3666 421 at

409 479 636 551 grinos?
683 477 1024 550 Respondit:
1069 475 1445 547 Nequaquam.
1490 475 1630 532 Tum
1655 477 1983 544 illezouare

2117 479 2157 535 Ο
2181 480 2238 534 δὲ
2261 481 2430 550 λέγει’
2459 484 2578 536 Ὅτι
2601 475 2755 542 εἶπές
2785 495 2895 548 μοι,
2917 479 3050 532 ὅταν
3070 475 3434 549 artua-xime"
3450 476 3522 530 τὰ
3546 475 3668 529 θαλ-

405 586 538 640 ergo
585 585 693 624 non
745 568 980 626 venisti?
1025 567 1155 623 llic:
1207 567 1346 634 Quia
1397 566 1588 624 dixisti
1630 568 1800 625 mihi:
1851 569 1986 624 Cum

411 661 715 716 abscideris
736 661 944 730 palmas
968 662 1239 720 tuas.veui
1260 675 1275 725 ;
1304 661 1446 714 unde
1465 659 1612 715 dicto
1627 671 1720 714 tuo
1737 659 1986 728 audiens,

409 767 521 806 non
549 752 828 821 prolectus
857 767 1000 817 sum,
1034 753 1159 820 quia
1193 751 1356 806 modo
1390 751 1614 819 perfeci.
1647 750 1790 808 Tum
1817 752 1988 805 mira-

412 851 501 899 tus
526 850 613 898 est
647 857 809 900 senex
851 851 1165 901 accuratam
1200 841 1321 909 ejus
1353 840 1758 908 obedientiam;
1806 842 1990 912 aitque

418 933 533 987 illi:
573 932 753 987 Citius
786 931 936 986 solve
965 930 1257 999 jejunium,
1302 946 1409 1001 quo
1458 939 1514 986 et
1558 931 1793 989 uiliciqu
1835 939 1987 986 tuum

420 1024 644 1090 recites,
689 1031 744 1078 et
789 1037 988 1092 aquam
1031 1031 1178 1076 tuam
1225 1037 1441 1078 sumas:
1488 1024 1573 1078 siu
1618 1024 1803 1083 minus
1838 1024 1990 1080 brevi

415 1130 617 1186 corpus
647 1122 802 1169 tuum
838 1115 894 1168 in
927 1113 1298 1170 infirmitatem
1336 1115 1597 1172 incurret.

483 1207 576 1261 25.
619 1206 730 1276 (80)
773 1205 1034 1261 Pervenit
1079 1207 1372 1276 aliquando
1418 1208 1587 1263 abbas
1617 1207 1883 1264 Arsenius
1921 1207 1990 1263 ad

417 1297 706 1368 quemdam
751 1297 932 1351 locum
972 1295 1027 1349 in
1074 1311 1186 1364 quo
1223 1306 1383 1350 erant
1421 1296 1749 1363 arundines;
1798 1314 1919 1368 qua
1960 1314 1992 1353 a

417 1398 578 1444 vento
609 1397 767 1444 motae
811 1397 959 1444 sunt.
1005 1387 1069 1441 Et
1109 1388 1186 1442 ait
1211 1403 1375 1444 senex
1403 1387 1706 1445 fratribus:
1749 1390 1886 1456 Quis
1907 1398 1994 1446 est

419 1489 598 1539 motus
631 1480 751 1536 bic?
796 1479 1248 1551 Responderunt:
1287 1480 1596 1538 Arundines
1625 1491 1774 1539 sunt.
1809 1483 1996 1553 Itaque

417 1571 552 1628 dicit
581 1572 664 1630 eis
693 1588 896 1629 senex:
948 1571 1161 1627 Revera
1194 1572 1242 1627 si
1281 1573 1406 1643 quis
1433 1573 1639 1630 sederit
1665 1575 1866 1644 quiete,
1899 1589 1997 1629 au-

420 1661 688 1732 dierilque
713 1678 904 1717 vocem
943 1662 1190 1724 aviculae,
1227 1679 1336 1718 non
1362 1663 1585 1721 habebit
1625 1679 1724 1720 cor
1760 1666 1880 1736 ejus
1907 1681 1998 1721 re-

415 1754 602 1824 quiem
629 1752 914 1812 eamdem:
950 1763 1155 1825 quanto
1187 1755 1361 1827 magis
1395 1772 1515 1823 vos,
1549 1758 1742 1812 harum
1774 1758 1997 1815 arundi-

424 1859 553 1898 num
583 1843 932 1914 agitationem
969 1845 1294 1900 sentientes.

488 1933 581 1991 26.
616 1934 728 2006 (81)
763 1934 1052 1990 Referebat
1075 1935 1248 1991 abbas
1276 1933 1484 2000 Daniel,
1507 1935 1772 2006 quosdam
1797 1937 1995 1994 fratres

424 2022 705 2077 Thebaida
731 2031 950 2094 propter
977 2023 1124 2076 tilum
1143 2023 1344 2079 lineuni
1364 2034 1733 2096 perrecturus.
1753 2024 1992 2083 dixisse:

425 2115 538 2168 Per
571 2113 918 2168 occasionem
951 2113 1202 2168 abbatem
1231 2115 1522 2169 Arsenium
1548 2116 1873 2174 invisamus.
1893 2117 1999 2174 Ita»

420 2220 531 2277 quc
553 2204 834 2275 ingressus
855 2204 1027 2260 abbas
1052 2205 1380 2270 Alexander,
1401 2206 1540 2262 dixit
1570 2209 1688 2264 seni
1715 2225 1728 2261 :
1776 2206 1998 2266 Fratres

423 2315 492 2352 ex
521 2297 849 2353 Alexandria
875 2297 1171 2360 venientes,
1192 2296 1376 2354 videre
1400 2307 1450 2355 te
1470 2299 1718 2370 cupiunt.
1750 2297 2000 2378 Respon-

425 2393 504 2446 dit
533 2407 734 2448 senex:
764 2390 922 2448 Disce
942 2407 1008 2446 ex
1037 2391 1106 2446 iis
1129 2405 1235 2463 qua
1261 2392 1328 2447 de
1349 2406 1515 2448 causa
1536 2391 1875 2450 advenerint.
1907 2391 2002 2452 Ille

428 2482 520 2538 ubi
555 2483 932 2554 comperisset,
961 2482 1016 2537 in
1041 2474 1374 2542 Thebaidem
1400 2482 1494 2536 lini
1539 2498 1667 2553 ergo
1699 2482 1998 2554 proficisci,

423 2573 544 2630 seni
596 2571 947 2627 renuntiavit.
999 2571 1138 2625 Tum
1185 2571 1302 2627 hic:
1359 2569 1519 2624 Certe
1552 2569 1746 2625 faciem
1786 2571 2000 2627 Arsenii

421 2684 534 2723 non
563 2665 928 2738 conspicient,
964 2663 1227 2734 quoniam
1256 2661 1360 2716 mei
1403 2661 1578 2732 gratia
1609 2677 1718 2716 non
1757 2675 2003 2716 accesse-

424 2767 578 2824 runt,
609 2759 705 2815 sed
753 2757 825 2813 ob
853 2771 992 2827 opus
1020 2771 1202 2811 suum.
1257 2752 1485 2823 Suscipe
1511 2767 1606 2807 eos
1635 2767 1699 2806 ac
1730 2760 2004 2808 recreatos

424 2851 640 2907 dimitte
689 2848 744 2903 in
791 2862 957 2919 pace,
990 2846 1212 2902 dicens:
1283 2843 1462 2902 Senex
1507 2843 1666 2900 vobis
1715 2858 2007 2902 occurrere

425 2958 541 3000 non
567 2949 762 3012 potest.

496 3035 588 3090 27.
621 3033 736 3106 (82)
758 3033 970 3104 Aliquis
1009 3030 1242 3087 fratrum
1273 3030 1407 3088 abiit
1439 3031 1507 3086 ad
1555 3030 1750 3091 cellam
1793 3030 2007 3090 abbatis

429 3127 647 3184 Arsenii
672 3126 727 3183 in
765 3126 934 3191 Sceti,
984 3140 1049 3180 ac
1098 3140 1193 3196 per
1222 3124 1424 3180 ostium
1461 3123 1795 3188 attendebat,
1826 3121 2006 3179 videt-

430 3237 537 3292 que
559 3235 745 3276 senem
776 3220 954 3274 instar
981 3218 1123 3289 ignis
1154 3225 1326 3271 totum
1352 3234 1367 3284 ;
1399 3225 1516 3274 erat
1538 3224 1720 3276 autem
1755 3216 1803 3272 is
1835 3214 2005 3272 frater

430 3314 629 3385 dignus
667 3313 763 3384 qui
817 3313 1183 3380 conspiceret.
1223 3305 1400 3380 thue
1447 3309 1703 3378 pulsavit,
1750 3322 2004 3379 egressus

433 3414 519 3461 cst
549 3420 738 3470 senex,
759 3411 813 3458 et
842 3402 1193 3469 conspicatus
1213 3401 1434 3457 fratrem
1465 3402 1612 3457 velut
1632 3409 1856 3472 stupore
1879 3415 2006 3457 cor-

433 3503 670 3566 reptum,
718 3494 857 3550 dixit
890 3495 973 3550 ei:
1046 3495 1085 3547 Α
1121 3495 1363 3548 multane
1392 3501 1635 3564 tempore
1675 3493 1820 3549 fores
1881 3494 2004 3564 pui-

435 3588 566 3644 sas?
593 3586 734 3641 Num
763 3585 966 3658 aliquid
1011 3586 1099 3641 hic
1122 3602 1182 3642 es
1219 3586 1488 3641 intuitus?
1537 3583 1867 3658 Respondit:
1904 3585 2009 3643 Ne-

434 3692 731 3748 quaquam.
763 3677 901 3731 Tum
940 3677 1268 3737 collocutus.
1302 3677 1510 3732 dimisit
1532 3692 1678 3732 eum.

502 3787 596 3846 28.
636 3787 751 3860 (83)
793 3786 1040 3854 Quodam
1079 3795 1324 3857 tempore
1363 3786 1491 3840 dum
1534 3785 1802 3841 resideret
1841 3785 2009 3842 abbas

434 3880 702 3937 Arsenius
734 3881 789 3935 in
819 3879 1063 3950 Canopo,
1095 3879 1356 3934 senatorii
1403 3879 1617 3948 generis
1649 3878 1820 3949 virgo,
1859 3877 2010 3936 dives

434 3971 752 4035 admodum,
797 3986 859 4024 ac
891 3969 1058 4024 Deum
1092 3968 1313 4032 timens,
1357 3967 1506 4021 venit
1551 3982 1582 4020 a
1616 3965 1809 4032 Roma,
1837 3977 1893 4023 ut
1925 3967 2010 4020 vi-

436 4065 592 4120 deret
622 4077 786 4130 eum;
834 4071 1197 4130 susceptaque
1235 4066 1320 4114 est
1353 4074 1383 4113 a
1413 4057 1716 4130 Theophila
1743 4059 2013 4130 archiepi-

439 4169 644 4226 scopo;
669 4169 829 4224 quem
862 4153 1174 4224 rogavit,ut
1207 4153 1324 4206 seni
1358 4151 1707 4222 persuaderet
1730 4152 2015 4208 admittere

443 4247 614 4301 illam.
641 4245 706 4299 Et
735 4245 979 4308 veniens,
1005 4244 1255 4298 hortatus
1275 4253 1359 4298 est
1387 4259 1510 4297 eum
1531 4243 1615 4298 his
1644 4243 1826 4299 verbis
1851 4263 1864 4299 :
1899 4245 2013 4309 Illa,

444 4339 746 4404 senatoria,
795 4354 824 4391 e
863 4336 1034 4390 Roma
1077 4335 1320 4396 advenit,
1359 4337 1586 4407 vultque
1615 4337 1801 4392 videre
1837 4346 1908 4394 te.
1947 4341 2018 4392 At

439 4446 608 4487 senex
647 4445 754 4484 non
787 4427 1060 4497 acquievit
1092 4435 1152 4480 nt
1191 4427 1407 4482 mulieri
1441 4427 1658 4482 obviam
1703 4428 1824 4483 iret.
1880 4428 2016 4484 Cum

2085 572 2174 625 λία
2201 590 2318 638 σου,
2351 573 2506 626 ἐλθέ·
2565 573 2661 626 καὶ
2685 570 2870 643 τηρῶν
2900 569 2990 622 τὸν
3020 568 3178 638 λόγον
3213 585 3329 630 σου,
3358 569 3458 621 οὐκ
3489 563 3669 640 ἦλθον.

2085 665 2339 734 ὅτι-ἄρτι
2396 665 2709 736 ἐπλήρωσα.
2771 663 2880 716 Kal
2928 661 3238 734 ἐθαύμασεν
3273 664 3303 715 6
3342 660 3524 732 γέρων
3575 660 3670 730 τὴν

2086 755 2369 827 ἀκρίϐειαν
2397 756 2586 820 αὐτοῦ,
2629 755 2724 809 καὶ
2762 755 2913 822 λέγει
2945 753 3094 824 αύτῷ
3118 769 3131 785 ο
3173 753 3480 823 Ταχύτερον
3507 752 3670 805 κατά-

2087 846 2179 899 λυε
2202 848 2334 916 (84),
2387 846 2474 900 ἵνα
2498 847 2592 900 καὶ
2620 846 2718 917 τὴν
2761 844 2982 911 σύναξίν
3031 861 3122 897 σου
3154 843 3321 914 βάλῃς
3350 843 3416 906 ³ο,
3454 843 3549 895 καὶ
3578 841 3673 896 τοῦ

2089 935 2283 1000 ὕδατός
2330 953 2424 990 σου
2456 936 2770 1006 μεταλάσῃς
2791 952 2804 965 ·
2849 935 2898 986 εί
2943 933 3000 987 δὲ
3029 934 3194 1005 μήγε,
3226 933 3434 1004 ταχέως
3460 931 3573 1003 ἔχει
3615 929 3674 985 τὸ

2091 1027 2254 1098 σῶμά
2285 1045 2380 1081 σου
2407 1027 2724 1099 ἀσθενῆσαι.
3183 1029 3194 1044 ’

2163 1213 2258 1259 κε’.
2303 1175 2585 1275 Παρέὸαλέ
2641 1218 2772 1256 ποτε
2801 1203 2830 1255 6
2862 1201 3037 1265 ἀὸϐἄς
3074 1199 3349 1273 Ἀρσένιος
3381 1203 3461 1264 είς
3486 1201 3677 1266 τόπον,

2053 1318 2056 1322 λ
2091 1299 2187 1352 καὶ
2205 1293 2348 1368 ἦσαν
2375 1299 2492 1350 ἐκεῖ
2525 1295 2780 1365 κάλαμοι.
2813 1295 2907 1348 καὶ
2937 1293 3268 1365 ἐκινήθησαν
3299 1295 3404 1349 ὑπὸ
3427 1294 3522 1348 τοῦ
3554 1295 3674 1350 ἀνέ-

2095 1404 2218 1459 μου.
2281 1387 2392 1442 Kal
2432 1387 2578 1456 λέγει
2609 1389 2638 1440 6
2667 1386 2844 1457 γέρων
2890 1389 3004 1450 τοῖς
3051 1385 3331 1456 ἀδελφοῖς·
3372 1385 3439 1439 Τί
3474 1387 3680 1440 ἑστινό

2095 1478 2313 1550 σεισμὸς
2359 1472 2548 1542 οὖτοςς
2602 1480 2712 1532 Καὶ
2751 1477 3000 1546 λέγουσι·
3037 1477 3287 1548 Κάλαμοί
3335 1479 3463 1532 είσι.
3511 1478 3681 1547 Λέγει

2094 1566 2187 1623 οὖν
2222 1571 2404 1633 αὐτοῖς
2430 1571 2459 1623 6
2501 1569 2712 1641 γέρων·
2765 1569 2929 1622 (uiae:
2958 1570 3053 1622 ἐὰν
3085 1569 3320 1640 κάθηταί
3343 1586 3428 1633 τις
3454 1569 3514 1624 ἐν
3544 1570 3680 1638 ἠσυ-

2095 1662 2207 1733 χίᾳ,
2241 1661 2467 1716 ἀκούσει
2493 1661 2551 1713 δὲ
2583 1662 2767 1733 φωνὴν
2807 1660 3112 1734 στρουθίου,
3144 1661 3244 1714 οὐκ
3275 1660 3390 1730 ἔχει
3417 1662 3451 1732 ὴ
3478 1660 3681 1733 καρδία

2094 1754 2194 1826 τὴν
2225 1754 2394 1825 αὐτὴν
2420 1751 2650 1824 ἡσυχίαν
2670 1769 2685 1785 ’
2717 1753 2868 1824 πόσῳ
2925 1753 3126 1824 μᾶλλον
3160 1753 3318 1824 ὑμεῖς
3351 1751 3566 1823 ἔχοντες
3585 1752 3682 1806 τὸν

2025 1829 2071 1880 Β
2097 1848 2320 1920 σεισμὸν
2348 1845 2458 1900 τῶν
2481 1846 2742 1918 καλάμων
2763 1846 2970 1900 τούτων

2168 1949 2280 2006 κς’.
2307 1940 2533 2009 Ἔλεγεν
2561 1942 2589 1994 6
2609 1939 2785 2004 assa;
2811 1939 3032 2012 Δανιὴλ,
3054 1941 3136 1996 ὅτι
3156 1940 3298 2004 τινὲς
3316 1937 3534 2007 ἀδελφοὶ
3551 1937 3684 2009 μέλ-

2097 2031 2279 2092 λοντες
2316 2030 2545 2099 ὑπάγειν
2571 2031 2650 2094 είς
2671 2028 2909 2101 Θηῦαΐδα
2941 2028 3031 2084 διά
3059 2028 3296 2100 λινάρια,
3319 2029 3539 2097 λέγουσι
3559 2043 3572 2056 ·
3599 2026 3683 2080 Δι’

2099 2123 2353 2197 ἀφορμῆς
2388 2121 2585 2192 ἴδωμεν
2619 2122 2712 2176 καὶ
2753 2121 2845 2174 τὸν
2887 2119 3061 2174 ἀόὃᾶν
3096 2120 3392 2192 Ἀρσένιον.
3427 2119 3539 2177 Kal
3566 2120 3685 2171 εἰσ-

2100 2214 2260 2286 ῆλθεν
2296 2217 2326 2268 ὁ
2373 2213 2547 2278 άδϐᾶς
2604 2212 2966 2284 Ἀλέξανδρος,
3013 2212 3106 2266 καὶ
3151 2207 3272 2265 εἷπε
3316 2211 3393 2282 τῷ
3421 2211 3642 2281 γέροντι
3667 2227 3682 2240 ο
3721 2273 3724 2275 λ

2115 2306 2356 2377 Ἀδελφοὶ
2381 2305 2624 2370 ἐλθόντες
2651 2306 2759 2360 ἀπὸ
2781 2305 3189 2377 Ἀλεξανδρείας
3211 2304 3421 2358 θέλουσί
3446 2320 3503 2357 σε
3529 2303 3683 2357 ἰδεῖν.

2100 2399 2262 2468 Λέγει
2286 2399 2314 2451 6
2341 2399 2518 2472 γέρων
2536 2415 2548 2428 ·
2577 2396 2730 2452 meo:
2761 2397 2890 2469 παρ’
2917 2395 3095 2452 αὐτῶν
3120 2396 3184 2450 δι’
3211 2396 3279 2467 ἠν
3297 2395 3476 2452 αἰτίαν
3504 2411 3688 2466 παρα-

2102 2490 2380 2564 γεγόνασι.
2437 2491 2548 2543 Kal
2585 2488 2770 2559 μαθὼν
2811 2491 2894 2543 ὅτι
2936 2491 3016 2552 εἰς
3068 2487 3308 2560 Θηὸαἳδα
3344 2487 3431 2540 διά
3467 2485 3688 2558 λινάρια

2104 2580 2421 2647 ὑπάγουσιν,
2446 2579 2744 2650 ἀπήγγειλε
2769 2579 2850 2650 τῷ
2880 2579 3116 2650 γέροντι.
3154 2579 3314 2647 Λέγει
3347 2580 3441 2634 καὶ
3473 2578 3636 2643 αὐτός
3663 2595 3677 2608 ο

2103 2670 2268 2724 Φύσει
2295 2670 2357 2724 ού
2390 2669 2643 2739 βλέπουσι
2665 2670 2726 2724 τὸ
2750 2671 3040 2742 πρόσωπον
3066 2671 3364 2739 ’Δρσενίου,
3381 2671 3462 2724 ὅτι
3494 2669 3560 2724 δι’
3578 2669 3684 2740 ἐμὲ

2103 2763 2206 2815 οὐκ
2228 2757 2411 2832 ἦλθον,
2445 2760 2580 2815 ἀλλά
2606 2760 2695 2814 διὰ
2715 2760 2776 2816 τὸ
2806 2761 2965 2832 ἔργον
2989 2760 3187 2816 αὐτῶν.
3219 2762 3554 2816 Ἀνάπαυσον
3578 2762 3682 2817 αὑ-

2104 2852 2249 2916 τοὺς.
2272 2852 2365 2904 καὶ
2384 2850 2651 2905 ἀπόλυσον
2680 2852 2736 2904 ἐν
2765 2835 2978 2924 εἰρήνῃ,
3004 2849 3174 2906 εἰπὼν
3194 2851 3397 2915 αὐτοῖς,
3418 2850 3499 2904 ὅτι
3519 2849 3687 2919 Ὀγέ-

2106 2958 2217 3013 ρων
2246 2942 2306 2994 ού
2331 2939 2554 2995 δύναται
2579 2940 2913 3010 ἀπαντῆσαι.

2176 3033 2278 3097 κζ’.
2317 3033 2566 3102 ’Λδελφός
2592 3051 2676 3097 τις
2706 3032 2950 3104 ἀπῆλθεν
2975 3033 3055 3097 εἰς
3081 3032 3142 3088 τὸ
3185 3033 3393 3088 κελλίον
3421 3032 3515 3097 τοῦ
3543 3030 3692 3086 ἀὸσᾶ

2120 3125 2394 3198 ’Δρσενίου
2421 3128 2479 3180 ὲν
2518 3127 2734 3198 Σκήτει,
2764 3128 2857 3180 καὶ
2895 3127 3171 3201 προσέσχε
3210 3125 3298 3179 διὰ
3326 3124 3423 3194 τῆς
3453 3123 3688 3194 θυρίδος,

2111 3220 2203 3273 καὶ
2234 3219 2428 3290 θεωρεῖ
2457 3218 2546 3272 τὸν
2584 3217 2815 3289 γέροντα
2848 3219 2968 3289 ὅλον
2997 3219 3072 3281 ὼς
3100 3217 3211 3290 πῦρ
3230 3233 3244 3247 ·
3285 3212 3352 3287 ἦν
3389 3215 3445 3268 δὲ
3486 3214 3633 3280 ἄξιος
3661 3217 3690 3268 6

2111 3311 2336 3381 ἀδελφὸς
2360 3309 2454 3364 τοῦ
2472 3310 2628 3364 νίδεῖν.
2659 3310 2770 3366 Kal
2788 3310 2863 3378 ὡς
2888 3309 3166 3382 ἔκρουσεν,
3198 3306 3418 3378 ἐξῆλθεν
3443 3309 3471 3360 6
3487 3305 3688 3378 γέρων,

2113 3405 2204 3458 καὶ
2230 3405 2424 3476 θεωρεῖ
2457 3403 2547 3456 τὸν
2580 3402 2806 3474 ἀδελφὸν
2833 3403 2907 3468 ὡς
2939 3401 3232 3474 έκθαμὸον.
3262 3401 3372 3456 Kal
3406 3399 3551 3468 λέγει
3589 3397 3689 3451 αύ-

2111 3494 2190 3565 τῷ
2212 3510 2227 3523 ’
2255 3495 2441 3565 Ἔχεις
2478 3493 2676 3564 πολλὴν
2704 3492 2854 3566 ὥραν
2885 3492 3135 3565 κρούων;
3190 3493 3265 3563 μή
3297 3492 3350 3544 τί
3389 3507 3518 3543 ποτε
3552 3485 3692 3548 εἶδες

2113 3581 2251 3652 ὧδες
2307 3587 2418 3640 Kal
2458 3581 2619 3640 εἴπεο
2671 3585 2826 3656 Οὐχί.
2885 3586 2996 3640 Kal
3038 3583 3277 3654 λαλήσας
3299 3583 3340 3614 ⁸⁸
3386 3579 3545 3635 αὐτὸν
3588 3579 3693 3632 ἀπ-

2117 3678 2328 3735 έλυσεν.

2186 3799 2291 3864 κη’.
2332 3790 2655 3862 Καθημένου
2700 3806 2830 3844 ποτε
2869 3788 2964 3843 τοῦ
2994 3787 3139 3844 assa
3183 3782 3462 3858 ’Δρσενίου
3497 3786 3578 3848 είς
3600 3783 3693 3838 τὸν

2116 3884 2403 3949 Κάνωπον,
2443 3878 2572 3955 ἦλθε
2617 3882 2715 3953 μία
2768 3879 3105 3951 συγκλητικὴ
3155 3873 3433 3949 παρθένος
3463 3875 3694 3928 πλουσία

2121 3975 2320 4044 σφόδρα
2358 3975 2452 4027 καὶ
2494 3973 2804 4044 φοϐουμένη
2840 3970 2931 4025 τὸν
2965 3970 3119 4032 Θεὸν,
3171 3969 3277 4022 ἀπὸ
3316 3965 3531 4036 Ῥώμης
3568 3964 3695 4019 ίδεῐν

2119 4066 2312 4120 αὐτόν·
2349 4067 2442 4119 καὶ
2476 4065 2769 4131 ὑπεδέξατο
2801 4064 2971 4135 αὐτὴν
3005 4059 3259 4128 Θεόφιλος
3286 4059 3314 4110 6
3340 4056 3692 4132 ἀρχιεπίσκο-

2120 4175 2248 4221 ποςο
2285 4158 2380 4211 καὶ
2408 4156 2781 4230 παρεκάλεσεν
2815 4155 2998 4220 αὑτὸν,
3044 4155 3129 4207 ἵνα
3161 4151 3326 4223 πείσῃ
3348 4150 3439 4202 τὸν
3463 4148 3694 4219 γέροντα

2119 4248 2371 4314 δέξασθαι
2399 4248 2588 4319 αὑτήν.
2635 4247 2746 4301 Kal
2785 4245 2954 4300 ἐλθὼν
2990 4245 3126 4318 πρὸς
3154 4243 3314 4298 αὑτὸν
3354 4239 3694 4312 παρεκάλεσε

2121 4338 2293 4408 λέγων
2309 4357 2320 4368 ·
2351 4340 2415 4392 Ἠ
2430 4339 2623 4411 δεῖναή
2653 4337 2987 4408 συγκλητικὴ
3009 4332 3170 4407 ἢλθεν
3195 4334 3304 4389 άπὸ
3329 4332 3564 4403 Ῥώμης.
3601 4329 3695 4384 καὶ

2124 4430 2266 4502 θέλει
2300 4446 2358 4482 σε
2385 4429 2530 4483 ἰδεῖν.
2567 4428 2629 4485 '0
2659 4429 2716 4482 δὲ
2740 4429 2916 4501 γέρων
2945 4429 3006 4483 οὐ
3036 4426 3358 4492 κατεδέξατο
3386 4421 3696 4492 ἀπαντῆσαι

439 4536 575 4593 ergo
618 4520 812 4592 virgini
843 4519 1214 4574 renuntiatum
1248 4517 1463 4584 fuisset,
1509 4519 1676 4590 jussit
1717 4521 1890 4577 sterni
1928 4523 2004 4593 ju-

2119 4522 2278 4592 αὐτῇ.
2325 4519 2412 4582 Ὦς
2439 4514 2532 4572 οὖν
2565 4517 2835 4590 ἀνηγγέλη
2879 4517 3016 4587 αὐτῇ
3057 4515 3249 4578 ταῦτα,
3285 4513 3494 4567 κελεύει
3521 4527 3696 4583 στρω-

441 4621 651 4677 menta,
687 4609 830 4683 apud
856 4627 916 4667 se
943 4611 1164 4666 dicens:
1201 4611 1428 4666 Confido
1459 4611 1589 4679 Deo,
1620 4613 1766 4684 quod
1788 4629 2020 4686 conspev

441 4713 599 4759 etura
627 4707 728 4760 sim
761 4702 1088 4768 Arsenium;
1125 4717 1232 4758 non
1258 4704 1404 4758 enim
1431 4704 1498 4758 ad
1529 4705 1804 4762 hominem
1831 4707 2021 4764 viden-

442 4796 572 4852 dum
609 4810 729 4854 sum
757 4795 1038 4866 profecta;
1079 4793 1281 4865 quippe
1311 4810 1436 4850 cum
1474 4797 1722 4867 plurimis
1762 4795 1894 4854 viris
1932 4816 2021 4856 re-

446 4887 586 4943 ferta
609 4887 682 4942 sit
697 4895 885 4943 nostra
909 4887 1136 4955 civitas;
1156 4887 1253 4943 sed
1273 4886 1340 4942 ad
1359 4888 1679 4944 intuendum
1702 4891 2020 4960 prophetam

446 4978 552 5036 Iter
604 4978 843 5048 suscepi.
906 4977 1085 5048 thue
1141 4980 1383 5049 pervenit
1423 4981 1569 5034 circa
1603 4981 1796 5036 cellam
1852 4983 2020 5049 senis,

449 5068 797 5123 commodum
825 5069 905 5125 sic
929 5069 1038 5129 Deo
1073 5071 1397 5142 disponente
1435 5087 1600 5127 senex
1642 5079 1794 5128 extra
1833 5073 2025 5129 cellam

447 5158 679 5215 vacabat
704 5176 718 5214 :
746 5175 905 5230 quem
931 5159 1022 5214 illa
1045 5171 1332 5227 contuens,
1360 5161 1592 5239 procidit
1615 5163 1682 5218 ad
1705 5163 1865 5232 pedes
1887 5163 2028 5234 ejus.

452 5249 503 5304 ιε
532 5264 663 5304 vero
689 5250 869 5306 erexit
901 5249 1048 5304 illam
1081 5267 1206 5306 cum
1240 5253 1353 5319 ira;
1397 5253 1795 5324 intendensque
1826 5258 1881 5309 in
1909 5270 2029 5310 eam

527 5425 574 5455 ”
602 5423 689 5476 Al.
729 5423 964 5495 ἀπόσχῃ.

522 5578 640 5648 (80)
687 5577 790 5632 γει.
828 5579 978 5634 Patr.
1019 5596 1078 5642 II,
1104 5579 1152 5634 5.

527 5647 640 5720 (81)
688 5649 791 5720 Yit.
831 5651 980 5720 t’atr.
1013 5667 1094 5709 Ill,
1130 5650 1266 5716 illi;
1307 5668 1404 5718 vn,
1443 5669 1630 5720 xxxiv,
1668 5654 1704 5708 2

519 5718 641 5787 (δὲ)
691 5718 792 5772 Vit.
832 5719 983 5774 Patr.
1023 5736 1175 5787 xvm,
1211 5725 1259 5775 1.

551 5789 642 5859 85)
694 5787 795 5843 Vit.
828 5789 982 5845 Patr.
1023 5808 1099 5858 ιιι,
1130 5793 1232 5858 65;
1269 5809 1326 5862 n,
1362 5792 1411 5848 7.

2117 4613 2275 4684 θῆναι
2302 4613 2497 4682 κτήνη,
2523 4611 2757 4678 λέγουσα
2773 4625 2787 4640 ο
2833 4606 3082 4662 Πιστεύω
3103 4606 3182 4676 τῷ
3213 4604 3331 4676 Θεῷ
3367 4604 3490 4658 ἰδεῖν
3515 4601 3692 4657 αὐτόν.

2114 4707 2190 4760 Οὐ
2221 4705 2326 4778 γὰρ
2369 4703 2652 4776 ἄνθρωπον
2697 4696 2864 4774 ἦλθον
2899 4700 3062 4754 ἰδεῖν*
3116 4697 3225 4752 εἰσὶ
3275 4697 3384 4768 γάρ
3415 4695 3512 4749 καὶ
3543 4695 3601 4746 έν
3627 4696 3694 4765 τῇ

2119 4796 2273 4852 πόλει
2298 4797 2453 4868 ἡμῶν
2490 4794 2678 4849 πολλοὶ
2706 4792 2979 4865 ἄνθρωποι
2999 4809 3014 4824 ·
3057 4791 3194 4846 ἀλλά
3222 4791 3506 4863 προφήτην
3533 4782 3696 4858 ἦλθον

2121 4889 2271 4946 ἰδεῖν.
2300 4888 2410 4942 Kal
2438 4886 2514 4950 ὼς
2542 4885 2743 4956 ἔφθασε
2779 4885 2906 4956 περὶ
2942 4884 3042 4954 τὴν
3075 4883 3270 4938 κέλλαν
3296 4880 3392 4936 τοῦ
3425 4880 3694 4950 γέροντος,

2119 4980 2241 5035 κατ’
2292 4978 2605 5048 οἰκονομίαν
2641 4976 2777 5031 Θεοῦ
2826 4975 3153 5048 εὐκαίρησεν
3191 4975 3221 5028 6
3253 4973 3430 5045 γέρων
3459 4969 3564 5036 ἔξω
3599 4969 3697 5040 τῆς

2121 5070 2318 5142 κέλλης
2340 5086 2356 5102 ο
2405 5071 2499 5124 καὶ
2529 5067 2711 5123 ἰδοῦσα
2735 5067 2898 5121 αὐτὸν
2927 5065 3234 5138 προσέπεσε
3277 5066 3389 5127 τοῖς
3414 5061 3572 5116 ποσὶν
3599 5058 3696 5116 αύ-

2121 5161 2239 5216 τοῦ.
2284 5161 2343 5216 Ὀ
2364 5161 2421 5215 δὲ
2443 5149 2662 5234 ἤγειρεν
2691 5160 2860 5230 αὐτὴν
2886 5161 3002 5231 μετ’
3032 5157 3202 5230 ὀργῆς
3226 5157 3333 5228 (85)
3354 5173 3368 5189 ο
3408 5155 3504 5210 καὶ
3532 5169 3695 5225 προσ-

2125 5253 2287 5324 έσχεν
2315 5255 2452 5325 αὐτῇ
2491 5253 2666 5323 λέγων
2685 5271 2698 5287 σ
2730 5255 2792 5306 Ei
2815 5253 2876 5305 τὸ
2903 5251 3195 5323 πρόσωπόν
3224 5267 3325 5322 μου
3349 5247 3522 5313 θέλεις
3549 5246 3694 5311 ἰδεῖν,

1043 5425 1087 5455 ὀ
1119 5424 1204 5480 Al.
1239 5428 1398 5498 ποιῇς
1418 5427 1723 5499 ἀταράχως.
1785 5429 1826 5460 ⁸¹
1863 5429 1947 5484 Al.
1969 5429 2072 5486 ins.
2097 5428 2267 5501 αύτῷ.

2205 5583 2317 5654 (84)
2337 5581 2657 5654 -Χατὰνῑυεῃ
2671 5583 2943 5652 lnterpres
2959 5591 3137 5647 vetus,
3155 5582 3452 5653 disjungere
3485 5581 3534 5634 ..ιι
3552 5595 3696 5638 eum

2134 5652 2244 5707 tuo.
2270 5652 2488 5711 Inscite.
2517 5667 2580 5707 ac
2609 5652 2790 5708 alieno
2825 5654 2981 5722 plane
3024 5669 3210 5709 sensu.

2206 5724 2318 5793 (85)
2355 5724 2494 5777 Μετ’
2527 5722 2730 5792 ὀργῆς.
2774 5719 2906 5793 Ciam
2944 5723 3322 5793 indignatione,
3346 5722 3506 5793 vertit
3542 5719 3689 5776 Pela-

2135 5791 2255 5867 gius
2290 5811 2303 5849 :
2344 5810 2460 5848 cum
2487 5791 2846 5864 festinatione,
2877 5791 3137 5861 Rufinus,
3168 5792 3286 5866 μεθ’
3323 5791 3514 5866 ὁρμῆς.
