3878 6374
385 312 458 372 ‘39
1568 308 1913 368 APPENDIX
1946 311 2037 365 AD
2074 311 2297 368 PALLA
2309 309 2498 369 DIUM.

3554 302 3658 358 £00

389 424 579 490 solito,
615 425 797 482 visum
830 433 916 482 est
955 425 1149 482 cellam
1191 424 1521 496 relinquere.
1557 424 1636 481 Ac
1674 425 1811 481 nihil
1842 425 1968 481 inde

2079 428 2389 481 καταλιπεῖν
2416 425 2477 481 τὸ
2500 425 2743 480 κελλίον.
2766 423 2950 496 Μηδὲν
2973 422 3032 477 δὲ
3055 420 3116 486 ἐξ
3144 418 3310 474 αὑτοῦ
3332 417 3540 484 λαϐὼν,
3573 418 3660 472 οὔ·

396 532 706 584 assumens,
733 517 808 573 ita
841 519 1082 590 perrexit
1112 518 1178 572 ad
1210 535 1342 576 suos
1371 518 1673 590 discipulos
1704 518 1974 596 Pharaui-

395 620 482 665 tas
513 610 882 666 Alexandrum
925 619 979 667 et
1011 610 1245 668 Zoilum.
1280 611 1427 666 Dixit
1454 627 1584 683 ergo
1617 611 1923 667 Alexandro
1955 625 1973 668 ι.

401 703 595 776 Surge,
626 706 908 761 ascendito
943 721 1157 760 navem.
1207 705 1385 776 Atque
1426 705 1501 760 ita
1549 705 1693 761 fecit.
1728 705 1792 759 Et
1823 705 1974 760 Zoilo

398 801 474 850 ait
500 815 515 851 :
548 795 681 853 Veni
714 813 924 852 mecum
950 813 1122 868 usque
1152 798 1218 851 ad
1247 798 1468 860 ﬂumen,
1502 806 1554 852 et
1583 813 1764 867 quaere
1794 797 1974 851 navim

398 905 519 960 quae
539 889 920 944 Alexandriam
952 905 1036 944 me
1059 891 1240 952 vehat,
1268 891 1456 961 sicque
1481 890 1549 944 ad
1575 890 1794 946 fratrem
1819 897 1973 945 tuum

398 984 617 1049 naviga.
659 981 845 1037 Zoilus
874 997 1004 1036 vero
1037 983 1132 1036 tali
1164 998 1418 1038 sermone
1465 985 1848 1049 conturbatus,
1897 992 1976 1037 ta-

397 1076 532 1128 cuit.
577 1072 765 1144 quue
803 1073 965 1129 modo
992 1089 1021 1128 a
1053 1091 1112 1130 se
1144 1076 1377 1130 invicem
1410 1076 1669 1146 disjuncti
1700 1084 1848 1132 sunt.
1872 1075 1976 1132 De-

397 1166 613 1224 scendit
639 1167 805 1237 igitur
823 1182 988 1223 senex
1019 1167 1086 1222 ad
1119 1181 1301 1237 partes
1329 1169 1702 1233 Alexandriae;
1735 1185 1841 1237 quo
1870 1168 1975 1222 loci

396 1259 457 1314 in
489 1260 868 1314 vehementem
899 1259 1148 1315 morbum
1185 1260 1398 1315 incidit.
1431 1261 1502 1314 At
1535 1261 1707 1332 ipsius
1735 1261 1975 1317 ministri

405 1368 504 1408 seu
542 1353 798 1423 discipuli
828 1369 888 1409 se
919 1361 1108 1408 mutuo
1149 1362 1476 1424 rogaverunt
1502 1371 1517 1408 :
1551 1353 1690 1408 Num
1719 1356 1978 1410 alteruter

398 1456 650 1501 nosrrum
697 1460 880 1501 senem
938 1447 1313 1513 contristavit,
1362 1455 1416 1502 et
1455 1462 1575 1502 eam
1629 1447 1701 1501 ob
1757 1463 1975 1503 causam

399 1537 630 1593 secessit
658 1552 687 1590 a
720 1538 917 1592 nobis?
966 1536 1074 1593 Nec
1125 1539 1450 1593 invenerunt
1497 1539 1551 1592 in
1596 1556 1656 1595 se
1699 1540 1974 1610 quidpiam

397 1629 598 1699 culpae,
638 1637 733 1683 aut
773 1630 1178 1685 inobedientizc.
1219 1630 1390 1685 Porro
1440 1647 1605 1686 senex
1659 1640 1975 1701 recuperata

399 1721 657 1784 sanitate,
693 1722 876 1776 dixit:
912 1720 1118 1777 Vadam
1164 1722 1230 1776 ad
1285 1723 1476 1779 Patres
1523 1739 1691 1778 meos.
1733 1722 1887 1777 Hunc
1921 1725 1975 1776 in

2073 538 2181 585 τως
2218 519 2488 592 ἐπορεύθη
2511 519 2559 550 ⁸⁸
2590 517 2836 590 μαθητὰς
2872 517 3000 579 τοὺς
3045 512 3351 585 Φαρανίτας
3405 508 3655 576 Ἀλέξανο

2073 613 2197 686 δρον
2220 613 2314 667 καὶ
2343 611 2560 667 Ζὼῖλον.
2586 606 2754 664 Εἶπεν
2777 605 2871 662 οὖν
2892 608 2971 678 τῷ
2999 605 3352 676 Ἀλεξάνδρῳο
3389 599 3656 664 Ἀναστὰς

2074 709 2432 762 ἀνάπλευσον.
2485 705 2593 760 Kal
2643 704 2899 774 ἐποίησεν
2949 701 3141 764 οὕτως.
3186 699 3297 753 Kal
3338 697 3416 769 τῷ
3467 695 3657 765 Ζωΐλῳ

2075 795 2215 854 εἷπε
2249 800 2418 872 Δεῦρο
2445 801 2560 870 μετ’
2587 797 2722 870 ἐμοῦ
2747 798 2850 860 ἕως
2880 794 2975 848 τοῦ
3004 791 3274 864 ποταμοῦ,
3296 790 3391 844 καὶ
3418 786 3659 861 ζήτησόν

2079 911 2168 965 μοι
2201 893 2382 946 πλοῖον
2409 893 2500 946 ἐπὶ
2519 892 2618 962 τὴν
2665 889 3075 960 Ἀλεξάνδρειαν
3094 884 3422 950 καταπλέον,
3448 884 3545 936 καὶ
3565 880 3660 936 οὔ·

2075 1005 2182 1050 τως
2206 986 2542 1040 ἀνάπλευσον
2570 985 2663 1038 καὶ
2690 985 2754 1036 σὺ
2783 982 2918 1054 πρὸς
2953 981 3045 1035 τὸν
3081 978 3312 1048 ἀδελφόν
3343 994 3459 1032 σου.
3507 976 3566 1029 '0
3601 975 3660 1028 δὲ

2076 1078 2293 1142 Ζώῖλος,
2315 1079 2406 1131 ἐπὶ
2424 1077 2501 1148 τῷ
2521 1077 2665 1146 λόγῳ
2686 1074 2998 1147 ταραχθεὶς,
3030 1070 3326 1142 ἐσιώπησε.
3351 1068 3466 1123 Kal
3482 1067 3658 1131 οὕτως

2077 1169 2453 1242 ἐχωρίσθησαν
2481 1170 2572 1222 ἀπ’
2596 1166 2859 1237 ἀλλήλων.
2889 1163 3173 1234 Κατῆλθεν
3195 1157 3288 1214 οὖν
3311 1163 3339 1214 6
3361 1161 3540 1233 γέρων
3565 1159 3659 1212 ἐπὶ

2076 1263 2145 1316 τὰ
2187 1262 2327 1333 μέρη
2385 1259 2814 1332 Ἀλεξανδρείας,
2860 1258 2954 1310 καὶ
2999 1254 3295 1326 ἠσθένησεν
3343 1251 3659 1325 ἀρρωστίαν

2080 1355 2340 1427 μεγάλην.
2374 1355 2437 1407 Οἱ
2472 1354 2528 1407 δὲ
2561 1352 2750 1406 τούτου
2785 1349 3101 1421 διακονηταὶ
3139 1343 3292 1401 εἷπον
3325 1346 3460 1417 πρὸς
3493 1344 3660 1417 ἀλλή-

2076 1449 2221 1514 λους·
2249 1450 2339 1519 Μὴ
2373 1448 2480 1520 ἄρα
2499 1465 2582 1511 τις
2607 1445 2763 1519 ἡμῶν
2785 1445 3024 1516 ἐλύπησε
3050 1441 3142 1496 τὸν
3167 1442 3422 1514 γέροντα,
3451 1439 3547 1493 καὶ
3571 1438 3662 1492 διὰ

2077 1541 2235 1594 τοῦτο
2266 1539 2540 1613 ἐχωρίσθη
2571 1538 2664 1608 ἀφ’
2688 1537 2842 1609 ἡμῶν
2867 1550 2882 1603 ;
2914 1536 3024 1588 Kal
3051 1535 3150 1604 οὑχ
3176 1529 3332 1604 εὖρον
3359 1534 3417 1584 ὲν
3447 1531 3663 1589 ἑαυτοῖς

2077 1635 2252 1693 οὐδὲν,
2285 1633 2406 1687 οὔτε
2435 1635 2515 1686 ὅτι
2543 1634 2899 1703 παρήκουσαν
2925 1627 3089 1682 αὑτοῦ
3117 1643 3270 1680 ποτε.
3314 1622 3577 1692 ’Υγιάνας
3604 1620 3664 1673 δὲ

2078 1728 2106 1778 6
2135 1726 2310 1796 γέρων
2345 1722 2485 1778 εἷπε·
2519 1723 2864 1796 Πορεύσομαι
2888 1721 3024 1792 πρὸς
3044 1720 3170 1782 τοὺς
3191 1717 3358 1788 ἐμοὺς
3387 1713 3659 1783 Πατέρας.

399 1812 624 1867 modum
652 1813 1000 1883 renavigans,
1035 1815 1180 1868 venit
1212 1815 1276 1869 ad
1309 1815 1488 1868 locum
1517 1815 1607 1883 qui
1643 1813 1844 1868 dicitur
1875 1813 1973 1869 Pe-

2084 1783 2396 1879 Kal'oi'isw;
2429 1783 2780 1878 ἀναπλεύσας.
2814 1783 2978 1884 ἦλθεν
3010 1783 3104 1876 είς
3145 1783 3244 1878 τὴν
3277 1808 3490 1878 Πέτραν
3527 1805 3663 1857 ὅπου

401 1915 508 1970 tra,
543 1907 636 1962 ubi
671 1909 966 1963 manebant
1016 1909 1254 1964 ministri
1306 1909 1500 1979 ipsius.
1551 1907 1798 1978 Cumque
1831 1916 1977 1964 esset

395 2003 556 2072 juxla
583 2000 804 2068 ﬂumen,
827 2003 1023 2057 ancilla
1044 2004 1291 2073 quaedam
1320 2003 1660 2072 Ethiopissa
1682 2003 1972 2066 accedens,

401 2093 584 2162 tetigit
621 2091 796 2162 ipsius
819 2092 1074 2147 meloten.
1096 2090 1235 2145 Tum
1269 2107 1435 2147 senex
1469 2093 1770 2161 increpavit
1803 2092 1974 2147 illam.

401 2184 572 2257 Igitur
615 2185 809 2240 ancilla
848 2183 914 2239 ad
949 2201 1074 2240 eum
1106 2185 1246 2239 dixit
1286 2203 1298 2239 :
1336 2183 1392 2239 Si
1442 2185 1743 2239 monachus
1791 2200 1869 2248 es,
1922 2185 1975 2239 in

401 2286 643 2332 montem
674 2275 1042 2348 proﬁciscere.
1083 2275 1203 2342 Quo
1240 2291 1490 2331 sermone
1525 2291 1689 2330 senex
1734 2277 1786 2329 in
1819 2291 1973 2329 eom-

401 2369 757 2439 punctionem
791 2369 1083 2430 adductus,
1113 2368 1328 2422 dicebat
1361 2369 1502 2438 apud
1537 2384 1595 2422 se
1635 2387 1648 2422 :
1682 2368 1893 2430 Arseni,
1925 2369 1971 2423 si

398 2476 460 2515 es
493 2460 815 2524 monachus,
859 2463 911 2514 in
957 2470 1192 2516 montem
1224 2461 1594 2529 proﬁciscere.
1636 2463 1848 2515 Interea
1883 2476 1975 2514 oc-

399 2559 693 2608 currerunt
713 2553 763 2607 ei
788 2553 1098 2608 Alexander
1126 2563 1179 2607 et
1206 2552 1412 2607 Zoilus.
1445 2552 1691 2622 Cumque
1721 2553 1977 2622 procidis-

398 2654 523 2700 sent
560 2657 686 2700 ante
717 2644 880 2715 pedes
917 2644 1086 2708 illius,
1119 2659 1178 2697 se
1227 2645 1392 2698 etiam
1439 2645 1738 2713 prostravit
1775 2659 1974 2711 senex;

399 2752 464 2792 ac
494 2737 694 2790 ﬂebant
724 2753 787 2792 ex
816 2745 1044 2807 utraque
1075 2746 1247 2806 parte.
1286 2738 1374 2790 Ait
1406 2753 1571 2792 senex
1604 2757 1616 2791 :
1650 2736 1842 2793 Nonne
1874 2753 1974 2791 au-

399 2827 581 2883 diistis
606 2835 900 2896 aegrotasse
923 2826 1044 2880 me?
1071 2825 1496 2897 Responderunt
1527 2847 1539 2882 :
1564 2826 1641 2882 Ita
1671 2837 1771 2884 est.
1796 2831 1977 2885 Senex

399 2926 531 2972 tunc
556 2935 571 2972 :
600 2918 665 2971 Et
697 2933 797 2972 cur
830 2932 938 2971 non
973 2918 1200 2972 venistis
1230 2917 1297 2972 ad
1328 2918 1622 2973 videndum
1649 2922 1773 2976 me?
1795 2923 1977 2979 Abbas

2081 1905 2224 1980 ἦσαν
2256 1910 2306 1961 oi
2340 1907 2655 1979 διακονηταὶ
2697 1905 2887 1959 αὑτοῦ.
2935 1907 3127 1966 Ὄντος
3155 1901 3212 1954 δὲ
3242 1898 3405 1954 αὐτοῦ
3436 1896 3666 1966 πλησίον

2082 2002 2175 2055 τοῦ
2201 2000 2465 2072 ποταμοῦ.
2487 2000 2746 2071 παιδίσκη
2767 2015 2852 2062 τις
2874 1996 3200 2050 Αἰθιὸπισσα
3216 1991 3465 2048 ἐλθοῦσα,
3486 1987 3668 2057 ἥψατο

2083 2094 2180 2164 τῆς
2220 2094 2475 2165 μηλωτῆς
2513 2091 2699 2146 αὑτοῦ.
2748 2092 2806 2144 '0
2836 2090 2892 2144 δὲ
2922 2089 3098 2160 γέρων
3135 2085 3465 2156 ἐπετίμησεν
3502 2083 3664 2151 αὐτῇ.

2096 2186 2159 2238 Ἠ
2191 2182 2283 2239 οὖν
2313 2185 2573 2255 παιδίσκη
2599 2182 2749 2237 εἶπεν
2782 2180 2952 2252 αὐτῷ·
2981 2181 3045 2234 Εἰ
3075 2179 3304 2250 μοναχδς
3329 2172 3400 2240 εἷ,
3431 2174 3665 2246 πορεύου

2085 2277 2163 2339 είς
2205 2274 2266 2328 τὸ
2308 2275 2452 2346 ὅρος.
2505 2275 2562 2328 '0
2590 2273 2647 2326 δὲ
2677 2271 2855 2344 γέρων
2896 2270 2989 2324 ἐπὶ
3021 2267 3101 2339 τῷ
3136 2266 3280 2337 λόγῳ
3322 2261 3658 2328 κατανυγεὶς

2084 2367 2267 2436 ἔλεγεν
2294 2369 2350 2420 ὲν
2374 2365 2570 2436 ἐαυτῷ·
2609 2364 2876 2436 Ἀρσένιε,
2903 2365 2951 2416 εί
2980 2359 3209 2433 μοναχὸς
3233 2353 3300 2421 εἷ,
3329 2354 3561 2427 πορεύου
3585 2353 3665 2414 είς

2083 2461 2141 2514 τὸ
2170 2461 2316 2532 ὅρος.
2347 2461 2457 2513 Kal.
2493 2460 2588 2512 ἐπὶ
2624 2456 2799 2527 τούτῳ
2830 2456 3151 2525 ἀπήντησαν
3185 2449 3335 2520 αύτῷ
3367 2451 3394 2502 ὅ
3416 2465 3476 2500 τε
3517 2445 3668 2499 Ἀλέο

2086 2553 2308 2624 ξανδρος
2334 2554 2428 2606 καὶ
2457 2550 2676 2613 Ζὼῖλοςο
2705 2550 2799 2602 καὶ
2829 2545 3202 2600 ἐπιπεσόντων
3227 2538 3408 2596 αὐτῶν
3428 2539 3541 2600 τοῖς
3566 2552 3667 2588 πο-

2085 2643 2170 2696 σὶν
2203 2640 2391 2704 αὑτοῦ,
2416 2639 2637 2711 ἔρριψεν
2661 2637 2854 2693 ἑαυτὸν
2875 2637 2970 2690 καὶ
2993 2637 3023 2687 6
3047 2633 3248 2705 γέρων·
3272 2631 3366 2685 καὶ
3393 2628 3666 2681 ἔκλαυσαν

2084 2732 2404 2804 ἀμφότεροι.
2431 2725 2567 2783 Εἶπε
2597 2729 2654 2782 δὲ
2685 2731 2712 2782 6
2737 2729 2934 2799 γέρων·
2964 2725 3077 2780 Οὐκ
3101 2723 3372 2793 ἠκούσατε
3399 2721 3482 2774 ὅτι
3514 2717 3670 2788 ἠσθέ-

2083 2839 2254 2895 νησα;
2280 2821 2389 2874 Kal
2419 2815 2574 2890 εἷπον
2600 2817 2768 2890 αὐτῷ·
2803 2817 2928 2870 Ναί.
2962 2818 3072 2870 Kal
3097 2813 3246 2882 λέγει
3272 2814 3299 2865 6
3327 2810 3524 2881 γέρων·
3556 2808 3668 2861 Kal

2082 2911 2223 2966 διατί
2239 2911 2338 2965 οὐκ
2364 2910 2553 2982 ἤλθετε
2588 2910 2714 2964 ἰδεῖν
2735 2925 2836 2980 μες
2867 2908 2978 2961 Kal
3003 2905 3152 2973 λέγει
3178 2905 3206 2956 6
3231 2897 3673 2964 ἀϐϐᾶςἊλέξαν-

396 3009 710 3064 Alexander
736 3009 904 3063 dixit:
937 3008 1221 3080 Separatio
1246 3019 1335 3064 tua
1360 3025 1389 3063 a
1416 3011 1573 3067 nobis
1632 3029 1973 3085 nequaquam

2079 3007 2206 3078 δρος
2242 3007 2325 3059 ὅτι
2357 3005 2415 3057 '0
2435 3002 2711 3076 χωρισμός
2729 3019 2820 3054 σου
2839 2999 2931 3070 ἀφ’
2945 2997 3101 3070 ἡμῶν
3122 2997 3184 3050 ού
3205 2995 3397 3065 γέγονε
3420 2990 3665 3085 πιθανὸς.

397 3100 503 3154 fuit
533 3108 779 3168 accepta,
804 3100 916 3154 imo
938 3102 1124 3154 multis
1151 3101 1357 3165 nocuit,
1381 3103 1475 3172 qui
1501 3104 1574 3158 ita
1596 3104 1978 3164 disserebant:

396 3189 515 3246 Nisi
545 3190 920 3246 inobedientes
945 3191 1291 3248 exstitissent
1321 3195 1462 3262 seni,
1498 3212 1607 3251 non
1643 3199 1710 3252 ab
1743 3199 1854 3254 illis
1894 3215 1982 3256 se-

397 3281 680 3336 cessisset.
717 3279 856 3334 Dicit
885 3281 964 3334 eis
1005 3300 1017 3335 :
1071 3279 1286 3338 Rursus
1342 3284 1526 3355 itaque
1572 3291 1980 3357 pronuntiaturi

397 3380 527 3427 sunt
557 3371 843 3427 homines:
886 3370 1003 3426 Non
1044 3375 1249 3428 invenit
1277 3377 1527 3432 columba
1563 3382 1802 3450 requiem
1839 3383 1983 3453 pedi-

395 3462 504 3518 bus
528 3463 669 3527 suis,
703 3470 760 3518 et
789 3479 1008 3520 reversa
1043 3473 1127 3520 est
1156 3465 1225 3520 ad
1258 3464 1373 3522 Noe
1405 3467 1466 3522 in
1498 3484 1682 3525 arcam
1705 3472 1772 3526 ³³.
1803 3474 1982 3544 Atque

395 3556 504 3610 hoc
533 3563 694 3626 pacto
717 3557 993 3612 conciliati
1028 3569 1190 3626 sunt;
1218 3561 1528 3632 mansitque
1551 3577 1675 3617 cum
1702 3565 1782 3620 eis
1806 3582 1981 3637 usque

397 3648 468 3704 ad
502 3656 729 3702 mortem
761 3665 941 3704 suam.
1330 3688 1332 3690 τ

472 3743 562 3797 53.
579 3741 717 3812 (95’)
741 3741 885 3796 Dixit
903 3743 1068 3798 alnias
1091 3742 1276 3799 Daniel
1296 3763 1310 3799 :
1329 3745 1497 3802 Nobis
1522 3748 1688 3803 abbas
1713 3750 1978 3807 Arsenius

394 3835 551 3890 velut
580 3835 648 3892 de
673 3833 785 3889 alio
817 3837 1092 3901 narravit;
1130 3835 1269 3892 forte
1295 3847 1475 3894 autem
1506 3841 1620 3912 ipse
1650 3850 1801 3906 erat;
1833 3843 1978 3912 quod

397 3927 465 3982 ad
499 3943 686 3982 senem
727 3929 1024 3998 quemdam
1065 3930 1118 3983 in
1159 3945 1258 3984 sua
1285 3931 1420 3986 cella
1451 3934 1726 3988 sedentem
1756 3934 1977 4005 delapsa

400 4019 566 4072 fuerit
610 4019 926 4088 hujusmodi
969 4021 1299 4089 vox:Veni,
1342 4026 1627 4080 ostendam
1666 4027 1761 4080 tibi
1811 4042 1976 4098 opera

399 4107 712 4162 hominum.
748 4109 823 4164 Ac
858 4126 1091 4182 surgens
1117 4128 1378 4184 egressus
1409 4125 1522 4184 est;
1554 4117 1818 4189 duxitque
1851 4134 1975 4174 eum

398 4198 452 4252 in
478 4199 662 4254 locum
688 4202 1001 4271 quemdam,
1026 4215 1079 4259 et
1106 4206 1346 4262 ostendit
1371 4207 1683 4280 ZEthiopem
1711 4211 1854 4281 ligna
1877 4226 1978 4266 cae-

399 4291 640 4355 dentem.
669 4308 732 4348 ex
764 4295 969 4364 quibus
1001 4297 1326 4353 conficiebat
1367 4299 1625 4370 grandem
1661 4301 1968 4368 sarcinam;

2095 3101 2188 3152 καὶ
2207 3097 2390 3152 πολλοὶ
2408 3097 2508 3150 ούκ
2526 3091 3192 3166 ὠφελήθησαν,λέγοντες.
3205 3089 3287 3143 ὃτι
3314 3088 3374 3140 Ei
3399 3084 3474 3156 μὴ
3519 3099 3674 3153 παρα

2087 3193 2326 3265 ήκουσαν
2339 3190 2432 3243 τοῦ
2449 3189 2511 3258 γέ
2518 3187 2824 3260 ροντος,ούκ
2839 3185 2903 3239 ἂν
2920 3181 3190 3255 ἐχωρίσθη
3207 3178 3268 3246 ἐξ
3283 3179 3478 3235 αὐτῶν.
3502 3175 3664 3243 Λέγει

2087 3285 2290 3346 αὐτοῖς·
2312 3281 2483 3338 Πάλιν
2503 3277 2597 3334 οὖν
2615 3279 2867 3350 μέλλουσι
2881 3276 3059 3344 λέγειν
3073 3275 3125 3328 οἱ
3144 3272 3240 3327 avo
3249 3287 3440 3344 ρωποι,
3454 3269 3536 3322 ὅτι
3551 3267 3669 3336 Οὐχ

2088 3370 2248 3448 εὗρεν
2282 3378 2316 3446 η
2358 3373 2656 3446 περιστερὰ
2692 3371 2997 3424 ἀνάπαυσιν
3029 3371 3141 3430 τοῖς
3170 3366 3326 3419 ποσὶν
3354 3364 3542 3434 αὐτῆς,
3572 3363 3669 3416 καὶ

2088 3467 2388 3540 ἀνέστρεψε
2413 3467 2550 3538 πρὸς
2580 3465 2671 3518 τὸν
2697 3463 2842 3526 Νῶε,
2866 3463 2946 3525 είς
2965 3459 3064 3532 τὴν
3086 3459 3339 3514 κιϐωτόν.
3361 3457 3471 3510 Kal
3492 3455 3670 3519 οὕτως

2087 3557 2556 3630 ὲθεραπεύθησανυ
2589 3555 2685 3610 καὶ
2715 3555 2898 3626 ἔμεινε
2928 3552 3047 3625 μετ’
3071 3550 3250 3606 αὐτῶν
3271 3551 3317 3582 ³⁵
3335 3550 3439 3614 ἕως
3462 3550 3561 3620 τῆς
3580 3565 3669 3602 τε·

2085 3651 2276 3723 λευτῆς
2311 3649 2497 3705 αὑτοῦ.

2155 3745 2255 3814 λγ’.
2304 3741 2470 3798 Εἶπεν
2498 3745 2526 3796 ό
2554 3741 2729 3806 ἀϐϐἄς
2757 3739 2975 3810 Δανιὴλ,
3023 3739 3106 3792 ὃτι
3139 3737 3445 3808 Διηγὴσατο
3475 3737 3611 3806 ἡμῖν
3637 3735 3668 3787 6

2084 3839 2260 3902 esse;
2301 3838 2573 3910 Ἀρσένιος
2600 3836 2676 3900 ὠς
2707 3835 2837 3906 περὶ
2866 3833 3024 3887 ἄλλου
3051 3831 3215 3894 τινός·
3252 3831 3390 3900 τάχα
3415 3829 3472 3883 δὲ
3505 3828 3669 3892 αὐτὸς

2082 3929 2171 4004 ἦν·
2203 3933 2284 3986 ὅτι
2317 3930 2629 4001 καθημένου
2659 3928 2804 3990 τινὸς
2835 3926 3091 3998 γέροντος
3119 3925 3199 3986 είς
3230 3922 3298 3980 τὸ,
3323 3920 3533 3976 κελλίον
3561 3921 3665 3973 αὺ-

2083 4027 2199 4092 τοῦ,
2222 4023 2385 4098 ἦλθεν
2411 4024 2558 4095 αύτῷ
2588 4023 2740 4096 φωνὴ
2767 4023 3020 4091 λέγουσα*
3045 4019 3234 4091 Δεῦρο,
3268 4019 3364 4071 καὶ
3393 4015 3551 4082 δείξω
3581 4033 3667 4069 σοι

2081 4119 2150 4173 τὰ
2183 4119 2318 4189 ἔργα
2361 4117 2468 4170 τῶν
2515 4114 2838 4188 ἀνθρώπων.
2872 4114 2986 4168 Kal
3029 4110 3266 4174 ἀναστὰς
3312 4107 3522 4179 ἐξῆλθε*
3567 4107 3667 4160 καὶ

2082 4211 2392 4282 ἀπήνεγκεν
2421 4209 2583 4262 αὑτὸν
2612 4209 2691 4271 είς
2715 4207 2879 4260 τόπον
2905 4205 3048 4269 τινὰ,
3085 4205 3182 4259 καὶ
3211 4202 3408 4269 ἔδειξεν
3429 4201 3665 4255 Αἰθίοπα

2081 4303 2350 4356 κόπτοντα
2390 4301 2543 4368 ξύλα,
2578 4301 2674 4354 καὶ
2707 4300 3007 4370 ποιήσαντα
3048 4298 3268 4368 φορτίον
3308 4295 3470 4368 μέγα’
3507 4294 3664 4347 ἐπει-

395 4383 702 4438 conabatuur
732 4393 913 4440 autem
941 4387 1087 4443 illam
1122 4398 1359 4459 portare,
1391 4407 1492 4447 nec
1512 4391 1759 4459 valebat;
1789 4401 1843 4448 et
1871 4409 1970 4464 pro

2079 4399 2206 4468 ρᾶτο
2230 4396 2287 4449 δὲ
2312 4395 2443 4449 αὐτὸ
2463 4393 2755 4465 βαστάσαι,
2781 4393 2878 4445 καὶ
2905 4391 3006 4445 οὐκ
3034 4390 3286 4460 ὴδύνατο·
3309 4389 3406 4443 καὶ
3426 4388 3547 4441 ἀντὶ
3564 4385 3662 4440 τοῦ

395 4486 463 4525 eo
495 4479 552 4525 ut
579 4472 710 4529 inde
736 4476 986 4531 nonnihil
1005 4478 1460 4544 tolleret,iterum
1489 4481 1762 4536 incidebat
1794 4482 1960 4554 ligna,

395 4573 559 4635 atque
588 4567 881 4636 adjiciebat
909 4569 978 4625 ad
1007 4573 1302 4628 sarcinam.
1343 4572 1400 4627 ld
1441 4589 1606 4644 porro
1638 4575 1847 4630 diutius
1881 4575 1965 4630 fa-

392 4655 595 4710 ciebat.
630 4655 692 4709 Et
720 4660 1000 4728 paululum
1034 4677 1380 4732 progressus,
1416 4663 1612 4719 iterum
1647 4667 1884 4722 ostendit
1915 4669 1966 4724 ei

393 4743 667 4801 hominem
693 4750 787 4818 qui
815 4751 992 4805 stabat
1024 4752 1088 4804 ad
1120 4754 1319 4816 lacum,
1351 4753 1744 4825 bauriebatque
1768 4770 1965 4826 aquam

391 4851 460 4892 ex
485 4838 600 4901 illo,
626 4854 690 4894 ac
720 4841 1086 4899 transferebat
1115 4844 1171 4898 in
1202 4853 1483 4916 pertusum
1507 4860 1624 4911 vas,
1651 4846 1795 4916 quod
1814 4862 1964 4903 eam-

391 4927 514 4981 dem
547 4945 744 5000 aquam
784 4934 838 4987 in
879 4935 1057 4989 lacum
1103 4937 1447 4993 refundebat.
1479 4937 1672 4995 Postea
1706 4940 1845 4996 dixit
1869 4943 1918 4996 ei
1951 4962 1964 4998 :

389 5015 550 5079 Veni,
583 5021 868 5076 ostendam
901 5025 997 5079 tibi
1029 5026 1201 5081 aliud.
1232 5027 1370 5082 Tum
1410 5029 1546 5084 vidit
1584 5031 1869 5101 templum,
1902 5047 1967 5086 ac

387 5107 527 5163 duos
559 5111 708 5166 viros
738 5112 991 5170 sedentes
1033 5117 1087 5171 in
1125 5119 1306 5189 equis,
1338 5127 1392 5176 et
1434 5129 1717 5191 portantes
1757 5124 1964 5194 lignum

388 5201 626 5263 oblique,
679 5203 825 5258 hunc
872 5215 1062 5260 contra
1111 5208 1300 5277 illum;
1347 5213 1604 5268 volebant
1649 5223 1830 5270 autem
1873 5231 1968 5283 per

383 5289 604 5356 januam
664 5295 897 5364 ingredi,
940 5313 1118 5368 neque
1166 5310 1439 5371 poterant,
1487 5314 1773 5376 propterea
1816 5305 1963 5376 quod

385 5383 590 5452 lignum
617 5394 993 5444 transversum
1024 5401 1191 5448 esset.
1226 5393 1336 5451 Nec
1368 5412 1428 5452 se
1452 5397 1672 5454 demisit
1701 5391 1963 5454 alteruter

454 5540 497 5570 ³³
531 5540 665 5595 Gen.
695 5559 812 5612 vin,
844 5545 898 5600 9.

382 5607 638 5680 πλαγίως.

451 5731 586 5800 (93')
631 5727 734 5783 Vil.
773 5728 931 5788 Patr.
969 5749 1125 5802 xrm,
1150 5734 1184 5787 2

998 5547 1044 5580 ³⁵
1077 5548 1162 5607 Al.
1191 5551 1359 5610 inser.
1386 5555 1524 5626 πρὸς
1559 5557 1683 5621 τοὺς
1729 5556 1946 5611 ἑαυτοῦ.

2047 5559 2090 5592 ³⁸
2120 5558 2206 5614 Al.
2243 5558 2465 5630 ἔμειναν
2499 5541 2618 5631 μετ’
2652 5561 2840 5616 αὑτοῦ.

2064 4484 2196 4560 ἆραι
2233 4487 2292 4555 ἐξ
2320 4486 2507 4551 αὐτοῦ,
2541 4485 2703 4539 πάλιν
2726 4483 2771 4516 ⁸⁸
2806 4483 3006 4537 ἔκοπτε
3037 4481 3192 4548 ξύλα.
3225 4482 3319 4536 καὶ
3349 4477 3664 4552 προσετίθει

2063 4577 2140 4650 τῷ
2185 4579 2408 4649 φορτίῳ.
2443 4575 2613 4630 Τοῦτο
2660 4574 2717 4629 δὲ
2761 4576 2855 4629 ἐπὶ
2887 4576 3024 4629 πολὺ
3056 4575 3248 4628 ἐποίει.
3293 4574 3404 4629 Kal
3447 4571 3662 4644 προϐάς

2062 4670 2241 4738 ὀλίγον
2276 4669 2436 4724 πάλιν
2485 4668 2682 4734 ἔδειξεν
2728 4667 2877 4740 αὐτῷ
2909 4667 3197 4739 ἄνθρωπον
3238 4667 3526 4738 ἱστάμενον
3565 4669 3661 4720 ἐπὶ

2063 4763 2291 4828 λάκκου,
2321 4763 2414 4816 καὶ
2447 4761 2746 4816 άντλοῦντα
2780 4761 2926 4834 ὕδωρ
2955 4761 3014 4828 ἐξ
3046 4761 3237 4824 αὐτοῦ,
3260 4762 3354 4815 καὶ
3385 4759 3658 4832 μεταϐάλ-

2065 4854 2225 4908 λοντα
2252 4856 2332 4919 είς
2361 4854 2663 4927 δεξαμενὴν
2684 4856 3096 4928 τετρημμένην,
3124 4855 3220 4909 καὶ
3257 4855 3319 4908 τὸ
3342 4854 3476 4909 αὐτὸ
3509 4854 3658 4927 ὕδωρ

2066 4947 2362 5016 ὲκχέουσαν
2400 4949 2480 5011 είς
2525 4948 2616 5002 τὸν
2662 4949 2882 5003 λάκκον.
2935 4949 3044 5001 Kal
3085 4947 3234 5016 λέγει
3267 4946 3415 5018 αὐτῷ
3469 4947 3652 5001 πάλιν·

2064 5036 2254 5108 Δεῦρο,
2287 5037 2443 5103 δείξω
2479 5056 2560 5092 σοι
2589 5038 2736 5094 ἄλλο.
2761 5039 2870 5092 Kal
2913 5039 3108 5110 θεωρεῖ
3135 5040 3298 5110 ἱερὸν,
3325 5040 3419 5092 καὶ
3445 5038 3538 5092 δύο
3562 5039 3656 5092 άν-

2065 5125 2196 5198 δρας
2229 5128 2567 5200 καθημένους
2591 5131 2800 5192 ἵπποις,
2822 5131 2917 5183 καὶ
2934 5129 3302 5200 βαστάζοντας
3333 5130 3488 5198 ξύλον
3514 5130 3657 5184 πλα-

2072 5217 2223 5286 γίως,
2248 5219 2342 5272 ’ἐνα
2367 5221 2653 5274 κατέναντι
2678 5221 2772 5275 τοῦ
2803 5221 2939 5283 ἑνός’
2964 5221 3152 5294 ἤθελον
3175 5223 3232 5275 δὲ
3253 5223 3340 5277 διὰ
3359 5223 3460 5293 τῆς
3481 5221 3658 5293 πύλης

2071 5309 2354 5376 εἰσελθεῖν,
2402 5314 2496 5366 καὶ
2541 5316 2641 5367 ούκ
2683 5314 2965 5384 ἠδύναντο,
3016 5315 3103 5367 διὰ
3142 5315 3203 5367 τὸ
3232 5310 3374 5370 εἶναι
3403 5316 3465 5368 τὸ
3498 5315 3656 5382 ξύλον

2070 5399 2300 5468 πλάγιον
2321 5403 2384 5458 ³⁷.
2405 5403 2518 5456 Ούκ
2543 5403 2875 5457 ἐταπείνωσε
2898 5404 2953 5458 δὲ
2973 5406 3001 5458 6
3029 5399 3108 5469 εἷς
3140 5405 3328 5459 ἑαυτὸν
3357 5405 3530 5458 ὀπίσω
3560 5405 3657 5461 τοῦ

2934 5562 2979 5595 ιε
3008 5563 3098 5618 Al.
3133 5561 3406 5618 ἀπελθών.
3449 5545 3524 5595 ἰτ
3562 5565 3651 5620 Al.
