3878 6308
195 319 299 376 165
1330 323 1944 383 APOPHTHEGMATA
1983 327 2288 386 PATRUM.
3354 341 3452 400 l06

195 433 535 503 καταστῆσαι
561 433 746 496 αὑτὸν,
771 434 852 486 ὅτι
881 433 1100 504 μακράν
1125 429 1194 504 ἦν
1217 436 1249 504 ή
1272 437 1435 492 κέλλα
1456 439 1641 532 αξτοῦ.
1667 441 1761 494 Ka'

1881 453 2038 505 trem,
2073 439 2164 512 qui
2205 458 2328 497 eum
2361 443 2600 512 sisteret,
2636 447 2896 516 quoniam
2927 450 3120 518 procul
3155 459 3276 506 erat
3312 459 3449 511 cella

191 526 530 594 κρούσαντες
556 525 655 595 τὴν
684 525 854 596 θύραν
874 525 1144 596 εἰσῆλθον,
1172 530 1265 580 καὶ
1286 525 1664 602 ἀσπασάμενοι
1686 535 1761 585 τὸη

1882 534 2074 603 ipsius.
2111 535 2357 603 Cumque
2382 537 2583 590 ostium
2617 538 2950 607 pulsassent,
2995 540 3292 596 intrarunt.
3343 546 3454 599 Sa-

188 624 421 689 γέροντα
458 618 721 670 ἐκάθισαν
756 617 1088 682 σιωπῶντες.
1126 616 1292 673 Εἶπεν
1316 619 1408 677 οὖν
1440 625 1469 676 6
1499 624 1722 693 ἁδελφὸς
1750 633 1761 678 ε

1880 627 2158 696 lutatoque
2188 641 2318 681 sene
2351 628 2613 682 sederunt
2645 630 2822 683 taciti.
2865 629 3012 684 Dixit
3056 633 3146 687 ille
3189 633 3451 691 Ecclesiae

187 710 284 778 τῆς
327 709 680 778 Ἐκκλησίας’
719 708 860 776 Ἐγὼ
887 709 1100 776 ὑπάγω,
1120 710 1346 776 εὔξασθε
1375 715 1514 786 ὑπὲρ
1539 715 1693 785 ἐμοῦ.
1719 717 1761 768 'C

1878 720 2047 773 frater
2073 737 2085 772 :
2123 717 2233 788 Ego
2263 720 2419 782 abeo,
2455 730 2609 774 orate
2640 737 2738 792 pro
2767 738 2871 777 me.
2906 723 3098 778 Frater
3131 741 3262 782 vero
3292 744 3448 797 pere-

187 801 242 854 δέ
272 800 511 868 ἁδελφὸς
542 801 571 851 6
610 799 778 863 ξένος,
826 801 900 871 μὴ
935 801 1112 872 εὑρὼν
1145 805 1460 874 παρρησίαν
1503 806 1639 877 πρὸς
1683 809 1761 860 τὸι

1875 812 2090 880 grinus,
2126 818 2272 880 quod
2321 827 2448 879 erga
2495 828 2678 868 senem
2725 815 2977 870 fiduciam
3036 818 3290 887 loquendi
3323 834 3448 874 -non

189 891 443 960 γέροντα,
473 888 595 944 εἶπε
618 892 696 961 τῷ
718 893 952 963 ἀδελφῷυ
985 896 1260 966 Ἔρχομαι
1300 897 1453 966 κάγὼ
1488 902 1625 967 μετά
1657 900 1772 953 σοῦ.

192 985 297 1035 Καὶ
340 983 572 1053 ἐῇλθον
611 983 770 1053 ὁμοῦ.
810 985 1189 1055 [Ιαρεκάλεσεν
1232 984 1323 1041 οὖν
1356 990 1535 1053 αὑτὸν,
1579 990 1770 1059 λέγων’

186 1082 333 1127 trabs
371 1092 441 1143 με
473 1076 569 1127 καὶ
600 1075 739 1145 πρὸς
769 1076 862 1128 τὸν
881 1077 1054 1130 ἀσϐἄν
1071 1079 1274 1150 Μωσῆν
1293 1081 1382 1133 τὸν
1405 1082 1514 1134 ἀπὸ
1539 1082 1771 1155 λῃστῶν.

187 1167 297 1219 Καὶ
318 1167 591 1220 ἐλθόντων
613 1167 794 1221 αὐτῶν
815 1169 950 1240 πρὸς
971 1170 1153 1236 αὐτὸν,
1174 1171 1391 1236 ἐδέξατο
1415 1175 1610 1238 αὐτοὺς
1635 1176 1772 1246 μετὰ

186 1266 382 1336 χαρᾶς,
419 1265 516 1318 καὶ
544 1265 950 1336 φιλοφρονήσας
969 1267 1014 1299 ³⁸
1049 1268 1245 1332 αὐτοὺς
1269 1268 1524 1324 ἀπέλυσε.
1553 1271 1661 1324 Καὶ
1681 1272 1766 1324 λέ-

184 1372 269 1422 γει
303 1355 458 1426 αὐτῷ
482 1358 510 1409 6
541 1355 769 1424 ἀδελφὸς
790 1359 819 1410 6
843 1357 1082 1427 ἐνεγκὼν
1109 1360 1295 1412 αὐτόν’
1339 1362 1470 1415 Ἰδοὺ
1491 1363 1770 1432 ἀπένεγκά

188 1462 243 1498 σε
285 1445 427 1516 πρὸς
459 1446 554 1500 τὸν
588 1445 796 1511 ξενικὸν
828 1449 923 1502 καὶ
950 1449 1086 1521 πρὸς
1113 1450 1204 1504 τὸν
1232 1451 1548 1520 Αἰγύπτιον.
1584 1455 1678 1519 Τίς
1705 1459 1769 1507 ἐκ

183 1535 290 1590 τῶν
330 1537 432 1589 δύο
472 1538 640 1607 ήρεσέ
673 1555 788 1604 σοι;
831 1540 889 1592 '0
927 1541 986 1594 δὲ
1027 1541 1348 1613 ἀποκριθεὶς
1385 1540 1561 1597 εἶπεν⁶
1614 1545 1768 1616 Ἐμοὶ

184 1630 321 1692 τέως
347 1630 378 1680 6
406 1631 706 1698 Αἰγύπτιος
736 1634 950 1702 ήρεσεν.
990 1633 1250 1698 ’Δκούσας
1269 1635 1326 1688 δέ
1353 1652 1437 1700 τις
1464 1637 1572 1689 τῶν
1599 1638 1762 1690 Πατέ-

187 1737 293 1791 ρων
311 1720 510 1779 ταῦτα.
541 1721 734 1786 εῦξατο
761 1722 840 1793 τῷ
863 1723 1002 1794 Θεῷ,
1038 1725 1232 1792 λέγων·
1261 1727 1453 1800 Κύριε,
1482 1727 1651 1796 δεῖξόν
1677 1748 1764 1801 μοι

1873 903 2124 966 haberet,
2156 904 2296 956 dixit
2321 904 2476 957 fratri
2506 923 2518 958 :
2553 903 2665 975 Ego
2696 907 2859 960 etiam
2903 917 3078 963 tecum
3107 911 3443 980 proficiscor.

1876 993 2160 1066 Simulque
2203 996 2478 1050 exierunt.
2519 995 2855 1066 Deprecatus
2889 1014 3020 1070 ergo
3059 1017 3182 1055 eum
3221 1011 3324 1068 est,
3365 1005 3450 1057 di—

1871 1100 2041 1140 cens:
2079 1085 2192 1140 Duc
2223 1101 2308 1140 me
2352 1087 2418 1140 ad
2460 1088 2710 1143 abbatem
2761 1089 2964 1147 Mosem
3013 1093 3106 1162 qui
3144 1092 3245 1147 fuit
3279 1095 3441 1149 latro.

1870 1174 1991 1241 Quo
2019 1192 2140 1231 cum
2175 1177 2576 1246 pervenissent,
2624 1180 2868 1248 suscepit
2916 1180 3036 1233 illos
3073 1180 3248 1243 laztus,
3281 1182 3443 1236 dimi-

1871 1270 2051 1340 sitque
2075 1278 2322 1322 amanter
2347 1277 2632 1324 tractatos.
2666 1271 2809 1324 Dixit
2839 1270 3008 1326 frater
3037 1273 3128 1342 qui
3155 1272 3322 1326 alium
3353 1273 3446 1326 ad-

1869 1361 2100 1416 duxerat
2126 1377 2138 1413 :
2167 1358 2307 1414 Ecce
2348 1360 2480 1414 duxi
2528 1372 2580 1415 te
2615 1361 2683 1414 ad
2724 1368 3043 1416 extraneum
3082 1373 3136 1418 et
3177 1366 3240 1417 ad
3272 1363 3442 1436 Egy-

1869 1453 2041 1523 ptium
2067 1470 2081 1506 :
2113 1452 2235 1522 quis
2261 1468 2292 1506 e
2318 1453 2533 1506 duobus
2563 1453 2769 1521 placuit
2802 1454 2942 1508 tibi?
2975 1455 3272 1525 Respondit
3301 1458 3393 1511 ille
3425 1475 3436 1509 :

1869 1542 1997 1596 Mihi
2045 1543 2231 1611 utique
2277 1541 2481 1611 placuit
2527 1540 2838 1612 Egyptius.
2877 1543 3122 1599 Audiens
3167 1553 3296 1600 vero
3334 1545 3438 1600 ista

1867 1632 2090 1688 Patrum
2119 1633 2338 1703 aliquis,
2363 1633 2540 1686 oravit
2571 1632 2741 1687 Deum
2772 1635 2853 1688 sic
2883 1653 2896 1688 :
2931 1634 3182 1701 Domine,
3212 1641 3439 1692 ostende

1867 1727 2001 1780 mihi
2047 1727 2190 1780 hanc
2234 1741 2370 1791 rem,
2412 1725 2542 1795 quia
2589 1725 2680 1779 ille
2726 1725 2947 1796 quidem
2990 1737 3211 1796 propter
3237 1743 3438 1781 nomen

183 1813 502 1882 τὸπρᾶγμα
526 1812 708 1866 τοῦτο·
732 1815 815 1867 ὅτι
838 1816 896 1879 ὃς
921 1816 1020 1886 μὲν
1044 1817 1238 1886 φεύγει
1257 1819 1345 1872 διὰ
1366 1821 1426 1873 τὺ
1451 1820 1621 1892 ὄνομά
1646 1841 1760 1876 σου·

1869 1825 2020 1871 tuum
2057 1817 2212 1887 fugit,
2238 1815 2328 1869 hic
2359 1830 2491 1870 vero
2522 1822 2745 1885 propter
2776 1815 2918 1870 idem
2951 1831 3151 1871 nomen
3176 1817 3440 1872 ambabus

183 1904 240 1967 ὃς
261 1904 318 1956 δέ
339 1904 760 1972 ἐναγκαλίζεται
782 1906 871 1959 διὰ
889 1907 950 1959 τὸ
972 1907 1144 1979 ὄνομα
1161 1927 1274 1962 σου.
1296 1912 1405 1965 Καὶ
1426 1913 1532 1966 ἰδοὺ
1551 1913 1760 1985 ἐδείχθη

184 1996 328 2065 αὐτῷ
345 1996 444 2048 δύο
474 1996 637 2050 πλοῖα
658 1997 867 2067 μεγάλα
889 2000 946 2052 ἐν
971 1999 1048 2070 τῷ
1072 2001 1321 2072 ποταμῷ,
1345 2005 1438 2055 καὶ
1460 2004 1656 2076 θεωρεῖ
1673 2007 1763 2060 τὸν

185 2085 355 2139 ἀδὸἇν
372 2087 430 2138 ’Δ
439 2086 651 2156 ρσὲνιον
664 2089 758 2140 καὶ
769 2088 1054 2159 τὸΠνεῦμα
1064 2090 1156 2143 τοῦ
1173 2091 1306 2145 Θεοῦ
1323 2093 1483 2147 πλέον
1499 2096 1555 2147 ἐν
1567 2098 1764 2168 ἡσυχία

186 2179 261 2240 εἰς
279 2177 378 2230 ἕνα
398 2178 466 2208 ⁸⁸⁸
498 2179 594 2230 καὶ
609 2181 638 2231 6
656 2178 830 2240 6665.;
844 2180 1050 2250 Μωσῆς
1077 2183 1172 2234 καὶ
1193 2185 1240 2236 ol
1263 2183 1483 2252 ἄγγελοι
1509 2187 1602 2238 τοῦ
1627 2188 1762 2240 Θεοῦ

186 2267 441 2332 πλέοντες
464 2269 547 2332 είς
567 2268 743 2331 Eva“,
770 2270 864 2323 καὶ
892 2269 1166 2342 ἐψώμιζον
1193 2274 1354 2327 αὑτὸν
1390 2275 1760 2348 μελικηρίδας.

250 2359 347 2412 λθ’.
382 2359 616 2428 Ἔλεγεν
643 2363 670 2414 6
702 2360 876 2425 assa;
909 2364 1130 2435 Δανιὴλ,
1157 2366 1238 2418 δτι
1281 2366 1487 2436 μέλλων
1509 2369 1765 2441 τελευτᾷν

182 2450 212 2502 ὸ
251 2449 432 2512 ἀδόᾶς
488 2449 786 2520 Ἀρσὲνιος,
843 2451 1208 2522 παρήγγειλεν
1251 2454 1382 2524 ἡμῖν
1426 2453 1618 2524 λέγων’
1671 2457 1761 2530 Μὴ

185 2542 510 2612 φροντίσητε
549 2543 978 2610 ποιεῖν·ἀγάπας
995 2545 1040 2575 δ’
1077 2544 1216 2615 ὑπὲρ
1245 2545 1403 2615 ἐμοῦ’
1433 2547 1543 2614 ἐγὼ
1574 2563 1683 2618 γαρ
1716 2550 1763 2600 ει

182 2633 416 2704 ἐποίησα
441 2633 668 2704 ἐμαυτῷ
689 2635 929 2705 ἀγάπην,
960 2635 1164 2708 ταύτην
1192 2636 1299 2707 ἔχω
1331 2638 1529 2710 εὑρεῖν.

251 2731 326 2795 μ’.
358 2725 669 2790 Μέλλοντος
707 2727 965 2799 τελευτᾷν
1002 2729 1095 2781 τοῦ
1133 2728 1278 2783 ἀ66ᾶ
1316 2729 1609 2801 ’Δρσενίου,
1642 2733 1764 2784 ἐτα-

183 2814 462 2886 ράχθησαν
493 2817 543 2869 οἱ
572 2815 810 2886 μαθηταὶ
835 2819 1020 2872 αὐτοῦ.
1056 2820 1164 2872 Καὶ
1189 2819 1336 2888 λέγει
1367 2822 1569 2886 αὐτοῖς·
1600 2821 1764 2876 Οὔπω

179 2903 336 2975 ἦλθεν
368 2911 406 2979 ὴ
438 2907 580 2980 ὥρα·
611 2909 700 2962 ὅτε
727 2911 784 2962 δὲ
818 2910 947 2984 ἔλθῃ
978 2911 1115 2982 ὥρα,
1147 2911 1288 2981 λέγω
1314 2913 1462 2982 ὑμῖν.
1491 2913 1764 2986 Κριθῆναι

179 2995 233 3048 δέ
258 2996 370 3066 ἔχω
399 2997 524 3066 μεθ’
558 2997 715 3067 ὑμῶν
757 2999 848 3051 ἐπὶ
891 2999 982 3052 τοῦ
1015 3000 1256 3070 βήματος
1302 3000 1395 3052 τοῦ
1447 3001 1675 3072 φοϐεροῦ
1694 3003 1760 3066 ⁸³,

181 3085 271 3139 ἐὰν
297 3085 440 3139 δῶτε
483 3086 546 3139 τὺ
585 3087 839 3156 λείψανόν
880 3088 980 3160 μού
1018 3104 1141 3142 τινι.
1175 3092 1236 3143 υἱ
1267 3090 1323 3142 δὲ
1360 3086 1532 3144 εἷπονο
1573 3092 1638 3143 Τί
1671 3087 1761 3144 οῦν

181 3177 510 3247 ποιήσομεν,
552 3179 635 3232 ὃτι
668 3179 770 3231 οὐκ
807 3179 1028 3250 οἴδαμεν
1069 3181 1420 3250 ἐνταφιάσαι;
1462 3182 1572 3236 Καὶ
1613 3182 1760 3252 λέγει

180 3269 362 3332 αὐτοῖς
395 3271 426 3322 6
464 3269 664 3340 γέρων·
709 3272 822 3324 υύκ
849 3273 1028 3325 οἴδατε
1063 3273 1245 3343 βαλεῖν
1286 3273 1516 3343 σχοινίον
1559 3275 1639 3338 είς
1671 3275 1761 3328 τὸν

181 3362 312 3416 πόδα
355 3379 485 3433 μου,
522 3366 617 3416 καὶ
646 3360 779 3436 ἆραι
812 3381 878 3435 με
903 3367 984 3429 εἰς
1007 3367 1069 3419 τὸ
1098 3366 1252 3436 δρος;
1281 3352 1450 3430 Οῦτος
1478 3367 1534 3420 δὲ
1559 3369 1588 3422 6
1607 3367 1762 3436 λόγος

177 3455 269 3508 τοῦ
318 3454 582 3527 γέροντος
616 3452 705 3528 ἦν·
759 3457 1022 3528 ’Δρσένιε,
1074 3459 1154 3511 διδ
1201 3458 1452 3530 ἐξῆλθες;
1501 3459 1758 3531 λαλήσας,

181 3547 443 3610 πολλάκις
467 3547 872 3620 μετεμελήθην,
891 3552 1172 3622 σιωπήσας
1199 3551 1254 3604 δὲ
1278 3553 1554 3608 οὐδέποτε.
1588 3553 1675 3617 Ὠς
1704 3553 1760 3606 δέ
1787 3611 1793 3616 _

181 3640 344 3706 ἐγγὺς
383 3635 452 3711 ἦν
495 3639 592 3694 τοῦ
640 3641 900 3713 τελευτᾷν
921 3642 987 3706 ⁸⁸,
1038 3639 1179 3696 εῐδον
1230 3644 1390 3697 αὑτὸν
1439 3646 1488 3696 οἱ
1543 3643 1761 3712 ἀδελφοὶ

180 3730 456 3785 κλαέσντα·
507 3731 601 3786 καὶ
641 3731 891 3801 λέγουσιν
939 3733 1106 3804 αὐτῷ·
1163 3735 1251 3787 Ἐν
1287 3733 1514 3806 ἀληθείᾳ
1556 3735 1652 3788 καὶ⁵
1694 3737 1758 3787 σὺ

180 3822 339 3892 φοϐῇ,
369 3823 586 3893 Πάτερ;
616 3824 725 3876 Καὶ
747 3818 898 3876 εἶπεν
925 3808 1126 3888 αὐτοῖς·
1165 3825 1252 3878 Ἐν
1274 3825 1518 3896 ἀληθείᾳ,
1542 3828 1570 3879 6
1596 3825 1760 3896 φόϐος

178 3915 318 3969 ὁνῦν
352 3916 473 3985 μετ’
507 3914 640 3986 ἐμοῦ
672 3917 728 3970 ἐν
764 3919 828 3987 τῇ
873 3918 991 3988 ὥρα
1021 3917 1212 3988 ταύτῃ.
1266 3919 1399 3988 μετ’.
1433 3917 1568 3989 ἐμοῦ
1613 3920 1759 3970 ἐστιν

179 4007 269 4078 ἀφ’
295 4000 359 4061 οὗ
389 4007 661 4078 ἐγενόμην
684 4007 933 4078 μοναχός.
965 4010 1075 4062 Καὶ
1098 4009 1269 4069 οὕτως
1290 4009 1580 4082 ἐκοιμήθη.

251 4105 365 4170 μα’.
406 4095 636 4166 Ἔλεγον
661 4097 718 4150 δὲ
756 4099 838 4150 ὅτι
867 4099 986 4151 ὅλον
1013 4099 1103 4152 τδν
1137 4100 1326 4170 χρόνον
1355 4101 1454 4172 τῆς
1485 4100 1632 4172 ζωῆς
1658 4104 1757 4156 αὑ⁶

181 4189 293 4253 τοῦ,
335 4186 703 4259 καθεζόμενος
745 4191 827 4252 εἰς
871 4191 930 4242 τὸ
971 4191 1283 4264 ἐργόχειρον
1327 4193 1514 4259 αὑτοῦ,
1558 4195 1759 4264 ράκκος

180 4277 322 4352 εἶχεν
347 4282 408 4334 ἐν
433 4280 514 4350 τῷ
539 4281 746 4352 κόλπῳ,
789 4281 946 4353 χάριν
980 4282 1089 4336 τῶν
1122 4283 1370 4356 δακρύων
1401 4283 1510 4338 τῶν
1533 4287 1758 4339 πιπτόν-

178 4389 284 4426 των
319 4373 432 4426 ἀπδ
467 4373 577 4427 τῶν
601 4373 897 4444 ὀφθαλμῶν
919 4373 1119 4430 aii-rat").-
1157 4375 1417 4439 Ἀκούσας
1442 4376 1500 4430 δὲ
1530 4379 1558 4430 6
1586 4377 1757 4441 ἀὸδᾶς

1869 1911 2015 1965 ulnis
2041 1909 2291 1979 suscipit.
2330 1907 2394 1961 Et
2427 1923 2558 1963 ecce
2589 1916 2827 1964 ostensa:
2856 1919 2985 1962 sunt
3007 1910 3057 1964 ei
3087 1909 3206 1964 dna
3231 1925 3439 1980 magna:

1868 2017 2031 2056 naves
2059 2002 2114 2054 in
2144 1999 2343 2064 ﬂuvio;
2379 1999 2838 2070 conspicaturque
2865 2000 3114 2056 abbatem
3143 2002 3435 2057 Arsenium

1867 2105 1921 2148 et
1944 2093 2204 2163 Spiritum
2235 2091 2329 2145 Dei
2365 2092 2420 2145 in
2454 2107 2560 2145 una
2591 2093 2772 2161 quiete
2799 2094 3137 2164 navigantes.
3169 2093 3304 2149 Cum
3336 2095 3434 2150 ab-

1866 2179 1992 2233 bate
2044 2195 2171 2233 vero
2215 2179 2362 2233 Mose
2405 2179 2578 2247 angeli
2624 2178 2720 2234 Dei
2768 2181 2824 2234 in
2866 2182 3034 2236 altera
3075 2183 3433 2247 vehebantur,

1867 2283 2100 2337 eumque
2139 2268 2298 2321 melle
2325 2282 2355 2320 e
2389 2266 2528 2322 favis
2554 2268 2852 2324 distillante
2874 2270 3152 2325 cibabant.

1937 2360 2025 2414 59.
2075 2358 2152 2429 (Ξ)
2198 2359 2392 2412 Aiebat
2435 2360 2605 2414 abbas
2649 2359 2838 2415 Daniel
2882 2379 2894 2415 :
2929 2361 3226 2418 Moriturus
3266 2364 3435 2418 abbas

1869 2452 2152 2513 Arsenius,
2208 2449 2554 2504 denuntiavit
2601 2451 2761 2507 nobis
2811 2453 3047 2508 dicens:
3082 2451 3258 2509 Nolite
3303 2455 3436 2509 dare

1866 2560 2087 2613 operam
2118 2550 2178 2596 ut
2204 2557 2306 2612 pro
2325 2556 2411 2595 me
2440 2556 2643 2612 agapas
2669 2541 2906 2598 faciatis.
2931 2542 3042 2613 Ego
3060 2544 3206 2598 enim
3227 2545 3274 2598 si
3299 2545 3433 2600 mihi

1867 2649 2071 2704 agapen
2108 2633 2234 2697 feci,
2271 2633 2598 2688 inventurus
2625 2648 2747 2688 sum
2779 2648 2922 2688 eam.
3495 2623 3502 2632 ’

1934 2722 2023 2776 40.
2075 2722 2153 2793 (5)
2184 2721 2322 2776 Cum
2369 2722 2538 2776 abbas
2595 2723 2862 2777 Arsenius
2918 2708 3220 2779 moriturus
3263 2732 3431 2786 esset,

1865 2815 2070 2869 turbati
2100 2820 2228 2869 sunt
2259 2814 2436 2884 ipsius
2466 2814 2740 2884 discipuli.
2773 2813 2839 2867 Et
2874 2815 3010 2869 dixit
3034 2816 3115 2870 eis
3141 2835 3153 2869 :
3180 2815 3433 2871 Nondum

1864 2905 2014 2960 venit
2047 2904 2214 2971 hora;
2238 2883 2460 2973 quando
2486 2913 2668 2960 autem
2696 2905 2930 2971 venerit,
2965 2907 3120 2961 vobis
3145 2908 3430 2963 nuntiabo.

1862 2997 2130 3052 Caeterum
2149 2996 2486 3066 judicandus
2506 3013 2625 3052 sum
2644 2997 2926 3054 vobiscum
2949 3007 3073 3054 ante
3093 3001 3431 3056 tremendum

1865 3087 2126 3152 tribunal,
2152 3087 2199 3141 si
2225 3101 2428 3156 corpus
2449 3101 2632 3142 meum
2665 3089 2920 3158 cuiquam
2943 3089 3236 3144 dederitis.
3270 3089 3434 3145 Dixe-

1863 3189 1990 3235 runt
2010 3181 2046 3235 ii
2081 3200 2094 3235 :
2119 3179 2261 3245 Quid
2284 3180 2830 3256 ergo.faciemus,qui
2855 3181 3132 3235 nescimus
3161 3181 3432 3252 sepelire?

1858 3273 2164 3344 Respondit
2199 3288 2367 3328 senex
2396 3292 2410 3327 :
2443 3271 2680 3328 Nescitis
2708 3275 2923 3328 mittere
2945 3275 3126 3328 funem
3159 3274 3210 3327 in
3237 3273 3428 3344 pedem

1859 3383 2064 3430 meum,
2098 3375 2151 3421 et
2187 3367 2408 3421 trahere
2443 3381 2530 3420 me
2560 3367 2617 3420 in
2656 3366 2936 3420 montem?
2966 3365 3041 3436 (4)
3076 3365 3296 3421 Solebat
3331 3381 3430 3420 au-

1858 3464 1968 3510 tem
1999 3456 2181 3510 dicere
2209 3473 2223 3509 :
2259 3455 2478 3518 Arseni,
2512 3454 2866 3523 quamobrem
2897 3469 2927 3508 e
2949 3455 3148 3509 san-ulo
3173 3470 3429 3524 egressus

1858 3547 1956 3602 es?
1985 3545 2181 3616 Loqui,
2211 3546 2470 3616 pcenituit
2495 3561 2581 3600 me
2615 3561 2786 3616 saepe;
2824 3546 3082 3609 tacuisse,
3123 3561 3424 3615 nunquam.

1859 3637 1929 3694 Ut
1949 3647 2132 3694 autem
2160 3641 2320 3692 morti
2349 3638 2452 3692 fuit
2478 3637 2782 3706 proximus,
2817 3638 3011 3691 fratres
3031 3637 3282 3692 viderunt
3303 3653 3425 3692 eum

1857 3731 2017 3797 ﬂere;
2057 3741 2112 3786 et
2155 3731 2310 3784 aiunt
2346 3729 2395 3784 ei
2429 3747 2442 3782 :
2477 3729 2536 3782 In
2577 3729 2826 3794 veritate,
2878 3735 2936 3781 tu
2989 3743 3208 3798 quoque
3244 3729 3421 3788 times,

1857 3822 2054 3879 Pater?
2081 3823 2132 3879 ls
2166 3822 2276 3876 illis
2308 3839 2322 3875 :
2377 3819 2608 3884 Revera,
2654 3822 2820 3873 timor
2853 3834 2962 3890 quo
3003 3820 3104 3872 hac
3138 3819 3271 3872 hora
3300 3835 3424 3873 cor-

1857 3915 2050 3984 ripior,
2080 3929 2292 3968 mecum
2325 3927 2447 3967 esse
2475 3926 2584 3966 non
2615 3911 2823 3966 destitit
2851 3927 2882 3964 a
2904 3918 3148 3980 tempore
3169 3926 3278 3981 quo
3303 3927 3425 3965 mo-

1856 4007 2124 4063 nasticam
2158 4007 2324 4068 vitam
2360 4004 2600 4074 suscepi.
2632 4005 2814 4074 Atque
2847 4005 2923 4057 ita
2943 4002 3298 4057 obdormivit.

1925 4101 2016 4155 M.
2045 4099 2121 4170 (5)
2155 4097 2513 4154 Aliirmabant
2547 4105 2751 4163 autem,
2782 4095 2928 4167 quod
2963 4112 3062 4167 per
3086 4111 3248 4152 omne
3282 4103 3424 4151 temo

1857 4207 1960 4263 pus
1981 4193 2106 4246 vitae
2124 4207 2256 4255 suae,
2277 4190 2472 4246 sedens
2495 4191 2562 4246 ad
2585 4189 2936 4245 manuftcium
2968 4205 3150 4254 suum,
3183 4205 3425 4260 pannum

1858 4284 1912 4337 in
1947 4284 2069 4339 sinu
2092 4283 2412 4355 gestaverit,
2437 4283 2508 4338 ob
2538 4283 2812 4354 lacrymas
2841 4299 2906 4338 ex
2932 4283 3106 4337 oculis
3134 4283 3256 4351 ejus
3279 4282 3400 4340 deci

1859 4377 2069 4431 dentes.
2117 4375 2190 4447 (6)
2236 4375 2507 4431 Caeterum
2556 4376 2724 4430 abbas
2759 4377 3004 4439 Pmmen,
3061 4374 3248 4429 audita
3278 4375 3424 4430 illius

180 4463 394 4534 Ποιμήν
428 4465 512 4517 ὃτι
556 4464 846 4536 ἐκοιμήθη,
884 4463 1162 4537 δακρύσας
1199 4462 1338 4520 εἴπεο
1368 4469 1652 4538 Μακάριος
1685 4465 1756 4533 εἶ,

1869 4467 2206 4533 iormitione,
2237 4465 2372 4522 ﬂens
2405 4465 2521 4520 infit
2539 4483 2552 4521 :
2571 4463 2806 4520 Felicem
2835 4476 2906 4529 te,
2927 4466 3064 4519 abba
3086 4465 3305 4529 Arseni,
3328 4465 3421 4534 qui

179 4554 320 4609 ἀδεᾶ
361 4554 629 4626 Ἀρσὲνιε,
659 4555 742 4607 ὅτι
775 4554 1039 4619 ἔκλαυσας
1063 4557 1253 4611 ἐαυτὸν
1279 4560 1357 4622 εἰς
1383 4560 1474 4612 τὸν
1514 4552 1615 4613 ὦδε
1661 4562 1754 4614 κό-

183 4663 334 4715 σμον.
371 4645 433 4698 ’0
478 4645 591 4716 γὰρ
637 4646 712 4715 μὴ
753 4644 956 4698 κλαίων
998 4645 1190 4700 ἐαυτὸν
1227 4641 1347 4708 ὧδε.
1379 4649 1610 4712 αἰωνίως
1643 4651 1758 4702 ἐκεῖ

179 4738 498 4792 κλαύσεται.
522 4737 648 4790 Εἴτε
668 4734 761 4790 οὖν
785 4732 885 4789 ὦδε
903 4736 1064 4800 ἑκὼν,
1080 4739 1190 4792 εἴτε
1207 4739 1324 4792 ἐκεῖ
1347 4740 1456 4793 ἀπὸ
1485 4739 1752 4810 βασάνων,

178 4830 440 4883 ἀδύνατον
477 4831 551 4901 μὴ
578 4829 832 4881 κλαῦσαι.

241 4942 355 5013 μ.βῆ
393 4943 705 5013 Διηγήσατο
733 4942 789 4996 δέ
819 4944 849 4996 6
875 4942 1049 5004 66652;
1079 4942 1274 5013 Δανιὴλ
1307 4945 1434 5014 περὶ
1465 4944 1651 5006 αὐτοῦ.
1673 4947 1756 4999 δτι

175 5035 430 5088 οὐδέποτε
481 5034 641 5105 ῆθελε
679 5033 859 5088 λαλεῖν
898 5052 952 5087 τι
998 5033 1219 5105 ζήτημα
1266 5036 1331 5088 ἐκ
1372 5036 1470 5107 τῆς
1514 5037 1757 5108 Γραφῆς,

175 5123 375 5194 καίπερ
412 5123 716 5194 δυνάμενος
747 5122 978 5193 λαλῆσαι
1006 5124 1054 5175 εξ
1088 5122 1296 5194 ήθελεν’
1338 5122 1451 5176 ἀλλ’
1483 5125 1605 5179 οὑδέ
1640 5127 1761 5180 ἐπι-

177 5217 366 5287 στολὴν
404 5215 620 5285 ταχέως
649 5215 909 5286 ἔγραφεν.
947 5217 1075 5270 Ὅτε
1104 5216 1162 5270 δέ
1199 5217 1397 5287 ήρχετο
1437 5218 1516 5277 εἰς
1545 5215 1640 5284 τὴν
1669 5233 1760 5271 εκ-

174 5306 403 5377 κλησίαν
429 5305 522 5360 διὰ
550 5307 767 5377 χρόνου,
793 5307 970 5360 ὀπίσω
997 5305 1092 5362 τοῦ
1122 5306 1314 5360 στύλου
1337 5306 1646 5371 ἐκαθέζετο,
1673 5309 1760 5362 ἵνα

1857 4559 2026 4613 ltocce
2053 4558 2108 4612 in
2137 4557 2344 4613 mundo
2377 4559 2612 4626 teipsum
2654 4555 2888 4611 ﬂeveris.
2933 4555 3067 4610 Nam
3101 4557 3192 4626 qui
3225 4563 3426 4612 semet-

1857 4651 2036 4720 ipsum
2058 4649 2150 4703 ltic
2175 4664 2285 4704 non
2312 4648 2498 4715 deflet,
2522 4648 2854 4717 sempiterne
2876 4647 2986 4699 illic
3014 4646 3270 4715 plorabit.
3299 4643 3424 4700 Sive

1855 4756 1986 4810 ergo
2010 4740 2098 4794 hic
2134 4749 2349 4810 sponte,
2383 4740 2498 4793 sive
2529 4739 2599 4792 ibi
2637 4753 2731 4808 per
2763 4747 3056 4802 tormenta,
3087 4737 3201 4791 fieri
3237 4739 3426 4808 nequit

1853 4833 1987 4902 quin
2012 4834 2316 4903 lugeamus.

1929 4947 2019 5001 42.
2055 4947 2131 5017 (7)
2169 4943 2420 4999 Narravit
2471 4945 2539 4998 de
2589 4943 2778 4997 eodem
2825 4942 2996 4996 abbas
3029 4942 3242 5007 Daniel,
3279 4943 3425 5012 quod

1859 5053 2135 5108 nunquam
2164 5037 2231 5090 de
2265 5038 2374 5090 ulla
2405 5033 2699 5103 Scriptura:
2726 5033 3029 5103 quastione
3057 5034 3204 5103 loqui
3239 5034 3427 5088 volue-

1859 5131 1951 5192 rit,
1989 5130 2116 5184 iicet
2157 5128 2396 5198 potuerit
2429 5129 2475 5182 si
2509 5125 2794 5182 voluisset.
2831 5125 2938 5182 Sed
2968 5143 3068 5182 nec
3097 5127 3309 5182 litteras
3341 5125 3424 5180 fa-

1855 5220 1960 5274 cile
1993 5219 2292 5276 scribebat.
2329 5217 2560 5284 Quando
2587 5225 2769 5273 autem
2806 5217 2876 5271 ad
2898 5218 3185 5274 ecclesiam
3217 5232 3315 5289 per
3341 5218 3425 5272 in-

1856 5311 2080 5366 tervalla
2109 5309 2381 5374 veniebat,
2409 5307 2634 5364 sedebat
2661 5323 2692 5362 a
2724 5317 2874 5379 tergo
2901 5309 3187 5375 columnae,
3211 5322 3278 5364 ne
3299 5306 3425 5378 quis

243 5421 286 5452 ³⁸
323 5423 407 5500 Al.
441 5420 804 5490 φιλοξενίσας.
883 5421 929 5453 ⁸ο
953 5422 1038 5476 Al.
1073 5421 1152 5477 ἐν.
1229 5424 1271 5454 ⁵¹
1306 5423 1390 5478 Al.
1418 5424 1493 5478 ἐν.
1567 5426 1612 5456 δ’
1647 5425 1729 5478 AI.
1769 5427 2010 5499 ἀγάπην.
2091 5427 2135 5459 ⁵⁸
2170 5427 2252 5481 Al.
2286 5426 2543 5500 Χριστοῦ.
2623 5426 2670 5458 ⁸⁵
2700 5426 3040 5498 Α1.ήμελλεν
3071 5426 3424 5499 παραδιδόναι

172 5489 230 5543 ὼ
257 5489 503 5563 πνεῦμα.

242 5633 320 5700 (ε)
356 5632 465 5684 γει.
495 5631 650 5686 Patr.
679 5647 734 5694 x,
769 5631 825 5684 9.

267 5703 319 5772 '5)
367 5701 478 5754 Vit.
515 5701 667 5772 Patr.
698 5718 750 5759 x.
780 5701 832 5753 9.

267 5716 319 5772 a)
371 5716 478 5754 γυ.
515 5716 667 5754 μου.
698 5718 750 5759 x,
780 5716 832 5753 υ.

243 5716 320 5843 ἶι)
354 5771 584 5828 Dorotb.
618 5770 800 5824 Doctr.
835 5771 936 5841 10;
971 5771 1243 5843 Euthymii
1282 5772 1425 5840 Vita,
1458 5791 1512 5829 η.
1548 5775 1636 5830 59.

455 5864 731 5924 Ρηιιοι..
779 5865 897 5928 (in.
949 5868 1136 5929 LXV.

1926 5633 2001 5705 (5)
2046 5633 2152 5705 Vit.
2180 5631 2330 5705 Patr.
2364 5647 2446 5694 Ill,
2486 5633 2546 5705 li;
2585 5631 2956 5705 Martyrolog.,
2985 5632 3092 5688 Jul.
3127 5633 3213 5688 i9.

1949 5704 2004 5763 6)
2045 5702 2151 5758 Vit.
2178 5702 2328 5755 Patr.
2365 5720 2455 5763 xv,
2491 5704 2544 5756 9.

1949 5705 1981 5756 6
2045 5705 2151 5758 Vit.
2178 5705 2328 5755 Patr.
2365 5720 2455 5763 xv,
2491 5705 2544 5756 9.

1926 5705 2005 5845 iri
2046 5772 2150 5827 Vit.
2178 5771 2331 5828 Patr.
2356 5788 2444 5838 xv,
2473 5772 2555 5826 10.

3114 5866 3151 5924 ι
