3878 6300
424 309 532 370 ῒοῖ

1582 303 1928 360 APPENDIX
1964 304 2056 359 AD
2083 301 2503 360 PALLADIUM.

3565 300 3666 358 108

424 420 637 476 videret
675 416 870 473 faciem
911 416 1131 488 ipsius,-
1166 429 1268 471 nec
1323 413 1442 484 ipse
1493 413 1616 470 aliis
1661 415 1986 472 intenderet.

2112 415 2283 487 ιηδεὶς
2329 415 2410 486 ἰδῇ
2453 415 2514 467 τὸ
2561 412 2848 484 πρόσωπον
2910 410 3097 475 αὑτοῦ,
3143 411 3276 482 μηδὲ
3318 411 3481 474 αὐτὸς
3522 412 3669 487 ἄλλῳ

423 509 600 568 Porro
626 509 808 580 specie
841 519 960 562 erat
995 507 1264 578 angelica,
1310 507 1454 562 sicut
1487 503 1693 573 Iacob;
1720 513 1870 562 totus
1897 521 1992 560 ca-

425 619 554 666 nus,
585 617 814 671 corpore
843 601 1077 670 eleganti
1113 618 1126 653 :
1157 598 1260 653 fuit
1287 609 1469 654 autem
1509 599 1728 665 aridus;
1761 599 1994 670 gestavit

424 692 651 746 barbam
686 692 902 758 longam
936 705 1058 761 qua:
1084 691 1155 744 ad
1196 697 1439 745 ventrem
1487 691 1846 761 pertingeret;
1898 690 1995 760 pili

425 782 713 836 oculorum
740 797 853 850 pra:
876 781 1032 836 fletus
1052 780 1394 836 vehementia
1415 779 1749 835 deciderant.
1774 779 1994 834 Statura

425 880 546 923 erat
574 871 704 934 alta,
731 871 828 925 sed
857 869 1011 925 senio
1041 884 1264 923 curvus.
1296 870 1484 923 Annos
1508 879 1671 924 natus
1703 871 1998 940 nonaginta

425 963 689 1034 quinque.
729 962 794 1015 Et
821 977 951 1017 vero
981 962 1180 1016 mansit
1207 961 1260 1014 in
1288 960 1489 1016 divina:
1517 963 1790 1017 memoria:
1819 960 1998 1017 Theo-

426 1053 572 1107 dosii
610 1053 839 1122 majoris
870 1053 1073 1123 palatio
1104 1066 1278 1106 annos
1312 1052 1698 1122 quadraginta,
1734 1060 1888 1122 pater
1910 1051 1996 1106 fa-

426 1152 551 1199 ctus
577 1145 1052 1200 divinissimorum
1084 1143 1304 1198 Arcadii
1332 1150 1386 1198 et
1407 1142 1664 1212 Honorii;
1695 1143 1842 1200 Sceti
1861 1145 1998 1200 alios

426 1235 821 1306 quadraginta;
853 1236 909 1288 in
946 1231 1088 1288 Troe
1125 1233 1429 1303 superioris
1456 1231 1775 1304 Babylonis,
1803 1248 1998 1289 versus

431 1327 744 1397 Memphim,
777 1326 963 1382 decem
989 1343 1006 1392 ;
1037 1331 1150 1380 tres
1185 1325 1239 1379 in
1268 1323 1504 1394 Canopo‘
1527 1325 1904 1393 Alexandriae;
1930 1327 1999 1381 ad

428 1421 673 1489 reliquos
696 1425 878 1472 autem
910 1418 1049 1471 duos
1074 1430 1273 1477 annos.
1301 1417 1462 1471 rediit
1493 1414 1708 1483 Troen;
1742 1417 1833 1472 ubi
1857 1433 2001 1472 mor-

431 1526 557 1569 tuus
595 1522 713 1584 est;
749 1519 1037 1582 postquam
1075 1513 1128 1565 in
1162 1525 1293 1580 pace
1330 1524 1394 1565 ac
1425 1509 1624 1564 timore
1659 1508 1751 1565 Dei
1776 1525 2000 1565 cursum

431 1622 590 1661 suum
613 1603 1051 1660 consummasset
1081 1622 1094 1657 :
1127 1603 1265 1668 Quia
1294 1611 1410 1656 erat
1446 1603 1523 1656 vir
1547 1601 1711 1657 bonus
1735 1612 1784 1656 et
1816 1603 2000 1672 plenus

432 1699 637 1767 Spiritu
657 1705 841 1752 sancto
861 1710 910 1750 et
938 1695 1040 1765 ﬁde
1055 1695 1122 1748 “.
1148 1693 1386 1764 Reliquit
1408 1711 1540 1750 vero
1561 1695 1692 1749 mihi
1719 1696 2000 1765 pelliceam

2099 510 2334 579 πρόσχῃ.
2361 504 2468 560 Ἦν
2486 506 2542 560 δὲ
2567 506 2628 559 τὸ
2657 501 2796 568 εἶδος
2814 504 3000 566 αὐτοῦ,
3025 503 3332 572 ἀγγελικδν,
3358 502 3548 576 ὥσπερ
3570 506 3668 560 τοῦ

2112 601 2323 655 Ἰακὼ6’
2346 600 2638 661 ὁλοπόλιος,
2662 599 2874 660 ἀστεῖος
2887 597 2965 667 τῷ
2988 596 3218 666 σώματι·
3241 596 3400 668 ξηρὸς
3418 597 3475 650 δὲ
3493 599 3670 671 ὑπῆρ-

2100 709 2213 763 χεν·
2241 687 2352 762 εἶχε
2379 691 2435 744 δὲ
2461 691 2550 745 τὸν
2567 689 2804 758 πώγωνα
2828 689 2998 758 μέγαν
3024 687 3289 756 φθάνοντα
3314 688 3416 750 ἕως
3436 689 3533 758 τῆς
3556 706 3670 742 κοι-

2101 783 2240 847 λίας·
2273 787 2327 836 αἱ
2365 783 2422 836 δὲ
2451 783 2635 853 τρίχες
2668 781 2777 833 τῶν
2812 780 3104 850 ὀφθαλμῶν
3136 779 3298 834 αὐτοῦ
3336 779 3529 833 ἔπεσον
3560 782 3670 834 ἀπὸ

2100 873 2197 927 τοῦ
2226 872 2526 943 κλαυθμοῦ·
2560 871 2766 942 μακρὸς
2786 871 2842 925 δὲ
2865 867 2954 941 ἦν,
2988 871 3103 923 ἀλλ’
3131 871 3413 942 ὲκυρτώθη
3447 872 3554 924 ἀπὸ
3572 871 3668 924 τοῦ

2101 967 2304 1038 γήρως.
2336 966 2580 1033 Ἐγένετο
2602 965 2648 996 ⁸⁸
2667 965 2723 1017 δὲ
2743 963 2880 1016 ἑτῶν
2903 965 3221 1035 ἐνενήκοντα
3241 963 3420 1017 πέντε.
3452 963 3671 1036 Ἐποίη-

2105 1076 2165 1112 σε
2196 1059 2253 1112 δὲ
2286 1060 2366 1122 εἰς
2400 1058 2460 1111 τὸ
2509 1055 2769 1110 παλάτιον
2816 1053 2908 1108 τοῦ
2936 1052 3037 1123 τῆς
3062 1052 3210 1116 θείας
3236 1055 3456 1125 μνήμης
3481 1053 3671 1107 Θεοδο-

2107 1151 2222 1204 σίου
2255 1149 2347 1204 τοῦ
2380 1149 2613 1221 μεγάλου
2660 1147 2754 1218 ἐτη
2779 1145 3206 1217 τεσσαράκοντα,
3233 1145 3414 1215 πατὴρ
3439 1145 3671 1213 γενόμε-

2105 1259 2192 1306 νος
2220 1241 2328 1296 τῶν
2356 1240 2643 1296 θειοτάτων
2675 1237 2957 1308 Ἀρκαδίου
2979 1237 3073 1290 καὶ
3107 1236 3382 1306 ’ονωρίου·
3405 1236 3499 1290 καὶ
3523 1238 3582 1289 ὲν
3603 1238 3673 1307 τῇ

2106 1334 2300 1405 Σκήτει
2347 1333 2598 1400 ἐποίησεν
2650 1329 2742 1399 ἐτη
2790 1327 3217 1397 τεσσαράκοντα·
3271 1327 3363 1380 καὶ
3411 1326 3542 1380 δέκα
3593 1329 3672 1389 εἰς

2106 1425 2300 1497 Τρώην
2329 1425 2427 1493 τῆς
2467 1424 2577 1477 ἄνω
2605 1419 2920 1482 Βαϐυλῶνος
2955 1419 3029 1488 (9)
3062 1418 3348 1471 κατέναντι
3374 1418 3670 1488 Μέμφεως·

2107 1516 2206 1570 καὶΔ
2226 1515 2352 1586 τρία
2381 1515 2474 1584 ἐτη
2497 1516 2577 1575 εἰς
2602 1513 2691 1565 τὸν
2726 1511 2992 1564 Κάνωπον
3031 1508 3448 1579 Ἀλεξανδρείας
3479 1509 3574 1563 καὶ
3601 1507 3677 1563 τὰ

2107 1606 2239 1660 ἄλλα
2270 1605 2362 1658 δύο
2397 1605 2512 1674 ἔτη,
2547 1600 2678 1675 ἦλθε
2711 1603 2871 1655 πάλιν
2903 1603 2981 1664 εἰς
3007 1598 3220 1670 Τρώην,
3257 1601 3350 1654 καὶ
3387 1603 3502 1654 ἐκεῖ
3530 1603 3676 1654 ἐκοι-

2112 1697 2280 1768 μήθη,
2301 1696 2523 1759 τελέσας
2544 1696 2587 1726 ³⁷
2609 1697 2668 1747 ὲν
2693 1696 2880 1766 εἰρήνῃ
2909 1695 3002 1748 xal.
3028 1697 3085 1748 ὲν
3107 1694 3255 1762 φόϐῳ
3277 1691 3413 1745 Θεοῦ
3439 1692 3529 1745 τὸν
3548 1691 3676 1762 δρό-

431 1805 588 1844 suam
638 1791 907 1852 tunicam,
959 1787 1241 1842 cilicinum
1286 1802 1568 1841 camasum
1617 1788 1822 1851 album,
1877 1803 1999 1842 cum

2112 1808 2204 1862 μον
2239 1787 2426 1841 αὐτοῖν
2470 1789 2552 1840 ὅτι
2591 1782 2659 1857 ἦν
2689 1786 2828 1856 ἀνὴρ
2864 1785 3064 1853 ἀγαθὸς
3097 1786 3191 1838 καὶ
3215 1783 3454 1852 πλήρης
3483 1785 3674 1838 Hreu-

430 1884 697 1940 sandaliis
754 1882 1002 1952 palmeis.
1056 1881 1188 1948 Quae
1231 1895 1334 1950 ego
1381 1879 1640 1950 indignus
1680 1881 1907 1952 gestavi,
1943 1889 2002 1935 ut

2112 1901 2287 1948 ματος
2312 1883 2486 1950 ἁγίου
2525 1880 2623 1933 καὶ
2656 1881 2936 1944 πίστεως.
2972 1877 3246 1952 Κατέλιπε
3273 1877 3328 1930 δέ
3360 1895 3450 1948 μοι
3477 1877 3568 1930 τὸν
3592 1894 3678 1948 χι-

430 1992 528 2046 per
553 1991 616 2030 ea
643 1973 1018 2030 benedicerer.

501 2245 591 2298 4'5.
630 2244 826 2297 lterum
865 2244 1111 2298 narravit
1153 2243 1321 2297 abbas
1352 2242 1538 2298 Daniel
1577 2240 1646 2297 de
1674 2239 1868 2296 abbate
1902 2239 2003 2293 Ar-

431 2333 620 2386 senio:
661 2331 886 2386 Vocavit
940 2332 1236 2403 aliquando
1283 2331 1477 2388 Patres
1530 2346 1719 2394 meos,
1755 2331 2002 2386 abbatem

431 2425 800 2479 Alexandrum
830 2439 892 2478 ac
911 2424 1142 2492 Zoilum,
1165 2433 1218 2480 et
1248 2441 1357 2495 pra:
1383 2426 1686 2481 humilitate
1713 2417 2031 2482 demittens'

431 2533 491 2572 se
512 2557 527 2580 ,
563 2516 701 2570 dixit
734 2519 846 2572 eis:
886 2517 1338 2588 Quandoquidem
1371 2519 1646 2574 daamones
1682 2520 2005 2590 impugnant

431 2621 540 2670 me,
567 2623 630 2660 ac
659 2608 848 2662 nescio
876 2623 943 2660 an
974 2609 1026 2662 in
1056 2624 1249 2663 somno
1280 2610 1596 2678 subrepant,
1621 2619 1836 2664 noctem
1867 2611 2005 2664 hanc

410 2699 649 2768 ,vigilate
678 2713 925 2761 mecum,
958 2706 1014 2753 et
1061 2699 1380 2767 observate,
1435 2716 1564 2754 num
1618 2701 1673 2755 in
1723 2701 2004 2771 pervigilio

430 2789 744 2845 dormitem.
772 2787 942 2859 Igitur
971 2804 1002 2843 a
1027 2791 1342 2860 vespertino
1367 2797 1610 2861 tempore
1634 2790 1894 2846 sederunt
1925 2801 2006 2846 ta-

431 2881 561 2942 citi,
588 2895 727 2935 unus
779 2895 808 2933 a
861 2881 1068 2936 dextris
1100 2883 1278 2946 illius,
1306 2883 1440 2938 alter
1491 2899 1521 2937 a
1560 2884 1817 2940 sinistris.
1849 2883 2007 2939 Dixe—

432 2980 669 3042 rumque
691 2970 882 3028 Patres
917 2971 1057 3026 mei:
1082 2970 1192 3028 Nos
1219 2973 1578 3028 dormivimus
1608 2989 1673 3028 ac
1699 2977 2003 3044 experrecti

434 3078 625 3118 sumus
647 3101 660 3124 ,
691 3078 792 3117 nec
827 3064 1103 3118 sensimus
1133 3079 1258 3118 eum
1289 3064 1605 3118 nictantem.
1636 3064 1794 3120 Mane
1821 3075 2000 3121 autem

434 3152 622 3222 (Deus
654 3154 805 3208 novit
825 3193 840 3217 ,
887 3162 1067 3207 utrum
1096 3154 1213 3224 ipse
1243 3154 1616 3221 simulaverit,
1647 3171 1757 3226 quo
1788 3165 2006 3226 putare-

433 3258 557 3298 mus
598 3258 721 3296 eum
757 3243 1161 3299 dormituriisse
1184 3283 1199 3308 ,
1233 3260 1326 3300 seu
1358 3260 1487 3300 vere
1533 3259 1758 3300 somnus
1813 3257 2010 3301 natura

434 3340 662 3402 cogente
693 3333 1012 3403 advenerit)
1057 3343 1140 3390 ter
1167 3332 1356 3400 ﬂavit,
1391 3334 1789 3406 confestimque
1822 3352 2008 3392 surre—

435 3424 552 3487 xit,
607 3423 793 3479 aiens:
835 3424 1039 3480 Dormii
1082 3425 1289 3497 utique.
1320 3426 1386 3480 Et
1432 3428 1819 3498 respondimus
1871 3444 2006 3485 nos:

435 3513 742 3572 Nescimus.

505 3608 595 3663 44.
627 3609 903 3665 Venerunt
926 3610 1219 3680 aliquando
1251 3625 1410 3667 senes
1452 3610 1518 3666 ad
1554 3609 1802 3666 abbatem
1843 3612 2008 3668 Arse-

435 3699 611 3766 nium,
627 3699 970 3770 multumque
995 3708 1323 3770 rogaverunt
1346 3709 1405 3754 ut
1423 3701 1862 3770 colloquerentur
1884 3717 2011 3756 cum

435 3805 523 3846 eo.
552 3789 648 3847 llle
680 3801 860 3848 autem
913 3799 1126 3863 portam
1159 3795 1389 3862 aperuit.
1422 3790 1559 3846 Tum
1609 3793 1809 3847 hortati
1860 3804 2010 3860 sunt,

436 3891 496 3937 ut
524 3882 592 3938 ad
625 3896 720 3939 eos
757 3897 1064 3939 sermonem
1113 3883 1339 3939 haberet
1382 3883 1450 3938 de
1478 3884 1742 3940 solitariis
1789 3886 1880 3955 qui
1910 3901 2010 3942 ne-

435 3974 638 4028 minem
671 3975 982 4028 admittunt.
1011 3974 1100 4029 Ait
1134 3991 1336 4030 senex:
1374 3974 1629 4041 Quandiu
1677 3976 1832 4046 virgo
1864 3977 2013 4048 degit

435 4068 496 4122 in
525 4067 689 4120 domo
727 4067 900 4135 patris
933 4067 1049 4131 sui,
1095 4068 1318 4136 plurimi
1360 4071 1587 4137 cupiunt
1633 4070 1820 4137 sponsi
1863 4069 2011 4125 illius

435 4157 590 4222 fieri;
641 4173 767 4211 cum
821 4173 949 4212 vero
1009 4158 1267 4212 maritum
1309 4160 1609 4229 acceperit,
1670 4174 2010 4229 nequaquam

436 4251 614 4321 placet
655 4250 910 4313 cunctis,
955 4249 1052 4305 sed
1087 4250 1165 4304 illi
1212 4249 1428 4320 quidem
1479 4257 1866 4313 contemnunt,
1919 4251 2010 4304 alii

434 4355 565 4396 vero
590 4339 926 4410 praedicant;
958 4355 1058 4395 nec
1084 4341 1141 4394 in
1167 4341 1262 4394 tali
1295 4341 1503 4397 honore
1526 4349 1631 4404 est,
1672 4341 1817 4410 quali
1851 4351 2010 4399 antea

2102 1976 2248 2027 τῶνα
2291 1973 2455 2027 αὐτοῦ
2497 1972 2588 2026 τὸν
2633 1971 2979 2041 δερμάτινον,
3025 1968 3119 2022 καὶ
3159 1967 3395 2039 τρὶχινον
3434 1969 3678 2039 καμάσιν

2101 2065 2310 2129 λευκὸν,
2353 2064 2446 2117 καὶ
2471 2062 2728 2116 σανδάλια
2755 2061 2996 2113 σεὸἐνινα
3019 2060 3149 2131 (10).
3186 2061 3294 2113 Kal.
3321 2057 3430 2128 ἐγὼ
3459 2059 3676 2126 ἀνάξιος

2103 2155 2339 2226 ὲφὸρεσα
2365 2152 2526 2216 αὐτὰ,
2567 2153 2652 2204 ἵνα
2671 2149 2984 2220 εὐλογηθῶ.

2177 2253 2286 2318 μγ’.
2324 2246 2628 2315 Διηγήσατο
2677 2241 2840 2296 πάλιν
2885 2243 2915 2295 ὁ
2953 2240 3126 2304 ἁὸὃᾶς
3165 2241 3363 2312 Δανιὴλ
3402 2241 3529 2312 περὶ
3579 2242 3674 2294 τοῦ

2103 2339 2247 2392 ἀδεᾶ
2281 2336 2577 2408 Ἀρσενίου,
2612 2336 2693 2388 ὅτι
2719 2334 2848 2388 ποτὲ
2877 2333 3104 2387 ἐκάλεσε
3122 2334 3247 2394 τοὺς
3271 2333 3518 2404 Πατέρας
3548 2349 3671 2402 μου,

2102 2431 2195 2484 τόν
2226 2447 2286 2482 τε
2312 2428 2486 2481 ἀϐὅᾶν
2509 2433 2514 2442 “
2537 2424 2882 2495 Ἀλέξανδρον
2912 2423 3006 2477 καὶ
3029 2423 3225 2476 Ζώῖλον
3243 2439 3256 2453 ⁸
3294 2423 3387 2475 καὶ
3407 2419 3678 2474 ταπεινῶν

2106 2523 2293 2576 ἑαυτὸν
2321 2517 2471 2573 εἶπεν
2503 2518 2684 2581 αὐτοῖς
2706 2531 2721 2545 ⁸
2771 2514 2988 2585 Ἐπειδὴ
3021 2515 3070 2567 οἱ
3102 2513 3352 2583 δαίμονες
3380 2510 3674 2582 πολεμοῦσί

2109 2630 2176 2684 με
2199 2653 2214 2676 ,
2240 2612 2333 2665 καὶ
2359 2611 2459 2665 οὐκ
2487 2606 2604 2663 οῖδα
2634 2610 2682 2661 εἰ
2707 2607 2997 2660 κλέπτουσι
3023 2623 3088 2677 με
3119 2607 3177 2658 ὲν
3203 2604 3354 2674 ὕπνῳ
3376 2645 3390 2667 ,
3421 2603 3556 2658 ἀλλὰ
3580 2601 3676 2674 τὴν

2108 2705 2276 2759 νύκτα
2301 2703 2504 2774 ταύτην
2528 2701 2827 2755 κοπιάσατε
2853 2699 2968 2770 μετ’
2993 2695 3152 2767 ἐμοῦ,
3186 2697 3279 2750 καὶ
3305 2693 3578 2766 τηρήσατέ
3607 2709 3675 2764 με

2106 2801 2154 2852 εξ
2185 2795 2434 2859 νυστάζω
2466 2797 2523 2848 ἐν
2551 2797 2617 2864 τῇ
2649 2792 2944 2864 ἀγρυπνίᾳο
2967 2791 3076 2844 Kal.
3109 2789 3355 2844 ἐκάθισεν
3387 2783 3466 2852 εἷς
3493 2789 3558 2842 ὲκ
3587 2787 3672 2841 δε·-

2109 2890 2236 2956 ξιῶν
2268 2887 2456 2952 αὐτοῦ,
2487 2889 2581 2940 καὶ
2615 2883 2694 2948 εἷς
2728 2885 2788 2950 ἐξ
2815 2882 3138 2953 εὐωνύμων,
3169 2881 3277 2935 ἀπὸ
3304 2881 3399 2950 ὀψὲ
3432 2879 3676 2934 σιωπῶν-

2105 3000 2217 3046 τες.
2254 2983 2362 3035 Kal.
2390 2976 2539 3034 εἷπον
2563 2980 2611 3031 οἱ
2634 2976 2872 3048 Πατέρες
2896 2993 3017 3046 μου,
3043 2975 3124 3028 ὅτι
3167 2974 3355 3044 Ἡμεῖς
3386 2972 3677 3044 ἐκοιμήθη-

2111 3091 2223 3145 μεν
2259 3073 2354 3126 καὶ
2387 3070 2691 3141 ὰνέστημεν
2711 3109 2725 3133 ,
2759 3067 2852 3119 καὶ
2879 3066 2978 3118 οὐκ
3022 3063 3368 3135 ῄσθάνθημεν
3393 3062 3553 3116 αὑτὸν
3586 3079 3677 3117 νυ-

2112 3165 2402 3230 στάξαντα.
2432 3163 2541 3215 Καὶ
2570 3161 2662 3213 ἐπὶ
2685 3158 2746 3211 τὸ
2776 3155 2920 3228 πρωῒ
2947 3156 2996 3227 (ὁ
3022 3155 3153 3217 Θεὸς
3183 3151 3324 3207 οἶδεν
3353 3154 3400 3206 εἰ
3429 3153 3521 3223 ἀφ’
3551 3155 3677 3206 ἑαυ-

2107 3256 2202 3311 τοῦ
2233 3255 2486 3326 ἐποίησεν
2511 3291 2526 3316 ,
2561 3251 2646 3304 ἵνα
2677 3251 2958 3319 νοήσωμεν
2988 3249 3069 3300 ὅτι
3101 3244 3388 3310 ἐνύσταξεν
3411 3285 3427 3312 ,
3476 3244 3510 3314 ἢ
3538 3243 3679 3299 κατὰ

2109 3348 2365 3420 ἀλήθειαν
2411 3347 2446 3417 ἡ
2476 3344 2636 3416 φύσις
2685 3341 2780 3396 τοῦ
2811 3339 2980 3394 ὕπνου
3005 3333 3186 3409 ἦλθεν)
3249 3336 3487 3408 ὲφύσησε
3532 3338 3679 3408 τρεῖς

2110 3441 2278 3504 πνοὰς
2301 3479 2318 3504 ,
2353 3439 2448 3493 καὶ
2494 3437 2698 3498 εὐθέως
2731 3434 2932 3503 ἀνέστη
2971 3431 3143 3500 λέγων
3164 3447 3180 3461 ο
3229 3429 3544 3495 Ἐνύσταξα,
3569 3429 3673 3482 ναξ.

2109 3535 2219 3589 Kal
2245 3530 2621 3602 ἀπεκρίθημεν
2666 3527 2827 3599 ἡμεῖς
2849 3564 2864 3591 ,
2905 3524 3154 3593 λέγοντες
3175 3539 3188 3552 ο
3220 3521 3335 3576 Οὐκ
3366 3521 3606 3591 οἴδαμεν.

2185 3626 2287 3696 μδ’.
2313 3620 2516 3677 τΗλθόν
2543 3637 2672 3674 ποτε
2704 3618 2956 3689 γέροντες
2988 3613 3123 3686 πρὸς
3165 3612 3257 3667 τὸν
3289 3611 3462 3666 ἀϐὅᾶν
3496 3609 3680 3684 ’Δρσέ-

2111 3732 2242 3776 νιον,
2277 3713 2371 3766 καὶ
2399 3709 2569 3764 πολλὰ
2602 3706 2977 3781 παρεκάλεσαν
3019 3704 3106 3756 ἵνα
3152 3700 3482 3772 συντύχωσιν
3510 3699 3676 3772 αὐτῷ.

2123 3809 2181 3861 '0
2206 3807 2264 3860 δὲ
2295 3803 2504 3878 ἤνοιξεν
2536 3802 2736 3865 αὐτοῖς.
2768 3798 2878 3853 Kal.
2912 3794 3292 3868 παρεκάλεσαν
3313 3793 3476 3848 αὐτὸν
3505 3794 3678 3848 εἰπεῖν

2110 3901 2291 3962 αὐτοῖς
2345 3896 2501 3965 λόγον
2562 3894 2690 3965 περὶ
2757 3890 2865 3943 τῶν
2918 3886 3299 3958 ἡσυχαζόντων
3349 3885 3443 3939 καὶ
3493 3884 3682 3955 μηδενὶ

2111 3987 2494 4046 ἀπαντώντων.
2523 3985 2686 4054 Λέγει
2718 3981 2900 4045 αὐτοῖς
2928 3980 2958 4032 δ
3007 3978 3185 4050 γέρων
3205 3993 3220 4009 ·
3254 3977 3420 4030 Ὅταν
3462 3977 3496 4047 ἡ
3535 3992 3679 4048 παρ-

2113 4082 2265 4145 θένος
2297 4082 2353 4133 ὲν
2383 4078 2461 4150 τῷ
2491 4076 2627 4146 οἴκῳ
2657 4073 2751 4128 τοῦ
2783 4071 2988 4143 πατρὸς
3013 4069 3182 4140 αὐτῆς
3206 4064 3266 4140 ᾗ,
3294 4067 3479 4121 πολλοὶ
3505 4066 3678 4121 θέλου-

2115 4192 2200 4227 σιν
2252 4173 2388 4243 αὐτῇ
2440 4166 2872 4241 μνηστευθῆναι·
2922 4161 3061 4216 ἐπὰν
3105 4161 3163 4214 δὲ
3211 4159 3352 4232 λάϐῃ
3381 4157 3584 4230 ἄνδρα,
3617 4158 3677 4211 οὐ

2113 4265 2277 4319 πᾶσιν
2305 4261 2560 4332 ἀρέσκει·
2594 4261 2643 4312 οἱ
2674 4257 2772 4329 μὲν
2803 4252 3173 4322 ὲξουθενοῢσιν
3196 4290 3212 4315 ,
3249 4250 3398 4306 ἄλλοι
3422 4251 3480 4304 δὲ
3518 4252 3676 4304 ὲπαι-

2112 4356 2262 4411 νοῦσι
2279 4372 2292 4386 ·
2319 4353 2414 4407 καὶ
2449 4352 2548 4422 οὐχ
2575 4348 2747 4411 οὕτως
2773 4347 2887 4419 ἔχει
2917 4344 3080 4417 τιμὴν
3117 4342 3194 4408 ὡς
3216 4343 3276 4396 τδ
3303 4341 3516 4413 πρῶτον
3539 4380 3554 4401 .
3589 4341 3676 4394 ὃτι

437 4432 761 4496 fruebatur,
816 4432 1037 4502 quando
1101 4432 1355 4488 manebat
1419 4431 1756 4488 abscondita.
1807 4431 2004 4488 Eodem

2112 4437 2178 4513 ἦν
2211 4439 2586 4511 κεκρυμμένη.
2622 4436 2804 4499 Οὕτως
2853 4435 2949 4488 καὶ
2983 4433 3052 4488 τὰ
3095 4431 3196 4503 τῆς
3225 4431 3400 4502 ψυχῆς
3421 4448 3436 4462 ·
3471 4431 3675 4501 aqua“

435 4535 598 4595 pacto
621 4565 638 4591 ,
668 4530 724 4578 ct
753 4524 948 4578 animae
977 4539 1065 4580 res
1094 4544 1106 4579 :
1137 4541 1204 4581 ex
1251 4541 1361 4595 quo
1387 4526 1678 4597 vulgantur
1700 4566 1715 4587 ,
1755 4526 2004 4583 omnibus

2112 4531 2520 4604 δημοσιεύεται,
2540 4531 2598 4582 οὐ
2635 4527 2839 4590 πάντας
2868 4525 3090 4580 δύναται
3119 4524 3544 4598 πληροφορῆσαι.

434 4625 714 4690 nequeunt
745 4614 1076 4674 satisfacere.

926 4752 1000 4806 De
1043 4751 1229 4806 abbate
1261 4752 1547 4823 Agathone.

512 4865 564 4918 1.
600 4867 676 4934 (8)
717 4867 863 4920 Dixit
907 4867 1076 4921 abbas
1108 4864 1326 4930 Petrus,
1358 4866 1446 4920 ille
1467 4865 1676 4920 abbatis
1702 4864 1800 4918 Lot
1827 4865 2010 4937 [disci-

435 4957 658 5030 pulus]:
694 4960 852 5012 Eram
882 4958 1176 5028 aliquando
1201 4959 1254 5012 in
1285 4959 1419 5014 cella
1445 4958 1657 5014 abbatis
1686 4960 2004 5028 Agathonis,

508 5117 554 5149 "
579 5117 702 5171 Act.
733 5132 808 5179 ιι,
839 5116 930 5169 24.
1011 5117 1052 5148 ⁵⁸
1078 5116 1163 5168 Al.
1205 5115 1450 5187 τελευτᾷ.
1525 5115 1567 5146 ⁸⁷
1602 5115 1688 5170 Al.
1723 5115 2032 5180 τελειώσας.

505 5271 582 5342 (8)
619 5270 726 5326 Vit.
760 5271 910 5342 Patr.
940 5288 996 5336 x,
1025 5272 1080 5327 8.

505 5341 580 5412 (9)
611 5344 716 5407 Εὶς
759 5341 960 5411 Τρώην
1007 5342 1119 5408 τ”ς
1177 5341 1299 5396 ἀνω
1348 5343 1725 5408 Βαϐυλῶνος.
1777 5346 2002 5396 Patrum

505 5413 614 5464 ‘taa:
659 5411 726 5464 In
766 5413 879 5464 loco
918 5414 1006 5464 aui
1047 5362 1245 5464 Eicitur
1288 5411 1487 5464 Trohen
1517 5416 1658 5464 (ms.
1711 5411 1999 5464 Suession.

443 5411 614 5466 Vitta:
659 5411 726 5464 In
760 5413 879 5482 loco
918 5414 1006 5482 qui
1047 5411 1487 5482 diciturTrohen
1517 5416 1658 5482 (ms.
1711 5411 1999 5482 Suession.

433 5493 487 5535 et
509 5481 718 5552 Fossat.
751 5481 947 5548 Tmen)
983 5498 1140 5551 supra
1173 5481 1541 5552 Babyloniam.
1578 5481 1731 5552 Quod
1770 5491 1852 5536 est
1874 5523 1887 5546 ,
1925 5483 2005 5544 sic;

435 5551 750 5623 Tptinvdt'hv
775 5553 886 5623 άνω
926 5553 1259 5616 Βαϐυλῶνος,
1290 5560 1381 5604 attt
1412 5554 1490 5614 εἰς
1524 5551 1744 5623 Τρώην⁸
1768 5553 1879 5606 ἅνω
1906 5552 2004 5621 τῆς

447 5589 565 5603 η...
610 5589 627 5604 .
664 5589 701 5605 ..
733 5589 748 5603 α
775 5589 886 5608 ...ω
931 5589 1210 5606 "aven..."
1248 5595 1259 5612 ,
1290 5589 1381 5604 α...
1412 5589 1458 5604 ε.
1535 5589 1556 5603 ι
1605 5589 1667 5604 υ..
1696 5589 1715 5606 ν
1768 5589 1860 5606 ...νυ

437 5589 770 5685 Βέτὸυλῶνος.
795 5621 1080 5678 Lectiones
1103 5589 1444 5691 neql'iaqualn
1463 5589 1860 5690 improbandae.

509 5693 619 5764 (10)
639 5695 937 5749 Σεϐένινα.
954 5695 1149 5748 lterum
1170 5692 1310 5747 infra
1336 5693 1386 5745 in
1406 5691 1591 5747 lsaaco
1603 5694 1830 5748 Celliota
1851 5708 2002 5748 num.

2464 4752 2600 4820 Περὶ
2631 4746 2735 4805 τοῦ
2773 4744 2917 4801 ἀϐϐᾶ
2969 4744 3313 4814 Ἀγάθωνος.

2184 4873 2252 4921 α’.
2289 4862 2452 4920 Εἶπεν
2481 4869 2510 4920 ὁ
2538 4865 2708 4929 ἀϐϐἄς
2735 4867 2934 4937 Πέτρος
2959 4871 2988 4918 ὁ
3017 4861 3110 4917 τοῦ
3156 4857 3301 4917 ἀεξιᾶ
3321 4855 3461 4920 Λὼτ,
3483 4855 3564 4908 ὃτι
3593 4854 3678 4908 Ἐν

2113 4958 2190 5028 τῷ
2223 4958 2416 5029 κελλίῳ
2449 4959 2542 5010 τοῦ
2583 4957 2726 5012 esse
2763 4957 3066 5026 Ἀγάθωνος
3093 4957 3239 5026 ήμην
3264 4954 3411 5018 ποτὲ,
3441 4955 3675 5023 καὶὴλθε

2109 5273 2164 5335 7,
2195 5286 2410 5325 necnon
2435 5270 2488 5323 in
2521 5267 2748 5323 Joannis
2787 5267 3004 5322 Meursii
3035 5263 3323 5335 Glossaria.
3344 5258 3678 5335 Ammonius

2113 5329 2418 5396 monachus
2455 5339 2530 5394 De
2565 5338 2816 5392 Patribus
2864 5337 3085 5391 Smaitis
3115 5343 3164 5388 et
3207 5329 3602 5387 Ruithcnsibus.
3650 5347 3675 5379 τι

2112 5410 2629 5484 R._P.___Combellslo
2645 5410 2842 5484 editus.
2870 5424 2922 5484 ρ.
2953 5407 3053 5460 100
3076 5401 3289 5484 εἶῌνςδὲ
3312 5397 3679 5484 napo-{habt

2111 5481 2229 5553 τοῦ.
2263 5481 2532 5553 ὓδωρ-καὶ
2586 5481 2770 5553 μικροὶ
2810 5468 3071 5553 φοξνικξς,
3111 5474 3170 5553 εξ
3200 5468 3274 5527 ὧν
3321 5468 3678 5553 εἶχενξαξιηῖὰ

2113 5537 2388 5621 ενδύματσὶ
2415 5550 2522 5603 ἀπὸ
2547 5537 2800 5621 σξεινὶριου
2819 5537 2899 5621 vel
2933 5537 3220 5621 ct6t‘ivlolv,
3256 5537 3675 5621 ca_p."lao,125,

2113 5607 2268 5674 Prat'i
2296 5621 2625 5688 spiritualis,
2653 5619 2759 5673 άπὸ
2785 5619 3007 5671 σιϐίνου.
3045 5616 3146 5669 Adi
3198 5607 3436 5670 Lexicon
3477 5607 3676 5678 Hippo—

2113 5698 2357 5745 crateum
2393 5689 2591 5745 Foesii.
