3878 6308
273 320 387 376 139

1411 317 2016 374 ΑΡΟΡΗΤΠΕΟΜΑΤΛ
2050 317 2358 376 PATRUM.

3405 325 3508 380 HO

275 435 417 504 πρὸς
449 433 613 488 αὐτὸν
641 433 866 502 ἁδελφὸς
888 433 1090 501 λέγων’
1119 433 1270 487 Θέλω
1296 433 1513 504 οἰκῆσαι
1544 434 1681 505 μετὰ
1703 433 1843 487 ἀδελ-

1952 434 2099 488 venit
2152 434 2216 488 ad
2258 449 2382 490 eum
2427 432 2628 501 frater,
2657 433 2879 492 dicens:
2905 433 3042 492 Volo
3087 437 3333 496 habitare
3380 459 3505 500 cum

270 527 393 595 φῶν
411 541 427 556 ο
452 521 606 579 εἶπόν
637 543 728 595 μοι
757 524 874 588 πῶς
909 527 1025 594 μετ’
1063 525 1240 580 αὐτῶν
1265 526 1488 596 οἰκήσω.
1515 527 1674 594 Λέγει
1703 524 1849 596 αὐτῷ

271 623 303 674 ὁ
338 621 556 691 γέρων·
601 619 689 682 Ὠς
719 621 777 672 ὲν
801 622 868 690 τῇ
895 617 1088 692 πρώτῃ
1127 619 1310 691 ἡμέρᾳ
1347 619 1435 672 ὅτε
1463 618 1685 691 είσέρχῃ
1711 618 1850 688 πρὸς

269 713 479 775 αὐτοὺς
501 753 518 778 ,
546 712 718 776 οὕτως
743 711 976 782 φύλαξον
1003 712 1104 781 τὴν
1143 710 1400 775 ξενιτείαν
1440 728 1532 764 σου
1556 710 1734 773 πάσας
1751 709 1850 772 τὰς

267 804 495 874 ἡμέρας
525 803 623 872 τῆς
661 802 805 873 ζωῆς
840 819 934 854 σου
959 841 975 864 ,
1030 802 1118 855 ἵνα
1173 802 1246 872 μὴ
1285 801 1698 874 παρῤησιασθῇς
1733 801 1846 870 μετ’

272 896 477 952 αὐτῶν.
509 895 672 961 Λέγει
697 891 845 962 αὑτῷ
875 895 902 946 ὁ
925 892 1096 953 ἁϐδᾶς
1127 894 1410 964 Μακάριος
1431 911 1446 925 ο
1481 893 1546 946 Τί
1573 893 1681 962 γὰρ
1710 893 1851 944 ποιεί

270 988 306 1056 ἡ
337 984 666 1057 παρῤησία;
701 985 865 1053 Λέγει
915 982 1064 1053 αὐτῷ
1089 985 1118 1036 ὁ
1162 983 1338 1052 γέρων
1359 999 1373 1012 ’
1412 983 1623 1035 Ἔοικεν
1651 982 1684 1050 ὴ
1711 982 1850 1051 παῤ-

265 1074 444 1146 ρησία
487 1075 728 1129 καύσωνι
779 1074 998 1144 μεγάλῳ
1023 1090 1040 1104 ο
1086 1073 1144 1136 ὃς
1186 1075 1312 1126 ὅταν
1347 1073 1603 1144 γένηται,
1649 1070 1846 1134 πάντες

273 1167 572 1235 φεύγουσιν
605 1166 715 1220 ἀπὸ
749 1165 1038 1237 προσώπου
1082 1165 1243 1218 αὑτοῦ
1267 1205 1283 1226 ,
1338 1165 1432 1219 καὶ
1473 1164 1582 1216 τῶν
1621 1163 1847 1234 δένδρων

271 1251 365 1305 τὸν
395 1252 613 1324 καρπὸν
643 1252 960 1323 διαφθείρει.
994 1252 1154 1320 Λέγει
1195 1251 1344 1321 αὑτῷ
1373 1253 1402 1304 ὁ
1449 1251 1620 1314 άὸὁᾶς
1656 1251 1848 1306 Μακά-

274 1360 426 1418 ριοςο
460 1343 652 1406 Οὕτως
701 1343 909 1414 χαλεπή
943 1345 1090 1396 ἐστιν
1133 1345 1166 1414 ἡ
1209 1343 1515 1414 παρρησίας
1548 1343 1656 1396 Καὶ
1694 1337 1846 1397 εἶπεν

269 1435 300 1487 ὸ
330 1434 513 1498 ἀὸὁᾶς
560 1433 831 1503 Ἀγάθωνο
866 1434 978 1488 Οὐκ
1001 1433 1148 1487 ἔστιν
1177 1433 1361 1505 ἕτερον
1405 1433 1572 1498 πάθος
1601 1434 1847 1505 χαλεπώ-

270 1543 434 1598 τερον
466 1526 568 1596 τῆς
619 1526 964 1598 παρρησίας·
1007 1527 1298 1596 γεννήτρια
1319 1526 1427 1596 γάρ
1469 1526 1585 1579 ἐστι
1629 1525 1846 1580 πάντων

268 1617 382 1671 τῶν
433 1617 644 1671 παθῶν.
676 1617 881 1689 Πρέπει
911 1617 969 1670 δὲ
1014 1615 1094 1687 τῷ
1123 1617 1327 1688 ἐργάτῃ
1366 1617 1440 1688 μὴ
1474 1617 1842 1690 παρρησιάζε-

271 1707 422 1773 σθαι,
455 1708 560 1762 κᾶν
591 1705 808 1782 μόνοςῇ
841 1710 901 1762 ὲν
929 1706 1009 1779 τῷ
1030 1708 1244 1778 κελλίῳ.
1280 1704 1408 1761 Οἶδα
1435 1706 1543 1778 γάρ
1574 1709 1654 1760 ὅτι
1691 1707 1845 1761 ἀδελ-

1951 524 2253 593 l'ratribus;
2305 530 2440 583 doce
2490 544 2578 584 me
2609 545 2718 599 quo
2764 540 2922 602 pacto
2957 548 3078 588 cum
3107 535 3188 590 eis
3238 551 3507 594 inanieam.

1949 615 2244 689 Respondit
2272 635 2469 675 senex:
2502 619 2964 686 Quemadmodum
2988 627 3164 695 primo
3191 627 3278 682 die
3299 629 3508 699 ingreso

1950 724 2045 766 sus
2072 712 2171 776 tui,
2210 713 2291 767 sic
2311 713 2584 768 custodito
2613 714 2908 784 hospitium
2942 723 3091 770 tuum
3121 721 3508 790 peregrinatio-

1948 815 2180 871 nemque
2209 805 2421 858 cunctis
2449 804 2640 859 diebus
2671 805 2790 860 vita:
2824 814 2929 860 tua:
2950 847 2964 872 ,
3021 807 3094 860 ita
3137 818 3195 862 ut
3233 825 3356 879 erga
3385 810 3505 866 illos

1949 906 2058 946 non
2087 893 2264 947 utaris
2295 893 2508 948 ﬁducia.
2539 893 2676 948 Dicit
2720 895 2768 949 ei
2822 896 2990 951 abbas
3025 896 3326 955 Macarius:
3361 900 3504 967 Quid

1947 984 2088 1037 enim
2117 984 2365 1054 designat
2395 984 2626 1040 ﬁducia?
2652 985 2761 1056 (11)
2796 985 2932 1041 Tum
2963 1004 3126 1055 senex
3152 1009 3165 1044 :
3196 990 3399 1048 Similis
3420 1007 3505 1050 est

1948 1070 2145 1126 fiducia
2173 1074 2324 1128 aestui
2358 1089 2553 1145 magno
2573 1093 2587 1142 ;
2606 1075 2698 1144 qui
2718 1077 2937 1146 quando
2965 1081 3269 1150 contigerit,
3292 1083 3506 1154 fugiunt

1946 1177 2137 1219 omnes
2166 1181 2196 1219 a
2243 1165 2380 1221 facie
2415 1166 2567 1235 ejus,
2601 1167 2803 1236 quique
2845 1169 3099 1224 arborum
3140 1171 3350 1228 fructus
3382 1190 3506 1228 cor-

1946 1257 2165 1325 rumpit.
2199 1255 2338 1310 Dicit
2385 1257 2553 1312 abbas
2610 1258 2908 1315 Macarius:
2941 1261 3158 1317 Adeone
3181 1265 3333 1319 smvit
3366 1267 3505 1321 [idu-

1947 1346 2071 1400 cia?
2101 1347 2283 1402 Abhas
2308 1347 2547 1417 Agatho:
2574 1347 2765 1406 Nullus
2793 1360 2898 1417 est,
2925 1352 3118 1422 inquit,
3152 1353 3374 1410 aﬁectus
3405 1372 3506 1412 se-

1945 1434 2064 1489 vior
2090 1435 2320 1490 ﬁducia:
2347 1437 2587 1490 omnium
2615 1439 2812 1508 quippe
2837 1441 3302 1509 perturbationum
3330 1453 3502 1500 mater

1945 1531 2048 1580 est.
2075 1521 2236 1580 Decet
2263 1533 2441 1580 autem
2468 1526 2730 1581 cultorem
2752 1527 2857 1591 sui,
2894 1527 3090 1583 ﬁducia
3112 1545 3317 1594 carere,
3337 1534 3502 1588 etiam

1947 1616 1990 1671 si
2025 1617 2175 1672 solus
2207 1616 2261 1670 in
2318 1617 2455 1672 cella
2484 1627 2748 1675 versetur.
2791 1618 2929 1674 Novi
2975 1623 3170 1676 etenim
3212 1625 3502 1692 quemdam

1947 1705 2202 1770 fratrem,
2233 1709 2326 1778 qui
2366 1709 2457 1764 diu
2512 1710 2567 1764 in
2598 1711 2733 1765 cella
2785 1723 3222 1781 perseveraverat
3246 1756 3260 1778 ,
3299 1716 3503 1772 habens

270 1799 372 1868 φὺς
421 1773 660 1871 ποιήσας
684 1773 873 1870 χρόνον
921 1773 993 1851 ὲν-
1025 1797 1105 1869 τῷ
1157 1773 1352 1868 κελλίῳ
1396 1773 1558 1850 οἰκῶν
1584 1836 1599 1860 ,
1631 1795 1769 1867 ἔχων
1794 1813 1843 1848 τι

1952 1797 2202 1851 lectulum
2225 1838 2241 1865 ,
2273 1797 2510 1854 dixisse:
2543 1797 2585 1853 E
2614 1799 2749 1855 cella
2796 1803 3176 1872 emigrassem,
3229 1820 3337 1860 non
3380 1821 3505 1875 per-

267 1890 629 1960 κοιτωνάριον
647 1929 662 1951 ,
691 1883 842 1960 εἶπεν
862 1927 877 1952 ,
909 1888 992 1941 ὅτι
1021 1887 1273 1957 Μετέθην
1301 1887 1363 1940 ὲκ
1387 1887 1478 1940 τοῦ
1507 1885 1735 1944 κελλίου,
1771 1884 1845 1954 μὴ

263 1982 435 2048 γνοὺς
460 1980 594 2032 αὐτὸ
635 1977 696 2032 τὸ
743 1977 1124 2050 κοιτωνάριον,
1153 1979 1202 2030 εί
1242 1977 1317 2050 μὴ
1351 1976 1534 2046 ἕτερός
1559 1993 1650 2047 μοι
1672 1971 1844 2029 εἷπεν.

281 2073 342 2126 '0
363 2071 610 2134 τοιοῦτος
632 2069 869 2143 ἐργάτης
896 2068 1013 2121 ἐστὶ
1048 2069 1144 2122 καὶ
1176 2068 1529 2139 πολεμιστής.

338 2164 410 2236 β’.
441 2159 613 2218 Εἶπεν
647 2165 674 2217 ὁ
705 2162 878 2226 άόὃᾶς
917 2161 1188 2231 Ἀγάθων
1223 2160 1344 2232 Χρὴ
1383 2159 1476 2214 τὸν
1507 2157 1736 2229 μοναχὸν
1770 2157 1845 2228 μὴ

265 2256 430 2311 ἐάσαι
479 2254 580 2327 τήν
607 2253 909 2325 συνείδησιν
935 2252 1098 2307 αὑτοῦ
1143 2251 1521 2323 κατηγορῆσαι
1555 2248 1719 2305 αὐτοῦ
1765 2250 1847 2313 είς

265 2347 583 2416 οίονδήποτε
623 2347 878 2417 πρᾶγμα.

337 2437 411 2506 γ’.
443 2434 585 2492 Εἷπε
619 2437 802 2504 πάλιν,
837 2437 918 2490 δτι
944 2437 1072 2491 ἄνευ
1102 2434 1350 2504 φυλακῆς
1371 2433 1480 2486 τῶν
1509 2431 1668 2485 θείων
1698 2431 1845 2484 ὲντο-

263 2528 374 2582 λῶν
407 2528 471 2583 οὐ
500 2527 784 2601 προϐαίνει
808 2527 1095 2599 ἄνθρωπος
1127 2526 1248 2580 οὐδὲ
1281 2527 1360 2588 είς
1397 2525 1525 2594 μίαν
1556 2523 1778 2594 ἀρετήν.

332 2708 401 2762 δ’.
427 2701 570 2760 Eine
598 2705 782 2770 πάλιν,
815 2705 896 2758 ὅτι
928 2701 1194 2757 Οὐδέποτε
1223 2699 1522 2771 ἐκοιμήθην
1547 2696 1683 2769 ἔχων
1703 2695 1846 2749 κατά

265 2813 413 2860 τινος
433 2814 449 2828 ·
471 2795 597 2850 οὐδὲ
619 2795 809 2865 ἀφῆκά
827 2811 947 2847 τινα
979 2791 1301 2864 κοιμηθῆναι
1326 2790 1514 2860 ἔχοντα
1540 2789 1660 2842 κατ’
1686 2783 1842 2858 ἐμοῦ,

261 2887 410 2942 κατὰ
431 2885 535 2958 τὴν
563 2885 789 2956 δύναμιν
819 2900 943 2953 μου.

333 3069 398 3117 ε’.
435 3061 666 3129 Ἔλεγον
710 3056 839 3129 περὶ
866 3056 959 3110 τοῦ
991 3054 1134 3109 άὸδᾶ
1173 3053 1476 3121 ’Δγάθωνος
1496 3092 1513 3118 ,
1546 3051 1627 3163 6::
1669 3052 1842 3163 άτξῆλ-
1867 3104 1912 3163 C

263 3152 357 3206 θόν
386 3168 537 3214 τινες
568 3150 704 3220 πρὸς
732 3147 892 3202 αὑτὸν
918 3185 934 3210 ,
962 3145 1292 3206 ἀκούσαντες
1322 3145 1405 3197 ὅτι
1452 3142 1691 3213 μεγάλην
1721 3141 1840 3196 διά-

264 3261 448 3315 κρισιν
476 3243 620 3313 ἔχει’
656 3240 748 3295 καὶ
779 3238 1018 3300 θέλοντες
1044 3235 1334 3307 δοκιμάσαι
1360 3235 1406 3267 ⁸⁸
1463 3235 1510 3287 ει
1537 3233 1836 3305 ὀργίζεται,

263 3335 518 3405 λέγουσιν
548 3325 700 3402 αὐτῷ
723 3350 738 3366 ·
763 3333 835 3386 Σὺ
879 3327 931 3384 εἱ
967 3329 1242 3398 Ἀγάθων;
1277 3327 1544 3398 ἀκούομεν
1574 3326 1701 3398 περὶ
1743 3324 1836 3378 σοῦ

265 3430 346 3482 ὅτι
385 3426 590 3498 πόρνος
631 3419 716 3487 ei},
752 3421 846 3476 καὶ
880 3421 1245 3491 ὑπερήφανος.
1293 3419 1351 3471 '0
1388 3417 1446 3471 δὲ
1489 3412 1673 3470 εἶπενο
1709 3416 1838 3478 Ναὶ,

264 3518 437 3580 οὕτως
489 3515 624 3585 ἔχει.
654 3513 766 3569 Καὶ
794 3511 1041 3580 λέγουσιν
1095 3508 1271 3580 αὐτῷ·
1307 3509 1380 3561 Σὺ
1417 3503 1470 3560 εί
1525 3507 1767 3575 ’Λγάθων
1811 3508 1841 3562 ὁ

265 3613 510 3684 φλύαρος
559 3610 655 3664 καὶ
700 3608 1032 3671 κατάλαλος;
1076 3606 1133 3660 '0
1177 3605 1235 3658 δὲ
1267 3599 1420 3658 εἶπεν
1443 3617 1456 3630 ·
1515 3601 1657 3670 Ἐγώ
1703 3602 1838 3670 είμι.

265 3707 502 3774 Λέγουσι
535 3703 733 3758 πάλινο
791 3702 863 3755 Σὺ
910 3696 961 3753 εἷ
994 3697 1239 3767 Ἀγάθων
1291 3699 1321 3750 ὁ
1371 3693 1677 3766 αίρετικός;
1729 3694 1840 3746 Kal.

258 3796 542 3869 ἀπεκρίθη
568 3813 583 3826 ·
627 3795 741 3848 Οὐκ
789 3793 906 3863 είμ).
960 3789 1251 3862 αἱρετικός.
1301 3788 1413 3842 Καὶ
1461 3785 1838 3858 παρεκάλεσαν

265 3891 431 3946 αὐτὸν
458 3932 474 3955 ,
519 3888 802 3957 λέγοντες⁸
843 3885 976 3940 Εἰπὲ
1023 3885 1152 3953 ἡμῖν
1178 3880 1320 3935 διατί
1352 3877 1840 3948 τοσαῦτα.είπομέν

269 3998 372 4044 σοι,
401 3981 501 4036 καὶ
538 3976 838 4040 κατεδέξω,
867 3976 957 4029 τὸν
987 3974 1044 4027 δὲ
1072 3973 1228 4042 λόγον
1251 3969 1438 4024 τοῦτον
1481 3970 1582 4023 οὐκ
1608 3969 1838 4022 ἐϐάστα-

268 4089 402 4137 σας;
446 4071 613 4138 Λέγει
643 4070 858 4130 αὐτοῖς’
895 4065 976 4120 Τὰ
1020 4064 1212 4135 πρῶτα
1257 4060 1477 4133 ἐμαυτῷ
1507 4058 1793 4129 ἐπιγράφω
1819 4073 1834 4088 ο

261 4163 456 4233 ὄφελος
497 4161 607 4230 γάρ
637 4160 754 4212 ἐστι
780 4159 846 4227 τῇ
879 4155 1023 4225 ψυχῇ
1055 4170 1154 4223 μου
1181 4169 1195 4182 ο
1231 4151 1290 4206 τὸ
1322 4151 1378 4204 δὲ
1410 4147 1704 4220 αἱρετικὸς,
1733 4164 1841 4217 χω-

271 4252 466 4323 ρισμός
503 4252 652 4303 ἐστιν
683 4249 790 4301 ἀπὸ
824 4246 917 4300 τοῦ
949 4245 1105 4310 Θεοῦ,
1140 4245 1234 4297 καὶ
1257 4243 1317 4296 οὐ
1345 4241 1482 4295 θέλω
1509 4237 1842 4312 χωρισθῆναι

265 4343 375 4397 ἀπὸ
399 4341 560 4396 Θεοῦ.
595 4341 657 4394 οι
689 4339 746 4392 δὲ
773 4337 1104 4400 ἀκούσαντες
1124 4375 1138 4397 ,
1167 4334 1482 4404 ἐθαύμασαν
1502 4331 1600 4403 τὴν
1628 4330 1841 4400 διάκρι-

270 4453 354 4490 σιν
381 4433 581 4499 αὐτοῦ,
611 4433 706 4486 καὶ
731 4430 972 4502 ἀπῆλθον
999 4428 1466 4498 οἱκοδομηθέντες.

337 4533 412 4593 ς’.
456 4525 799 4595 Διηγήσαντο
843 4522 970 4593 περ)¹
1023 4519 1116 4573 τοῦ
1165 4517 1310 4571 sese
1360 4515 1663 4585 Ἀγάθωνος
1688 4553 1704 4578 ,
1756 4513 1839 4567 δτι

267 4613 451 4684 ἔμεινε
498 4612 690 4683 χρόνον
722 4609 904 4663 ἱκανὸν
951 4606 1246 4677 οἰκοδομῶν
1291 4605 1502 4659 κελλίον
1544 4604 1684 4675 μετὰ
1728 4603 1838 4658 τῶν

271 4704 531 4776 μαθητῶν
555 4702 718 4757 αὐτοῦ
734 4718 749 4734 ’
778 4703 874 4756 καὶ
895 4701 1295 4755 τελειωσάντων
1328 4697 1504 4751 αὐτῶν
1523 4695 1583 4749 τὸ
1607 4695 1836 4759 κελλίον,

266 4790 429 4864 ἦλθον
481 4793 667 4847 λοιπὸν
699 4790 793 4845 τοῦ
826 4791 1062 4846 καθίσαι.
1094 4785 1216 4842 Εἷδε
1246 4787 1304 4840 δὲ
1347 4787 1426 4849 είς
1473 4785 1573 4856 τὴν
1618 4782 1838 4855 πρώτην

267 4888 542 4959 ἑϐδομάδα
570 4888 802 4958 πρᾶγμα
829 4886 902 4957 μὴ
938 4883 1179 4954 ὠφελοῦν
1209 4880 1370 4935 αὐτὸν
1388 4920 1405 4945 ,
1433 4879 1528 4934 καὶ
1555 4878 1701 4947 λέγει
1729 4881 1840 4942 τοῖς

270 4977 546 5047 μαθηταῖς
602 4973 766 5029 αὐτοῦ
794 4992 808 5006 ο
882 4971 1187 5045 Ἐγείρεσθε
1218 5012 1233 5037 ,
1293 4969 1514 5041 ἄγωμεν
1571 4967 1837 5021 ἐντεῦθεν.

281 5067 695 5139 Ἔταράχθησαν
731 5067 790 5121 δὲ
842 5067 1071 5138 σφόδρα,
1099 5065 1381 5133 λέγοντες·
1412 5064 1476 5116 Εί
1519 5061 1656 5126 ὅλως
1695 5061 1839 5129 λογι-

270 5159 404 5228 σμὸν
433 5154 579 5228 εἶχες
613 5156 708 5210 τοῦ
761 5156 1091 5228 μεταϐῆναι,
1133 5156 1186 5208 τί
1217 5152 1468 5208 τοσοῦτον
1517 5152 1685 5206 κόπον
1731 5153 1838 5203 ὑπ-

267 5252 570 5318 εμείναμεν
599 5247 1050 5318 οἰκοδομήσαντες
1071 5245 1137 5300 τὸ
1181 5244 1423 5311 κελλίον;
1460 5245 1556 5299 καὶ
1585 5243 1838 5315 μέλλουσι

340 5433 387 5465 δ’
412 5433 499 5488 Al.
533 5434 704 5488 inser.
734 5431 917 5484 αὐτόν.
995 5430 1040 5464 δ’
1073 5430 1260 5487 Matth.
1297 5446 1352 5499 v,
1381 5429 1482 5497 25;
1518 5427 1684 5484 Marc.
1719 5444 1797 5493 xl,
1823 5426 1912 5484 25.

341 5591 454 5659 (11)
485 5589 712 5645 Doroth.
748 5588 938 5659 Doctr.
964 5587 1016 5641 4.

341 5658 451 5730 (12)
492 5661 597 5714 Vit.
629 5659 784 5714 Patr.
815 5674 893 5724 xl,
920 5658 978 5713 Ξ.

343 5731 458 5802 (ιδ)
489 5731 626 5785 ibid.

1945 1899 2100 1959 cepto
2134 1891 2228 1945 illo
2277 1891 2521 1955 lectulo,
2584 1893 2690 1946 nisi
2745 1892 2882 1948 alius
2933 1895 3235 1952 monuisset
3287 1912 3394 1952 me.
3450 1897 3502 1952 is

1943 1979 2129 2046 homo,
2166 1996 2292 2036 vere
2318 1991 2404 2037 est
2432 1982 2720 2052 operarius
2743 1998 2806 2038 ac
2841 1985 3088 2040 bellator.

2012 2156 2067 2214 2.
2101 2156 2212 2230 (l2)
2239 2157 2446 2214 Monuit
2485 2161 2655 2219 abbas
2684 2161 2928 2234 Agatho:
2971 2163 3193 2235 Oportet
3223 2175 3283 2221 ut
3317 2183 3506 2223 mona-

1943 2249 2080 2304 chus
2107 2265 2212 2304 non
2235 2252 2514 2320 permittat
2538 2257 2890 2311 conscientia:
2914 2272 3026 2312 sua:
3049 2272 3307 2314 accusare
3326 2261 3503 2329 ipsum

1943 2341 2052 2395 ulla
2083 2343 2136 2395 in
2163 2357 2242 2398 re.

2013 2431 2048 2484 5
2085 2432 2196 2501 (15)
2243 2430 2386 2486 Dixit
2434 2433 2672 2490 iterum:
2710 2435 2840 2492 Sine
2875 2438 3252 2496 observatione
3283 2441 3505 2497 manda-

1944 2532 2121 2578 torum
2161 2525 2286 2592 Dei,
2317 2542 2384 2582 ne
2405 2526 2472 2581 ad
2507 2544 2668 2584 unam
2703 2530 2917 2601 quidem
2949 2532 3204 2588 virtutem
3234 2535 3503 2593 hominem

1947 2615 2254 2684 procedere.

2013 2708 2068 2763 4.
2105 2710 2215 2780 (lt)
2252 2710 2488 2766 Rursum
2518 2713 2686 2769 dixit:
2713 2713 2999 2786 Nunquam
3028 2731 3221 2772 somno
3249 2734 3334 2774 me
3357 2718 3504 2785 dedi,

1943 2799 2150 2855 habens
2197 2801 2457 2858 adversus
2497 2804 2729 2874 aliquem
2764 2806 2810 2838 “
2837 2847 2852 2870 ,
2903 2823 3000 2862 nec
3029 2808 3131 2863 sivi
3180 2825 3503 2879 quemquam

1943 2891 2029 2949 ire
2069 2891 2311 2946 cubitum
2334 2931 2350 2957 ,
2385 2893 2478 2963 qui
2521 2895 2784 2952 adversus
2815 2912 2901 2952 me
2946 2897 3204 2962 haberet,
3235 2908 3500 2970 quantum

1945 2980 2164 3052 quidem
2191 2983 2356 3038 valui.

2015 3073 2067 3128 5.
2089 3073 2200 3145 (15)
2231 3074 2462 3128 Aiebant
2489 3074 2558 3131 de
2580 3077 2773 3133 abbate
2799 3078 3098 3149 Agathone,
3125 3080 3270 3151 quod
3293 3083 3357 3137 ad
3379 3098 3505 3138 eum

1944 3165 2280 3233 perrexerint
2310 3167 2551 3221 nonnulli
2573 3207 2588 3231 ,
2615 3168 2708 3238 qui
2731 3169 3047 3234 audierant,
3081 3186 3273 3242 magna
3304 3173 3500 3245 praedi-

1942 3266 2057 3310 tum
2086 3271 2208 3311 esse
2233 3256 2595 3327 discretione;
2622 3268 2676 3316 et
2703 3261 2949 3318 volentes
2979 3263 3265 3332 explorare
3301 3278 3369 3317 an
3398 3266 3508 3318 ira-

1943 3357 2218 3413 sceretur,
2263 3349 2499 3405 dixerint
2544 3353 2629 3406 ei':
2688 3351 2840 3408 Tune
2882 3368 2942 3408 es
2969 3354 3217 3425 Agatho?
3242 3354 3507 3410 Audimus

1941 3441 2010 3496 de
2043 3447 2117 3503 te,
2153 3440 2298 3510 quod
2327 3443 2405 3497 sis
2434 3441 2728 3499 fornicator
2761 3459 2825 3499 ac
2855 3448 3144 3514 superbus.
3165 3445 3503 3516 Respondit:

1942 3533 2139 3595 Etiam,
2172 3534 2246 3587 ita
2279 3533 2459 3589 habet.
2494 3536 2694 3591 lterum
2741 3537 2933 3591 aiunt:
2990 3536 3071 3592 Tu
3095 3553 3154 3593 es
3180 3539 3390 3608 Agatho
3418 3537 3508 3592 ille

1941 3639 2121 3695 nugax
2153 3634 2207 3679 et
2235 3627 2835 3683 oblocutor‘tAssensus
2863 3636 2946 3682 est
2969 3643 3028 3683 se
3051 3643 3190 3684 esse.
3221 3629 3415 3683 Adhuc
3441 3628 3502 3684 ii:

1943 3715 2023 3769 Tu
2050 3731 2111 3771 es
2156 3716 2368 3786 Agatho
2409 3718 2734 3773 haereticus?
2765 3719 2830 3772 Et
2887 3721 3206 3790 respondit:
3237 3718 3353 3773 Non
3382 3735 3506 3776 sum

1941 3807 2250 3862 hareticus.
2280 3807 2434 3864 Tunc
2485 3818 2813 3880 rogaverunt
2860 3825 2982 3864 eum
3031 3811 3117 3864 his
3152 3810 3370 3865 verbis:
3418 3810 3508 3866 ln-

1941 3899 2061 3954 dica
2089 3901 2246 3955 nobis
2269 3940 2284 3963 ,
2315 3916 2415 3955 cur
2468 3902 2558 3956 ubi
2591 3910 2741 3956 tanta
2771 3902 2869 3956 tibi
2901 3902 3293 3973 imposuimus,
3333 3917 3506 3974 agno-

1939 3990 2104 4053 veris,
2135 3999 2468 4058 postremum
2501 4006 2632 4046 vero
2663 4007 2970 4048 sermonem
2999 4009 3108 4048 non
3138 3994 3508 4051 sustinueris?

1940 4085 2032 4140 Ait
2080 4085 2230 4140 illis:
2265 4084 2454 4138 Priora
2507 4087 2726 4142 ascribo
2775 4089 2944 4151 mihi,
2977 4089 3106 4160 quia
3158 4089 3213 4143 id
3249 4089 3508 4144 conducit

1941 4174 2137 4230 animae
2157 4190 2327 4242 meae;
2359 4182 2414 4229 at
2440 4176 2685 4242 haeresis,
2721 4178 2996 4247 separatio
3024 4185 3109 4234 est
3129 4193 3160 4233 a
3183 4179 3313 4243 Deo,
3344 4195 3375 4234 a
3398 4193 3510 4250 quo

1943 4266 2184 4334 separari
2215 4281 2557 4336 nequaquam
2590 4269 2734 4326 volo.
2751 4268 2977 4336 ’Quibus
3000 4271 3222 4337 auditis,
3255 4271 3509 4342 admirati

1943 4363 2072 4410 sunt
2100 4355 2178 4410 illi
2205 4355 2588 4414 discretionem
2625 4360 2746 4430 ejus
2767 4401 2783 4427 ,
2815 4371 2979 4434 atque
3010 4365 3265 4420 instructi
3296 4364 3510 4421 disces-

1874 4462 1918 4518 ι)
1947 4455 2159 4518 serunt.

2016 4516 2068 4570 6.
2098 4517 2210 4588 (l6)
2253 4517 2330 4574 De
2363 4519 2556 4576 abbate
2605 4523 2886 4593 Agathone
2923 4533 3318 4592 narraverunt,
3361 4526 3509 4598 quod

1946 4611 2081 4664 satis
2102 4608 2194 4662 diu
2223 4614 2651 4679 perseveraverit
2676 4615 2951 4678 adiﬁcans
2974 4617 3163 4671 cellam
3194 4631 3318 4670 cum
3340 4616 3509 4672 disci-

1945 4698 2089 4768 pulis
2115 4699 2270 4755 suis:
2301 4717 2463 4771 quam
2494 4718 2615 4758 cum
2639 4708 3058 4769 exstruxissent,
3089 4716 3353 4762 venerunt
3380 4708 3507 4763 dein

1947 4791 2059 4847 illic
2093 4808 2363 4850 mansum.
2401 4794 2547 4850 Vidit
2581 4804 2758 4850 autem
2805 4797 2978 4865 prima
3023 4797 3359 4853 hebdomada
3389 4814 3505 4854 rem

1947 4881 2050 4936 sibi
2079 4883 2332 4948 noxiam,
2362 4893 2416 4937 et
2441 4884 2722 4953 discipulis
2752 4886 2867 4939 suis
2907 4886 3011 4940 ait:
3052 4885 3268 4958 Surgite
3294 4928 3308 4952 ,
3347 4888 3508 4942 abea-

1948 4986 2073 5026 mus
2108 4971 2255 5025 binc.
2292 4973 2369 5026 Illi
2403 4973 2748 5028 vehementer
2796 4975 2996 5030 turbati
3046 4986 3207 5041 sunt,
3261 4991 3325 5032 ac
3356 4976 3512 5032 dixe-

1947 5071 2074 5116 runt
2099 5080 2114 5116 :
2151 5059 2208 5115 Si
2238 5062 2461 5117 omnino
2493 5063 2714 5119 sedebat
2744 5066 2931 5130 menti,
2961 5067 3225 5137 migrare,
3255 5083 3355 5124 cur
3388 5076 3511 5122 tan-

1946 5159 2065 5207 tum
2095 5153 2299 5210 laboris
2324 5159 2658 5226 sumpsimus
2682 5157 2736 5212 in
2752 5159 2886 5214 cella
2918 5161 3285 5218 construenda
3304 5163 3328 5217 2
3349 5160 3515 5217 Scau-

1945 5245 2127 5299 dalum
2154 5247 2329 5301 adhuc
2358 5254 2578 5318 propter
2599 5265 2699 5305 nos
2732 5251 2946 5323 passuri
2977 5262 3112 5309 sunt
3142 5255 3425 5320 homines,
3455 5260 3514 5313 et

2019 5581 2134 5653 (14)
2169 5581 2276 5636 Vit.
2305 5583 2452 5653 Patr.
2483 5599 2618 5647 xvu,
2650 5585 2702 5640 6.

2019 5652 2131 5726 (15)
2173 5653 2278 5726 Υἱι.
2320 5652 2478 5726 Patr.
2507 5671 2560 5717 κ,
2589 5655 2675 5711 10.

2019 5723 2132 5796 (16)
2176 5723 2276 5778 Vit.
2309 5723 2460 5778 Patr.
2497 5740 2570 5789 vx,
2594 5726 2647 5779 4.
