3878 6310
395 303 491 360 ιιι

1542 304 1766 360 ΑΡΡΕΝ
1778 305 1890 359 DIX
1930 307 2022 360 AD
2057 308 2477 370 PALLADIUM.

3516 315 3614 370 129

393 419 630 476 dicturi:
670 420 807 474 Ecce
844 419 1040 475 iterum
1075 419 1254 475 sedem
1292 423 1689 506 mutarunt'isti
1721 425 1837 494 vagi
1867 431 1943 476 at-

2056 429 2216 482 πάλιν
2244 432 2292 482 οἱ
2327 427 2600 501 ἄνθρωποι
2621 472 2635 494 ,
2673 429 3146 492 σκανδαλισθέντες
3193 429 3273 492 είς
3315 430 3495 498 ἡμᾶς.
3531 430 3599 482 λέ-

391 527 498 579 que
546 513 849 567 instabiles.
895 513 1136 566 Cernens
1187 513 1349 580 igitur
1381 530 1474 570 eos
1508 516 1952 584 pusillanimitate

391 603 638 670 dejectos
660 643 674 664 ,
708 604 781 656 ita
812 603 1131 672 prolocutus
1165 614 1279 658 est:
1317 605 1464 659 Licet
1490 607 1762 660 nonnullis
1791 621 1952 661 scan-

391 691 516 746 dalo
539 692 707 746 futuri
739 694 910 747 simus
931 735 947 756 .
979 701 1034 745 at
1067 694 1189 746 aliis
1218 697 1424 750 erimus
1451 697 1796 751 mdilicationi
1815 737 1830 759 ,
1857 699 1949 766 qui

393 783 619 837 dicent:
677 783 823 838 Beati
879 783 967 837 isti
1019 784 1300 849 homines.
1356 789 1482 856 quia
1535 796 1752 858 propter
1781 787 1947 841 Deum

393 875 891 944 transmigrarunt,
937 877 1191 932 omnibus
1248 880 1530 948 neglectis.
1573 878 1948 934 Verumtamen

393 967 486 1036 qui
520 968 752 1020 voluerit
782 969 989 1031 venire,
1022 971 1225 1030 veniat.
1259 986 1357 1040 ego
1383 971 1492 1035 jam
1525 972 1735 1026 recedo.
1770 970 1952 1039 Itaque

395 1073 453 1113 se
474 1059 527 1111 in
553 1059 727 1112 solum
760 1067 1195 1128 prostraverunt,
1229 1062 1588 1131 postulantes,
1617 1062 1788 1116 donec
1825 1077 1948 1131 per-

393 1153 544 1205 missi
577 1160 704 1206 sunt
734 1167 857 1206 cum
891 1169 958 1209 eo
982 1154 1086 1208 iter
1120 1169 1298 1224 agere.

461 1245 512 1296 7.
543 1243 803 1298 Dixerunt
829 1261 1022 1300 rursus
1050 1246 1116 1301 de
1145 1247 1257 1308 illo,
1276 1247 1474 1316 saepius
1493 1247 1806 1316 cmigrasse,
1825 1264 1949 1303 cum

393 1333 614 1387 haberet
644 1332 909 1388 duntaxat
942 1335 1256 1404 scalpellum
1287 1338 1340 1390 in
1373 1338 1531 1391 cista.

459 1423 512 1478 8.
542 1425 652 1496 (l7)
687 1425 1056 1498 Interrogatus
1083 1437 1166 1484 est
1193 1428 1362 1483 abbas
1389 1430 1595 1499 Agatho
1623 1471 1638 1493 ,
1690 1430 1949 1500 quidnam

392 1516 569 1583 majus
596 1527 776 1580 esset,
809 1517 960 1572 labor
977 1519 1224 1588 corporis
1245 1561 1261 1583 ,
1295 1528 1387 1573 aut
1411 1521 1733 1575 interiorum
1767 1529 1951 1576 custo-

391 1608 500 1662 dia.
538 1606 714 1663 Senex
756 1618 935 1663 autem
984 1612 1356 1680 pronuntiavit
1390 1631 1402 1664 :
1433 1610 1602 1666 Homo
1647 1613 1842 1667 similis
1867 1621 1950 1666 est

393 1699 605 1763 “chori;
654 1707 709 1753 et
738 1701 1038 1770 corporalis
1080 1700 1295 1771 quidem
1337 1703 1530 1768 labor,
1574 1702 1700 1757 t‘olia
1747 1703 1947 1768 refert;

2052 537 2170 586 γειν
2196 537 2208 549 ⁸
2249 521 2380 574 Ἰδοὺ
2429 523 2735 593 μετέϐησαν
2768 523 2926 575 πάλιν
2957 523 3007 575 οἱ
3040 521 3343 574 ἀκάθιστοι.
3388 519 3533 573 Ἰδὼν
3559 519 3614 574 61

2051 611 2246 674 αὐτοὺς
2272 612 2727 682 ὁλιγοψυχοῦντας
2749 653 2764 675 ,
2798 614 2946 680 λέγει
2980 614 3188 674 αὐτοῖς·
3229 613 3293 665 Εἰ
3330 612 3424 664 καὶ
3453 628 3607 664 σκαν-

2049 702 2348 766 δαλίζονται
2389 722 2564 769 τινες,
2599 705 2733 758 ἀλλὰ
2761 706 2924 757 πάλιν
2954 704 3466 774 οἱκοδομηθήσονται
3497 704 3614 755 ἓτε-

2053 811 2135 864 ροι
2159 835 2173 858 ,
2209 795 2457 863 λέγοντες
2485 813 2498 826 ·
2551 796 2824 864 Μακάριοι
2874 799 2922 848 οἱ
2956 782 3224 855 τοιοῦτοι,
3273 795 3355 847 ὅτι
3403 795 3491 847 διὰ
3520 795 3609 846 τὸν

2050 887 2182 939 Θεὸν
2211 887 2514 956 μετέϐησαν
2533 928 2548 948 ,
2591 887 2684 940 καὶ
2706 888 2919 940 πάντων
2946 888 3372 956 κατεφρόνησαν.
3404 886 3549 954 Πλὴν
3579 889 3608 938 6

2051 976 2219 1029 θέλων
2271 976 2445 1029 ἐλθεῖν
2464 1016 2479 1038 ,
2509 971 2668 1047 ἐλθῃξ
2698 975 2807 1040 ἐγὼ
2836 976 2972 1039 τέως
3001 977 3211 1042 ὑπάγω.
3246 977 3473 1028 Ἐϐαλον
3518 971 3608 1029 οὖν

2051 1069 2275 1130 ἑαυτοὺς
2301 1069 2380 1129 είς
2412 1068 2470 1120 τὸ
2497 1067 2717 1134 ἔδαφος,
2759 1066 3030 1132 ἀξιοῦντες
3054 1108 3069 1131 ,
3111 1068 3215 1129 ἕως
3237 1061 3297 1120 οὗ
3325 1084 3612 1138 συγχωρη-

2052 1156 2214 1209 θῶσιν
2243 1159 2338 1210 σὺν
2363 1155 2512 1226 αὐτῷ
2535 1157 2772 1210 ὁδεῦσαι.

2120 1247 2184 1312 ζ’.
2224 1246 2392 1302 Εἶπον
2421 1250 2579 1302 πάλιν
2607 1249 2734 1317 περὶ
2764 1248 2928 1309 αὐτοῦ
2951 1289 2965 1311 ,
2997 1249 3079 1301 ὅτι
3111 1247 3368 1310 πολλάκις
3413 1247 3612 1318 μετέϐη

2051 1339 2188 1409 ἔχων
2215 1340 2313 1409 τὴν
2347 1340 2542 1409 σμίλαν
2578 1339 2771 1392 ἑαυτοῦ
2805 1339 2973 1409 μόνην
3004 1341 3082 1401 εις
3102 1339 3162 1391 τὸ
3192 1339 3445 1408 μαννὰδιν
3476 1339 3611 1408 (22).

2113 1433 2184 1495 η’.
2226 1428 2509 1497 Ἦρωτήθη
2538 1431 2567 1481 6
2600 1427 2775 1490 ἀϐϐἆς
2808 1427 3050 1495 Ἀγάθων
3069 1469 3084 1488 ,
3111 1428 3163 1479 τί
3192 1428 3372 1497 μεῖζον
3391 1469 3406 1486 ,
3437 1431 3465 1481 6
3511 1447 3614 1481 σω-

2054 1518 2280 1589 ματικὸς
2307 1519 2554 1589 κόπος,ἢ
2579 1521 2611 1590 ἡ
2644 1518 2856 1588 φυλακὴ
2885 1518 2992 1571 τῶν
3025 1518 3187 1571 ἔνδον.
3224 1515 3355 1571 Eine
3379 1518 3435 1571 δὲ
3460 1521 3489 1572 6
3516 1519 3612 1587 γέ-

2055 1624 2160 1678 ρων
2185 1624 2197 1636 ·
2241 1608 2422 1660 Ἐοικε
2453 1607 2652 1678 δένδρῳ
2682 1610 2711 1660 6
2753 1609 3062 1678 ἄνθρωπος·
3098 1611 3126 1661 6
3152 1609 3329 1661 τοίνυν
3379 1625 3614 1679 σωματι-

2051 1699 2144 1762 κὸς
2174 1698 2340 1761 κόπος
2371 1699 2544 1768 φύλλα
2593 1700 2770 1752 ἐστίν·
2819 1703 2852 1770 ὴ
2897 1700 2955 1753 δὲ
3003 1699 3112 1753 τῶν
3142 1700 3287 1754 ἔνδον
3321 1701 3532 1771 φυλακὴ
3584 1705 3613 1754 6

389 1789 710 1843 Interiorum
739 1805 870 1845 vero
897 1792 1164 1854 custodia.
1194 1791 1452 1846 fructum.
1477 1793 1613 1858 Quia
1644 1809 1774 1848 vero
1798 1794 1943 1861 juxta

2056 1791 2264 1862 καρπός
2310 1793 2478 1844 ἐστιν.
2533 1792 2750 1862 Ἐπειδὴ
2791 1768 2850 1844 δὲ.
2907 1793 3044 1845 κατὰ
3092 1793 3152 1846 τὺ
3207 1768 3613 1863 γεγραμμένον,

393 1876 732 1946 Scripturam
756 1920 772 1943 ,
807 1877 992 1934 Omnis
1038 1880 1195 1934 arbor
1217 1920 1231 1942 ,
1265 1897 1378 1951 quae
1406 1898 1508 1935 non
1551 1882 1682 1950 facit
1723 1882 1953 1950 fructum

391 1967 616 2027 bonum,
653 1967 958 2029 excidetur,
1007 1977 1057 2022 et
1107 1970 1162 2022 in
1208 1971 1377 2039 ignem
1431 1970 1666 2024 mittetur
1692 1972 1758 2036 ”,
1807 1980 1954 2042 patet

358 2074 549 2113 omne
584 2061 822 2114 studium
854 2068 1100 2115 nostrum
1147 2071 1392 2131 spectare
1431 2063 1496 2116 ad
1544 2063 1776 2118 fructum
1799 2105 1813 2125 .
1852 2065 1952 2120 hoc

388 2161 511 2213 est,
553 2151 620 2204 ad
672 2151 870 2205 mentis
898 2151 1228 2208 custodiam.
1272 2151 1422 2224 Opus
1456 2161 1634 2209 tamen
1693 2155 1951 2210 habemus

387 2243 549 2294 etiam
581 2250 890 2312 tegumento
923 2252 976 2298 et
1002 2253 1198 2298 ornatu
1228 2259 1292 2298 ex
1329 2244 1504 2309 foliis;
1541 2246 1796 2299 nimirum
1829 2262 1951 2301 cor-

390 2337 537 2404 poris
564 2336 768 2388 labore.

457 2427 510 2482 9.
543 2427 654 2496 (l8)
689 2426 1162 2497 lnterrogaverunt
1214 2442 1338 2483 eum
1391 2428 1567 2482 adhuc
1610 2427 1836 2492 fratres,
1869 2428 1951 2482 di-

385 2528 604 2574 centes:
640 2516 771 2584 Quae
801 2519 1004 2578 virtus.
1034 2517 1229 2581 Pater,
1258 2519 1400 2573 inter
1435 2531 1659 2574 caeteras
1688 2519 1948 2588 majorem

385 2611 551 2680 exigit
583 2611 859 2666 laborem?
887 2609 1027 2663 Dicit
1055 2613 1164 2665 eis:
1197 2610 1463 2680 Ignoscite
1495 2611 1662 2672 mihi,
1699 2613 1952 2674 existimo

387 2702 595 2754 nullum
636 2700 874 2754 laborem
917 2699 1120 2768 aequari
1173 2698 1424 2766 precibus
1476 2699 1540 2753 ad
1572 2699 1762 2754 Deum.
1801 2699 1949 2765 Quo-

386 2793 705 2860 tiescunque
735 2790 882 2845 enim
925 2789 1088 2844 homo
1111 2789 1347 2843 voluerit
1373 2805 1565 2856 orare,
1608 2791 1812 2845 inimici
1852 2808 1948 2845 seu

385 2884 659 2938 daemones
682 2882 932 2936 nituntur
951 2896 1074 2936 eum
1097 2890 1360 2935 avertere.
1391 2879 1584 2935 Sciunt
1617 2883 1816 2951 quippe
1840 2898 1947 2935 non

385 2975 543 3027 aliter
572 2972 821 3042 impediri
855 2987 950 3036 se,
999 2971 1105 3026 nisi
1155 2987 1251 3041 per
1301 2972 1604 3027 orationem
1653 2974 1721 3027 ad
1755 2973 1944 3027 Deum.

381 3064 542 3120 Certe
592 3061 856 3132 quidquid
893 3061 1039 3115 aliud
1073 3062 1200 3116 boni
1231 3064 1414 3132 operis
1444 3063 1606 3118 homo
1657 3075 1947 3135 aggressus

388 3157 571 3219 fuerit,
605 3157 659 3208 in
691 3170 758 3209 eo
785 3168 1158 3223 perseverans,
1190 3154 1432 3224 requiem
1463 3155 1710 3216 obtinet;
1741 3163 1797 3208 at
1823 3171 1947 3209 ora-

386 3250 460 3303 tio
485 3251 551 3302 ad
600 3248 850 3302 ultimum
898 3261 1070 3316 usque
1098 3247 1348 3316 spiritum
1379 3255 1500 3317 eget
1525 3249 1840 3302 certamine.

464 3425 550 3481 10.
584 3424 696 3496 (19)
719 3424 847 3478 Erat
866 3408 1054 3479 autem
1081 3422 1249 3478 abbas
1273 3421 1482 3492 Agatho
1503 3424 1722 3492 sapiens
1752 3433 1946 3482 mente.

385 3521 617 3589 impiger
649 3532 900 3588 corpore.
937 3525 990 3571 et
1023 3518 1077 3570 in
1112 3515 1322 3570 cunctis
1357 3514 1582 3570 idoneus
1603 3553 1618 3578 ,
1649 3529 1812 3584 opere
1838 3531 1947 3567 ma-

385 3627 577 3675 nuum,
605 3611 750 3676 cibo,
782 3609 1000 3666 vestitu.

457 3797 545 3851 il.
579 3794 692 3863 (20)
724 3791 866 3847 Idem
903 3791 1006 3845 iter
1060 3785 1252 3858 agebat
1303 3800 1427 3840 cum
1484 3784 1765 3854 discipulis
1797 3783 1946 3848 suis;

383 3903 683 3958 eorumque
723 3901 869 3941 unus
923 3885 1140 3937 inventa
1170 3880 1236 3934 ad
1285 3880 1425 3933 viam
1460 3879 1729 3932 cicercula
1765 3877 1946 3934 viridi.

377 3982 462 4034 ait
507 3981 623 4035 seni
664 3997 678 4032 :
718 3977 918 4037 Pater,
965 3973 1122 4044 jubes
1175 3972 1320 4026 illam
1370 3969 1672 4038 accipiam?
1713 3967 1949 4023 lntendit

379 4086 514 4141 ergo
558 4070 615 4123 in
653 4082 776 4122 eum
833 4080 998 4120 senex
1042 4066 1309 4128 miratus,
1360 4062 1628 4131 dicitque:
1681 4059 1833 4115 Tune
1881 4061 1946 4114 il-

386 4162 493 4213 lam
549 4157 622 4211 ibi
659 4155 944 4224 posuisti?
991 4151 1292 4222 Respondit
1339 4151 1504 4206 frater
1531 4170 1543 4206 :
1575 4150 1944 4221 Nequaquam.

385 4250 526 4304 Tum
560 4261 762 4302 senex:
805 4244 926 4310 Quo
952 4245 1111 4300 modo
1146 4245 1308 4315 igitur
1343 4245 1528 4300 tollere
1555 4246 1637 4299 vis
1665 4244 1808 4313 quod
1840 4258 1946 4297 non

387 4338 660 4412 posuisti?

2049 1883 2180 1938 Πᾶν
2206 1883 2457 1952 δένδρον
2481 1883 2568 1953 μὴ
2597 1885 2812 1938 ποιοῦν
2844 1883 3078 1952 καρπὸν
3111 1885 3303 1937 καλέν
3328 1885 3610 1937 ἐκκόπτε-

2049 1993 2143 2029 ται
2167 2017 2182 2040 ,
2223 1975 2322 2029 καὶ
2345 1978 2431 2040 εις
2458 1976 2577 2044 πῦρ
2617 1976 2912 2040 βάλλεται
2934 2014 2949 2038 ,
2994 1978 3222 2046 φανερόν
3246 1978 3390 2030 ἐστιν
3417 1976 3498 2028 ὅτι
3525 1974 3615 2027 διὰ

2048 2070 2139 2122 τὸν
2159 2069 2367 2140 καρπόν
2398 2071 2543 2121 εστιν
2571 2068 2727 2138 ἡμῶν
2761 2069 2794 2137 ἡ
2823 2066 3024 2137 σπουδὴ
3052 2070 3218 2128 πᾶσα,
3245 2067 3485 2119 τουτέστι
3513 2065 3612 2134 τὴν

2048 2161 2141 2215 τοῦ
2170 2162 2288 2223 νοὸς
2317 2161 2579 2229 φυλακήν.
2603 2161 2777 2230 Χρεία
2799 2159 2857 2212 δέ
2876 2163 2988 2212 ἐστι
3014 2160 3108 2212 καὶ
3134 2160 3232 2230 τῆς
3258 2161 3321 2211 ὲκ
3350 2156 3454 2209 τῶν
3480 2157 3611 2224 φύλ-

2049 2253 2154 2306 λων
2186 2254 2393 2321 σκέπης
2419 2253 2514 2304 καὶ
2539 2251 2834 2320 εὐκοσμίας
2855 2290 2870 2314 ,
2904 2249 3062 2303 ἅτινὰ
3087 2253 3233 2302 ὲστιν
3257 2253 3284 2303 6
3306 2249 3614 2318 σωματικδς

2049 2340 2234 2402 κόπος.
3517 2387 3526 2393 .

2120 2429 2185 2482 θ’.
2224 2429 2543 2501 Ἦρὼτησαν
2573 2429 2734 2482 αὐτὸν
2775 2429 2936 2482 πάλιν
2985 2431 3034 2482 oi
3067 2427 3284 2496 ἀδελφοὶ
3331 2427 3607 2496 λέγοντες·

2049 2520 2184 2573 Ποία
2208 2521 2375 2592 ἀρετή
2414 2523 2552 2584 ἐστι,
2585 2521 2786 2589 Πάτερ,
2814 2523 2871 2573 ἐν
2903 2523 3022 2583 ταῖς
3058 2519 3354 2583 πολιτείαις
3373 2559 3388 2578 ,
3415 2518 3611 2588 ἔχουσα

2049 2611 2266 2664 πλείονα
2304 2612 2581 2680 κάματον;
2617 2613 2776 2679 Λέγει
2829 2613 3036 2674 αὐτοῖς·
3062 2610 3452 2680 Συγχωρήσατέ
3498 2626 3608 2679 μοι,

2048 2701 2328 2770 λογίζομαι
2355 2701 2561 2753 ὅτιούκ
2592 2701 2738 2753 ἔστιν
2775 2701 2960 2770 ἔτερος
2998 2701 3269 2772 κάματος,
3315 2700 3389 2764 ὡς
3419 2699 3480 2753 τὸ
3520 2698 3611 2754 εὐ-

2049 2788 2346 2858 ξασθαιτῷ
2370 2787 2508 2858 Θεῷ.
2542 2789 2778 2842 Πάντοτε
2824 2790 2932 2858 γὰρ
2973 2790 3061 2841 ὅτε
3091 2789 3218 2862 θέλῃ
3253 2792 3282 2842 6
3329 2788 3613 2859 ἄνθρωπος

2049 2876 2480 2946 προσεύξασθαι,
2515 2877 2790 2947 βούλονται
2827 2881 2874 2931 οἱ
2913 2878 3092 2948 ἐχθροὶ
3136 2879 3363 2949 ἐκκόψαι
3407 2880 3565 2933 αὐτόν
3591 2895 3606 2910 ⁸

2047 2971 2218 3024 οἴδασι
2268 2970 2376 3041 γὰρ
2402 2972 2482 3024 ὅτι
2514 2970 2812 3039 οὐδαμόθεν
2852 2969 3264 3040 ἐμποδίζονται,
3305 2972 3353 3023 εἰ
3390 2970 3465 3041 μὴ
3504 2971 3612 3022 ἀπὸ

2048 3062 2141 3115 τοῦ
2173 3062 2430 3126 εὔξασθαι
2457 3062 2535 3133 τῷ
2560 3063 2697 3132 Θεῷ.
2725 3065 2836 3118 Καὶ
2860 3066 3037 3118 πᾶσαν
3065 3063 3122 3114 δὲ
3156 3063 3428 3117 πολιτείαν
3452 3064 3518 3134 ἢν
3545 3067 3612 3118 ἂν

2054 3152 2284 3225 μετέλθῃ
2311 3154 2357 3184 ’ί
2383 3154 2692 3225 ἄνθρωπος,
2727 3153 3076 3225 ὲγκαρτερῶν
3111 3155 3169 3206 ὲν
3203 3154 3337 3224 αὐτῇ
3362 3194 3376 3213 .
3416 3158 3610 3208 κτᾶται

2050 3246 2352 3300 ἀνάπαυσιν
2371 3262 2384 3276 '
2437 3247 2498 3299 τὸ
2527 3248 2583 3300 δὲ
2612 3245 2870 3313 εὔξασθαι
2895 3287 2910 3310 ,
2939 3247 3043 3311 ἕως
3074 3247 3306 3319 ἐσχάτης
3341 3249 3614 3319 ἀναπνοῆς

2049 3337 2256 3404 ἀγῶνος
2283 3338 2473 3408 χρῄζει
2498 3339 2562 3391 ⁸⁸.

2119 3435 2166 3481 ι’.
2200 3425 2306 3480 Ἦν
2338 3430 2392 3482 δὲ
2425 3432 2452 3482 6
2476 3429 2651 3494 ἀδὸᾶς
2685 3430 2928 3498 Ἀγάθων
2967 3432 3124 3500 σοφὸς
3151 3435 3207 3485 ὲν
3237 3433 3314 3502 τῷ
3348 3434 3614 3503 διανοητι-

2049 3516 2164 3587 κῷ,
2195 3519 2288 3571 καὶ
2314 3518 2506 3582 ἄοκνος
2547 3522 2605 3572 ὲν
2645 3520 2722 3590 τῷ
2757 3522 3050 3592 σωματικῷ
3073 3564 3087 3585 ,
3122 3526 3213 3576 καὶ
3236 3525 3511 3596 αὐτάρκης
3553 3528 3612 3577 ὲν

2050 3613 2248 3675 πᾶσιν,
2277 3610 2334 3663 ἐν
2367 3630 2424 3665 τε
2472 3612 2552 3684 τῷ
2599 3615 2898 3686 ὲργοχείρῳ
2949 3617 3042 3668 καὶ
3092 3619 3155 3687 τῇ
3199 3620 3371 3688 τροφῇ
3420 3619 3511 3670 καὶ
3541 3621 3608 3688 τῇ

2049 3702 2256 3771 ἐσθῆτι.

2117 3801 2205 3848 ια’.
2245 3797 2302 3848 '0
2333 3796 2493 3861 αὐτὸς
2515 3797 2680 3851 ὥδευε
2711 3797 2852 3868 μετὰ
2877 3798 2983 3852 τῶν
3012 3799 3265 3870 μαθητῶν
3295 3801 3456 3854 αὐτοῦ
3477 3819 3488 3832 ο
3517 3801 3611 3854 καὶ

2049 3885 2221 3955 εὑρὼν
2250 3881 2329 3948 εἷς
2378 3888 2436 3952 ὲξ
2465 3889 2642 3942 αὐτῶν
2695 3889 2888 3960 μικρὸν
2918 3890 3145 3960 ἀράκιον
3193 3891 3396 3962 χλωρὸν
3448 3895 3503 3944 ὲν
3541 3896 3608 3962 τῇ

2048 3976 2150 4047 ὁδῷ
2168 4017 2182 4040 ,
2208 3977 2354 4047 λέγει
2384 3979 2460 4049 τῷ
2489 3980 2706 4050 γέροντι
2728 3998 2738 4008 ·
2765 3981 2946 4050 Πάτερ
2969 4021 2984 4044 ,
3009 3981 3246 4045 κελεύεις
3274 3982 3422 4034 λάϐω
3444 3983 3606 4046 αὐτός

2048 4069 2350 4138 προσέσχεν
2372 4067 2464 4124 οὖν
2492 4071 2522 4122 6
2548 4071 2724 4142 γέρων
2753 4071 2899 4142 αὐτῷ
2927 4071 3221 4142 θαυμάζων
3242 4114 3257 4138 ,
3292 4075 3385 4127 καὶ
3417 4072 3564 4140 λέγει
3593 4091 3606 4105 ·

2047 4163 2121 4214 Σὺ
2168 4160 2370 4232 ἔθηκας
2419 4161 2550 4215 αὐτὸ
2582 4165 2731 4228 ὲκεῖ;
2765 4164 2925 4231 Λέγει
2956 4165 2985 4216 6
3026 4164 3284 4232 ἀδελφόςο
3319 4165 3468 4234 Οὐχί.
3501 4167 3610 4218 Καὶ

2045 4250 2193 4320 λέγει
2217 4252 2245 4303 6
2270 4252 2448 4321 γέρων
2467 4269 2478 4278 ·
2507 4252 2633 4316 Πῶς
2661 4249 2753 4306 οὖν
2779 4253 2950 4316 θέλεις
2979 4253 3160 4306 λαὸεἶν
3186 4254 3213 4306 ὃ
3241 4254 3340 4307 οὐκ
3365 4253 3568 4326 ἔθηκας
3591 4274 3606 4317 ;

460 4431 544 4484 12.
578 4430 688 4501 (:21)
719 4426 881 4482 Venit
913 4426 1078 4481 frater
1107 4427 1171 4482 ad
1204 4428 1450 4482 abbatem
1479 4428 1832 4496 Agathonem,
1863 4428 1943 4481 di-

2116 4425 2210 4494 ιβ’.
2253 4425 2500 4494 ’Λδελφδς
2526 4420 2655 4497 ἦλθε
2691 4426 2828 4498 πρὸς
2851 4429 2941 4480 τὸν
2971 4428 3144 4482 ἀϐϐᾶν
3184 4430 3462 4498 Ἀγάθωνα
3483 4473 3497 4492 ,
3525 4432 3612 4484 λέι

382 4525 599 4591 xitque:
631 4517 890 4572 Permitte
917 4526 972 4571 ul
996 4524 1172 4572 tecum
1208 4533 1473 4572 maneam.
1495 4516 1938 4579 Veniensautem.

385 4613 583 4682 reperit
613 4611 666 4664 in
696 4609 890 4663 itinere
925 4623 1111 4677 parum
1147 4608 1274 4661 nitri
1305 4647 1321 4670 ,
1363 4608 1602 4676 illudque
1627 4610 1823 4662 attulit.
1861 4610 1938 4662 Ad

382 4720 542 4775 quem
571 4718 732 4759 senex
758 4721 772 4758 :
797 4700 950 4756 Unde
977 4702 1234 4771 accepisti
1257 4702 1457 4755 nitrum
1476 4703 1498 4754 ?
1517 4699 1812 4766 Respondit
1843 4701 1944 4754 fra-

383 4807 498 4852 ter:
539 4797 596 4848 in
626 4796 712 4848 via
747 4793 1004 4849 incedens
1039 4801 1305 4863 repertum
1339 4792 1568 4862 sumpsi.
1603 4789 1774 4846 Senex
1811 4792 1942 4846 dicit

457 4950 503 4981 ”
539 4946 725 5002 Matth.
770 4963 849 5014 Ill,
883 4947 972 5006 10.
1045 4947 1089 4979 ⁸⁸
1116 4946 1200 4999 Al.
1230 4944 1520 5019 μελετήσῃ.
1596 4948 1642 4978 ⁸¹
1669 4947 1754 5000 Al.
1786 4947 1964 5018 χρεία.

459 5104 567 5176 (Π)
608 5104 707 5176 Yit.
744 5105 897 5176 Patr.
929 5121 984 5166 ι.
1017 5103 1104 5159 Η.

361 5203 370 5212 -
457 5169 570 5239 (18)
607 5175 714 5229 Vit.
749 5175 904 5229 Patr.
939 5191 1039 5235 xu.
1062 5176 1128 5237 2;
1163 5173 1321 5230 Joan.
1357 5173 1546 5229 Geom.
1585 5169 1792 5226 Parad.
1820 5171 1904 5224 77.

457 5185 549 5239 (18
612 5185 714 5229 Vit.
749 5185 904 5229 Patr.
939 5191 1039 5235 xu.
1062 5185 1128 5237 ‘2;
1163 5185 1321 5230 Joan.
1357 5185 1546 5229 Geom.
1585 5185 1792 5226 Parad.
1821 5185 1904 5224 '11.

456 5185 570 5321 (tt);
741 5244 890 5321 ξων.
919 5261 972 5304 x.
1001 5245 1090 5321 il.
1262 5317 1272 5321 _
1311 5316 1325 5321 _
1466 5313 1497 5321 __
1585 5311 1634 5321 __
1703 5319 1710 5321 Α
1757 5310 1813 5321 Μ
1897 5309 1908 5321 .

457 5310 570 5384 (20)
606 5315 712 5368 Vit.
751 5314 900 5367 Patr.
938 5331 1011 5378 iv,
1055 5317 1106 5368 8.
1139 5346 1209 5356 —
1247 5316 1327 5368 Ad
1360 5313 1537 5384 capita
1578 5311 1635 5364 lt
1666 5319 1720 5384 et
1749 5310 1941 5384 utsi-

389 5379 644 5455 miliaque
669 5385 796 5448 alia,
824 5389 1018 5453 apponi
1051 5385 1208 5439 velim
1238 5379 1799 5455 locum'StephaniJn
1829 5379 1940 5432 fra-

387 5448 775 5528 gmentogquod
796 5448 1045 5528 vulgavit
1091 5458 1173 5528 vir
1191 5455 1438 5528 eruditus
1472 5448 1690 5528 Samuel
1718 5448 1938 5528 Tennu-

390 5517 513 5591 lius,
545 5517 667 5579 ubi'
693 5526 759 5579 de
793 5517 1029 5591 Dyrbazis
1058 5544 1069 5579 :
1104 5519 1264 5578 Οὗτοι
1317 5522 1438 5577 οὐτε
1471 5518 1770 5591 ἀδικοῦσιν
1819 5517 1942 5571 οὔτε

387 5583 788 5672 (ἀποκτείνουσιν
817 5583 1118 5672 ἅνθρωπων
1143 5595 1364 5672 οὐδένα..
1397 5589 1522 5672 Ἐᾲν
1535 5589 1599 5642 δέ
1629 5606 1683 5672 τι
1713 5588 1942 5672 εὐρωσιν

389 5669 537 5738 ενᾲτῇ
567 5666 689 5737 ὁδῷ.
727 5658 946 5736 χρυσίον
974 5665 1242 5738 meeum;
1276 5663 1309 5732 ἢ
1340 5660 1600 5738 ἀργύριον
1641 5658 1674 5728 ἢ
1713 5658 1838 5738 ἄλλο
1864 5673 1941 5718 τι,

387 5727 537 5794 οὐδὲν
563 5727 946 5808 ἀπὸχιὶῖῆσειαν
965 5727 1117 5794 αὐτό.
1149 5749 1245 5805 seu
1274 5727 1455 5801 potius
1469 5727 1714 5782 cumms.
1748 5727 1938 5788 οὓτως.

2047 4533 2159 4585 γων
2182 4533 2194 4545 ·
2237 4514 2434 4567 Ἔασόν
2471 4532 2537 4584 με
2579 4516 2745 4568 οἰκεῖν
2778 4517 2914 4586 μετὰ
2947 4517 3063 4570 σοῦ.
3111 4517 3430 4590 Ἐρχόμενος
3465 4521 3522 4573 δὲ
3552 4523 3609 4572 ἐν

2046 4610 2111 4677 τῇ
2159 4605 2265 4675 ὁδῷ
2303 4600 2426 4675 εὗρε
2459 4607 2651 4676 μικρὸν
2683 4607 2862 4677 νίτρον
2885 4647 2900 4671 ,
2936 4609 3029 4660 καὶ
3061 4610 3287 4677 ἤνεγκεν
3317 4611 3464 4665 αὐτό.
3500 4612 3610 4664 Καὶ

2048 4699 2194 4766 λέγει
2223 4698 2252 4749 6
2284 4697 2460 4767 γέρων
2484 4714 2496 4727 ο
2530 4697 2700 4750 Πόθεν
2727 4692 2884 4770 εὗρες
2905 4699 2967 4752 τὸ
2990 4699 3198 4770 νίτρονς
3223 4702 3382 4770 Λέγει
3409 4704 3437 4754 6
3461 4704 3614 4757 ἀδελ-

2049 4793 2147 4860 φός
2166 4807 2181 4822 ο
2222 4791 2310 4843 Ἐν
2341 4793 2406 4861 τῇ
2438 4791 2542 4861 ὁδῷ
2567 4785 2721 4864 εὖρον
2751 4793 2901 4855 αὐτὸ,
2933 4793 3269 4864 περιπατῶν,
3303 4798 3394 4849 καὶ
3421 4797 3615 4850 ἔλαϐον

2045 5095 2141 5148 Illi
2170 5095 2604 5168 neqtteiniuriam
2655 5098 2875 5164 faciunt,
2907 5115 3067 5166 neque
3101 5115 3410 5168 quamquam
3445 5101 3616 5153 Immi-

2042 5183 2166 5217 num
2199 5163 2459 5220 accidunt.
2496 5165 2555 5220 Si
2586 5183 2698 5218 vero
2730 5168 2932 5237 aliquid
2962 5163 3015 5221 in
3051 5163 3132 5221 via
3164 5163 3470 5225 invenerint.
3509 5188 3607 5224 au-

2040 5252 2181 5309 rum,
2213 5245 2304 5287 aut
2328 5246 2534 5309 vestem,
2561 5247 2651 5288 aut
2677 5249 2969 5302 amentum,
2994 5249 3086 5290 aut
3105 5238 3254 5309 aliud
3286 5237 3430 5307 quid,
3453 5257 3614 5309 neque

2039 5305 2115 5356 sic
2144 5306 2919 5378 eorum_quidquam__ahlaturi
2951 5320 3091 5362 sunt.
3118 5308 3242 5376 Legi
3277 5305 3494 5378 quoque
3517 5305 3612 5377 po-

2040 5382 2178 5434 test,
2211 5383 2268 5426 ut
2289 5375 2444 5442 plura
2486 5391 2592 5427 nou
2627 5376 2802 5429 dicam
2830 5418 2842 5435 ,
2882 5377 3074 5430 Rerum
3101 5375 3370 5432 variarum
3407 5375 3472 5432 ex
3509 5375 3611 5432 ad-

2041 5445 2304 5517 versariis
2342 5443 2580 5517 Gretseri
2609 5448 2934 5517 selectarum
2963 5465 3100 5516 opus
3124 5449 3216 5501 lib.
3262 5465 3300 5501 ll
3349 5464 3469 5517 cap.
3503 5449 3557 5502 7.

2118 5513 2228 5581 (21)
2257 5511 2487 5579 Append.
2523 5529 2574 5582 p.
2615 5515 2770 5572 1009..
2798 5533 2849 5568 ιι.
2892 5516 2944 5569 6.

2117 5603 2230 5673 (2‘2)
2267 5602 2336 5656 Τὸ
2374 5603 2691 5670 μαννάὸιν.
2748 5605 2978 5661 Videtur
3001 5621 3124 5662 esse
3165 5607 3308 5677 quod
3340 5623 3440 5663 nos
3471 5608 3609 5664 Galli

2045 5689 2304 5728 vocamus
2332 5691 2430 5729 une
2459 5691 2666 5739 munne,
2691 5692 2760 5728 un
2787 5679 3122 5748 mannequin,
3152 5680 3302 5734 cista:
3325 5693 3516 5749 genus.
