3878 6306
275 306 378 360 115

1411 309 2021 365 APOPHTIIEGMATA
2060 310 2368 368 PATRUH.

3405 310 3507 367 ιη

267 426 417 481 αὐτό.
455 423 623 493 Λέγει
651 424 801 494 αὑτῳ
832 438 860 478 ο
881 424 1058 494 γέρων
1081 441 1094 454 ·
1118 416 1184 478 Εἰ
1215 426 1334 498 μετ’
1356 426 1492 497 ἐμοῦ
1515 423 1677 498 ἦλθες
1703 430 1852 498 οἰκῆ-

1974 426 1998 480 :i
2021 445 2032 480 :
2058 424 2116 480 Si
2149 442 2361 482 mecum
2388 425 2642 482 veniebas
2672 421 3094 495 habitare,quod
3114 443 3218 482 non
3251 443 3510 498 posueras

267 535 378 577 σαι,
414 515 446 568 6
475 515 578 568 οὐκ
606 515 812 586 ἔθηκας
835 555 850 579 ,
885 515 1002 578 πῶς
1034 514 1298 586 εἴληφας
1331 518 1440 569 Καὶ
1477 517 1720 589 ἐπεμψεν
1752 519 1849 572 αὺ-

266 609 353 660 τὸν
381 607 715 674 ἀπενεγκεῖν
741 605 892 667 αὐτὸ,
918 605 1039 660 ὅθεν
1065 606 1286 678 εἴληφεν
1309 607 1462 660 αὐτό.

334 705 424 766 ιγ’.
475 698 732 766 Ἀδελφὸς
775 697 1026 769 ἠρώτησε
1075 698 1167 752 τὸν
1208 697 1439 771 γέροντα
1477 699 1650 768 λέγων
1675 718 1688 731 ο
1732 700 1849 754 Ἐν·-

264 789 390 859 τολή
426 806 520 859 μοι
549 788 777 857 ἐςθασε,
806 790 900 842 καὶ
931 788 1045 842 ἐστι
1070 789 1305 860 πόλεμος
1340 791 1473 845 ὅπου
1508 792 1656 846 ἐστὶν
1684 795 1717 864 ἡ
1763 795 1849 847 ἐνο

265 879 417 949 τολή.
448 879 602 932 Θέλω
639 875 732 934 οὖν
784 881 1038 935 ἀπελθεῖν
1088 881 1155 935 δι’
1189 882 1356 954 αὐτὴν
1381 921 1396 948 ,
1446 883 1540 936 καὶ
1579 883 1849 956 φοϐοῦμαι

265 971 355 1024 τὸν
385 972 650 1042 πόλεμον.
681 973 793 1026 Καὶ
825 973 972 1041 λέγει
993 974 1141 1045 αὑτῷ
1171 977 1200 1028 6
1241 975 1419 1047 γέρων
1439 992 1452 1005 ·
1483 978 1546 1030 Ei
1579 973 1647 1048 ἦν
1687 977 1850 1045 Ἀγά-

266 1063 375 1115 θων
411 1062 529 1133 (25)
557 1103 572 1126 ,
625 1063 800 1117 ἐποίει
851 1063 948 1136 τὴν
991 1065 1208 1137 ἐντολὴν
1235 1106 1250 1132 ,
1294 1067 1390 1120 καὶ
1429 1068 1584 1122 ἐνίκα
1625 1068 1717 1124 τὸν
1750 1072 1850 1125 πό-

265 1154 318 1208 λε
324 1173 454 1226 μον,
1247 1151 1253 1157 ’

330 1249 414 1300 ιδ’.
463 1249 524 1304 Ὀ
555 1249 718 1312 αὐτὸς
757 1249 1002 1318 Ἀγάθων
1026 1288 1041 1312 ,
1071 1250 1347 1322 συνεδρίου
1396 1253 1690 1323 γενομένου
1721 1255 1851 1325 περὶ

266 1339 598 1410 πράγματός
644 1357 787 1403 τινος
844 1342 901 1392 ἐν
949 1341 1144 1412 Σκήτει
1171 1381 1186 1404 ,
1217 1344 1310 1396 καὶ
1356 1341 1610 1408 λαϐόντος
1659 1345 1849 1409 τύπον,

266 1427 498 1500 ὕστερον
539 1429 709 1484 ἐλθὼν
751 1428 905 1484 εἶπεν
947 1433 1159 1496 αὐτοῖς·
1202 1435 1277 1487 Οὐ
1312 1434 1492 1498 καλῶς
1535 1437 1850 1490 ἐτυπώσατε

265 1521 327 1572 ιδ
366 1523 628 1592 πρᾶγμα.
662 1523 726 1576 Ol
757 1523 814 1577 δὲ
846 1523 1000 1578 εἶπον
1035 1525 1170 1594 πρὸς
1207 1526 1405 1580 αὐτόν’
1457 1529 1528 1580 Σὺ
1557 1529 1642 1592 τίς
1689 1523 1740 1582 εἴ
1770 1531 1851 1584 ὅτι

266 1609 406 1674 ὅλως
427 1609 614 1674 λαλεῖς
639 1630 654 1677 ;
687 1611 745 1664 '0
767 1611 822 1666 δὲ
848 1609 1022 1666 εἶπενο
1054 1615 1180 1677 Υἱὸς
1205 1614 1511 1687 ἀνθρώπου.
1541 1619 1851 1690 Γέγραπται

267 1699 406 1771 γάρ·
437 1702 509 1754 El
537 1699 774 1770 άληθῶς
799 1702 911 1770 ἄρα
937 1701 1602 1772 δικαιοσύνηνλαλεῖτε,
1618 1710 1852 1776 εὐθείας

268 1791 540 1858 mirare,
559 1791 672 1846 υἱοὶ
704 1790 824 1845 τῶν
845 1792 1192 1861 ἀνθρώπων.

336 1970 425 2016 ιε’.
466 1964 697 2032 Ἔλεγον
747 1966 876 2036 περὶ
925 1963 1018 2018 τοῦ
1046 1965 1190 2019 ἀδεᾶ
1227 1966 1531 2035 Ἀγάθωνος
1555 2006 1571 2033 ,
1617 1968 1699 2022 ὅτι
1725 1969 1852 2040 τρία

267 2055 360 2126 ἔτη
397 2055 678 2125 ἐποίησεν,
709 2055 847 2126 ἔχων
875 2055 1022 2111 λίθον
1048 2059 1128 2121 είς
1154 2057 1214 2111 τὸ
1240 2057 1414 2130 στόμα
1439 2059 1604 2113 αὑτοῦ
1621 2099 1636 2124 ,
1663 2059 1768 2122 ἕως
1791 2054 1852 2114 οὗ

267 2146 610 2217 κατώρθωσε
642 2147 703 2199 τὸ
740 2150 971 2219 σιωπᾷν.

361 2239 459 2305 ις’.
501 2241 730 2309 Ἔλεγον
788 2241 950 2296 πάλιν
1013 2244 1142 2316 περὶ
1188 2243 1352 2297 αὑτοῦ
1407 2247 1501 2298 καὶ
1556 2244 1652 2298 τοῦ
1709 2245 1854 2300 ossa

282 2333 510 2404 Ἀμοῦν,
538 2337 620 2389 ὅτι
645 2336 734 2389 ὅτε
762 2337 1102 2408 ἐπίπρασκον
1132 2336 1346 2401 σκεῦος,
1373 2335 1520 2402 ἅπαξ
1541 2337 1724 2407 ἔλεγον
1755 2339 1853 2410 τὴν

268 2427 437 2498 τιμὴν
462 2468 479 2491 ,
513 2428 607 2480 καὶ
635 2427 695 2480 τὸ
728 2427 1005 2498 διδόμενον
1031 2427 1214 2491 αὐτοῖς
1262 2427 1565 2498 ἐλάμὸανον
1608 2428 1855 2482 σιωπῶν-

269 2535 362 2582 τες
411 2519 553 2589 μετὰ
601 2517 963 2583 ἀναπαύσεως
987 2532 1000 2544 ⁸
1032 2519 1128 2573 καὶ
1172 2519 1332 2574 πάλιν
1375 2521 1465 2573 ὅτε
1505 2519 1695 2591 ἧθελον
1725 2522 1855 2589 ἀγο-

273 2613 438 2682 ράσαι
467 2611 524 2664 τί
556 2628 720 2673 ποτε,
761 2612 824 2664 τὸ
869 2611 1160 2681 λεγόμενον
1205 2613 1385 2677 αὐτοῖς
1417 2615 1682 2683 παρεῖχον
1717 2613 1854 2684 μετὰ

271 2703 488 2774 σιωπῆς
507 2743 524 2768 ,
550 2704 644 2756 καὶ
672 2702 977 2773 ἐλάμϐανον
1003 2703 1062 2756 τὸ
1084 2703 1299 2769 σκεῦος,
1329 2704 1554 2759 καθόλου
1588 2703 1662 2776 μὴ
1690 2704 1856 2774 φθεγ-

271 2797 336 2865 γὸ
343 2812 521 2866 μενοι.

339 2892 427 2955 ιζ’.
466 2891 528 2944 ’0
569 2889 732 2954 αὐτὸς
765 2890 936 2954 ἁδόἄς
978 2891 1222 2960 Ἀγάθων
1261 2887 1412 2945 εἶπεν
1439 2931 1454 2956 ,
1485 2893 1566 2946 ὅτι
1587 2893 1856 2947 Οὐδέποτε

269 2983 451 3036 ἔδωκα
505 2981 729 3053 ἀγάπην
770 2981 922 3052 (24)ο
979 2982 1118 3036 ἀλλὰ
1172 2983 1232 3037 τὸ
1289 2983 1471 3038 δοῦναι
1528 2985 1622 3039 καὶ
1671 2984 1856 3038 λαϐεῖν

270 3075 464 3146 ἀγάπη
497 3092 588 3146 μοι
621 3071 689 3148 ἦν
711 3091 727 3108 ·
769 3073 1117 3146 λογιζόμενος
1151 3077 1234 3130 ὅτι
1261 3077 1320 3131 τὸ
1369 3077 1557 3150 κέρδος
1582 3077 1676 3132 τοῦ
1705 3077 1858 3132 ἀδελ-

274 3167 377 3238 φοῦ
413 3185 541 3238 μου,
572 3166 735 3239 ἔργον
767 3168 1142 3240 καρποφορίας
1175 3169 1342 3223 ἐστίν.

348 3266 441 3329 ιη’.
489 3259 548 3313 ⁸0
584 3260 748 3322 αὐτὸς
794 3261 882 3313 ὅτε
920 3259 1115 3313 ἔϐλεπε
1159 3262 1424 3332 πρᾶγμα,
1461 3263 1555 3315 καὶ
1593 3261 1783 3332 ἤθελεν
1829 3265 1857 3316 6

273 3349 539 3420 λογισμὸς
573 3347 736 3402 αὑτοῦ
766 3352 980 3420 κρῖναι,
1010 3349 1194 3417 ἔλεγεν
1223 3349 1402 3420 ἐαυτῷ
1421 3366 1436 3381 ο
1484 3350 1749 3418 Ἀγάθων.
1784 3351 1858 3422 μὴ

275 3445 514 3515 ποιήσῃς
543 3442 678 3496 αὐτὸ
708 3441 798 3494 σύ.
821 3443 929 3497 Καὶ
949 3435 1102 3506 οὗτος
1123 3443 1169 3474 ⁸³
1187 3444 1216 3495 6
1237 3442 1496 3514 λογισμὸς
1521 3444 1686 3498 αὑτοῦ
1723 3445 1860 3516 ησύ-

275 3537 467 3606 χαζεν.

349 3627 438 3682 ιϐ’.
487 3627 548 3680 '0
573 3627 736 3690 αὐτὸς
764 3621 945 3680 εἶπεν·
994 3627 1119 3680 Ἐὰν
1159 3626 1375 3699 ὀργίλος
1417 3628 1607 3699 νεκρὸν
1651 3627 1860 3700 ἐγείρῃ,

276 3721 378 3774 οὐκ
402 3720 522 3774 ἐστι
542 3719 732 3783 δεκτὸς
764 3719 915 3792 παρὰ
941 3719 1020 3791 τῷ
1049 3719 1190 3791 Θεῷ.

345 3820 421 3867 κ’.
471 3812 642 3883 Ἔσχε
697 3812 829 3866 ποτέ
878 3815 907 3865 6
955 3811 1128 3877 esse;
1181 3812 1423 3881 Ἀγάθων
1453 3811 1564 3866 δύο
1614 3811 1863 3884 μαθητὰς

280 3904 710 3977 ἀναχωροῦντας
745 3905 868 3958 κατ’
903 3905 1058 3962 ἰδίαν.
1105 3905 1193 3958 Ἐν
1227 3907 1326 3976 μιᾷ
1353 3900 1447 3958 οὖν
1471 3903 1579 3958 τῶν
1620 3905 1862 3976 ἡμερῶν,

279 3994 541 4066 ἠρώτησε.
574 3993 666 4047 τὸν
687 3995 804 4047 ἕνα⁸
827 3994 951 4058 Πῶς
980 3993 1188 4062 διάγεις
1217 3995 1274 4046 ἐν
1303 3993 1380 4063 τῷ
1409 3993 1604 4065 κελλίῳ
1635 4011 1762 4058 σου;
1807 3994 1864 4046 '0

280 4087 337 4141 δὲ
376 4086 484 4156 ἔφη
509 4102 524 4116 °
554 4084 822 4155 Νηστεύω
850 4085 956 4148 ἕως
983 4085 1100 4154 ὀψὲ,
1134 4087 1229 4138 καὶ
1258 4086 1426 4138 ἐσθίω
1466 4085 1560 4138 δύο
1607 4084 1866 4156 παξαμά·

281 4197 394 4233 τια.
421 4178 590 4247 Λέγει
617 4176 768 4248 αὐτῷ
787 4195 799 4206 ο
831 4176 987 4248 Καλὴ
1008 4177 1185 4230 δίαιτα
1205 4217 1220 4242 ,
1251 4179 1311 4231 οὐ
1346 4178 1484 4232 πάνυ
1530 4177 1748 4248 ἔχουσα,
1772 4177 1866 4230 κός

284 4288 410 4324 πον.
447 4271 612 4339 Λέγει
641 4271 736 4322 καὶ
780 4268 858 4340 τῷ
885 4269 1029 4339 ἄλλῳ
1052 4284 1064 4298 ·
1097 4271 1169 4322 Σὺ
1205 4270 1358 4335 πῶς;
1401 4270 1457 4322 '0
1499 4267 1553 4321 δέ
1581 4267 1683 4340 ἔφη
1706 4285 1720 4298 ·
1767 4267 1871 4322 Δύο

281 4361 381 4418 δύο
401 4361 516 4434 (25)
547 4361 817 4432 νηστεὺω,
845 4362 1054 4416 καὶδύο
1082 4359 1397 4434 παξαμάτια
1427 4361 1607 4416 ἐσθίω.
1645 4363 1754 4416 Καὶ
1777 4361 1868 4415 λέ-

355 4520 404 4552 ³⁸
430 4519 522 4574 AI.
562 4517 758 4583 οὕτως.
835 4520 884 4551 ⁸⁸
924 4517 1070 4574 Psal.
1111 4533 1242 4584 Lvu,
1267 4519 1322 4572 2.

1949 536 2057 588 quo
2092 521 2253 573 modo
2279 519 2519 588 cepisti?
2559 518 2810 588 Misitque
2836 533 2958 573 eum
2997 528 3273 590 reportare
3308 522 3508 576 nitrum

1948 625 2055 679 quo
2080 609 2198 664 loco
2217 617 2522 677 acceperat.

2020 703 2106 757 13.
2137 701 2248 772 (26)
2289 699 2481 756 Frater
2509 701 2583 754 ita
2615 706 2962 770 percontatus
2987 708 3070 752 est
3114 715 3325 753 senem:
3362 699 3512 754 Man-

1949 795 2133 848 datum
2166 793 2374 863 accepi,
2402 794 2497 847 sed
2524 791 2821 861 periculum
2853 791 3166 845 tentationis
3192 793 3430 843 occurrit
3458 791 3509 843 in

1951 886 2069 940 loco
2094 885 2355 939 mandati.
2387 882 2523 938 Volo
2553 882 2715 954 igitur
2752 897 2974 952 pergere
2995 919 3010 943 ,
3041 882 3109 935 ob
3161 889 3508 951 prmceptum,

1951 973 2046 1030 sed
2096 973 2391 1044 periculum
2442 973 2626 1026 timeo.
2674 969 2809 1024 Dicit
2857 971 2904 1026 ei
2955 985 3158 1025 senex:
3210 972 3266 1025 Si
3303 971 3512 1040 Agatho

1949 1073 2133 1130 esset,
2161 1065 2483 1120 mandatum
2513 1056 2841 1134 peregisset,
2877 1077 2941 1116 ac
2991 1070 3302 1132 superasset
3336 1071 3514 1116 tenta-

1951 1159 2172 1214 tionem.

2028 1249 2110 1304 14.
2150 1249 2258 1320 (27)
2294 1248 2439 1302 idem
2467 1248 2694 1319 Agatho,
2730 1263 2852 1301 cum
2889 1243 3032 1301 Sceti
3067 1247 3356 1301 haberetur
3381 1261 3516 1301 con-

1953 1359 2139 1398 sessus
2165 1343 2234 1397 ob
2269 1341 2487 1411 aliquod
2519 1341 2792 1410 negotium
2819 1381 2833 1405 ,
2865 1339 3103 1408 illudque
3137 1338 3417 1393 sanctione
3448 1337 3513 1392 ti-

1951 1450 2072 1488 nem
2104 1433 2426 1504 accepisset.
2453 1441 2638 1502 postea
2664 1431 2884 1487 veniens
2907 1431 3042 1484 dixit
3060 1430 3339 1486 monachis
3359 1448 3372 1483 :
3394 1428 3514 1483 Non

1953 1535 2099 1581 recte
2129 1525 2196 1580 de
2229 1526 2445 1595 negotio
2473 1523 2752 1580 sanxistis.
2788 1521 2865 1576 llli
2902 1529 3080 1577 autem
3113 1522 3179 1575 ad
3214 1538 3368 1576 eum:
3407 1520 3512 1584 Tu,

1953 1618 2227 1688 inquiunt,
2252 1617 2503 1686 quisnam
2530 1631 2610 1679 es,
2645 1616 2736 1685 qui
2762 1615 2842 1669 vel
2871 1613 3151 1684 loqueris?
3178 1612 3513 1683 Respondit:

1955 1709 2086 1764 Sum
2137 1709 2276 1763 ﬁlius
2327 1707 2584 1761 hominis.
2621 1705 2895 1776 Scriptum
2947 1705 3090 1760 enim
3134 1712 3252 1759 est:
3297 1703 3357 1757 Si
3407 1719 3520 1757 vere

1880 1798 1923 1852 Β
1953 1802 2127 1870 utique
2145 1799 2416 1869 justitiam
2448 1799 2756 1864 loquimini,
2809 1806 2950 1852 recta
2979 1796 3211 1862 iudicate
3234 1836 3250 1860 ,
3293 1796 3393 1865 filii
3421 1795 3518 1849 lto-

1953 1893 2150 1945 ntinunt
2168 1892 2229 1944 ⁵³⁵.

2023 1983 2110 2037 15.
2145 1983 2255 2053 (28)
2291 1980 2554 2036 Dicebant
2588 1981 2654 2037 de
2693 1981 2887 2036 abbate
2915 1981 3200 2050 Agathone
3229 2020 3242 2042 ,
3289 1996 3384 2050 per
3410 1991 3521 2035 tres

1954 2075 2102 2127 illum
2143 2089 2314 2128 annos
2348 2073 2582 2144 lapidem
2616 2088 2710 2128 ore
2747 2083 3009 2144 gestasse,
3049 2072 3221 2127 donec
3249 2073 3408 2126 silere
3436 2072 3520 2126 di-

1954 2166 2197 2220 dicisset.

2025 2256 2108 2311 16.
2151 2257 2380 2311 Aiebant
2415 2259 2610 2312 iterum
2655 2256 2723 2311 de
2767 2256 2860 2310 illo
2890 2265 2944 2311 et
2989 2255 3055 2310 de
3086 2255 3281 2311 abbate
3318 2257 3519 2319 Atnun,

1955 2348 2099 2418 quod
2131 2349 2350 2417 quando
2394 2364 2485 2402 vas
2532 2347 2748 2418 aliquod
2783 2348 3127 2412 vendebant,
3187 2349 3352 2402 semel
3393 2364 3520 2417 pre-

1954 2441 2087 2495 tium
2123 2447 2422 2510 ponerent,
2451 2438 2742 2509 datamque
2775 2441 3058 2510 pecuniam
3098 2442 3406 2511 acciperent
3436 2450 3520 2495 ta-

1955 2534 2047 2587 citi
2088 2548 2211 2586 cum
2257 2533 2476 2602 quiete:
2516 2531 2736 2602 quando
2792 2540 2972 2586 autem
3021 2532 3298 2602 quidpiam
3339 2547 3523 2586 emere

1954 2625 2247 2688 volebant,
2281 2623 2422 2695 quod
2458 2625 2740 2694 petebatur
2787 2624 3087 2678 tribuerent
3126 2639 3248 2678 cum
3284 2625 3521 2688 silentio,

1957 2723 2347 2786 sumerentque
2376 2731 2492 2783 vas,
2524 2716 2658 2770 nihil
2693 2717 2917 2770 omnino
2957 2717 3246 2786 prolocuti.

2029 2896 2116 2950 17.
2162 2893 2302 2950 Idem
2336 2895 2547 2966 Agatho
2573 2895 2744 2949 dixit:
2801 2897 3089 2964 Nunquam
3140 2894 3259 2950 dedi
3295 2907 3523 2964 agapen,

1959 2990 2053 3044 sed
2083 2988 2213 3043 dare
2252 2997 2306 3043 et
2337 2989 2586 3058 accipere
2613 3026 2628 3051 ,
2661 3002 2830 3056 agape
2861 2988 2993 3042 mibi
3025 2997 3172 3054 erat;
3210 2989 3523 3055 reputabant

1958 3079 2103 3134 enim
2144 3077 2291 3149 quod
2333 3079 2545 3133 lucrum
2582 3075 2769 3132 fratris
2800 3079 2938 3143 mei,
2979 3093 3116 3147 opus
3147 3075 3216 3131 sit
3250 3075 3522 3130 fructuum

1956 3169 2265 3226 oblationis.

2025 3261 2112 3316 18.
2153 3260 2298 3317 Idem
2349 3277 2473 3316 cum
2503 3261 2710 3332 aliquid
2741 3261 2971 3316 vidisset
2997 3300 3012 3322 .
3063 3259 3332 3328 velletque
3373 3270 3526 3312 mens

1955 3353 2076 3422 ejus
2107 3353 2176 3407 de
2205 3352 2550 3422 rejudicare,
2584 3353 2807 3408 sibimet
2843 3352 3057 3406 aiebat:
3091 3351 3323 3421 Agatho.
3364 3359 3418 3403 tu
3461 3364 3528 3404 ne

1959 3445 2014 3498 id
2041 3445 2256 3502 feceris.
2286 3443 2482 3516 Sicque
2504 3446 2721 3516 quietus
2759 3444 3015 3500 manebat
3047 3444 3260 3498 animus
3292 3442 3432 3512 ejus.

2029 3629 2115 3686 19.
2143 3629 2256 3701 (29)
2282 3628 2428 3696 Dixit
2450 3629 2589 3684 idem
2612 3647 2626 3684 :
2651 3627 2956 3685 Iracundus
2978 3627 3228 3697 quamvis
3254 3634 3530 3679 mortuum

1960 3721 2328 3785 suscitaverit,
2365 3722 2505 3792 apud
2539 3720 2707 3777 Deum
2732 3735 2840 3775 non
2863 3728 2947 3776 est
2981 3726 3258 3788 acceptus.

2028 3812 2120 3867 ΞΟ.
2153 3811 2352 3868 Habuit
2377 3812 2668 3882 aliquando
2694 3812 2863 3866 abbas
2890 3811 3099 3881 Agatho
3122 3810 3262 3864 duos
3291 3808 3530 3876 discipu-

1964 3905 2044 3958 los
2082 3903 2174 3971 qui
2226 3918 2474 3959 seorsum
2522 3903 2687 3958 vitam
2744 3903 3179 3958 anachoreticam
3236 3901 3527 3956 ducebant.

1962 3995 2206 4061 Quadam
2239 4010 2368 4064 ergo
2400 3995 2488 4050 die
2525 3996 2678 4065 petiit
2715 3998 2784 4050 ab
2825 4011 2962 4057 uno,
2997 4009 3230 4064 quonam
3287 4001 3445 4064 pacto
3475 3995 3531 4048 in

1962 4088 2097 4140 cella
2128 4101 2226 4140 sua
2249 4096 2452 4157 ageret.
2483 4086 2781 4157 Respondit
2804 4089 2924 4142 ille:
2953 4085 3136 4156 Usque
3159 4087 3227 4139 ad
3248 4101 3530 4155 vesperam

1957 4178 2146 4247 jejuno
2172 4217 2187 4242 ,
2239 4187 2292 4233 et
2336 4179 2561 4233 comedo
2608 4179 2717 4233 duo
2749 4179 3074 4249 paxamatia.
3112 4178 3250 4232 Tum
3290 4178 3528 4248 Agatho:

1963 4269 2232 4325 Praeclara
2264 4270 2480 4326 vivendi
2508 4271 2670 4333 ratio.
2695 4288 2793 4327 nec
2823 4271 2994 4326 labori
3020 4270 3250 4325 multum
3275 4269 3530 4324 obnoxia.

1965 4364 2044 4417 Ad
2073 4363 2300 4420 alterum
2338 4379 2468 4418 vero
2505 4365 2643 4420 dixit
2679 4384 2692 4419 :
2727 4363 2808 4418 Tu
2841 4373 3057 4426 autem,
3089 4361 3400 4432 quomodo?
3432 4359 3536 4414 Re-

360 4677 570 4756 (ψει
598 4673 678 4756 ἦν
722 4675 994 4756 Ἁγᾴρων.
1036 4674 1259 4756 fanum
1302 4673 1464 4733 Vitae:
1490 4676 1579 4732 Sic
1601 4673 1860 4744 eratAga-

1974 4673 2074 4756 γᾴρ
2096 4688 2177 4734 τις
2215 4669 2541 4756 νηῖστεύῃςὲἰξ
2585 4667 2663 4756 ἒξ,
2692 4667 2784 4756 θεαὶ
2804 4665 3148 4756 sublitum.va
3170 4667 3248 4744 εἰς
3273 4666 3538 4756 μεγάλους

288 4744 397 4802 Ilio.
425 4744 745 4816 Legendum
784 4745 1002 4799 videtur
1032 4744 1113 4799 Si.

357 4819 474 4888 (2t)
497 4813 799 4872 Οὐδέποτε
817 4814 1304 4888 *ἔδωκαᾼάγάπηη
1331 4815 1554 4886 Agapen
1587 4813 1831 4884 intelligo
1854 4832 1866 4866 :

257 4886 540 4946 .soletnne
613 4886 946 4942 convivium.
1000 4886 1173 4951 Quam
1254 4888 1663 4955 usurpationem
1713 4901 1873 4939 nemo

286 4962 533 5030 ignorat.
552 4959 821 5030 _Hist_ori_a_
856 4955 1204 5030 Trevirensis,
1241 4965 1408 5030 tonio
1442 4955 1872 5030 Xll_utilissimi

286 5025 510 5098 o'peris,
544 5026 824 5098 Spicilegii
869 5026 1162 5098 Acheriani
1209 5042 1262 5095 p.
1311 5025 1418 5098 219
1453 5027 1521 5098 de
1556 5027 1872 5098 Ekretberto,

336 5095 529 5169 umque
553 5095 670 5167 post
701 5095 909 5169 expleta
937 5095 1227 5150 Missurum
1256 5096 1530 5169 solemnia,
1552 5114 1584 5149 a
1616 5095 1873 5164 fratribus

288 5166 487 5225 obnixe
508 5166 776 5238 peteretur
805 5167 908 5220 cibi
937 5177 1193 5236 potusque
1217 5166 1532 5221 charitatem
1553 5181 1778 5238 sumere,
1813 5181 1874 5218 ne

287 5243 363 5296 eis
386 5237 668 5293 onerosum
701 5239 929 5302 fortasse
981 5239 1276 5300 exsisteret,
1317 5239 1364 5290 si
1400 5246 1551 5290 tanta
1592 5237 1874 5290 comitatus

290 5312 585 5365 ambitione
601 5309 794 5364 ibidem
813 5308 1133 5376 reficeretur.
1155 5309 1304 5376 coepit
1325 5324 1358 5360 a
1384 5307 1642 5376 fratribus
1662 5307 1876 5360 omnino

289 5383 612 5436 charitutem
643 5380 902 5448 refutare,
927 5387 977 5432 et
1013 5378 1239 5432 reditum
1269 5394 1425 5431 suum
1457 5379 1512 5431 in
1549 5377 1728 5432 urbem
1763 5393 1878 5430 ma-

293 5462 494 5506 latrare.

365 5523 482 5588 (25)
515 5521 856 5587 Λήστεύειν
898 5519 1008 5573 δύο
1064 5518 1194 5572 δύο.
1255 5517 1332 5572 Ex
1390 5517 1694 5574 innumeris
1743 5516 1878 5570 locis

295 5587 472 5646 unum
518 5592 685 5662 selegi
721 5589 962 5645 nondum
1009 5587 1196 5662 Graece
1244 5589 1484 5662 editum,
1521 5588 1709 5662 Latine
1749 5603 1876 5640 vero

211 5673 216 5682 '
294 5662 454 5716 valde
486 5656 870 5731 depravatum,
899 5676 1060 5731 quem
1082 5659 1169 5731 hic
1200 5659 1531 5731 adlexerem.
1564 5656 1662 5731 Est
1691 5665 1870 5731 autem

297 5731 452 5788 Isaia
476 5725 695 5789 abbatis
729 5725 980 5788 oratione
1003 5730 1058 5796 8,
1113 5730 1169 5786 in
1211 5745 1314 5786 ms.
1351 5729 1699 5786 Colbertino:
1744 5725 1869 5779 Ἐὰν

1969 4734 2169 4804 ἱόπους
2208 4734 2301 4794 καὶ
2337 4734 2575 4803 ἐντολὰς,
2608 4739 2763 4800 ἐκτὸς
2785 4737 2885 4804 τῆς
2908 4734 3027 4790 ὀδοῦ
3043 4734 3226 4804 αυτοῦ
3260 4735 3459 4800 πάντες
3486 4737 3534 4790 οἱ

1970 4813 2128 4865 κόποι
2149 4802 2312 4864 αὑτοῦ
2341 4802 2734 4881 μάταιοίείσιν.
2764 4802 2879 4860 Hoc
2915 4816 2998 4860 est
3029 4821 3042 4855 :
3137 4820 3222 4881 ant
3245 4808 3298 4881 _si
3316 4809 3431 4881 quis
3452 4808 3536 4878 je-

1962 4883 2114 4950 junet
2142 4898 2234 4950 per
2261 4875 2353 4935 sea}
2378 4890 2426 4934 et
2459 4894 2550 4933 sea:
2582 4881 2714 4941 dies,
2755 4889 2807 4950 et
2849 4893 2903 4930 se
2933 4877 3137 4944 magnis
3180 4875 3537 4950 labat‘tbus’ac

1971 4947 2247 5021 pi'wceptis
2284 4949 2853 5021 dedat,_extra_uiam
2904 4961 3086 5021 suam):
3115 4961 3288 5021 omnes
3332 4947 3535 5021 labores

1971 5015 2088 5089 ejus
2109 5015 2288 5074 inanes
2317 5031 2458 5074 sunt.
2492 5017 2659 5089 Zinus
2695 5017 2996 5089 interpres:
3032 5015 3185 5081 Quod
3217 5018 3395 5084 siquis
3425 5020 3538 5072 sine

1974 5088 2276 5144 humilitate
2306 5091 2380 5144 vel
2415 5088 2626 5157 iejuniis
2660 5088 2946 5149 incumbat,
2984 5089 3057 5140 uel
3087 5103 3197 5140 sese
3218 5089 3538 5141 vehementer

1975 5163 2193 5231 affligat,
2228 5163 2305 5214 uel
2337 5158 2590 5214 mandata
2640 5169 2856 5231 conetur
2883 5158 3176 5231 observare,
3208 5157 3322 5226 ejus
3354 5160 3538 5212 inanes

1973 5229 2097 5286 esse
2116 5233 2342 5288 labores.
2367 5231 2527 5285 Vides
2557 5239 2817 5298 quantum
2847 5229 3082 5298 intersit,
3103 5229 3318 5280 Graecos
3348 5237 3535 5282 auctu-

1975 5319 2065 5357 res
2089 5319 2186 5359 sua
2209 5303 2392 5372 lingua
2416 5297 2593 5372 editos
2614 5301 2830 5355 habere.
2855 5297 2963 5372 Sed
2981 5314 3080 5372 nec
3112 5298 3344 5372 feliciter
3361 5308 3538 5372 trans-

1977 5374 2100 5427 tulit
2145 5367 2408 5443 Evagi'ius
2437 5371 2813 5426 Antiochenus
2852 5369 2955 5424 ista
2989 5369 3275 5424 Athanasii
3321 5369 3374 5422 in
3415 5367 3537 5422 Vim

2048 5513 2156 5585 (26)
2196 5512 2301 5585 fit.
2332 5512 2486 5585 Patr.
2521 5509 2699 5585 vn,-
3324 5444 3535 5493 Antonii

2049 5581 2161 5652 (‘27)
2196 5581 2302 5636 Vit.
2337 5582 2489 5636 Patr.
2524 5599 2578 5644 ι,

2046 5651 2159 5725 (28)
2200 5652 2302 5725 Vit.
2339 5653 2489 5725 (’atr.
2519 5651 2682 5725 tv,

2202 5723 2302 5779 Vit.
2345 5723 2492 5779 Patr.
2529 5739 2582 5790 ι,
2611 5722 2710 5790 13;
2742 5721 2897 5778 Joan.
2927 5720 3110 5777 Geom.
3158 5718 3355 5772 Parad.
3383 5717 3472 5772 G9.
