3878 6304
397 315 505 376 H5

1554 322 1897 379 APPENDI‘X
1934 325 2024 380 AD
2063 327 2482 385 PALLADIUM.

3517 335 3626 394 ίιῡ

395 431 649 504 spondit:
677 432 810 489 Post
848 433 1070 490 biduum
1112 435 1304 505 jejunii
1329 479 1343 501 ,
1379 435 1516 494 duos
1560 440 1955 496 subcinericios

2078 462 2142 510 ret
2172 445 2320 516 αὐτῷ
2364 450 2392 500 6
2421 447 2597 517 γέρων
2617 463 2630 476 ·
2663 447 2872 519 Κοπιᾷς
2916 449 3075 518 τόνῳ,
3111 447 3205 502 δύο
3231 448 3500 519 πολέμους
3528 450 3621 520 βα-

394 537 564 594 panes
595 524 883 580 manduco.
923 525 988 578 Et
1034 526 1108 578 ait
1156 525 1230 580 illi
1270 541 1469 580 senex:
1505 526 1672 583 Valde
1721 530 1956 594 laboras,

395 615 504 670 duo
532 616 669 670 bella
708 631 918 687 gerens.
957 616 1092 681 Quia
1129 617 1174 671 si
1207 618 1329 686 quis
1362 619 1591 690 singulis
1629 620 1822 676 diebus
1865 639 1960 676 co-

396 706 660 773 mederit,
694 723 794 762 nec
841 707 1003 763 fuerit
1030 709 1294 771 satiatus,
1328 709 1675 781 defatigatur.
1709 711 1805 768 Est
1831 729 1958 768 vero

397 797 559 861 alius,
595 799 687 867 qui
721 800 868 868 cupit
895 815 989 868 per
1014 799 1174 855 bidua
1205 801 1473 871 jejunare,
1505 813 1666 874 atque
1696 806 1954 859 saturari.

397 891 466 944 At
495 897 550 944 tu
578 891 850 960 duplicato
883 907 978 947 seu
1015 891 1276 948 biduatim
1300 895 1580 964 jejunans,
1611 911 1954 967 nequaquam

397 982 635 1036 satiaris.

465 1069 553 1125 2t.
582 1069 772 1127 Frater
789 1072 1104 1128 sciscitatus
1133 1083 1216 1130 est
1241 1077 1490 1132 abbatem
1526 1077 1860 1146 Agathonem
1889 1076 1956 1130 de

395 1159 782 1229 fornicatione;
842 1167 934 1234 qui
990 1179 1308 1234 responsum
1369 1169 1554 1224 dedit:
1596 1168 1782 1234 Vade,
1832 1177 1958 1223 ante

395 1253 564 1309 Deum
593 1255 797 1326 projice
849 1255 1216 1312 infirmitatem
1264 1266 1455 1323 tuam,
1491 1268 1543 1315 et
1596 1260 1823 1315 habebis
1871 1276 1957 1315 re-

396 1361 600 1414 quiem.

465 1455 1010 1528 22.1Egrotaverunt
1062 1461 1357 1530 aliquando
1388 1461 1556 1518 abbas
1604 1463 1815 1534 Agatho
1838 1505 1854 1529 ,
1903 1475 1956 1519 et

397 1547 536 1604 alius
595 1564 778 1604 senex.
834 1549 1294 1607 Recumbentibus
1324 1563 1502 1609 autem
1559 1555 1667 1610 illis
1702 1557 1756 1610 in
1795 1555 1951 1618 cella,

396 1639 566 1694 frater
611 1641 828 1710 quidam
882 1645 1062 1712 legens
1117 1645 1378 1699 recitabat
1415 1661 1444 1700 e
1483 1646 1619 1701 libro
1648 1645 1951 1714 Geneseos,

395 1730 649 1799 Venitque
688 1729 756 1784 ad
791 1732 1084 1802 capitulum
1119 1735 1208 1788 ubi
1237 1735 1368 1789 dicit
1399 1733 1597 1790 Iacob:
1627 1735 1822 1804 Ioseph
1853 1755 1955 1791 non

395 1829 493 1883 est,
520 1819 742 1890 Symeon
768 1838 869 1875 non
897 1833 995 1886 est,
1024 1835 1073 1878 et
1096 1823 1372 1894 Benjamin
1399 1825 1685 1894 auferetis;
1712 1836 1761 1880 et
1792 1827 1956 1881 dedu—

396 1911 522 1965 cetis
571 1922 824 1966 senectam
858 1929 1025 1967 meam
1067 1931 1182 1968 cum
1233 1917 1449 1970 tristitia
1481 1916 1550 1969 ad
1588 1917 1848 1983 infernum
1879 1917 1948 1971 ⁸⁵.

399 2001 466 2056 Et
487 2017 650 2057 senex
679 2004 842 2073 coepit
877 2003 1096 2060 dicere:
1127 2005 1242 2061 Non
1274 2008 1372 2063 tibi
1406 2007 1680 2064 suﬂieiunt
1723 2010 1812 2064 alii
1859 2011 1954 2065 de-

400 2107 515 2147 cem
538 2132 554 2158 ,
576 2090 747 2148 'Pater
782 2093 983 2151 Iacob?
1017 2097 1098 2152 Ad
1132 2114 1290 2168 quem
1325 2099 1566 2170 Agatho:
1607 2098 1804 2156 Desine
1829 2141 1842 2164 ,
1874 2102 1956 2156 in-

398 2187 536 2254 quit,
560 2202 594 2241 ο
620 2202 803 2243 senex.
830 2185 885 2242 Si
909 2187 1050 2246 Deus
1075 2191 1412 2260 comprobat,
1441 2193 1564 2262 quis
1599 2191 1797 2246 audeat
1818 2207 1953 2247 con-

397 2275 657 2333 demnare
687 2278 775 2332 l"‘t

465 2385 556 2442 25.
589 2387 732 2442 Dixit
752 2390 920 2446 abbas
948 2391 1158 2462 Agatho
1184 2411 1196 2446 :
1231 2392 1288 2447 Si
1314 2395 1439 2464 quis
1469 2397 1601 2452 mihi
1630 2415 1798 2471 supra
1833 2419 1952 2459 mo-

399 2477 526 2532 dum
573 2480 772 2536 charus
803 2493 967 2548 esset,
1007 2491 1060 2539 et
1095 2499 1478 2555 cognoscerem
1535 2492 1678 2558 quod
1741 2509 1826 2547 me
1880 2494 1949 2549 ad

397 2577 681 2639 peccatum
717 2571 1027 2636 deduceret,
1057 2573 1430 2631 abscinderem
1461 2578 1613 2633 illum
1643 2597 1674 2634 a
1702 2597 1809 2638 me.

468 2658 559 2733 24.
584 2681 754 2735 Etiam
780 2681 950 2737 dixit:
985 2682 1208 2754 Oportet
1234 2694 1291 2740 ut
1326 2687 1492 2744 homo
1540 2692 1782 2760 qualibet
1820 2693 1954 2750 hora

400 2772 641 2828 attendat
672 2774 739 2828 ad
755 2775 1023 2840 judicium
1057 2775 1170 2830 Dei.

467 2883 560 2940 25.
586 2883 720 2937 Cum
757 2883 951 2940 fratres
980 2885 1046 2939 de
1073 2885 1338 2944 charitate
1389 2890 1778 2962 loquerentur,
1822 2895 1957 2951 dixit

401 2973 568 3029 abbas
599 2973 838 3046 Joseph:
875 2976 1090 3032 Scimus
1133 2993 1233 3034 nos
1266 2981 1396 3050 quid
1454 2985 1525 3039 sit
1577 2986 1853 3044 charitas?
1887 2989 1954 3044 Et

401 3067 586 3121 retulit
617 3065 685 3122 de
705 3068 899 3122 abbate
925 3070 1222 3138 Agathone,
1263 3072 1406 3142 quod
1437 3074 1686 3132 habuerit
1714 3081 1952 3150 scalpel-

401 3158 536 3224 lum,
566 3173 796 3229 cumque
830 3159 1135 3216 advenisset
1171 3163 1357 3228 frater,
1394 3181 1456 3221 ac
1496 3167 1627 3222 illud
1659 3171 1956 3239 przedicas-
1983 3137 2025 3195 δ

401 3256 506 3315 set,
535 3265 645 3305 non
677 3252 980 3321 permiserit
1009 3269 1132 3309 eum
1162 3256 1329 3321 abire,
1363 3259 1466 3314 nisi
1491 3273 1779 3332 postquam
1811 3267 1955 3321 scal-

402 3343 602 3412 pellum
627 3345 853 3414 accepit.

470 3432 561 3488 26.
589 3434 702 3506 (50)
727 3435 867 3491 Dixit
884 3438 1051 3496 abbas
1073 3443 1281 3512 Agatho
1315 3459 1327 3494 :
1367 3441 1423 3496 Si
1454 3443 1564 3499 lieri
1589 3454 1770 3516 posset
1802 3449 1960 3503 utin-

403 3534 566 3580 vento
601 3525 836 3595 leproso,
870 3527 1052 3585 darem
1089 3533 1164 3586 illi
1200 3548 1399 3602 corpus
1431 3549 1642 3598 meum,
1678 3538 1960 3608 ipsiusque

406 3614 730 3684 acciperem.
758 3617 990 3674 facerem
1023 3621 1271 3678 libenter.
1309 3622 1382 3676 Ea
1407 3625 1550 3678 enim
1595 3636 1679 3682 est
1714 3629 1956 3698 perfecta

404 3708 662 3764 charitas.

475 3799 565 3856 Ξῖ.
590 3801 700 3872 (51)
730 3802 920 3857 Adhuc
943 3804 1008 3859 de
1030 3805 1123 3859 illo
1151 3807 1385 3873 aiebant,
1424 3810 1568 3880 quod
1593 3811 1816 3867 veniens
1865 3815 1962 3867 ali-

406 3891 626 3959 quando
645 3893 712 3946 ad
741 3894 1012 3950 civitatem
1040 3904 1097 3949 ut
1125 3889 1382 3953 venderet
1399 3915 1527 3955 vasa
1547 3916 1668 3964 sua,
1695 3902 1962 3958 invenerit

408 3979 679 4038 hominem
700 3985 1042 4067 peregrinum
1058 3987 1324 4055 jacentem
1341 3989 1395 4044 in
1419 3992 1594 4060 platea
1611 4007 1836 4062 aegrum,
1860 4009 1960 4047 nec

410 4069 697 4126 habentem
725 4073 817 4140 qui
844 4072 961 4140 ejus
989 4088 1174 4127 curam
1207 4086 1417 4144 gereret
1441 4095 1456 4143 ;
1493 4081 1962 4148 permanseritque

410 4176 534 4214 cum
560 4176 624 4216 eo
645 4175 828 4227 senex,
855 4165 1120 4218 conducta
1144 4167 1301 4231 cella,
1337 4182 1401 4221 ac
1426 4183 1493 4221 ex
1521 4170 1702 4237 operis
1721 4171 1802 4224 sui
1831 4186 1966 4224 mer-

410 4252 543 4306 cede
573 4253 802 4322 pretium
829 4254 978 4309 cella
1010 4256 1254 4318 solverit,
1290 4257 1554 4327 reliquam
1580 4244 1863 4327 pecuniam
1895 4262 1963 4316 ad

411 4343 611 4399 inllrmi
663 4344 1039 4400 necessitatem
1080 4346 1383 4410 insumens,
1445 4355 1498 4402 et
1545 4349 1810 4403 manserit
1851 4358 1962 4406 tres

2061 535 2290 600 στάζων·
2317 537 2398 590 ὅτι
2430 537 2523 590 ἐάν
2541 555 2624 601 τις
2651 538 2800 610 ἐσθίῃ
2827 538 2948 593 καθ’
2979 540 3193 611 ἡμέραν
3223 541 3313 593 καὶ
3335 541 3395 593 οὐ
3423 543 3620 613 χορτά-

2059 625 2249 697 ζηται,
2284 631 2468 700 κοπιᾷ.
2501 629 2656 683 Ἔστι
2700 631 2756 683 δὲ
2793 630 2980 696 ἄλλος,
3012 631 3290 700 νηστεύειν
3323 631 3490 685 θέλων
3531 633 3622 688 δύο

2055 717 2149 770 δύο
2179 720 2271 772 καὶ
2303 721 2657 792 χορτάζεσθαι
2678 738 2692 752 °
2720 723 2783 776 σὺ
2811 722 2868 775 δὲ
2893 722 3085 786 διπλᾶς
3109 721 3382 793 νηστεύων
3411 725 3471 776 οὐ
3495 741 3622 796 χορ-

2057 807 2217 880 τάξῃ.

2128 1077 2233 1124 κα’.
2267 1070 2516 1140 Ἀδελφὸς
2547 1071 2799 1144 ἠρώτησε
2824 1071 2915 1124 τὸν
2961 1071 3134 1126 ἀϐϐᾱν
3176 1073 3456 1143 Ἀγάθωνα
3493 1077 3620 1146 περὶ

2055 1161 2152 1231 τῆς
2192 1163 2462 1232 πορνείας.
2499 1163 2607 1214 Καὶ
2652 1163 2796 1230 λέγει
2837 1162 3004 1233 αὐτῷ·
3050 1165 3300 1232 ’Ύπαγε,
3336 1165 3490 1235 ρίψον
3539 1167 3623 1217 ὲν-

2054 1252 2226 1306 ώπιον
2249 1253 2342 1306 τοῦ
2363 1253 2496 1306 Θεοῦ
2523 1255 2622 1324 τὴν
2649 1254 2946 1324 ἀδυναμίαν
2966 1253 3011 1287 ³⁷
3042 1272 3155 1320 σου,
3190 1256 3285 1308 καὶ
3321 1255 3460 1322 ἕξεις
3493 1256 3622 1310 ἀνά-

2059 1361 2169 1397 παν
2177 1361 2259 1397 σιν
2266 1383 2280 1398 .

2128 1457 2235 1528 κβκ
2265 1457 2557 1526 Ἦσθένησέ
2582 1475 2705 1512 ποτε
2730 1460 2758 1512 6
2780 1458 2951 1522 ἀϐϐἄς
2980 1458 3221 1525 Ἀγάθων
3247 1459 3339 1512 καὶ
3362 1458 3518 1523 ἄλλος
3538 1477 3624 1524 τις

2054 1550 2163 1603 τῶν
2189 1567 2249 1618 γε
2260 1550 2476 1620 ρόντων⁶
2493 1550 2889 1618 Ἀνακειμένων
2917 1550 2973 1602 δὲ
3012 1551 3190 1602 αὐτῶν
3220 1553 3276 1604 ἐν
3299 1550 3377 1621 τῷ
3405 1551 3619 1625 κελλίῳ,

2055 1641 2410 1709 ἀνεγίνωσκεν
2438 1642 2466 1692 6
2494 1639 2807 1708 ἀδελφὸςείς
2829 1641 2924 1712 τὴν
2952 1641 3186 1707 Γένεσιν,
3205 1643 3298 1695 καὶ
3313 1643 3527 1715 ἔρχεται
3545 1645 3625 1706 εἰς

2057 1734 2117 1788 τὸ
2149 1733 2436 1804 κεφάλαιον
2485 1733 2618 1786 ὅπου
2655 1732 2799 1801 λέγει
2855 1735 2884 1788 6
2945 1733 3174 1787 Ἰακώϐ·
3233 1734 3455 1804 Ἰωσὴφ
3513 1739 3622 1790 οὐκ

2058 1827 2188 1880 ἐστι
2213 1865 2228 1890 ,
2260 1824 2500 1894 Συμεὼν
2532 1826 2641 1878 οὐκ
2669 1826 2799 1878 ἔστι
2818 1865 2833 1886 ,
2868 1825 2968 1878 καὶ
2992 1827 3097 1880 τὸν
3125 1827 3404 1897 Βενιαμὶν
3431 1829 3624 1897 λήψε-

2060 1923 2168 1974 σθε
2193 1934 2204 1946 ·
2241 1918 2336 1972 καί
2376 1915 2650 1981 καθέξετέ
2693 1916 2739 1948 ⁵⁸
2763 1935 2883 1987 μου
2927 1918 2988 1971 τὸ
3039 1915 3221 1988 γῆρας
3245 1919 3395 1987 μετὰ
3424 1921 3632 1986 λύπης

2059 2014 2144 2076 είς
2172 2009 2318 2076 ᾅδου
2355 2011 2489 2078 (52).
2526 2008 2635 2062 Καὶ
2663 2009 2979 2080 ἀποκριθεὶς
3010 2011 3038 2062 6
3078 2010 3254 2080 γέρων
3290 2005 3441 2064 εἶπεν
3464 2028 3479 2044 ο
3512 2013 3625 2065 Οῦι

2059 2101 2286 2171 ἀρκοῦσι
2320 2117 2400 2152 σοι
2448 2101 2496 2152 οἱ
2538 2100 2685 2153 ἄλλοι
2715 2100 2883 2163 δέκα,
2917 2099 3063 2152 άϐϐἄ
3107 2098 3337 2164 Ἰακώϐς
3386 2099 3548 2168 Λέγει
3596 2102 3630 2152 δ

2059 2192 2230 2256 assa;
2259 2191 2498 2260 Ἀγάθων
2517 2209 2530 2221 ο
2553 2192 2784 2257 Παῦσαι,
2808 2193 3003 2263 γέρων.
3035 2192 3099 2244 Ei
3126 2194 3155 2244 6
3180 2191 3310 2256 Θεὸς
3331 2195 3360 2245 6
3378 2191 3620 2253 δικαιῶν,

2058 2286 2142 2349 τίς
2174 2285 2202 2336 6
2233 2285 2572 2356 κατακρίνων
2594 2302 2609 2351 ;

2129 2405 2234 2466 κγ’.
2266 2393 2433 2452 Εἶπεν
2463 2401 2492 2452 6
2523 2397 2696 2461 ἀϐϐἄς
2730 2395 3004 2464 Ἀγάθων·
3059 2396 3366 2468 Ἀγαπητός
3409 2396 3510 2467 μού
3540 2413 3623 2458 τις

2058 2485 2212 2562 ὲάνῇ
2245 2489 2363 2544 καθ’
2392 2489 2715 2560 ὑπερϐολὴν,
2762 2489 2857 2542 καὶ
2900 2487 3014 2556 γνῶ
3039 2488 3121 2541 ὅτι
3154 2489 3382 2557 κατάγει
3429 2503 3494 2558 με
3543 2488 3623 2549 είς

2060 2580 2362 2650 ἐλάτωμα,
2389 2580 2682 2634 ἀποκόπτω
2713 2579 2873 2634 αὑτὸν
2902 2580 2995 2632 ἀπ’
3024 2577 3182 2648 ἐμοῦ.

2131 2695 2228 2748 κδ’.
2262 2689 2396 2746 Εἴπε
2439 2694 2626 2748 πάλιν·
2663 2695 2781 2767 Χρὴ
2812 2695 2902 2748 τὸν
2943 2695 3228 2766 ἄνθρωπον
3271 2687 3409 2744 εἶναι
3445 2690 3623 2743 πᾶσαν

2061 2783 2210 2854 ὥραν
2240 2784 2573 2855 προσέχοντα
2601 2785 2678 2855 τῷ
2706 2785 2973 2856 κριτηρίῳ
3000 2784 3094 2838 τοῦ
3115 2781 3272 2836 Θεοῦ.

2131 2904 2228 2952 κε’.
2260 2897 2484 2965 Ἔλεγεν
2515 2899 2542 2950 6
2575 2897 2749 2961 ἁϐϐᾶς
2793 2897 3008 2967 Ἰωσὴφ,
3043 2895 3284 2965 ἀδελφῶν
3322 2891 3624 2947 λαλούντων

2063 2991 2188 3061 περὶ
2227 2990 2466 3062 ἀγάπης,
2513 2991 2593 3043 ὅτι
2628 2991 2814 3060 Ἡμεῖς
2863 2989 3084 3060 οἴδαμεν
3115 2989 3168 3041 τί
3200 2990 3347 3041 ἐστιν
3396 2987 3622 3055 ἀγάπης

2063 3083 2174 3136 Καὶ
2203 3077 2321 3134 εἷπε
2355 3081 2602 3151 περὶτοῦ
2633 3081 2776 3136 ἀϐϐᾶ
2826 3079 3129 3148 Ἀγάθωνος
3152 3119 3167 3144 ,
3215 3081 3296 3133 ὅτι
3332 3078 3540 3149 σμιλίον
3575 3078 3622 3110 ³⁸

2058 3165 2193 3239 εἶχε,
2224 3169 2316 3221 καὶ
2341 3164 2470 3239 ἦλθε
2494 3169 2629 3240 πρὸς
2661 3169 2819 3222 αὑτὸν
2849 3168 3091 3237 ἀδελφὸς,
3117 3169 3210 3222 καὶ
3239 3167 3498 3238 ἐπῄνεσεν
3529 3167 3625 3220 αὐ-

2055 3261 2138 3324 τὸ,
2170 3262 2263 3314 καὶ
2291 3261 2392 3314 οὐκ
2424 3261 2635 3332 ἀφῆκεν
2663 3262 2826 3314 αὑτὸν
2867 3259 3134 3326 ἐξελθεῖν,
3179 3261 3228 3313 εί
3263 3258 3338 3330 μὴ
3377 3257 3534 3312 ἔλαϐε
3563 3257 3632 3310 τὸ

2060 3353 2290 3423 σμιλίον.

2129 3449 2238 3508 κς’.
2277 3443 2499 3511 Ἔλεγεν
2529 3443 2558 3495 6
2589 3442 2761 3504 ἀϐϐᾶς
2793 3442 3056 3510 Ἀγάθων,
3085 3443 3165 3495 ὅτι
3203 3441 3267 3494 Εἰ
3315 3433 3624 3509 δυνατὸν-ἦν

2063 3547 2152 3601 μοι
2183 3532 2358 3602 εὑρεῖν
2401 3532 2626 3601 κελεφδν
2669 3532 2804 3602 (33),
2849 3533 2942 3585 καὶ
2991 3532 3172 3585 δοῦναι
3202 3529 3347 3601 αὐτῷ
3383 3529 3444 3582 τὸ
3491 3529 3622 3599 ἐμὸν

2062 3623 2242 3693 σῶμα,
2273 3625 2364 3676 καὶ
2385 3623 2568 3676 λαϐεῖν
2591 3625 2652 3677 τὸ
2690 3623 2876 3690 αὐτοῦ,
2904 3624 3071 3694 ἡδέως
3119 3619 3281 3693 εἶχον.
3319 3621 3465 3691 Δῦτη
3512 3620 3622 3692 γάρ

2061 3712 2210 3764 ἐστιν
2241 3713 2274 3782 η
2302 3713 2480 3766 τελεία
2507 3713 2716 3784 ἀγάπη.

2131 3806 2233 3871 κζ’.
2265 3805 2489 3874 Ἔλεγον
2513 3805 2674 3858 πάλιν
2701 3805 2829 3876 περὶ
2853 3802 3038 3869 αὐτοῦ,
3066 3803 3145 3855 ὅτι
3169 3799 3335 3854 ἐλθών
3355 3815 3483 3852 ποτε
3511 3815 3624 3850 πω-

2061 3899 2221 3970 λῆσαι
2247 3899 2413 3968 σκεύη
2441 3899 2498 3951 ἐν
2524 3900 2588 3968 τῇ
2608 3896 2778 3958 πόλει,
2803 3891 2958 3966 εὗρεν
2986 3893 3266 3963 ἄνθρωπον
3296 3889 3442 3955 ξένον
3471 3891 3530 3941 ἐν
3555 3889 3621 3960 τῇ

2063 3991 2292 4063 πλατείᾳ.
2319 3990 2647 4062 ἐρριμμένον
2667 3989 2967 4060 ἄρρωστον,
2993 3985 3067 4056 μὴ
3091 3985 3280 4054 ἔχοντα
3312 3982 3404 4035 τὸν
3433 3983 3630 4051 ἐπιμε-

2062 4083 2318 4154 λούμενον
2337 4096 2352 4109 ·
2388 4082 2483 4132 καὶ
2512 4078 2691 4149 ἔμεινε
2713 4081 2807 4131 σὺν
2832 4077 2980 4146 αὐτῷ
3005 4078 3034 4128 6
3053 4075 3230 4146 γέρων
3273 4071 3454 4127 λαϐὼν
3486 4071 3630 4123 ἐνοι-

2064 4175 2182 4229 κίου
2208 4171 2434 4233 κελλίον,
2468 4171 2560 4224 καὶ
2577 4172 2640 4223 ἐκ
2669 4169 2763 4222 τοῦ
2791 4169 3101 4239 ἐργοχείρου
3136 4167 3358 4236 παρεῖχε
3402 4164 3462 4216 τὸ
3493 4162 3628 4215 ἐνοί-

2065 4283 2200 4331 κιον,
2227 4265 2321 4318 καὶ
2345 4265 2414 4316 τὰ
2437 4262 2598 4316 λοιπὰ
2626 4263 2705 4325 είς
2729 4262 2826 4332 τὴν
2857 4260 2952 4314 τοῦ
2979 4258 3258 4332 ἀρρώστου
3302 4257 3491 4328 χρείαν
3537 4257 3628 4309 ἀν-

2065 4358 2254 4428 ήλισκε
2276 4372 2289 4386 ο
2322 4354 2417 4407 καὶ
2449 4354 2630 4424 ἔμεινε
2651 4353 3010 4423 τετράμηνον,
3039 4351 3143 4414 ἓως
3169 4345 3228 4404 οῦ
3254 4349 3374 4418 ἰάθη
3396 4351 3424 4403 6
3445 4347 3627 4421 ἄρρω-

413 4448 650 4496 menses,
669 4448 952 4504 quousque
979 4444 1212 4506 ωςῐοῐυῧ
1235 4449 1605 4505 recuperasset
1637 4441 1920 4496 sanitatem
1948 4459 1959 4493 ἒ

2078 4465 2210 4511 ττος.
2262 4445 2372 4500 Καὶ
2409 4444 2580 4507 οὕτως
2615 4445 2643 4497 6
2679 4443 2858 4515 γέρων
2907 4441 3144 4514 ἀπῆλθεν
3191 4444 3271 4504 εἰς
3311 4439 3374 4493 τὸ
3421 4438 3630 4493 κελλίον

414 4535 576 4595 atque
617 4527 694 4581 ita
746 4525 813 4580 ad
867 4527 1057 4582 cellam
1113 4543 1266 4583 suam
1322 4544 1605 4600 regressus
1641 4531 1804 4586 fuerit
1837 4547 1959 4588 cum

2078 4536 2232 4591 αὑτοῦ
2263 4537 2376 4607 μετ’
2416 4537 2658 4607 είρὴνης.

411 4633 564 4688 pace.

484 4710 571 4764 Q8.
603 4708 806 4766 Retulit
864 4711 1033 4766 abbas
1081 4710 1313 4766 Daniel:
1367 4714 1666 4783 Antequam
1725 4687 1998 4772 venisset.

416 4801 583 4856 abbas
611 4802 869 4858 Arscnius
899 4803 964 4856 ad
996 4801 1181 4856 Patres
1213 4817 1380 4865 meos,
1407 4804 1507 4873 ipsi
1531 4819 1746 4874 quoque
1780 4821 1965 4860 mane-

417 4896 546 4948 bant
579 4908 700 4947 cum
728 4894 920 4959 abbate
958 4894 1254 4964 Agathone.
1296 4893 1560 4966 Diligebat
1590 4905 1770 4950 autem
1795 4897 1964 4952 abbas

417 4984 623 5056 Agatho
650 4986 896 5039 abbatem
921 4985 1305 5052 Alexandrum,
1335 4987 1462 5055 quia
1501 4994 1618 5040 erat
1650 4997 1965 5042 mansuetus

2139 4721 2246 4784 κη’.
2282 4712 2504 4781 Ἔλεγεν
2528 4715 2556 4766 6
2573 4711 2744 4774 ἀϐϐἄς
2771 4711 2986 4782 Δανιὴλ,
3007 4712 3087 4764 ὅτι
3109 4712 3244 4782 Πρὶν
3261 4710 3390 4783 ἔλθη
3409 4712 3437 4763 6
3459 4709 3631 4772 ἁϐϐἄς

2081 4807 2350 4879 Ἀρσένιος
2372 4807 2506 4877 πρὸς
2534 4808 2658 4869 τοὺς
2696 4807 2944 4878 Πατέρας
2971 4825 3092 4877 μου,
3118 4808 3211 4859 καὶ
3242 4807 3391 4859 αὐτοὶ
3415 4805 3631 4875 ἔμειναν

2072 4897 2210 4968 μετά
2230 4898 2321 4950 τοῦ
2345 4898 2488 4951 ἀϐϐἄ
2526 4898 2844 4964 Ἀγάθωνος.
2894 4897 3109 4964 Ἡγάπα
3139 4897 3196 4949 δέ
3221 4900 3249 4949 6
3274 4896 3447 4958 ἀϐϐἄς
3467 4896 3632 4963 Ἀγά-

2071 4989 2178 5044 θων
2208 4991 2298 5044 τὸν
2349 4991 2522 5044 ἀϐϐᾶν
2577 4989 2942 5059 Ἀλέξανδρον,
2995 4990 3076 5043 ὅτι
3131 4989 3374 5060 ἀσκητὴς
3420 4984 3489 5059 ἦν
3540 4986 3635 5041 καὶ

485 5153 531 5184 ⁸⁸
563 5149 696 5204 Gen.
725 5165 854 5216 xui,
885 5151 972 5214 56,
1002 5151 1088 5206 38.
1164 5154 1211 5184 "
1243 5151 1398 5206 Rom.
1423 5168 1538 5216 vm,
1561 5151 1648 5218 55,
1676 5154 1746 5209 34
1814 5155 1862 5187 ³⁷
1893 5157 1956 5210 Al

2078 5177 2254 5231 ναμιν.
2330 5159 2377 5192 ⁸⁸
2406 5159 2489 5214 ΑΙ.
2515 5159 2796 5227 κατάξετέ.
2870 5161 2915 5192 ⁸⁸
2947 5158 3031 5211 Al.
3071 5157 3370 5229 σμιλάριον.

415 5310 636 5364 Antonii
665 5325 717 5379 p.
743 5308 845 5363 456
870 5325 884 5363 :
915 5306 1022 5364 Ἦν
1043 5309 1083 5364 δ’
1128 5311 1213 5364 ’ὅτε
1243 5311 1336 5364 καὶ
1365 5311 1452 5364 διὰ
1475 5310 1588 5374 δύο,
1625 5311 1882 5375 πολλάκις
1919 5314 1976 5366 δὲ

415 5381 512 5452 καί
544 5379 632 5433 διὰ
667 5381 945 5452 τεσσάρων
997 5381 1387 5452 μετελάμϐανε,
1441 5382 1552 5443 sic,
1584 5379 1975 5452 Nonnunquam

419 5449 576 5501 biduo
608 5449 881 5521 triduoque
921 5449 1007 5506 sic?
1032 5449 1361 5519 permanens,
1404 5462 1593 5521 quarta
1635 5449 1842 5506 demunt
1892 5454 1976 5506 die

419 5517 764 5572 reﬁciebatur.

416 5519 764 5575 reﬁciebatur.

475 5520 764 5588 ﬁciebatur.
798 5520 802 5521 ⁷

492 5588 605 5660 (ᾇο)
632 5587 825 5660 Baderi
856 5589 1090 5646 Viridar.
1122 5606 1205 5654 ιιι,
1247 5590 1299 5653 6,
1331 5589 1420 5643 20.

493 5657 603 5724 (51)
643 5659 747 5713 Vit.
778 5661 929 5715 Patr.
965 5675 1048 5724 ιιι,
1079 5662 1210 5728 156;
1236 5660 1369 5713 Bad.
1401 5657 1474 5712 ib.

495 5729 604 5801 (ΖΞ)
638 5728 925 5795 Καθέξετέ
969 5748 1088 5799 μου
1123 5732 1184 5785 τὸ
1238 5728 1422 5801 γῆρας
1454 5732 1602 5799 μετὰ
1633 5734 1830 5802 λύπης
1883 5733 1969 5801 εις

2080 5312 2248 5379 ᾅδου.
2278 5311 2436 5369 Certa
2473 5311 2778 5369 emendatio
2813 5311 3093 5378 κατάξετε.
3115 5310 3198 5365 Ad
3235 5325 3392 5380 quem
3425 5317 3635 5364 textum

2080 5381 2214 5453 Gen.
2240 5397 2372 5447 XLII,
2403 5383 2492 5449 38,
2517 5382 2843 5453 conspectis,
2866 5381 3019 5453 libris
3049 5382 3224 5453 regiis-
3244 5395 3404 5453 manu
3439 5395 3635 5434 exara-

2079 5453 2170 5530 tis,
2204 5451 2381 5530 inveni
2419 5453 2474 5506 in
2506 5452 2632 5515 219,
2666 5449 2982 5530 Βίθηῼμθ,
3016 5449 3225 5530 ἧξεται.
3251 5450 3306 5503 In
3331 5449 3423 5502 illo
3452 5459 3635 5530 autem

2078 5523 2171 5591 qui
2202 5522 2444 5591 signatur
2476 5537 2699 5577 numero
2750 5520 2907 5581 1416,
2946 5520 3267 5591 κατάξηται,
3297 5533 3422 5574 cum
3454 5520 3640 5575 littera

2078 5607 2103 5644 ε
2133 5607 2296 5663 supra
2328 5591 2558 5663 litteram
2589 5610 2644 5663 η,
2671 5592 2816 5663 quod
2843 5597 2926 5646 est
2953 5591 3263 5663 κατάξεται.

2147 5610 2296 5658 supra
2329 5610 2558 5644 "lteram
2631 5632 2644 5650 .
2671 5610 2816 5663 quoa
2843 5610 2926 5646 εει
2953 5610 3263 5655 καταςεται.

2147 5661 2259 5730 (55)
2287 5610 2711 5728 hispanum
2735 5665 2803 5720 de
2824 5660 3042 5718 nomine
3067 5659 3318 5718 Petavius
3348 5665 3400 5716 et
3422 5655 3635 5716 Salma-

2074 5731 2191 5790 sius
2220 5733 2576 5803 scripserunt.
