3878 6300
229 247 336 310 it?

1363 255 1978 316 APOPHTHEGMATA
2006 255 2314 316 PATRUII.

231 362 508 432 δπιεικής.
547 361 750 434 Συνέϐη
779 363 836 416 δὲ
868 363 1024 428 δλους
1053 366 1182 431 τοὺς
1223 367 1470 440 μαθητὰς
1489 373 1652 426 αὑτοῦ
1683 375 1816 428 πλύ-

1923 389 1984 428 ac
2007 373 2058 427 in
2075 373 2466 430 exercitatione
2485 375 2786 430 monastiea
2807 375 3060 448 diligens.
3078 377 3290 432 Accidit
3317 396 3478 450 porro

231 471 344 508 νειν
373 455 448 508 τά
478 453 618 528 θρύα
655 457 736 519 εἰς
764 457 856 510 τὸν
879 459 1150 528 ποταμόν’
1177 461 1272 512 καὶ
1299 463 1326 514 6
1355 462 1528 528 άϐϐἄς
1573 465 1814 532 Ἀλέξαν-

231 547 357 616 δρος
383 546 650 610 ἐπιεικῶς
673 547 920 602 ἔπλυνεν.
949 551 1011 602 Οἱ
1042 550 1098 604 δὲ
1127 551 1303 607 λοιποὶ
1321 555 1537 625 ἀδελφοὶ
1557 553 1708 612 εἷπον
1735 558 1813 628 τῷ

233 639 484 706 γέροντι·
543 638 604 690 '0
641 639 868 708 ἀδελφὸς
914 640 1260 716 Ἀλέξανδρος
1290 645 1442 698 οὐδὲν
1489 650 1649 701 ποιεῖ.
1702 649 1814 702 Kal

235 727 402 780 θέλων
419 726 620 791 αὐτοὺς
649 727 1002 798 θεραπεῦσαι,
1033 727 1186 784 εἶπεν
1207 733 1380 804 αὐτῷ·
1419 735 1636 803 Ἀδελερὲ
1665 736 1812 790 Ἀλέ-

235 819 466 890 ξανδρε,
506 819 689 882 καλῶς
733 820 928 874 πλῦνον
979 822 1120 898 αὐτὰ
1171 823 1250 876 ὃτι
1280 823 1496 896 λινάριά
1539 829 1666 880 εἰσι.
1703 829 1812 880 Kal

231 911 306 972 ὡς
331 913 572 980 ἤκουσεν
593 911 858 980 ἐλυπήθη.
899 913 1008 965 Kal
1043 913 1181 983 μετὰ
1221 915 1393 970 ταῦτα
1439 919 1812 988 παρεκάλεσεν

229 1003 390 1056 αὐτὸν
423 1006 456 1056 6
485 1005 690 1074 γέρων,
720 1003 893 1070 λέγων
919 1021 932 1032 ·
959 1003 1051 1076 Μὴ
1083 1007 1192 1078 γὰρ
1219 1008 1318 1060 οὐκ
1352 1009 1497 1079 ᾔδειν
1529 1011 1612 1062 ὄτι
1633 1010 1813 1074 καλῶς

229 1095 440 1158 ποιεῖςς
487 1094 626 1150 ἀλλὰ
662 1095 822 1148 τοῦτο
863 1091 1016 1150 εἶπόν
1047 1115 1128 1150 σοι
1167 1099 1260 1151 ἐπὶ
1294 1101 1504 1165 αὐτῶν,
1542 1102 1629 1156 ἵνα
1659 1103 1814 1174 θερα-

229 1185 420 1238 πεύσω
441 1185 624 1240 αὐτῶν
647 1187 738 1240 τὸν
768 1187 1026 1259 λογισμὸν
1061 1191 1120 1242 ὲν
1149 1191 1212 1260 τῇ
1243 1193 1308 1260 σῇ
1341 1191 1574 1262 ὑπακοῇ,
1593 1194 1808 1264 ἀδελφέ.

295 1279 402 1333 κθθ.
445 1281 790 1351 Διηγήσαντο
845 1283 974 1352 περὶ
1027 1281 1123 1335 τοῦ
1173 1282 1319 1337 ἁϐϐἄ
1373 1285 1694 1353 Ἀγάθωνος,
1729 1290 1811 1344 ὅτι

229 1369 538 1433 ἐσπούδαζε
572 1374 745 1424 ποιεῖν
770 1373 946 1424 πᾶσαν
973 1373 1214 1444 ἐντολήν.
1241 1375 1350 1428 Kal
1376 1379 1425 1429 εί
1449 1371 1714 1432 διέϐαινεν
1733 1381 1815 1444 είς

231 1456 538 1528 πορθμεῖον
563 1499 578 1522 ,
615 1459 778 1523 αὐτὰ
813 1460 1028 1531 πρῶτος
1059 1463 1281 1532 ἐκράτει
1327 1465 1426 1536 τὴν
1449 1465 1640 1538 κώπην
1664 1485 1677 1500 ⁸
1718 1474 1812 1526 καὶ

225 1545 314 1596 ὅτε
353 1546 674 1616 παρέϐαλον
703 1549 851 1619 αὐτῷ
879 1551 1115 1620 ἀδελφοὶ,
1146 1553 1349 1618 εὐθέως
1379 1557 1486 1610 ἀπὸ
1513 1559 1610 1630 τῆς
1647 1561 1813 1632 εὐχῆς

227 1639 260 1704 ἡ
284 1637 410 1706 χεὶρ
431 1639 600 1691 αὐτοῦ
619 1641 718 1708 τὴν
731 1641 1008 1710 τράπεζαν
1029 1644 1195 1698 ἐτίθει
1215 1658 1228 1672 ⁸
1247 1641 1315 1716 ἦν
1335 1647 1442 1719 γὰρ
1463 1651 1656 1719 μεστὸς
1678 1653 1814 1720 ἀγά-

1915 473 1974 518 υι
2001 479 2190 520 omnes
2223 464 2342 534 ejus
2371 463 2622 535 discipuli
2649 479 2842 534 scapos
2873 466 3113 521 lavarent
3139 471 3190 522 in
3215 468 3477 535 ﬂumine;

1913 561 1967 608 et
1992 537 2159 610 abhas
2187 554 2489 610 Alexander
2522 553 2736 608 lavabat
2768 555 3064 612 moderate.
3107 556 3301 612 Canteri
3346 575 3478 613 vero

1913 643 2111 700 fratres
2134 644 2388 700 dixerunt
2418 644 2572 700 seni:
2603 641 2794 698 Frater
2827 644 3132 700 Alexander
3155 647 3289 700 nihil
3325 645 3478 700 facit.

1915 735 2067 790 Unde
2101 737 2287 792 volens
2320 735 2400 792 eis
2423 736 2648 798 mederi,
2684 737 2759 790 ait
2790 737 2866 790 illi
2899 753 2911 788 :
2939 735 3127 792 Frater
3153 739 3479 803 Alexander,

1913 837 2059 882 recte
2095 828 2210 881 lava
2258 842 2384 892 eos;
2425 827 2520 881 lini
2579 827 2725 882 enim
2757 836 2906 881 sunt.
2947 825 3126 898 thue
3152 828 3198 884 is
3256 830 3480 890 audivit.

1913 919 2103 974 acerbe
2138 919 2281 972 tulit.
2319 918 2384 971 Et
2417 925 2602 988 postea
2651 919 2858 974 solatus
2889 929 2972 973 est
3033 935 3156 972 eum
3199 935 3362 974 senex
3397 921 3482 974 his

1911 1011 2092 1066 verbis
2122 1030 2134 1064 :
2165 1011 2246 1064 An
2269 1011 2578 1064 nesciebam
2599 1019 2651 1064 te
2673 1017 2818 1064 recte
2849 1026 3006 1080 agere
3028 1009 3051 1062 ‘l
3075 1009 3270 1064 Verum
3303 1011 3356 1065 id
3385 1012 3482 1066 tibi

1911 1116 2096 1154 coram
2131 1099 2237 1155 illis
2278 1099 2411 1165 dixi,
2449 1097 2635 1164 frater,
2670 1115 3012 1169 quo.eorum
3042 1100 3284 1153 animum
3307 1101 3362 1154 in
3389 1110 3482 1156 tua

1913 1191 2222 1248 obedientia
2256 1205 2530 1246 curarem.

1981 1282 2072 1338 29.
2098 1282 2677 1339 Commemoraverunt
2706 1281 2774 1336 de
2805 1281 3002 1337 abbate
3019 1283 3322 1354 Agathone,
3337 1283 3482 1352 quod

1912 1387 2072 1428 omne
2105 1372 2422 1426 mandatum
2454 1371 2682 1440 exsequi
2731 1370 3106 1425 contenderet.
3155 1373 3216 1426 Et
3264 1371 3320 1424 in
3359 1371 3486 1424 navi

1913 1462 1961 1518 si
1987 1463 2307 1532 trajiciebat,
2347 1461 2556 1532 primus
2597 1463 2716 1532 ipse
2759 1462 3028 1514 tractabat
3080 1477 3309 1516 remum.
3347 1461 3484 1515 Cum

1914 1555 2300 1612 adventassent
2331 1554 2558 1620 fratres,
2613 1553 2798 1610 statim
2837 1561 2960 1623 post
3000 1567 3236 1622 precem,
3288 1568 3486 1608 manus

1913 1645 2032 1712 ejus
2051 1660 2294 1699 mensam
2323 1645 2646 1714 apponebat.
2677 1643 2876 1699 Plenus
2901 1643 3046 1700 enim
3073 1653 3192 1698 erat
3220 1643 3488 1700 charitate

228 1745 338 1798 πης
361 1728 530 1783 Θεοῦ.
561 1731 865 1796 Μέλλοντος
887 1733 942 1786 δὲ
973 1735 1138 1789 αὐτοῦ
1153 1739 1428 1810 τελευτᾷν,
1461 1741 1643 1812 ἔμεινε
1666 1747 1812 1816 τρεῖς

1923 1733 2033 1790 Dei.
2057 1733 2456 1806 (54)Ca:terum
2487 1732 2705 1804 quando
2739 1733 2930 1788 mortis
2959 1741 3172 1803 tempus
3194 1733 3490 1802 appropin-

227 1819 448 1891 ἡμέρας
479 1823 860 1892 ἀνεῳγμένους
882 1823 1020 1896 ἔχων
1043 1829 1168 1892 τοὺς
1191 1829 1502 1902 ὀφθαλμοὺς
1534 1833 1608 1904 μὴ
1637 1852 1817 1890 κινου-

231 1911 452 1982 μένους.
487 1913 726 1982 Ἐνυξσν
753 1917 809 1969 δὲ
835 1917 1000 1972 αὐτὸν
1021 1919 1071 1972 οἱ
1098 1920 1318 1990 ἀδελφοὶ
1341 1923 1590 1992 λέγοντες
1615 1945 1628 1958 ·
1647 1928 1817 1984 Ἀϐϐᾶ

241 2003 518 2072 Ἁγάθων,
549 2005 652 2058 ποῦ
673 2004 751 2072 sl;
773 2009 936 2076 Λέγει
964 2010 1146 2074 αὐτοῖς
1164 2028 1177 2042 ·
1223 2012 1482 2069 Ἐνὼπιον
1511 2017 1606 2070 τοῦ
1629 2035 1818 2090 κριτη-

233 2095 348 2166 ρίου
375 2095 476 2148 τοῦ
507 2096 645 2149 Θεοῦ
669 2098 919 2168 ἵσταμαι.
945 2100 1208 2168 Λέγουσιν
1227 2104 1378 2174 αὐτῷ
1402 2118 1417 2133 ⁸
1435 2107 1546 2160 Καὶ
1569 2109 1631 2165 σὺ
1653 2111 1814 2182 φοϐῇ,

229 2187 452 2258 Πάτερ;
489 2187 658 2256 Λέγει
683 2189 892 2254 αὐτοῖς’
923 2191 1072 2256 Τέως
1097 2193 1328 2265 ἐποίησα
1345 2195 1443 2267 τὴν
1463 2197 1692 2270 δύναμίν
1715 2219 1816 2272 μου

231 2281 311 2342 εἰς
339 2279 404 2332 τὺ
437 2279 678 2347 φυλάξαι
712 2281 810 2344 τὰς
831 2281 1049 2346 ἐντολὰς
1070 2283 1164 2338 τοῦ
1187 2285 1320 2338 Θεοῦ
1346 2303 1360 2318 ·
1395 2287 1508 2341 ἀλλ’
1532 2291 1817 2362 ἅνθρωπός

231 2371 348 2440 εἰμι
371 2387 388 2400 ·
421 2371 592 2424 πόθεν
606 2367 724 2426 οἶδα
748 2375 797 2426 εί
816 2373 876 2426 τὸ
897 2373 1058 2445 ἔργον
1089 2393 1190 2446 μου
1211 2377 1541 2451 εὐηρέστησε
1564 2383 1640 2454 τῷ
1663 2383 1813 2454 Θεῴ;

234 2461 504 2528 Λέγουσιν
537 2462 688 2532 αὐτῷ
723 2464 772 2516 οἱ
807 2464 1053 2534 deam:-
1096 2467 1208 2520 Οὐκ
1241 2463 1292 2521 εἴ
1323 2471 1594 2536 πεποιθὼς
1629 2475 1720 2527 ἐπὶ
1757 2474 1818 2528 τὸ

235 2553 397 2646 ἔργον
423 2571 544 2616 σου,
579 2555 662 2608 ὅτι
696 2556 836 2608 κατὰ
857 2555 991 2608 Θεόν
1029 2558 1208 2624 ὲστιν;
1241 2561 1401 2629 Λέγει
1429 2565 1457 2615 6
1492 2563 1668 2636 γέρων
1698 2582 1710 2595 ·
1741 2567 1817 2620 υύ

233 2645 446 2716 θαρρῶ,
483 2648 536 2698 εί
577 2647 654 2717 μὴ
677 2646 754 2716 τῷ
779 2647 895 2718 Θεῷ
925 2649 1242 2721 ἀπαντήσω.
1277 2653 1502 2726 Ἕτερον
1545 2655 1654 2726 γάρ
1703 2657 1818 2710 ἐστι

233 2738 294 2790 τὸ
319 2736 416 2790 τοῦ
443 2737 586 2790 Θεοῦ
619 2741 918 2808 κριτήριον,
949 2741 1040 2794 καὶ
1063 2741 1249 2813 ἕτερον
1275 2743 1336 2796 τὸ
1355 2745 1462 2798 τῶν
1491 2745 1815 2818 ἀνθρώπων.

246 2829 336 2890 Ὠς
367 2828 428 2880 δὲ
454 2827 650 2898 ἠθελον
686 2830 957 2900 ἐρωτῆσαι
987 2831 1150 2886 αὐτὸν
1191 2834 1374 2906 ἕτερον
1421 2837 1575 2906 λόγον
1598 2879 1612 2900 ,
1668 2838 1818 2907 λέγει

237 2920 422 2984 αὐτοῖς
439 2936 452 2948 ·
480 2921 752 2988 Ποιήσατε
773 2921 1016 2992 ἀγάπην,
1043 2923 1118 2994 μὴ
1139 2923 1346 2979 λαλεῖτε
1379 2928 1502 2998 ἄρτι
1527 2930 1644 2998 μετ’
1661 2929 1817 3000 ἐμοῦ,

235 3013 316 3064 ὅτι
343 3009 708 3080 ἀσχολοῦμαι.
747 3009 852 3064 Καὶ
883 3013 1166 3086 ἐτελειώθη
1219 3017 1264 3048 ⁶⁰
1295 3019 1354 3070 ἐν
1404 3021 1568 3090 χαρᾷ.
1605 3019 1820 3092 Ἐὡρων
1849 3067 1892 3092 η

237 3103 348 3174 γὰρ
377 3103 546 3156 αὐτὸν
575 3103 928 3174 ἀναγόμενον,
955 3105 1012 3158 ὂν
1043 3107 1243 3175 τρόπον
1263 3125 1346 3172 τις
1370 3109 1672 3174 ἀσπάζεται
1697 3113 1821 3176 τοὺς

237 3191 436 3245 ἑαυτοῦ
471 3193 661 3261 φίλους
694 3195 788 3246 καὶ
824 3195 1160 3266 ἀγαπητούς.
1202 3193 1328 3268 Εἶχε
1369 3199 1420 3252 δὲ
1449 3200 1692 3271 φυλακὴν
1727 3219 1824 3268 με·

237 3285 410 3356 γαλην
449 3287 512 3338 ὲν
539 3286 674 3337 πᾶσι
701 3325 714 3346 ,
751 3286 846 3338 καὶ
871 3285 1053 3355 ἔλεγεν
1073 3304 1086 3318 ο
1114 3289 1278 3342 Ἀνευ
1312 3289 1560 3360 φυλακῆς
1584 3291 1824 3364 μεγάλης

236 3379 298 3430 οὐ
323 3377 615 3446 προϐαίνει
641 3377 925 3448 ἄνθρωπος
951 3377 1075 3432 οὔτε
1101 3382 1183 3444 εἰς
1224 3381 1351 3452 μίαν
1389 3383 1611 3456 ἀρετήν.

306 3468 372 3522 λ’.
407 3468 650 3538 Εἰσῆλθέ
691 3485 821 3521 ποτε
849 3469 878 3521 6
917 3469 1090 3535 assa;
1137 3471 1380 3539 Ἀγάθων
1425 3475 1506 3536 είς
1544 3471 1643 3544 τὴν
1672 3473 1825 3526 πόλιν

237 3561 500 3632 πωλῆσαι
529 3559 704 3630 μικρὰ
735 3559 926 3632 σκεύη,
959 3561 1056 3614 καὶ
1089 3562 1332 3632 εὑρίσκει
1353 3561 1474 3615 τινὰ
1511 3563 1826 3634 λελωϐημέ-

239 3672 328 3706 νον
367 3655 410 3684 ⁶¹
449 3652 608 3725 παρὰ
657 3654 756 3722 τὴν
788 3653 924 3706 ὁδόν.
957 3653 1119 3722 Λέγει
1170 3635 1372 3725 adegit}
1416 3655 1822 3727 λελωϐημένος

239 3745 354 3798 Ποῦ
379 3743 618 3810 ὑπάγεις
645 3759 660 3807 ;
691 3742 852 3810 Λέγει
883 3741 1031 3812 αὐτῴ
1053 3743 1080 3794 6
1109 3743 1283 3806 assa;
1307 3744 1550 3812 Ἀγάθων
1570 3761 1584 3774 ·
1611 3746 1704 3807 Εἰς
1728 3745 1825 3815 τὴν

241 3836 400 3888 πόλιν
435 3835 692 3904 πωλῆσαι
723 3835 910 3905 σκεύη.
945 3835 1110 3903 Λέγει
1131 3835 1278 3906 αὐτῴ
1297 3853 1310 3865 ο
1337 3834 1568 3905 Ποίησον
1585 3836 1823 3906 ἀγάπην,

241 3930 338 3982 καὶ
373 3925 510 4000 ἆρόν
549 3945 618 3998 με
651 3929 786 3981 ἐκεῖ.
825 3929 930 3982 Kal
965 3927 1240 3998 βαστάσας
1285 3927 1479 3990 αὐτὸν,
1518 3927 1826 4000 ἀπήνεγκεν

241 4015 322 4076 εἰς
349 4015 452 4083 τὴν
485 4014 658 4068 πόλιν.
703 4015 866 4082 Λέγει
889 4015 1038 4085 αὐτῷ
1059 4034 1071 4048 ·
1109 4016 1280 4069 Ὅπου
1308 4015 1506 4078 πωλεῖς
1532 4015 1600 4068 τὰ
1636 4015 1825 4088 σκεύη,

242 4107 362 4158 ἐκεῖ
401 4123 472 4176 με
504 4103 616 4170 θές.
681 4105 930 4178 Ἐποίησε
957 4107 1014 4159 δὲ
1045 4105 1246 4170 οὕτως.
1303 4107 1410 4160 Kal
1439 4108 1528 4160 ὅτε
1579 4107 1828 4177 ὲπώλησε

243 4197 466 4262 σκεῦος,
501 4197 686 4266 ἔλεγεν
722 4197 868 4269 αὐτῷ
891 4201 919 4251 6
957 4197 1334 4269 λελωϐημένος
1356 4214 1369 4227 ’
1399 4199 1572 4252 Πόσου
1614 4199 1826 4272 ἐπώλη-

243 4303 346 4349 σας
377 4287 550 4351 αὐτό;
583 4287 696 4341 Kal
725 4287 876 4356 ἔλεγε
899 4285 1080 4342 τόσου.
1105 4289 1216 4342 Kal
1246 4287 1432 4357 ἔλεγεν
1461 4287 1609 4359 αὐτῷ
1634 4307 1648 4321 ο
1671 4289 1828 4357 Ἀγό-

252 4379 422 4447 ρασόν
453 4395 544 4448 μοι
594 4377 918 4432 πλακοῦντιν
954 4377 1018 4432 ⁶².
1057 4378 1166 4431 Kal
1213 4377 1473 4450 ἠγόραζε.
1511 4379 1620 4432 Kal
1666 4379 1827 4433 πάλιν

246 4469 456 4524 ἐπώλει
489 4469 620 4522 ἄλλο
665 4467 874 4532 σκεῦος.
916 4471 1024 4523 Kal
1054 4469 1232 4538 ἔλεγε⁸
1281 4470 1390 4524 Kal
1430 4469 1588 4524 τοῦτο
1625 4471 1825 4537 πόσου;

240 4558 356 4611 Kal
388 4557 546 4625 ἔλεγε
570 4575 582 4587 ·
619 4557 808 4611 Τόσου.
851 4557 960 4611 Kal
985 4559 1169 4628 ἔλεγεν
1193 4557 1372 4630 αὐτῷ·
1415 4561 1706 4632 ’Λγόρασόν
1740 4579 1828 4632 μοι

241 4650 390 4703 τόδε.
415 4651 526 4702 Kal
538 4648 794 4719 ἠγόραζε.
815 4649 966 4702 Μετὰ
977 4645 1069 4704 οὖν
1083 4649 1144 4703 τὸ
1169 4649 1418 4720 πωλῆσαι
1439 4651 1536 4704 ὅλα
1551 4652 1620 4704 τὰ
1637 4651 1826 4722 σκεύη,

251 4742 352 4794 καὶ
399 4739 580 4792 θέλειν
633 4737 904 4802 ἀπελθεῖν,
956 4738 1101 4808 λέγει
1159 4739 1308 4810 αὐτῷ
1348 4742 1378 4795 6
1415 4741 1822 4811 λελωϐημένος·

263 4832 563 4900 Ὑπάγειςς
593 4830 753 4899 Λέγει
773 4827 921 4900 αὐτῷ
940 4846 954 4860 ο
977 4829 1102 4882 Ναί.
1129 4831 1239 4884 Kal
1268 4830 1441 4900 λέγει·
1472 4830 1703 4902 Ποίησον
1725 4831 1830 4884 πά-

245 4925 334 4980 λιν
363 4925 610 4993 ἀγάπην.
651 4925 743 4976 καὶ
777 4919 908 4994 ἆρον
927 4923 1058 4974 ὅπου
1095 4939 1162 4991 με
1206 4915 1380 4994 εὗρες.
1409 4923 1520 4976 Kal
1556 4923 1830 4992 βαστάσας

245 5017 434 5080 αὐτὸν,
465 5017 698 5088 ἤνεγκεν
736 5018 814 5078 είς
835 5015 924 5068 τὸν
949 5017 1112 5069 τόπον
1133 5015 1322 5070 αὐτοῦ.
1345 5015 1456 5068 Kal
1477 5015 1624 5084 λέγει
1655 5015 1824 5088 αὐτῷ’

245 5108 632 5179 Εὐλογημένος
659 5103 730 5168 εἶ,
747 5108 1014 5176 Ἀγάθων,
1045 5109 1149 5162 ὑπὸ
1175 5107 1380 5179 Κυρίου
1408 5109 1466 5160 ἐν
1494 5107 1708 5179 οὐρανῷ
1733 5110 1829 5162 καὶ

245 5201 344 5255 ἐπὶ
375 5201 504 5270 γῆς.
559 5199 670 5252 Kal
715 5199 854 5270 ἄρας
901 5201 1024 5264 τοὺς
1073 5199 1383 5270 ὀφθαλμοὺς
1424 5199 1588 5252 αὐτοῦ
1639 5198 1828 5254 οὐδένα

245 5289 424 5348 s'to‘zv'
458 5289 530 5364 ἧν
565 5293 675 5364 γὰρ
703 5291 932 5362 ἄγγελος
967 5292 1174 5364 Κυρίου
1204 5291 1372 5346 ἐλθὼν
1407 5291 1698 5363 δοκιμάσαι
1733 5293 1828 5346 αὐ-

247 5387 361 5440 τόν.

324 5541 372 5575 ⁸⁸
399 5541 486 5597 Al.
511 5539 684 5598 inser.
717 5541 938 5605 εὐθέως.

329 5697 448 5768 (34)
499 5695 604 5751 γει.
639 5695 794 5752 Patr.
833 5715 905 5764 χι,
935 5697 988 5754 2.

1917 1825 2126 1892 quavit,
2155 1833 2268 1880 tres
2304 1825 2424 1879 dies
2449 1823 2650 1878 mansit
2679 1823 2854 1878 oculis
2881 1824 3086 1892 apertis
3118 1823 3486 1892 immotisque.

1913 1913 2136 1970 Fratres
2152 1923 2329 1968 autem
2361 1917 2874 1985 pulsaverunteum,
2903 1913 3266 1983 dixeruntque
3297 1913 3488 1968 :Abba

1915 2006 2147 2076 Agatho,
2180 2006 2402 2060 ubinam
2455 2007 2550 2061 es?
2580 2005 2880 2076 Respondit
2919 2005 2999 2060 eis
3033 2024 3046 2058 ;
3085 2003 3182 2058 Sto
3213 2012 3336 2059 ante
3385 2005 3492 2060 tri-

1917 2099 2084 2154 bunal
2113 2098 2228 2154 Dei.
2256 2099 2368 2170 (55)
2399 2099 2604 2164 Aiunt:
2641 2097 2813 2152 Etiam
2836 2105 2895 2151 tu
2929 2097 3108 2160 times,
3136 2095 3332 2150 Pater?
3353 2094 3446 2150 llle
3473 2115 3486 2150 :

1917 2194 2092 2245 Antea
2116 2191 2260 2261 quod
2287 2191 2436 2261 potui
2469 2191 2570 2244 feci
2605 2197 2662 2244 ut
2687 2189 3034 2244 observarem
3075 2189 3326 2244 mandata
3357 2188 3488 2256 Dei;

1919 2281 2014 2334 sed
2046 2283 2206 2337 homo
2256 2297 2415 2337 sum:
2453 2282 2598 2336 unde
2647 2281 2818 2337 sciam
2847 2289 3029 2334 utrum
3079 2279 3190 2334 Deo
3229 2281 3492 2350 placuerit

1919 2384 2056 2439 opus
2073 2385 2250 2424 meum
2267 2372 2292 2424 ?
2309 2371 2506 2425 Dicunt
2530 2373 2576 2425 ei
2597 2369 2797 2424 fratres
2820 2389 2832 2424 :
2856 2368 2974 2424 Non
2998 2369 3228 2424 confidis
3251 2372 3302 2423 in
3326 2385 3492 2440 opere

1918 2467 2034 2524 tuo,
2062 2461 2208 2530 quod
2239 2463 2540 2516 secundum
2599 2459 2766 2514 Deum
2801 2461 2912 2514 sit?
2937 2459 3234 2529 Respondit
3275 2477 3440 2516 senex
3474 2480 3488 2514 :

1917 2551 2036 2606 Non
2067 2553 2238 2608 habeo
2261 2553 2534 2618 fiduciam,
2560 2553 2664 2608 nisi
2691 2552 2799 2607 Deo
2822 2567 3133 2608 occurrere.
3166 2553 3324 2607 Aliud
3347 2555 3492 2608 enim

1918 2652 2002 2700 est
2027 2645 2292 2716 judicium
2329 2643 2446 2709 Dei,
2481 2645 2630 2700 aliud
2681 2645 2982 2699 hominum.
3018 2644 3264 2714 Cumque
3293 2645 3494 2700 vellent

1919 2752 2044 2792 eum
2079 2738 2185 2790 alia
2211 2738 2277 2793 de
2303 2753 2362 2792 re
2391 2737 2730 2808 percontari,
2760 2737 2838 2790 ait
2866 2737 2972 2792 illis
2997 2756 3010 2791 :
3043 2736 3341 2792 Charitatis
3357 2752 3496 2806 Opus

1920 2831 2179 2901 peragite,
2199 2845 2268 2885 ne
2291 2831 2527 2900 amplius
2557 2845 2769 2885 mecum
2789 2829 3119 2900 loquamini:
3149 2845 3268 2885 sum
3295 2830 3496 2900 quippe

1920 2929 2244 2991 occupatus.
2283 2919 2348 2974 Et
2403 2919 2642 2976 excessit
2679 2935 2710 2976 e
2757 2921 2868 2975 vita
2903 2935 3026 2974 cum
3059 2921 3280 2990 gaudio.
3333 2917 3498 2976 Vide-

1921 3021 2053 3066 runt
2077 3013 2346 3082 siquidem
2371 3028 2494 3068 eum
2523 3011 2803 3078 eductum,
2829 3027 2940 3082 quo
2961 3013 3121 3068 modo
3147 3013 3271 3082 quis
3293 3013 3498 3066 salutat

1925 3102 2130 3156 amicos
2161 3115 2293 3158 suos
2334 3101 2694 3171 dilectosque.
2745 3101 2944 3155 l-labuit
2989 3116 3154 3172 porro
3193 3102 3246 3156 in
3281 3101 3497 3156 cunctis

1925 3208 2175 3264 magnam
2207 3191 2550 3257 custodiam;
2587 3199 2640 3246 et
2669 3189 2850 3246 dicere
2883 3187 3132 3253 solebat,’
3167 3191 3373 3260 absque
3411 3193 3497 3244 in-

1925 3285 2071 3356 genti
2124 3285 2372 3340 custodia
2429 3283 2702 3338 hominem
2737 3299 2912 3353 neque
2942 3284 3008 3338 ad
3043 3299 3208 3336 unam
3235 3284 3496 3336 virtutem

1925 3375 2197 3446 pregredi.

1995 3467 2080 3522 30.
2108 3463 2390 3536 Ingressus
2412 3465 2652 3536 quodam
2677 3478 2920 3536 tempore
2947 3465 3002 3519 in
3032 3465 3308 3520 civitatem
3327 3462 3500 3518 abbas

1924 3555 2134 3626 Agatho
2160 3555 2228 3610 ad
2260 3556 2548 3612 vendenda
2585 3557 2832 3620 vascula,
2869 3557 3070 3626 reperit
3099 3558 3156 3610 in
3193 3556 3280 3610 via
3319 3555 3497 3624 lepro-

1925 3661 2045 3701 sum
2080 3665 2092 3700 :
2131 3649 2222 3717 qui
2257 3649 2575 3704 sciscitatus
2603 3656 2708 3712 est,
2741 3663 2851 3720 quo
2896 3647 3020 3703 iret.
3061 3647 3365 3718 Respondit
3403 3646 3499 3702 ab-

1925 3739 2025 3794 bas
2061 3741 2272 3810 Agatho
2307 3756 2319 3791 :
2363 3740 2443 3794 Ad
2479 3741 2691 3806 urbem,
2723 3739 3000 3795 venditum
3031 3755 3182 3796 vasa.
3227 3737 3380 3792 Tunc
3416 3738 3496 3792 le-

1924 3847 2123 3902 prosus
2153 3832 2270 3886 infit
2300 3851 2312 3886 :
2346 3831 2454 3888 Fac
2485 3833 2830 3895 charitatem,
2877 3847 2942 3886 eo
2987 3845 3074 3885 me
3100 3829 3250 3884 tolle.
3283 3827 3348 3882 Et
3371 3845 3500 3900 por-

1925 3929 2050 3976 tans
2079 3937 2222 3986 eum,
2255 3921 2482 3976 adduxit
2521 3922 2574 3975 in
2622 3923 2916 3977 civitatem.
2977 3920 3176 3976 lterum
3223 3919 3358 3974 ille:
3393 3917 3495 3974 Ubi

1926 4011 2162 4068 vendere
2191 4013 2334 4068 soles
2365 4028 2516 4074 vasa,
2547 4012 2622 4066 ibi
2655 4027 2742 4068 me
2763 4027 2922 4082 pone.
2955 4012 3036 4066 lta
3070 4011 3216 4066 fecit.
3247 4010 3500 4082 Cumque

1929 4105 2264 4161 vendidisset
2295 4120 2411 4170 vas,
2455 4106 2610 4174 petiit
2659 4105 2728 4160 ab
2756 4119 2820 4159 eo
2843 4105 3114 4174 leprosus,
3147 4106 3340 4174 quanti
3368 4120 3498 4160 ven-

1929 4195 2176 4252 didisset.
2211 4195 2390 4260 Tanti,
2427 4195 2624 4266 inquit.
2656 4195 2794 4250 Tum
2826 4195 2874 4250 is
2907 4214 2920 4250 :
2955 4194 3084 4251 Eme
3117 4195 3246 4250 mihi
3285 4197 3500 4265 placen-

1929 4297 2058 4342 tam.
2093 4287 2252 4342 Emit.
2289 4287 2485 4343 lterum
2517 4287 2666 4344 aliud
2694 4302 2790 4343 vas
2821 4286 3084 4342 vendidit.
3115 4285 3182 4340 Et
3219 4289 3310 4343 ille
3343 4306 3355 4342 :
3382 4287 3500 4344 lloc

1933 4392 2064 4432 vero
2088 4379 2323 4448 quanti?
2369 4378 2550 4442 Tanti,
2604 4379 2798 4450 inquit.
2832 4377 3107 4449 Leprosus
3140 4395 3154 4430 :
3199 4377 3334 4436 Eme
3365 4380 3501 4434 mihi

1933 4470 2058 4526 hoc.
2083 4469 2225 4525 Emit
2245 4472 2434 4529 abbas.
2455 4473 2590 4528 Cum
2620 4489 2749 4544 ergo
2787 4473 3122 4528 vendidisset
3139 4475 3322 4529 omnia
3345 4489 3499 4542 vasa,

1931 4563 2200 4634 velletque
2255 4564 2425 4630 abire,
2459 4565 2598 4620 dixit
2624 4567 2672 4620 ei
2729 4565 2979 4636 leprosus
3011 4584 3024 4619 :
3061 4563 3335 4620 Recedis?
3395 4565 3502 4622 Re-

1934 4655 2155 4726 spondit
2183 4675 2195 4710 :
2221 4644 2425 4712 Etiam.
2448 4658 2581 4712 Tum
2617 4659 2708 4712 ille
2737 4676 2750 4712 :
2785 4659 2978 4711 Adhuc
3025 4671 3163 4726 opus
3214 4657 3496 4712 charitatis

1933 4759 2148 4810 exerce,
2177 4744 2320 4802 refer
2349 4761 2436 4801 me
2486 4761 2595 4817 quo
2645 4747 2763 4800 loco
2813 4746 3088 4800 invenisti.
3144 4743 3494 4816 Portavitque

1927 4851 2071 4902 eum,
2105 4845 2162 4892 et
2191 4837 2258 4892 ad
2291 4853 2448 4892 suum
2481 4837 2660 4891 locum
2719 4835 2981 4890 restituit.
3019 4833 3174 4890 Tunc
3207 4835 3344 4891 dixit
3389 4837 3440 4890 ei
3478 4857 3494 4892 :

1927 4929 2250 4986 Benedictus
2281 4946 2341 4986 es
2365 4929 2575 4998 Agatho
2605 4944 2636 4984 a
2669 4927 2898 4983 Domino
2917 4927 2970 4982 in
3001 4929 3140 4982 cmlo
3171 4937 3224 4983 et
3253 4929 3308 4983 in
3327 4935 3496 4984 terra.

1929 5021 2252 5091 Levatisque
2309 5023 2485 5076 oculis
2518 5020 2689 5075 abbas
2745 5019 3020 5074 neminem
3053 5005 3291 5090 amplius
3340 5019 3496 5074 vidit.

1931 5112 2062 5166 Erat
2085 5115 2228 5169 enim
2279 5115 2503 5186 angelus
2533 5110 2747 5166 Domini
2777 5111 2870 5182 qui
2899 5119 3128 5168 venerat
3155 5121 3212 5168 ut
3244 5110 3516 5184 probaret.

1932 5219 2074 5260 811111.

1016 5541 1060 5574 ⁶¹
1089 5542 1174 5596 Al.
1203 5542 1370 5598 inser.
1412 5538 1764 5612 ἐρριμμένον.

1932 5538 2018 5593 Al.
2061 5538 2401 5601 πλακοῦντας
2435 5545 2489 5592 et
2543 5536 2874 5592 πλακοῦντα.

2013 5693 2118 5766 (55)
2149 5692 2370 5750 Dorotli.
2407 5691 2582 5748 Doctr.
2614 5709 2670 5760 It,
2708 5693 2762 5747 ὅ.
