3878 6310
455 242 568 301 H9

935 361 1013 417 De
1041 363 1228 436 abbate
1269 365 1550 420 Ammona.

525 475 576 528 1.
613 473 727 547 (56)
762 475 954 533 Frater
995 479 1352 550 interrogavit
1387 483 1634 537 abbatem
1670 465 2014 548 Ammonain,

453 565 689 621 dicens:
747 567 932 623 Profer
963 571 1094 625 mihi
1131 574 1378 626 verbum.
1430 575 1515 628 Ait
1572 590 1734 630 senex
1771 591 1786 627 :
1853 571 2013 637 Vade,

452 659 616 712 talem
649 659 786 713 habe
823 663 1227 731 cogitationem,
1259 669 1475 735 qualem
1495 669 1570 720 rei
1594 667 1684 737 qui
1719 668 1772 720 in
1797 682 2015 722 carcere

451 758 759 804 versantur.
785 750 862 806 Illi
889 769 1123 824 namque
1147 772 1361 826 semper
1385 758 1722 828 interrogant
1755 759 2015 813 acceden-

451 846 536 894 tes
557 842 725 904 viros,
759 843 977 897 ubinam
1005 845 1165 916 degat
1185 862 1403 916 praeses,
1427 860 1480 903 et
1507 850 1724 920 quando
1751 863 2012 905 venturus

451 927 556 994 sit;
581 937 742 998 atque
756 946 821 983 ex
846 937 1250 1002 exspectatione
1280 939 1513 1006 plorant.
1545 938 1667 993 Pari
1701 940 1860 994 modo
1890 956 2011 994 mo-

450 1018 659 1073 nachus
696 1020 855 1076 debet
881 1038 1095 1094 semper
1140 1027 1438 1090 attendere,
1486 1043 1550 1083 ac
1587 1029 1819 1082 animam
1856 1046 2008 1085 suam

447 1109 759 1181 objurgare.
794 1111 1024 1168 dicendo
1058 1133 1070 1168 :
1112 1114 1204 1169 Vae
1259 1118 1431 1172 mihi!
1490 1117 1770 1184 Quomodo
1821 1130 2010 1192 potero

447 1209 629 1255 astare
655 1201 723 1255 ad
754 1204 993 1258 tribunal
1033 1207 1281 1262 Christi?
1314 1208 1514 1278 quidve
1565 1210 1774 1266 habebo
1822 1211 2010 1267 defen-

446 1290 619 1346 sionis
652 1307 836 1347 coram
860 1295 992 1350 illo?
1022 1295 1078 1350 Si
1111 1298 1183 1352 ita
1219 1299 1441 1355 assidue
1486 1301 1778 1358 meditatus
1806 1301 2006 1370 fueris,

444 1383 650 1451 poteris
671 1389 930 1456 consequi
960 1390 1214 1446 salutem.

517 1471 574 1529 2.
607 1474 717 1546 (57)
747 1476 1116 1536 Memorabant
1137 1483 1203 1538 de
1225 1484 1420 1540 abbate
1444 1485 1731 1552 Ammona,
1751 1487 1893 1556 quod
1917 1487 2010 1543 ba-

443 1564 688 1620 siliscum
718 1570 998 1626 occiderit.
1045 1572 1180 1628 Nam
1211 1577 1487 1646 profectus
1540 1563 1608 1632 in
1634 1578 1909 1634 desertum
1937 1581 2005 1635 ad

441 1654 797 1712 hauriendam
829 1675 1022 1730 aquam
1050 1679 1079 1717 e
1100 1665 1240 1729 lacu,
1271 1682 1394 1722 cum
1418 1667 1643 1725 vidisset
1664 1670 2002 1737 basiliscum,

1623 248 1966 304 APPENDIX
2005 250 2098 305 AD
2136 250 2554 310 PALLADIUM.

2525 372 2663 442 Περὶ
2689 388 2797 426 του
2819 373 2970 430 ἀϐϐἇ
2996 376 3282 446 Ἄμμωνά.

2189 491 2257 538 α’.
2290 486 2541 554 Ἀδελφος
2569 486 2823 560 ἠρώτησε
2850 490 2940 542 τὸν
2961 488 3137 542 ἀὸὁᾶν
3166 491 3481 560 Ἀμμωνᾶν,
3505 491 3692 561 λέγων’

2119 574 2253 629 Εἰπέ
2295 595 2383 646 μοι
2418 577 2588 648 ῥῆμα.
2618 579 2725 631 Kal.
2745 579 2888 647 λέγει
2912 583 2940 633 6
2961 585 3139 650 γέρων
3161 598 3173 609 ·
3205 582 3442 650 Ὕπαγε,
3473 585 3696 654 ποίησον

2115 668 2204 719 τὸν
2237 668 2492 738 λογισμόν
2550 687 2641 723 σου
2665 712 2680 734 ,
2725 671 2917 744 ὥσπερ
2973 675 3017 727 oi
3049 674 3343 744 κακοῦργοι
3368 675 3612 729 ποιοῦσιν
3646 679 3692 731 οἱ

2115 754 2264 818 ὄντες
2295 757 2352 809 ἐν
2375 760 2438 828 τῇ
2467 758 2699 830 φυλακῇ.
2731 760 2970 813 Ἐκεῖνοι
3000 762 3107 833 γὰρ
3140 762 3418 833 ἐρωτῶσιν
3449 765 3539 816 ἀεὶ
3570 766 3692 829 τοὺς

2114 847 2447 919 ἀνθρώπους,
2482 848 2583 902 ποῦ
2624 850 2768 902 ἔστιν
2792 853 2819 904 6
2857 851 3079 922 ἡγεμὼν
3126 855 3219 904 καὶ
3271 854 3399 906 πότε
3438 855 3688 924 ἔρχεται,

2113 940 2206 992 καὶ
2237 941 2343 992 ἀπὸ
2374 941 2475 1009 τῆς
2507 942 2834 1011 προσδοκίας
2866 942 3162 996 κλαίουσιν.
3198 942 3382 1007 Οῦτως
3413 947 3509 997 καὶ
3539 948 3566 997 6
3597 962 3690 1014 μο-

2111 1031 2272 1100 ναχὺς
2305 1033 2507 1102 ὀφείλει
2530 1033 2817 1094 διαπαντὸς
2851 1035 3156 1105 προσέχειν,
3188 1035 3280 1087 καὶ
3313 1036 3558 1106 ἐλέγχειν
3595 1038 3687 1106 τὴν

2111 1123 2300 1176 ἑαυτοῦ
2323 1125 2520 1195 ψυχὴν,
2548 1126 2721 1194 λέγων
2741 1147 2752 1158 ·
2783 1126 2918 1180 Οὐαί
2950 1144 3038 1197 μοι
3065 1129 3078 1180 !
3123 1126 3246 1190 Πῶς
3273 1127 3378 1197 ἔχω
3404 1129 3684 1200 παραστῆ-

2109 1231 2194 1267 ναι
2223 1213 2300 1285 τῷ
2320 1215 2521 1287 βήματι
2554 1216 2646 1269 τοῦ
2674 1217 2906 1287 Χριστοῦ
2931 1235 2945 1283 ;
2972 1220 3065 1270 καὶ
3092 1218 3208 1280 πῶς
3239 1219 3347 1288 ξχω
3378 1219 3527 1289 αὑτῷ
3552 1222 3684 1272 ἁπο-

2107 1305 2466 1377 λογήσασθαις
2511 1309 2632 1361 Ἐὰν
2665 1307 2838 1372 οὕτως
2867 1309 3167 1382 μελετήσῃς
3195 1309 3508 1374 διαπαντὸς,
3530 1311 3682 1364 δύναο

2109 1413 2198 1450 σαι
2231 1397 2490 1467 σωθῆναι.

2179 1489 2243 1558 β’.
2279 1489 2505 1558 Ἔλεγον
2529 1490 2772 1563 περὶτοῦ
2798 1491 2943 1545 άϐϐᾶ
2983 1491 3270 1562 Ἀμμωνᾶ,
3305 1491 3388 1544 ὅτι
3414 1489 3510 1544 καὶ
3543 1490 3693 1560 βασι-

2105 1578 2288 1634 λίσκον
2314 1581 2651 1635 ἀπέκτεινεν.
2704 1582 2976 1636 Ἀπελθὼν
2998 1584 3106 1654 γὰρ
3136 1586 3214 1646 είς
3237 1583 3333 1653 τὴν
3360 1583 3566 1654 ἔρημον
3597 1584 3684 1635 ἁν-

2107 1671 2298 1740 τλῆσαι
2331 1670 2474 1740 ὕδωρ
2507 1672 2612 1724 ἀπὸ
2641 1672 2864 1739 λάκκου,
2915 1674 3010 1726 καὶ
3059 1671 3180 1725 ίδὼν
3207 1672 3298 1724 τὸν
3354 1671 3679 1742 βασιλίσκον,

441 1761 564 1804 sese
595 1749 650 1802 in
683 1749 876 1807 faciem
929 1759 1242 1824 prostravit.
1294 1774 1358 1813 ac
1386 1760 1562 1814 dixit:
1602 1760 1850 1826 Domine,
1911 1775 1992 1820 aul

2107 1729 2295 1816 ἔϐαλεν
2324 1729 2486 1817 αὑτδν
2512 1765 2604 1816 ἐπὶ
2637 1729 2926 1836 πρόσωπον
2946 1806 2960 1830 ,
2995 1765 3167 1832 λέγων
3189 1779 3203 1793 ·
3251 1729 3422 1834 Κύριε
3441 1805 3455 1827 ,
3499 1767 3550 1817 εί
3575 1764 3683 1833 ἐγὼ

439 1854 539 1909 ego
572 1843 794 1907 moriar,
851 1853 945 1898 aut
978 1846 1101 1903 iste.
1139 1851 1442 1923 Statimque
1477 1853 1771 1912 basiliscus
1805 1859 2003 1915 virtute

437 1929 639 1985 Christi
664 1935 897 2003 crepuit.

506 2017 558 2073 3.
595 2022 705 2092 (58)
739 2025 880 2079 Dixit
904 2026 1073 2084 abbas
1098 2031 1391 2088 Ammonas
1414 2052 1427 2089 :
1455 2034 1559 2092 Per
1586 2041 1997 2109 quatuordecim

434 2124 610 2166 annos
634 2113 691 2166 in
722 2111 868 2169 Sceti
898 2127 1268 2174 commoratus
1297 2124 1446 2175 oravi
1475 2124 1641 2179 Deum
1680 2126 1769 2182 die
1809 2143 1872 2183 ac
1899 2145 2000 2184 no-

433 2208 539 2262 cte,
577 2210 634 2255 ut
663 2203 795 2257 mihi
824 2205 932 2259 vim
962 2207 1253 2278 largiretur
1282 2212 1534 2268 vincendi
1559 2218 1718 2271 iram.

499 2293 556 2348 4.
590 2295 702 2364 (59)
732 2295 986 2353 Narravit
1024 2301 1243 2370 quidam
1273 2305 1518 2372 Patrum,
1561 2308 1706 2378 quod
1730 2311 1796 2366 ad
1827 2311 1997 2367 Cellia

428 2391 548 2439 erat
605 2388 802 2457 aliquis
853 2404 1021 2445 senex
1053 2393 1381 2463 laboriosus,
1414 2397 1595 2453 ferens
1647 2410 1892 2458 mattam.
1945 2404 1995 2458 ls

429 2477 619 2533 abiens
663 2481 811 2535 venit
844 2483 910 2537 ad
958 2485 1209 2540 abbatem
1242 2489 1587 2546 Ammonam.
1622 2494 1726 2560 Qui
1762 2512 1994 2553 cernens

427 2584 553 2623 eum
585 2581 752 2626 malta
785 2577 1063 2642 vestitum,
1103 2580 1273 2634 dixit:
1306 2581 1429 2638 Haec
1458 2585 1553 2639 tibi
1587 2587 1718 2640 nihil
1751 2588 1991 2657 prodest.

427 2660 787 2734 Interrogavit
820 2677 1001 2722 autem
1041 2685 1230 2734 senex,
1267 2673 1496 2729 dicens:
1534 2675 1668 2732 Tres
1710 2679 1993 2748 cogitatio-

427 2765 526 2805 nes
553 2752 684 2806 milii
708 2753 918 2810 faciunt
947 2759 1273 2826 molestiam,
1313 2765 1398 2818 vel
1426 2781 1522 2834 per
1548 2768 1870 2824 solitudines
1901 2786 1995 2822 va-

426 2843 566 2912 gari,
600 2846 679 2899 vel
707 2847 771 2900 ad
799 2851 1141 2918 peregrinum
1173 2853 1351 2908 locum
1380 2856 1552 2921 abire,
1583 2859 1676 2912 ubi
1709 2875 1868 2913 nemo
1899 2877 1992 2916 co-

426 2945 651 3001 gnoscat
681 2951 799 3002 me;
825 2939 909 2992 vel
932 2939 1165 3010 denique
1195 2951 1254 2997 ut
1287 2945 1340 2998 in
1361 2947 1551 3001 cellam
1578 2964 1663 3003 me
1690 2950 1987 3016 includam,

425 3036 724 3079 occurrens
765 3028 991 3090 nemini,
1041 3044 1105 3083 ac
1137 3038 1258 3100 post
1291 3033 1512 3088 biduum
1540 3036 1852 3092 comedens.
1901 3041 1990 3092 Ait
2017 3066 2058 3122 ο

423 3113 504 3168 illi
534 3117 702 3172 abbas
749 3119 1085 3177 Ammonas:
1121 3123 1336 3179 Nullum
1360 3142 1391 3182 e
1426 3128 1600 3182 tribus
1658 3131 1877 3200 expedit
1931 3141 1989 3185 ut

423 3202 631 3273 facias;
669 3208 764 3263 sed
795 3212 976 3280 potius
1011 3214 1137 3269 sede
1169 3215 1222 3270 in
1257 3219 1390 3272 cella
1422 3227 1546 3285 tua,
1588 3231 1642 3276 et
1674 3238 1864 3292 parum
1893 3241 1988 3277 co-

422 3295 578 3350 mede
596 3297 829 3368 singulis
851 3302 1078 3357 diebus:
1101 3313 1263 3374 atque
1281 3309 1479 3363 habeto
1506 3326 1721 3380 semper
1747 3313 1797 3366 in
1823 3315 1988 3368 corde

421 3395 519 3437 tuo
545 3387 819 3454 publicani
856 3405 1163 3449 sermonem
1192 3396 1258 3459 ⁸³,
1282 3401 1592 3470 poterisque
1629 3403 1813 3457 salvus
1845 3405 1982 3458 lieri.

491 3561 544 3614 5.
585 3560 864 3621 Fratribus
902 3570 1100 3624 accidit
1154 3571 1372 3628 amictio
1405 3575 1458 3628 in
1501 3577 1620 3631 loco
1673 3594 1887 3644 eorum;
1921 3597 1984 3635 ac

419 3654 667 3710 volentes
703 3657 879 3712 locum
900 3663 1210 3732 relinquere
1232 3665 1456 3734 profecti
1481 3677 1608 3721 sunt
1635 3670 1699 3722 ad
1733 3672 1981 3726 abbatem

418 3751 761 3807 Ammonam.
784 3752 922 3811 Ecce
953 3766 1131 3812 autem
1165 3743 1331 3814 senex
1363 3762 1579 3831 navigio
1595 3763 1978 3818 devehebatur.

419 3841 523 3908 Qui
547 3843 734 3900 videns
759 3847 881 3903 illos
905 3850 970 3903 ad
1003 3850 1411 3908 lluminislittus
1440 3855 1542 3908 iter
1574 3867 1815 3926 agentes,
1845 3859 1982 3911 dixit

418 3936 604 3988 nautis
640 3953 654 3989 :
696 3937 779 3992 Me
805 3938 871 3992 ad
904 3949 1106 3995 terram
1144 3943 1426 4000 demittite.
1465 3945 1529 3999 Et
1556 3948 1763 4002 vocatis
1798 3949 1982 4002 fratri-

419 4025 546 4091 lius,
578 4027 716 4080 dixit
756 4031 836 4084 eis
872 4050 884 4085 :
919 4029 1028 4102 Ego
1061 4050 1180 4088 sum
1212 4037 1534 4102 Ammonas,
1583 4055 1743 4108 quem
1783 4056 1981 4095 conve-

418 4118 538 4173 nire
563 4121 780 4189 cupitis.
803 4121 1130 4195 Solatusque
1164 4127 1404 4196 ipsorum
1429 4129 1614 4191 corda,
1647 4132 1855 4184 remisit
1885 4147 1978 4185 eos

418 4209 563 4262 unde
593 4224 873 4268 venerant.
926 4213 1044 4267 Non
1072 4197 1214 4269 enim
1245 4218 1390 4286 quod
1424 4222 1725 4290 contigerat
1748 4225 1978 4277 nocebat

416 4298 634 4363 animae,
673 4301 766 4354 Sed
800 4302 1036 4357 humana
1071 4314 1188 4358 crat
1219 4309 1449 4362 vexatio.

486 4473 540 4527 6.
568 4472 731 4530 Venit
757 4475 1050 4546 aliquando
1079 4477 1248 4558 abbas
1275 4480 1568 4538 Ammonas
1612 4493 1670 4537 ut
1698 4488 1998 4559 trajiceretp

414 4563 639 4630 flumen,
681 4579 746 4618 ac
794 4577 1008 4636 reperto
1046 4568 1314 4624 instructo
1333 4586 1688 4644 promptoque
1718 4586 1971 4645 pontone,

414 4655 640 4711 assedit.
686 4657 827 4712 Ecce
853 4667 1032 4712 autem
1069 4661 1175 4714 alia
1214 4664 1389 4727 navis,
1413 4681 1478 4719 eo
1504 4667 1756 4733 deducta,
1795 4683 1974 4725 vecto-

413 4763 503 4802 res
550 4749 877 4819 trajiciebat.
913 4750 1108 4806 Dicunt
1139 4753 1226 4806 ei:
1279 4753 1412 4809 Veni
1462 4761 1648 4822 etiam,
1702 4769 1758 4813 tu
1809 4762 1970 4826 abba,

416 4839 607 4907 trajice
640 4842 940 4896 nobiscum.
969 4844 1266 4914 Respondit
1295 4847 1386 4901 ille
1413 4866 1424 4902 :
1453 4847 1566 4904 Nisi
1604 4851 1657 4903 in
1680 4854 1969 4920 publicum

413 4937 706 4999 pontonem
743 4951 852 4988 non
881 4939 1136 4992 ascendo.
1169 4937 1412 4994 Habebat
1437 4949 1614 4996 autem
1648 4943 1969 5000 fasciculum

413 5023 750 5090 palmeormu
784 5031 1241 5094 ramusculorum,
1275 5040 1328 5085 et
1359 5031 1582 5088 sedebat
1634 5037 1861 5104 plectam
1897 5048 1974 5094 te-

484 5183 530 5214 “
562 5183 692 5237 Luc.
719 5199 872 5249 xvm,
898 5185 983 5240 23.
1061 5187 1106 5216 “
1143 5189 1227 5243 Al.
1259 5189 1581 5254 πελάζεσθαι
1612 5194 1669 5246 ὲν
1694 5197 1757 5266 τῇ
1797 5197 2007 5267 ἐρήμῳ.

484 5316 594 5388 (56)
763 5316 916 5373 Patr.
953 5336 1034 5386 ιιι,
1057 5321 1124 5389 2;
1150 5322 1211 5379 L.
1238 5324 1462 5380 Climac.
1483 5343 1536 5395 p.
1559 5326 1682 5390 M8,
1715 5331 1968 5385 Auastas.

410 5387 605 5457 quaest.
636 5387 759 5441 155.
1113 5387 1120 5389 ”

485 5458 594 5527 (3'7)
636 5457 744 5527 Vit.
772 5459 928 5522 Patr,
957 5477 1038 5522 Ill,
1069 5462 1195 5516 914.

493 5526 591 5599 '58)
633 5526 736 5599 Yt'l.
771 5530 922 5584 Patr.
965 5548 1060 5593 VII,
1097 5533 1148 5586 5.

480 5597 592 5666 (59)
635 5597 737 5650 Vit.
776 5599 931 5656 Patr.
970 5619 1025 5662 ιι.
1060 5604 1142 5654 to.

481 5671 590 5728 HO)
621 5671 720 5732 Εὶς
746 5673 816 5723 τὰ
844 5674 1086 5726 Κελλία.
1134 5671 1399 5741 Pelagius.
1433 5674 1485 5728 in
1517 5676 1670 5733 cella.
1695 5677 1842 5735 Cella
1872 5695 1970 5750 pro

2102 1855 2207 1925 ἔχω
2237 1855 2547 1921 ἀποθανεῖν,
2586 1856 2618 1927 ἢ
2650 1851 2825 1915 οὗτος.
2855 1857 2964 1909 Καὶ
2994 1856 3193 1919 εὐθέως
3215 1856 3244 1907 6
3272 1855 3581 1925 βασιλίσκος
3619 1860 3674 1910 ὲν

2099 1945 2164 2012 τῇ
2199 1942 2420 2012 δυνάμει
2444 1943 2535 1996 τοῦ
2560 1943 2794 2014 Χριστοῦ
2821 1945 3102 2018 διερῤάγη.

2170 2041 2234 2102 γ’.
2269 2032 2436 2087 Εἶπεν
2459 2038 2487 2089 ὀ
2515 2037 2687 2099 assa;
2713 2037 3027 2107 Ἀμμωνᾶς,
3056 2038 3138 2090 ὅτι
3165 2037 3547 2106 Δεκατέσσαρα
3571 2035 3666 2107 ἔτη

2099 2128 2328 2195 ἐποίησα
2352 2130 2407 2179 ὲν
2433 2128 2896 2199 Σκήτειδεόμενος
2923 2129 3015 2182 τοῦ
3039 2129 3173 2183 Θεοῦ
3205 2130 3396 2192 νυκτὸς
3427 2131 3520 2183 καὶ
3542 2131 3671 2201 ὴμέ-

2100 2235 2218 2288 ρας,
2255 2219 2340 2271 ἵνα
2378 2237 2465 2289 μοι
2495 2221 2781 2292 χαρίσηται
2814 2223 3031 2292 νικῆσαι
3066 2223 3162 2294 τὴν
3201 2223 3388 2294 ὀργήν.

2164 2310 2226 2363 δ’.
2251 2312 2557 2382 Διηγήσατὸ
2584 2329 2665 2375 τις
2706 2313 2811 2365 τῶν
2836 2315 3114 2385 Πατέρων,
3163 2315 3243 2368 ὅτι
3283 2312 3350 2388 ἦν
3388 2334 3470 2378 τις
3495 2316 3674 2387 γέρων

2095 2401 2314 2464 πονικὸς
2339 2404 2415 2464 είς
2447 2402 2515 2455 τὰ
2537 2403 2735 2456 Κελλία
2761 2405 2893 2473 (40),
2926 2406 3107 2476 φορῶν
3129 2406 3340 2476 ψιάθιον
3363 2429 3374 2440 ·
3408 2409 3502 2460 καὶ
3519 2407 3675 2460 ἀπελ-

2094 2492 2202 2545 θὼν
2232 2493 2505 2564 παρέϐαλε
2550 2495 2629 2564 τῷ
2674 2496 2818 2567 esse
2864 2498 3145 2568 Ἀμμωνᾷ.
3182 2494 3300 2550 Εἶδε
3349 2499 3405 2551 δὲ
3441 2499 3602 2550 αὐτὸν
3644 2501 3672 2550 6

2093 2585 2272 2652 γέρων
2299 2583 2567 2654 φοροῦντα
2591 2586 2651 2638 τὸ
2679 2585 2912 2655 autem,
2952 2588 3043 2640 καὶ
3087 2588 3233 2656 λέγει
3274 2588 3422 2657 αὺτῷ
3443 2603 3456 2616 ⁸
3491 2588 3671 2647 ζΓοῦτο

2093 2675 2242 2727 οὐδέν
2278 2692 2335 2726 σε
2370 2676 2587 2745 ὠφελεῖ.
2624 2679 2733 2730 Καὶ
2769 2677 3056 2752 ἠρώτησεν
3101 2681 3260 2734 αὑτὸν
3290 2681 3317 2732 6
3338 2681 3514 2750 γέρων
3537 2721 3552 2744 ,
3580 2680 3668 2732 λέ-

2093 2783 2204 2835 γων
2226 2783 2238 2794 ·
2276 2767 2436 2838 Τρεῖς
2466 2767 2715 2838 λογισμοὶ
2747 2770 2961 2839 ὀχλοῦσί
2998 2786 3122 2840 μοι·
3155 2772 3187 2841 ἢ
3212 2771 3270 2823 τὸ
3293 2771 3587 2834 πλάζεσθαι
3611 2773 3668 2823 ὲν

2092 2862 2208 2921 ταῖς
2232 2860 2458 2928 ἐρήμοις
2479 2859 2524 2890 ⁸⁸
2542 2860 2684 2928 (41),
2710 2861 2742 2931 ἥ
2773 2862 2857 2912 ἵνα
2887 2863 3105 2916 ἀπέλθω
3132 2864 3222 2915 ἐπὶ
3240 2863 3392 2932 ξένης
3410 2865 3543 2915 ὅπου
3573 2864 3666 2915 οῦ-

2091 2949 2201 3012 δείς
2235 2967 2300 3020 με
2330 2949 2704 3019 ἐπιγινώσκει,
2741 2951 2773 3022 ἢ
2803 2954 2890 3005 ἵνα
2918 2953 3180 3020 ἐγκλείσω
3209 2956 3397 3007 ἑαυτὸν
3427 2957 3506 3017 είς
3538 2955 3665 3006 κελ-

2092 3040 2224 3105 λίον,
2277 3042 2371 3094 καὶ
2423 3042 2608 3112 μηδενὶ
2651 3044 2964 3114 ἀπαντήσω,
3003 3044 3088 3097 διὰ
3115 3044 3207 3097 δύο
3236 3046 3445 3098 ἐσθίων.
3503 3046 3665 3114 Λέγει

2090 3133 2238 3202 αὑτῴ
2262 3133 2289 3184 6
2315 3132 2486 3195 assa;
2521 3134 2846 3204 Ἀμμωνᾶς’
2878 3135 3042 3187 Οὐδὲν
3080 3138 3143 3189 ὲκ
3178 3136 3283 3189 τῶν
3321 3137 3488 3207 τριῶν
3530 3155 3664 3208 συμ·

2088 3224 2240 3294 φέρει
2267 3241 2348 3277 σοι
2372 3226 2594 3295 ποιῆσαι
2619 3242 2632 3254 ο
2662 3227 2795 3279 ἀλλὰ
2831 3227 3028 3297 μᾶλλον
3055 3228 3220 3280 κάθου
3251 3230 3330 3292 είς
3367 3228 3425 3282 τὸ
3452 3230 3663 3283 κελλίον

2087 3331 2203 3377 σου,
2236 3317 2329 3368 καὶ
2365 3315 2510 3368 ἔσθιε
2542 3318 2736 3387 μικρὸν
2767 3319 2889 3371 καθ’
2916 3321 3130 3390 ἡμέραν
3153 3338 3166 3352 ·
3195 3322 3286 3374 καὶ
3315 3321 3404 3392 ἔχε
3437 3322 3662 3374 διαπαν-

2083 3406 2174 3468 τὸς
2202 3406 2292 3458 τὸν
2319 3406 2474 3474 λόγον
2497 3408 2590 3460 τοῦ
2616 3407 2846 3462 τελώνου
2880 3411 2936 3464 ὲν
2963 3414 3028 3484 τῇ
3058 3413 3254 3484 καρδίᾳ
3285 3429 3376 3465 σου
3401 3430 3413 3445 ·
3455 3414 3550 3466 καὶ
3569 3413 3662 3466 δύ-

2085 3512 2243 3547 νασαι
2284 3496 2544 3566 σωθῆναι.

2153 3595 2214 3642 ε’.
2261 3588 2530 3657 ’Λδελφοῖς
2559 3587 2754 3661 συνέϐη
2785 3589 2963 3660 θλίψις
2980 3594 3037 3645 ὲν
3065 3593 3142 3663 τῷ
3173 3594 3322 3665 τόπῳ
3343 3595 3542 3660 αὐτῶν,
3563 3596 3660 3650 καὶ

2083 3679 2324 3742 θέλοντες
2354 3681 2667 3734 καταλιπεῖν
2699 3684 2879 3748 αὑτὸν,
2908 3684 3146 3754 ἀπῆλθον
3182 3687 3318 3757 πρὸς
3351 3688 3442 3740 τὸν
3484 3688 3658 3743 ἁϐϐᾶν

2092 3774 2402 3842 Ἀμμωνάν.
2435 3774 2543 3825 Ka‘t
2566 3775 2674 3826 ἰδοῦ
2705 3778 2732 3828 6
2771 3777 2946 3845 γέρων
2970 3777 3252 3842 κατέπλεε,
3289 3781 3382 3832 καὶ
3412 3779 3533 3832 ἰδὼν
3557 3781 3656 3834 αὐ-

2077 3866 2203 3929 τοὺς
2230 3865 2379 3936 παρὰ
2406 3865 2503 3936 τὴν
2540 3867 2706 3937 ὅχθαν
2751 3868 3034 3932 ὁδεύοντας
3077 3871 3170 3923 τοῦ
3215 3872 3479 3942 ποταμοῦ,
3535 3869 3655 3926 εἷπε

2077 3959 2189 4019 τοῖς
2222 3957 2476 4020 ναύταις·
2509 3959 2708 4012 Βάλετέ
2744 3977 2812 4030 με
2854 3963 2934 4024 είς
2981 3962 3080 4032 τὴν
3117 3963 3238 4033 γῆν.
3270 3965 3377 4016 Καὶ
3420 3965 3655 4030 καλέσας

2077 4049 2201 4109 τοὺς
2229 4047 2485 4116 ἀδελφοὺς
2531 4044 2683 4102 εἶπεν
2725 4052 2941 4114 αὐτοῖς·
2991 4053 3130 4121 Ἐγὼ
3180 4056 3294 4124 είμι
3338 4055 3649 4125 Ἀμμωνᾶς,

2079 4137 2214 4208 πρὸς
2251 4139 2308 4192 ὂν
2343 4139 2522 4194 θέλετε
2550 4140 2746 4196 ἐλθεῖν.
2772 4144 2882 4196 Καὶ
2919 4144 3308 4215 παρακαλέσας
3347 4147 3523 4199 αὐτῶν
3555 4149 3653 4209 τὰς

2077 4229 2322 4298 καρδίας.
2348 4230 2600 4301 ἐποίησεν
2635 4233 2828 4295 αὐτοὺς
2863 4235 3199 4308 ὑποστρέψαι
3247 4237 3367 4290 ὅθεν
3407 4238 3648 4306 ἐξῆλθον.

2076 4315 2150 4365 Οὐ
2178 4315 2282 4384 γὰρ
2309 4312 2421 4386 εἶχε
2451 4317 2512 4370 τὸ
2544 4321 2773 4391 πρᾶγμα
2815 4321 3016 4394 ζημίαν
3059 4325 3264 4396 ψυχῆς.
3297 4326 3433 4380 ἀλλὰ
3470 4328 3650 4397 θλίψιν

2008 4409 2051 4462 D
2081 4405 2448 4476 ἀνθρωπίνην.

2148 4501 2221 4558 ς’.
2253 4491 2420 4548 ’Ἦλθέ
2447 4515 2575 4551 ποτε
2595 4502 2624 4553 6
2660 4501 2832 4565 esse;
2865 4504 3156 4576 Ἀμμωνᾶς
3179 4508 3408 4578 περάσαι
3437 4510 3528 4563 τὸν
3555 4528 3652 4566 πο-

2074 4587 2264 4656 ταμὸν,
2293 4591 2386 4640 καὶ
2414 4584 2538 4660 εὗρε
2566 4592 2625 4644 τὸ
2657 4595 2949 4663 πορθμεῖον
2981 4598 3404 4670 φιλοκαλημένον
3445 4604 3488 4634 εδ
3509 4644 3523 4666 ,
3556 4605 3652 4658 καὶ

2074 4679 2455 4751 παρεκαθέσθη
2483 4683 2648 4752 αὐτῷ·
2675 4684 2768 4735 καὶ
2793 4684 2899 4736 ἰδοῦ
2924 4687 3048 4740 ἄλλο
3066 4689 3268 4756 σκάφος
3285 4691 3360 4751 είς
3376 4691 3467 4743 τὸν
3487 4696 3650 4747 τόπον

2073 4765 2225 4840 ἦλθε,
2242 4773 2334 4823 καὶ
2349 4773 2584 4844 ἐπέρασε
2610 4777 2735 4839 τοῦς
2756 4778 2911 4840 ὄντας
2929 4780 3023 4832 ἀνθ
3032 4780 3264 4850 ρώπους.
3280 4784 3389 4836 Καὶ
3405 4785 3649 4853 λέγουσιν

2077 4862 2225 4932 αὐτῷ
2245 4880 2257 4892 ο
2284 4864 2452 4935 Δεῦρο
2478 4867 2568 4918 καὶ
2596 4869 2658 4921 σὺ
2689 4870 2850 4931 ἀϐὂᾶ,
2883 4871 3116 4940 πέρασον
3146 4875 3261 4942 μεθ’
3289 4876 3461 4944 ἡμῶν.
3511 4879 3568 4932 Ὀ
3589 4880 3648 4934 δὲ

2077 4953 2222 5020 λέγει
2243 4970 2257 4984 ·
2281 4955 2342 5007 El
2363 4959 2436 5025 μὴ
2466 4960 2544 5020 εἰς
2562 4957 2622 5010 τὸ
2646 4959 2900 5028 δημόσιον
2925 4962 3212 5031 πορθμεῖον
3229 4965 3326 5017 οὐκ
3353 4969 3646 5025 ἀναϐαίνω.

2079 5039 2206 5113 Εἶχε
2239 5043 2295 5096 δὲ
2333 5045 2536 5118 δέσμην
2577 5048 2825 5117 θαλλίων,
2872 5054 2967 5106 καὶ
3008 5053 3241 5124 ἐκάθητο
3275 5059 3485 5113 πλέκων
3541 5081 3648 5116 σει-

2083 5201 2128 5231 ”
2151 5203 2236 5255 Al.
2263 5205 2589 5280 πεφιλοκαλη
2600 5209 2780 5278 μένον.

2075 5333 2264 5418 ρςιιζᾳ.
2297 5337 2586 5418 Locusest
2615 5343 2847 5398 celebris
2873 5346 2926 5399 in
2949 5346 3167 5418 Egypti
3192 5364 3396 5414 eremo.
3437 5367 3469 5406 a
3505 5355 3646 5409 Inul-

2072 5406 2308 5489 titudine
2333 5411 2654 5465 cellularum
2685 5406 3282 5485 liuucupatusj'tellia,
3313 5406 3494 5489 Cella,

2075 5476 2256 5633 fingi)
2393 5549 2717 5633 φράζεσθαι
2764 5553 2834 5606 ἐν
2893 5557 3023 5622 ταῖς
3041 5557 3315 5633 ἐρήμοις.
3370 5562 3642 5633 lnterpres

2071 5612 2212 5745 210161
2238 5612 2260 5668 ἐ
2293 5613 2360 5670 Ut
2389 5621 2584 5674 alicubi
2616 5627 2666 5675 in
2695 5641 2866 5678 eremo
2903 5612 3178 5683 recéda'm'.’
3201 5612 3640 5701 Legebat

2106 5700 2165 5736 εσ
2201 5701 2278 5738 αι.
