3878 6298
122 295 221 352 ιιι

1236 293 1853 354 APUPIITHEGMATA
1890 297 2199 355 PATRUM.

3277 310 3385 364 123

124 409 244 479 ραν,
264 407 362 459 καὶ
397 405 561 459 πάλιν
576 404 717 458 λύων
732 404 923 476 αὐτὴν,
943 405 1046 469 ἓως
1089 398 1150 462 οὗ
1178 408 1367 476 γέγονε
1401 409 1460 461 τὸ
1481 411 1527 442 ⁸⁸
1577 428 1713 481 πορ-
1742 465 1744 472 Ι

1853 427 1968 478 ens,
2020 415 2330 482 iterumque
2362 411 2580 467 solvens
2613 427 2752 479 eam,
2792 415 3035 484 quandiu
3071 418 3126 470 in
3152 427 3388 486 pontone

130 501 340 569 θμεῖον.
398 498 512 552 Καὶ
545 497 719 562 οὕτως
768 497 1056 569 ἐπέρασεν.
1112 501 1342 554 Ἐϐαλον
1373 497 1464 555 οὖν
1491 503 1639 574 αὑτῷ
1663 507 1711 558 οἱ

123 590 340 658 ἀδελφοὶ
365 590 682 659 μετάνοιαν,
712 589 959 658 λέγοντες
979 608 992 622 ·
1019 590 1084 644 Τί
1111 591 1269 645 τοῦτο
1297 592 1585 662 ἐποίησας;
1606 596 1714 648 Καὶ

125 682 270 748 λέγει
303 681 497 744 αὐτοῖς
525 683 553 732 6
572 681 750 751 γέρων
771 696 787 710 ⁸
822 683 938 735 ἰνα
963 682 1036 752 μὴ
1061 681 1294 736 πάντοτε
1324 685 1714 749 σπουδάζοντος

126 773 216 826 τοῦ
248 773 519 842 λογισμοῦ
553 773 861 844 περιπατῶ.
908 774 1069 826 Ἀλλὰ
1102 776 1195 828 καὶ
1229 775 1384 828 τοῦτο
1412 777 1716 847 ὑπόδειγμα

127 868 294 928 ἐστιν,
327 866 418 917 ἶνα
449 865 590 934 μετὰ
616 865 1000 928 καταστάσεως
1030 865 1336 936 βαδίζωμεν
1360 868 1459 937 τήν
1480 867 1714 942 ὀδόνροῦ

129 955 284 1010 Θεοῦ.

201 1049 268 1112 ζ’.
309 1048 551 1120 Ἀπῆλθέ
595 1065 722 1101 ποτε
754 1049 782 1101 6
813 1045 985 1111 ἀὸϐἅς
1044 1048 1334 1118 Ἀμμωνᾶς
1384 1048 1717 1120 παραϐαλεῖν

129 1143 208 1212 τῷ
230 1141 380 1212 ass;
414 1141 704 1211 Ἀντωνίῳ,
729 1140 825 1194 καὶ
847 1139 1124 1210 ἐπλανήθη
1147 1140 1244 1211 τήν
1287 1141 1433 1194 όδόν⁶
1463 1142 1557 1194 καὶ
1585 1141 1718 1194 καθ-

140 1237 259 1299 ίσας
297 1235 575 1306 ἐκοιμήθη
611 1236 837 1306 μικρά-ι’
891 1237 982 1288 καὶ
1026 1237 1264 1300 ἀναστὰς
1293 1238 1356 1289 ἐκ
1383 1236 1477 1290 τοῦ
1526 1236 1714 1303 ὕπνου,

131 1329 330 1392 εὔξατο
359 1327 441 1397 τῷ
474 1328 615 1397 Θεῷ,
669 1327 870 1395 λέγων’
899 1327 1101 1397 Δέομαί
1135 1345 1226 1380 σου
1252 1368 1266 1388 .
1300 1327 1471 1398 Κύριε
1517 1331 1545 1381 6
1589 1329 1720 1393 Θεός

137 1437 260 1490 μου,
300 1421 378 1489 μὴ
410 1417 686 1490 ἀπολέσῃς
711 1419 772 1470 τὸ
811 1419 1038 1488 πλάσμα
1075 1435 1190 1472 σου.
1229 1420 1338 1472 Καὶ
1376 1417 1533 1490 ὤφθη
1573 1419 1721 1492 αὑτῴ

132 1514 208 1575 ὡς
241 1518 368 1582 χεὶρ
401 1510 690 1582 ἀνθρώπου
739 1511 1065 1582 κρεμαμένη
1104 1512 1169 1564 ἐκ
1193 1511 1286 1564 τοῦ
1317 1511 1567 1582 οὐρανοῦ,
1615 1513 1722 1565 δει-

134 1605 376 1660 κνύουσα
407 1602 557 1674 αὑτῷ
585 1602 684 1673 τὴν
720 1602 859 1666 ὁδὸν,
887 1603 992 1666 ἕως
1013 1597 1075 1656 οὗ
1118 1601 1250 1675 ἦλθε
1281 1606 1376 1657 καὶ
1418 1603 1547 1676 ἔστη
1584 1605 1722 1658 κατὰ

133 1697 228 1749 τοῦ
259 1695 534 1765 σπηλαίου
559 1694 650 1747 τοῦ
679 1693 821 1747 ἁὸὂᾶ
860 1694 1161 1748 Ἀντωνίου.

1815 505 1985 556 stetit.
2036 502 2216 574 Atque
2265 505 2339 557 ita
2393 503 2635 557 transiit.
2679 503 2850 574 Igitur
2902 505 3103 562 fratres
3157 523 3390 579 corpore

1814 594 1956 646 flexo
1995 596 2282 664 petierunt,
2322 611 2420 651 cur
2447 595 2498 650 id
2526 595 2766 652 fecisset.
2791 599 2882 652 Ait
2914 613 3079 654 senex
3111 596 3226 653 :Ne
3244 615 3388 655 sem-

1815 699 1912 752 per
1944 683 2152 739 intenta
2187 695 2368 740 mente
2397 687 2727 742 incederem.
2766 687 2871 743 Sed
2897 699 2951 744 et
2987 689 3120 744 illud
3140 691 3391 760 exemplo

1815 782 1921 839 est,
1956 775 2036 829 uti
2077 777 2377 846 composite
2405 776 2465 832 in
2488 779 2576 832 via
2605 777 2700 835 Dei
2735 779 3070 851 gradiamur.

1899 1055 1952 1109 7.
1992 1053 2274 1109 Profectus
2295 1055 2589 1125 aliquando
2615 1055 2784 1112 abbas
2820 1059 3115 1113 Ammonas
3143 1057 3210 1113 ad
3235 1059 3394 1116 abba-

1818 1155 1924 1202 tem
1954 1146 2275 1210 Antonium,
2303 1163 2332 1199 a
2361 1147 2448 1200 via
2499 1147 2808 1213 aberravit;
2835 1147 3138 1218 sedensque
3167 1148 3391 1205 dormiit

1818 1256 2112 1310 parumper
2143 1258 2157 1294 :
2192 1240 2316 1294 dein
2351 1255 2382 1293 e
2434 1255 2626 1295 somno
2649 1240 2942 1307 excitatus,
2971 1241 3144 1294 oravit
3179 1240 3345 1296 Deum
3373 1281 3388 1307 ,

1819 1333 1900 1387 sic
1927 1349 1940 1381 :
1973 1330 2213 1387 Obsecro
2247 1341 2319 1395 te,
2353 1331 2582 1386 Domine
2612 1330 2752 1388 Deus
2782 1347 2955 1396 meus,
2982 1348 3050 1388 ne
3083 1345 3392 1388 creaturam

1821 1433 1967 1478 tuam
1998 1423 2224 1493 patiaris
2250 1423 2448 1492 perire.
2474 1421 2627 1476 Tunc
2658 1423 2912 1492 apparuit
2934 1423 2985 1476 ei
3016 1423 3164 1478 velut
3197 1439 3393 1478 manus

1820 1515 2059 1570 hominis
2076 1531 2106 1569 e
2129 1514 2270 1570 cmlo
2288 1529 2576 1584 suspensa,
2603 1513 2902 1569 ostendens
2925 1513 3091 1579 viam,
3111 1529 3397 1584 quousque

1822 1607 2162 1676 pervenisset
2200 1620 2264 1660 ac
2301 1606 2546 1661 stetisset
2585 1613 2713 1660 ante
2750 1604 2966 1662 abbatis
3005 1604 3228 1660 Antonii
3272 1619 3398 1676 spe-

1822 1698 2062 1752 luncam.

204 1795 278 1858 η’.
311 1787 506 1858 Τούτῳ
534 1786 611 1858 τῷ
639 1785 786 1857 ἁὸὄᾷ
834 1786 1099 1857 Ἀμμωνᾷ
1136 1785 1543 1858 προεφήτευσεν
1569 1788 1597 1840 6
1623 1786 1723 1840 ἀϐ-

1895 1789 1950 1844 8.
1985 1789 2097 1860 (42)
2135 1787 2272 1842 Huic
2301 1787 2486 1843 abbati
2510 1788 2791 1842 Ammona:
2815 1785 3066 1856 praadixit
3091 1787 3258 1842 abbas
3287 1786 3400 1840 An-

138 1882 238 1946 65;
283 1880 592 1944 Ἀντώνιος,
630 1880 802 1949 λέγων
824 1921 840 1946 ,
887 1881 970 1933 ὃτι
1004 1879 1190 1950 Ἔχεις
1220 1881 1490 1952 προκόψαι
1524 1882 1602 1945 είς
1637 1882 1727 1934 τὸν

140 1973 306 2043 φόϐον
335 1972 431 2025 τοῦ
461 1971 619 2025 Θεοῦ.
654 1973 764 2025 Καὶ
787 1971 1051 2042 ἐξήγαγεν
1072 1971 1232 2025 αὑτὸν
1249 1971 1353 2038 ἔξω
1380 1972 1475 2025 τοῦ
1493 1972 1726 2037 κελλίου,

138 2068 234 2118 καὶ
287 2064 493 2130 ἔδειξεν
526 2063 675 2133 αὑτῷ
728 2062 874 2116 λίθον
897 2103 912 2124 ,
942 2063 1036 2116 καὶ
1080 2058 1232 2115 εἶπεν
1255 2063 1435 2134 αὐτῷ·
1471 2063 1730 2137 ’Ύὸρισον

137 2157 230 2209 τὸν
287 2156 438 2210 λίθον
495 2156 681 2208 τοῦτον
720 2157 810 2208 καὶ
845 2154 1012 2224 τύψον
1046 2154 1231 2208 αὐτόν.
1278 2155 1335 2208 '0
1388 2155 1444 2208 δέ
1475 2156 1730 2226 ἐποίησεν

143 2247 338 2310 οὕτως.
378 2247 488 2299 Καὶ
523 2247 666 2313 λέγει
701 2247 850 2316 αὑτῷ
883 2248 911 2298 6
945 2245 1120 2308 ἁῦὁᾶς
1139 2244 1424 2308 Ἀντώνιος
1446 2263 1460 2277 ⁸
1491 2247 1584 2318 Μή
1609 2247 1731 2302 ἐλά-

141 2339 307 2409 λησεν
334 2340 362 2391 6
397 2337 580 2401 λίθος;
621 2337 679 2390 '0
708 2337 763 2390 δὲ
792 2331 976 2389 εἶπεν·
1019 2337 1171 2408 Οὐχί.
1209 2336 1319 2390 Καὶ
1349 2336 1495 2404 λέγει
1526 2336 1674 2407 αὐτῷ
1704 2339 1734 2391 6

141 2432 318 2494 666i;
371 2429 688 2492 Ἀντώνιος·
725 2427 882 2482 Οὕτω
927 2429 1020 2481 καὶ
1048 2431 1113 2482 σὺ
1157 2428 1479 2482 καταλαϐεῖν
1519 2429 1735 2498 μέλλεις

142 2525 299 2576 τοῦτο
326 2523 390 2576 τὸ
444 2522 662 2593 μέτρον.
723 2521 789 2574 Ὃ
847 2521 940 2574 καὶ
973 2520 1212 2589 ἐγένετο,
1262 2519 1540 2591 Προέκοψε
1570 2519 1680 2590 γὰρ
1705 2521 1736 2574 6

141 2616 318 2675 666i;
362 2613 660 2684 Ἀμμωνᾶς
689 2611 879 2676 οὕτως,
922 2611 996 2674 ὡς
1024 2611 1131 2664 ἀπὶ
1174 2610 1372 2681 πολλῆς
1401 2611 1737 2685 ἀγαθότητος

148 2708 349 2780 μηκέτι
384 2705 586 2759 εἰδέναι
616 2703 714 2775 τήν
745 2702 960 2756 κακίαν.
1005 2703 1097 2756 Ἐν
1121 2696 1202 2765 οἷς
1243 2701 1535 2772 γενομένου
1571 2704 1738 2759 αὺτοῦ

145 2801 477 2861 ἐπισκόπου,
507 2799 888 2868 προσήνεγκαν
917 2793 1068 2864 αὒτῷ
1084 2793 1354 2864 παρθένον
1383 2793 1656 2851 λαϐαὖσαν
1681 2799 1740 2851 ἐν

150 2894 374 2963 γαστρὶ,
407 2893 502 2944 καὶ
533 2891 781 2958 λέγουσιν
807 2887 954 2959 αὐτῷ
977 2905 990 2917 ο
1025 2887 1087 2940 '0
1113 2888 1261 2940 δεῖνα
1291 2889 1518 2962 ἐποίησε
1544 2889 1702 2944 τοῦτο
1723 2905 1740 2922 ⁸

152 2987 242 3050 6-6;
271 2985 460 3046 αὐτοῖς
490 2982 795 3052 ἐπιτιμίαν.
822 2981 878 3034 '0
912 2980 968 3033 δὲ
991 2983 1299 3054 σφραγίσας
1319 2983 1488 3052 αὐτῆς
1507 2983 1606 3053 τήν
1633 2999 1746 3034 κοι-

155 3079 297 3139 λίαν,
335 3075 594 3130 ἐκέλευσε
625 3073 840 3148 δοθῆναι
879 3077 1014 3148 αὐτῇ
1044 3077 1103 3141 ἓξ
1131 3076 1301 3145 ζυγὰς
1334 3075 1624 3135 σινδονίων,
1656 3071 1742 3125 λέ-

153 3183 302 3236 γων·
349 3165 578 3235 Μήποτε
635 3165 711 3228 ὡς
753 3164 1055 3235 ἀπέρχεται
1097 3165 1374 3236 γεννῆσαι,
1424 3162 1670 3234 ἀποθάνῃ
1706 3161 1741 3231 ἢ

157 3261 293 3330 αὑτὴ
323 3259 356 3328 ἢ
384 3260 446 3310 το
472 3257 705 3319 παιδίον,
732 3257 826 3308 καὶ
852 3257 924 3327 μή
952 3256 1089 3330 εὕρῃ
1107 3256 1454 3327 κηδευθῆναι.
1486 3255 1752 3322 Λέγουσιν

160 3351 308 3419 αὐτῷ
335 3351 387 3400 οἱ
419 3350 542 3402 κατ’
573 3348 742 3417 αὐτῆς
777 3347 1090 3416 ἐντυχόντες
1111 3363 1124 3374 ·
1167 3347 1232 3398 Τί
1260 3345 1419 3399 τοῦτο
1455 3345 1750 3414 ἐποίησας;

159 3442 248 3504 δὸς
280 3441 467 3503 αὐτοῖς
492 3439 790 3510 ἐπιτιμίαν.
844 3437 901 3490 Ὁ
933 3437 989 3490 δὲ
1047 3436 1194 3504 λέγει
1247 3435 1462 3497 αὐτοῖς’
1491 3434 1748 3494 Βλέπετε,

164 3533 408 3602 ἁδελεξοὶ,
445 3533 530 3584 ὅτι
559 3529 726 3599 ἐγγύς
747 3533 861 3584 ἐστι
889 3528 980 3582 τοῦ
1013 3528 1244 3582 θανάτου
1264 3546 1278 3561 ο
1309 3527 1403 3580 καὶ
1427 3525 1479 3578 τί
1509 3524 1616 3594 ἔχω
1645 3523 1755 3592 ἐγὼ

169 3627 434 3694 ποιήσαις
465 3623 575 3675 Καὶ
595 3622 865 3675 ἀπέλυσεν
891 3621 1066 3692 αὑτήν
1087 3640 1100 3654 ο
1134 3622 1228 3674 καὶ
1264 3619 1365 3674 οὐκ
1398 3619 1695 3689 ἐτόλμησεν
1727 3619 1756 3670 6

170 3718 348 3788 γέρων
376 3732 557 3769 κατακ
566 3713 708 3786 ρῖναί
741 3730 883 3766 τινα.

242 3809 309 3862 θ’.
350 3807 582 3875 Ἔλεγον
619 3805 744 3877 περὶ
776 3801 941 3858 αὐτοῦ
966 3841 982 3867 ,
1018 3803 1099 3856 ὅτι
1130 3801 1274 3866 τινὲς
1309 3798 1473 3873 ἦλθον
1497 3801 1760 3872 δικασθῆο

171 3917 261 3956 ναι
285 3899 424 3970 παρ’
464 3896 637 3968 αὐτῷ.
692 3896 749 3949 '0
781 3895 838 3947 δὲ
887 3894 1066 3966 γέρων
1113 3895 1462 3966 ἐμωροποίει.
1493 3894 1598 3949 Καὶ
1651 3895 1758 3948 ίδοὺ

171 3993 308 4064 γυνή
344 4007 432 4052 τις
451 3988 584 4059 ἔστη
616 3986 840 4056 πλησίον
877 3985 1062 4050 αὑτοῦ,
1095 3987 1184 4038 καὶ
1216 3985 1400 4053 ἔλεγεν
1429 3986 1473 4016 ⁸⁷
1495 4002 1508 4016 ·
1537 3981 1702 4049 Οὗτος
1733 3988 1762 4039 6

172 4085 352 4154 γέρων
375 4080 540 4143 σαλὸς
567 4082 735 4131 ἐστιν.
776 4077 1046 4129 Ἰἰκουσεν
1079 4071 1170 4128 οὖν
1193 4075 1364 4145 αὐτῆς
1387 4077 1416 4128 6
1441 4075 1640 4145 γέρων,
1669 4077 1762 4129 καὶ

175 4178 438 4247 φωνήσας
484 4171 655 4241 αὐτὴν
705 4169 886 4237 λέγει·
936 4167 1146 4230 Πόσους
1197 4166 1398 4228 κόπους
1451 4166 1764 4235 ἐποίησαέν

174 4272 293 4331 ταῖς
331 4268 590 4336 ἐρήμοις,
622 4263 708 4314 ἵνα
741 4261 1030 4331 κτήσωμαι
1056 4259 1154 4329 τὴν
1199 4257 1468 4326 σαλότητα
1517 4255 1720 4326 ταύτην
1746 4294 1762 4320 ,

179 4363 272 4416 καὶ
304 4361 397 4413 διὰ
433 4359 496 4409 σὲ
522 4356 631 4424 ἔχω
659 4353 923 4407 ἀπολέσαι
943 4350 1112 4420 αὐτὴν
1139 4349 1410 4419 σήμερονΙ

1824 1883 2032 1948 tonius,
2065 1879 2212 1951 quod
2265 1881 2320 1935 in
2375 1881 2570 1934 timore
2609 1878 2704 1933 Dei
2754 1894 3104 1949 progressum
3155 1879 3402 1934 facturus

1827 1985 1992 2029 esset.
2027 1973 2107 2027 Ac
2139 1972 2327 2027 eduxit
2363 1986 2488 2027 eum
2516 1987 2548 2026 e
2585 1971 2754 2036 cella,
2809 1983 3142 2040 ostensoque
3184 1971 3401 2041 lapide,

1829 2064 1968 2118 dixit
1997 2082 2009 2117 :
2041 2065 2302 2119 Convicia
2330 2064 2453 2134 jace
2473 2066 2529 2119 in
2563 2065 2710 2119 hunc
2735 2065 2995 2135 lapidem,
3026 2075 3080 2121 et
3111 2066 3262 2120 illum
3286 2079 3408 2120 ver-

1829 2157 1980 2211 bera.
2035 2157 2125 2211 llle
2155 2172 2286 2211 vero
2339 2158 2413 2210 ita
2450 2157 2596 2212 fecit.
2633 2157 2722 2212 Ait
2755 2158 2831 2211 illi
2872 2159 3041 2213 abbas
3081 2159 3353 2212 Antonius
3385 2175 3404 2212 :

1830 2247 1971 2302 Num
2004 2249 2218 2304 locutus
2265 2256 2349 2304 est
2397 2248 2573 2317 lapis?
2625 2247 2976 2318 Respondit:
3025 2247 3400 2320 Nequaquam.

1835 2340 1972 2394 Tum
2003 2341 2271 2395 Antonius
2300 2357 2314 2392 :
2349 2340 2428 2393 lta
2460 2347 2517 2393 tu
2551 2339 2618 2394 ad
2663 2355 2784 2394 eam
2839 2354 3150 2395 mensuram
3184 2355 3407 2410 perven-

1832 2439 1992 2486 turus
2016 2448 2093 2487 es.
2115 2431 2268 2499 Quod
2293 2439 2358 2490 et'
2377 2433 2579 2489 evenit.
2605 2431 2754 2486 Adeo
2777 2433 2920 2486 enim
2966 2429 3197 2502 profecit
3241 2429 3411 2484 abbas

1833 2527 2157 2590 Amrnonas,
2211 2535 2272 2582 ut
2302 2543 2413 2596 prae
2465 2527 2634 2580 multa
2682 2525 2958 2586 bonitate.
3020 2537 3131 2576 non
3173 2522 3412 2592 amplius

1837 2629 2026 2676 nosset
2063 2620 2344 2674 malitiam.
2395 2617 2582 2688 Itaque
2611 2633 2737 2672 cum
2775 2616 2845 2670 ad
2891 2617 3262 2686 episc0patum
3287 2631 3413 2688 eve-

1837 2721 1962 2767 ctus
1995 2711 2208 2774 fuisset,
2249 2684 2564 2764 obtulerunt
2588 2709 2635 2762 ei
2671 2707 2905 2778 puellam
2926 2684 3413 2776 iprzegnantemfet

1839 2804 2136 2858 dixerunt:
2185 2800 2279 2854 llle
2312 2799 2415 2853 hoc
2452 2797 2718 2868 patravit;
2769 2795 2992 2865 injunge
3049 2794 3160 2848 illis
3202 2791 3412 2863 peccati

1842 2897 1925 2951 sui
1960 2907 2196 2966 pinnam.
2224 2891 2605 2945 AtAmmonas
2635 2889 2793 2959 signo
2819 2888 3002 2942 crucis
3029 2901 3194 2956 snper
3223 2885 3418 2956 puella:

1842 2997 2058 3042 uterum
2089 2984 2254 3048 facto,
2307 2983 2474 3052 jussit
2522 2981 2573 3036 ei
2621 2979 2741 3034 dari
2797 2995 2889 3035 sex
2921 2977 3212 3033 sindonum
3239 2977 3416 3046 paria,

1845 3079 2034 3132 dicens
2068 3091 2084 3128 :
2122 3074 2198 3131 Ne
2225 3075 2353 3129 dum
2385 3074 2452 3128 ad
2482 3081 2697 3143 partum
2739 3071 2973 3138 venerit,
3005 3077 3100 3124 aut
3153 3069 3294 3140 ipsa,
3325 3080 3420 3122 aut

1852 3165 2034 3223 infans
2079 3165 2260 3228 obeat,
2311 3179 2412 3218 nec
2441 3169 2513 3217 sit
2543 3161 2686 3216 unde
2715 3159 2996 3230 sepultura
3027 3158 3135 3211 fiat.
3168 3157 3335 3209 Aiunt
3371 3160 3418 3209 ci

1851 3259 1945 3328 qui
1974 3255 2228 3311 feminam
2258 3256 2564 3310 accusaturi
2597 3253 2930 3306 advenerant
2962 3265 2976 3302 :
3006 3248 3189 3315 Quare
3218 3248 3320 3301 hoc
3341 3246 3417 3301 fe-

1852 3349 2014 3405 cisti?
2083 3347 2304 3417 lmpone
2356 3345 2465 3400 illis
2506 3345 2838 3414 poenitentiae
2895 3341 3172 3395 mulctam.
3210 3339 3304 3392 Ille
3354 3338 3423 3390 ad

1853 3456 1948 3496 eos
1975 3459 1988 3495 :
2015 3438 2240 3503 Videtis,
2282 3437 2502 3500 fratres,
2557 3451 2722 3505 prope
2758 3442 2986 3487 mortem
3018 3440 3133 3496 est;
3166 3429 3296 3500 quid
3327 3445 3427 3498 ego

1855 3546 2017 3602 agere
2063 3529 2268 3584 debeo?
2300 3527 2438 3582 Tum
2471 3527 2680 3580 dimisit
2703 3540 2822 3580 eam
2849 3541 2864 3589 ;
2898 3537 3000 3579 nec
3030 3537 3198 3578 ausus
3223 3529 3308 3575 est
3340 3536 3425 3575 se-

1856 3639 1960 3676 nex
1990 3634 2316 3691 quemquam
2350 3616 2734 3673 condemnare.

1927 3793 1983 3849 9.
2020 3793 2134 3864 (43)
2165 3789 2240 3846 De
2277 3791 2371 3846 illo
2425 3788 2758 3852 referebant,
2792 3787 2937 3856 quod
2977 3785 3310 3841 accesserint
3359 3781 3430 3837 ad

1859 3899 1984 3940 eum
2008 3884 2247 3953 quidam,
2271 3890 2330 3935 ut
2355 3879 2750 3948 judicarentur.
2787 3875 2961 3930 Senex
2996 3885 3174 3928 autem
3203 3872 3430 3927 stultum

1863 3977 2177 4033 simulabat.
2209 3973 2276 4027 Et
2299 3987 2428 4027 ecce
2455 3969 2705 4040 quaedam
2725 3968 2918 4029 mulier
2943 3982 3064 4036 quae
3084 3980 3248 4036 prope
3278 3963 3431 4018 illum

1863 4069 2064 4130 stabat,
2098 4066 2237 4120 dixit
2273 4081 2284 4117 :
2313 4063 2420 4118 Iste
2451 4078 2617 4118 senex
2643 4077 2673 4115 e
2710 4059 2889 4115 fatuis
2919 4067 3023 4114 est.
3055 4057 3274 4111 Audivit
3303 4069 3436 4123 ergo

1864 4159 2146 4214 mulierem
2176 4170 2362 4216 senex,
2392 4162 2694 4221 vocataque
2713 4165 2776 4204 ea
2803 4150 2938 4203 dixit
2975 4164 2986 4199 :
3018 4147 3262 4213 Quantos
3286 4146 3439 4198 labo-

1864 4267 1954 4305 res
1981 4251 2035 4304 in
2065 4247 2457 4304 solitudinibus
2487 4245 2612 4307 tuli,
2643 4251 2703 4298 ut
2732 4243 2872 4296 hanc
2909 4240 3211 4294 fatuitatem
3243 4236 3402 4306 acqui
3421 4263 3436 4276 -

1867 4356 2079 4404 rerem;
2110 4339 2271 4394 hodie
2298 4353 2428 4392 vero
2453 4347 2675 4406 propter
2706 4345 2758 4388 te
2777 4332 3088 4404 perditurus
3117 4345 3239 4385 sum
3269 4329 3446 4383 illam!

251 4459 306 4507 t'.
343 4447 526 4504 Ἧλθέ
551 4416 686 4499 ποτε
712 4447 740 4499 6
771 4443 943 4506 ἀῦϐᾶς
1000 4416 1298 4511 ’Λμμωνᾶς-
1327 4441 1405 4502 εἰς
1442 4437 1606 4491 τόπον
1645 4434 1740 4504 γεύ

1943 4432 2030 4486 10.
2084 4431 2198 4502 (Η)
2251 4428 2413 4485 Venit
2461 4427 2756 4498 aliquando
2802 4426 2974 4480 abbas
3029 4424 3326 4476 Ammonas
3375 4416 3447 4471 ad

185 4546 405 4606 σασθαι,
431 4541 530 4595 καὶ
547 4536 616 4610 ἦν
640 4541 756 4591 ἐκεῖ
769 4532 846 4600 εἷς
861 4537 998 4606 ἔχων
1025 4538 1214 4605 φήμην
1231 4532 1405 4601 κακήν
1427 4547 1439 4558 ·
1459 4531 1551 4583 καὶ
1573 4528 1770 4598 συνέῦη

184 4639 358 4692 ἐλθεῖν
388 4637 494 4706 τὴν
525 4634 777 4702 γυναῖκα,
805 4628 899 4682 καὶ
929 4627 1188 4680 εἰσελθεῖν
1232 4626 1312 4686 εἰς
1346 4622 1404 4675 τὸ
1440 4619 1647 4675 κελλίον
1676 4619 1768 4672 τοῦ

183 4726 418 4798 ἀδελφοῦ
450 4725 546 4777 τοῦ
575 4723 788 4792 ἔχοντος
810 4719 907 4789 τὴν
940 4715 1113 4786 κακήν
1140 4715 1346 4784 φήμην.
1376 4709 1651 4772 Μαθόντες
1677 4704 1769 4762 οὖν

185 4825 232 4876 οἱ
263 4818 549 4877 οἰκοῦντες
580 4816 660 4878 εἰς
689 4813 778 4865 τὸν
802 4811 962 4863 τόπον
991 4811 1216 4867 ἐκεῖνον,
1245 4803 1642 4874 ἐταράχθησαν,
1675 4800 1769 4852 καὶ

189 4913 565 4986 συνήχθησαν,
597 4908 742 4961 ὥστε
780 4905 968 4970 διῶξαι
995 4902 1156 4958 αὑτὸν
1180 4903 1245 4954 ἐκ
1268 4898 1361 4951 τοῦ
1385 4897 1614 4951 κελλίου.
1665 4895 1774 4948 Καὶ

199 5008 411 5075 γνόντες
462 5005 549 5056 ὅτι
599 5001 630 5052 6
669 4998 966 5059 ἐπίσκοπος
1022 4992 1315 5065 ’Δμμωνᾶς
1355 4992 1434 5052 είς
1476 4989 1566 5042 τὸν
1613 4988 1775 5041 τόπον

191 5099 403 5153 ἐκεῖνον
460 5098 644 5158 ἐστιν,
682 5090 927 5152 ἐλθόντες
978 5084 1360 5157 παρεκάλεσαν
1403 5080 1582 5143 αὑτὸν,
1630 5079 1778 5140 ὅπως

193 5189 585 5262 παραγένηται
608 5187 707 5238 σὺν
740 5183 942 5244 αὐτοῖς.
989 5181 1077 5242 Ὠς
1097 5178 1152 5230 δὲ
1187 5175 1301 5246 γνῶ
1343 5177 1371 5227 6
1399 5172 1623 5240 ἁδελφὸς
1642 5209 1656 5234 ,
1687 5170 1781 5223 λα-

195 5283 303 5336 ϐὼν
335 5283 442 5351 τὴν
472 5279 713 5347 γυναῖκα
740 5273 973 5344 ἔκρυψεν
994 5272 1073 5332 εἰς
1103 5268 1260 5320 πίθον
1306 5265 1497 5336 μέγαν.
1529 5263 1781 5332 Παραγε-

203 5375 426 5447 ιομένου
455 5371 516 5424 δὲ
542 5367 638 5421 τοῦ
674 5364 934 5436 πλήθους,
962 5358 1099 5415 εἶδεν
1123 5361 1152 5412 6
1179 5358 1354 5420 assa;
1399 5355 1692 5426 ’Λμμωνᾶς
1722 5352 1784 5406 τὸ

269 5530 317 5562 ⁸⁸
350 5526 416 5583 F.
452 5527 534 5589 εἰς
557 5525 640 5578 τό.
719 5521 762 5551 ⁸⁷
794 5519 878 5574 Al.
913 5517 1068 5587 ἔλεγε
1097 5521 1164 5590 τῇ
1195 5515 1425 5589 πλησίον
1452 5513 1640 5583 αὐτῆς.

285 5682 392 5750 με)
426 5680 666 5750 Append.
711 5675 868 5737 tooo,
890 5691 959 5750 _n_.
993 5674 1048 5728 8.

274 5713 393 5826 123$
426 5713 732 5806 ’ὗῖῗῖέὲιίτῖ
745 5713 868 5810 ἒῖῖΐ
886 5713 970 5799 i'é‘.

1878 4525 2168 4596 quemdam
2208 4525 2386 4577 locum
2419 4520 2871 4578 manducaturus,
2905 4516 2996 4569 ubi
3032 4513 3259 4583 degebat
3283 4510 3446 4563 homo

1876 4618 2034 4672 mala:
2066 4615 2220 4669 famae
2250 4629 2264 4666 :
2298 4613 2526 4682 contigit
2555 4621 2735 4665 autem
2760 4620 2817 4663 ut
2846 4607 3042 4661 mulier
3073 4602 3448 4673 ingrederetur

1874 4711 1930 4765 in
1957 4709 2149 4763 cellam
2183 4705 2367 4762 fratris
2399 4705 2546 4759 illius
2575 4716 2739 4774 prava
2783 4699 2923 4752 fama
2953 4695 3271 4748 laborantis.
3319 4689 3440 4756 Quo

1874 4809 2155 4872 comperto
2184 4799 2376 4853 incolae
2416 4797 2542 4860 loci,
2577 4791 2876 4864 perturbati
2916 4794 3065 4848 sunt,
3101 4791 3168 4838 ει·
3186 4796 3456 4838 convene.

1876 4903 2027 4959 runt,
2058 4900 2117 4945 ut
2142 4907 2266 4946 eum
2299 4906 2330 4945 e
2350 4889 2487 4943 cella
2515 4886 2865 4955 expellerent.
2905 4879 3153 4946 Cumque
3174 4873 3460 4945 cognovis-

1879 4997 2002 5044 sent
2029 4988 2351 5054 episc0pum
2390 4980 2708 5032 Ammonam
2751 4973 2968 5032 adesse,
3005 4969 3269 5022 adeuntes
3299 4981 3456 5035 roga-

1879 5087 2080 5133 verunt
2106 5089 2230 5129 eum
2256 5081 2316 5126 ut
2349 5087 2473 5125 cum
2507 5070 2616 5124 illis
2645 5066 2952 5120 accederet.
2985 5060 3281 5129 Postquam
3330 5074 3463 5112 vero

1880 5184 1995 5224 rem
2031 5166 2200 5221 frater
2243 5162 2490 5226 rescivit,
2538 5165 2822 5228 acceptam
2852 5154 3137 5208 mulierem
3167 5147 3461 5204 occultavit

1888 5263 1944 5316 in
1974 5273 2173 5330 magno
2207 5256 2376 5311 dolio.
2410 5253 2754 5306 Adventante
2773 5263 2904 5319 ergo
2929 5238 3463 5330 multitudine,‘qnod

1893 5327 2096 5406 fecerat
2129 5346 2290 5402 scivit
2330 5344 2499 5396 abbas
2532 5340 2861 5406 Animcnas,
2914 5335 3010 5391 sed
3047 5342 3268 5404 propter
3294 5327 3462 5382 Deum

1968 5657 2075 5729 (Η)
2106 5651 2327 5708 Dorotb.
2368 5648 2547 5702 Doctr.
2581 5646 2636 5702 6.
