3878 6322
463 240 574 302 125
1589 249 1934 307 APPENDIX
1972 249 2066 305 AD
2110 251 2332 312 PALLA
2342 258 2528 315 DIUM.
3601 265 3701 324 {$5

456 359 665 412 obtexrt
685 359 999 429 negotium;
1040 367 1095 416 et
1121 361 1407 434 ingressus
1435 365 1576 421 sedit
1607 383 1774 439 supra
1802 368 2022 424 dolium,

2139 373 2445 442 γενόμενον,
2474 375 2568 428 καὶ
2591 373 2679 427 διὰ
2701 374 2790 426 τὸν
2814 372 2944 426 Θεὸν
2969 373 3313 429 ὲσκέπασετὺ
3330 378 3578 448 πρᾶγμα·
3613 382 3710 436 καὶ

455 447 729 519 iussitque
771 451 1086 524 investigari
1120 471 1215 524 per
1237 457 1450 511 cellam.
1505 459 1602 514 Ubi
1634 461 1802 532 igitur
1834 471 2022 518 cuncta

2135 464 2385 518 εἰσελθὼν
2409 467 2660 520 ἐκάθισεν
2681 465 2865 519 ἐπάνω
2883 464 2976 519 τοῦ
3006 467 3181 530 πίθου,
3207 469 3300 522 καὶ
3329 447 3580 524 ἐκέλευσε
3611 471 3710 541 ζη-

458 540 641 592 rimati
671 547 817 606 sunt,
855 558 952 596 nec
993 543 1248 598 feminam
1297 548 1639 612 invenerunt.
1685 551 1822 607 dixit
1862 553 2033 609 abbas

459 629 757 686 Ammonas
787 650 801 685 :
834 631 975 700 Quid
1005 635 1107 690 hoc
1135 638 1252 692 est?
1279 637 1421 694 Deus
1451 641 1604 698 vobis
1632 645 1845 698 veniam
1895 661 2033 701 con-

460 717 641 775 cedat.
677 719 815 774 Tum
847 724 1100 793 precibus
1126 725 1284 790 fusis,
1310 731 1478 798 jussit
1509 747 1699 789 omnes
1748 737 2029 806 secedere;

460 819 516 864 et
538 812 875 880 apprehensa
905 830 1070 870 manu
1106 817 1310 884 fratris,
1339 820 1416 876 ait
1449 838 1462 874 :
1493 823 1728 882 Attende
1759 828 1880 894 tibi,
1921 829 2030 883 fra-

462 911 566 958 ter.
598 901 787 975 quue
815 905 962 962 dicto
1001 909 1154 964 abiit.

535 1081 619 1135 II.
655 1083 767 1150 (65)
796 1085 1169 1156 Interrogatus
1207 1091 1375 1147 abbas
1422 1093 1754 1164 Ammonas,
1781 1115 2030 1169 quaenam

461 1184 605 1228 esset
627 1175 708 1228 via
744 1187 968 1245 angusta
997 1189 1045 1231 et
1077 1190 1228 1234 arcta
1247 1181 1313 1245 ⁸⁸,
1348 1185 1631 1253 respondit
1669 1207 1681 1243 :
1722 1187 1819 1242 Via
1862 1206 2032 1262 angu-

463 1269 546 1316 sta
579 1272 632 1317 et
681 1272 851 1330 arcta,
889 1267 1000 1321 haec
1041 1275 1123 1322 est
1157 1288 1170 1323 :
1208 1271 1314 1324 vim
1351 1273 1554 1330 inferre
1608 1281 2030 1347 cogitationibus

461 1352 597 1418 suis,
631 1362 794 1422 atque
827 1355 916 1410 Dei
963 1373 1129 1414 causa
1187 1362 1504 1421 abscindere
1532 1370 1836 1426 voluntates
1877 1389 2026 1431 suas.

461 1439 577 1497 Hoc
604 1446 768 1500 etiam
803 1455 888 1501 est
927 1449 1062 1504 illud
1095 1469 1109 1506 :
1139 1450 1272 1508 Ecce
1298 1472 1392 1510 nos
1424 1458 1730 1530 reliquimus
1754 1465 1954 1531 omnia,
1980 1476 2028 1521 et

460 1539 628 1592 secuti
655 1556 837 1596 sumus
871 1552 920 1598 te
949 1544 1015 1599 ".

960 1639 1040 1711 De
1101 1657 1280 1714 abbate
1325 1661 1533 1717 Achila.

531 1759 584 1813 1.
616 1759 726 1831 (46)
749 1759 1028 1820 Venerunt
1051 1768 1343 1836 aliquando
1371 1781 1481 1830 tres
1505 1790 1664 1831 senes
1692 1776 1760 1832 ad
1780 1780 2028 1838 abbatem

459 1847 978 1923 Acbilam.quorum
1021 1875 1160 1915 unus
1191 1861 1246 1915 in
1285 1863 1423 1918 mala
1464 1873 1583 1920 erat
1609 1869 2029 1930 existimatione.

459 1937 525 1994 Et
549 1941 624 1996 ait
657 1959 800 1999 unus
839 1961 1034 2002 senum
1075 1967 1089 2003 :
1129 1951 1305 2015 Abba,
1340 1953 1421 2009 fac
1452 1958 1581 2011 mihi
1615 1975 1894 2030 sagenam.
1923 1965 2029 2020 Re-

461 2034 678 2102 spondit
726 2037 815 2091 ille
850 2056 864 2091 :
903 2037 1021 2094 Non
1056 2041 1216 2098 facio.
1255 2045 1410 2102 Alius
1463 2053 1671 2120 rogavit
1700 2072 1713 2105 :
1744 2053 1932 2110 Facito
1963 2074 2028 2113 ex

469 2123 758 2189 cbaritate,
778 2136 834 2181 ut
858 2131 933 2183 tui
950 2136 1263 2188 memoriam
1286 2137 1579 2196 habeamus
1601 2143 1654 2197 in
1675 2151 2025 2206 monasterio.

458 2211 683 2284 Excepit
719 2237 732 2272 :
765 2218 882 2274 Non
919 2224 1048 2277 mibi
1087 2236 1262 2281 vacat.
1297 2227 1536 2295 Tertius,
1566 2235 1654 2290 ille
1684 2241 1838 2294 malae
1873 2241 2028 2298 famae

457 2305 641 2381 homo,
671 2309 810 2365 dixit
839 2313 887 2367 ei
925 2333 938 2368 :
971 2316 1143 2382 Abba,
1173 2334 1430 2390 sagenam
1477 2326 1608 2380 mihi
1643 2331 1867 2397 confice,
1906 2343 1963 2388 ut
1997 2353 2028 2392 e

456 2397 711 2470 manibus
752 2403 860 2458 tuis
893 2405 1143 2465 habeam.
1185 2409 1378 2468 Statim
1428 2425 1612 2472 autem
1654 2421 1802 2476 dedit
1843 2426 1892 2480 ei
1935 2442 2025 2482 re-

455 2589 666 2633 secrelo
692 2581 950 2639 dixerunt
993 2589 1194 2644 Acbilae
1222 2611 1235 2646 :
1269 2593 1446 2660 Quare
1496 2603 1654 2656 nobis
1686 2608 2022 2673 rogantibus,

455 2664 681 2722 noluisti
717 2669 916 2739 facere,
947 2675 1074 2731 huic
1098 2691 1275 2736 autem
1313 2688 1610 2753 promisisti
1645 2699 1694 2746 te
1717 2694 2027 2751 facturum?

454 2749 594 2808 Tum
625 2758 730 2815 illis
763 2777 926 2818 senex
963 2784 976 2819 :
1013 2767 1175 2824 Vobis
1219 2773 1330 2827 dixi
1363 2795 1375 2828 :
1405 2776 1520 2832 Non
1555 2780 1692 2836 facio
1721 2800 1736 2849 ;
1765 2802 1866 2842 nec
1893 2804 2024 2843 con-

455 2848 657 2903 tristati
711 2852 914 2920 fuistis,
951 2861 1108 2928 quasi
1162 2876 1430 2934 occupato
1474 2886 1558 2927 me
1592 2889 1607 2939 ;
1649 2848 1775 2932 buic
1807 2895 1938 2934 vero
1977 2883 2023 2937 si

453 2955 563 2993 non
599 2940 796 3006 fecero,
838 2949 1085 3006 dicturus
1108 2963 1191 3009 est
1225 2975 1246 3014 ε,
1265 2956 1491 3029 Propter
1533 2976 1815 3034 peccatum
1847 2988 2022 3026 meum

2057 1716 2106 1775 Β

2132 556 2357 626 τηθῆναι
2383 555 2442 609 τὸ
2466 557 2690 610 κελλίον.
2708 557 2794 620 Ὠς
2819 552 2910 610 οὖν
2932 557 3302 627 ἐψηλάφησαν,
3321 561 3413 612 καὶ
3438 563 3533 630 οὺχ
3549 557 3708 632 εὗρον

2134 647 2232 716 τὴν
2251 650 2503 714 γυναῖκα,
2523 643 2675 701 εἶπεν
2703 651 2730 702 6
2750 648 2924 711 assa;
2953 650 3245 718 Ἀμμωνᾶς
3260 666 3274 679 ο
3308 650 3374 703 Τί
3389 652 3502 704 ἐστι
3526 652 3706 718 τοῦτος

2133 739 2161 790 6
2188 737 2317 802 Θεὸς
2348 741 2690 810 συγχωρήσει
2719 741 2766 772 ⁷⁰
2797 741 2944 810 ὑμῖν.
2984 741 3092 794 Καὶ
3139 740 3429 810 εὐξάμενος
3482 743 3706 813 ἐποίησε

2134 831 2344 894 πάντας
2381 833 2768 903 ἀναχωρῆσαι·
2814 832 2908 885 καὶ
2946 831 3235 903 κατασχὼν
3283 833 3382 904 τὴν
3408 837 3565 906 χεῖρα
3611 834 3706 888 τοὸ

2132 919 2384 989 ἀδελφοῦ.
2415 917 2567 972 εἶπεν
2601 919 2778 991 αὐτῷ’
2816 921 3056 992 Πρόσεχε
3091 921 3324 993 σεαυτῷ,
3349 922 3564 992 ἀδελφέ.
3600 924 3710 978 Kal.

2131 1003 2290 1061 τοῦτο
2323 1007 2514 1071 εἰπὼν,
2546 1007 2916 1080 ἀνεχώρησεν.

2217 1106 2305 1154 ια’.
2353 1101 2638 1172 Ἦρωτήθη
2715 1102 2742 1155 6
2792 1100 2966 1164 assa;
3039 1101 3370 1172 ’Δμμωνᾶς,
3431 1099 3514 1163 τίς
3563 1101 3710 1154 ἐστιν

2131 1193 2170 1260 ἡ
2201 1191 2341 1258 ὁδὸς
2372 1194 2409 1260 ἡ
2433 1193 2616 1262 στενὴ
2641 1193 2737 1246 καὶ
2767 1191 3142 1261 τεθλιμμένη·
3167 1193 3260 1245 καὶ
3286 1191 3603 1264 ἀποκριθεὶς
3629 1187 3710 1244 εἷο

2131 1298 2252 1332 πεν·
2286 1283 2346 1333 Ἡ
2385 1282 2501 1345 ὁδὸς
2532 1285 2564 1353 ἠ
2605 1282 2763 1352 στενὴ
2792 1282 2885 1335 καὶ
2927 1282 3260 1352 τεθλιμμένη
3292 1280 3428 1352 αὕτη
3476 1281 3621 1334 ὲστί·
3649 1283 3710 1335 τὸ

2133 1369 2413 1442 βιάζεσθαι
2437 1377 2562 1436 τοὺς
2581 1372 2871 1443 λογισμοὺς
2895 1371 3110 1435 ἑαυτοῦ,
3139 1371 3233 1424 καὶ
3257 1373 3477 1425 κόπτειν
3505 1371 3594 1424 διὰ
3620 1372 3712 1424 τὸν

2130 1461 2261 1514 Θεὸν
2276 1463 2343 1515 τὰ
2367 1461 2472 1516 ἴδια
2493 1463 2772 1534 θελήματα
2791 1480 2804 1494 ο
2833 1464 2925 1516 καὶ
2950 1461 3105 1516 τοῦτό
3124 1466 3238 1515 ἐστι
3259 1463 3339 1527 τὸ,
3369 1463 3514 1516 Ἰδοὺ
3539 1464 3712 1532 ἡμεῖς

2129 1555 2446 1626 ἀφήκαμεν
2477 1556 2693 1620 πάντα,
2724 1555 2822 1608 καὶ
2844 1555 3342 1626 ἠκολουθήσαμέν
3371 1573 3489 1610 σοι.

2480 1671 2618 1738 Περὶ
2664 1671 2769 1725 τοῦ
2811 1669 2961 1726 ἀϐϐᾶ
3004 1669 3212 1740 Ἀχιλεῖ
3234 1671 3277 1702 ⁷³
3310 1713 3324 1727 .

2206 1789 2275 1836 α’.
2305 1783 2621 1852 Παρέὸαλόν
2641 1799 2770 1836 ποτε
2789 1787 2938 1855 τρεῖς
2949 1785 3202 1856 γέροντες
3224 1785 3300 1857 τῷ
3324 1785 3466 1859 ά66ᾷ
3500 1786 3722 1860 ’Λχιλᾷ,,

2134 1873 2227 1926 καὶ
2263 1873 2292 1924 ὁ
2319 1868 2398 1938 εἷς
2424 1874 2480 1940 ἐξ
2518 1875 2688 1928 ιύτῶν
2721 1870 2832 1945 εἶχε
2859 1876 3046 1947 φήμην
3078 1876 3273 1947 κακήν.
3307 1873 3440 1930 Εῐπε
3474 1877 3529 1930 δὲ
3561 1879 3710 1949 αὐτῷ

2134 1958 2214 2028 εἷς
2234 1964 2340 2017 τῶν
2365 1965 2633 2036 γερόντων
2657 1981 2672 1995 '
2696 1966 2881 2029 'A666‘t,
2904 1967 3125 2038 ποίησόν
3158 1984 3247 2037 μοι
3284 1967 3411 2038 μίαν
3441 1969 3707 2040 σαγήνην,

2147 2054 2202 2107 Ὁ
2231 2054 2287 2107 δὲ
2318 2051 2468 2108 εἶπεν
2491 2073 2505 2088 ο
2540 2057 2614 2110 Οὑ
2664 2056 2820 2110 ποιῶ.
2866 2057 2974 2110 Καὶ
3009 2059 3038 2110 6
3081 2057 3236 2120 ἄλλος
3284 2055 3404 2112 εἷπε
3427 2077 3439 2089 ο
3477 2059 3714 2131 Ποίησον

2133 2146 2376 2216 ἀγάπην,
2417 2147 2504 2200 ἵνα
2532 2147 2741 2218 ἕχωμέν
2778 2163 2870 2201 σου
2905 2150 3245 2219 μνημόσυνον
3276 2151 3355 2212 είς
3393 2150 3490 2220 τὴν
3518 2153 3710 2222 μονήν.

2144 2239 2204 2290 '0
2231 2239 2286 2291 δὲ
2314 2238 2414 2310 ἔφη
2435 2256 2448 2270 ·
2484 2239 2557 2292 Οὐ
2588 2239 2848 2309 σχολάζω.
2881 2242 3042 2310 Λέγει
3099 2240 3246 2312 αὑτῷ
3276 2245 3303 2296 6
3336 2243 3491 2308 ἄλλος
3518 2246 3545 2296 ὁ
3574 2243 3712 2313 ἔχων

2133 2329 2230 2398 τὴν
2257 2331 2432 2398 κακὴν
2470 2331 2657 2401 φήμην
2681 2347 2694 2359 ο
2743 2331 2896 2402 Ἐμοὶ
2937 2333 3159 2404 ποίησον
3186 2335 3231 2366 ⁷¹
3270 2334 3398 2405 μίαν
3440 2337 3708 2406 σαγήνην,

2133 2421 2220 2474 ἵνα
2247 2423 2309 2473 ὲκ
2341 2421 2448 2473 τῶν
2485 2423 2684 2492 χειρῶν
2723 2439 2816 2476 σου
2864 2423 2993 2494 ἔχω,
3023 2423 3184 2480 ἆὸσᾶ.
3226 2426 3289 2478 ὐ
3311 2426 3366 2478 δὲ
3392 2427 3712 2497 ἀποκριθεὶς

2131 2512 2333 2575 εὐθέως
2353 2507 2504 2565 εἶπεν
2528 2513 2705 2584 αὐτῷ’
2744 2514 2885 2583 Ἐγώ
2925 2533 3006 2569 σοι
3037 2517 3194 2572 ποιῶ.
3234 2519 3344 2571 Καὶ
3376 2515 3528 2572 εἷπον
3558 2519 3713 2589 αὑτῷ

2107 2605 2252 2655 ,κατ’
2285 2603 2421 2656 ἰδίαν
2449 2605 2499 2655 οἱ
2542 2604 2635 2657 δύο
2666 2605 2951 2676 γέροντεςο
2985 2607 3108 2672 Πῶς
3141 2611 3301 2680 ἡμεῖς
3333 2610 3710 2680 παρεκαλέσα-

2136 2693 2233 2763 μέν
2268 2711 2349 2760 σε,
2392 2695 2486 2748 καὶ
2519 2696 2618 2748 οὐκ
2653 2696 2924 2766 ἠθέλησας
2953 2701 3084 2770 ἡμῖν
3123 2702 3365 2771 ποιῆσαι,
3400 2705 3493 2756 καὶ
3533 2703 3712 2773 τούτῳ

2132 2780 2322 2851 εἶπας·
2377 2788 2517 2855 Ἐγὼ
2543 2805 2626 2842 σοι
2668 2791 2806 2842 ποιῶ
2835 2807 2848 2854 ;
2880 2791 3042 2858 Λέγει
3083 2794 3266 2857 αὐτοῖς
3307 2796 3335 2847 6
3365 2795 3544 2866 γέρων
3564 2812 3579 2824 ·
3619 2791 3715 2848 Ei-

2132 2895 2230 2930 πον
2257 2879 2403 2948 ὑμῖν,
2432 2879 2506 2933 Οὐ
2541 2881 2681 2933 ποιῶ
2701 2921 2715 2943 ,
2752 2883 2845 2936 καὶ
2870 2884 2970 2936 οὐκ
3005 2884 3330 2956 ἐλυπήθητε,
3360 2887 3434 2948 ὡς
3469 2887 3542 2957 μὴ
3587 2904 3714 2958 σχο-

2131 2969 2380 3034 λάζοντός
2403 2988 2502 3041 μου
2521 2988 2536 3003 ο
2564 2973 2736 3043 τούτῳ
2750 2974 2806 3027 δὲ
2829 2973 2923 3027 ἐὰν
2958 2975 3030 3045 μὴ
3067 2979 3297 3047 ποιήσω,
3327 2978 3460 3048 ἐρεῖ,
3495 2979 3578 3031 δτι
3611 2980 3711 3032 Διά

455 3033 722 3098 auditum,
761 3054 924 3096 senex
958 3046 1133 3101 noluit
1164 3048 1340 3107 facere
1369 3070 1382 3118 ;
1413 3066 1464 3110 et
1503 3059 1684 3113 statim
1737 3042 2022 3122 incidimus

457 3121 574 3141 ..ηρ
682 3125 718 3141 ,η
794 3129 821 3141 ,ν
907 3131 918 3141 .

2135 3062 2228 3134 τὴν
2284 3033 2557 3134 ἁμαρτίαν
2617 3033 2720 3135 μου
2777 3033 3072 3130 ἀκούσαςρ
3103 3033 3295 3138 γέρων,
3330 3033 3710 3141 οιῦκνήθέλησε

454 3121 642 3179 funem
678 3125 920 3188 Excitavi
973 3151 1102 3208 ergo
1133 3141 1373 3196 animum
1401 3145 1542 3215 ejus,
1565 3163 1634 3202 ne
1663 3150 1884 3208 tristitia
1913 3155 2022 3226 ipse

2135 3121 2353 3226 ποιῆσαι
2372 3174 2386 3188 ο
2405 3121 2512 3209 ,καὶ
2534 3121 2735 3221 εὐθέως
2765 3158 3036 3230 κόπτομεν
3065 3159 3124 3212 τὸ
3166 3161 3412 3229 σχοινίον.
3443 3164 3712 3235 Διήγειρα

455 3216 858 3277 absorberetur.
1932 3216 1949 3226 ’

2135 3242 2222 3300 οὖν
2251 3216 2416 3300 αὑτοῦ
2456 3249 2556 3319 τὴν
2604 3216 2803 3320 ψυχην,
2840 3216 3034 3323 ἵναμὴ
3076 3253 3142 3322 τῇ
3361 3216 3653 3327 καταποθῇ,
3679 3258 3711 3309 ό

2130 3337 2389 3401 τοιοῦτος.

521 3394 578 3450 2.
614 3396 865 3454 Narravit
903 3403 1071 3461 abbas
1128 3405 1360 3466 Betimes
1392 3429 1405 3466 :
1437 3413 1572 3469 Cum
1625 3418 1914 3488 aliquando
1968 3423 2022 3480 in

2203 3427 2267 3498 β’.
2308 3394 2474 3481 Είπεν
2509 3429 2538 3480 ὀ
2569 3428 2740 3492 ἀὸϐᾶς
2773 3429 3016 3500 Βητίμης
3051 3431 3116 3494 ⁷⁸,
3148 3434 3228 3487 ὅτι
3273 3432 3712 3496 Καταόαίνοντός

456 3484 656 3542 Scetim
684 3489 1091 3560 descenderem,
1120 3501 1386 3557 dederunt
1416 3507 1548 3560 milii
1583 3513 1826 3566 nonnulli
1849 3529 2022 3583 pauca

2135 3484 2233 3592 μοιό
2260 3537 2388 3574 ποτε
2424 3523 2502 3584 εἰς
2536 3484 2764 3590 Σκῆτιν,
2794 3484 3001 3576 ἒέωκάν
3042 3524 3130 3594 μοί
3178 3542 3320 3588 τινες
3347 3525 3503 3595 ὀλίγα
3537 3525 3709 3598 μῆλα,

453 3593 633 3647 poma,
659 3590 716 3636 ut
739 3585 988 3642 oll'errem
1020 3591 1264 3649 senibus.
1291 3595 1356 3649 Et
1377 3600 1587 3666 pulsavi
1617 3603 1681 3655 ad
1707 3605 1897 3658 cellam
1929 3609 2024 3663 ab-

452 3670 598 3727 batis
629 3674 850 3741 Acbilaa,
891 3696 1000 3750 quo
1043 3686 1227 3739 darem
1278 3687 1375 3740 illi.
1430 3689 1574 3744 Dixit
1617 3702 1833 3751 autem:
1865 3695 2020 3764 Vere,

454 3761 642 3830 frater,
679 3769 845 3824 nolim
898 3773 1082 3842 pulses
1131 3778 1268 3839 mihi
1323 3787 1786 3854 nunc,quam\'is
1823 3804 2021 3845 manna

451 3870 630 3926 esset;
664 3877 766 3916 nec
804 3865 870 3919 ad
905 3868 1068 3921 aliam
1116 3872 1308 3925 cellam
1350 3889 1562 3947 pergas.
1599 3875 1785 3947 Itaque
1821 3887 2021 3942 recessi

454 3946 511 4001 in
537 3951 727 4006 cellam
769 3970 965 4022 meam,
997 3967 1052 4014 et
1081 3961 1149 4015 ad
1182 3963 1471 4019 ecclesiam
1499 3945 1658 4036 poma
1687 3945 1878 4027 detuli.

522 4127 576 4181 δ.
616 4127 727 4199 (ιι-1)
767 4129 927 4187 Venit
951 4097 1247 4207 aliquando
1279 4142 1448 4200 abbas
1476 4145 1697 4207 Achilas
1721 4152 1789 4208 ad
1828 4155 2018 4212 cellam

451 4217 662 4275 abbatis
683 4220 830 4277 Isaiae
854 4225 907 4278 in
931 4225 1111 4296 Secti;
1138 4239 1190 4285 et
1218 4233 1423 4290 invenit
1445 4253 1570 4293 eum
1606 4244 1976 4303 comedentem
2001 4268 2015 4306 :

452 4311 678 4365 miserat
718 4324 896 4370 autem
950 4317 1005 4372 in
1045 4323 1328 4378 scutellam
1360 4329 1440 4382 sal
1485 4345 1606 4385 cum
1655 4349 1815 4404 aqua.
1848 4337 2018 4395 Porro

2130 3611 2216 3663 ἵνα
2241 3609 2397 3664 δώσω
2439 3614 2548 3674 τοῖς
2583 3611 2825 3682 γέρουσι.
2870 3614 2980 3666 Καὶ
3027 3614 3261 3686 ἕκρουσα
3291 3617 3370 3679 εἰς
3403 3615 3463 3669 τὸ
3496 3618 3710 3671 κελλιον

2128 3701 2220 3754 τοῦ
2257 3701 2402 3754 assa
2440 3703 2646 3772 Ἀχιλᾶ,
2680 3704 2766 3756 ἵνα
2807 3703 2961 3756 δώσω
3000 3705 3166 3776 αὐτῷ.
3209 3707 3268 3758 '0
3291 3706 3346 3759 δὲ
3375 3707 3720 3776 ἔφη’Φύσει,

2127 3791 2340 3861 άδελφὲ,
2368 3793 2467 3846 οὐκ
2495 3793 2683 3863 ἤθελον
2717 3793 2801 3846 ἵνα
2829 3795 3066 3867 κρούσῃς
3101 3814 3189 3867 μοι
3224 3797 3365 3868 ἄρτι,
3395 3799 3442 3850 εὶ
3465 3792 3531 3869 ἦν
3565 3798 3706 3868 μάν-

2125 3901 2191 3937 να
2211 3898 2224 3911 ’
2260 3884 2393 3954 μηδὲ
2432 3885 2510 3947 εἰς
2559 3885 2686 3939 ἄλλο
2713 3885 2919 3939 κελλίον
2938 3887 3196 3962 ἀπέλθῃς.
3237 3889 3582 3962 Ἀνεχώρησα
3611 3887 3712 3944 οὖν

2125 3976 2206 4037 εἰς
2236 3975 2296 4026 τὸ
2323 3974 2532 4028 κελλίον
2580 3994 2680 4047 μου
2702 4017 2717 4041 ,
2750 3977 2844 4030 καὶ
2881 3979 3158 4049 ἁνήνεγκα
3203 3981 3341 4036 αὐτά
3377 3985 3455 4047 εἰς
3483 3984 3581 4055 τὴν
3609 3984 3710 4038 ὲκ-

2125 4067 2374 4137 κλησίαν.

2192 4164 2261 4225 γ’.
2303 4153 2473 4211 Ἧλθέ
2499 4175 2628 4211 ποτε
2655 4159 2684 4211 6
2705 4158 2880 4223 άὸσᾶς
2919 4160 3136 4230 Ἀχιλᾶς
3161 4163 3242 4226 είς
3266 4161 3327 4215 τὸ
3363 4163 3574 4217 κελλίον
3601 4164 3705 4220 τοῦ

2122 4249 2268 4304 διϐθᾶ
2312 4250 2534 4304 Ἡσαΐου
2561 4253 2620 4303 ἐν
2653 4252 2867 4323 Σκήτει,
2902 4254 2996 4306 καὶ
3030 4248 3186 4325 εὗρεν
3214 4255 3376 4309 αὑτὸν
3405 4256 3653 4311 ἐσθίοντα
3684 4277 3702 4290 ο

2119 4333 2187 4408 ἦν
2224 4338 2279 4391 δὲ
2317 4338 2494 4409 βαλὼν
2535 4343 2613 4403 εἰς
2639 4341 2698 4394 τὸ
2723 4343 2941 4396 πινάκιν
2976 4343 3107 4407 ἃλας
3135 4344 3227 4397 καὶ
3261 4344 3422 4416 ὕδωρ.
3464 4347 3607 4401 Ἰδὼν
3638 4347 3703 4401 δὲ

451 4418 616 4459 senex
661 4409 1011 4477 conspicatus
1052 4413 1198 4481 quod
1246 4418 1489 4476 catillum
1528 4426 1858 4482 occultasset
1907 4445 2022 4499 post

2135 4426 2292 4479 αὑτὸν
2320 4428 2349 4479 6
2376 4427 2552 4499 γέρων
2600 4431 2681 4482 ὅτι
2727 4431 2960 4502 ἔκρυψεν
2988 4432 3119 4485 αὐτὸ
3149 4434 3322 4486 ὀπίσω
3488 4440 3706 4507 σειρᾶς,

449 4495 702 4564 plectam,
749 4497 886 4554 dixit
906 4503 956 4556 ei
991 4523 1003 4557 :
1039 4503 1302 4575 Eloquere
1353 4511 1508 4578 mihi,
1556 4517 1689 4585 quid
1725 4495 2020 4580 manduca-

449 4583 586 4640 bas?
621 4587 919 4658 Respondit
966 4594 1054 4649 ille
1085 4613 1098 4649 :
1127 4597 1350 4666 Ignosce
1396 4604 1548 4671 mibi,
1579 4583 1763 4676 abba;
1813 4615 2018 4682 palmas

449 4674 780 4744 incidebam,
807 4689 862 4735 et
891 4686 1116 4740 ascendi
1165 4689 1231 4743 ad
1263 4701 1493 4759 aestum;
1562 4699 1795 4768 misique
1841 4703 1895 4757 in
1960 4721 2017 4762 os

450 4783 630 4823 meum
666 4770 922 4828 bucceam
948 4791 1072 4831 cum
1113 4781 1260 4847 sale;
1292 4785 1386 4838 sed
1418 4801 1746 4846 exaruerant
1780 4809 1843 4848 ex
1879 4805 2015 4852 testu

448 4856 638 4916 fauces
695 4879 846 4928 nicas,
906 4881 1008 4923 nec
1069 4868 1400 4930 descendere
1454 4886 1668 4946 poterat
1721 4882 2010 4944 buceella:

449 4963 758 5022 eapropter,
784 4967 1008 5014 coactus
1037 4976 1158 5015 sum
1191 4963 1404 5021 mittere
1449 4983 1635 5037 parum
1655 4987 1808 5043 aqua:
1835 4977 1888 5032 in
1910 4981 2012 5046 sal,

449 5050 511 5097 ut
538 5043 612 5098 ita
641 5049 924 5104 comedere
963 5053 1217 5109 valerem.
1253 5056 1357 5112 Sed
1399 5060 1620 5129 ignosce
1664 5068 1816 5123 mihi.
1873 5073 2010 5127 Tum

449 5136 588 5191 dixit
633 5153 800 5195 senex
834 5160 849 5196 :
882 5141 1093 5212 Venite,
1121 5148 1300 5205 videte
1327 5150 1522 5208 Isaiam
1567 5156 1877 5215 sorbentem
1919 5163 2012 5231 jus

450 5225 507 5281 in
533 5226 697 5286 Sceti.
726 5232 782 5287 Si
801 5234 895 5304 jus
923 5237 1005 5293 vis
1041 5243 1390 5312 manducare,
1422 5263 1584 5321 perge
1605 5255 1661 5306 in
1692 5225 2008 5326 Egyptu'm.

2119 4518 2264 4586 λέγει
2302 4519 2478 4590 αὐτῷ’
2510 4521 2642 4573 Εἰπέ
2669 4538 2778 4590 μοι,
2810 4523 2861 4574 τί
2885 4523 3070 4594 ῆσθιες
3095 4540 3110 4587 ;
3151 4525 3209 4577 Ὁ
3233 4525 3289 4578 δὲ
3313 4521 3458 4578 εἷπε·
3485 4527 3705 4598 Συγχὼ.

2121 4611 2288 4683 ρησόν
2325 4630 2440 4681 μοι,
2470 4612 2635 4671 ἀδεᾶ.
2663 4615 2743 4666 ὅτι
2770 4615 2958 4668 θαλλία
2981 4616 3228 4682 ἔκοπτον,
3251 4621 3344 4670 καὶ
3365 4618 3595 4686 ἀνῆλθον
3620 4623 3706 4684 εἰς

2117 4703 2180 4756 τὸ
2209 4703 2416 4774 καῦμα,
2453 4706 2547 4758 καὶ
2573 4705 2764 4758 ἔϐαλον
2797 4709 2878 4770 εἰς
2901 4707 2963 4759 τὸ
2991 4709 3164 4778 στόμα
3201 4727 3300 4780 μου
3329 4709 3518 4780 ψωμὸν
3556 4713 3706 4782 μετὰ

2117 4792 2339 4858 ἆλατος·
2360 4795 2454 4846 καὶ
2494 4796 2760 4868 ἐξηράνθη
2794 4800 2822 4850 ὁ
2846 4798 3058 4870 φάρυγξ
3091 4816 3192 4869 μου
3228 4801 3338 4854 ἀπὸ
3359 4801 3450 4854 τοῦ
3483 4803 3706 4874 καύμαο

2119 4905 2229 4952 τος,
2263 4889 2356 4942 καὶ
2394 4889 2455 4941 οὺ
2487 4889 2801 4943 κατέϐαινεν
2823 4892 2851 4941 ὁ
2879 4890 3089 4960 ψωμόςο
3122 4892 3209 4944 διὰ
3245 4892 3422 4956 τοῦτο,
3451 4894 3705 4963 ἡναγκάο

2122 4981 2254 5051 σθην
2301 4980 2481 5044 βαλεῖν
2509 4982 2702 5052 μικρὸν
2727 4983 2869 5054 ὕδωρ
2909 4986 2990 5047 εἰς
3017 4985 3076 5037 τὸ
3111 4985 3263 5048 ἃλας,
3293 4987 3378 5038 ἵνα
3404 4985 3577 5051 οὕτως
3604 4988 3707 5042 δυ-

2121 5073 2266 5143 νηθῶ
2303 5073 2620 5140 γεύσασθαι.
2661 5073 2820 5126 Ἀλλὰ
2855 5073 3207 5146 συγχώρησόν
3233 5093 3342 5147 μοι.
3367 5077 3476 5130 Καὶ
3503 5077 3650 5144 λέγει
3672 5081 3708 5131 ὁ

2118 5165 2326 5235 γέρωνο
2357 5165 2542 5226 Δεῦτε,
2569 5165 2704 5218 ἴδετε
2740 5167 2967 5219 Ἡσαΐαν
2996 5167 3178 5234 ζωμὸν
3201 5167 3445 5221 ἐσθίοντα
3473 5170 3530 5221 έν
3555 5171 3708 5242 Σκή-

2115 5275 2218 5312 τει.
2271 5259 2333 5311 Εἰ
2377 5259 2556 5328 ζωμὸν
2589 5257 2764 5322 θέλεις
2803 5259 3024 5322 ἐσθίειν,
3059 5257 3235 5327 ὕπαγε
3275 5260 3354 5323 εἰς
3396 5259 3702 5326 Αἴγυπτον.

521 5383 788 5488 ﬁngiatth.
817 5408 912 5458 vn,
948 5394 1033 5448 Η.
1109 5399 1153 5430 ⁶⁹
1174 5398 1506 5473 Matth.'xu,
1537 5408 1626 5462 27.
1703 5411 1746 5444 το
1774 5413 1859 5468 AI.
1887 5432 2022 5485 συγχ

2135 5420 2256 5488 idat.
2333 5418 2374 5449 ⁷⁸
2407 5417 2490 5471 AI.
2543 5415 2775 5486 Ἀχιλλᾶ.
2852 5415 3091 5470 "Abest
3143 5414 3211 5469 ab
3256 5413 3328 5468 al.
3401 5413 3448 5444 ⁷³
3472 5411 3711 5485 Α1.Βη-

444 5451 647 5528 ⁴τίμιος.

519 5611 635 5681 (45)
677 5612 780 5667 Vit.
817 5615 966 5673 Patr.
994 5635 1043 5682 κ,
1068 5617 1156 5670 81.

527 5684 640 5753 (46)
679 5682 781 5740 l’it.
809 5685 961 5742 Patr.
997 5704 1050 5757 χ,
1086 5689 1172 5742 tt.

2197 5635 2307 5706 (47)
2346 5635 2448 5691 Vit.
2479 5634 2630 5694 Patr.
2665 5656 2736 5705 tv,
2777 5641 2874 5711 I0;
2905 5638 3064 5696 Joan.
3103 5637 3289 5695 Geom.
3329 5634 3530 5694 Parad.
3563 5635 3667 5698 66.
