3878 6298
97 335 208 394 195

1217 335 1831 398 ΔΡΟΡΠΤΙΙΕΟΜΑΤΑ
1871 330 2176 391 PATRUM.

3255 323 3360 384 128

151 457 216 510 δ’.
239 453 534 526 Παρέϐαλέ
558 473 644 521 τις
667 455 776 510 τῶν
805 457 1076 530 γερόντων
1100 455 1178 530 τῷ
1192 457 1334 530 ὰὸὁᾷ
1359 458 1563 529 Ἀχιλᾷ,
1583 455 1676 510 καὶ

1850 451 1902 506 4.
1943 449 2052 522 (48)
2073 446 2338 504 Convenit
2360 444 2560 516 aliquis
2587 459 2782 502 senum
2806 441 3056 498 abbatem
3079 439 3352 516 Acbilam.

87 545 282 616 θεωρεῖ
297 545 464 599 αὐτὸν
481 545 715 618 ῥίψαντα
738 545 880 619 αἷμα
899 551 962 603 ὲκ
981 549 1074 602 τοῦ
1091 550 1358 624 πόματος
1372 550 1534 604 αὐτοῦ
1551 568 1562 580 ·
1579 549 1673 602 καὶ

1790 542 2020 610 mlitque
2073 538 2388 610 sanguinem
2440 551 2508 592 ex
2546 551 2642 591 ore
2704 534 2854 590 illius
2887 547 3248 606 promanare;
3301 539 3358 590 et

87 634 384 707 ἠρώτησεν
413 639 580 692 αὐτόν
606 655 620 668 ’
644 639 712 693 Τί
742 642 857 694 ἐστι
885 641 1078 706 τοῦτοθ,
1115 642 1296 715 Πάτερ
1325 659 1342 708 ;
1384 644 1493 696 Kal.
1527 637 1677 694 εἶπεν

87 729 314 798 όγέρων
343 745 360 758 ·
394 729 484 782 ὅτι
509 731 684 798 Λόγος
723 731 872 785 ἔστιν
921 731 1152 802 ἀδελφοῦ
1179 732 1545 804 λελυπηκότος
1583 749 1676 803 με,

87 822 180 873 καὶ
231 823 600 894 ἠγωνισάμην
629 823 724 876 τοῦ
773 825 848 895 μὴ
881 825 1202 892 ἀναγγεῖλαι
1245 824 1392 895 αὐτῷ
1421 823 1555 895 (48),
1585 823 1679 876 καὶ

89 911 316 982 ἐδεήθην
353 913 496 966 Θεοῦ
547 915 634 967 ἵνα
667 913 806 986 ἀρθῇ
839 916 934 968 ἀπ’
956 915 1092 986 ἐμοῦ
1111 933 1126 948 υ
1158 916 1252 969 καὶ
1289 915 1512 984 γέγονεν
1539 917 1568 968 ὁ
1594 914 1682 966 λό-

87 1021 182 1070 γος
203 1003 282 1068 ὡς
311 1001 455 1075 αἷμα
487 1007 548 1058 ὲν
582 1005 660 1076 τῷ
703 1005 932 1076 στόματί
965 1023 1066 1076 μου
1087 1047 1102 1071 ,
1138 1008 1234 1061 καὶ
1265 1007 1472 1060 ἐπτυσα
1495 1005 1678 1068 αὐτὸν,

89 1098 182 1150 καὶ
199 1098 474 1168 suum»,
505 1099 600 1152 καὶ
622 1099 722 1169 τὴν
743 1098 921 1170 λύπην
946 1099 1312 1170 ἐπελαθόμην.

153 1285 217 1332 ι’.
255 1279 494 1346 Ἔλεγεν
541 1281 571 1332 ὁ
613 1279 789 1343 assa;
838 1279 1136 1350 Ἀμμώης,
1166 1279 1250 1332 ὅτι
1295 1275 1686 1348 Παρεϐἁλομεν

91 1371 198 1438 ἐγὼ
225 1373 320 1425 καὶ
349 1374 380 1424 ὁ
405 1371 582 1434 ἁὸὃτῖς
613 1372 856 1442 Βητίμης
883 1371 961 1442 τῷ
998 1371 1374 1442 ὰὸῆ,Ἀχιλᾷ.
1403 1370 1497 1423 καὶ
1521 1368 1685 1438 ἡκού-

91 1479 262 1532 σαμεν
289 1461 462 1514 αὐτοῦ
493 1461 826 1532 μελετῶντος
857 1461 949 1514 τὸν
994 1461 1150 1530 λόγον
1179 1459 1397 1514 τοῦτον·
1432 1458 1530 1526 Μὴ
1577 1475 1685 1528 ερο-

91 1553 215 1616 60:73
269 1552 502 1614 Ἰακὼϐ,
523 1552 856 1620 καταϐῆναι
883 1554 971 1618 εἰς
985 1554 1310 1622 Αἴγυπτον.
1341 1551 1454 1604 Kal
1481 1551 1575 1603 ἐπὶ
1596 1565 1688 1602 πο-

89 1647 150 1698 λὺ
197 1647 382 1717 ἔμεινε
427 1647 673 1716 μελετῶν
701 1646 792 1700 τδν
828 1646 985 1716 λόγον
1009 1645 1217 1702 τοῦτον.
1252 1649 1363 1702 Kal.
1391 1646 1468 1710 ὡς
1492 1645 1687 1716 ἐκρού-

93 1755 295 1808 σαμεν,
324 1737 542 1808 ἤνοιξεν
596 1739 751 1807 ἡμῖν,
792 1738 886 1791 καὶ
929 1735 1254 1808 ἐπηρώτησε
1277 1754 1290 1768 ·
1327 1738 1497 1791 Πόθεν
1527 1738 1685 1802 sm;

1779 634 2136 706 interrogavit
2169 654 2181 688 :
2213 631 2354 701 Quid
2385 633 2490 687 hoc
2538 636 2644 694 est,
2677 625 2888 683 Pater?
2929 625 3231 697 Respondit
3271 641 3361 682 se-

1780 745 1884 784 nex
1924 747 1938 783 :
1977 725 2192 783 Dictum
2255 733 2340 782 est
2399 723 2686 794 cujusdam
2729 719 2938 784 fratris,
2975 719 3067 789 qui
3109 734 3196 773 me
3223 733 3358 773 con-

1781 822 2041 883 tristavit,
2093 829 2147 874 et
2199 817 2432 889 pugnavi
2467 829 2678 869 mecum
2737 822 2796 867 ut
2853 827 2962 866 non
3016 811 3356 866 declararem

1779 914 1830 970 ei
1857 931 1872 981 ;
1908 911 2189 982 Deumque
2226 909 2548 980 deprecatus
2575 921 2717 969 sum,
2753 919 2784 959 a
2805 921 2892 960 me
2923 904 2972 958 id
3005 903 3153 958 verbi
3179 901 3366 956 aufer-

1781 1015 1953 1061 retur.
1989 1003 2112 1059 Fuit
2141 1019 2269 1076 ergo
2313 1003 2460 1058 velut
2493 1001 2715 1073 sanguis
2763 1001 2818 1053 in
2850 1012 2946 1053 ore
2999 1010 3142 1060 meo,
3193 1002 3364 1064 atque

1786 1097 1975 1167 exspui
2035 1095 2187 1162 illud,
2234 1111 2296 1150 ac
2347 1094 2588 1165 requiem
2649 1091 2882 1156 obtinui,
2953 1101 3178 1158 remque
3227 1099 3358 1141 sum.

1783 1191 2004 1246 oblitus.

1855 1284 1910 1338 5.
1949 1281 2154 1337 Retulit
2187 1281 2355 1336 abbas
2388 1279 2644 1334 Ammoes
2683 1297 2700 1332 :
2721 1276 2834 1348 Ego
2851 1281 2905 1331 et
2929 1275 3104 1330 abbas
3123 1271 3366 1328 Betimes

1786 1374 2121 1431 accessimus
2149 1374 2214 1428 ad
2243 1373 2494 1428 abbatem
2515 1369 2784 1432 Achilam,
2815 1376 2868 1424 et
2892 1368 3200 1422 audivimus
3229 1379 3352 1420 eum

1785 1467 2134 1522 meditantem
2159 1451 2238 1519 id’
2269 1462 2418 1518 verbi
2452 1481 2465 1516 :
2509 1459 2638 1516 Noli
2675 1459 2876 1522 timere,
2903 1455 3094 1522 Iacob,
3142 1456 3360 1510 descen-

1786 1558 1908 1612 dere
1933 1559 1988 1611 in
2017 1555 2306 1628 zEgyptum
2329 1556 2398 1610 ⁷⁵.
2431 1553 2643 1623 Diuque
2681 1551 2882 1606 mansit
2911 1548 3183 1604 meditans
3227 1560 3352 1600 eum

1788 1665 2115 1707 sermonem.
2140 1631 2290 1704 Cum
2310 1655 2490 1702 autem
2517 1641 3150 1716 pulsassemus'aperuit
3173 1637 3364 1702 nobis,

1789 1749 1844 1794 et
1881 1739 2233 1808 interrogavit
2266 1755 2279 1792 :
2313 1736 2467 1791 Unde
2505 1733 2684 1790 estis?
2719 1733 2888 1787 Porro
2917 1731 3074 1786 veriti
3124 1730 3308 1784 dicere
3338 1745 3352 1780 :

91 1807 196 1883 Kal
229 1807 566 1900 ῳόήθέντες
603 1831 797 1894 εἰπεῖν,
835 1831 932 1884 Ἐκ
1114 1807 1388 1894 κελλίων,
1423 1831 1676 1900 εἴπαμεν,

1790 1832 1827 1887 1⁸3
1853 1826 2030 1896 Cellis;
2073 1807 2312 1886 diximus
2339 1848 2352 1882 :
2386 1828 2428 1882 Ε
2459 1834 2642 1882 monte
2683 1824 2892 1880 Nitriae.
2925 1823 3018 1876 Ait
3047 1821 3137 1876 ille
3167 1838 3182 1875 :
3213 1819 3362 1888 Quid

103 1919 194 1972 Ἐκ
209 1919 302 1972 τοῦ
323 1921 492 1992 ὅρους
515 1921 616 1991 τῆς
641 1921 688 1972 Ν
695 1920 888 1990 ιτρίας.
905 1921 1014 1974 Kal.
1028 1920 1176 1990 λέγει
1197 1937 1211 1951 °
1231 1919 1295 1974 Τί
1319 1921 1447 1991 ὑμῖν
1471 1919 1684 1990 ποιήσω

89 2012 167 2065 ὅτι
189 2014 301 2066 ἀπὸ
333 2012 580 2082 μήκοθὲν
607 2014 766 2078 cate;
802 2015 896 2064 καὶ
921 2013 1215 2082 εισήγαγεν
1250 2013 1416 2082 ἡμᾶς.
1454 2013 1561 2064 Kal.
1589 2009 1682 2063 εὕ-

91 2121 258 2178 ρομεν
283 2105 456 2158 αὐτὸν
503 2101 872 2174 ἐργαζόμενον
898 2103 995 2174 τὴν
1024 2103 1192 2156 νύκτα
1227 2103 1428 2174 πολλὴν
1469 2103 1680 2174 σειρὰν,

89 2199 182 2250 καὶ
207 2198 587 2268 ἠρωτήσαμεν
630 2197 792 2250 αὐτὸν
823 2199 997 2250 εἰπεῖν
1029 2199 1162 2268 ἡμῖν
1199 2196 1374 2264 λόγον.
1423 2197 1481 2249 '0
1519 2195 1576 2248 δὲ
1605 2192 1684 2249 εῖ-

89 2307 190 2342 ττεν
209 2307 224 2319 ·
255 2289 400 2358 Ἐγὼ
429 2288 540 2341 ἀπὸ
566 2289 666 2358 ὀψὲ
699 2287 802 2352 ἕως
832 2289 956 2360 ἄρτι
983 2287 1180 2354 ἐκλεξα
1202 2290 1404 2340 είκοσιν
1431 2287 1680 2360 ὀργυέας,

90 2381 184 2432 καὶ
209 2383 370 2448 φύσει
405 2382 468 2433 οὐ
499 2378 692 2450 χρῄζω
729 2379 942 2432 αὐτῶν
975 2379 1112 2433 ἀλλὰ
1148 2381 1344 2449 μήπως
1377 2380 1684 2450 ἀγανακτή-

91 2485 156 2540 σῃ
191 2471 220 2522 ό
251 2469 410 2533 Θεὸς,
443 2471 540 2523 καὶ
570 2469 840 2539 ἐγκαλέσῃ
870 2486 982 2538 μοι,
1018 2468 1190 2534 λέγων
1218 2487 1232 2500 ο
1265 2468 1420 2520 Διατί
1445 2468 1680 2538 δυνάμε-

89 2577 176 2625 νος
215 2561 584 2633 ἐργάσασθαι,
626 2561 726 2614 οὐκ
764 2563 1004 2632 εἰργάσω
1028 2559 1147 2624 ;διὰ
1179 2559 1337 2613 τοῦτο
1372 2561 1684 2623 κοπιῶ,καὶ

91 2649 226 2704 ποιῶ
283 2652 426 2722 ὅλην
453 2651 555 2719 τὴν
587 2649 814 2721 δύναμίν
849 2667 971 2721 μου.
1019 2651 1132 2704 Kal
1169 2647 1540 2722 ὠφεληθέντες
1585 2652 1672 2706 ἀν-

93 2743 270 2814 εχωρὴ
279 2759 350 2795 σα
359 2759 484 2812 μεν.

161 2845 226 2901 ς’.
269 2837 512 2890 Ἀλλοτε
553 2835 716 2891 πάλιν
752 2836 923 2907 μέγας
944 2837 1122 2908 γέρων
1147 2836 1422 2910 παρέϐαλε
1437 2834 1516 2906 τῷ
1539 2834 1684 2907 esse

89 2927 274 2997 ’Δχιλᾷ
307 2921 428 2980 dish
460 2925 745 2998 Θηϐαΐδος,
773 2927 866 2979 καὶ
901 2925 1052 2994 λέγει
1088 2927 1264 2996 αὐτῷ·
1304 2926 1492 2988 Ἀδδεί,
1522 2925 1683 2978 πολε-

91 3017 294 3088 μοῦμω
329 3016 418 3078 εἰς
462 3016 546 3072 σέ.
586 3015 644 3068 '0
689 3014 744 3067 δὲ
787 3014 936 3083 λέγει
991 3015 1171 3086 αὐτῷ’
1207 3015 1424 3084 ’Ύπαγε
1463 3015 1559 3068 καὶ
1595 3016 1682 3078 σὺ,

1781 1923 1936 1977 vobis
1965 1921 2186 1986 faciam,
2213 1919 2360 1991 quod
2389 1920 2456 1974 de
2494 1918 2685 1988 procul
2736 1914 3008 1970 venistis?
3061 1911 3126 1966 Et
3179 1913 3366 1966 intro--

1780 2013 1934 2070 duxit
1961 2027 2081 2066 nos.
2113 2012 2424 2066 Invenimus
2460 2017 2639 2064 autem
2673 2023 2795 2064 eum
2847 2021 2941 2076 per
2979 2013 3191 2060 noctem
3237 2003 3358 2073 ple-

1781 2111 1923 2157 ctam
1955 2101 2181 2155 multam
2216 2107 2518 2170 operatum.
2549 2099 2726 2166 Atque
2759 2095 3070 2164 rogavimus
3099 2101 3159 2148 ut
3195 2091 3357 2149 nobis

1781 2190 1986 2260 aliquid
2031 2191 2464 2260 proloqueretur.
2515 2188 2608 2242 llle
2633 2201 2770 2242 vero
2806 2186 2943 2240 dixit
2973 2203 2986 2238 :
3015 2183 3126 2254 Ego
3177 2198 3207 2236 a
3255 2198 3363 2238 ve-

1782 2283 2029 2354 aper-tino
2061 2289 2306 2352 tempore
2353 2281 2420 2334 ad
2453 2281 2578 2346 hoc,
2609 2279 2758 2333 texui
2801 2277 2989 2348 viginti
3032 2277 3208 2338 ulnas,
3245 2289 3364 2329 non

1779 2379 1964 2425 tamen
1998 2371 2066 2426 iis
2098 2372 2355 2441 indigeo;
2386 2370 2480 2424 sed
2512 2385 2580 2423 ne
2633 2367 2772 2423 forte
2819 2365 3130 2436 indignetur
3187 2363 3356 2426 Deus,

1782 2474 2107 2538 accusetque
2148 2479 2254 2529 me,
2304 2461 2492 2516 dicens
2525 2479 2540 2515 :
2579 2459 2690 2516 Cur
2721 2475 2844 2514 cum
2899 2473 3090 2529 posses
3117 2458 3360 2527 operari,

1781 2569 1888 2607 non
1943 2569 2002 2608 es
2054 2550 2510 2622 operatus‘Iideo
2563 2549 2778 2613 laboro,
2835 2547 3041 2602 faciens
3091 2553 3360 2616 quantum.

1781 2645 1955 2700 valeo.
1985 2642 2138 2699 Unde
2167 2643 2346 2698 fructu
2378 2650 2636 2712 percepto
2665 2640 3036 2696 discessimus.

1855 2818 1908 2872 6.
1935 2817 2052 2871 Alia
2075 2817 2195 2871 vice
2227 2831 2459 2886 magnus
2507 2829 2676 2868 senex
2730 2813 2936 2867 venite
2961 2809 3238 2865 Thebaide
3287 2807 3356 2862 ad

1785 2911 2036 2968 abbatem
2098 2909 2382 2975 Achilam;
2416 2915 2470 2962 et
2530 2907 2668 2960 dixit
2714 2906 2764 2960 ei
2795 2905 3010 2966 :Abba,
3039 2904 3096 2957 in
3151 2911 3206 2957 te
3255 2901 3358 2956 im-

1785 3019 2016 3075 pngnor.
2055 3001 2149 3057 llle
2175 3017 2304 3057 vero
2354 3003 2489 3056 dicit
2527 3000 2576 3054 ei
2606 3015 2620 3054 :
2656 2997 2804 3053 Vade
2853 2998 3016 3052 etiam
3052 3005 3134 3060 tu,
3160 3009 3353 3061 senex,

89 3111 268 3179 γέρον,
286 3111 374 3173 εἰς
399 3107 506 3178 ἐμὲ
541 3107 667 3178 ἄρτι
697 3106 824 3160 πολε
833 3109 940 3179 μῇ;
983 3108 1042 3160 '0
1063 3107 1120 3160 δὲ
1155 3107 1336 3178 γέρων
1360 3107 1468 3160 ἀπὸ
1493 3123 1678 3160 ταπει-

1790 3089 1840 3151 in
1879 3111 1966 3152 me
1997 3095 2158 3150 modo
2186 3093 2566 3163 impugnaris?
2629 3089 2804 3146 Senex
2831 3099 3010 3144 autem
3039 3104 3104 3144 ex
3131 3088 3356 3142 humili-

1790 3197 1892 3207 ι-.-
1926 3187 2208 3207 μ-Α--...Ιξι
2240 3203 2252 3207 -
2284 3185 2455 3207 Dn---
2516 3185 2646 3207 -|..|._
2703 3182 2828 3207 ι’-..ο
2885 3191 3062 3207 Ληρη-νι
3117 3179 3227 3207 ἱΙΙέη
3287 3179 3354 3207 ,Α

89 3201 306 3264 vcinam;
347 3197 474 3253 εἷπε
505 3215 520 3229 ·
549 3199 683 3264 Ναὶ,
730 3199 894 3255 ἀὸὅᾶ.
923 3195 1032 3253 Ἦν
1063 3199 1120 3252 δὲ
1163 3201 1280 3252 ἐκεῖ
1323 3199 1415 3253 ἐπὶ
1447 3203 1512 3270 τῇ
1543 3201 1682 3270 θύρᾳ

91 3292 406 3362 καθήμενος
435 3291 616 3361 γέρων
638 3291 838 3360 τυφλὸς
862 3291 957 3344 καὶ
995 3291 1183 3362 χωλός.
1223 3291 1326 3346 Καὶ
1357 3293 1507 3361 λέγει
1536 3293 1683 3364 αὐτῷ

87 3384 354 3454 ότέρωνα
391 3384 626 3437 Ἤθελον
673 3383 896 3437 καθίσαι
935 3385 1137 3455 μικρὰς
1184 3385 1416 3456 ἡμέρας,
1454 3387 1546 3439 καὶ
1593 3385 1682 3438 διὰ

89 3474 178 3526 τὸν
235 3475 478 3544 γέροντα
519 3475 708 3528 τοῦτον
747 3475 808 3528 οὐ
851 3475 1083 3546 δύναμαι
1133 3476 1372 3530 καθίσαι.
1417 3476 1681 3540 Ἀκούσας

89 3561 230 3620 οὗνό
257 3567 440 3628 assa;
485 3565 723 3636 Ἀχιλᾶς,
755 3565 1030 3636 ἐθαύμασε
1080 3570 1178 3636 τὴν
1215 3567 1544 3620 ταπείνωσιν
1586 3567 1680 3620 τοῦ

89 3656 368 3726 γέροντος,
403 3657 500 3708 καὶ
534 3655 750 3724 ἔλεγεν·
785 3655 934 3727 Αὕτη
974 3656 1074 3709 οὐκ
1099 3655 1212 3710 ἐστι
1258 3657 1504 3728 πορνεία,
1543 3657 1680 3712 ἀλλὰ

89 3747 282 3815 φθόνος
305 3749 431 3800 ἐστὶ
451 3747 564 3800 τῶν
597 3748 851 3818 πονηρῶν
876 3749 1168 3819 δαιμόνων.

514 3864 652 3932 Περὶ
684 3863 790 3918 τοῦ
821 3865 972 3920 ἀϐὄᾶ
1015 3864 1265 3936 Ἀμμώη.

153 3982 226 4030 α’.
271 3975 511 4044 Ἔλεγον
537 3976 670 4048 περὶ
696 3975 790 4030 τοῦ
837 3978 984 4032 ἀϐὅᾶ
1023 3978 1287 4052 Ἀμμώη,
1317 3979 1398 4033 ὃτι
1445 3979 1520 4044 ὡς
1572 3981 1676 4034 ὑπ-

85 4065 218 4137 ῆγεν
241 4067 324 4131 εἰς
351 4066 456 4137 τὴν
484 4067 802 4139 ἐκκλησίαν,
831 4071 932 4122 οὐκ
962 4071 1088 4142 ἥφιε
1120 4071 1210 4126 τὸν
1239 4071 1494 4144 μαθητὴν·
1513 4071 1678 4126 αὑτοῦ

87 4159 318 4228 ἔγγιστα
345 4158 520 4212 αὑτοῦ
555 4162 949 4233 περιπατῆσαι.
977 4163 1112 4217 ἀλλὰ
1133 4164 1242 4218 ἀπὸ
1260 4165 1531 4238 μακρόθεν
1547 4185 1560 4198 ·
1579 4169 1676 4220 καὶ

85 4254 138 4304 εἰ
165 4253 376 4324 ἧρχετο
410 4252 686 4322 ἐρωτῆσαι
715 4253 844 4322 περὶ
882 4253 1155 4323 λογισμῶν
1175 4295 1189 4321 ,
1219 4253 1294 4319 ὡς
1316 4255 1500 4324 ἔλεγεν
1528 4255 1676 4329 αὐτῷ

91 4345 272 4413 μόνον,
301 4343 515 4406 εὐθέως
567 4343 788 4398 ἐδίωκεν
849 4345 1030 4412 αὐτὸν,
1081 4345 1256 4414 λέγων
1279 4363 1293 4377 ·
1328 4349 1554 4418 Μήποτε
1585 4348 1677 4402 λα-

87 4437 322 4491 λούντων
351 4436 512 4508 ἡμῶν
537 4438 666 4508 περὶ
689 4437 974 4507 ὠφελείας,
1009 4438 1224 4510 ὲγκύψῃ
1243 4440 1288 4471 ⁷³
1319 4439 1442 4513 ξένη
1467 4441 1671 4513 ὁμιλία·

87 4531 170 4584 διὰ
187 4531 354 4584 τοῦτο
393 4530 495 4582 οὐκ
527 4529 666 4598 ἀφῶ
687 4546 746 4582 σε
785 4529 1010 4598 ἔγγιστά
1043 4546 1166 4594 μου.

155 4623 222 4693 β’.
267 4621 507 4689 Ἔλεγεν
546 4623 576 4674 ό
605 4619 778 4684 ἀϐϐᾶς
820 4619 1079 4691 Ἀμμώης
1118 4619 1196 4692 τῷ
1223 4621 1368 4694 sese
1405 4623 1602 4696 Ἠσαῖᾳ
1629 4625 1675 4656 τι

87 4721 150 4788 τῇ
173 4719 322 4788 ἀρχῇ
355 4732 372 4744 ·
411 4713 536 4777 Πῶς
567 4731 636 4786 με
669 4714 886 4784 βλέπεις
935 4713 1098 4785 opu;
1130 4713 1292 4782 Λέγει
1343 4717 1492 4788 αὐτῷ
1525 4735 1539 4749 ·
1583 4719 1672 4782 Ὠς

89 4809 344 4876 ἄγγελον,
379 4807 585 4877 Πάτερ.
633 4805 746 4860 Kal.
778 4807 858 4868 είς
899 4805 968 4859 τὰ
1007 4805 1208 4877 ὕστερα
1242 4806 1426 4876 ἔλεγεν
1473 4812 1622 4884 αὐτῷ
1652 4833 1666 4847 ο

87 4901 208 4966 Πῶς
257 4918 330 4971 με
375 4899 474 4953 νῦν
509 4898 758 4968 βλέπεις;
795 4897 854 4950 '0
883 4896 942 4949 δὲ
981 4896 1162 4966 ἔλεγεν
1187 4914 1201 4929 ο
1251 4897 1337 4960 Ὠς
1377 4899 1468 4954 τὸν
1499 4903 1672 4960 Σατα-

85 4993 180 5046 γᾶν
211 5005 228 5020 ⁸
261 4991 376 5044 κᾶν
423 4988 582 5057 λόγον
615 5005 706 5058 μοι
743 4987 996 5058 λαλήσεις
1033 4987 1260 5056 ἀγαθὸν,
1293 4989 1369 5054 ὡς
1396 4993 1674 5064 ῥομφαίαν

89 5085 250 5138 αὐτὸν
291 5085 426 5150 ἔχω.

151 5181 222 5244 γ’.
267 5173 506 5242 Ἔλεγον
553 5171 682 5244 περὶ
723 5171 818 5223 τοῦ
859 5170 1003 5226 assa
1044 5171 1300 5243 ’Δμμώη,
1321 5174 1406 5227 ὅτι
1457 5176 1682 5246 ἠσθένει

85 5269 354 5340 xliv-ﬁgi};
375 5265 452 5319 ὣν
481 5263 572 5318 ἐπὶ
600 5263 770 5317 πολλὰ
815 5263 928 5336 ἔτη,
969 5265 1066 5318 καὶ
1093 5265 1344 5319 οὐδέποτε
1377 5267 1558 5338 ἀφῆκε
1586 5271 1680 5326 τὸν

149 5427 198 5460 ’⁵
231 5427 322 5482 ΔΙ.
365 5425 726 5497 παρεμπέσῃ.
770 5425 816 5456 ⁷⁸
845 5423 930 5479 Al.
977 5425 1170 5496 Ἀσὲῳ.
1201 5425 1250 5457 ¹⁶
1274 5423 1408 5481 Gen.
1441 5443 1585 5490 ιινι,
1613 5429 1666 5482 5.

151 5543 264 5612 (η)
305 5539 424 5595 Τοῦ
451 5538 540 5609 μὴ
579 5538 928 5612 ἀναγγεῖλαι
977 5541 1156 5612 αὐτῷ.
1201 5538 1452 5612 Ejusdem
1495 5541 1664 5594 inter-

85 5608 340 5682 prétatio,
387 5608 705 5682 conservare
753 5608 888 5682 illud
919 5611 1058 5682 apud
1091 5627 1190 5665 me.
1233 5609 1433 5682 Ruﬁni.
1463 5620 1522 5682 ut
1562 5628 1666 5665 non

85 5679 234 5737 ἰυιιτιι
255 5683 514 5736 dicerem.
533 5679 821 5734 Habebam
849 5681 903 5734 in
935 5680 1127 5736 codice
1154 5695 1274 5743 suo,
1289 5680 1440 5733 αὐτὸ.
1465 5679 1666 5738 Verum

89 5751 324 5811 Ruﬁnus
347 5769 452 5808 ms.
485 5750 862 5816 Corheiensis,
899 5759 954 5804 ut
987 5767 1090 5807 non
1124 5751 1208 5806 illi
1231 5751 1478 5806 dicerem.

1787 3197 1897 3242 tate
1926 3187 2211 3258 respondit
2240 3203 2254 3238 :
2284 3185 2482 3248 Etiam,
2515 3185 2672 3238 abba.
2703 3182 2833 3236 Erat
2884 3191 3064 3235 autem
3117 3179 3228 3234 illic
3286 3179 3356 3234 ad

1793 3287 2004 3351 portam
2070 3278 2266 3334 sedens
2311 3291 2480 3331 senex
2523 3289 2702 3330 caecus
2731 3282 2785 3329 et
2817 3273 3065 3330 claudus.
3101 3271 3242 3326 Dicit
3303 3271 3356 3326 ei

1782 3385 1988 3426 senex:
2050 3369 2318 3438 Cuperem
2379 3366 2468 3420 hic
2535 3364 2772 3420 residere
2817 3378 3020 3435 paucos
3061 3361 3202 3426 dies,
3259 3362 3356 3416 sed

1781 3473 2001 3533 propter
2033 3477 2218 3517 senem
2261 3461 2407 3515 hunc
2457 3473 2568 3514 non
2609 3473 2855 3528 possum.
2905 3457 3146 3512 Audiens
3190 3454 3361 3525 igitur

1781 3555 1949 3608 abbas
2011 3553 2251 3616 Achilas,
2304 3550 2562 3619 senisque
2616 3549 2973 3602 humilitatem
3029 3545 3356 3610 admiratus,

1779 3645 1920 3698 (ιι-λιι
1945 3665 1956 3698 :
1985 3641 2111 3697 llaec
2143 3657 2254 3696 non
2289 3649 2373 3696 est
2397 3639 2710 3706 lornicatio,
2743 3638 2838 3695 sed
2881 3637 3086 3692 invidia
3121 3645 3208 3692 est
3235 3649 3358 3690 ma-

1779 3735 1959 3790 lorum
1987 3733 2318 3790 dasmonum.
2417 3775 2422 3780 .

2285 3869 2363 3924 De
2393 3867 2581 3924 abbate
2605 3875 2842 3922 Ammoe.

1849 3985 1900 4041 l.
1923 3985 2032 4058 (50)
2049 3983 2311 4046 Dicebant
2330 3985 2398 4038 de
2423 3983 2619 4040 abbate
2659 3981 2906 4046 Ammoe,
2935 3979 3082 4052 quod
3131 3979 3365 4052 quando

1778 4077 1848 4132 ad
1875 4077 2164 4132 ecclesiam
2214 4083 2482 4146 pergeret,
2516 4089 2626 4130 non
2653 4074 2998 4146 permittebat
3023 4071 3360 4142 discipulum

1777 4184 1938 4224 suum
1953 4179 2130 4240 prope
2155 4183 2214 4223 se
2249 4167 2550 4230 ambulare,
2591 4167 2688 4224 sed
2733 4183 2764 4222 a
2797 4167 2993 4239 longe;
3029 4173 3083 4221 et
3103 4164 3151 4221 si
3180 4164 3358 4220 venis-

1777 4269 1859 4318 set
1887 4262 2226 4331 interrogare
2253 4260 2322 4316 de
2353 4261 2801 4331 cogitationibus,
2829 4275 2956 4314 mox
3015 4267 3072 4313 ut
3119 4273 3354 4328 respon-

1775 4353 1948 4417 derat,
1971 4353 2156 4408 statim
2190 4352 2497 4422 expellebat
2526 4366 2674 4414 eum,
2693 4350 2882 4406 dicens
2909 4368 2924 4403 :
2949 4347 3028 4404 Ne
3055 4347 3193 4402 forte
3222 4345 3356 4400 dum

1779 4443 1984 4516 aliquid
2012 4460 2080 4500 ex
2111 4459 2213 4499 usu
2248 4443 2540 4513 loquimur,
2571 4443 2918 4513 peregrinum
2947 4441 3153 4510 irrepat
3179 4437 3354 4493 collo-

1782 4538 1970 4609 quium
2005 4555 2020 4591 :
2060 4534 2184 4590 ideo
2214 4543 2267 4590 te
2301 4549 2410 4588 non
2441 4535 2563 4590 sino
2597 4548 2766 4604 prope
2786 4547 2892 4586 me.

1850 4629 1904 4683 2.
1931 4629 2042 4699 (51)
2079 4627 2223 4682 Dixit
2252 4626 2422 4682 abbas
2449 4626 2706 4679 Ammoes
2733 4622 2918 4678 abbati
2945 4620 3100 4676 Isaiae
3153 4619 3350 4674 initio:

1779 4719 1898 4786 Quo
1926 4731 2084 4788 pacto
2121 4734 2205 4773 me
2249 4716 2402 4772 vides
2445 4717 2606 4771 modo
2633 4715 2656 4768 ?
2688 4712 2988 4784 Respondit
3017 4728 3032 4766 :
3073 4711 3228 4764 Velut
3255 4725 3355 4765 an-

1774 4813 1974 4883 gelum,
2023 4811 2209 4866 Pater.
2271 4809 2336 4864 Et
2394 4807 2792 4880 posterioribus
2845 4803 3184 4874 temporibus
3227 4802 3348 4856 ait»:

1773 4901 1932 4958 Nunc
1960 4917 2070 4973 quo
2095 4901 2259 4958 modo
2289 4918 2375 4958 me
2410 4900 2600 4956 vides?
2625 4898 2692 4952 Et
2717 4898 2844 4952 ille:
2873 4894 3032 4951 Velut
3057 4893 3352 4963 Satanam;

1775 4997 2024 5066 quamvis
2063 4995 2264 5050 bonum
2293 4995 2360 5048 ad
2395 5009 2481 5049 me
2513 4989 2809 5063 protuleris
2876 5003 3201 5049 sermonem.
3261 4986 3352 5042 in-
3381 4977 3398 4996 ⁸

1777 5096 1897 5144 star
1921 5086 2082 5158 gladii
2113 5087 2262 5141 illum
2279 5086 2472 5142 habeo.

1851 5180 1904 5233 5.
1943 5177 2088 5248 (52)
2119 5177 2382 5232 Dixerunt
2413 5176 2480 5232 de
2511 5175 2708 5230 abbate
2729 5173 2976 5238 Ammoe,
3005 5171 3149 5243 quod
3175 5185 3352 5242 aegro-

1781 5271 1977 5328 taverit
2013 5270 2339 5326 recumbens
2369 5269 2422 5322 in
2459 5269 2600 5324 lecto
2627 5282 2720 5338 per
2777 5265 2962 5337 plures
3005 5279 3201 5332 annos,
3249 5275 3352 5317 nec

1846 5537 1957 5606 (49)
1999 5535 2106 5606 Yit.
2139 5534 2289 5606 Ratr.
2315 5549 2388 5594 tv.
2429 5535 2483 5606 9ἐ

1869 5609 1959 5668 50)
2007 5605 2111 5660 Vit.
2153 5605 2304 5658 Patr.
2333 5621 2409 5666 xi,
2450 5605 2504 5658 5.

1867 5677 1958 5740 5|)
1997 5675 2097 5731 Vit.
2141 5675 2289 5729 Patr.
2318 5691 2404 5740 ιι,
2445 5673 2500 5727 4.

1845 5691 1926 5747 (ﬁt
2000 5691 2097 5731 νιι.
2141 5691 2289 5729 Patr.
2318 5691 2404 5740 ιι,
2445 5691 2500 5727 4.

1841 5691 1958 5824 (sai
1995 5747 2100 5801 vn.
2131 5746 2284 5802 Patr.
2321 5761 2398 5813 ιν,
2433 5746 2526 5802 ιι.
