3878 6302
539 269 638 330 1Ξῖ

1660 274 2000 328 APPENDIX
2041 274 2132 329 AD
2167 275 2582 330 PALLADIUM.

3667 287 3769 344 £28

524 397 760 452 unquam
809 382 1191 451 cogitationem
1233 400 1386 440 suam
1416 387 1684 443 dimiserit
1712 389 1777 441 ad
1809 389 2091 444 attenden-

2203 391 2450 461 λογισμὸν
2482 389 2648 444 αὑτοῦ
2673 393 2930 460 προσχεῖν
2956 391 3036 454 εις
3062 390 3124 444 τὸ
3164 390 3428 464 ἐσώτερον
3458 394 3626 449 αὑτοῦ
3654 401 3768 451 κελ-

524 476 651 528 dum
691 473 745 526 in
783 475 976 528 cellam
1003 475 1342 540 interiorem,
1382 479 1743 548 ut.aspiceret
1768 481 1899 550 quid
1929 481 2096 535 habe-

524 577 628 620 ret.
673 563 838 618 Multa
872 567 1016 621 enim
1049 577 1268 638 propter
1298 568 1668 624 infirmitatem
1697 571 1747 624 ei
1777 570 2092 626 all'erebant.

522 656 592 711 Et
637 657 908 727 discipulo
933 674 1032 713 suo
1062 658 1270 714 Joanne
1312 661 1550 716 intrante
1577 678 1640 716 ac
1663 673 1915 729 exeunte,
1944 663 2096 718 clau-

523 748 687 801 debat
740 749 951 812 oculos,
1007 764 1076 803 ne
1126 749 1330 803 videret
1379 749 1511 820 quid
1561 750 1812 805 faciebat.
1860 749 2096 807 Noverat

525 838 724 907 quippe
751 837 959 892 fidelem
990 854 1113 894 esse
1153 842 1504 895 monachum.

594 929 647 985 4.
679 928 1069 984 Retulitabbas
1106 929 1345 995 Ptemen,
1380 932 1522 1001 quod
1561 931 1727 988 frater
1747 932 1975 987 accessit
2026 933 2093 986 ad

526 1021 778 1076 abbatem
827 1009 1132 1086 Ammoem,
1180 1024 1462 1092 postulans
1520 1024 1588 1078 ab
1636 1039 1702 1080 eo
1763 1039 2092 1079 sermonem.

528 1113 594 1167 Et
635 1114 759 1167 licet
807 1115 1071 1169 manserit
1104 1130 1225 1168 cum
1262 1131 1327 1170 eo
1376 1124 1580 1186 septem
1639 1117 1776 1183 dies,
1821 1117 1956 1171 nihil
2009 1132 2096 1172 re-

528 1205 747 1272 spondit
771 1219 959 1258 senex.
993 1204 1130 1274 (55)
1166 1203 1365 1260 Verum
1415 1206 1687 1263 deducens
1732 1223 1878 1270 eum,
1915 1208 2090 1262 dixit:

526 1294 652 1356 Abi,
707 1295 926 1349 attende
982 1295 1274 1363 tibi;mea
1297 1306 1445 1351 certe
1498 1305 1718 1366 peccata
1767 1297 2096 1352 exstiterunt

527 1387 707 1456 paries
732 1387 1053 1441 tenebrosus
1083 1383 1227 1440 inter
1259 1403 1344 1442 me
1374 1401 1436 1440 ac
1470 1387 1638 1442 Deum
1672 1389 1740 1440 ⁷⁷.

599 1477 651 1532 5.
677 1479 905 1532 Aiebant
944 1479 1089 1532 circa
1123 1479 1372 1532 abbatem
1401 1479 1701 1543 Ammoem,
1743 1479 1887 1549 quod
1937 1479 2098 1550 quin-

528 1569 785 1637 quaginta
819 1568 1074 1624 frumenti
1112 1571 1329 1624 artabas
1357 1570 1486 1625 fecit
1513 1571 1806 1640 aliquando
1827 1571 1894 1625 ad
1935 1588 2092 1627 usum

529 1673 712 1723 suum,
748 1660 957 1730 solique
973 1655 1270 1731 ‘exposuit;
1308 1663 1402 1717 sed
1444 1663 1760 1734 priusquam
1795 1665 1961 1734 probe
1987 1665 2096 1720 sic-

2197 480 2328 546 λίον,
2364 480 2491 534 ίδεῖν
2513 481 2565 533 τί
2594 480 2725 551 ἔχει.
2768 481 2941 534 Πολλά
2975 483 3085 553 γάρ
3126 483 3274 554 αὺτῷ
3316 487 3653 559 προσέφερον
3689 491 3770 548 διὰ

2195 570 2294 640 τὴν
2323 570 2627 623 ἀσθένειαν.
2661 569 2770 622 Καὶ
2806 573 3188 642 εἰσερχομένου
3217 573 3308 625 τοῦ
3341 575 3584 646 μαθητοῦ
3611 580 3769 635 αὐτοῦ

2210 659 2452 714 Ἰωάννου
2495 662 2590 714 καὶ
2639 659 3017 733 ἐξερχομένου,
3057 665 3263 734 ὲκάμυε
3308 667 3433 730 τοὺς
3465 669 3770 741 ὀφθαλμοὺς

2196 751 2382 816 αὐτοῦ,
2419 753 2504 804 ἵνα
2539 752 2615 824 μὴ
2655 753 2741 825 ἴδῃ
2770 752 2823 806 τί
2861 757 3026 809 ποιεῖ.
3063 755 3216 828 ᾝδει
3250 756 3357 830 γὰρ
3390 759 3470 812 δτι
3497 756 3567 832 ἦν
3589 763 3770 826 πιστὸς

2199 842 2449 913 μοναχός.

2264 932 2327 986 δ’.
2373 927 2538 984 Εἶπεν
2567 934 2595 986 6
2635 931 2809 998 άϐϐἄς
2846 933 3076 1006 Ποιμὴν,
3118 936 3201 988 ὅτι
3247 936 3471 1006 ἀδελφὸς
3502 939 3767 1009 παρέϐαλε

2195 1023 2273 1094 τῷ
2311 1023 2455 1095 άϐϐᾷ
2485 1023 2736 1095 ’Δμμώῃ,
2759 1024 3078 1096 αἰτούμενος
3123 1028 3252 1099 παρ’
3275 1029 3438 1081 αὑτοῦ
3469 1029 3643 1098 λόγον.
3667 1032 3767 1083 Καὶ

2199 1116 2391 1185 μείνας
2442 1118 2558 1186 μετ’
2585 1117 2745 1170 αὑτοῦ
2779 1117 2992 1188 ἡμέρας
3036 1119 3195 1184 ὲπτά,
3231 1119 3331 1172 οὐκ
3365 1121 3654 1192 ἀπεκρίθη
3675 1123 3767 1174 αὑ-

2195 1206 2273 1276 τῷ
2300 1209 2328 1259 ὁ
2349 1205 2544 1277 γέρων,
2567 1207 2907 1276 προπέμπων
2930 1207 2986 1259 δὲ
3015 1208 3175 1261 αὐτὸν
3201 1205 3351 1260 εἶπεν
3367 1210 3515 1280 αὐτῷ
3533 1227 3546 1239 ⁸
3581 1212 3766 1264 Ἀπελο

2197 1295 2277 1359 θε,
2318 1296 2552 1366 πρόσεχε
2573 1297 2976 1368 σεαυτῷοὲμοῦ
3020 1298 3158 1361 τέως
3202 1300 3258 1351 al
3304 1301 3564 1372 ἁμαρτίαι
3609 1304 3765 1370 γεγό-

2195 1404 2320 1440 νασι
2353 1389 2531 1457 τεῖχος
2566 1388 2838 1440 σκοτεινὸν
2865 1387 2970 1441 ἀνά
3011 1389 3171 1459 μέσον
3203 1390 3338 1460 ἐμοῦ
3370 1391 3463 1444 καὶ
3487 1391 3580 1444 τοῦ
3610 1392 3761 1446 Θεοῦ.

2267 1474 2327 1530 ε’.
2360 1476 2584 1545 Ἔλεγον
2632 1477 2719 1531 διὰ
2750 1477 2841 1532 τὸν
2879 1477 3050 1532 άϐϐᾶν
3091 1480 3372 1551 Ἀμμὼην,
3417 1482 3500 1536 ὅτι
3547 1483 3765 1553 ἐποίησε

2197 1567 2537 1639 πεντήκοντα
2582 1569 2825 1641 ἀρτάϐας
2867 1570 3051 1635 σίτου,
3084 1573 3218 1642 πρὸς
3256 1573 3442 1644 χρείαν
3478 1575 3632 1640 ποτὲ,
3677 1579 3766 1629 καὶ

2197 1659 2386 1713 ἔϐαλεν
2421 1661 2500 1724 είς
2525 1661 2617 1714 τὸν
2645 1661 2821 1731 ἥλιονο
2851 1663 2945 1715 καὶ
2982 1664 3110 1734 πρὶν
3141 1663 3466 1736 ξηρανθῆναι
3497 1667 3639 1720 αὑτά
3667 1687 3763 1721 κα-

529 1762 805 1815 carentur,
846 1754 1054 1822 aspexit
1080 1755 1134 1806 in
1173 1755 1293 1807 loco
1331 1755 1606 1824 negotium
1654 1771 1762 1809 non
1815 1757 1917 1827 ipsi
1981 1755 2091 1810 fru—

2203 1747 2322 1809 λῶς.
2357 1743 2464 1802 εἶδε
2514 1751 2745 1820 πρᾶγμα
2771 1752 2829 1803 έν
2874 1751 2952 1822 τῷ
2979 1753 3128 1823 τόπῳ
3167 1755 3240 1824 μὴ
3273 1754 3511 1823 ὠφελοῦν
3553 1758 3714 1809 αὐτόν
3746 1777 3759 1788 ·

528 1851 812 1908 ctuosum;
843 1854 896 1897 et
917 1845 994 1896 ait
1027 1845 1210 1913 pueris
1234 1845 1348 1899 suis
1382 1862 1396 1899 :
1426 1847 1699 1901 Abeamus
1727 1847 1871 1901 hinc.
1913 1849 1980 1901 At
2016 1849 2094 1902 illi

527 1933 876 1990 vehementer
926 1937 1242 1990 contristati
1301 1947 1447 1991 sunt.
1510 1937 1713 1993 Videns
1770 1947 1949 1993 autem
1999 1956 2094 1994 eos

528 2022 736 2084 tristes.
769 2025 844 2076 ait
872 2041 885 2077 :
923 2024 1150 2095 Propter
1180 2041 1348 2095 panes
1380 2029 1663 2082 moeretis?
1694 2027 1830 2084 Vere
1861 2030 1969 2084 vidi
1995 2047 2094 2100 ego

528 2115 820 2170 nonnullos
858 2117 948 2186 qui
979 2116 1252 2187 fugerunt,
1289 2119 1659 2188 relinquentes
1702 2123 1899 2175 ostiola
1947 2123 2095 2176 deal-

526 2201 652 2258 bata
677 2219 800 2258 cum
829 2206 984 2261 libris
1013 2209 1406 2276 membraneis;
1444 2226 1546 2265 nec
1580 2211 1726 2268 fores
1754 2213 2092 2270 clauserunt.

526 2296 623 2352 sed
651 2296 900 2354 abierunt
928 2301 1131 2356 relictis
1187 2301 1253 2356 iis
1285 2304 1507 2372 apertis.

888 2497 968 2553 De
995 2497 1182 2552 abbate
1205 2501 1433 2555 Ammun
1461 2501 1720 2558 Ni:riota.

598 2608 653 2665 Ι.
693 2609 806 2682 (54)
832 2610 1016 2667 Abbas
1038 2613 1273 2668 Ammun
1297 2613 1527 2670 Nitriota
1559 2619 1707 2672 venit
1747 2619 1813 2672 ad
1839 2619 2093 2674 abbatem

527 2701 843 2765 Antonium,
884 2711 937 2756 et
989 2705 1064 2754 ait
1125 2703 1199 2756 illi
1232 2724 1245 2757 :
1283 2704 1392 2774 Ego
1444 2707 1566 2774 plus
1597 2715 1648 2761 te
1695 2709 1964 2775 laboravi;
1998 2727 2096 2764 cur

526 2807 660 2861 ergo
698 2807 898 2846 nomen
931 2800 1082 2848 tuum
1113 2796 1522 2863 magniﬁcatum
1564 2810 1648 2852 est
1676 2801 1817 2854 inter
1847 2802 2095 2858 homines

528 2895 692 2950 super
734 2883 856 2935 tne?
911 2881 1215 2952 Respondit
1263 2885 1433 2942 abbas
1483 2888 1797 2946 Antonius:
1827 2891 2094 2958 Quoniam

527 2970 696 3027 Deum
720 2971 839 3040 plus
871 2988 1032 3041 quam
1069 2985 1122 3026 tu
1155 2974 1342 3044 diligo.

2197 1839 2291 1890 καὶ
2315 1838 2466 1907 λέγει
2503 1843 2615 1903 τοῖς
2649 1841 2956 1913 παιδαρίοις
2989 1843 3151 1896 αὑτοῦ
3173 1860 3186 1873 ⁸
3223 1846 3477 1914 ’Ἄγωμεν
3517 1846 3763 1900 ένθεν.Οί

2195 1929 2252 1982 δὲ
2288 1931 2488 2002 σφόδρα
2513 1931 2876 2002 ἐλυπήθησαν.
2908 1933 3050 1989 Ἰδὼν
3075 1935 3131 1987 δὲ
3158 1936 3352 2000 αὐτοὺς
3377 1939 3758 2007 λυπουμένους,

2195 2021 2341 2090 λέγει
2379 2023 2588 2085 αὐτοῖς·
2624 2025 2892 2078 Λυπεῖσθε
2946 2027 3034 2079 διά
3085 2030 3210 2092 τοὺς
3266 2030 3510 2100 ἄρτους;
3555 2031 3765 2103 ἀληθῶς

2197 2109 2334 2167 εἶδον
2363 2116 2473 2183 ὲγὼ
2501 2131 2654 2181 τινας
2681 2119 2968 2186 φυγόντας,
2999 2123 3091 2195 καὶ
3115 2123 3379 2188 ἐάσαντας
3409 2126 3768 2196 κεκονιαμένα

2194 2206 2263 2258 τὰ
2292 2206 2502 2278 θυρίδια
2549 2209 2686 2279 μετὰ
2716 2210 2934 2280 βιϐλίων
2971 2214 3301 2285 μεμϐράνων
3324 2232 3338 2246 ⁸
3367 2216 3485 2269 οὐδὲ
3513 2217 3764 2272 ἔκλεισαν

2141 2349 2151 2356 ,
2195 2299 2294 2362 τὰς
2322 2300 2560 2372 θυρίδας,
2589 2302 2702 2356 ἀλλ’
2741 2305 2978 2375 ἀπῆλθον
3006 2307 3356 2379 ἀνεῳγμένας
3383 2309 3764 2373 καταλιπόντες

2197 2408 2385 2455 αυτας.

2325 2507 2463 2574 Περὶ
2503 2507 2610 2562 τοῦ
2650 2509 2802 2565 ἀϐϐᾶ
2847 2511 3109 2582 ’Λμμοῦν
3149 2515 3257 2570 τοῦ
3296 2516 3636 2584 Νιτριὼτου.

2267 2629 2334 2675 α’.
2387 2623 2443 2675 '0
2473 2623 2648 2686 άϐϐᾶς
2690 2626 2932 2696 ’Λμμοῦν
2972 2631 3001 2681 6
3030 2630 3335 2702 Νιτριώτης
3371 2633 3646 2702 παρέϐαλε
3691 2634 3765 2703 τῷ

2202 2712 2343 2784 ἀϐϐᾷ
2375 2715 2661 2786 Ἀντωνίῳ,
2693 2718 2786 2770 καὶ
2809 2719 2953 2786 λέγει
2976 2721 3142 2791 αὐτῷ,
3173 2723 3256 2774 ὅτι
3301 2722 3442 2791 Ἐγὼ
3475 2725 3698 2778 πλείονά
3720 2726 3764 2757 τ’

2198 2822 2290 2859 σου
2325 2806 2490 2859 κόπον
2525 2808 2652 2878 ἔχω,
2684 2811 2775 2863 καὶ
2801 2810 2918 2874 πῶς
2945 2812 3006 2865 τὸ
3025 2813 3194 2884 δνομά
3222 2831 3314 2867 σου
3347 2817 3684 2888 ἐμεγαλύνθη
3711 2820 3764 2870 ὲν

2194 2899 2306 2960 τοῖς
2330 2897 2637 2970 ἀνθρώποις
2663 2900 2800 2972 ὑπὲρ
2842 2901 2973 2971 ὲμέ;
3010 2903 3172 2971 Λέγει
3202 2905 3350 2974 αὐτῷ
3383 2907 3411 2958 ό
3438 2907 3614 2970 ἀϐϐᾶς
3654 2910 3763 2960 ’Λν-

2194 2987 2388 3050 τώνιος
2421 3005 2434 3020 ο
2480 2990 2694 3060 Ἐπειδὴ
2731 2991 2840 3060 ἐγὼ
2874 2991 3070 3060 ἀγαπῶ
3101 2995 3192 3048 τὸν
3220 2995 3350 3048 Θεὸν
3379 2998 3518 3069 ὑπὲρ
3546 2998 3628 3052 σέ.

595 3059 652 3116 2.
685 3060 795 3132 (55)
833 3059 1088 3116 Dicebant
1113 3065 1180 3118 de
1214 3066 1408 3120 abbate
1435 3067 1690 3132 Ammun,
1721 3086 1843 3125 eum
1882 3089 1912 3127 e
1947 3090 2091 3128 men-

2269 3078 2336 3148 β’.
2382 3079 2608 3148 Ἔλεγον
2632 3059 2761 3153 περὶ
2793 3083 2887 3136 τοῦ
2921 3059 3064 3138 ἀϐϐἅ
3113 3087 3374 3157 Ἀμμοῦν,
3402 3059 3764 3159 ὅτίὲποίησεν

527 3164 656 3204 sura
680 3151 867 3204 hordei
897 3151 1089 3221 exigua
1123 3154 1323 3208 vixisse
1350 3156 1488 3210 duos
1510 3171 1747 3212 menses.
1795 3158 1956 3215 Venit
1993 3177 2093 3216 au-

527 3249 635 3296 tem
665 3243 780 3312 ipse
818 3243 883 3296 ad
919 3245 1165 3298 abbatem
1201 3243 1534 3313 Paemenem,
1567 3258 1621 3302 et
1648 3251 1721 3302 ait
1747 3252 1798 3304 ei
1830 3270 1842 3304 :
1871 3253 1925 3305 Si
1953 3255 2094 3308 abie-

526 3348 589 3388 ro
612 3332 678 3386 ad
717 3335 907 3388 cellam
954 3337 1205 3405 proximi,
1251 3347 1345 3392 aut
1385 3339 1496 3408 ipse
1528 3340 1594 3394 ad
1634 3359 1721 3397 me
1765 3347 1975 3399 venerit
2023 3349 2092 3401 ob

527 3424 764 3494 aliquam
799 3427 1197 3490 necessitatem,
1233 3445 1484 3482 veremur
1509 3432 1750 3501 'eolloqui
1785 3443 1993 3499 mutuo,
2025 3454 2093 3491 ne

526 3531 633 3586 qua
670 3518 928 3585 subrepat
953 3525 1183 3576 externa
1221 3519 1613 3576 confabulatio.
1649 3523 1786 3577 Dicit
1815 3527 1863 3578 ei
1886 3542 2087 3580 senex:

529 3605 693 3662 Recte
721 3607 887 3674 facis;
917 3607 1123 3678 indiget
1167 3611 1310 3665 enim
1339 3613 1600 3681 juventus
1649 3603 1916 3673 custodia.
1953 3621 2090 3675 Tum

525 3699 696 3753 abbas
719 3699 954 3753 Amniun
987 3717 1000 3754 :
1032 3699 1201 3756 Senes
1239 3719 1368 3771 ergo
1414 3705 1546 3774 quid
1597 3721 1755 3776 agere
1801 3710 2093 3776 solebant?

524 3788 823 3859 Respondit
856 3808 868 3843 :
900 3789 1070 3846 Senes
1100 3793 1152 3845 in
1194 3795 1392 3849 virtute
1436 3799 1732 3867 progressi,
1762 3815 1871 3854 non
1924 3801 2092 3857 babe-

525 3880 655 3935 bant
687 3881 741 3934 in
770 3896 829 3935 se
857 3881 1004 3935 aliud
1037 3883 1189 3951 qmd,
1218 3892 1312 3937 aut
1337 3896 1620 3940 externum
1647 3888 1702 3941 in
1727 3904 1842 3952 ore,
1870 3902 1927 3945 ut
1956 3893 2089 3948 illud

525 3973 893 4041 loquerentur.
928 3973 984 4028 Si
1024 3975 1188 4045 igitur
1240 3980 1483 4033 evenerit
1532 3983 1853 4044 necessitas,
1914 3985 2090 4055 inquit

524 4065 780 4128 Ammu‘n,
813 4065 1063 4135 loquendi
1092 4083 1212 4122 cum
1244 4071 1514 4139 proximo,
1563 4073 1646 4127 vis
1680 4076 1747 4128 de
1792 4074 2090 4146 Scripturis

525 4155 612 4208 vel
655 4154 722 4208 de
777 4158 1052 4210 seniorum
1118 4161 1460 4216 sermonibus
1509 4164 1819 4220 disseram?
1866 4166 2090 4239 Excepit

527 4261 693 4300 senex
719 4265 730 4299 :
756 4245 960 4303 Tacere
987 4250 1032 4303 si
1057 4265 1164 4304 non
1185 4252 1354 4317 vales,
1379 4262 1598 4322 praestat
1627 4256 1774 4326 loqui
1803 4258 1870 4314 de
1899 4277 2087 4317 senum

526 4337 707 4401 dictis,
745 4353 906 4407 quam
932 4338 1000 4394 de
1031 4355 1186 4394 sacra
1217 4340 1516 4412 Scriptura.
1545 4344 1663 4401 Non
1689 4364 1914 4419 parvum
1941 4351 2088 4409 enim

525 4436 610 4484 est
645 4429 964 4498 periculum.

596 4519 650 4573 3.
693 4521 802 4591 (56)
840 4521 1122 4578 Profectus
1157 4530 1239 4578 est
1274 4523 1443 4581 frater
1471 4543 1502 4582 e
1542 4526 1687 4586 Secti
1725 4533 1792 4588 ad
1839 4535 2087 4593 abbatem

524 4610 783 4675 Ammun,
808 4619 862 4666 et
899 4613 1037 4667 dixit
1058 4615 1108 4668 ei
1146 4634 1157 4667 :
1189 4615 1349 4670 Mittit
1371 4633 1453 4673 me
1487 4619 1646 4676 Pater
1676 4640 1828 4680 meus
1872 4628 1939 4682 ad
1983 4632 2088 4682 mi-

524 4698 833 4763 nisterium,
858 4711 913 4754 et
940 4715 1130 4756 vereor
1162 4702 1594 4764 fornicationem.
1626 4713 1716 4767 Ait
1745 4715 1813 4770 ad
1842 4732 1964 4772 eum
2012 4736 2090 4775 se-

525 4803 628 4842 nex
658 4807 670 4842 :
707 4788 824 4855 Qua
853 4792 985 4846 hora
1013 4795 1219 4848 orietur
1250 4800 1502 4864 tentatio,
1544 4803 1616 4857 ita
1648 4806 1869 4877 loquere
1895 4829 1908 4864 :
1944 4811 2089 4868 Deus

523 4876 805 4944 virtutum,
842 4884 1092 4952 precibus
1125 4885 1300 4943 Patris
1333 4893 1436 4946 mei
1473 4896 1620 4965 eripe
1645 4876 1749 4954 me.
1780 4901 1916 4971 (57)
1951 4903 2092 4969 Quo-

520 4968 647 5024 dam
669 4971 834 5041 igitur
855 4974 962 5041 die,
993 4978 1147 5048 virgo
1172 4980 1390 5049 januam
1421 4987 1618 5042 clausit
1655 4968 1818 5062 super
1842 4968 2003 5061 eunti;
2035 5007 2089 5053 et

523 5061 768 5120 clamans
795 5079 928 5121 voce
959 5084 1152 5140 magna
1184 5074 1356 5131 dixit:
1385 5076 1526 5134 Deus
1552 5061 1732 5138 Patris
1772 5090 1895 5150 mei.
1935 5092 2086 5160 eripe

524 5167 645 5218 me;
679 5155 972 5227 statimque
999 5159 1054 5212 in
1081 5162 1166 5216 via
1195 5181 1315 5234 qua:
1343 5165 1544 5224 Seetim
1589 5172 1738 5229 ducit
1783 5155 2084 5236 collocatus

521 5247 627 5295 est.

2193 3170 2273 3233 είς
2314 3170 2482 3241 μετὴν
2513 3173 2557 3204 ⁷³
2586 3173 2798 3245 κριθῆς,
2833 3176 3005 3246 μῆνας
3028 3176 3140 3230 δύο.
3179 3179 3457 3248 Παρέϐαλε
3502 3179 3557 3232 δὲ
3607 3183 3771 3242 αὐτὸς

2192 3262 2268 3331 τῷ
2296 3262 2440 3333 ἀϐϐᾷ
2472 3263 2720 3334 Ποιμένι,
2747 3267 2841 3319 καὶ
2878 3266 3025 3336 λέγει
3051 3268 3199 3339 αὑτῷ
3217 3286 3232 3301 ο
3281 3271 3404 3323 Ἐὰν
3443 3270 3662 3324 ἀπέλθω
3689 3275 3764 3335 εἰς

2190 3354 2250 3405 τὸ
2284 3354 2488 3407 κελλίον
2534 3355 2628 3408 τοῦ
2661 3357 2907 3427 πλησίον,
2939 3358 2971 3430 ἢ
3017 3361 3109 3413 καὶ
3155 3361 3318 3425 αὑτός
3351 3379 3439 3432 μοι
3478 3363 3762 3434 παραϐάλῃ

2190 3443 2280 3498 διά
2305 3463 2427 3500 τινα
2459 3449 2671 3517 χρείαν,
2708 3449 3086 3522 εὐλαϐούμεθα
3135 3453 3461 3524 συλλαλῆσαι
3495 3456 3763 3526 ἀλλήλοις,

2195 3539 2269 3608 μή
2301 3555 2384 3601 τις
2409 3541 2662 3612 ἀνακύψῃ
2696 3540 2820 3613 ξένη
2865 3543 3068 3614 ὁμιλία.
3113 3546 3275 3614 Λέγει
3313 3546 3460 3617 αὑτῷ
3486 3550 3514 3600 ὁ
3541 3548 3720 3619 γέρων
3749 3567 3762 3579 ο

2192 3628 2388 3691 Καλῶς
2418 3635 2591 3695 ποιεῖς
2623 3651 2636 3663 ο
2675 3632 2867 3704 χρῄζει
2895 3634 3002 3708 γάρ
3029 3638 3061 3705 ἡ
3095 3637 3284 3708 νεότης
3306 3637 3570 3708 φυλακῆς.
3605 3639 3762 3707 Λέγει

2191 3721 2340 3791 αὐτῷ
2364 3721 2392 3772 6
2421 3722 2592 3786 ἀϐϐἄς
2627 3723 2871 3795 ’Δμμοῦν
2891 3741 2904 3754 °
2939 3729 3002 3780 Ol
3030 3729 3285 3798 γέροντες
3317 3725 3408 3783 οὖν
3432 3730 3483 3783 τί
3515 3730 3761 3794 ὲποίουν;

2191 3815 2302 3868 Καὶ
2331 3811 2484 3868 εἶπεν
2517 3813 2663 3885 αὑτῷ
2687 3833 2701 3848 ο
2743 3818 2806 3869 Ol
2837 3818 3091 3889 γέροντες
3134 3821 3526 3892 προκόψαντες,
3552 3822 3653 3874 οὐκ
3687 3817 3764 3874 εἷ-

2191 3924 2283 3977 χον
2322 3909 2379 3960 ὲν
2411 3908 2593 3970 αὐτοῖς
2619 3907 2803 3980 ἔτερόν
2842 3927 2914 3975 τι,
2943 3913 2975 3982 ἢ
3007 3911 3155 3976 ξένον
3186 3914 3242 3966 ὲν
3274 3913 3352 3983 τῷ
3393 3912 3641 3983 στόματι,
3682 3914 3766 3966 ἵνα

2192 3998 2322 4051 αὐτὸ
2353 3999 2672 4070 λαλήσωσιν.
2712 4001 2838 4054 Ἐὰν
2867 3999 2959 4056 οὖν
2991 4004 3214 4074 γένηται
3244 4005 3474 4075 ἀνάγκη,
3500 4007 3652 4074 φησὶ,
3673 4005 3764 4056 λα.

2193 4091 2352 4160 λῆσαι
2382 4092 2518 4161 μετὰ
2547 4091 2640 4145 τοῦ
2665 4093 2910 4164 πλησίον,
2948 4094 3120 4159 θέλεις
3159 4097 3376 4168 λαλήσω
3409 4099 3466 4149 ἐν
3491 4100 3610 4160 ταῖς
3637 4097 3672 4148 Γ
3677 4115 3764 4168 ρα-

2194 4181 2386 4253 φαῖς,ἢ
2413 4183 2470 4235 ὲν
2495 4183 2607 4246 τοῖς
2626 4182 2804 4252 λόγοις
2829 4184 2936 4237 τῶν
2970 4187 3239 4256 γερόντων
3261 4203 3274 4252 ;
3300 4188 3460 4256 Λέγει
3487 4189 3515 4240 ό
3544 4187 3722 4259 γέρων
3745 4205 3760 4219 ο

2194 4273 2255 4324 Εἰ
2284 4272 2344 4324 οὐ
2375 4272 2600 4326 δύνασαι
2634 4276 2862 4346 σιωπᾷν,
2898 4276 3061 4330 καλόν
3086 4279 3199 4330 ἐστι
3227 4278 3422 4349 μᾶλλον
3459 4282 3515 4332 ὲν
3539 4282 3651 4343 τοῖς
3676 4280 3756 4332 λόο

2197 4381 2314 4434 γοις
2358 4363 2466 4417 τῶν
2494 4365 2784 4436 γερόντων,
2821 4367 2915 4420 καὶ
2944 4368 3018 4440 μὴ
3068 4371 3126 4422 ὲν
3152 4373 3216 4442 τῇ
3254 4371 3461 4443 Γραφῇ.
3506 4372 3763 4435 Κίνδυνος

2198 4455 2305 4526 γάρ
2331 4457 2445 4508 ἐστι
2465 4458 2526 4508 οὐ
2555 4459 2769 4527 μικρός.

2266 4553 2336 4613 γ’.
2385 4547 2636 4616 Ἀδελφὸς
2673 4545 2836 4619 ἦλθεν
2865 4550 2970 4604 ἀπὸ
3009 4553 3261 4622 Σκήτεως
3298 4555 3431 4624 πρὸς
3471 4554 3560 4607 τὸν
3591 4553 3762 4607 άϐϐἆν

2208 4635 2466 4706 Ἀμμοῦν,
2503 4638 2597 4692 καί
2634 4637 2780 4707 λέγει
2813 4641 2988 4712 αὐτῷ’
3026 4644 3239 4713 Πέμπει
3274 4661 3339 4714 με
3369 4647 3396 4697 6
3432 4645 3622 4715 Πατήρ
3661 4661 3762 4715 μου

2194 4724 2273 4786 εἰς
2299 4724 2592 4791 διακονίαν,
2623 4728 2717 4780 καὶ
2751 4728 3016 4801 φοϐοῦμαι
3056 4733 3154 4804 τὴν
3183 4733 3452 4806 πορνείαν.
3481 4734 3645 4804 Λέγει
3675 4736 3764 4790 αὐ-

2193 4815 2270 4885 τῷ
2297 4816 2327 4868 6
2355 4817 2530 4889 γέρων
2557 4835 2572 4848 ο
2599 4819 2728 4872 υἵαν
2748 4821 2894 4893 ὥραν
2917 4822 3133 4895 ἔρχεταί
3157 4842 3236 4878 σοι
3267 4827 3582 4897 πειρασμὸς,
3609 4828 3754 4881 εἰπέ-

2206 4909 2264 4962 Ὁ
2290 4908 2423 4973 Θεὸς
2454 4909 2564 4962 τῶν
2619 4911 2922 4983 δυνάμεων,
2957 4917 3143 4986 εὐχαῖς
3172 4915 3266 4968 τοῦ
3308 4917 3520 4990 Πατρός
3550 4935 3650 4987 μου
3677 4917 3760 4981 ἐξ·

2193 5001 2314 5054 ελοῦ
2359 5019 2446 5072 με.
2487 5003 2576 5056 Ἐν
2605 5005 2702 5074 μιᾷ
2730 5001 2823 5058 οὖν
2848 5007 2955 5060 τῶν
2987 5007 3205 5078 ἡμερῶν
3244 5007 3448 5061 ἔκλεισε
3496 5008 3759 5079 παρθένος

2190 5093 2290 5164 τὴν
2323 5092 2490 5165 θύραν
2519 5096 2703 5150 ἐπάνω
2731 5097 2896 5150 αὑτοῦ
2921 5115 2935 5128 ·
2972 5101 3065 5152 καὶ
3111 5098 3311 5172 βοήσας
3360 5103 3508 5173 φωνῇ
3551 5100 3758 5171 μεγάλῃ

2192 5178 2376 5238 εἶπεν
2420 5187 2478 5239 'U
2526 5186 2786 5251 Θεὸςτοῦ
2834 5189 3045 5259 Πατρός
3097 5208 3234 5262 μου,
3272 5191 3453 5258 ἐξελοῦ
3504 5210 3571 5264 με
3600 5211 3615 5226 ·
3653 5195 3758 5247 Καὶ

2193 5273 2397 5339 εὐθέως
2419 5277 2615 5349 εὑρέθη
2648 5281 2727 5343 είς
2753 5280 2851 5350 τὴν
2874 5280 2991 5334 ὁδὸν
3013 5280 3112 5351 τῆς
3139 5283 3408 5354 Σκὴτεως.

599 5394 644 5428 ⁷⁷
667 5390 772 5452 lsa.
799 5412 911 5468 ιιι,
938 5401 993 5459 2.
1068 5405 1114 5438 ⁷⁸
1134 5408 1220 5464 ΑΙ.
1252 5412 1364 5484 όρῶ
1391 5415 1470 5469 ὅτι
1497 5417 1581 5475 πλ.
1645 5420 1688 5453 ⁷⁸
1710 5419 1769 5478 F.
1813 5423 1990 5495 μάτην
2015 5441 2081 5480 ex
2117 5425 2308 5483 Suida.

592 5553 706 5628 (ᾧ)
739 5551 848 5628 ζῃῙ.
882 5556 1136 5628 Pinnem,
1166 5581 1219 5622 ιι.
1253 5567 1340 5621 52.

590 5621 704 5696 (ιιι)
739 5621 847 5696 vn.
895 5627 1042 5683 Patr.
1072 5621 1216 5696 xui,
1243 5637 1298 5692 δ.

590 5692 703 5764 (55)
739 5693 843 5752 Vit.
873 5696 1025 5754 Patr.
1064 5718 1138 5770 ιι,
1170 5692 1260 5759 9.0.

2264 5583 2374 5652 (56)
2408 5583 2627 5641 Doroth.
2659 5588 2840 5644 Doctr.
2873 5591 2920 5646 1.

2269 5654 2383 5738 (57)
2409 5653 2855 5738 Leg."Eucholog.
2885 5679 2936 5732 p.
2972 5663 3060 5738 ζιὶ,
3096 5681 3162 5738 n._
3177 5665 3280 5731 50;
3313 5664 3596 5738 Clirysost.
3627 5669 3661 5726 6
3688 5668 3764 5730 ad

2195 5737 2321 5792 pep.
2353 5724 2480 5780 Ant.
2500 5724 2520 5794 ⁷,
2543 5725 2779 5799 Hesych.
2803 5724 2938 5788 ἱειὶι.
2969 5732 3026 5801 2,
3051 5724 3211 5790 n.ult.
