3878 6324
521 295 622 353 151

1645 288 1987 342 APPENDIK
2025 288 2116 341 AD
2152 288 2576 346 PALLADIUM.

3663 298 3761 353 ιδ’)

499 409 628 468 illi:
671 409 752 466 'l'u
803 410 966 466 talem
1016 407 1319 465 sedmonem
1377 406 1686 478 protulisti?
1736 405 2080 478 Respondit:

2193 404 2333 476 λέγει
2361 409 2508 479 αὐτῷ
2527 427 2540 439 ·
2575 409 2644 464 Σὺ
2679 404 2841 474 εἶπας
2864 409 2956 465 τὸν
2983 411 3140 480 λόγον
3179 411 3400 477 τοῦτον;
3431 411 3543 465 Kal
3583 412 3758 481 λέγει·

498 503 702 560 Etiam.
757 503 906 558 Dixit
953 503 1001 558 ei
1050 502 1217 557 abbas
1258 501 1528 555 Abraham
1568 518 1581 554 :
1620 500 1757 555 Ecce
1807 499 1978 553 intras
2027 499 2083 552 in

501 596 692 650 cellam
730 603 900 654 tuam.
930 599 984 646 et
1027 606 1190 660 supra
1244 601 1388 644 tuam
1441 597 1661 643 tnattam
1713 589 1922 642 invenis
1962 603 2083 640 mu-

502 686 713 747 lierem,
749 697 972 754 potesne
1002 686 1245 753 cogitare
1273 682 1415 752 quod
1448 698 1556 735 non
1597 681 1668 736 sit
1698 680 1926 734 mulier?
1953 679 2039 734 Ait
2067 699 2080 734 :

505 778 619 830 Non
646 795 661 841 ;
693 775 786 829 sed
834 777 1097 829 achrsus
1147 777 1386 828 animum
1430 790 1604 827 meum
1637 788 1839 844 pugno,
1879 783 1936 826 ut
1976 788 2083 826 non

502 876 725 935 tangam
757 866 923 918 illam.
955 864 1090 919 Tum
1115 865 1282 918 abbas
1311 864 1580 918 Abraham
1611 883 1624 917 :
1662 862 1798 916 Ecce
1829 877 1937 915 non
1965 877 2087 931 per-

501 961 700 1024 emisti,
746 959 838 1012 sed
890 959 1020 1011 vivit
1075 957 1322 1020 allectus,
1359 972 1669 1026 quanquam
1717 956 1915 1025 ligatus
1978 963 2084 1008 est.

501 1051 724 1114 lterum.
763 1053 904 1104 inter
937 1050 1349 1111 ambulandum,
1381 1048 1530 1104 vides
1565 1049 1774 1119 lapides
1809 1063 1873 1104 ac
1900 1055 2086 1119 testas,

501 1143 850 1212 mediumque
898 1157 1088 1194 aurum
1123 1182 1136 1205 ,
1187 1149 1436 1210 potestne
1495 1155 1646 1195 mens
1695 1148 1787 1193 tua
1837 1149 2089 1208 reputare

501 1231 608 1287 hoc
643 1233 787 1286 velut
810 1231 942 1285 illa?
972 1229 1272 1300 Respondit
1312 1248 1327 1282 :
1365 1229 1722 1299 Neutiquam;
1763 1230 1857 1283 sed
1894 1230 2089 1284 resisto

503 1321 814 1391 cogitationi
856 1337 1008 1385 meae,
1044 1328 1102 1376 ut
1137 1336 1330 1374 aurum
1366 1336 1475 1374 non
1509 1321 1714 1376 tollam.
1752 1320 1972 1390 Excepit
2002 1337 2088 1375 se-

502 1429 609 1469 nex
639 1433 655 1468 :
689 1418 824 1467 hcce
873 1414 1026 1476 vivit,
1085 1411 1177 1466 sed
1222 1413 1417 1482 ligatus
1457 1420 1542 1466 est
1591 1411 1837 1466 affectus.
1890 1410 2088 1466 lterum

507 1507 678 1560 abbas
717 1505 984 1558 Abraham
1017 1522 1029 1555 :
1063 1503 1161 1569 En,
1199 1504 1396 1573 inquit,
1432 1502 1590 1557 audis
1619 1503 1686 1558 de
1731 1502 1944 1556 duobus
1979 1501 2089 1555 fra-

510 1599 706 1654 tribus.
732 1605 782 1650 te
812 1597 879 1648 ab
904 1612 1012 1650 uno
1042 1596 1214 1664 diligi,
1247 1596 1314 1649 ab
1344 1596 1450 1649 alio
1477 1595 1605 1650 odio
1638 1595 1823 1648 haberi
1853 1608 1916 1648 ac
1947 1593 2090 1647 vitu-

509 1691 722 1761 perari;
757 1690 800 1744 si
837 1699 887 1743 te
930 1690 1302 1751 convenerint,
1337 1689 1525 1744 ambos
1557 1689 1672 1758 pari
1716 1689 1878 1743 modo
1910 1689 2086 1744 susci-

511 1759 660 1855 pies?
697 1783 787 1837 Ille
817 1803 831 1839 :
865 1783 1246 1853 Nequaquam;
1285 1782 1383 1838 sed
1430 1783 1671 1837 animum
1705 1782 1993 1852 superabo,
2027 1791 2084 1836 ut
2114 1759 2162 1820 Β

508 1874 842 1932 benefaciam
872 1877 1017 1930 θευτί
1066 1891 1184 1930 meo
1216 1876 1438 1944 perinde
1476 1891 1538 1928 ac
1572 1878 1824 1929 amatori.
1869 1877 1959 1930 Ait
2007 1876 2083 1930 illi

507 1967 676 2024 abbas
703 1967 976 2020 Abraham
1010 1986 1022 2020 :
1055 1967 1228 2036 Atque
1269 1968 1405 2022 adeo
1445 1967 1634 2022 vivunt
1675 1966 1920 2031 allectus,
1943 1969 2084 2023 dun-

508 2069 650 2115 taxat
684 2071 863 2114 autem
893 2060 1210 2114 vinciuntur
1236 2075 1264 2112 a
1295 2060 1520 2115 sanctis.

576 2151 628 2205 2.
659 2151 848 2206 Frater
886 2152 1241 2222 interrogavit
1281 2151 1531 2206 abbatem
1578 2151 1964 2215 Abrahamum,
1996 2151 2083 2206 di-

503 2255 637 2296 cens
672 2260 684 2296 :
726 2241 781 2296 Si
814 2244 1102 2311 contigerit
1146 2258 1230 2297 me
1277 2259 1417 2310 saepe
1447 2242 1792 2306 manducare,
1825 2242 2082 2311 quidnam

501 2333 557 2387 id
597 2336 718 2388 est?
765 2333 827 2386 Et
872 2333 1206 2403 respondens
1251 2349 1418 2388 senex
1453 2333 1569 2386 inlit
1600 2350 1614 2387 :
1647 2332 1784 2398 Quid
1820 2333 2082 2403 loqueris,

504 2423 704 2480 frater?
742 2424 986 2480 Tantane
1003 2426 1310 2488 .cornedis?
1355 2427 1435 2480 An
1477 2433 1635 2497 putas
1689 2439 1739 2481 te
1787 2425 1851 2480 ad
1903 2440 2082 2482 aream

503 2514 760 2570 venisse?

570 2604 624 2659 5.
683 2603 791 2674 (61)
852 2603 927 2659 De
989 2605 1220 2674 quodam
1291 2604 1650 2661 Scetiotarum
1715 2606 1850 2661 dixit
1913 2607 2083 2663 abbas

499 2691 799 2756 Abraham,
839 2695 982 2763 quod
1017 2695 1199 2749 scriba
1229 2703 1396 2756 esset,
1454 2711 1551 2750 nec
1583 2710 1720 2765 pane
1749 2706 2078 2752 vesceretur.

501 2785 749 2841 Accessit
808 2785 994 2852 frater,
1038 2802 1202 2842 orans
1251 2798 1309 2840 ut
1367 2787 1416 2841 ei
1483 2789 1813 2844 exscriberet
1861 2790 2079 2844 librum.

504 2876 682 2932 Senex
719 2877 882 2949 igitur
915 2883 1006 2948 qui
1039 2880 1278 2933 animum
1338 2879 1781 2950 contemplationi
1815 2881 2080 2936 intentum

503 2967 746 3034 haberet,
777 2969 1066 3038 descripsit
1113 2985 1208 3040 per
1247 2985 1440 3026 versus
1494 2971 1704 3037 mutile,
1756 2988 1854 3026 nec
1909 2973 2081 3028 inter-

501 3061 714 3130 punxit.
755 3063 823 3114 At
876 3060 1065 3124 frater,
1119 3070 1344 3132 accepto
1385 3063 1542 3126 libro,
1593 3078 1716 3118 cum
1757 3066 1915 3120 vellet
1942 3082 2082 3136 pun-

503 3165 646 3221 gere.
675 3152 878 3206 invenit
905 3153 1202 3207 sententias
1233 3152 1497 3222 quasdam
1533 3153 1704 3209 fuisse
1737 3157 1990 3210 omissas.
2019 3156 2082 3210 Et

502 3243 578 3297 ait
611 3242 728 3298 seni
763 3261 776 3298 :
820 3243 994 3308 Abba,
1027 3260 1217 3299 omnes
1254 3261 1363 3298 non
1409 3247 1651 3302 continet
1699 3262 1909 3304 versus.
1945 3249 2084 3304 Dicit

503 3349 710 3389 senex:
745 3335 866 3400 Abi,
899 3337 1052 3404 prius
1098 3336 1184 3390 fac
1221 3352 1341 3406 qua:
1383 3338 1587 3408 scripta
1637 3348 1797 3406 sunt,
1846 3348 2084 3412 tuncque

503 3426 649 3492 veni,
676 3434 728 3480 et
757 3427 991 3481 scribam
1027 3427 1121 3481 tibi
1150 3429 1292 3499 quod
1325 3439 1593 3500 superest.

1066 3540 1140 3595 De
1178 3542 1365 3596 abbate
1398 3545 1519 3597 Are.

573 3627 734 3684 Venit
767 3631 876 3701 (62)
913 3632 1079 3689 abbas
1109 3634 1378 3688 Abraham
1410 3636 1477 3689 ad
1507 3637 1756 3692 abbatem
1781 3638 1981 3708 Arem;
2030 3649 2084 3695 et

503 3722 636 3793 ipsis
685 3724 1000 3782 sedentibus
1029 3730 1259 3783 accessit
1305 3730 1471 3785 frater
1505 3733 1569 3787 ad
1607 3749 1812 3800 senem,
1841 3737 2084 3808 dixitque
2126 3749 2132 3757 ‘

499 3815 593 3870 ei:
640 3814 778 3872 Doce
821 3833 925 3882 me,
961 3820 1088 3888 quid
1143 3821 1320 3876 facere
1366 3823 1534 3878 debeo
1582 3837 1641 3879 ut
1679 3828 1908 3882 salutem
1953 3845 2084 3884 con-

502 3921 722 3977 sequar.
758 3907 1055 3980 Respondit
1086 3913 1176 3967 ille
1210 3930 1223 3967 :
1256 3913 1380 3979 Abi,
1416 3923 1528 3970 toto
1557 3917 1664 3973 isto
1693 3935 1835 3975 anno
1861 3936 2084 3992 vespere

504 4001 771 4053 manduca
808 4017 996 4070 panem
1029 4019 1148 4058 cum
1193 4007 1326 4072 sale,
1369 4015 1423 4062 et
1454 4009 1575 4062 veni
1625 4011 1844 4074 iterum,
1874 4015 1968 4067 tibi
2001 4015 2082 4067 lo-

502 4107 658 4161 quar.
691 4091 782 4148 llle
803 4095 956 4157 abiit,
984 4105 1146 4166 atque
1175 4099 1244 4150 ita
1272 4097 1419 4152 fecit.
1452 4099 1679 4156 Peracto
1706 4112 1885 4158 autem
1915 4122 2079 4172 anno,

503 4199 700 4239 rursus
733 4185 864 4238 adiit
896 4186 1060 4241 frater
1092 4189 1340 4243 abbatem
1378 4192 1538 4246 Arem
1571 4211 1584 4246 :
1620 4202 1856 4265 tuncque
1884 4214 2083 4268 oppor-

505 4283 634 4329 tune
683 4276 869 4330 aderat
918 4278 1085 4332 abbas
1131 4280 1427 4336 Abraham.
1487 4282 1648 4353 igitur
1698 4287 1834 4343 dixit
1884 4291 2080 4346 iterum

503 4363 660 4420 fratri
696 4381 857 4423 senex
893 4384 909 4424 :
940 4367 1107 4431 Vade,
1137 4370 1238 4424 hoc
1264 4372 1427 4426 etiam
1471 4388 1613 4430 anno
1638 4377 1824 4447 jejuna
1855 4383 2084 4437 mandu«

2185 501 2311 554 Ναί.
2347 502 2456 554 Kal
2493 497 2644 556 εἶπεν
2682 503 2830 575 αὐτῷ
2863 505 2892 556 6
2931 504 3104 568 ἀϐϐἄς
3142 504 3419 575 Ἁϐραάμ·
3474 505 3606 560 Ἰδοὺ
3653 508 3762 560 είσσ-

2185 591 2320 663 έρχῃ
2354 595 2432 654 εἰς
2472 591 2532 645 τὸ
2575 591 2783 646 κελλίον
2816 611 2929 656 σου,
2969 596 3065 647 καὶ
3105 594 3376 666 εὑρίσκεις
3415 597 3493 659 εἰς
3541 595 3601 648 τὸ
3644 594 3763 665 ψιά-

2186 683 2298 737 θιόν
2333 701 2426 737 σου
2455 687 2707 753 γυναῖκα,
2735 685 2959 739 δύνασαι
2991 686 3307 754 λογίσασθαι
3342 689 3422 740 ὃτι
3459 689 3557 741 οὐκ
3585 688 3759 741 Eam"

2185 783 2352 851 γυνὴ;
2418 782 2612 850 Λέγει·
2667 781 2770 836 Οὔ·
2807 782 2940 836 ἀλλά
2994 783 3213 853 πολεμῶ
3263 783 3340 853 τῷ
3374 783 3658 854 λογισμῷ,
3691 785 3761 855 μὴ

2188 875 2426 946 ἅψασθαι
2459 878 2644 948 αὐτῆς.
2699 877 2857 944 Λέγει
2904 872 2996 930 οὖν
3033 879 3061 930 6
3104 878 3275 940 ἀϐϐᾶς
3309 878 3588 949 Ἁϐραάμ·
3635 878 3761 931 Ἰδοὺ

2187 971 2286 1024 οὐκ
2313 970 2653 1033 ἀπέκτεινας,
2690 969 2824 1023 ἀλλά
2865 970 2930 1041 ζῇ
2965 969 3024 1022 τὸ
3069 970 3260 1034 πάθος,
3296 971 3500 1024 δέδεται
3536 970 3616 1023 δέ.
3657 971 3762 1025 Πά-

2187 1063 2271 1118 λιν
2317 1065 2393 1128 ὼς
2441 1066 2759 1135 περιπατεῖς
2785 1064 2851 1128 ",
2889 1046 3102 1132 βλέπεις
3135 1063 3315 1126 λίθους
3362 1064 3455 1116 καὶ
3501 1063 3760 1133 ὄστρακα,

2193 1158 2354 1229 μέσον
2387 1159 2443 1212 δὲ
2477 1159 2678 1212 τούτων
2710 1159 2928 1229 χρυσὸν,
2949 1157 3169 1209 δύναται
3199 1159 3233 1226 ἡ
3259 1156 3464 1210 διάνοιά
3492 1173 3584 1208 σου
3624 1156 3764 1224 λογί-

2192 1252 2386 1304 σασθαι
2416 1250 2575 1304 τοῦτο
2605 1250 2793 1322 ῶσπερ
2826 1249 3026 1312 ταῦτα;
3077 1249 3266 1316 Λέγει·
3299 1249 3430 1318 Οὐχί
3451 1266 3464 1279 ·
3501 1248 3638 1302 ἀλλά
3672 1266 3764 1302 πο-

2188 1343 2340 1415 λεμῶ
2380 1343 2457 1414 τῷ
2495 1343 2736 1414 λογισμῷ
2767 1341 2840 1413 μὴ
2885 1343 3069 1396 λαϐεῖν
3111 1342 3261 1397 αὑτό.
3298 1341 3408 1394 Kal
3443 1341 3590 1409 λέγει
3617 1343 3646 1394 6
3679 1340 3764 1408 γέ-

2192 1455 2330 1508 ρων·
2373 1438 2503 1490 Ἰδοὺ
2540 1437 2604 1508 ζῇ
2635 1438 2700 1497 ⁸⁹,
2732 1436 2865 1490 ἀλλά
2891 1436 3120 1490 δέδεται.
3150 1437 3312 1504 Λέγει
3351 1435 3512 1490 πάλιν
3539 1437 3569 1488 6
3595 1434 3764 1499 ἀϐϐᾶς

2202 1526 2484 1598 Ἀϐραάμ·
2523 1527 2652 1581 Ἰδοὺ
2683 1526 2898 1590 ἀκούεις
2938 1527 3066 1598 περὶ
3099 1524 3192 1580 δύο
3221 1526 3482 1594 ἀδελφῶν,
3517 1526 3600 1578 ὅτι
3636 1529 3665 1580 6
3689 1520 3765 1589 εἷς

2189 1619 2382 1690 ἀγαπᾷ
2422 1637 2503 1683 σε,
2553 1622 2581 1673 6
2621 1619 2677 1672 δὲ
2723 1619 2879 1683 ἄλλος
2928 1619 3076 1688 μισεῖ
3113 1635 3171 1671 σε
3211 1619 3302 1672 καὶ
3343 1616 3632 1684 κακολογεῖ
3679 1633 3760 1669 σε·

2191 1711 2285 1763 ὲάν
2314 1711 2506 1764 ἔλθωσι
2539 1712 2673 1782 πρὸς
2704 1711 2784 1773 σὲ,
2805 1713 2930 1774 τοὺς
2955 1709 3045 1763 δύο
3074 1709 3129 1789 εξ
3156 1709 3275 1781 ἴσης
3299 1710 3345 1741 ⁹⁰
3374 1710 3547 1779 ἔχεις
3572 1709 3763 1778 Λέγει·

2194 1804 2356 1872 Οὐχί·
2384 1803 2519 1856 ἀλλά
2563 1802 2783 1873 πολεμῶ
2833 1803 2910 1873 τῷ
2953 1803 3215 1875 λογισμῷ,
3253 1802 3647 1873 ἀγαθοποιῆσαι
3692 1803 3766 1874 τῷ

2197 1894 2442 1964 μισοῦντί
2473 1912 2539 1965 με
2565 1895 2642 1958 ῶς
2661 1895 2738 1964 τῷ
2759 1893 3039 1962 ἀγαπῶντι
3077 1912 3164 1965 με.
3194 1895 3355 1964 Λέγει
3382 1893 3528 1964 αὐτῷ
3545 1894 3574 1946 6
3599 1893 3766 1956 ἀϐϐᾶς

2203 1986 2480 2056 Ἀϐραάμ·
2513 1988 2675 2040 Ὥστε
2699 1984 2790 2042 οὖν
2814 1987 2946 2052 ζῶσι
2969 1988 3038 2042 τά
3069 1987 3235 2060 πάθη,
3260 1987 3416 2060 μόνον
3435 1988 3490 2041 δὲ
3515 1985 3766 2057 δεσμοῦν-

2195 2092 2286 2129 ται
2321 2077 2424 2130 ὑπὸ
2454 2077 2560 2130 τῶν
2583 2079 2775 2145 ἁγίων.

2268 2169 2330 2239 β’.
2377 2171 2626 2239 Ἀδελφὸς
2657 2171 2908 2242 ἠρώτησε
2936 2171 3028 2224 τὸν
3056 2171 3228 2225 ἁϐϐἄν
3263 2171 3529 2244 Ἀϐραὰμ,
3560 2169 3763 2238 λέγων·

2203 2262 2326 2317 Ἐὰν
2358 2262 2536 2333 συμϐῇ
2565 2280 2630 2332 με
2661 2262 2917 2326 πολλάκις
2944 2263 2986 2294 ’ί
3014 2264 3227 2332 φαγεῖν,
3257 2262 3311 2316 τί
3339 2265 3453 2316 ὲστι
3473 2279 3489 2328 ς
3510 2261 3625 2315 Kal
3646 2261 3766 2314 ἀπο-

2191 2351 2399 2424 κριθεὶς
2431 2355 2458 2405 6
2497 2353 2674 2423 γέρων
2712 2349 2858 2405 εἶπε·
2910 2353 2974 2406 Τί
3011 2353 3208 2418 λαλεῖς,
3254 2353 3482 2424 ἀδελφέ;
3530 2352 3765 2408 τοσαῦτα

2189 2444 2418 2509 ὲσθίεις;
2459 2444 2491 2515 ἢ
2527 2445 2698 2509 δοκεῖς
2727 2447 2809 2498 ὅτι
2831 2448 2908 2509 είς
2941 2446 3119 2500 ἅλωνα
3141 2441 3334 2518 ἦλθες;

2259 2631 2328 2693 γ’.
2376 2625 2568 2694 Ἔλεγε
2614 2626 2740 2697 περί
2787 2643 2929 2690 τινος
2976 2627 3083 2679 τῶν
3141 2624 3462 2697 Σκητιωτῶν
3516 2626 3546 2680 6
3599 2625 3767 2690 ἀϐϐᾶς

2201 2716 2475 2788 Ἀϐραὰμ.
2499 2719 2580 2771 ὅτι
2605 2718 2848 2789 γραφεὺς
2869 2713 2956 2788 ἦν,
2982 2718 3074 2770 καὶ
3102 2718 3202 2770 οὐκ
3232 2718 3414 2788 ἢσθιεν
3436 2717 3618 2790 ἄρτον.
3636 2713 3769 2770 Ἦλ-

2191 2809 2282 2862 θεν
2308 2805 2402 2864 οὗν
2426 2810 2650 2879 ἀδελφὸς
2689 2809 3015 2882 παρακαλῶν
3052 2811 3216 2864 αὐτὸν
3258 2810 3463 2880 γράψαι
3507 2810 3658 2880 αὐτῷ
3691 2810 3768 2880 βι-

2192 2900 2368 2953 ϐλίον.
2405 2901 2465 2954 Ὀ
2513 2896 2604 2954 οὖν
2649 2901 2825 2972 γέρων
2873 2901 3010 2970 ἔχων
3058 2901 3147 2954 τὸν
3195 2900 3318 2954 νοῦν
3353 2900 3515 2955 αὐτοῦ
3557 2903 3642 2966 εἰς
3671 2903 3767 2972 τὴν

2190 2992 2442 3064 θεωρίαν,
2471 2992 2674 3064 ἔγραψε
2710 2994 2859 3064 παρὰ
2903 2994 3133 3064 στίχους,
3187 2994 3277 3047 καὶ
3314 2995 3412 3048 οὐκ
3450 2993 3676 3059 ἔστιξεν.
3711 2995 3766 3047 ’0

2137 3126 2150 3144 ,
2189 3085 2244 3138 δὲ
2265 3086 2486 3154 ἀδελφὸς
2506 3086 2686 3139 λαϐὼν
2706 3087 2800 3140 καὶ
2825 3087 2990 3140 θέλων
3015 3087 3210 3151 στίξαι,
3235 3081 3357 3156 εὗρε
3379 3085 3530 3156 παρὰ
3549 3084 3763 3154 λόγους.

2188 3175 2291 3230 Kal
2313 3177 2459 3244 λέγει
2486 3177 2563 3247 τῷ
2584 3177 2832 3248 γέροντι·
2857 3178 3013 3248 Παρὰ
3038 3177 3247 3248 στίχους
3270 3179 3380 3243 (65)
3407 3177 3572 3239 ἐστὶν,
3601 3176 3764 3231 ἀϐϐᾶ.

2186 3268 2347 3336 Λέγει
2390 3267 2538 3338 αὐτῷ
2567 3271 2614 3332 ,ὁ
2662 3269 2871 3339 γέρων·
2908 3268 3144 3335 Ὕπαγε,
3179 3269 3392 3339 πρῶτον
3431 3268 3654 3337 ποίησον
3700 3268 3770 3320 τά

2186 3361 2567 3430 γεγραμμένα,
2595 3361 2689 3415 καὶ
2720 3362 2841 3414 τότε
2866 3360 2999 3432 ἔρχῃ
3029 3362 3124 3415 καὶ
3166 3361 3360 3432 γράφω
3403 3378 3483 3415 σοι
3531 3361 3628 3414 καὶ⁵
3671 3360 3768 3432 τὴν

2187 3453 2436 3508 λοιπάδα.

2649 3568 2785 3635 Περὶ
2817 3567 2923 3621 τοῦ
2951 3565 3100 3620 ἁϐϐᾶ
3131 3568 3290 3633 Ἄρη.

2256 3658 2539 3729 Παρέϐσιλε
2576 3659 2605 3711 6
2649 3658 2823 3720 ἀϐϐἄς
2864 3656 3112 3727 Ἀϐραάμ
3156 3656 3232 3726 τῷ
3269 3655 3410 3725 ἀϐϐᾷ
3449 3656 3628 3725 Ἀρῃ·
3673 3651 3771 3707 καὶ

2183 3751 2507 3822 καθημένων
2545 3751 2741 3812 αὐτῶν,
2774 3746 2934 3820 ἦλθεν
2968 3748 3193 3817 ἀδελφὸς
3233 3747 3364 3818 πρὸς
3393 3746 3484 3802 τὸν
3512 3747 3766 3819 γέροντα,

2185 3843 2280 3895 καὶ
2329 3842 2476 3910 λέγει
2522 3841 2702 3914 αὐτῷ·
2739 3841 2874 3896 Εἰπέ
2912 3859 3001 3912 μοι
3034 3840 3087 3894 τί
3119 3842 3328 3910 ποιήσω
3360 3841 3443 3893 ἵνα
3476 3839 3656 3894 σωθῶ.
3709 3840 3769 3894 '0

2183 3939 2240 3992 δὲ
2269 3937 2416 4006 λέγει
2447 3937 2617 4005 αὐτῷ·
2645 3937 2884 4003 ’Υπαγε,
2919 3934 3144 4003 ποίησον
3172 3934 3262 3986 τὸν
3291 3933 3535 3986 ἐνιαυτὸν
3556 3933 3768 3995 τοῦτον,

2183 4031 2304 4082 κατ’
2328 4029 2425 4098 ὀψὲ
2469 4029 2663 4082 ἐσθίων
2705 4028 2864 4099 ἄρτον
2905 4027 2998 4079 καὶ
3043 4026 3209 4088 ἃλας,
3250 4025 3345 4078 καὶ
3385 4024 3542 4096 δεῦρο
3581 4024 3768 4086 πάλιν,

2184 4124 2280 4175 καὶ
2311 4120 2458 4175 λαλῶ
2487 4138 2590 4176 σοι.
2625 4121 2734 4174 Kal
2757 4118 3005 4174 ἀπελθὼν
3035 4119 3287 4188 ἐποίησεν
3310 4117 3501 4180 οὕτως.
3538 4117 3769 4188 Πληρω-

2185 4215 2368 4278 θέντος
2400 4213 2456 4266 δὲ
2494 4212 2583 4266 τοῦ
2621 4212 2890 4271 ἐνιαυτοῦ,
2918 4207 3049 4283 ἦλθε
3093 4210 3253 4263 πάλιν
3297 4212 3325 4264 6
3367 4209 3592 4278 ἁδελφὸς
3634 4209 3770 4279 πρὸς

2184 4305 2274 4357 τὸν
2316 4303 2490 4358 ἀϐϐἄν
2516 4305 2708 4374 νΛρην.
2762 4301 3073 4373 Εὑκαίρησε
3110 4301 3167 4354 δὲ
3197 4300 3318 4353 τότε
3358 4300 3451 4352 καὶ
3483 4300 3574 4352 6"
3593 4299 3770 4361 άϐϐᾶς

2197 4395 2447 4466 Ἀϐραὰμ
2479 4396 2614 4449 ἐκεῖ.
2645 4393 2753 4447 Καὶ
2786 4387 2906 4444 εἷπε
2941 4391 3101 4444 πάλιν
3139 4393 3168 4444 6
3210 4390 3386 4462 γέρων
3415 4389 3492 4460 τῷ
3517 4389 3767 4459 ἀδελφῷ·

502 4472 636 4512 cans
673 4462 839 4514 semel
870 4476 964 4530 per
985 4462 1228 4533 singulos
1255 4463 1394 4520 duos
1420 4466 1557 4522 dies.
1589 4470 1834 4542 Cumque
1862 4476 2082 4532 abiisset

2193 4486 2427 4552 Ὕπαγε,
2453 4485 2746 4555 νήστευσον
2773 4482 2866 4535 καὶ
2903 4480 3090 4535 τοῦτον
3135 4481 3220 4534 τὸν
3254 4481 3494 4535 ἐνιαυτὸν
3527 4480 3622 4534 δύο
3650 4481 3766 4535 δύο.

502 4548 691 4611 frater.
724 4553 795 4605 ita
822 4554 1163 4624 compellavit
1202 4556 1453 4612 abbatem
1503 4560 1662 4616 Arem
1705 4565 1873 4620 abbas
1907 4567 2080 4624 Abra-

498 4642 624 4697 ham
655 4663 668 4698 :
701 4644 811 4699 Cur
842 4645 1100 4704 fratribus
1150 4651 1366 4705 cunctis
1405 4667 1468 4705 ex
1505 4653 1636 4725 jugo
1681 4657 1782 4712 levi
1817 4662 2076 4730 loqueris.

502 4735 630 4792 huic
667 4753 796 4792 vero
840 4738 993 4794 fratri
1035 4743 1215 4811 gravia
1257 4744 1493 4812 imponis
1537 4750 1742 4802 onera?
1781 4751 2081 4821 Respondit

501 4843 705 4882 senex:
743 4827 960 4886 Fratres
999 4831 1139 4885 sicut
1175 4834 1397 4889 veniunt
1435 4835 1775 4907 inquisitum,
1812 4843 1883 4895 ita
1916 4854 1968 4899 et
1995 4861 2079 4900 re-

501 4920 701 4974 cedunt
731 4940 745 4974 :
784 4922 870 4975 hic
905 4939 1032 4978 vero
1061 4934 1280 4995 propter
1312 4929 1483 4985 Deum
1527 4932 1756 4999 accedit,
1796 4943 1854 4988 ut
1893 4937 2079 4992 audiat

595 5073 640 5105 I1

595 5073 640 5105 ⁸⁷
676 5073 758 5126 Al.
793 5073 867 5144 μὴ
894 5073 944 5129 λ.
971 5076 1050 5128 ὅτι
1081 5077 1215 5131 ἐστί.
1308 5081 1354 5112 ⁸⁸
1382 5081 1466 5136 Al.
1497 5082 1510 5135 i

500 5142 691 5196 πολλά.
791 5143 838 5175 ⁹¹
863 5145 946 5198 Al.
981 5147 1257 5219 εὑρέθηδὲ
1280 5152 1442 5206 πάλιν
1466 5155 1515 5206 6.

571 5258 682 5334 (fil)
713 5258 952 5334 {nann‘es
979 5262 1286 5334 Geometra,
1320 5267 1524 5324 Parad.
1549 5271 1602 5326 8.

572 5329 686 5401 ((52)
725 5329 829 5385 Vit.
867 5331 1021 5387 Patr.
1059 5353 1170 5400 xw,
1195 5338 1250 5391 2.

716 5399 1177 5486 (Iapdgdzovc,
1210 5410 1370 5486 παρὰ
1385 5411 1625 5480 λόγους.
1658 5411 1771 5466 Hoc
1799 5423 1904 5479 est,
1937 5432 2077 5486 pra:-

501 5473 773 5549 termissis
809 5473 1137 5549 quibusdam
1172 5473 1424 5549 versibus
1452 5473 1515 5534 at:
1543 5473 1847 5539 sententiis.
1893 5473 2075 5544 sensu

502 5538 932 5626 idnpostulatite;
959 5562 1022 5599 ac
1047 5547 1204 5626 jugta
1225 5547 1449 5626 Joannis
1473 5551 1774 5626 Geometrae
1811 5538 2072 5612 versum:

530 5611 691 5694 ξργα
705 5613 899 5682 σοφὸς
907 5611 1193 5694 ηοξ-ἁχρν
1208 5621 1315 5694 γρίὶ
1326 5624 1462 5694 ερας,
1479 5621 1770 5694 ἐλάχιστα
1785 5611 2072 5694 παρῆλθε.

624 5676 815 5768 supra,
858 5676 924 5753 p.’
946 5687 1018 5768 ἓξ
1051 5676 1361 5768 εἶῌερῗτοξ
1394 5676 1776 5768 φονειξοντοςῌῆ

499 5749 592 5814 λος
623 5749 903 5817 ποιοῦντος
948 5755 1041 5810 τὸν
1093 5749 1222 5811 ἴδιόν
1249 5749 1484 5833 οίκέτὴν.
1523 5749 2073 5836 ΑρυάἘρἰρίιίιηίἷιιη

2187 4579 2296 4631 Kal
2341 4577 2418 4640 ὡς
2459 4576 2696 4646 ἀπῆλθεν
2727 4576 2756 4627 6
2789 4575 3033 4644 ἀδελφὸς,
3077 4574 3224 4644 λέγει
3253 4578 3282 4628 6
3309 4575 3480 4638 ἀϐϐᾶς
3515 4574 3772 4647 Ἀϐραὰμ

2185 4664 2263 4734 τῷ
2289 4664 2430 4735 ἀϐϐᾷ
2467 4665 2639 4738 Ἄρῃ·
2675 4664 2825 4718 Διατί
2865 4664 3004 4729 ὅλοις
3049 4667 3157 4728 τοῖς
3209 4665 3455 4735 ἀδελφοῖς
3499 4665 3639 4734 μετά
3671 4666 3768 4730 Cu-

2183 4758 2280 4826 γοῦ
2311 4757 2546 4828 ἐλαφροῦ
2581 4755 2778 4820 λαλεῖς,
2803 4755 2879 4826 τῷ
2907 4757 2965 4809 δὲ
2995 4755 3206 4826 ἀδελφῷ
3239 4756 3412 4827 τούτῳ
3443 4756 3641 4824 φορτία
3669 4756 3771 4825 ﬁa-

2185 4848 2282 4918 ρέα
2328 4849 2625 4914 ὲπιτιθείς;
2684 4849 2846 4917 Λέγει
2899 4849 3046 4920 αὐτῷ
3093 4850 3121 4902 6
3173 4831 3378 4920 γέρων·
3433 4851 3496 4902 Oi
3548 4848 3774 4917 ἀδελφοὶ

2182 4939 2364 5003 καθὼς
2407 4940 2654 5010 ἔρχονται
2706 4940 3014 5012 ζητοῦντες,
3063 4939 3234 5002 οὕτως
3283 4940 3377 4992 καὶ
3433 4939 3772 5010 ὕπάγουσιν’

971 5076 1050 5161 ὅτι
1081 5077 1246 5161 ἔστί...
1308 5081 1664 5161 'f_Al._inser.
1699 5087 1756 5139 ὲν
1781 5087 1908 5159 ὁδῷ,
1943 5091 2056 5144 καί.

2193 5100 2195 5117 ’
2232 5096 2318 5148 Al.
2358 5095 2482 5150 add.
2519 5093 2616 5149 οὖν
2650 5095 2710 5148 τὸ
2735 5096 2926 5161 πάθος.
3001 5097 3152 5152 "Al.
3183 5099 3320 5154 ίσου.
3394 5100 3441 5133 ’ί
3473 5100 3558 5154 Al.
3593 5103 3766 5157 inscr.

2189 5277 2382 5333 haeresi
2423 5277 2512 5350 58,
2536 5277 2696 5350 ηρ,
2715 5279 2872 5350 Παρά
2897 5277 2953 5350 ἓν
2979 5279 3137 5349 μέλος
3166 5279 3430 5347 γίνεσθαι.
3461 5277 3576 5332 Uno
3602 5296 3773 5332 mem-

2189 5350 2282 5402 bro
2306 5347 2562 5421 mutilari.
2587 5347 2863 5421 Palladius
2907 5347 3182 5404 Lamiam:
3209 5366 3326 5419 cap.
3356 5351 3445 5413 26,
3479 5351 3636 5420 ῐῐαρά
3663 5353 3776 5421 τὴν

2189 5421 2290 5489 σήν
2319 5436 2409 5488 μοι
2438 5418 2764 5471 ἀνάπαυσιν.
2795 5419 2990 5489 Rerum
3029 5431 3172 5473 tuam
3210 5418 3581 5475 curationem.‘
3613 5418 3776 5475 Absit

2187 5488 2603 5561 aeremoreatur
2633 5505 2664 5540 a
2701 5505 2798 5542 nte.
2842 5488 2934 5543 Vel
2974 5490 3270 5561 Paschasio
3312 5496 3634 5561 interprete.
3658 5489 3776 5544 Re-

2187 5559 2532 5630 frigeralione
2558 5567 2650 5611 tua
2679 5575 2780 5612 non
2810 5577 2949 5630 eqeo.
2980 5559 3113 5615 Nam
3142 5562 3286 5630 quod
3334 5559 3529 5630 legitur
3575 5562 3632 5616 in
3665 5561 3778 5615 Bi-

2189 5627 2444 5710 bliotheca
2470 5627 2716 5710 Patrum,
2738 5627 2887 5710 παρά
2909 5632 3007 5703 τὴν
3024 5627 3172 5710 ἐμὴν
3192 5627 3412 5704 πρώτην
3431 5633 3774 5710 ἀνάφυσιν.

2187 5699 2554 5774 tnutatio‘est,
2599 5715 2722 5774 qua:
2757 5699 2831 5774 «τι
2863 5699 3206 5772 ignoratione
3237 5699 3451 5758 sensus
3480 5704 3779 5774 particulae

2187 5770 2337 5837 παρά
2367 5767 2630 5839 originem
2660 5768 2826 5824 ducit.
