3878 6298
113 300 314 388 ιι133

1319 293 1933 352 APOPHTHEGMATA
1971 295 2284 354 PATRUM.

3363 297 3468 358 l3!

131 409 138 416 ’
183 407 346 474 οὗτος
375 409 436 464 δὲ
469 408 564 464 διὰ
595 407 692 462 τὸν
713 409 850 464 Θεὸν
875 409 1095 482 ἔρχεται
1123 409 1352 464 ἀκοῦσαι
1380 411 1556 480 λόγον.
1590 411 1786 483 Ἐργά-

1910 427 2214 470 sermonem.
2240 413 2424 472 Bonus
2441 415 2590 471 enim
2607 423 2694 472 est
2713 415 2994 486 operarius
3012 432 3028 483 _:
3053 414 3314 487 quidquid
3340 429 3470 472 eum

187 520 286 574 της
309 503 422 572 γάρ
449 501 628 554 ἐστιν·
649 501 760 572 οιαὶ
783 501 838 554 ετ
859 519 912 554 τι
930 501 974 554 δ’
1001 501 1068 554 ἂν
1095 499 1238 554 εἴπω
1266 501 1434 572 αὐτῷ,
1465 501 1602 574 μετὰ
1627 519 1790 555 σπου-

185 591 282 660 δῆς
313 594 493 644 ποιεῖ·
531 589 620 643 διὰ
645 591 806 644 τοῦτο
837 591 996 659 κάγὼ
1031 590 1177 644 λαλῶ
1203 592 1350 663 αὐτῷ
1379 593 1472 646 τὸν
1501 593 1658 662 λόγον
1693 593 1788 646 τοῦ

189 683 344 736 Θεοῦ.

591 796 733 864 Περὶ
763 795 872 850 τοῦ
903 796 1054 852 ἀδεᾶ
1091 797 1398 853 Ἀλωνίου.

259 903 330 960 α’.
371 901 548 959 Εἶπεν
585 908 616 960 ὁ
664 907 842 970 esse;
883 907 1134 974 ’Δλὼνιος
1166 909 1242 940 ⁵³·
1268 909 1396 964 Ἐὰν
1449 909 1523 982 μὴ
1570 911 1697 984 εἴπῃ
1733 911 1792 966 ἐν

181 1003 258 1070 τῇ
309 1000 516 1070 καρδίᾳ
556 999 722 1054 αὑτοῦ
764 999 1070 1071 ἄνθρωπος,
1114 1004 1195 1055 ὅτι
1233 1002 1372 1072 Ἐγὼ
1415 1007 1574 1074 μόνος
1628 1005 1720 1057 καὶ
1763 1005 1792 1057 ὁ

191 1093 324 1154 Θεὸς
352 1095 524 1162 ἐσμὲν
553 1096 610 1146 ἐν
637 1092 716 1163 τῷ
745 1095 960 1165 κόσμῳ,
985 1095 1084 1166 οὐχ
1111 1095 1220 1160 ’ἐξει
1253 1095 1578 1153 ἀνάπαυσιν.

261 1185 324 1256 β’.
377 1181 518 1237 Eine
567 1185 764 1238 *ιττΞιλιν⁸
797 1187 859 1240 Εἰ
907 1189 984 1259 μὴ
1030 1189 1092 1242 τὸ
1139 1189 1260 1242 ὅλον
1293 1189 1657 1262 κατέστρεψα,
1690 1189 1792 1243 οὐκ

191 1273 258 1328 ἃν
287 1273 570 1344 ἠδυνήθην
607 1274 844 1344 ἐμαυτὸν
875 1277 1251 1349 οἰκοδομῆσαι.

261 1364 332 1436 γ’.
361 1362 504 1419 Eius
531 1366 716 1430 πάλιν,
746 1369 828 1421 ὃτι
855 1369 950 1422 ἐὰν
977 1369 1108 1444 Θέλῃ
1131 1373 1158 1424 ὁ
1187 1369 1491 1443 ἄνθρωπος,
1518 1371 1626 1427 ἀπὸ
1650 1371 1794 1444 πρωῒ

191 1459 298 1522 ἕως
323 1459 594 1528 ἑσπέρας,
619 1459 828 1528 γίνεται
861 1463 941 1524 είς
972 1463 1173 1534 μέτρον
1203 1462 1364 1518 Θείον.

261 1551 324 1604 δ’.
373 1551 666 1623 ’Πρώτησὲ
717 1570 848 1608 ποτε
892 1555 921 1606 ό
969 1555 1142 1620 esse;
1189 1556 1433 1625 Ἀγάθων
1482 1559 1574 1612 τὸν
1620 1559 1792 1614 ἀϐὁᾶν

209 1643 492 1707 ’Δλιὶινιον,
537 1644 744 1712 λέγων·
785 1645 908 1710 Πῶς
960 1646 1099 1701 Θέλω
1149 1652 1369 1718 κρατεῖν
1417 1650 1516 1721 τῆς
1545 1651 1792 1722 γλώσσης

1889 518 2174 570 monuero,
2203 507 2518 575 exsequitur
2545 507 2810 562 studiose.
2857 505 3148 578 Propterea
3189 521 3291 578 ego
3327 523 3466 580 quo-

1889 605 1997 662 que
2023 590 2244 659 profero
2271 595 2376 664 ipsi
2405 609 2711 650 sermonem
2739 595 2854 652 Dei.

2411 795 2489 850 De
2523 797 2712 852 abbate
2743 797 2950 851 Alenio.

1969 927 2016 960 ι.
2045 905 2158 976 (65)
2185 906 2324 960 Dixit
2351 908 2518 964 abbas
2545 911 2767 964 Alonins
2795 930 2808 966 :
2841 911 2955 968 Nisi
2991 915 3152 967 homo
3181 913 3379 968 dixerit
3411 912 3468 968 in

1891 995 2056 1050 corde
2103 1012 2202 1052 suo
2243 1016 2255 1052 :
2306 997 2418 1066 Ego
2461 1000 2611 1056 solus
2649 1011 2700 1054 et
2739 999 2878 1056 Deus
2913 1017 3102 1057 sumus
3145 1003 3200 1057 in
3241 1005 3466 1069 mundo,

1892 1089 2134 1158 requiem
2171 1105 2276 1143 non
2308 1091 2590 1146 obtinebit.

1959 1181 2014 1232 2.
2051 1180 2192 1235 Dixit
2244 1183 2482 1237 iterum:
2524 1181 2638 1239 Nisi
2683 1192 2855 1238 totum
2896 1185 3312 1254 destruxissem,
3359 1203 3469 1244 non

1891 1269 2190 1340 potuissem
2222 1272 2485 1340 meipsnm
2525 1273 2794 1327 aediﬁcare
2821 1283 2984 1344 atque
3013 1285 3349 1332 construere.

1961 1363 2016 1416 3.
2052 1361 2163 1432 (66)
2193 1361 2387 1418 lterum
2419 1381 2433 1418 :
2465 1362 2635 1418 llomo
2663 1367 2706 1419 si
2737 1367 2986 1434 voluerit,
3023 1383 3052 1421 a
3083 1384 3240 1424 mane
3267 1368 3334 1422 ad
3377 1383 3473 1425 ve-

1893 1468 2128 1523 speram,
2164 1454 2230 1508 ad
2259 1471 2566 1511 mensuram
2597 1457 2834 1510 divinam
2868 1459 3163 1528 perveniet.

1962 1546 2015 1600 4.
2039 1547 2148 1618 (67)
2173 1545 2528 1618 interrogavit
2557 1549 2848 1618 aliquando
2875 1551 3041 1606 abbas
3067 1553 3277 1622 Agatho
3313 1553 3472 1608 abba-

1893 1644 2000 1690 tem
2028 1637 2304 1700 Alonium,
2338 1637 2526 1692 dicens
2554 1657 2566 1692 :
2601 1637 2719 1704 Quo
2751 1641 2911 1694 modo
2945 1649 3129 1710 potero
3163 1653 3345 1697 tenere
3368 1644 3472 1696 lin-

197 1751 320 1802 μου,
353 1734 446 1786 ἵνα.
482 1733 561 1804 μὴ
603 1733 736 1806 λαλῇ
765 1735 970 1806 eausa;
1017 1738 1126 1791 Kai.
1172 1739 1318 1807 λέγει
1363 1739 1512 1810 αὐτῷ
1553 1744 1580 1794 ὁ
1623 1741 1789 1805 ἁϐϐᾶς

1910 1741 2054 1796 ςυιιιιὶ
2083 1743 2277 1793 meam,
2305 1738 2358 1782 ut
2386 1746 2492 1784 non
2525 1731 2776 1801 loquatur
2806 1733 3126 1787 mendacia?
3167 1732 3230 1787 Et
3273 1735 3348 1788 ait
3393 1735 3469 1790 illi

207 1824 496 1888 ’Δλὼνιος-
527 1825 654 1878 Ἐὰν
680 1827 756 1896 μὴ
786 1825 958 1900 ψεύδῃ
979 1826 1112 1898 (64),
1143 1829 1344 1894 πολλὰς
1372 1831 1645 1902 ἁμαρτίας
1677 1833 1798 1902 μέλ-

189 1915 302 1980 λεις
337 1919 542 1968 ποιεῖν.
585 1918 643 1970 '0
669 1918 726 1970 δὲ
753 1913 904 1970 εἴπεο
937 1917 1096 1984 Πῶς;
1133 1921 1242 1974 Ka‘t
1273 1921 1419 1989 λέγει
1460 1921 1607 1992 αὑτῷ
1639 1925 1668 1976 ὁ
1701 1925 1796 1992 γέ-

193 2026 304 2081 ρων
325 2025 340 2039 ·
383 2009 522 2062 Ἰδοὺ
551 2009 644 2062 δύο
665 2010 941 2082 ἄνθρωποι
967 2011 1058 2064 ἐπὶ
1087 2012 1178 2064 σοῦ
1209 2015 1369 2082 φόνον
1397 2015 1679 2086 ἐποίησαν,
1704 2015 1796 2068 καὶ

191 2103 222 2154 ὁ
247 2096 330 2164 εἷς
375 2100 584 2169 ἔφυγεν
627 2103 708 2164 είς
757 2101 818 2156 τὸ
864 2101 1072 2157 κελλίον
1111 2121 1204 2157 σου
1227 2119 1240 2132 ·
1273 2105 1366 2159 καὶ
1410 2106 1518 2160 ἰδοὺ
1557 2109 1586 2159 ό
1615 2105 1796 2178 ἄρχων

193 2189 346 2260 ζητεῖ
387 2191 577 2254 αὑτὸν,
617 2191 714 2245 καὶ
751 2193 932 2264 ἐρωτᾷ
981 2210 1039 2246 σε
1093 2195 1297 2263 λέγων·
1327 2197 1451 2250 Ἐπὶ
1499 2197 1591 2250 σοῦ
1639 2198 1796 2267 φόνος

193 2283 455 2350 γέγονενς
489 2281 584 2335 ἐὰν
628 2283 702 2352 μὴ
738 2281 937 2356 ψεύσῃ,
975 2285 1285 2355 παραδιδείς
1313 2286 1359 2319 ’⁸
1381 2286 1473 2340 τὸν
1514 2287 1794 2359 ἄνθρωπον

193 2373 272 2436 εἰς
307 2373 564 2428 θάνατον.
617 2375 837 2428 Μᾶλλον
884 2375 1021 2446 ἄφες
1065 2377 1226 2431 αὐτὸν
1259 2377 1487 2433 ἐνώπιον
1519 2379 1613 2434 τοῦ
1657 2379 1793 2434 Θεοῦ

193 2467 368 2537 χωρὶς
399 2465 652 2537 δεσμῶν·
684 2467 846 2532 αὐτὸς
876 2467 984 2540 γὰρ
1007 2464 1114 2522 οἶδε
1145 2467 1215 2522 τὰ
1243 2469 1442 2527 πάντα,
1485 2483 1498 2496 .

651 2669 792 2739 Περὶ
825 2671 931 2724 τοῦ
965 2669 1118 2725 ἀϐϐᾶ
1141 2670 1350 2739 Ἀστρύ.

1897 1817 2066 1870 abbas
2097 1817 2322 1872 Alonius
2351 1837 2363 1872 :
2403 1819 2512 1874 Nisi
2546 1822 2804 1877 mentitus
2829 1823 3020 1886 fueris,
3049 1825 3217 1877 multa
3247 1837 3469 1894 peccata

1897 1909 2294 1964 commissurus
2321 1927 2400 1967 es.
2433 1912 2558 1968 Ille:
2583 1913 2700 1979 Quo
2724 1915 2919 1984 pacto?
2945 1913 3242 1986 Respondit
3263 1933 3424 1972 senex
3453 1937 3468 1972 :

1895 1998 2034 2054 Ecce
2063 2001 2170 2056 duo
2203 2003 2302 2056 viri
2343 2008 2536 2058 coram'
2573 2015 2627 2060 te
2675 2005 3023 2061 homicidium
3069 2016 3468 2078 perpetrarunt,

1895 2093 2138 2161 alterque
2162 2108 2348 2148 eorum
2382 2095 2593 2166 aufugit
2636 2097 2689 2151 in
2731 2099 2917 2152 cellam
2953 2107 3097 2152 tuam
3125 2117 3140 2164 ;
3170 2101 3322 2156 adest
3353 2117 3472 2156 ma-

1893 2185 2176 2253 gistratus,
2211 2189 2404 2256 quzerit
2436 2205 2581 2252 eum,
2607 2205 2668 2244 ac
2703 2197 2754 2246 te
2783 2191 3078 2262 interrogat
3125 2192 3211 2248 his
3252 2193 3468 2248 verbis:

1893 2274 2032 2329 Num
2065 2276 2118 2330 in
2149 2287 2442 2348 conspectu
2475 2288 2570 2334 tuo
2599 2283 2774 2336 caedes
2802 2285 3068 2354 contigit?
3099 2283 3208 2340 Nisi
3239 2285 3471 2339 mentia-

1892 2370 1992 2430 ris,
2019 2369 2290 2424 hominem
2325 2372 2494 2428 tradis
2537 2371 2604 2426 ad
2643 2385 2890 2429 mortem.
2941 2374 3166 2430 Pra:stat
3213 2385 3271 2430 ut
3315 2377 3469 2432 illum

1893 2461 2134 2516 dimittas
2170 2477 2353 2516 coram
2389 2463 2518 2524 Deo.
2551 2465 2756 2536 absque
2785 2467 3038 2523 vinculis.
3085 2467 3294 2523 Cuncta
3323 2470 3468 2525 enim

1893 2549 2038 2607 Deus
2066 2553 2237 2606 novit.

2417 2667 2489 2721 De
2525 2667 2714 2721 abbate
2747 2668 2954 2740 Apphy.

259 2783 610 2854 Διηγήσαντο
654 2783 782 2854 περ)¹
829 2783 1128 2836 ἐπισκόπου
1170 2784 1268 2854 τῆς
1303 2782 1630 2854 Ὀξυρύγχου
1678 2783 1789 2838 ὀνό-

1963 2777 2076 2850 (68)
2107 2777 2476 2834 Narraverunt
2506 2779 2572 2834 de
2607 2782 2862 2852 episcopo
2895 2781 3227 2854 Oxyrynchi,
3249 2784 3341 2855 qui
3369 2801 3470 2842 vo-

193 2893 328 2946 ματι
359 2875 513 2929 ἀὸὅᾶ
545 2877 725 2944 Ἀπφύ
744 2892 759 2907 ⁶
791 2876 874 2928 ὅτι
901 2877 989 2929 ὅτε
1021 2871 1090 2947 ἦν
1118 2875 1368 2947 μοναχὸς,
1403 2876 1600 2942 πολλὰς
1629 2875 1789 2949 σκλη-

1910 2870 2117 2924 :ahatur
2143 2871 2313 2927 abbas
2339 2871 2550 2943 Apphy,
2583 2874 2726 2943 quod
2754 2875 2972 2942 quando
3005 2883 3121 2930 erat
3146 2875 3470 2941 monachus,

195 2964 484 3034 ραγωγίας
523 2963 696 3016 ὲποίει
716 2980 730 2994 ο
758 2965 850 3016 ὅτε
886 2963 942 3017 δὲ
969 2964 1186 3032 ἐγένετο
1223 2965 1536 3030 ἐπίσκοπος,
1562 2967 1789 3038 ἠθέλησε

1910 2962 2098 3016 luriori
2154 2965 2264 3018 vita
2313 2964 2604 3033 plurimum
2659 2967 2970 3022 macerabat
3023 2983 3115 3034 se;
3167 2983 3292 3023 cum
3341 2985 3472 3024 vero

191 3053 512 3126 χρήσασθαι
539 3057 606 3125 τῇ
633 3056 772 3126 αὐτῇ
805 3055 1198 3128 σκληραγωγίᾳ
1233 3059 1328 3110 καὶ
1378 3060 1435 3112 ὲν
1465 3059 1543 3130 τῷ
1581 3059 1788 3130 κόσμῳ,

1910 3055 2183 3124 episcopus
2219 3055 2395 3111 factus
2431 3065 2534 3118 est,
2561 3057 2730 3110 voluit
2761 3057 2923 3112 etiam
2973 3059 3026 3114 in
3069 3061 3290 3122 saeculo,
3327 3061 3468 3117 idem

191 3143 288 3196 καὶ
319 3144 427 3196 οὐκ
459 3143 672 3213 ἴσχυσε.
709 3145 818 3198 Καὶ
847 3145 1036 3217 ἔρριψε
1061 3147 1249 3199 ἑαυτὸν
1283 3147 1510 3202 ἐνώπιον
1539 3147 1631 3202 τοῦ
1659 3149 1789 3204 Θεοῦ

1910 3146 2112 3198 vivendi
2145 3161 2314 3215 genus
2353 3148 2572 3210 sectari,
2605 3163 2705 3202 nec
2733 3149 2916 3203 valuit.
2955 3149 3138 3220 Itaque
3180 3154 3472 3221 prostravit

197 3233 414 3303 λέγων·
437 3235 534 3305 Μὴ
573 3231 683 3306 ἆρα
725 3235 814 3289 διὰ
858 3238 956 3308 τὴν
995 3237 1298 3310 ἐπισκοπὴν
1341 3239 1579 3311 ἁτῆγλθεν
1611 3243 1644 3310 ἠ
1693 3241 1789 3311 χά-

1910 3249 1956 3288 se
1983 3249 2166 3288 coram
2202 3233 2332 3296 Deo,
2363 3234 2553 3290 dicens
2578 3253 2592 3288 :
2617 3235 2756 3290 Num
2791 3238 2861 3292 ob
2893 3239 3264 3308 episcopatum
3295 3241 3472 3312 gratia

199 3343 289 3398 ρις
319 3327 366 3359 ³⁵
397 3326 498 3380 ἀπ’
543 3325 715 3396 ὲμοῦ;
759 3327 869 3380 Καὶ
915 3329 1272 3398 ἀπεκαλύφθη
1323 3330 1489 3401 αὐτῷ,
1525 3331 1605 3384 ὅτι
1629 3331 1789 3402 Οὐχί·

1910 3327 2122 3380 recessit
2144 3342 2174 3380 a
2203 3327 2317 3379 me?
2339 3324 2401 3379 Et
2439 3326 2494 3380 in
2521 3327 2850 3382 revelatione
2873 3327 3078 3382 dictum
3107 3339 3190 3384 est
3225 3330 3272 3385 ei
3305 3347 3320 3386 :
3351 3328 3470 3385 Non

195 3416 334 3470 ἀλλὰ
361 3416 486 3468 τότε
513 3415 717 3486 ἕρημος
739 3411 828 3485 ἦν,
859 3415 954 3470 καὶ
985 3417 1057 3487 μὴ
1092 3415 1246 3480 ὄντος
1273 3415 1580 3487 ἀνθρώπου,
1605 3419 1634 3468 ό
1664 3417 1789 3481 Θεὸς

1910 3417 2160 3482 recessit;
2211 3417 2304 3471 sed
2345 3424 2474 3472 tunc
2513 3419 2750 3474 solitudo
2792 3429 2930 3484 erat,
2981 3435 3215 3491 cumque
3255 3419 3473 3478 deesset

193 3508 670 3578 ἀντελαμϐάνετο⁸
707 3507 804 3561 νῦν
835 3509 893 3562 δὲ
932 3509 1136 3580 κόσμος
1169 3510 1309 3575 ἐστὶ,
1357 3509 1453 3563 καὶ
1496 3509 1546 3562 oi
1589 3508 1789 3584 ἄνθρωα

1910 3521 2079 3572 riomo,
2113 3505 2254 3562 Deus
2283 3507 2486 3562 ferebat
2517 3523 2706 3578 opem;
2746 3525 2892 3564 nunc
2921 3525 3050 3566 vero
3091 3512 3328 3568 mundus
3375 3512 3472 3569 ad-

191 3617 288 3654 ποι
315 3599 814 3670 ἀντιλαμϐάνονται
847 3615 962 3654 σου.

1910 3607 2000 3662 ast,
2031 3605 2084 3653 et
2109 3597 2356 3653 homines
2383 3597 2718 3668 opitulantur
2743 3597 2861 3652 tibi.

601 3713 740 3781 Περὶ
770 3713 878 3767 τοῦ
921 3711 1072 3768 (166ιὶ
1109 3710 1398 3768 Ἀπολλὼ.

2410 3708 2488 3763 De
2521 3709 2709 3762 abbate
2747 3707 2956 3776 Apollo.

265 3837 336 3884 α’.
361 3825 476 3882 Ἦν
499 3847 585 3892 τις
609 3828 787 3901 γέρων
813 3831 892 3892 είς
919 3828 988 3881 τὰ
1011 3826 1213 3880 Κελλῐα
1236 3827 1458 3897 ὀνόματι
1491 3823 1789 3890 Ἀπολλώς·

1966 3823 2017 3876 1.
2053 3822 2164 3894 (69)
2197 3821 2326 3876 Erat
2349 3837 2514 3877 senex
2543 3821 2594 3874 in
2624 3819 2808 3884 Cellis,
2838 3818 3057 3874 nomine
3088 3818 3312 3890 Apollo;
3343 3825 3396 3875 et
3420 3819 3470 3875 si

191 3921 288 3976 καὶ
317 3924 370 3974 εί
401 3920 604 3992 ἧρχετό
648 3937 734 3983 τις
777 3921 940 3972 αἰτῶν
971 3918 1130 3974 αὐτὸν
1167 3920 1246 3981 εἰς
1275 3917 1579 3988 οἱονδήποτε
1612 3917 1789 3988 ἔργον,

1910 3915 2018 3984 luis
2051 3915 2276 3976 veniret,
2299 3927 2361 3965 ac
2391 3919 2593 3982 peteret
2612 3925 2732 3964 eum
2764 3909 2830 3964 ad
2861 3909 3140 3980 quodlibet
3165 3925 3321 3980 opus,
3342 3925 3468 3966 cum

195 4011 338 4082 μετὰ
379 4011 562 4080 χαρᾶς
599 4010 787 4080 ἀπῄει,
826 4008 1032 4076 λέγων·
1079 4007 1234 4060 Μετὰ
1275 4006 1368 4060 τοῦ
1409 4007 1644 4077 Χριστοῦ
1687 4007 1789 4078 ἔχω

1913 4007 2076 4060 tetitia
2118 4001 2585 4074 proﬁciscebatur,
2613 4001 2800 4054 dicens
2829 4018 2841 4053 :
2876 3999 3012 4054 Cum
3059 4000 3278 4054 Christo
3310 4001 3473 4057 hodie

195 4105 444 4174 σήμερον
471 4101 810 4171 ἐργάσασθαι
839 4101 978 4171 ὑπὲρ
1005 4099 1104 4170 τῆς
1127 4099 1305 4170 ψυχῆς
1337 4117 1436 4170 μου
1455 4117 1468 4130 ·
1505 4091 1660 4164 οὗτος
1686 4099 1789 4172 γάρ

1910 4106 2146 4166 iperalus
2175 4111 2293 4150 sum
2319 4109 2418 4165 pro
2450 4093 2628 4147 anima
2663 4107 2800 4147 mea.
2833 4090 2957 4147 Haec
2989 4093 3132 4147 enim
3161 4101 3244 4148 est
3275 4095 3472 4150 auium

193 4197 346 4248 tet-rw
373 4197 404 4247 ὁ
433 4193 628 4264 μισθὸς
661 4191 851 4262 αὐτῆς.

1910 4200 2125 4242 nerces.

267 4287 338 4358 β’.
375 4287 608 4354 Ἔλεγον
653 4285 779 4355 περί
811 4301 956 4348 τινος
994 4284 1138 4338 esse
1167 4283 1408 4338 ’Δπολλὼ
1456 4284 1538 4348 είς
1571 4285 1789 4356 Σκῆτιν,

1960 4275 2015 4328 2.
2046 4272 2305 4328 Dicebant
2340 4269 2408 4326 de
2455 4269 2688 4341 quodam
2731 4269 2927 4326 abbate
2971 4271 3164 4340 Apollo
3204 4271 3260 4326 in
3301 4269 3468 4334 Sceti,

191 4381 278 4432 ὅτι
317 4375 530 4447 ποιμὴν
561 4371 628 4447 ἦν
653 4377 936 4445 ἄγροικοςο
975 4377 1067 4430 καὶ
1099 4376 1220 4430 ἰδὼν
1242 4379 1475 4446 γυναῖκα
1510 4377 1569 4429 ὲν
1595 4376 1789 4448 γαστρὶ

1910 4368 2038 4438 ιιιοό
2073 4367 2173 4422 fuit
2203 4374 2388 4436 pastor
2424 4365 2657 4435 agrestis
2680 4378 2742 4418 ac
2771 4363 2951 4428 ferus;
2974 4370 3028 4419 et
3053 4365 3167 4420 visa
3199 4365 3316 4418 ruri
3347 4380 3469 4420 mu-

193 4434 435 4540 ιχουσαιὶ
467 4434 526 4522 ἐν
563 4434 642 4538 ἑῷ
685 4434 858 4538 im,
887 4434 1218 4540 ’ἐνεργηθεις
1253 4434 1362 4522 sub
1400 4467 1492 4521 τοῦ
1541 4434 1786 4522 sima.

1911 4434 2025 4516 iere
2069 4434 2310 4531 gravida,
2339 4473 2368 4511 a
2424 4434 2640 4512 diabolo
2691 4456 2970 4531 excitatus
3012 4455 3292 4512 :Cernere
3321 4457 3466 4522 volo,

193 4559 318 4616 εἷπε
338 4577 354 4592 ·
385 4560 540 4614 Θέλω
577 4559 702 4612 ἰδεῖν
741 4559 857 4622 πῶς
891 4559 953 4612 τὸ
993 4559 1194 4631 βρέφος
1221 4561 1396 4612 κεῖται
1427 4559 1485 4612 ὲν
1508 4561 1572 4630 τῇ
1608 4557 1786 4628 κοιλίᾳ

1915 4553 2088 4623 nquit,
2119 4567 2229 4621 quo
2262 4550 2422 4604 modo
2452 4547 2633 4602 inl‘ans
2665 4547 2804 4604 situs
2835 4549 2908 4602 sit
2943 4548 2998 4602 in
3029 4557 3218 4604 ventre
3241 4549 3467 4616 matris;

193 4654 403 4724 αὐτῆς·
445 4653 542 4705 καὶ
586 4650 899 4724 ἀναρρήξας
944 4652 1130 4721 αὐτὴν,
1172 4647 1278 4704 εἶδε
1321 4649 1379 4702 τὸ
1419 4649 1634 4721 βρέφος.
1677 4651 1788 4703 Καὶ

1910 4661 2062 4717 :aque
2085 4645 2332 4713 disrupta
2365 4640 2498 4696 vidit
2526 4639 2808 4696 infantem.
2835 4642 2985 4696 illico
3025 4651 3202 4696 autem
3235 4642 3472 4712 pulsavit

193 4745 406 4808 εὐθέως
451 4743 720 4809 ἐπάταξεν
757 4743 918 4796 αὑτὸν
949 4745 984 4814 ἠ
1015 4741 1210 4813 καρδία
1243 4741 1405 4796 αὑτοῦ
1427 4757 1442 4774 ο
1481 4743 1574 4794 καὶ
1617 4759 1786 4794 κατα-

1910 4755 2014 4794 mm
2039 4751 2168 4800 cor;
2213 4741 2267 4788 et
2309 4732 2730 4803 compunctione
2786 4731 3004 4795 ductus,
3053 4733 3199 4786 venit
3243 4731 3468 4794 Scetim,

191 4837 408 4904 νυγεὶς,
435 4831 600 4905 ἦλθεν
631 4837 712 4898 είς
749 4835 966 4904 Σκῆτιν,
991 4835 1084 4888 καὶ
1115 4835 1398 4906 ἀνήγγειλε
1435 4838 1548 4897 τοῖς
1577 4835 1789 4907 Πατρά-

1910 4828 2270 4897 ωῐιιίιινίιιιιιε
2312 4825 2566 4880 Patribus
2607 4825 2738 4894 quid
2785 4823 3022 4879 fecisset.
3057 4821 3278 4878 Audivit
3307 4839 3471 4896 porro

195 4947 286 4983 σιν
339 4929 370 4981 ὃ
421 4928 700 4999 ἐποίησεν.
735 4928 970 4980 Ἤκουσε
1017 4927 1073 4980 δὲ
1123 4925 1301 4980 αὐτῶν
1341 4925 1678 4996 ψαλλόντων·
1718 4928 1789 4980 Al

1910 4937 1990 4978 aos
2033 4920 2371 4990 psallentes:
2415 4915 2536 4972 Dies
2588 4932 2846 4970 annorum
2897 4923 3200 4970 nostrorum
3243 4916 3298 4969 in
3343 4915 3472 4984 ipsis

195 5020 420 5090 ἡμέραι
471 5017 590 5072 τῶν
637 5017 789 5072 ἐτῶν
815 5017 986 5088 ἡμῶν
1031 5019 1103 5072 ἐν
1148 5019 1348 5084 αὐτοῖς
1389 5017 1789 5088 ἐϐδομήκοντα

1910 5012 2226 5082 septuaginta
2267 5009 2426 5076 anni;
2468 5009 2516 5062 si
2567 5017 2742 5062 autem
2789 5008 2842 5060 in
2893 5007 3247 5074 potentatibus
3278 5046 3294 5070 ,
3329 5017 3473 5062 octo-

193 5115 306 5180 ἐτη
323 5131 338 5144 ·
375 5112 490 5166 ἐὰν
519 5111 590 5164 δὲ
619 5113 690 5165 ἐν
733 5110 1136 5177 δυναστείαις,
1169 5109 1538 5181 ὀγδοήκοντα
1555 5124 1570 5140 ·
1599 5109 1696 5163 καὶ
1725 5109 1789 5162 τὸ

1910 5107 2046 5178 ginta
2071 5117 2089 5156 :
2117 5111 2166 5158 et
2193 5101 2418 5170 amplius
2447 5117 2650 5167 eorum,
2685 5099 2835 5156 labor
2862 5109 2912 5155 et
2949 5099 3102 5154 dolor
3122 5099 3188 5156 “.
3215 5098 3472 5174 Dixitque

1413 5265 1460 5298 ⁸⁵
1488 5263 1576 5317 Al.
1598 5262 1768 5318 inser.
1803 5278 1918 5316 σου.
1994 5260 2042 5292 ’⁸
2074 5257 2222 5313 Psal.
2253 5273 2477 5322 LXXXIX,
2507 5257 2594 5312 10.

1991 5399 2082 5468 65)
2117 5397 2221 5452 Vit.
2249 5395 2402 5452 Patr.
2441 5412 2518 5464 xi,
2550 5399 2602 5453 5.

271 5269 320 5301 ³³
341 5269 432 5322 Al.
475 5267 734 5328 Ἀλωνᾶς.
809 5265 858 5298 ⁸⁸
893 5267 980 5320 Al.
1013 5264 1338 5338 παραδίδως.

271 5399 390 5474 (64)
434 5407 580 5482 Ἷσςίιν
595 5404 682 5474 μὴ
715 5405 935 5482 ψεύδῃ,
959 5413 1065 5460 etc.
1094 5403 1444 5482 Colhertinns
1465 5401 1789 5482 libellionge

1969 5399 2082 5482 (ἓξ)
2117 5399 2183 5482 Κὶ

191 5467 382 5552 aliam
403 5467 628 5552 exhibe}
668 5467 1140 5552 responsionem“
1169 5476 1271 5530 hoc
1298 5487 1456 5552 pacto
1487 5493 1500 5529 :
1550 5467 1789 5552 ξεστοῖο

2119 5467 2223 5552 Xit.
2256 5468 2515 5552 Ratun)“,
2549 5469 2601 5522 6.

193 5547 328 5608 νοῦς
385 5564 480 5600 σου
541 5537 790 5622 πάντοσε
813 5545 1235 5622 προσηλωμένος
1267 5537 1346 5622 εἷς
1360 5544 1660 5622 Λαιόν-φόϐον
1697 5543 1789 5622 ςιοῇ

2119 5538 2341 5622 Dormit.
2357 5618 2366 5622 _
2385 5537 2588 5622 Ποσει..

189 5617 359 5680 Θεοῦ,
386 5619 482 5670 καὶ
513 5608 878 5686 ἀδιαλείπτως
913 5608 1220 5686 μνῖιιμόνευε
1241 5616 1335 5669 τοῦ
1358 5608 1789 5686 θανάέουμαλού

2267 5609 2418 5686 Eutr.
2443 5625 2534 5672 xv,
2572 5609 2658 5686 ιξ.

195 5691 272 5760 μὴ
295 5678 568 5760 ψεύσεσαί
587 5703 735 5739 ποτε.
754 5678 1314 5760 δίιὶηὲηεῖιιαεεηιρει·
1333 5688 1510 5760 timori
1531 5684 1797 5752 Deiaﬂixa
1976 5678 2086 5752 (69)
2129 5678 2232 5733 Vit.
2271 5679 2420 5733 Patr.
2451 5695 2583 5744 xm,
2605 5679 2662 5735 5.

191 5757 240 5814 ει
264 5757 494 5815 assidue
523 5766 782 5812 meatento
819 5757 1024 5821 mortis,
1065 5773 1154 5810 nec
1190 5757 1450 5810 mentieris
1479 5771 1733 5826 unquam.
