3878 6302
431 289 533 341 433

1559 284 1900 339 APPENDIX
1942 282 2031 338 AD
2070 282 2488 341 PALLADIUM.

3562 277 3661 334 156

423 403 536 458 illis
555 421 569 458 :
590 399 760 457 Natus
783 418 902 457 sum
933 416 1105 456 annos
1126 400 1502 472 quadraginta,
1524 418 1700 472 neque
1727 402 1810 456 vel
1837 416 1998 454 uuam

2124 399 2312 453 τλεῖον
2339 398 2537 455 αὐτῶν
2562 401 2748 466 κόπος
2778 400 2875 454 καί
2913 400 3119 464 πόνος.
3143 397 3253 450 Καὶ
3283 391 3436 449 εἶπεν
3461 395 3642 450 αὐτοῖς
3659 405 3674 420 ’

423 507 636 556 precem
665 493 732 547 ad
761 492 925 546 Deum
959 491 1106 558 fudi;
1145 507 1290 546 nunc
1321 508 1450 546 vero
1497 492 1542 546 si
1589 493 1725 547 alios
1769 491 2004 563 quadra-

421 594 571 655 ginta
609 599 782 638 annos
824 584 1032 647 vixero,
1079 598 1189 636 non
1241 584 1468 638 cessabo
1513 598 1672 638 orare
1719 583 1909 646 Deum,
1948 587 2006 636 ut

424 674 556 728 mihi
619 675 887 729 condonet
935 672 1131 727 delicta
1175 688 1314 726 mea.
1357 671 1474 726 Non
1505 674 1664 734 enim
1715 688 1850 742 opus
1891 688 2006 725 ma-

427 783 597 820 nuum
648 767 913 833 faciebat,
962 767 1056 821 sed
1098 767 1290 820 orabat
1331 782 1565 836 semper,
1608 766 1751 819 hunc
1797 767 1849 818 in
1887 781 2003 818 mo-

423 859 552 912 dum
593 880 605 914 :
650 858 872 912 Peccavi
919 869 975 911 ut
1026 860 1221 924 homo,
1274 866 1334 912 ut
1381 859 1520 912 Deus
1560 867 1678 912 esto
1719 857 2002 926 propitius.

424 953 597 1017 Atque
631 964 749 1001 eam
803 950 1106 1003 orationem
1159 957 1324 1002 noctu
1370 949 1565 1016 dieque
1619 946 2002 1000 meditabatur.

423 1040 688 1094 Cteterum
724 1038 891 1093 frater
924 1040 1178 1093 mani-bat-
1220 1056 1341 1093 cum
1381 1055 1478 1103 eo;
1528 1037 1842 1106 audivitque
1892 1035 2007 1088 haec

423 1131 570 1189 illius
617 1131 776 1186 verba
816 1150 828 1184 :
868 1130 1125 1186 Molestus
1181 1132 1276 1185 tibi
1339 1129 1447 1193 fui,
1497 1129 1741 1192 Domine,
1797 1127 2010 1182 dimitte.

425 1220 578 1283 mihi,
604 1228 662 1274 ut
696 1238 883 1290 parum
929 1223 1128 1291 quietis
1176 1223 1407 1292 capiam.
1459 1221 1522 1274 Et
1556 1222 1766 1291 plenam
1800 1221 2009 1289 accepit

425 1315 796 1377 securitatem,
838 1314 981 1382 quod
1025 1316 1073 1368 ei
1116 1314 1409 1382 ignovisset
1459 1312 1602 1368 Deus
1639 1322 1832 1367 cuncta
1886 1329 2010 1381 pec-

424 1416 564 1472 cata,
604 1407 766 1461 etiam
803 1407 932 1461 illud
967 1408 1244 1473 mulieris;
1290 1417 1344 1460 at
1379 1407 1446 1462 de
1490 1424 1658 1477 νομί-ο
1702 1407 1899 1462 certior
1930 1406 2010 1460 fa-

427 1506 551 1554 ctus
586 1513 692 1552 non
725 1508 826 1552 est.
875 1499 1015 1553 Iliin
1045 1509 1222 1553 tamen
1254 1499 1302 1554 ei
1337 1515 1526 1554 senum
1559 1500 1756 1568 aliquis
1788 1520 1800 1553 :
1832 1498 2005 1552 Etiam

427 1590 606 1644 scelus
626 1591 678 1642 in
706 1591 930 1659 puerulo
959 1597 1320 1660 perpetratum
1353 1589 1670 1644 condonavit
1705 1589 1800 1643 tibi
1830 1590 2004 1653 Deus;

425 1681 519 1736 sed
551 1690 602 1735 te
647 1681 699 1735 in
749 1681 935 1750 dolore
967 1697 1030 1736 ac
1061 1681 1244 1736 labore
1280 1681 1555 1751 relinquit,
1589 1683 1717 1752 quia
1754 1682 2007 1736 conducit

435 1773 629 1825 anima:
659 1781 782 1826 tum.

495 1865 548 1919 '5.
585 1865 728 1919 Idem
761 1864 897 1918 dixit
922 1863 990 1919 de
1023 1867 1371 1935 susceptione
1418 1865 1684 1919 fratrum:
1716 1863 2007 1920 Venientes

429 1956 624 2010 fratres
664 1955 893 2010 adorare
929 1965 1165 2025 Oportet.
1217 1956 1350 2010 Nam
1402 1973 1508 2011 non
1558 1972 1673 2017 eos,
1709 1958 1802 2012 sed
1840 1957 2006 2011 Deum

426 2047 740 2102 adoramus.
769 2045 960 2101 Vidisti
985 2049 1150 2113 enim,
1181 2049 1376 2118 inquit,
1407 2049 1628 2103 fratrem
1661 2056 1834 2110 tuum,
1865 2051 2008 2103 vidi-

429 2140 496 2194 sti
531 2139 816 2193 Dominum
855 2140 1019 2195 Deum
1068 2149 1242 2194 tuum.
1288 2141 1352 2194 Et
1383 2143 1504 2206 hoc,
1542 2142 1768 2205 addidit,
1801 2142 2010 2212 accepi-

427 2244 551 2283 mus
576 2229 642 2282 ab
671 2229 977 2283 Abrahamo
1001 2230 1067 2282 ⁸⁷.
1092 2229 1340 2298 Cumque
1370 2232 1743 2301 susceperilis,
1775 2230 1841 2284 ad
1868 2231 2013 2299 quie-

428 2329 536 2373 tem
569 2320 884 2390 capiendam
926 2321 1120 2390 cogite.
1161 2319 1213 2374 ld
1245 2338 1482 2393 namque
1511 2338 1611 2378 nos
1661 2322 1845 2376 docuit
1887 2321 2008 2386 Lot,

427 2413 646 2482 quando
675 2413 882 2483 angelis
918 2414 1026 2466 vim
1063 2414 1247 2468 intulit
1271 2414 1338 2470 ’³.

938 2610 1014 2665 De
1053 2613 1238 2666 abbate
1268 2612 1501 2666 Andrea.

503 2717 651 2774 Dixit
700 2721 868 2776 abbas
902 2723 1195 2779 Andreas:
1229 2722 1356 2778 Tria
1403 2725 1515 2778 haec
1568 2725 1887 2780 monachum
1923 2725 2018 2780 de-

430 2821 556 2867 cent
583 2831 595 2865 :
626 2828 875 2870 secessus
909 2832 939 2869 a
967 2816 1164 2886 patria,
1192 2824 1504 2887 paupertas,
1536 2825 1590 2873 et
1628 2818 1680 2872 in
1731 2819 2018 2874 tolerantia

433 2901 736 2956 silentium.

989 3016 1066 3071 De
1109 3018 1294 3073 abbate
1333 3021 1455 3073 Aio.

506 3127 832 3185 Referebaut
880 3130 947 3186 de
991 3133 1228 3202 quodam
1277 3150 1406 3189 sene
1448 3133 1774 3200 Thebaidis,
1821 3134 2016 3191 abbate

437 3219 699 3301 Antiano,
717 3220 860 3288 quod
891 3221 1016 3274 dum
1053 3230 1198 3276 esset
1245 3223 1461 3291 juvenis
1496 3225 1662 3278 multa
1697 3224 1850 3279 bona:
1886 3242 2017 3281 con-

437 3312 759 3366 versationis
791 3327 954 3380 opera
987 3312 1206 3378 fecerat,
1250 3315 1303 3368 in
1349 3322 1626 3370 senectute
1657 3331 1806 3380 vero,
1834 3319 2018 3372 incur-

437 3410 583 3457 rerat
613 3403 667 3456 in
702 3403 949 3456 morbum
985 3411 1040 3458 et
1069 3405 1402 3472 caecitatem;
1436 3405 1632 3461 fratres
1665 3417 1842 3462 autem
1874 3411 2018 3479 quod

435 3503 742 3565 aegrotaret,
776 3511 1024 3566 magnam
1061 3495 1128 3550 de
1165 3512 1229 3550 eo
1272 3511 1460 3551 curam
1493 3499 1773 3567 gerebant,
1810 3503 2021 3556 cibum.

437 3601 543 3656 que
580 3586 632 3640 in
658 3602 719 3640 os
746 3587 863 3655 ejus
892 3588 1274 3642 immittebant.
1305 3591 1422 3655 Qua
1457 3588 1524 3643 de
1552 3605 1612 3643 re
1652 3591 2018 3661 interrogave-

438 3686 566 3733 runt
603 3679 851 3734 abbatem
884 3679 1004 3744 Aio,
1037 3681 1296 3748 quidnam
1327 3681 1571 3737 eveniret
1595 3698 1659 3737 ex
1706 3683 1807 3737 hac
1850 3686 2020 3740 multa

439 3769 829 3827 sollicitudine.
881 3771 959 3826 Ac
1007 3771 1288 3842 respondit
1326 3790 1362 3844 :_
1394 3771 1525 3826 Dico
1564 3774 1719 3828 vobis
1762 3793 1774 3828 :
1819 3774 1877 3830 Si
1925 3792 2021 3830 cor

439 3863 560 3932 ejus
607 3863 1000 3918 desideraverit
1039 3872 1093 3918 et
1133 3863 1581 3919 condescenderit
1609 3866 1857 3933 libenter,
1896 3883 2019 3922 cum

441 3954 742 4008 comederit
783 3970 942 4008 unam
986 3955 1299 4024 palmulam,
1346 3955 1487 4010 Deus
1531 3957 1670 4010 tollit
1697 3973 1816 4011 eam
1859 3974 1890 4012 e
1930 3959 2022 4011 la-

442 4047 572 4099 bore
605 4045 760 4112 ejus;
801 4047 946 4113 quod
996 4047 1042 4100 si
1088 4063 1196 4100 non
1246 4048 1603 4116 acquieverit,
1641 4050 1734 4104 sed
1771 4066 2020 4119 sumpse-

445 4136 513 4188 rit
541 4135 764 4197 invitus,
791 4137 998 4190 salvum
1031 4129 1268 4192 laborem
1306 4140 1381 4192 illi
1424 4142 1660 4195 servabit
1705 4144 1864 4206 Deus,
1894 4145 2020 4213 quia

443 4225 632 4279 nolens
689 4225 901 4295 cogitur
950 4244 964 4282 :
1021 4225 1215 4281 fratres
1271 4242 1399 4282 vero
1460 4229 1762 4286 mercedem
1817 4249 2022 4290 conse—

443 4324 690 4385 quentur.

885 4427 959 4481 De
987 4428 1576 4521 abbate.Ammonatha.

513 4538 746 4594 Advenit
777 4539 1069 4609 aliquando
1097 4537 1374 4595 Pelusium
1420 4558 1644 4612 praeses,
1681 4546 1958 4616 voluitque
1991 4564 2023 4602 a

445 4630 729 4685 monachis
762 4631 980 4699 exigere
1009 4631 1292 4700 capitalem
1324 4636 1661 4702 pensionem,
1699 4638 1840 4692 sicut
1867 4656 1896 4693 a
1927 4656 2027 4696 sa:-

445 4722 743 4776 cularilius.
779 4723 965 4792 Itaque
994 4723 1172 4776 cuncti
1217 4721 1414 4778 fratres
1441 4726 1584 4796 apud
1616 4729 1866 4784 abbatem
1893 4732 2025 4786 Atu-

443 4813 754 4867 moualham
789 4829 907 4867 eam
947 4814 1018 4867 ob
1066 4829 1181 4868 rem
1222 4829 1629 4886 convenerunt;
1668 4822 2024 4878 decreverunt

445 4912 625 4957 autem
677 4913 734 4957 ut
786 4904 1003 4973 quidam
1057 4904 1278 4959 Patrum
1343 4909 1556 4964 adirent
1618 4911 2017 4982 imperatorem.

446 4994 582 5048 Dicit
614 4995 692 5049 eis
723 4996 892 5050 abbas
930 4997 1320 5052 Amtnonathas
1360 5015 1374 5050 :
1415 5000 1530 5056 Non
1570 5020 1709 5073 Opus
1751 5015 1836 5059 est
1879 5005 2026 5075 ejus-

446 5087 592 5140 modi
626 5085 971 5156 fatigatione;
1009 5087 1104 5141 sed
1139 5093 1317 5157 potius
1350 5093 1516 5163 quieti
1549 5104 1762 5149 manete
1793 5096 1845 5149 in
1871 5098 2025 5151 cellis

444 5177 662 5239 vestris,
697 5192 760 5230 ac
785 5177 1026 5247 jejunate
1055 5180 1190 5234 duas
1214 5181 1602 5245 hebdomadas,
1629 5201 1730 5256 ego
1754 5187 1904 5241 solus
1933 5203 2028 5256 per

445 5267 653 5322 Christi
686 5271 914 5339 gratiam
945 5272 1219 5339 perficiam
1258 5278 1553 5344 negotium.
1595 5274 1820 5330 Reversi
1861 5277 2029 5345 igitur

445 5367 575 5415 sunt
629 5360 824 5417 fratres
869 5361 924 5415 in
962 5362 1126 5418 cellas
1155 5379 1284 5420 suas
1328 5386 1340 5421 :
1381 5382 1544 5422 senex
1573 5369 1774 5436 pariter
1806 5369 1860 5421 in
1890 5369 2026 5422 cella

516 5516 563 5550 ³⁷
585 5515 721 5571 Gen.
748 5519 974 5583 xvttt,2.
1052 5520 1098 5552 ⁸⁸
1121 5520 1255 5576 Gen.
1298 5538 1411 5587 xtx,
1443 5525 1498 5578 3.
1573 5525 1619 5556 ”
1654 5525 1740 5577 Al.
1775 5524 2054 5580 ἀπελθεῖν.

517 5631 631 5703 (70)
662 5634 954 5710 ςἨμαρςον
978 5636 1059 5702 ὡς
1085 5636 1416 5708 ἅνθρωπος.
1439 5643 1519 5707 ώς
1548 5643 1692 5710 Θεὸς
1723 5643 2019 5709 Ιλάσθητι.

448 5698 784 5761 moratione
806 5698 1268 5776 'Chryso'stomi'ca
1304 5720 1346 5767 t.
1371 5698 1450 5768 ’γι
1485 5698 1746 5785 Ξογίι.’ρ.
1792 5698 1950 5782 tom“,
1978 5714 2016 5768 ι.

2105 495 2235 564 Εἰμὶ
2268 495 2676 565 τεσσαράκοντα
2719 494 2873 553 ἐτῶν,
2922 493 3050 562 μίαν
3089 489 3251 560 εὐχὴν
3291 487 3366 560 μὴ
3418 489 3674 557 ποιήσας·

2106 586 2196 638 καὶ
2229 586 2323 640 νῦν
2345 587 2442 640 ἐὰν
2472 585 2620 656 ζήσω
2648 585 2780 640 ἄλλα
2807 585 3211 653 τεσσαράκοντα
3243 581 3336 652 ἔτη
3359 623 3374 646 ,
3409 581 3470 633 οὐ
3511 579 3682 634 παύο-

2109 695 2205 746 μαι
2231 678 2518 748 εὐχόμενος
2541 678 2618 749 τῷ
2643 677 2780 747 Θεῷ,
2805 677 2890 730 ἵνα
2921 677 3248 748 συγχωρήσῃ
3274 691 3361 744 μοι
3379 672 3479 735 τὰς
3502 674 3683 742 ἁμαρ-

2105 771 2225 833 τίας
2251 788 2370 840 μου.
2405 768 2541 825 Οὐδὲ
2565 771 2671 842 γὰρ
2695 771 3006 841 ἐργόχειρον
3038 767 3238 830 ἐποίει,
3282 765 3418 818 ἀλλὰ
3453 764 3681 817 πάντοτε

2107 861 2335 932 ηὔχετο,
2383 862 2590 930 λέγων’
2623 864 2906 934 ’Ἥμαρτον
2956 861 3030 923 ὡς
3071 860 3388 930 ἄνθρωπος,
3427 857 3504 922 ὡς
3555 856 3682 918 Θεὸς

2111 954 2354 1024 ίλὰσθητι
2389 955 2520 1023 (70).
2574 956 2683 1010 Kal
2723 956 2942 1023 γέγονεν
2985 952 3132 1024 αὐτῷ
3170 953 3202 1022 ή
3242 949 3373 1021 εὐχὴ
3414 949 3572 1020 αὓτη.
3607 951 3683 1012 εἰς

2112 1046 2339 1116 μελέτην
2374 1048 2564 1111 νυκτὸς
2609 1051 2701 1101 καὶ
2743 1049 2976 1119 ἡμέρας.
3003 1042 3110 1099 Ἦν
3149 1044 3205 1096 δὲ
3244 1042 3468 1112 ἁδελφὸς
3515 1042 3685 1111 μένων

2111 1137 2227 1206 μετ’
2273 1137 2457 1203 αὑτοῦ,
2503 1140 2594 1191 καὶ
2632 1140 2861 1210 ἦκουσεν
2909 1136 3072 1191 αὐτοῦ
3125 1135 3406 1204 λέγοντος·
3448 1133 3688 1203 "amca

2111 1239 2212 1286 σοι,
2245 1224 2437 1294 Κύριε,
2475 1226 2610 1294 ἄφες
2646 1243 2754 1296 μοι,
2785 1225 2872 1277 ἵνα
2906 1225 3307 1294 ἀναπαύσωμαι
3342 1223 3554 1295 μικρόν.
3581 1223 3688 1276 Καὶ

2108 1311 2320 1380 ἐγένετο
2347 1314 2492 1385 αὑτῴ
2526 1314 2885 1386 πληροφορία,
2925 1315 3004 1368 ὅτι
3058 1314 3430 1385 συνεχώρησεν
3478 1314 3624 1383 αὐτῷ
3659 1313 3687 1366 ὁ

2108 1402 2238 1467 Θεὸς
2270 1405 2448 1468 πάσας
2487 1407 2582 1470 τὰς
2617 1407 2890 1477 ἁμαρτίας
2920 1405 3102 1471 αὐτοῦ,
3130 1406 3224 1460 καὶ
3270 1406 3328 1458 τὸ
3371 1407 3473 1476 τῆς
3511 1423 3688 1474 γυναι.

2109 1495 2201 1559 κός
2221 1513 2232 1524 ·
2263 1498 2340 1560 είς
2368 1497 2424 1550 δὲ
2453 1497 2513 1550 τὸ
2547 1499 2757 1551 παιδίον
2787 1500 2888 1552 οὐκ
2913 1498 3354 1570 ὲπληροςρορήθη.
3395 1499 3506 1550 Kal
3536 1492 3689 1551 εἶπεν

2108 1586 2256 1658 αὑτῷ
2289 1605 2369 1652 τις
2397 1587 2506 1640 τῶν
2541 1589 2833 1660 γερόντων,
2863 1590 2944 1641 ὅτι
2976 1589 3067 1641 καὶ
3095 1588 3155 1640 τὸ
3190 1587 3283 1640 τοῦ
3325 1587 3540 1640 παιδίου
3577 1603 3690 1638 συν-

2109 1677 2352 1750 εχώρησὲ
2392 1697 2472 1733 σοι
2505 1682 2533 1733 ό
2569 1681 2700 1744 Θεός
2722 1698 2734 1710 ο
2767 1680 2906 1735 ἀλλὰ
2938 1681 3086 1750 ἀφίει
3123 1697 3182 1733 σε
3216 1682 3274 1734 ἐν
3305 1679 3385 1750 τῷ
3414 1679 3580 1750 πόνῳ,
3609 1678 3688 1730 ὅτι

2039 1753 2082 1809 Β
2112 1772 2380 1842 συμφέρει
2416 1775 2479 1843 τῇ
2510 1772 2652 1842 ψυχῇ
2688 1791 2802 1827 σου.

2179 1870 2247 1932 γ’.
2291 1865 2346 1917 Ὀ
2381 1866 2540 1929 αὐτὸς
2583 1861 2736 1918 εἶπεν
2788 1867 2916 1937 περὶ
2949 1866 3048 1936 τῆς
3091 1864 3356 1934 ὑποδοχῆς
3389 1862 3498 1916 τῶν
3535 1861 3689 1916 ἁδελ-

2110 1955 2248 2025 φῶν’
2291 1957 2374 2010 ὅτι
2410 1960 2502 2009 Δεῖ
2532 1958 2859 2028 ἐρχομένους
2885 1961 3011 2021 τοὺς
3043 1957 3304 2026 ἀδελφοὺς
3334 1957 3688 2026 προσκυνεῖν

2111 2050 2170 2101 οὐ
2205 2050 2312 2122 γὰρ
2354 2051 2570 2113 αὐτοὺς,
2604 2049 2738 2102 ἀλλά
2767 2051 2858 2104 τὸν
2907 2051 3037 2103 Θεὸν
3076 2048 3508 2122 προσκυνοῦμεν.
3540 2042 3694 2108 Εἶδες

2111 2140 2240 2212 γάρ,
2280 2143 2436 2210 φησι,
2479 2143 2568 2195 τὸν
2617 2141 2842 2211 ἀδελφόν
2883 2159 2999 2206 σου,
3048 2138 3185 2204 εἶδες
3218 2141 3419 2211 Κύριον
3449 2139 3537 2192 τὸν
3564 2137 3694 2191 Θεὸν

2115 2248 2240 2284 σου’
2286 2231 2575 2295 καὶτοῦτο,
2620 2234 2775 2303 φησι,
2821 2233 2971 2304 παρὰ
3002 2232 3096 2285 τοῦ
3141 2231 3390 2302 Ἀϐραάμ
3437 2229 3696 2300 παρειλή-

2115 2342 2312 2395 φαμεν.
2356 2327 2466 2379 Καὶ
2507 2327 2593 2378 ὅτε
2628 2325 2869 2396 δέχεσθε,
2911 2325 3047 2396 πρὸς
3081 2326 3385 2378 ἀνάπαυσιν
3423 2322 3697 2393 παραϐιά-

2116 2415 2303 2481 ζεσθεο
2352 2419 2445 2471 καί
2477 2418 2635 2471 τοῦτο
2673 2420 2781 2490 γὰρ
2817 2418 2967 2489 παρὰ
3001 2418 3094 2471 τοῦ
3137 2417 3261 2472 Λὼτ
3296 2416 3698 2490 μεμαθήκαμεν

2123 2507 2609 2579 παραϐιασαμένου
2640 2510 2766 2573 τοὺς
2796 2509 3081 2578 ἀγγέλους.

2504 2620 2643 2688 Περὶ
2680 2620 2787 2674 τοῦ
2831 2619 2982 2676 ἀϐϐᾶ
3010 2620 3303 2690 Ἀνδρέου.

2191 2731 2414 2800 Ἔλεγεν
2446 2735 2474 2786 ό
2505 2733 2678 2797 ἁϐϐἄς
2703 2735 2991 2806 Ἀνδρέας’
3026 2735 3232 2804 Πρέπει
3261 2734 3337 2806 τῷ
3378 2733 3598 2806 μοναχῷ
3629 2734 3699 2788 τὰ

2116 2820 2242 2894 τρία
2266 2821 2465 2876 ταῦτα’
2509 2826 2541 2894 ἡ
2581 2823 2833 2891 ξενιτεία,
2868 2827 2901 2896 ἡ
2932 2825 3194 2896 πτωχεία,
3233 2827 3324 2878 καὶ
3357 2827 3390 2896 ἡ
3429 2824 3608 2898 σιωπὴ
3641 2827 3700 2878 ὲν

2120 2913 2386 2985 ὑπομονῇ.

2590 3031 2730 3098 Περὶ
2763 3031 2868 3084 τοῦ
2894 3030 3044 3086 ἀϐϐᾶ
3079 3032 3227 3086 Ἀὶώ.

2196 3141 2420 3210 Ἔλεγον
2480 3143 2610 3213 περί
2667 3161 2814 3208 τινος
2872 3145 3124 3216 γέροντος
3177 3147 3255 3209 εἰς
3306 3145 3405 3215 τὴν
3457 3145 3701 3216 Θηϐαΐδα

2121 3234 2268 3289 ἀϐσᾶ
2323 3235 2618 3297 Ἀντιανοῦ,
2665 3236 2746 3289 ὅτι
2804 3236 2998 3300 πολλὰς
3039 3237 3312 3300 πολιτείας
3351 3239 3605 3310 ἐποίησεν
3643 3241 3704 3293 ὲν

2121 3329 2188 3397 τῇ
2215 3327 2426 3398 νεότητι
2457 3327 2642 3392 αὐτοῦ,
2681 3327 2772 3380 καὶ
2806 3329 2884 3390 είς
2924 3327 2983 3380 τὸ
3014 3329 3190 3398 γῆρας
3221 3329 3384 3381 αὐτοῦ
3415 3320 3702 3399 ἠσθένησε,

2124 3422 2217 3472 καὶ
2245 3418 2551 3490 ἐτυφλώθη,
2578 3421 2672 3472 κοιλ⁸
2699 3418 2896 3490 πολλὴν
2926 3420 3269 3491 παράκλησιν
3295 3424 3341 3472 oi
3367 3421 3586 3488 ἀδελφοὶ
3612 3420 3705 3474 διὰ

2121 3508 2222 3580 τὴν
2247 3508 2409 3562 αὑτοῦ
2433 3493 2715 3564 ἀσθένειαν
2737 3511 2971 3575 ἐποίουν,
2996 3512 3089 3563 καὶ
3112 3511 3301 3563 ἔϐαλον
3324 3513 3402 3574 εἰς
3432 3510 3493 3563 τὸ
3525 3512 3706 3582 στόμα

2123 3601 2289 3656 αὑτοῦ
2311 3619 2324 3631 ·
2365 3601 2460 3654 καὶ
2491 3603 2778 3674 ἠρώτησαν
2811 3603 2901 3656 τὸν
2941 3603 3114 3656 ἀϐὅᾶν
3147 3602 3276 3655 Ἀἳὼ
3316 3603 3443 3675 περὶ
3490 3603 3702 3656 τούτου·

2125 3692 2190 3745 Τί
2222 3692 2427 3760 γίνεται
2459 3692 2544 3745 διὰ
2575 3695 2672 3765 τὴν
2705 3694 2905 3764 πολλὴν
2944 3695 3285 3767 παράκλησιν
3315 3697 3552 3768 ταύτηνς
3592 3698 3706 3751 Kal

2125 3783 2270 3852 λέγει
2319 3785 2524 3848 αὐτοῖς·
2563 3786 2723 3854 Λέγω
2761 3787 2910 3857 ὑμῖν,
2952 3787 3033 3840 ὃτι
3082 3787 3175 3840 ἐὰν
3220 3789 3253 3859 ἡ
3302 3788 3497 3860 καρδία
3535 3788 3703 3842 αὐτοῦ

2127 3877 2278 3950 θέλῃ,
2313 3877 2404 3930 καὶ
2436 3878 2845 3951 συγκαταϐαίνῃ
2877 3879 3065 3949 ἡδέως,
3115 3880 3208 3933 ἐὰν
3241 3880 3390 3952 φάγῃ
3431 3879 3486 3933 ἓν
3530 3882 3708 3951 troiu-

2126 3987 2233 4047 κιν,
2259 3972 2287 4024 ό
2312 3969 2442 4032 Θεὸς
2470 3971 2612 4042 αἴρει
2647 3971 2778 4025 αὐτὸ
2811 3973 2875 4024 ἐκ
2905 3970 2995 4024 τοῦ
3029 3973 3194 4026 κόπου
3224 3973 3515 4026 αὑτοῦ-ἑὰν
3539 3974 3596 4027 δὲ
3627 3975 3706 4047 μὴ

2128 4043 2556 4134 συγκαταϐαίνῃ,
2586 4062 2721 4115 ἀλλὰ
2766 4064 2840 4133 μὴ
2877 4063 3041 4117 θέλων
3070 4063 3342 4137 λαμϐάνῃ,
3381 4068 3410 4118 ὁ
3446 4064 3576 4128 Θεὸς
3607 4043 3708 4135 τηλ

2128 4155 2212 4223 ρεῖ
2242 4151 2332 4204 τὸν
2371 4153 2539 4206 κόπον
2574 4153 2737 4206 αὑτοῦ
2773 4153 2930 4220 σῶον,
2977 4157 3058 4208 ὅτι
3105 4155 3178 4227 μὴ
3222 4155 3390 4210 θέλων
3425 4157 3703 4228 βιάζεται·

2127 4243 2365 4296 κάκεῖνοι
2395 4243 2487 4296 τὸν
2521 4243 2708 4296 μισθὸν
2737 4242 2968 4314 ἔχουσιν.

2491 4441 2626 4508 Περὶ
2659 4441 2764 4494 τοῦ
2795 4440 2945 4495 ἀϐϐᾶ
2986 4441 3339 4512 Ὰμμωναθᾶ.

2199 4542 2369 4600 τΗλθέ
2400 4550 2529 4602 ποτέ
2553 4567 2638 4614 τις
2661 4550 2841 4622 ἄρχων
2865 4553 2945 4616 εἰς
2971 4553 3030 4606 τὸ
3052 4553 3367 4622 Πηλούσιον,
3395 4557 3486 4608 καὶ⁵
3515 4556 3709 4626 ἤθελεν

2131 4638 2432 4709 ἀπαιτῆσαι
2494 4642 2858 4710 ὲπικεφάλαια
2913 4645 3037 4708 τοὺς
3102 4648 3400 4714 μοναχοὺς,
3455 4647 3713 4722 καθάπερ

2130 4731 2224 4783 καὶ
2250 4732 2376 4794 τοὺς
2410 4733 2724 4801 κοσμικούς.
2753 4735 2863 4787 Kal
2899 4734 3243 4805 συνήχθησαν
3274 4737 3384 4790 ὅλοι
3417 4741 3462 4790 οἱ
3489 4739 3714 4812 ἀδελφοὶ

2130 4823 2268 4894 πρὸς
2292 4824 2384 4876 τὸν
2419 4824 2592 4879 ἁϐϐᾶν
2636 4828 2998 4896 Ἀμμωναθᾶν
3021 4831 3147 4899 περὶ
3183 4830 3394 4894 τούτου,
3440 4833 3534 4884 καὶ
3575 4833 3715 4904 ἐψη-

2129 4913 2354 4982 φίσαντὸ
2389 4932 2538 4978 τινας
2560 4917 2666 4969 τῶν
2702 4917 2960 4988 Πατέρων
2992 4919 3230 4974 ἀνελθεῖν
3258 4922 3304 4952 ’³
3326 4921 3459 4991 πρὸς
3487 4922 3576 4975 τὸν
3607 4923 3710 4993 βα-

2129 5006 2299 5058 σιλέα.
2354 5009 2464 5060 Καὶ
2509 5007 2657 5076 λέγει
2705 5009 2890 5073 αὐτοῖς
2934 5013 2962 5063 ὁ
3001 5011 3172 5075 ἀὸὁᾶς
3202 5013 3601 5082 ’Δμμωναθιῑς-
3629 5016 3711 5069 Οὐ

2125 5099 2285 5169 χρεία
2319 5098 2410 5152 τοῦ
2445 5100 2686 5171 σκυλμοῦ
2721 5102 2942 5156 τούτου*
2978 5103 3115 5157 ἀλλὰ
3157 5105 3354 5176 μᾶλλον
3399 5107 3710 5176 ἡσυχάσατε

2125 5189 2207 5250 εἰς
2243 5187 2311 5241 τά
2350 5189 2534 5244 κελλία
2560 5190 2731 5261 ὑμῶν,
2765 5193 2859 5245 καὶ
2903 5193 3234 5263 νηστεύσατε
3263 5194 3354 5247 δύο
3387 5195 3712 5264 ἑϐδομάδας,

2126 5281 2220 5333 xal
2251 5284 2314 5351 τῇ
2342 5283 2524 5353 χάριτι
2558 5282 2650 5334 τοῦ
2694 5283 2928 5353 Χριστοῦ
2959 5285 3069 5353 ἐγὼ
3103 5286 3261 5356 μόνος
3305 5287 3446 5339 ποιῶ
3476 5287 3536 5340 τὸ
3568 5289 3716 5359 πρᾶ-

2126 5386 2263 5440 γμα.
2300 5372 2410 5424 Kal
2442 5372 2684 5443 ἀπῆλθον
2714 5377 2760 5427 οἱ
2795 5375 3014 5446 ἀδελφοὶ
3055 5379 3134 5441 είς
3165 5379 3231 5432 τὰ
3258 5379 3441 5432 κελλία
3470 5381 3715 5436 ἑαυτῶν·

2131 5659 2270 5767 3v",
2300 5644 2393 5711 ‘24,
2425 5645 2501 5707 ώς
2532 5645 2819 5718 ἄνθρωπος
2854 5651 3122 5723 ἥμαρτον,
3156 5653 3232 5718 ὡς
3261 5655 3405 5721 Θεὸς
3425 5658 3723 5734 συγχώρη-
