3878 6298
223 290 324 347 ιιι

1335 292 1945 352 APOPHTHEGMATA
1975 295 2276 355 PATRUM.

3370 321 3394 376 ί
3412 326 3471 380 ιιι

212 419 301 471 γει
347 417 440 472 μοι
484 402 515 453 6
554 401 759 472 γέρων*
807 402 995 476 Δεῦρο,
1053 404 1268 473 ἁδελφέ,
1328 409 1692 478 συστείλωμεν
1741 411 1785 463 τί

1904 412 2153 469 venimus
2175 429 2297 469 eum
2322 423 2497 472 morte
2510 428 2969 479 consummatum.
2999 425 3087 480 Ait
3109 429 3237 483 mihi
3263 447 3465 494 senex:

211 494 382 563 σῶμα
415 493 617 546 αὐτοῦ·
671 495 751 557 είς
792 493 902 565 γάρ
942 493 1099 549 τοῦτο
1140 495 1384 566 ἐπεμψεν
1423 501 1570 568 ἡμᾶς
1602 500 1630 552 6
1668 498 1800 563 Θεὸς

207 579 342 639 ὧδε.
374 585 782 638 Συστελλόντων
810 586 869 638 δὲ
897 587 1051 657 ἡμῶν
1092 588 1174 651 είς
1204 588 1264 640 τὸ
1297 588 1462 658 θάψαι
1496 589 1675 654 αὑτὸν,
1709 589 1799 643 εὖ·

211 694 386 746 ρομεν
408 677 495 729 ὅτι
527 677 666 746 γυνὴ
688 672 754 746 ἦν
775 679 840 748 τῇ
867 678 1044 745 φύσει.
1073 677 1184 730 Καὶ
1213 678 1521 748 ἐθαύμασεν
1548 683 1576 733 6
1599 680 1795 752 γέρων,

208 769 309 820 καὶ
341 763 492 820 εἶπεν
514 783 526 795 ·
566 767 672 820 Ἴδε
702 767 820 832 πῶς
849 767 945 821 καὶ
978 771 1238 836 γυναῖκες
1258 773 1687 826 καταπαλαίουσι
1706 774 1797 826 τὸν

207 859 482 924 Σατανᾶν,
523 859 619 912 καὶ
652 861 811 930 ἡμεῖς
843 861 902 912 ἐν
947 864 1065 924 ταῖς
1101 862 1316 916 πόλεσιν
1358 864 1792 934 άσχημονοῦμεν.

208 951 328 1002 Καὶ
366 950 692 1014 δοξάσαντες
714 951 804 1003 τὸν
835 950 966 1004 Θεὸν
989 951 1081 1004 τὸν
1101 954 1514 1025 ὑπερασπιστὴν
1536 954 1643 1009 τῶν
1665 957 1798 1023 ἀγα-

208 1041 446 1094 πώντων
476 1042 661 1109 αὐτὸν,
697 1043 1129 1114 ἀνεχωρήσαμεν
1157 1045 1383 1099 ἐκεῖθεν.

280 1223 346 1271 ε’.
377 1213 550 1271 Ἦλθέ
578 1218 663 1282 τίς
692 1235 821 1271 ποτε
852 1217 1297 1290 δαιμονιζόμενος
1336 1222 1414 1284 είς
1441 1222 1538 1294 τὴν
1569 1223 1790 1292 Σκῆτιν,

205 1308 305 1360 καὶ
340 1309 556 1376 ἐγένετο
578 1308 709 1382 εὐχὴ
732 1309 858 1380 περὶ
885 1309 1048 1362 αὑτοῦ
1073 1311 1131 1362 ἐν
1158 1314 1223 1382 τῇ
1255 1312 1540 1383 ἐκκλησίᾳ,
1573 1315 1666 1366 καὶ
1695 1313 1793 1367 οὐκ

205 1399 477 1468 ἐξήρχετο
508 1401 536 1451 6
577 1399 784 1468 δαίμων
807 1415 820 1430 ο
860 1395 928 1470 ἦν
960 1400 1068 1470 γάρ
1103 1402 1356 1473 σκληρός.
1399 1404 1508 1456 Καὶ
1540 1404 1793 1472 λέγουσιν

204 1490 256 1540 οὶ
292 1488 582 1559 κληρικοί·
627 1489 692 1539 Τί
730 1488 924 1557 ἔχομεν
963 1491 1187 1560 ποιῆσαι
1219 1491 1296 1562 τῷ
1326 1493 1538 1562 δαίμονι
1582 1493 1790 1562 eodem;

204 1579 387 1640 οὐδεὶς
425 1577 648 1632 δύναται
687 1580 848 1631 αὐτὸν
883 1579 1154 1644 ἐκϐαλεῖν,
1181 1584 1230 1634 εί
1268 1583 1341 1654 μὴ
1373 1585 1401 1636 6
1436 1583 1606 1648 6666;
1631 1586 1796 1638 Βισα-

1904 502 2062 569 Veni,
2107 503 2296 570 frater,
2337 522 2729 578 componamus
2774 527 2973 584 corpus
3031 519 3171 587 ejus.
3227 521 3308 578 Ad
3365 526 3472 584 boc

1898 596 2041 648 enim
2065 597 2212 652 misit
2237 614 2338 654 nos
2369 599 2509 656 Deus
2532 603 2658 659 huc.
2685 604 2823 660 Cum
2853 622 2983 679 ergo
3011 625 3469 681 componeremus

1899 685 1964 739 ad
2014 688 2368 758 sepulturam,
2422 694 2730 752 invenimus
2782 699 3066 755 mulierem
3121 718 3263 760 esse.
3326 705 3465 762 Tum

1897 775 2199 834 admiratus
2248 795 2447 846 senex,
2508 783 2562 837 in
2618 784 2732 841 haec
2785 791 3032 861 prorupit
3077 794 3241 850 verba
3276 814 3290 852 :
3325 797 3465 854 Ecce

1896 869 2170 936 quomodo
2223 867 2386 924 etiam
2433 871 2645 930 feminae
2702 891 2961 948 superant
3007 883 3302 953 daemones,
3361 904 3462 946 nos

1895 974 2026 1014 vero
2090 961 2144 1014 in
2201 963 2428 1018 urbibus
2473 965 2727 1024 indecore
2777 972 3006 1040 agimus.
3061 975 3237 1045 Atque
3297 978 3464 1048 glori—

1897 1050 2055 1106 fieato
2090 1053 2224 1118 Deo,
2265 1056 2357 1125 qui
2402 1066 2677 1125 protector
2722 1071 2806 1116 est
2846 1063 3180 1135 diligentiuni
3223 1081 3305 1134 se,
3337 1069 3464 1126 inde

1893 1144 2240 1200 secessimus.

1962 1233 2015 1288 5.
2049 1235 2159 1305 (80)
2191 1235 2390 1292 Scetim
2413 1240 2558 1295 venit
2580 1241 2872 1311 aliquando
2889 1244 3342 1317 daemoniacus,et
3362 1268 3463 1323 pro

1891 1339 1959 1378 eo
1980 1323 2121 1380 facta
2151 1336 2233 1380 est
2261 1328 2436 1383 oratio
2469 1332 2522 1384 in
2557 1333 2824 1398 ecclesia;
2871 1351 3058 1389 verum
3105 1339 3313 1394 daemon
3350 1357 3460 1398 non

1891 1413 2302 1483 egrediebatur;
2339 1427 2455 1472 erat
2481 1420 2624 1472 enim
2657 1424 3043 1478 saevus.Aiunt
3068 1426 3253 1482 clerici
3282 1449 3293 1482 :
3320 1431 3460 1497 Quid

1893 1504 2157 1562 habemus
2201 1507 2381 1563 facere
2422 1509 2684 1565 adversus
2729 1511 2873 1565 hunc
2913 1513 3248 1571 daemonem?
3289 1519 3462 1574 Nemo

1885 1604 2070 1676 potest
2097 1613 2220 1652 eum
2246 1598 2466 1668 ejicere,
2502 1601 2606 1656 nisi
2635 1603 2804 1657 abbas
2838 1603 3094 1673 Besario;
3132 1608 3228 1664 sed
3260 1611 3306 1666 si
3335 1627 3461 1667 eum

205 1671 345 1742 ριων
367 1687 381 1700 ·
416 1672 510 1722 καὶ
540 1670 635 1722 ἐάν
669 1671 830 1723 αὐτὸν
863 1671 1331 1744 παρακαλέσωμεν
1358 1675 1399 1740 ⁸,
1432 1677 1552 1729 οὐδὲ
1587 1679 1665 1740 εἰς
1693 1677 1785 1748 τὴν

1900 1691 2286 1761 rogaverimus,
2312 1707 2488 1761 neque
2517 1693 2570 1747 in
2603 1697 2890 1751 ecclesiam
2920 1706 3185 1757 venturus
3207 1711 3310 1758 est.
3346 1703 3462 1760 Hoc

203 1761 512 1830 ἐκκλησίαν
543 1761 784 1832 ἔρχεται.
816 1761 986 1814 Τοῦτο
1013 1759 1105 1815 οὖν
1131 1764 1442 1834 ποιήσωμεν
1462 1781 1474 1796 ’
1511 1766 1616 1820 ἰδοὺ
1643 1766 1785 1838 ἔρχε-

1900 1797 2024 1851 ergo
2054 1781 2319 1840 faciamus
2349 1803 2362 1839 :
2395 1800 2523 1841 ecce
2555 1786 2701 1841 venit
2731 1803 2889 1843 mane
2925 1791 2990 1844 ad
3019 1793 3306 1848 ecclesiam
3336 1804 3462 1850 ante

201 1869 299 1904 ται
334 1851 483 1922 πρωϊ
505 1852 610 1923 πρὸ
644 1853 858 1905 πάντων
883 1852 966 1915 είς
993 1853 1091 1923 τὴν
1117 1855 1438 1924 ἐκκλησίαν·
1475 1858 1787 1928 ποιήσωμεν

200 1943 298 1996 τὸν
321 1944 604 2012 πάσχοντα
630 1944 960 2016 καθευδῆσαι
985 1949 1004 1977 ³
1032 1948 1110 2010 είς
1142 1945 1234 1998 τὸν
1266 1947 1426 2000 τόπον
1457 1948 1620 2002 αὑτοῦ
1647 1965 1660 1978 ·
1696 1950 1790 2002 καὶ

200 2033 295 2085 ὅτε
325 2033 664 2102 εἰσέρχεται,
689 2033 903 2104 στῶμεν
922 2037 1001 2098 είς
1023 2034 1207 2106 εὐχὴν,
1230 2036 1324 2088 καὶ
1350 2035 1592 2108 εἴπωμεν
1609 2037 1755 2108 αὐτῷ
1772 2055 1784 2068 ·

215 2121 561 2191 uas-smian
603 2121 696 2174 καὶ
743 2122 836 2175 τὸν
877 2123 1129 2191 ἀδελφὸν,
1179 2124 1338 2177 assa.
1393 2113 1696 2196 Ἑποίησαν
1731 2126 1787 2178 δὲ

198 2211 400 2272 οὓτως,
453 2211 550 2265 καὶ
582 2212 826 2276 ἐλθόντος
857 2213 952 2265 τοῦ
986 2214 1238 2286 γέροντος
1272 2213 1437 2286 πρωῒ,
1482 2215 1786 2286 ἐστάθησαν

199 2304 286 2364 εἰς
317 2301 508 2372 εὐχὴν,
551 2301 646 2354 καὶ
681 2302 928 2371 λέγουσιν
977 2304 1158 2374 αὐτῷ’
1199 2303 1531 2374 Ἐξύπνησον
1559 2307 1652 2358 καὶ
1686 2307 1778 2358 τὸν

199 2392 454 2459 ἁδελῴν.
487 2393 600 2445 Καὶ
628 2388 778 2444 εἶπεν
810 2394 958 2463 αὐτῷ
984 2397 1013 2448 6
1039 2395 1218 2465 γέρων
1245 2411 1258 2424 ·
1310 2394 1570 2458 Ἀνάστα,
1607 2393 1784 2458 ἔξελθε

198 2485 325 2550 ἔξω.
358 2485 474 2539 Καὶ
519 2485 720 2548 εὐθέως
749 2485 971 2556 ἐξῆλθεν
1014 2487 1110 2540 ἀπ’
1159 2484 1321 2540 αὑτοῦ
1359 2487 1387 2538 6
1423 2485 1648 2558 δαίμων,
1692 2486 1785 2540 καὶ

200 2577 329 2648 ἰάθη
361 2577 475 2630 ἀπὸ
500 2580 599 2643 τῆς
635 2578 784 2647 ὥρας
808 2579 1045 2649 ἐκείνης.

272 2676 350 2733 ς’.
377 2665 551 2721 Εἶπεν
571 2672 602 2721 6
632 2670 804 2731 6666i;
824 2670 1108 2741 Βισαρίων,
1129 2670 1210 2722 ὅτι
1246 2670 1660 2741 Τεσσαράκοντα
1696 2689 1785 2725 νυ-

198 2757 465 2828 χθήμερα
495 2756 688 2826 ἔμεινα
738 2757 902 2826 μέσον
934 2758 1176 2827 ράμνων,
1210 2759 1439 2828 στήκων,
1475 2758 1549 2829 μὴ
1580 2758 1783 2829 κοιμώ-

198 2865 388 2918 μενος.

270 2938 336 3002 ζ’.
405 2937 662 3006 ’Λδελφός
708 2955 793 3000 τις
829 2939 1152 3010 ἁμαρτήσας
1208 2938 1499 3010 ἐχωρίζετο
1539 2941 1644 2996 ὑπὸ
1688 2941 1783 2995 τοῦ

198 3031 584 3103 πρεσϐυτέρου
606 3033 669 3082 ἐκ
700 3032 796 3100 τῆς
822 3031 1134 3102 ἐκκλησίας.
1153 3030 1210 3084 '0
1237 3030 1292 3083 δὲ
1321 3031 1493 3096 ἀϐϐἄς
1513 3034 1781 3106 Βισαρίων

1893 1888 2128 1942 omnes;
2174 1892 2439 1946 ponamus
2485 1879 2631 1932 hunc
2677 1878 3003 1936 daemonium
3057 1885 3350 1953 patientem
3403 1889 3461 1942 in

1892 1963 2012 2018 loco
2043 1965 2233 2035 ipsius,
2266 1969 2421 2038 quasi
2450 1968 2843 2038 dormientem;
2877 1979 2930 2027 et
2956 1988 3078 2028 cum
3103 1974 3459 2044 ingredietur,

1891 2062 2099 2110 stemus
2139 2057 2204 2110 ad
2237 2059 2570 2123 orationem,
2616 2075 2680 2114 ac
2710 2060 2958 2117 dicamus
2986 2062 3037 2118 ei
3073 2081 3088 2117 :
3124 2063 3314 2119 Excita
3350 2065 3462 2120 fra—

1888 2152 2056 2206 trem,
2107 2143 2264 2198 abba.
2319 2145 2495 2216 Atque
2542 2147 2615 2201 ita
2656 2147 2921 2202 fecerunt.
2971 2149 3279 2209 Accedeute
3329 2169 3463 2209 sene
3529 2155 3536 2159 ’

1890 2246 2068 2296 mane,
2106 2243 2372 2289 steterunt
2391 2237 2456 2289 ad
2501 2238 2825 2300 orationem,
2855 2246 2910 2293 et
2941 2239 3093 2316 aiunt
3121 2241 3170 2295 ei
3207 2261 3220 2297 :
3272 2242 3460 2299 Excita

1887 2320 2130 2378 fratrem.
2156 2323 2292 2378 Tum
2315 2325 2451 2380 dixit
2471 2328 2518 2382 ei
2549 2343 2714 2382 senex
2746 2343 2759 2379 :
2793 2326 2982 2399 Surge,
3009 2331 3263 2400 egredere
3286 2335 3453 2388 foras.

1890 2412 2194 2484 Statimque
2219 2417 2349 2470 exiit
2372 2417 2443 2470 ab
2470 2431 2536 2471 eo
2561 2417 2794 2485 daemon,
2825 2427 2879 2473 et
2908 2428 3135 2475 sanatus
3168 2429 3338 2478 estex
3369 2425 3458 2479 iila

1886 2503 2037 2557 hora.

1959 2671 2011 2725 6.
2034 2673 2235 2745 (81-82)
2251 2675 2395 2730 Dixit
2415 2679 2583 2734 abbas
2601 2679 2850 2736 Besario:
2871 2683 3237 2757 Quadraginta
3257 2688 3372 2746 dies
3394 2705 3456 2748 ac

1888 2771 2082 2818 noctes
2115 2767 2289 2820 mansi
2320 2767 2462 2822 inter
2491 2769 2698 2838 spinas,
2730 2780 2902 2838 stans,
2937 2789 3037 2830 nec
3067 2776 3362 2834 dormiens.

1958 2938 2007 2995 7.
2042 2941 2154 3012 (83)
2185 2940 2414 3008 Quidam
2445 2945 2613 3003 frater
2637 2950 2730 3020 qui
2762 2930 3106 3021 peccaverat,
3141 2967 3455 3028 segregatus

1889 3041 1987 3095 per
2015 3031 2391 3099 presbyterum
2433 3037 2807 3104 expellebatur
2852 3043 2919 3096 ab
2963 3045 3220 3102 ecclesia.
3270 3047 3454 3106 Abbas

197 3122 446 3184 ἀναστὰς
493 3119 817 3190 συνεξῆλθεν
849 3119 1016 3191 αὐτῷ,
1047 3119 1240 3187 λέγων,
1271 3121 1352 3174 ὃτι
1396 3121 1565 3192 Κάγὼ
1605 3127 1783 3196 ἁμαρ-

1900 3125 2065 3172 tutcm
2101 3119 2323 3176 Besario
2373 3139 2635 3195 surgens,
2681 3144 2935 3200 egressus
2966 3143 3048 3188 est
3084 3151 3209 3190 cum
3234 3152 3330 3204 eo,
3371 3140 3456 3196 bis

197 3214 368 3277 τωλός
395 3215 533 3282 είμι.

267 3315 343 3377 η’.
387 3307 449 3358 '0
499 3305 662 3366 αὐτὸς
689 3303 863 3366 άϐϐᾶς
895 3300 1164 3373 Βισαρίων
1194 3289 1366 3364 εἶπεν,
1399 3305 1480 3357 ὅτι
1506 3307 1785 3377 Τεσσαρά·

198 3413 367 3452 κοντα
401 3397 501 3467 ἐτη
527 3397 628 3449 οὐκ
657 3395 826 3465 ἔθηκα
855 3394 1043 3447 ἐαυτὸν
1061 3394 1384 3466 ἐπιπλευρὸν
1410 3396 1474 3463 ⁸⁸,
1492 3396 1626 3450 ἀλλὰ
1649 3397 1784 3450 καθ-

199 3492 230 3560 ἡ
239 3506 405 3559 μενος
435 3488 466 3558 ή
507 3489 720 3558 στήκων
751 3483 1086 3556 ἐκοιμώμην.

269 3580 339 3631 θ’.
389 3579 447 3631 ’0
482 3577 646 3640 αὐτὸς
671 3571 822 3629 εἶπεν
842 3592 855 3606 ο
894 3577 1060 3629 Ὅταν
1086 3577 1143 3628 ἐν
1171 3576 1362 3651 εἰρήνῃ
1391 3579 1661 3649 τυγχάνῃς
1690 3579 1784 3631 καὶ

195 3669 257 3724 οὔ
294 3669 645 3739 πολεμῆσαι,
675 3667 793 3720 τότε
829 3667 1027 3738 μᾶλλον
1057 3667 1333 3732 ταπεινοῦ,
1379 3669 1574 3740 μήπως
1609 3671 1785 3740 χαρᾶς

195 3760 496 3831 ἀλλοτρίας
536 3757 956 3829 ἐπεισελθούσης
1003 3757 1434 3828 καυχησώμεθα,
1474 3759 1567 3812 καὶ
1610 3776 1786 3831 παρα-

197 3854 450 3923 δοθῶμεν
481 3853 563 3914 είς
617 3850 871 3920 πόλεμον.
905 3847 1172 3908 Πολλάκις
1204 3848 1312 3921 γὰρ
1343 3853 1372 3903 6
1409 3850 1539 3912 Θεὸς
1566 3850 1653 3904 διὰ
1686 3851 1785 3913 τὰς

199 3937 494 4000 ἀσθενείας
523 3936 682 4007 ἡμῶν
713 3938 774 3989 οὐ
801 3939 1091 4008 -συγχωρεῖ
1137 3937 1277 4007 ἡμᾶς
1311 3937 1683 4008 παραδοθῆναι
1714 3940 1780 4004 ίί,

199 4030 286 4083 ενα
322 4030 400 4099 μὴ
432 4027 784 4098 ἀπολώμεθα.

272 4129 324 4176 ι’.
373 4121 628 4189 ’Λδελφὸς
664 4120 925 4174 συνοικῶν
955 4121 1197 4189 ἀδελφοῖς
1218 4120 1469 4194 ἠρώτησε
1496 4121 1585 4174 τὸν
1609 4121 1781 4175 6666v

198 4212 540 4283 Βισαρίωνα·
560 4213 626 4264 Τί
653 4214 895 4280 ποιήσω;
928 4213 1089 4281 Λέγει
1111 4213 1260 4284 αὐτῷ
1281 4216 1310 4267 ὁ
1343 4213 1540 4283 γέρων
1571 4211 1777 4278 Σιώπα,

91 4333 94 4336 ~
173 4303 294 4358 ’καὶ
325 4304 405 4376 μὴ
441 4305 721 4376 μετρήσῃς
744 4305 956 4359 ἐαυτόν.

1887 3209 2112 3277 prolatis
2138 3212 2320 3266 verbis
2352 3233 2364 3267 :
2396 3213 2509 3286 Ego
2543 3234 2759 3288 quoque
2790 3235 3045 3291 peccator
3073 3241 3216 3284 sum.

1953 3299 2008 3353 8.
2047 3299 2188 3356 Idem
2218 3303 2383 3360 abbas
2414 3305 2632 3366 Besario
2668 3311 2802 3368 dixit
2833 3334 2845 3369 :
2880 3314 2982 3371 Per
3007 3332 3179 3376 annos
3218 3325 3455 3392 quadra-

1884 3389 2034 3457 ginta
2068 3407 2175 3445 non
2218 3395 2462 3464 recubui.
2485 3413 2650 3468 super
2683 3403 2844 3470 latus,
2872 3406 2966 3461 sed
3014 3418 3108 3465 aut
3139 3389 3334 3470 sedens
3358 3423 3453 3470 aut

1884 3487 2038 3537 stans
2066 3483 2421 3541 dormiebant.

1955 3567 2008 3627 9.
2044 3573 2093 3629 ls
2119 3576 2234 3668 ipse
2267 3581 2514 3636 monuit:
2546 3580 2774 3650 Quando
2808 3588 2861 3643 in
2894 3605 3027 3659 pace
3056 3592 3236 3664 degis.
3277 3613 3456 3668 neque

1884 3661 2248 3734 impugnaris,
2280 3676 2411 3724 tunc
2433 3672 2604 3741 magis
2627 3673 2884 3731 humilem
2917 3688 2969 3735 te
2998 3661 3206 3750 praebe;
3226 3700 3293 3739 ne
3314 3661 3453 3742 forte

1885 3755 2082 3823 gaudio
2111 3767 2369 3814 extraneo
2406 3761 2677 3833 irrepente
2719 3767 3033 3836 gloriemur,
3063 3773 3452 3846 tradamurque

1885 3844 1952 3896 ad
1985 3854 2283 3902 certamen.
2333 3849 2466 3904 Nam
2514 3852 2656 3909 Deus
2700 3871 2840 3924 saepe
2866 3873 2972 3912 non
3007 3862 3297 3930 permittit,
3326 3844 3453 3934 pro-

1885 3939 2006 4001 pter
2031 3933 2374 3994 inﬁrmitates
2408 3951 2649 4007 nostras,
2682 3955 2740 3999 ut
2767 3946 2908 4002 bello
2945 3966 3010 4005 ac
3038 3933 3454 4017 tentationitra-

1884 4021 2099 4088 damur,
2141 4041 2210 4083 ue
2248 4043 2558 4097 pereamus.

1956 4114 2041 4167 i0.
2079 4116 2190 4188 (84)
2217 4116 2406 4175 Frater
2440 4136 2789 4183 commorans
2821 4143 2944 4185 cum
2981 4132 3243 4192 fratribus
3282 4138 3451 4194 inter-

1885 4209 2097 4277 rogavit
2135 4209 2382 4268 abbatem
2411 4211 2778 4283 Besarionem,
2826 4223 2954 4292 quid
2985 4225 3090 4283 sibi
3129 4242 3266 4298 opus
3307 4229 3452 4287 facto

1883 4295 2402 4370 esset.,Respoudit
2448 4317 2616 4358 senex
2650 4325 2662 4359 :
2700 4305 2870 4374 Tace,
2918 4327 3019 4385 nec
3059 4322 3112 4369 te
3155 4295 3279 4370 cum
3332 4319 3453 4374 aliis

1885 4387 2146 4444 metiaris.

270 4481 365 4528 ια’.
426 4476 492 4528 '0
535 4473 708 4538 666a;
751 4474 1024 4547 Βισαρίων
1057 4474 1416 4548 ἀποθνήσκων
1447 4475 1652 4544 ἐλεγεν,
1698 4475 1779 4528 ὅτι

1957 4475 2042 4532 il.
2074 4477 2185 4549 (85)
2217 4480 2403 4538 Abbas
2434 4482 2683 4550 Besario,
2725 4490 2961 4547 moriens
2997 4492 3209 4549 dicebat
3239 4513 3253 4548 :
3288 4494 3454 4552 Debet

195 4567 404 4635 ἂρείλει
446 4561 585 4620 εἶναι
616 4569 644 4620 6
675 4566 930 4636 μοναχὸς,
958 4566 1033 4629 ὡς
1063 4566 1130 4619 τὰ
1181 4563 1446 4638 χερουϐὶμ
1479 4565 1573 4618 καὶ
1595 4565 1661 4618 τά
1695 4581 1780 4617 σε-

196 4657 401 4725 ραφὶα,
433 4656 553 4719 ὅλος
578 4653 877 4726 ὀφθαλμός.
1300 4708 1302 4711 .

270 4747 345 4817 ιβ’
397 4747 746 4816 Διηγήσαντο
778 4749 827 4801 oi.
861 4748 1101 4820 μαθηταὶ
1123 4748 1219 4802 τοῦ
1251 4749 1396 4805 άὸὄᾶ
1423 4748 1774 4821 Βισαρίωνος,

193 4832 289 4887 τὸν
308 4836 423 4904 βίον
456 4836 622 4889 αὐτοῦ
643 4837 815 4901 οὓτως
843 4839 1189 4909 γεγενῆσθαι,
1220 4841 1294 4905 ὡς
1309 4841 1368 4894 ἐν
1383 4859 1436 4894 τι
1452 4842 1558 4895 τῶν
1577 4841 1776 4911 ἀερίων

195 4929 423 4998 πτηνῶν
459 4929 491 4999 ἢ
528 4931 802 5003 νηκτῶνή
849 4932 1116 5001 χερσαίων
1146 4932 1318 4997 ζώων,
1349 4934 1635 5004 ἀταράχως
1682 4933 1778 4986 καὶ

193 5017 522 5088 ἀμερίμνως
548 5022 726 5074 πάντα
750 5021 838 5074 τὸν
862 5021 960 5090 τῆς
999 5021 1144 5090 ζωῆς
1172 5021 1336 5076 αὐτοῦ
1377 5023 1575 5093 χρόνον,
1597 5023 1778 5075 διατε-

192 5105 437 5162 λέσαντα
451 5109 516 5161 ¹².
535 5111 609 5162 Οὐ
623 5111 732 5182 γάρ
745 5111 962 5181 φροντὶς
971 5112 1119 5166 οἴκου
1139 5115 1265 5184 παρ’
1283 5113 1448 5167 αὑτοῦ
1465 5113 1776 5184 ἐμλετᾶτο,

263 5310 288 5341 ⁸
313 5310 576 5382 Αιεαάιι.
616 5313 758 5382 ,περὶ
800 5315 1014 5369 τούτου.
1107 5318 1127 5348 ⁹
1150 5316 1233 5371 Al.
1263 5319 1506 5373 καθίσαι.

195 5377 242 5412 ¹’
277 5382 366 5434 Al.
405 5377 729 5444 διατελέσας
759 5392 813 5438 et
841 5384 1164 5439 διατελέσαι.

265 5518 384 5588 (80)
432 5518 726 5588 νίιηΡαιν.
763 5535 822 5586 ιι,
855 5523 909 5576 4.

266 5586 486 5654 (8182)
526 5586 629 5641 Vit.
671 5590 827 5642 Patr.
869 5607 959 5656 vlt,
987 5595 1018 5648 4

265 5657 382 5726 (85)
440 5657 544 5711 Vit.
573 5657 732 5713 Patr.
765 5675 837 5728 ix,
871 5660 924 5712 2.

1887 4570 2217 4635 monachus,
2249 4571 2420 4627 instar
2459 4575 2883 4633 cberubinorum
2922 4587 2976 4636 et
3012 4586 3450 4655 seraphinorum,

1886 4665 2034 4713 totus
2058 4675 2179 4716 esse
2213 4664 2425 4720 oculus.

1891 4783 1893 4786 ‹
1958 4750 2046 4805 12.
2086 4751 2456 4811 Narraverunt
2487 4759 2697 4814 abbatis
2724 4761 3031 4820 Besarionis
3066 4765 3449 4838 discipuli,.ita

1886 4840 2055 4897 fuisse
2105 4845 2266 4899 vitam
2309 4846 2481 4913 illius,
2525 4852 2976 4918 quemadmodum
3020 4857 3248 4925 alicujus
3291 4864 3452 4918 aeria:

1887 4934 2032 4995 avis,
2091 4943 2186 4988 aut
2236 4937 2433 5006 piscis,
2486 4949 2580 4993 aut
2626 4943 2905 4998 terrestris
2951 4947 3234 5016 animalis;
3291 4968 3452 5007 omne

1884 5021 2028 5076 enim
2062 5023 2185 5077 vitae
2228 5039 2341 5080 suae
2391 5035 2604 5098 tempus
2655 5031 2861 5101 absque
2903 5036 3151 5093 molestia
3203 5050 3256 5095 et
3306 5047 3452 5099 curis

1887 5115 2179 5183 peregisse.
2215 5113 2350 5170 Nam
2395 5133 2495 5173 nec
2522 5119 2716 5176 domus
2750 5137 2878 5178 cura
2915 5141 3011 5196 per
3053 5143 3178 5184 eum
3208 5133 3455 5202 agitaba-

1613 5318 1655 5348 ¹⁶
1685 5317 1768 5371 ΑΙ.
1813 5317 1908 5370 ἐπὶ
1973 5319 2220 5387 πλευρόν.
2302 5322 2341 5353 ¹¹
2384 5321 2467 5375 Al.
2542 5331 2814 5398 συγχωρεῖ
2869 5332 3002 5401 ἡμῖν
3049 5333 3451 5407 πολεμηθῆναι.

1961 5521 2071 5590 (84)
2095 5523 2228 5590 App.

1959 5591 2072 5661 (85)
2114 5591 2218 5646 Vit.

2303 5562 2317 5576 .
2351 5523 2508 5590 1005,
2540 5541 2593 5579 n.
2626 5527 2714 5584 52.

2300 5604 2405 5675 _atr.
2441 5610 2518 5653 xl.
2555 5595 2602 5650 7.
