3878 6320
450 321 576 378 με

1572 300 1920 360 APPENDIX
1956 301 2046 356 Αι)
2086 300 2521 362 ΡΑιιΑοιυιί.

3597 298 3702 357 ιιι

452 452 568 502 tur,
594 451 694 491 nec
719 434 964 490 locorum
1003 431 1335 488 desiderium
1365 429 1542 482 visum
1568 433 1653 482 est
1678 434 1865 481 tenere
1903 425 2022 478 ani-

2140 425 2184 478 »ὖ
2203 425 2385 478 τόπων
2399 422 2666 494 ἐπιθυμία
2680 421 3077 495 κεκρατηκέναι
3100 420 3245 488 ἔδοξε
3265 419 3362 491 τῆς
3383 421 3574 475 τούτου
3593 421 3704 491 ψυ-

455 543 607 584 mum
633 526 830 596 ipsius,
856 537 965 578 non
994 522 1218 577 satietas
1239 517 1580 582 deliciarum,
1609 531 1720 571 non
1748 514 2027 585 possessio

2128 515 2251 585 χῆς,
2269 517 2330 568 οὐ
2347 516 2505 586 κόρος
2529 515 2884 587 τρυφῆςυιού
2902 513 3156 577 κτίσις¹³⁶
3183 511 3518 584 οἰκημάτων,
3533 513 3596 566 οὐ
3621 512 3704 584 βξ-

455 615 891 679 domiciliorum,
933 626 1046 667 non
1088 609 1351 665 librorum
1397 606 1878 670 circumlatioues;
1929 602 2028 659 sed

2140 607 2271 662 ὅλων
2305 608 2598 682 περιφοραί
2616 624 2632 642 ο
2661 607 2776 661 ἀλλ’
2803 607 2925 670 ὅλος
2943 607 3014 660 δι’
3042 607 3166 660 ὅλου
3187 604 3296 659 τῶν
3322 603 3418 659 τοῦ
3453 605 3705 676 σώματος

393 741 398 747 ι
455 716 606 763 totus
643 704 866 760 omnino
889 716 919 755 a
949 699 1198 770 corporis
1224 696 1509 755 aﬂectibus
1537 697 1674 752 liber
1706 696 2026 768 apparebat,

456 799 610 852 alens
633 812 692 852 se
731 809 828 864 spe
867 792 1196 853 futurorum,
1218 803 1283 844 ac
1312 787 1436 843 ﬁdei
1457 789 1797 843 munimento
1817 786 2026 849 timus.

455 889 727 961 patienter
748 885 898 941 velut
920 883 1169 953 captivus
1201 881 1397 950 agebat
1429 879 1535 934 huc
1561 878 1820 949 illucque,
1855 876 1912 931 in
1935 875 2031 930 fri-

449 995 585 1052 gare
615 993 680 1032 ac
718 977 966 1031 nuditate
1002 987 1382 1045 perseverans.
1417 979 1471 1026 et
1515 971 1648 1026 solis
1675 970 1870 1024 ardore
1897 983 2030 1024 exuo

455 1078 600 1130 stus.
648 1069 750 1124 sub
793 1067 884 1122 dio
933 1080 1186 1136 semper;
1237 1064 1294 1118 in
1333 1061 1645 1134 praecipitiis
1680 1059 2031 1115 solitudinum

457 1173 518 1214 se
566 1167 824 1228 tanquam
873 1169 1124 1211 erronem
1172 1152 1446 1222 defigens,
1486 1159 1541 1206 et
1598 1159 1791 1221 sponte
1835 1162 2033 1220 passus

457 1260 832 1318 smpenumero
862 1260 922 1301 se
958 1245 1011 1298 in
1041 1244 1146 1298 lata
1179 1257 1244 1298 ac
1271 1242 1575 1297 inhabitata
1602 1253 1781 1294 arena:
1813 1237 2035 1307 regione

455 1339 607 1394 velut
635 1337 688 1391 in
722 1337 910 1408 pelago
939 1333 1090 1390 ferri.
1121 1333 1279 1400 Quod
1323 1333 1373 1388 si
1396 1331 1714 1402 contigisset
1739 1337 1798 1384 ut
1823 1329 1890 1382 ad
1915 1328 2034 1383 loca

460 1431 680 1486 mitiora
714 1427 946 1492 veniret,
979 1427 1033 1480 in
1066 1425 1268 1495 quibus
1298 1438 1644 1479 communem
1669 1419 2036 1476 consimilem-

460 1539 567 1593 que
609 1523 774 1576 vitam
816 1519 1024 1573 ducunt
1076 1513 1362 1579 monachi,
1418 1522 1573 1569 extra
1611 1519 1798 1582 portas
1840 1511 2035 1566 sedens

459 1611 739 1684 plorabat,
776 1617 829 1664 et
875 1610 1021 1665 velut
1067 1603 1366 1676 naufragus
1415 1605 1469 1658 in
1514 1612 1716 1657 terram
1759 1601 2035 1675 proiectus

461 1700 878 1756 lamentabatur.
932 1697 1162 1761 Postea,
1217 1695 1263 1751 si
1315 1695 1440 1766 quis
1493 1693 1727 1747 fratrum
1778 1704 2036 1762 egressus

461 1792 762 1846 invenisset
827 1805 952 1844 eum
1014 1798 1274 1853 tanquam
1353 1783 1664 1840 mendicum
1721 1781 2030 1844 sedentem,

459 1883 610 1938 velut
660 1896 830 1935 unum
883 1880 1067 1935 saeculi
1122 1891 1436 1949 pauperem,
1463 1883 1519 1930 et
1563 1873 2030 1946 appropinquans,

459 1973 694 2028 dixisset
740 1987 806 2026 ex
860 1968 1236 2026 misericordia
1266 1985 1281 2024 :
1314 1965 1519 2033 Homo,
1568 1965 1700 2035 quid
1735 1962 1955 2036 ploras?
1985 1962 2033 2018 si

460 2062 693 2131 alicujus
739 2061 816 2115 rei
862 2059 1188 2115 necessaria:
1227 2071 1389 2128 eges,
1431 2064 1697 2127 quantum
1734 2054 2033 2126 poterimus

460 2151 736 2222 accipies;
784 2157 995 2203 tantum
1044 2146 1554 2227 introi,.uobiscum
1606 2159 1851 2201 mensam
1894 2143 2035 2199 habe

449 2255 826 2301 communem,
845 2240 1004 2296 refice
1019 2249 1104 2294 te:
1123 2246 1254 2293 tunc
1272 2238 1363 2293 ille
1375 2237 1760 2308 respondebat,
1779 2250 1887 2290 non
1905 2249 2032 2306 pos~

461 2349 521 2389 se
545 2349 604 2388 se
624 2334 727 2388 sub
756 2340 901 2387 tecto
920 2346 1160 2396 manere,
1188 2330 1362 2386 donec
1383 2330 1678 2385 invenisset
1705 2328 1902 2384 domus
1919 2342 2035 2384 sua:

457 2440 572 2489 res,
610 2425 764 2478 aiens
796 2438 826 2476 a
856 2437 918 2477 se
951 2423 1119 2477 variis
1152 2422 1329 2477 modis
1362 2421 1564 2476 multas
1597 2420 1830 2482 amissas
1864 2418 2034 2474 fuisse

459 2531 613 2586 opes.
646 2514 859 2570 Etenim
889 2514 944 2568 in
975 2515 1180 2584 piratas
1225 2513 1390 2570 incidi
1411 2555 1426 2576 ,
1457 2511 1804 2583 naufragium
1834 2528 2033 2586 passus

460 2585 621 2672 sum;
656 2620 686 2658 a
740 2605 1031 2674 splendore
1078 2605 1296 2674 generis
1347 2606 1456 2660 mei
1511 2603 1722 2670 decidi,
1779 2585 2034 2675 ignobilis

460 2697 640 2753 factus
687 2697 782 2767 qui
831 2697 974 2751 inter
1019 2696 1231 2751 nobiles
1279 2697 1566 2752 censebar.
1601 2695 1794 2752 Frater
1824 2711 1951 2751 vero
1985 2696 2034 2751 si

460 2788 527 2843 ad
581 2787 633 2842 id
660 2787 928 2842 sermonis
978 2787 1341 2851 lamentatus,
1379 2787 1720 2858 ingrediens,
1753 2793 2034 2858 sumptum

461 2879 695 2934 frustum
737 2879 895 2948 panis
929 2875 1267 2940 tradidisset,
1293 2877 1481 2932 dicens
1514 2895 1527 2931 :
1561 2877 1793 2948 Accipe,
1828 2884 1985 2949 pater
2015 2895 2030 2932 :

459 2975 658 3023 caetera
701 2967 800 3022 tibi
831 2967 999 3030 Deus.
1036 2965 1492 3037 quemadmodum
1531 2967 1645 3033 ais,
1678 2967 1905 3033 tribuet,
1937 2981 2037 3040 pa-

2111 695 2318 752 ,παθῶν
2347 697 2521 768 ἐφάνη
2564 695 2868 767 ἐλεύθερος,
2899 695 3074 749 ἑλπίδι
3100 694 3207 748 τῶν
3239 694 3539 766 μελλόντων
3575 710 3702 767 τρε-

2131 790 2385 860 φόμενος,
2404 790 2500 843 καὶ
2520 789 2754 852 πίστεως
2777 787 3094 860 ὀχυρώματι
3127 785 3395 859 βεϐηκὼς,
3415 786 3704 858 ἐκαρτέρει

2131 876 2320 950 ὥσπερ
2354 880 2696 950 αἰχμάλωτος
2733 872 2837 933 ὧδε
2877 880 3124 943 κάκεῖσε,
3153 881 3213 932 ὲν
3243 878 3404 949 ψύχει
3437 879 3531 932 καὶ
3559 895 3706 948 γυμ-

2133 969 2319 1041 νότητι
2340 970 2634 1041 διαμένων.
2669 970 2767 1026 καὶ
2791 973 2858 1042 τῇ
2904 971 3062 1040 φλογὶ
3086 969 3180 1025 τοῦ
3214 970 3367 1041 ἡλίου
3394 969 3707 1039 διακαιὸμτ-

2133 1075 2223 1122 νος
2261 1059 2470 1130 αἴθριος
2511 1061 2776 1116 πάντοτε·
2815 1065 3084 1134 κρημνοῖς
3127 1061 3373 1133 ὲρημιῶν
3407 1061 3603 1115 ἑαυτὸν
3630 1060 3706 1125 ὡς

2135 1151 2486 1224 πλανώμενον
2503 1153 2861 1224 περιπείρων,
2886 1155 2980 1207 καὶ
3002 1152 3230 1224 πλατείᾳ
3253 1155 3319 1223 τῇ
3343 1151 3526 1223 ἄμμου
3555 1149 3708 1222 χώρᾳ

2134 1243 2376 1315 ἀοικήτῳ
2405 1245 2664 1308 πολλάκις
2684 1244 2874 1298 ἑαυτὸν
2895 1245 2971 1308 ὡς
2994 1245 3052 1296 ὲν
3080 1242 3306 1310 πελάγει
3332 1241 3595 1312 φέρεσθαι
3620 1242 3709 1294 εύ-

2134 1333 2386 1406 δοκήσας.
2425 1336 2487 1389 Εί
2515 1337 2573 1390 δὲ
2603 1335 2938 1408 συμϐεϐήκει
2973 1335 3054 1398 εἰς
3084 1333 3398 1405 ἡμερότητα
3415 1331 3595 1385 τόπων
3621 1331 3709 1384 ἐ).-

2138 1424 2268 1487 θεῖν,
2304 1425 2432 1479 ἔνθα
2460 1428 2511 1479 οἱ
2531 1427 2630 1497 τῆς
2659 1427 2968 1497 ὁμοτρόπου
2997 1425 3140 1495 ζωῆς
3173 1425 3394 1494 μοναχοὶ
3416 1423 3510 1476 καὶ
3529 1422 3708 1477 κοινὸν

2136 1517 2227 1570 τὸν
2254 1517 2367 1588 βίον
2399 1517 2634 1588 ἔχουσιν,
2663 1513 2768 1583 ἔξω
2793 1515 2974 1588 θυρῶν
3005 1515 3363 1586 καθεζόμενος
3389 1513 3592 1580 ἔκλαιε,
3615 1513 3708 1570 καὶ

2137 1605 2327 1677 ῶσπερ
2361 1609 2425 1661 ἐκ
2468 1608 2725 1676 ναυαγίου
2755 1625 2840 1670 τις
2872 1605 3203 1677 ἀπορριφεὶς
3239 1605 3493 1675 ὠδύρετο.
3540 1600 3706 1666 Εἶτα.

2139 1694 2371 1762 ἐξελθών
2393 1714 2480 1761 τις
2501 1697 2608 1751 τῶν
2633 1697 2896 1766 ἀδελφῶν,
2924 1699 2973 1750 εί
2999 1691 3122 1767 ε’ὗρε
3149 1695 3358 1758 τοῦτον,
3381 1695 3457 1760 ὡς
3484 1694 3708 1768 προσαί-

2133 1805 2234 1860 την
2276 1787 2374 1841 ἒνα
2403 1787 2511 1842 τῶν
2540 1789 2596 1841 ἐν
2630 1787 2708 1858 τῷ
2757 1789 2947 1859 κόσμῳ
2982 1787 3210 1859 πτωχῶν
3242 1787 3574 1860 καθήμενον,
3613 1787 3708 1840 καὶ

2134 1877 2382 1947 ἐγγίσας,
2411 1877 2658 1942 ἐλεεινῶς
2686 1895 2850 1948 φησιν
2871 1878 3037 1949 αὐτῷ’
3063 1879 3129 1932 Τί
3159 1878 3385 1942 κλαίεις,
3411 1877 3700 1949 ἄνθρωπος

2135 1970 2184 2023 εἰ
2227 1969 2320 2040 δέῃ
2369 1969 2513 2032 τινὸς
2558 1968 2667 2022 τῶν
2714 1969 3048 2038 ἀναγκαίων,
3097 1969 3240 2023 κατά
3280 1967 3506 2039 δύναμιν
3539 1967 3706 2040 λήψῃ,

2139 2061 2299 2128 μόνον
2341 2057 2598 2111 εἰσελθὼν
2639 2057 2786 2113 ἔνδον
2841 2057 3172 2131 κοινώνησον
3225 2060 3360 2129 ἡμῖν
3408 2058 3706 2130 τραπέζης,

2135 2148 2492 2219 παραμυθίας
2529 2147 2729 2219 τυχών.
2773 2149 2832 2203 '0
2872 2150 2929 2203 δὲ
2961 2149 3314 2220 ἀπεκρίνατο,
3345 2149 3419 2221 μὴ
3455 2149 3709 2204 δύνασθαι

2131 2240 2238 2294 ὑπὸ
2272 2239 2468 2310 στέγην
2513 2243 2713 2310 μεῖναι,
2748 2240 2877 2312 πρὶν
2922 2240 2990 2294 ἂν
3049 2240 3194 2312 εὕρω
3235 2244 3334 2313 τῆς
3370 2242 3508 2313 ἐμῆς
3535 2242 3711 2307 οἰκίας

2133 2331 2232 2403 τὴν
2275 2329 2545 2402 ὕπαρξιν·
2589 2330 2991 2385 ἀπολωλεκέναι
3025 2333 3205 2402 φήσας
3243 2331 3414 2385 πολλά
3453 2333 3711 2403 χρήματα

2133 2425 2413 2497 διαφόροις
2460 2424 2704 2496 τρόποις.
2751 2424 2862 2478 Καὶ
2899 2423 3008 2496 γὰρ
3046 2427 3333 2495 πειραταῖς
3385 2423 3705 2495 περιέπεσα,

2135 2517 2230 2570 καὶ
2267 2515 2511 2586 ναυαγίῳ
2539 2513 2798 2586 ἐλήφθην,
2828 2516 2923 2568 καὶ
2950 2514 3050 2585 τῆς
3077 2515 3354 2584 εὐγενείας
3386 2529 3486 2586 μου
3517 2513 3703 2578 ὲξέπε·

2138 2622 2250 2670 σον,
2277 2604 2462 2671 ἄδοξος
2487 2603 2547 2668 ἐξ
2571 2602 2797 2668 ἐνδόξων
2819 2604 3129 2674 γενόμενος.
3173 2606 3230 2659 Ὁ
3257 2605 3312 2658 δὲ
3348 2603 3483 2674 πρὸς
3506 2603 3597 2658 τὸν
3620 2602 3708 2656 λό-

2134 2709 2230 2761 γον
2262 2693 2601 2764 σχετλιάσας,
2632 2691 2918 2756 είσελθὼν,
2950 2692 3046 2747 καὶ
3092 2693 3282 2765 ψωμὸν
3318 2692 3496 2746 λαϐὼν
3515 2733 3530 2758 ,
3565 2710 3711 2761 παρ-

2137 2781 2284 2854 έσχε,
2313 2782 2488 2852 λέγων
2509 2799 2523 2814 ·
2563 2783 2708 2837 Λάϐε
2735 2782 2944 2847 τοῦτον,
2985 2783 3160 2855 πάτερ
3179 2799 3194 2814 ·
3225 2783 3292 2838 τὰ
3319 2784 3373 2837 δὲ
3403 2783 3535 2838 ἄλλα
3568 2799 3652 2836 σοι
3680 2785 3710 2836 ό

2134 2872 2287 2937 Θεὸς,
2332 2873 2408 2937 ὡς
2439 2873 2638 2943 λέγεις,
2693 2874 2959 2942 ἀπονεμεῖ
2984 2873 3217 2943 πατρίδα
3255 2874 3348 2926 καὶ
3386 2873 3562 2942 γένος,
3613 2871 3709 2926 καὶ

2133 2962 2368 3017 πλοῦτον
2397 2964 2456 3017 ὃν
2501 2963 2658 3034 ἔφης.
2718 2962 2777 3018 '0
2809 2963 2865 3017 δὲ
2896 2963 2974 3016 ἐτι
3009 2963 3209 3034 μᾶλλον
3255 2962 3465 3016 πενθῶν
3514 2961 3708 3033 ἔϐρυξς

459 3055 659 3119 triam,
703 3069 910 3124 genus,
940 3053 1158 3111 divitias
1202 3069 1338 3124 quas
1383 3056 1600 3110 locutus
1628 3071 1720 3121 es;
1763 3056 1811 3111 is
1860 3056 2032 3128 magis

2144 3054 2307 3126 μέγα,
2338 3054 2807 3126 ἐπιφθεγξάμενος
2825 3071 2840 3086 ο
2869 3054 2983 3108 Οὐκ
3005 3050 3122 3108 οἶδα
3142 3055 3318 3108 εἰπεῖν
3347 3056 3394 3107 εἰ
3423 3053 3710 3124 δυνηθείην

460 3145 640 3200 adhuc
676 3145 887 3215 lugens,
924 3145 1127 3214 ingenti
1157 3144 1304 3200 edito
1336 3143 1574 3208 fremitu,
1598 3145 1891 3215 adjiciebat
1915 3147 2032 3202 hac

2140 3143 2314 3215 εὑρεῖν
2339 3145 2478 3218 άπερ
2503 3145 2650 3216 ζητῶ
2681 3145 2955 3207 ἀπολέσας
2978 3160 2992 3174 ο
3013 3143 3127 3198 ἀλλ’
3167 3143 3245 3197 ἔτι
3271 3144 3467 3214 μᾶλλον
3490 3142 3711 3214 χαρίσοο

459 3237 622 3290 verba
661 3252 676 3289 :
708 3233 824 3289 Non
863 3235 1038 3290 habeo
1088 3235 1271 3291 dicere
1307 3251 1375 3289 an
1409 3244 1599 3306 potero
1640 3237 1884 3292 invenire
1911 3252 2032 3308 qua:

2143 3252 2260 3305 μαι,
2291 3235 2614 3290 κινδυνεύων
2635 3235 2722 3290 ἀεὶ
2747 3234 2870 3288 καθ’
2895 3234 3109 3307 ἡμέραν
3130 3237 3208 3300 είς
3233 3235 3480 3299 θάνατον,
3505 3233 3711 3304 ,ἀνοχὴν

462 3327 664 3382 amissa
702 3341 887 3398 quaero
918 3327 1059 3382 bona
1082 3365 1097 3391 ,
1139 3327 1234 3383 sed
1266 3327 1444 3382 adhuc
1492 3328 1792 3399 majoribus
1830 3329 2032 3384 alliciar

2140 3333 2239 3388 οὐκ
2268 3333 2406 3405 ἔχων
2434 3333 2543 3387 ἀπὸ
2574 3333 2684 3386 τῶν
2713 3333 2966 3404 ἀμέτρων
2991 3332 3117 3404 ἐμοὶ
3145 3331 3470 3404 συμφορῶν*
3491 3333 3584 3384 Δεῖ
3603 3329 3711 3402 γὰρ

460 3415 642 3481 malis,
671 3417 907 3486 pericula
954 3417 1272 3486 quotidiana
1317 3417 1540 3473 subiens
1568 3432 1742 3487 usque
1775 3416 1843 3472 ad
1884 3433 2032 3474 mor-

2144 3440 2213 3493 με
2238 3423 2475 3494 συνεχῶς
2504 3422 2988 3494 ἀποπλανώμενον,
3028 3421 3313 3476 τελειῶσαι
3337 3423 3429 3476 τὸν
3455 3409 3673 3493 δρόμον.

461 3519 602 3576 tem,
643 3526 746 3566 nec
796 3512 1004 3567 habens
1033 3512 1409 3568 remissionem
1447 3513 1516 3566 ab
1569 3513 1852 3570 immensis
1893 3515 2032 3573 meis
2064 3519 2486 3575 calamitatibus.
2524 3518 2751 3590 Oportet
2775 3518 2923 3574 enim
2961 3531 3049 3574 me
3109 3518 3370 3573 continuo
3423 3517 3694 3573 oberrauo

461 3610 594 3666 tem,
635 3618 889 3674 peragere
918 3619 1140 3660 cursum
1169 3605 1313 3660 vitae.

899 3711 975 3767 De
1003 3713 1188 3767 abbate
1221 3712 1555 3783 Benjamino.

531 3803 583 3858 ἰ.
620 3802 762 3857 Dixit
805 3801 973 3856 abbas
1003 3801 1283 3872 Benjamin
1315 3823 1328 3859 :
1359 3804 1588 3871 Quando
1636 3813 1760 3877 post
1791 3821 2026 3864 messem

2521 3711 2661 3781 Περὶ
2697 3709 2806 3766 τοῦ
2836 3711 2988 3767 ἀϐϐᾶ
3017 3713 3321 3782 Βενιαμίν.

2210 3811 2278 3861 α’.
2313 3803 2537 3874 Ἔλεγεν
2575 3805 2604 3857 ὁ
2635 3803 2809 3867 ἀϐϐἄς
2841 3803 3123 3874 Βενιαμὶν,
3151 3804 3346 3870 auia;
3368 3807 3710 3881 κατήλθομεν

462 3893 665 3950 Scetim
705 3893 1116 3960 descendimus,
1141 3896 1441 3953 attulerunt
1474 3899 1633 3956 nobis
1684 3913 1750 3954 ex
1797 3898 2032 3954 Alexan-

2140 3895 2242 3949 ἀπὸ
2267 3893 2361 3948 τοῦ
2400 3893 2590 3965 θέρους
2614 3895 2693 3957 είς
2722 3893 2942 3964 Σκῆτιν,
2981 3895 3218 3964 ἤνεγκαν
3257 3894 3386 3965 ἡμῖν
3419 3896 3527 3950 ἀπὸ
3563 3898 3711 3953 ’Δλε-

461 3985 581 4043 dria
611 3986 972 4051 oblationem,
1021 3987 1250 4058 singulis
1283 4003 1380 4044 vas
1429 3989 1648 4045 sextarii
1689 3990 1794 4046 olei
1837 4004 2032 4062 αγρεε.

2140 3985 2421 4057 ξανδρείας
2467 3985 2866 4056 καρποφορίαν,
2930 3984 3068 4055 πρὸς
3126 3982 3222 4039 ἕνα
3269 3986 3487 4054 ἀγγεῖον
3527 3988 3708 4044 ἐλαίου

463 4084 601 4130 tum.
651 4073 898 4144 Cumque
943 4075 1138 4130 messis
1186 4083 1404 4148 tempus
1453 4079 1728 4142 rediisset,
1765 4078 2032 4149 quidquid

2140 4077 2327 4144 ξέστου
2373 4075 2796 4146 γεγυιξνωμένονο
2846 4074 2942 4129 καὶ
2976 4075 3052 4138 ὡς
3087 4071 3218 4146 ἦλθε
3247 4076 3408 4130 πάλιν
3451 4080 3480 4132 ὁ
3519 4082 3709 4151 καιρὸς

462 4164 662 4234 reliqui
711 4170 887 4226 esset,
934 4162 1132 4219 fratres
1181 4166 1247 4219 ad
1299 4167 1589 4222 ecclesiam
1633 4168 1880 4224 solebant
1932 4168 2032 4224 de-

2140 4167 2232 4222 τοῦ
2263 4167 2475 4239 θέρους,
2509 4168 2563 4219 εἴ
2589 4185 2641 4220 τι
2670 4165 3040 4238 περιέσσευεν,
3084 4167 3134 4218 οί
3162 4166 3378 4236 ἀδελφοὶ
3408 4168 3602 4241 ἔφερον
3630 4175 3709 4235 εἰς

464 4256 626 4311 ferre.
660 4252 772 4324 Ego
806 4268 936 4308 vero
976 4268 1083 4309 non
1122 4255 1308 4324 aperui
1358 4259 1638 4312 vasculum
1674 4273 1890 4324 meutn,
1933 4257 2031 4314 sed

2140 4259 2236 4330 τὴν
2276 4258 2592 4328 ἐκκλησίαν.
2630 4256 2800 4325 Κάγὼ
2838 4258 2986 4328 ἤμην
3034 4256 3108 4328 μὴ
3151 4257 3366 4322 ἀνοίξας
3399 4259 3459 4312 τὸ
3489 4261 3711 4330 ἀγγεῖόν

464 4359 569 4399 acu
612 4341 918 4413 perforavi,
966 4349 1022 4396 et
1069 4358 1260 4412 parum
1295 4343 1492 4400 deduxi
1519 4366 1531 4401 :
1563 4355 1728 4418 atque
1754 4342 1827 4404 in'
1849 4350 2032 4406 animo

2142 4366 2267 4419 μου,
2300 4349 2434 4403 ἀλλά
2473 4351 2540 4420 τῇ
2585 4348 2769 4420 ῥαφίδι
2796 4351 3100 4419 τρυπήσας,
3139 4349 3433 4418 μετέϐαλον
3477 4353 3706 4425 μικρὸν⁶

464 4434 656 4498 habui,
699 4447 730 4486 a
763 4447 848 4488 me
874 4432 1007 4504 quid
1039 4433 1216 4504 magni
1248 4441 1431 4490 actum
1463 4451 1602 4493 esse.
1643 4437 1843 4494 Verum
1884 4451 2032 4512 post-

2140 4437 2232 4491 καὶ
2258 4432 2402 4507 εἶχεν
2439 4439 2473 4507 ὴ
2517 4437 2716 4508 καρδία
2744 4453 2869 4508 μου,
2899 4437 2982 4490 ὅτι
3013 4437 3153 4508 μέγα
3186 4438 3417 4510 πρᾶγμα
3450 4441 3703 4512 ἐποίησα.

465 4543 630 4600 quam
665 4526 964 4582 attulerunt
993 4525 1189 4584 fratres
1217 4542 1347 4582 vasa
1381 4544 1478 4584 sua
1505 4531 1582 4585 uti
1609 4541 1783 4598 erant,
1825 4549 2037 4589 meum-

464 4634 571 4690 que
595 4624 713 4674 erat
740 4615 1072 4688 perforatum
1089 4658 1105 4685 ,
1134 4616 1283 4672 velut
1310 4615 1608 4673 fornicator
1633 4636 1744 4692 prm
1771 4637 2033 4679 verecun-

464 4707 552 4760 dia
579 4707 732 4764 visus
762 4721 905 4762 sum.

533 4797 588 4852 2.
620 4797 759 4868 (86)
797 4796 1002 4854 Retulit
1028 4797 1196 4854 abbas
1225 4797 1504 4868 Benjamin
1547 4799 1840 4857 Celliorum
1873 4817 2036 4874 pres-

465 4887 662 4958 byter:
709 4888 974 4945 Venimus
1026 4889 1226 4945 Scetim
1259 4889 1327 4944 ad
1364 4890 1652 4962 quemdam
1701 4908 1927 4960 senem,
1977 4902 2032 4950 et

466 4974 738 5032 voluimus
765 4977 814 5031 ei
853 4976 983 5034 dare
1011 4993 1202 5047 parum
1229 4979 1370 5043 olei;
1394 4986 1509 5033 tum
1541 4979 1676 5034 dixit
1715 4965 1910 5038 nobis:
1946 4981 2028 5038 En

468 5067 621 5122 locus
649 5066 704 5120 in
747 5082 857 5136 quo
887 5069 1123 5139 positum
1161 5077 1246 5124 est
1275 5083 1504 5140 parvum
1533 5085 1629 5126 vas
1659 5071 1804 5142 quod
1838 5073 1908 5128 ad
1945 5089 2034 5129 me

469 5155 729 5212 attulistis
756 5164 886 5212 ante
910 5158 1239 5226 triennium;
1268 5159 1722 5229 quemadmodum
1767 5164 2033 5220 collocas-

466 5251 540 5303 tis
567 5245 721 5314 illud,
763 5248 837 5301 ita
873 5250 1094 5305 mansit.
1129 5250 1248 5317 Quo
1280 5265 1381 5308 nos
1415 5253 1623 5318 audito,
1650 5251 1908 5309 admirati
1936 5270 2033 5311 su-

453 5350 589 5392 mus
619 5337 766 5391 senis
795 5335 1075 5392 virtutem.

532 5425 589 5482 3.
621 5427 766 5498 (87.),
806 5424 952 5483 Idem
972 5427 1106 5483 dixit
1129 5448 1142 5484 :
1165 5429 1511 5489 Perreximus
1533 5433 1599 5489 ad
1623 5433 1786 5489 alium
1811 5448 2027 5500 senem;

539 5578 583 5612 “
611 5579 718 5634 An.
745 5583 973 5652 τροφῆς.
1051 5581 1116 5613 ⁸⁸⁵
1141 5579 1201 5636 F.
1240 5584 1450 5655 κτῆσις.

534 5688 648 5764 (86)
683 5689 789 5747 Vit.
823 5691 978 5747 Patr.
1020 5709 1094 5761 tv,
1125 5696 1210 5753 12.

2137 4527 2248 4582 Καὶ
2274 4527 2350 4591 ὡς
2380 4528 2619 4599 ἤνεγκαν
2643 4529 2693 4581 οἱ
2724 4512 2944 4599 ἀδελξροὶ
2973 4529 3043 4583 τὰ
3071 4529 3280 4583 ἑαυτῶν
3321 4531 3515 4600 ἀγγεῖα
3540 4550 3706 4603 γεγυ⁶

2136 4618 2364 4690 ψωμένα
2409 4618 2485 4683 ὡς
2529 4613 2690 4690 ἦσαν,
2745 4622 2842 4674 καὶ
2887 4621 2948 4674 τὸ
2990 4621 3120 4694 ἐμὸν
3162 4623 3571 4698 τετρυπημένον
3618 4622 3707 4699 ἦν,

2137 4711 2368 4784 εύρέϐην
2397 4713 2473 4777 ὡς
2503 4714 2803 4785 πορνεύσας
2832 4715 2940 4771 ἀπὸ
2974 4716 3072 4786 τῆς
3103 4717 3384 4787 αἰσχύνης.

2213 4803 2278 4873 β’.
2310 4799 2478 4860 Εἶπεν
2497 4806 2526 4858 ὁ
2556 4805 2728 4870 ἀϐϐᾶς
2746 4807 3001 4878 Βενιαμὶν
3018 4810 3046 4862 ὁ
3075 4795 3438 4880 πρεσϐύτερος
3458 4811 3565 4866 τῶν
3575 4810 3716 4866 Κελο

2139 4894 2287 4958 λίων,
2311 4895 2392 4948 δτι
2417 4896 2806 4968 Παρεϐἁλομεν
2829 4898 2907 4963 είς
2932 4899 3075 4971 Σκῆτ
3086 4917 3134 4953 ιν
3162 4902 3296 4972 πρός
3320 4916 3439 4954 τινα
3457 4897 3711 4972 γέροντα,

2142 4987 2235 5039 καὶ
2269 4985 2612 5090 ξθελήσαμεν
2639 4989 2786 5062 αύτῷ
2817 4989 2998 5061 βαλεῖν
3034 4989 3228 5063 μικρὸν
3263 4992 3437 5045 ἔλαιον
3457 5005 3470 5020 ο
3503 4990 3594 5046 καὶ
3623 4991 3714 5044 λέ-

2141 5094 2227 5146 γει
2282 5080 2446 5149 ἡμῖν’
2493 5080 2627 5136 Ἰδοὺ
2685 5081 2788 5135 ποῦ
2840 5084 3014 5137 κεῖται
3051 5082 3124 5136 τὸ
3175 5084 3369 5154 μικρὸν
3409 5083 3632 5151 ἀγγεῖον
3679 5082 3714 5135 ὃ

2139 5167 2404 5239 ἠνέγκατέ
2449 5187 2538 5241 μοι
2574 5171 2680 5242 πρὸ
2729 5172 2898 5244 τριῶν
2930 5172 3101 5226 ἑτῶν·
3153 5173 3229 5236 ὡς
3273 5171 3505 5243 ὲθήκατε
3548 5171 3708 5237 αὐτὸ,

2140 5255 2312 5320 οὕτως
2351 5257 2582 5328 ἔμεινεν.
2627 5260 2984 5326 Ἀκούσαντες
3026 5262 3082 5317 δὲ
3129 5263 3289 5334 ἡμεῖς
3322 5261 3715 5334 ἐθαυμάσαμεν

2136 5346 2234 5415 τὴν
2266 5347 2537 5403 πολιτείαν
2569 5349 2664 5402 τοῦ
2696 5349 2970 5422 γέροντος.

2207 5444 2277 5507 γ’.
2328 5437 2386 5491 '0
2431 5439 2593 5503 αὐτὸς
2637 5435 2822 5505 εἶπεν.
2873 5443 2954 5497 ὅτι
3002 5444 3387 5516 Παρεϐάλομεν
3430 5443 3573 5515 άλλῳ
3609 5442 3710 5513 γι-

2199 5698 2312 5770 (87)
2342 5699 2475 5778 App.
2502 5713 2555 5770 p.
2585 5699 2712 5766 988,
2742 5715 2790 5756 c.
2815 5701 2869 5758 6.
