3878 6374
357 340 466 413 ιι]

1519 340 1861 398 ΑΡΡΕΝΒΙΧ
1899 341 1992 398 AD
2028 339 2448 397 PALLADIUM.

3506 341 3612 398 ηε

355 455 476 511 Nisi
530 455 829 528 acceperis,
887 437 1166 528 nunquam
1209 470 1307 511 ero
1349 457 1588 526 quietus.
1646 457 1820 516 Senex
1866 460 1967 522 ad.

2073 462 2116 533 rh
2145 462 2316 535 λάϐῃς
2350 461 2500 524 αὐτὸ,
2539 460 2637 513 οὐκ
2668 460 2778 530 ἔχω
2821 459 3128 513 ἀνάπαυσιν
3166 457 3232 509 ’τῷ
3272 457 3430 525 Λέγει
3461 457 3614 529 αὐτῷ

355 561 482 601 eum
505 565 520 602 :
538 547 594 602 Si
614 551 896 619 quiescere
917 564 1024 602 nor.
1044 558 1217 618 potes,
1240 562 1369 604 ecce
1383 549 1806 606 admittoillum.
1827 551 1943 607 Cre-

359 647 538 693 terum
563 640 761 694 mansit
793 655 856 695 eo
885 640 990 695 loci
1017 639 1184 695 frater
1215 655 1389 711 usque
1416 640 1484 694 ad
1507 653 1734 697 mortem
1765 636 1941 711 suam,

361 739 521 800 capto
545 745 641 799 per
658 730 708 784 id
739 730 882 800 quod
915 746 1081 786 senex
1099 738 1284 801 egerat
1301 731 1528 787 salutari
1553 734 1940 793 emolumento.

434 822 489 874 2.
549 820 688 876 Iluic
744 821 928 876 abbati
989 821 1207 879 Gelasio
1263 825 1559 895 aliquando
1611 842 1709 896 per
1757 843 1944 884 senem

365 911 677 979 quemdam,
717 913 1046 967 monachum
1099 913 1263 968 etiam
1299 915 1501 984 ipsum,
1558 916 1790 971 incolam
1840 918 1945 972 loci

366 999 692 1073 Nicopoleos
720 1003 904 1068 vicini,
945 1005 1132 1060 relicta
1175 1006 1279 1060 I‘uit
1319 1008 1456 1062 cella
1503 1023 1630 1063 cum
1670 1025 1800 1079 agro
1838 1010 1949 1064 cir-

367 1082 708 1161 cur‘njacente
734 1110 748 1159 ;
779 1095 1010 1150 colonus
1050 1104 1231 1152 autem
1269 1098 1468 1167 aliquis
1495 1097 1680 1154 Vacati
1710 1101 1948 1158 hominis

368 1182 461 1251 qui
516 1191 645 1237 tunc
679 1185 884 1253 primas
924 1185 1172 1256 Nicopoli
1218 1187 1518 1244 Palestina:
1550 1189 1778 1255 ferebat,
1823 1208 1948 1247 cum

367 1280 517 1328 esset
559 1272 804 1333 defuncti
842 1277 991 1332 senis
1031 1289 1317 1348 cognatus.
1377 1282 1642 1338 accedens
1674 1284 1740 1336 ad
1781 1283 1951 1337 Vaca-

377 1373 518 1427 tum,
552 1366 820 1420 orabatut
849 1367 1113 1435 praedium
1149 1368 1279 1424 illud
1305 1371 1598 1442 acciperet,
1631 1374 1775 1443 quod
1802 1388 1951 1428 nem—

371 1469 439 1523 pe
498 1470 595 1524 per
633 1456 780 1526 leges
831 1458 898 1512 ad
958 1475 1018 1514 se
1067 1464 1353 1531 pervenire
1403 1465 1642 1520 deberet.
1685 1465 1776 1520 Ille
1823 1480 1954 1521 vero

373 1537 528 1607 (erat
577 1542 722 1596 enim
773 1545 1082 1618 violentus)
1128 1564 1293 1604 manu
1341 1553 1561 1622 propria
1608 1569 1798 1623 agrum
1854 1569 1954 1608 au-

2044 556 2072 607 6
2103 554 2311 623 γέρων·
2345 555 2406 606 Εἰ
2435 555 2534 606 οὐκ
2563 550 2838 623 ἀναπαύῃ,
2873 552 3000 605 ·ίδού
3044 551 3270 621 δέχομαι
3308 549 3456 602 αὐτό.
3502 551 3615 602 Καὶ

2044 642 2258 714 ἔμεινεν
2285 644 2314 695 6
2340 643 2564 712 ἁδελφὸς
2596 643 2804 705 ἐκεῖνος
2829 642 2872 673 ⁸⁸
2892 642 2997 704 ἕως
3025 641 3126 710 τῆς
3145 641 3400 710 τελευτῆς
3421 639 3613 702 αὐτοῦ,

2044 733 2345 802 ὠφεληθεὶς
2385 733 2492 787 ἀπὸ
2513 733 2611 803 τῆς
2642 732 2902 804 ἐργασίας
2929 731 3024 785 τοῦ
3056 732 3329 802 γέροντος.
3604 729 3607 731 ’

2119 823 2182 894 β’.
2207 825 2390 894 Τούτῳ
2412 824 2489 895 τῷ
2517 824 2662 894 ἀ66ᾷ
2691 824 2930 892 Γελασίῳ
2961 821 3286 892 κατελείφθη
3317 823 3442 875 ποτὲ
3464 818 3619 888 παρὰ

2046 914 2300 986 γέροντός
2328 933 2489 980 τινος,
2525 914 2760 985 μοναχοῦ
2812 915 2906 967 καὶ
2956 911 3142 976 αὐτοῦ,
3174 913 3302 983 περὶ
3329 911 3423 982 τὴν
3455 911 3618 964 Νικό-

2049 1006 2202 1060 πολιν
2223 1007 2321 1077 τὴν
2349 1005 2564 1077 οἴκησιν
2590 1005 2824 1075 ἔχοντος,
2873 1004 3078 1057 κελλίον
3113 1004 3207 1059 καὶ
3247 1004 3308 1056 τὸ
3334 1003 3462 1074 περὶ
3485 1001 3622 1055 αὐτὸ

2049 1099 2266 1169 χωρίον.
2312 1099 2561 1169 Γεωργὸς
2583 1098 2639 1150 δέ
2662 1115 2744 1160 τις
2769 1097 3014 1150 Βακάτου
3044 1096 3139 1148 τοῦ
3165 1095 3285 1149 τότε
3317 1094 3622 1166 πρωτεύον-

2049 1209 2140 1254 τος
2166 1192 2265 1261 τῆς
2293 1190 2632 1253 Νικοπόλεως
2657 1190 2754 1260 τῆς
2781 1189 2920 1242 κατὰ
2951 1187 3331 1259 Παλαιστίνην,
3356 1183 3623 1254 συγγενὴς

2051 1280 2127 1334 ὢν
2153 1282 2252 1333 τοῦ
2299 1279 2656 1354 κοιμηθέντος
2687 1279 2962 1349 γέροντος,
3009 1275 3323 1347 προσελθὼν
3365 1275 3441 1344 τῷ
3473 1273 3624 1341 αὐτῷ

2054 1375 2286 1446 Βακάτῳ
2322 1375 2474 1444 ἠξίου
2518 1373 2702 1426 λαϐεῖν
2726 1373 2786 1425 τὸ
2824 1371 2957 1424 αὐτὸ
3003 1370 3223 1440 χωρίον,
3249 1369 3322 1430 ὡς
3362 1366 3520 1435 δῆθεν
3563 1367 3626 1417 ἐκ

2051 1467 2160 1521 τῶν
2198 1467 2374 1537 νόμων
2402 1467 2481 1527 είς
2514 1463 2673 1518 αὐτὸν
2703 1462 2875 1515 ἐλθεῖν
2909 1460 3236 1529 ὀφείλοντος.
3292 1459 3349 1511 '0
3377 1457 3434 1508 δὲ
3473 1453 3625 1524 (δρά-

2058 1576 2187 1630 στης
2218 1557 2326 1629 γὰρ
2359 1553 2451 1632 ἦν)
2494 1554 2769 1625 αὐτοχειρὶ
2807 1553 2870 1605 τὸ
2912 1552 3109 1622 χωρίον
3151 1549 3332 1604 λαϐεῖν
3372 1548 3630 1616 ἐπειρᾶτο

373 1627 520 1687 ferre
578 1632 852 1690 nitebatur
882 1637 952 1692 ab
986 1639 1179 1694 abbate
1235 1640 1470 1699 Gelasio.
1505 1643 1606 1710 Qui
1638 1645 1804 1700 abbas
1853 1644 1957 1700 Ge-

2073 1627 2208 1720 παρὰ
2241 1627 2334 1702 τοῦ
2364 1627 2508 1702 esse
2539 1645 2816 1699 Γελασίου.
2851 1643 2942 1712 Μὴ
2992 1642 3160 1694 θέλων
3191 1641 3246 1694 δὲ
3291 1639 3498 1693 κελλίον
3532 1653 3632 1706 μοέ

375 1720 571 1789 Iasius,
607 1726 799 1782 nolens
829 1728 1025 1783 cellam
1077 1734 1434 1789 monasticam
1471 1736 1684 1792 tradere
1715 1738 1832 1792 viro
1857 1753 1957 1793 sar:-

2073 1741 2280 1811 θαχικὸν
2316 1737 2650 1810 παραδοῦναι
2683 1735 2932 1806 κοσμικῷ
2976 1737 3004 1788 6
3042 1734 3205 1796 αὐτὸς
3249 1731 3419 1793 ἁϐϐᾶς
3462 1728 3630 1782 Γελά-

377 1813 575 1881 culari,
620 1832 726 1871 non
783 1819 1029 1876 cedebat.
1079 1825 1146 1876 At
1184 1824 1415 1882 Vacalus
1441 1842 1564 1882 cum
1615 1830 1959 1886 observasset

2073 1846 2195 1892 πιος,
2219 1829 2280 1880 οὐ
2314 1827 2646 1898 παρεχώρει.
2679 1823 3217 1895 Παρατηρησάμενος
3249 1820 3304 1873 δὲ
3333 1821 3360 1871 6
3381 1817 3631 1878 Βακὰτος

373 1903 619 1976 iumenta
648 1909 860 1966 abbatis
887 1912 1089 1968 Gelasii
1109 1917 1408 1973 transferre
1430 1921 1581 1976 oleas
1608 1922 1784 1977 relicti
1809 1923 1958 1980 illius

2073 1921 2124 1974 τὰ
2161 1919 2275 1984 ζῶα
2303 1919 2396 1972 τοῦ
2431 1919 2576 1972 assa
2612 1917 2868 1970 Γελασίου
2903 1914 3274 1985 μεταφέρονται
3311 1911 3407 1973 τὰς
3441 1909 3632 1970 ἐλαίας

377 1999 588 2068 praedii,
629 2016 722 2070 per
762 2002 870 2056 vim
899 2019 964 2059 ea
1005 2006 1279 2073 distraxit,
1333 2011 1620 2082 allatisque
1648 2014 1702 2069 in
1736 2014 1957 2068 domum

2073 2011 2149 2064 τοῦ
2181 2011 2627 2078 καταλειφθέντος
2660 2008 2860 2080 χωρίου
2885 2005 3054 2075 αὐτῷ,
3092 2003 3276 2074 βιαίως
3293 2000 3463 2055 ταῦτα
3494 2001 3635 2053 ἀπο-

381 2104 537 2144 suam
572 2093 726 2156 oleis,
760 2094 847 2149 vix
876 2104 930 2151 et
961 2112 1086 2152 cum
1118 2102 1447 2156 contumelia
1478 2105 1691 2159 remisit
1712 2106 1959 2174 jumenta

2073 2102 2294 2164 ππάσας,
2334 2103 2414 2163 είς
2448 2099 2538 2152 τὸν
2557 2094 2703 2151 οἶκον
2721 2095 2883 2150 αὐτοῦ
2920 2095 3020 2158 τὰς
3057 2094 3240 2155 ἐλαίας
3261 2090 3458 2152 λαϐὼν,
3483 2088 3638 2190 μόλις

381 2195 506 2236 cum
552 2187 920 2244 vcterinariis.
972 2187 1172 2250 Beatus
1204 2206 1334 2247 vero
1380 2207 1544 2249 senex
1628 2196 1810 2265 fruges
1841 2198 1962 2267 qui-

2073 2194 2200 2264 assa
2222 2191 2442 2261 ἀτιμίας
2475 2189 2709 2243 ἀπέλυσε
2734 2188 2801 2241 τὰ
2825 2187 2938 2252 ζῶα
2966 2185 3101 2256 μετὰ
3120 2184 3228 2236 τῶν
3248 2184 3512 2253 κτηνιτῶν
3538 2184 3638 2232 a9-

382 2273 504 2329 dem
539 2291 881 2348 nequaquam
914 2281 1229 2342 vindicabat.
1257 2283 1383 2348 sibi,
1418 2285 1513 2339 sed
1555 2286 1744 2356 pra-dii
1782 2287 1962 2341 domi-

2073 2288 2185 2346 :G'Jv.
2229 2283 2289 2338 Ὀ
2309 2284 2365 2337 δέ
2397 2282 2665 2354 μακάριος
2679 2282 2855 2352 γέρων
2885 2279 2979 2334 τοῦ
3006 2280 3102 2349 μὲν
3118 2274 3331 2346 καρποῦ
3360 2274 3466 2328 οὐδ’
3501 2272 3639 2334 ὅλως

383 2363 476 2417 nio
509 2364 704 2420 cedere
736 2368 975 2434 nolebat,
1025 2371 1096 2425 ob
1145 2373 1461 2442 praedictam
1501 2390 1746 2430 causam.
1797 2375 1964 2446 Igitur

383 2462 575 2508 contra
608 2471 730 2510 eum
770 2461 1134 2517 exardescens
1161 2461 1400 2517 Vacatus
1425 2503 1439 2526 ,
1473 2463 1596 2518 aliis
1626 2479 1842 2534 quoque
1870 2481 1962 2520 ne-

384 2543 548 2611 gotiis
591 2547 931 2605 trahentibus
955 2593 970 2612 ,
1007 2549 1130 2605 nam
1167 2554 1440 2624 litigiosus
1474 2565 1591 2610 erat
1623 2598 1638 2620 ,
1687 2556 1961 2624 Constan-

388 2634 668 2703 tinopolim
700 2639 949 2695 concitus
982 2643 1241 2710 perrexit,
1295 2645 1530 2714 pedestri
1583 2635 1773 2702 itinere
1803 2617 1967 2717 profi-

387 2724 620 2780 ciscens.
673 2727 807 2781 Cum
856 2737 1037 2793 autem
1090 2735 1328 2808 venisset
1377 2736 1524 2790 circa
1583 2737 1963 2804 Antiochiam,

388 2820 522 2868 tunc
551 2816 723 2871 instar
754 2819 1041 2877 luminaris
1076 2825 1256 2894 magni
1285 2825 1522 2895 fulgente
1547 2827 1709 2882 beato
1739 2828 1966 2899 Symeo-

390 2919 479 2967 ne,
511 2907 740 2963 audiens
771 2927 891 2979 quae
917 2912 983 2967 de
1011 2912 1104 2967 illo
1134 2913 1447 2971 ferebantur
1477 2918 1776 2988 (humanas
1807 2921 1954 2975 enim

391 2996 537 3051 vires
559 3001 936 3073 superabant),
961 3003 1294 3062 desideravit
1324 3015 1582 3078 tanquam
1612 3010 1964 3067 Christianus

393 3095 646 3140 sanctum
690 3090 896 3147 videre.
935 3093 1002 3146 At
1052 3104 1278 3150 sanctus
1327 3097 1583 3167 Symeon,
1625 3115 1654 3152 e
1713 3101 1966 3156 columna

394 3180 745 3247 conspicatus
771 3198 894 3237 eum
931 3187 1116 3239 statim
1147 3188 1440 3242 intrantem
1470 3190 1525 3242 in
1555 3193 1963 3257 monasterium,
2001 3169 2044 3228 δ

393 3269 751 3340 interrogavit
804 3291 818 3327 :
870 3274 1038 3344 Cujas
1076 3278 1168 3332 es?
1193 3287 1246 3333 et
1280 3293 1389 3348 quo
1445 3281 1636 3335 vadis?
1680 3281 1978 3352 Respondit

395 3360 487 3415 ille
520 3379 534 3415 :
570 3361 896 3421 Palaestinus
947 3383 1107 3434 sum;
1163 3368 1694 3442 Constantinopolim
1749 3373 1969 3442 prolici-

395 3465 544 3506 scor.
587 3451 824 3522 Symeon
865 3456 1020 3521 τρυε
1053 3458 1121 3514 de
1173 3462 1377 3514 causa?
1423 3460 1700 3516 Vacalus:
1749 3462 1980 3533 Pr0pter

397 3543 570 3597 multa
598 3547 842 3614 negot-ia;
867 3563 931 3602 ac
953 3565 1133 3618 spero,
1164 3566 1260 3620 per
1295 3568 1484 3621 preces
1531 3555 1838 3609 sanctitatis
1871 3563 1979 3611 tuae

397 3632 700 3687 rediturum
735 3651 842 3699 me,
909 3648 1074 3707 atque
1123 3640 1478 3695 adoraturum
1517 3651 1705 3696 sancta
1752 3645 1976 3714 vestigia

397 3729 514 3779 tua.
551 3723 693 3779 Dicit
721 3725 771 3781 ei
798 3737 1022 3783 sanctus
1051 3729 1284 3799 Symeon
1317 3749 1328 3784 :
1355 3730 1472 3785 Non
1507 3733 1589 3786 vis
1613 3731 1798 3808 fateri,
1830 3749 1863 3787 o
1897 3735 1980 3810 in;

398 3824 481 3872 ter
515 3816 765 3873 homines
796 3818 1102 3890 deploratc,
1151 3822 1294 3890 quod
1327 3832 1518 3876 contra
1550 3823 1824 3879 hominem
1883 3823 1977 3879 Dei

399 3907 583 3963 abeas.
628 3908 734 3964 Sed
767 3927 1089 3980 prosperum
1123 3930 1232 3967 non
1267 3915 1494 3970 habebis
1528 3915 1631 3970 iter
1660 3932 1836 3986 neque
1865 3932 1980 3970 am-

400 3999 547 4068 plius
578 4001 1045 4056 videbis'domum
1097 4012 1267 4058 tuam.
1313 4003 1370 4058 Si
1409 4021 1539 4076 ergo
1561 4023 1722 4076 pares
1748 4010 1978 4064 consilio

399 4105 543 4152 meo,
580 4089 708 4144 hinc
755 4092 866 4160 jam
897 4094 1180 4158 recedens,
1215 4096 1279 4150 ad
1315 4097 1491 4165 ipsum
1549 4100 1890 4169 properabis,
1925 4109 1979 4156 et

399 4194 541 4249 genu
568 4177 707 4232 flexo
745 4187 896 4247 petes
953 4184 1188 4246 veniam,
1225 4186 1390 4239 modo
1415 4186 1592 4241 adhuc
1621 4187 1776 4244 vivus
1803 4190 1870 4244 ad
1895 4191 1977 4245 Io-

401 4286 526 4324 eum
577 4272 885 4342 pertigeris.
937 4272 1135 4326 Statim
1178 4275 1344 4344 igitur
1377 4275 1526 4330 febre
1557 4289 1840 4350 correptus
1872 4290 1975 4347 est,

401 4362 456 4410 et
490 4369 520 4408 a
555 4356 850 4412 comitibus
878 4359 932 4411 in
962 4359 1214 4413 lecticam
1247 4365 1468 4424 missus.
1508 4363 1800 4421 festinabat
1821 4370 1978 4438 juxta

403 4446 580 4500 sancti
622 4444 909 4516 Symeouis
941 4464 1245 4504 sermonem
1295 4460 1352 4506 ut
1386 4453 1452 4507 ad
1482 4456 1757 4524 regionem
1789 4475 1980 4528 perve-

402 4537 569 4601 πίνει,
623 4546 788 4608 atque
821 4539 1006 4594 abbati
1063 4539 1280 4596 Gelasio
1313 4545 1579 4612 ptenitere
1635 4563 1698 4603 se
1730 4565 1826 4618 per
1854 4568 1980 4620 pro-

403 4628 624 4683 fundam
660 4630 1071 4686 inclinationem
1115 4642 1468 4689 monstraret.
1507 4634 1706 4691 Verum
1745 4639 1834 4692 ubi
1879 4640 1979 4694 Be-

401 4729 584 4790 rytum
615 4721 816 4792 attigit,
850 4731 1102 4779 mortuus
1119 4733 1224 4788 est,
1256 4741 1356 4780 nec
1382 4727 1517 4780 vidit
1549 4728 1768 4784 domum
1800 4747 1976 4797 suam,

396 4811 554 4880 juxta
590 4815 765 4867 sancti
799 4815 1229 4882 praedictionem.
1266 4817 1372 4871 Ista
1397 4817 1541 4873 filius
1572 4820 1710 4887 ejus,
1740 4819 1979 4876 Vacatus

400 4902 565 4956 etiam
599 4904 846 4969 nomine,
874 4915 998 4973 post
1046 4913 1276 4960 mortem
1331 4907 1524 4977 patris,
1561 4910 1748 4964 multis
1778 4925 1841 4964 ac
1878 4912 1980 4968 fide

401 4993 582 5062 dignis
609 4993 921 5050 hominibus
952 4997 1252 5053 enarravit.

473 5085 528 5138 3.
565 5082 628 5137 Et
659 5085 762 5139 hoc
786 5101 1003 5156 quoque
1034 5088 1192 5141 multi
1221 5103 1252 5142 e
1287 5089 1575 5159 discipulis
1605 5090 1727 5159 ejus
1779 5094 1979 5147 retule-

402 5183 533 5229 runt
563 5191 577 5228 :
614 5176 924 5244 Aliquando
955 5179 1109 5249 pisce
1141 5179 1210 5234 ad
1241 5180 1439 5236 fratres
1467 5182 1652 5249 allato,
1679 5197 1804 5238 cum
1824 5185 1976 5238 illum

401 5280 614 5335 eoquus
647 5266 910 5334 frixisset,
965 5270 1199 5338 portavit
1234 5270 1299 5324 ad
1357 5273 1692 5338 cellaritam;
1743 5275 1980 5329 necessi-

403 5365 516 5412 tate
549 5364 728 5412 autem
764 5359 1063 5414 cellaritam
1093 5369 1337 5430 urgente,
1369 5362 1533 5415 exivit
1561 5378 1590 5416 e
1616 5363 1858 5425 cellario,
1888 5378 1980 5416 re-

402 5449 659 5518 linquens
690 5449 894 5519 piscem
933 5450 1082 5505 humi
1123 5454 1174 5506 in
1209 5468 1357 5514 vase,
1396 5452 1661 5506 mandans
1703 5453 1980 5506 alumnulo

403 5537 550 5596 beati
587 5537 787 5596 Gelasii
826 5550 883 5594 ut
917 5543 1219 5600 custodiret
1261 5544 1329 5598 ad
1361 5554 1597 5614 tempus,
1654 5543 1826 5598 donec
1864 5545 1982 5613 ipse

476 5692 524 5740 ⁸⁷
550 5695 632 5752 ΑΙ.
671 5696 995 5768 ἁναπαῆναι.
1080 5699 1121 5740 δ’
1142 5699 1227 5758 Al.
1264 5699 1399 5766 ἐκεῖ,
1478 5699 1518 5730 ¹⁹
1553 5697 1637 5753 ΑΙ.
1671 5692 1870 5768 ὑφ’ὧν.

2060 2376 2411 2445 ἀντεποιήθη,
2437 2377 2535 2444 τῆς
2551 2374 2606 2425 δὲ
2632 2371 2948 2433 δεσποτείας
2974 2370 3065 2422 τοῦ
3093 2367 3292 2438 χωρίου
3305 2367 3363 2418 οὐ
3390 2362 3642 2433 παρεχώ-

2065 2484 2216 2539 ρησε,
2253 2464 2341 2518 διὰ
2375 2466 2473 2534 τὴν
2491 2463 2788 2534 εἰρημένην
2811 2461 3007 2513 αἰτίαν.
3039 2460 3153 2526 Ἐφ’
3185 2458 3242 2510 ὃν
3267 2458 3309 2488 ¹⁹
3329 2453 3580 2522 ἐξαφθεὶς
3611 2452 3643 2504 6

2063 2555 2538 2627 Βακὰτος,χρε;ὦν
2569 2555 2663 2608 καλ⁵
2685 2553 2855 2608 ἄλλων
2873 2549 3144 2603 ἑλκουσῶν
3174 2547 3332 2601 αὐτὸν
3349 2543 3643 2617 (φιλόδικος

2063 2647 2172 2716 γὰρ
2198 2643 2311 2716 ἦν),
2345 2645 2436 2696 ἐπὶ
2453 2639 3017 2696 Κωνσταντινούπολιν
3043 2639 3209 2708 ὁρμᾷ,
3231 2635 3366 2704 πεζῇ
3394 2634 3488 2702 τὴν
3505 2631 3646 2684 ὁδοι-

2066 2739 2259 2808 πορίαν
2273 2735 2611 2806 ποιούμενος.
2629 2734 2921 2804 Γενόμενος
2936 2732 2992 2784 δὲ
3014 2729 3151 2784 κατὰ
3167 2729 3263 2799 τὴν
3289 2727 3645 2795 Ἀντιόχειαν,

2065 2826 2183 2879 τότε
2213 2825 2288 2887 ὡς
2325 2823 2560 2892 μεγάλου
2589 2823 2871 2892 φωστῆρος
2891 2821 3196 2890 λάμποντος
3223 2817 3317 2870 τοῦ
3354 2815 3508 2883 ἁγίου
3543 2815 3648 2868 Eur

2071 2915 2236 2986 μεὼν,
2254 2915 2321 2968 τὰ
2345 2915 2462 2968 κατ’
2483 2915 2641 2968 αὐτὸν
2657 2914 2890 2977 ἀκούσας
2921 2913 3042 2981 (ὐπέ
3051 2930 3082 2983 ρ
3109 2911 3388 2981 ἄνθρωπον
3406 2909 3511 2980 γὰρ
3531 2904 3649 2978 ἦν),

2079 3004 2422 3073 ἐπεθύμησεν
2489 3004 2564 3065 ὡς
2622 3001 2928 3073 χριστιανὸς
2969 3000 3058 3052 τὸν
3113 3000 3264 3068 ἅγιον
3328 2995 3646 3050 θεάσασθαι.

2075 3095 2222 3149 Ἰδὼν
2263 3096 2319 3148 δὲ
2367 3095 2527 3148 αὐτὸν
2573 3095 2680 3147 ἀπὸ
2722 3093 2814 3146 τοῦ
2860 3092 3051 3144 στύλου
3115 3092 3142 3143 6
3204 3091 3354 3157 ἅγιος
3400 3084 3648 3155 Συμεὼν,

2077 3186 2235 3248 εὐθὺς
2268 3184 2572 3237 εἰσελθόντα
2598 3184 2676 3246 είς
2702 3183 2763 3235 τὸ
2804 3183 3183 3253 μοναστήριον,
3223 3177 3443 3249 ἠρώταο
3479 3176 3654 3259 Πόθεν

2076 3271 2147 3337 εἷ,
2179 3276 2274 3328 καὶ
2298 3273 2399 3326 ποῦ
2426 3275 2665 3345 πορεύῃ;
2715 3275 2773 3326 Ὁ
2799 3272 2856 3326 δέ.
2879 3288 3042 3344 φησιν
3061 3287 3074 3300 ο
3118 3270 3251 3322 Ἀπὸ
3284 3266 3655 3336 Παλαιστίνης

2078 3369 2212 3438 είμὶ,
2247 3369 2341 3422 καὶ
2378 3370 2455 3431 είς
2483 3366 3045 3422 Κωνσταντινούπολιν
3079 3364 3291 3432 ὑπάγω.
3333 3363 3390 3413 '0
3424 3361 3479 3413 δὲ
3513 3359 3654 3430 πρὸς

2079 3461 2272 3514 αὐτόν·
2320 3461 2430 3513 Kal.
2466 3459 2606 3522 τίνος
2640 3460 2829 3530 χὰριν;
2880 3459 3041 3526 Λέγει
3092 3456 3239 3526 αὐτῷ
3288 3457 3317 3507 6
3370 3454 3654 3513 Βακὰτοςο

2078 3553 2178 3605 Διὰ
2216 3553 2402 3622 χρείας
2443 3550 2673 3614 πολλάς
2709 3550 2805 3602 καὶ
2836 3549 3040 3613 ἐλπίζω
3085 3548 3171 3600 διὰ
3211 3545 3320 3598 τῶν
3347 3543 3519 3613 εὐχῶν
3551 3541 3655 3611 τῆς

2080 3644 2386 3713 ἁγιωσύνης
2413 3661 2505 3696 σου
2538 3641 2870 3696 ἐπαναλῦσαι
2891 3680 2906 3703 ,
2937 3641 3032 3694 καὶ
3069 3640 3390 3709 προσκυνεῖν
3420 3636 3485 3688 τὰ
3520 3634 3656 3701 ἆγιὰ

2080 3752 2170 3788 σου
2207 3727 2349 3803 ίχνη.
2380 3734 2491 3786 Kal.
2511 3733 2658 3803 λέγει
2679 3732 2829 3802 αὐτῷ
2856 3735 2884 3785 6
2915 3731 3067 3799 ἆγιος
3088 3731 3158 3781 Συ
3166 3727 3307 3799 μεών
3329 3745 3343 3758 ·
3363 3728 3434 3780 Οὐ
3455 3725 3651 3789 θέλεις,

2077 3827 2363 3880 ἀνέλπιστε
2388 3824 2494 3878 τῶν
2515 3824 2836 3894 ἀνθρώπων,
2868 3823 3040 3874 εἰπεῖν
3063 3821 3143 3872 ὅτι
3167 3818 3305 3872 κατὰ
3330 3817 3422 3869 τοῦ
3450 3815 3658 3884 ἀνθρώ-

2079 3933 2182 3967 που
2194 3915 2286 3967 τοῦ
2301 3913 2434 3966 Θεοῦ
2456 3913 2680 3984 ἁνέρχη.
2699 3913 2940 3965 Ἀλλ⁹οὐκ
2953 3909 3110 3963 εὐοδά
3125 3927 3205 3962 σοι
3219 3909 3364 3960 ἔσται
3376 3948 3388 3971 ,
3401 3907 3520 3959 οὐδὲ
3532 3906 3655 3989 διιτει

2079 4006 2159 4060 ἐτι
2185 4007 2280 4059 τὸν
2299 4002 2448 4058 οἶκόν
2476 4022 2592 4058 σου.
2633 4005 2758 4057 Ἐὰν
2785 4001 2878 4058 οὖν
2911 4003 3071 4074 πείθῃ
3095 4004 3160 4072 τῇ
3197 3999 3494 4071 συμὸουλίᾳ
3526 4014 3656 4067 μου,

2080 4097 2326 4149 ἐντεῦθεν
2352 4096 2450 4166 ἤδη
2480 4095 2915 4165 ἁναλύσας”πρὸς
2940 4093 3102 4146 αὐτὸν
3131 4094 3326 4162 ὁρμᾷς,
3354 4091 3447 4142 καὶ
3487 4106 3657 4158 μετα-

2079 4189 2217 4249 νοεῖς
2261 4185 2428 4254 αὐτῷ,
2471 4185 2586 4254 εἴγε
2626 4189 2684 4239 ἐν
2728 4190 2842 4248 τοῖς
2886 4185 3048 4249 ζῶσιν
3094 4183 3169 4235 ὢν
3209 4181 3521 4252 καταλάϐῃς
3563 4180 3659 4232 τὸν

2078 4260 2260 4328 τόπον.
2313 4274 2528 4338 Εὐθέως
2567 4270 2659 4328 οὖν
2697 4274 2923 4344 ληφθεὶς
2973 4271 3076 4326 ὐπὸ
3119 4271 3375 4342 πυρετοῦ,
3407 4271 3502 4323 xal.
3551 4268 3660 4323 ὑπὸ

2079 4365 2188 4418 τῶν
2227 4364 2491 4418 συνόντων
2542 4367 2600 4418 ἐν
2629 4364 2884 4433 λεκτικίῳ
2927 4363 3163 4433 βληθεὶς,
3210 4361 3468 4430 ἠπείγετο
3515 4358 3659 4412 κατὰ

2081 4457 2172 4509 τὸν
2202 4456 2357 4523 λόγον
2388 4455 2480 4509 τοῦ
2513 4455 2668 4524 ἁγίου
2701 4455 2923 4524 Συμεὼν
2969 4452 3293 4507 καταλαΰεῖν
3325 4451 3423 4522 τὴν
3450 4449 3656 4520 χώραν,

2073 4549 2180 4602 ,καὶ
2235 4548 2561 4616 μετανοῆσαι
2615 4546 2692 4616 τῷ
2742 4545 2888 4616 esse
2929 4545 3192 4614 Γελασίῳ.
3257 4542 3414 4595 Ἀλλὰ
3449 4542 3660 4609 φθάσας

2083 4637 2182 4708 τὴν
2218 4637 2480 4707 Βήρυτον,
2525 4635 2858 4703 ἐτελεύτησε,
2893 4634 2966 4705 μὴ
3007 4634 3338 4702 θεασάμενος
3383 4631 3475 4684 τὸν
3511 4626 3658 4682 οἶκον

2086 4726 2274 4790 αὐτοῦ,
2319 4726 2460 4780 κατὰ
2507 4728 2606 4796 τὴν
2651 4725 2987 4796 προφητείαν
3020 4723 3114 4776 τοῦ
3164 4722 3341 4790 ἁγίου.
3395 4718 3579 4773 Ταῦτα
3633 4723 3662 4773 6

2087 4819 2200 4881 υἱὸς
2227 4817 2414 4881 αὐτοῦ,
2461 4817 2704 4880 Βακάτος
2737 4817 2830 4870 καὶ
2862 4816 3022 4878 αὐτὸς
3057 4814 3366 4893 λεγόμενος,
3401 4810 3538 4881 μετὰ
3562 4809 3660 4876 τὴν

2085 4911 2342 4981 τελευτὴν
2370 4909 2464 4963 τοῦ
2496 4909 2702 4979 πατρὸς
2735 4908 2919 4972 αὐτοῦ,
2952 4907 3163 4968 πολλοῖς
3202 4905 3296 4958 xa‘.
3327 4901 3663 4966 ἀξιοπίστους

2087 4993 2312 5072 ἀνδράσι
2340 5001 2655 5072 διηγήσατο.

2156 5093 2224 5162 γ’.
2267 5092 2377 5146 Καὶ
2408 5092 2566 5144 τοῦτο
2603 5091 2660 5143 δέ
2696 5090 2880 5142 πολλοὶ
2939 5089 3048 5142 τῶν
3088 5085 3340 5157 μαθητῶν
3379 5082 3545 5137 αὐτοῦ
3579 5081 3680 5134 διν

2085 5187 2374 5256 ηγήσαντο’
2407 5185 2485 5236 ὅτι
2518 5182 2653 5234 Ποτὲ
2683 5181 2906 5252 ὀψαρίου
2937 5178 3242 5249 ἐνεχθέντος
3273 5177 3476 5238 αὐτοῖς,
3507 5172 3682 5226 τοῦτο·

2089 5274 2382 5346 τηγανίσας
2437 5276 2466 5327 6
2525 5276 2818 5346 μάγειρος,
2867 5263 3149 5342 εἰσήνεγκε
3206 5271 3283 5342 τῷ
3335 5267 3661 5338 κελλαρίτῃ⁸

2089 5362 2278 5433 χρείας
2327 5363 2382 5416 δὲ
2433 5361 2759 5433 ἐπειγούσης
2801 5363 2893 5415 τὸν
2944 5360 3284 5431 κελλαρίτην,
3331 5357 3518 5428 ἐξῆλθε
3568 5353 3666 5414 τοῦ

2088 5453 2394 5523 κελλαρίου,
2427 5453 2592 5513 ἐάσας
2621 5454 2683 5506 τὸ
2727 5453 2950 5524 ὀψάριον
3000 5455 3056 5506 ἐν
3092 5452 3275 5504 σκεύει
3302 5449 3494 5520 χαμαὶ,
3526 5461 3668 5517 παρ-

2089 5545 2345 5613 αγγείλας
2383 5545 2694 5616 θρεπταρίῳ
2744 5545 2923 5618 μικρῷ
2959 5545 3051 5600 τοῦ
3101 5541 3366 5616 μακαρίου
3404 5539 3670 5594 Γελασίου
