3878 6302
195 355 300 412 ιιν

1326 339 1942 405 APOPHTHEGMATA
1976 341 2283 404 PATRUM.

3343 349 3444 409 150

181 465 476 536 φυλάττειν
503 465 638 522 αὐτὸ
669 464 806 537 πρὸς
829 464 1006 535 ὥραν,
1031 463 1134 525 ἕως
1159 454 1220 517 οὗ
1251 461 1551 533 ἀνακάμψῃ
1571 479 1584 492 ·
1623 460 1684 512 τὸ
1712 457 1768 512 δέ

1879 467 2275 527 reverteretur;
2345 475 2480 538 puer
2534 475 2662 516 vero
2713 459 2852 531 gula:
2903 459 3131 516 libidine
3179 469 3441 530 tentatus,

181 557 398 610 παιδίον
441 555 742 627 λιχνισθὲν,
777 555 970 610 ἔϐαλεν
1021 553 1224 608 ἐσθίειν
1266 553 1498 623 ἀφειδῶς
1529 553 1589 606 τὸ
1632 551 1768 622 ὀψά-

181 665 322 718 ριον.
365 647 646 700 Εἰσελθὼν
689 647 746 699 δὲ
801 649 830 699 ό
879 645 1226 716 κελλαρίτης,
1285 645 1382 697 καὶ
1413 641 1588 712 εὑρὼν
1639 639 1796 724 αὐτὸ⁹

179 739 388 802 ἐσθίον,
419 739 818 808 ἀγανακτήσας
851 737 992 790 κατὰ
1019 735 1114 788 τοῦ
1149 735 1338 798 παιδὸς
1381 734 1558 804 χαμαὶ
1601 732 1772 802 καθη-

183 831 372 900 μένου,
405 830 854 902 ἀπαρατηρήτως
884 828 964 900 τῷ
987 829 1108 882 ποδὶ
1134 827 1345 897 ὤθησεν
1367 843 1378 856 ·
1399 825 1462 890 ἐξ
1493 825 1770 896 ἐνεργείας

97 905 108 914 ’
179 922 236 975 δέ
291 939 472 986 τινος,
525 921 668 974 κατά
717 921 940 990 -καιρίου
999 919 1316 992 κρουσθεὶς,
1368 916 1768 987 λειποθυμὴσας

181 1009 480 1064 ἀπέθανεν.
531 1011 592 1064 ’0
621 1011 676 1063 δὲ
699 1009 1022 1080 κελλαρίτης
1049 1009 1200 1078 φόϐῳ
1231 1005 1608 1076 κατασχεθεὶς,
1641 1007 1771 1060 ἀνα-

181 1101 370 1163 κλίνας
427 1101 622 1154 τοῦτον
663 1102 721 1152 ἐν
749 1104 815 1172 τῇ
863 1100 971 1170 ίδίᾳ
1021 1098 1275 1169 στρώσει,
1325 1100 1418 1151 καὶ
1467 1098 1766 1161 σκεπάσας,

181 1191 440 1243 ἀπελθὼν
473 1190 786 1261 προσέπεσε
833 1192 944 1252 τοῖς
989 1190 1115 1242 ποσὶ
1159 1187 1252 1241 τοῦ
1301 1187 1444 1241 ἀϐϐἄ
1491 1187 1766 1250 Γελασίου,

181 1280 552 1348 ἀπαγγέλλων
581 1279 731 1350 αὐτῷ
773 1280 834 1332 τὸ
865 1279 1178 1350 γενόμενον.
1224 1280 1282 1330 '0
1308 1277 1365 1331 δὲ
1397 1275 1768 1349 παραγγείλας

181 1373 334 1442 αὐτῷ
365 1373 562 1444 μηδενὶ
616 1371 761 1443 ἄλλῳ
795 1375 988 1436 εἰπεῖν,
1027 1371 1312 1425 ἐκέλευσεν
1356 1370 1502 1440 αὐτῷ
1539 1367 1678 1440 μετά
1707 1366 1770 1419 τὸ

183 1465 394 1526 πάντας
429 1463 706 1534 ήσυχά-σαι
753 1464 1015 1534 ἑσπέρας,
1066 1461 1370 1530 εἰσενέγκαι
1423 1459 1556 1512 αὐτὸ
1596 1461 1675 1519 είς
1707 1457 1770 1509 τὸ

179 1554 518 1619 διακονικὸν,
551 1555 648 1608 καὶ
678 1553 852 1608 θεῖναι
901 1551 1208 1624 ἔμπροσθεν
1233 1552 1328 1604 τοῦ
1361 1548 1766 1617 θυσιαστηρίου,

181 1645 280 1698 καὶ
307 1643 692 1716 ἀναχωρῆσαι.
733 1644 846 1696 Καὶ
878 1641 1048 1695 ἐλθὼν
1079 1644 1106 1694 ό
1141 1641 1316 1712 γέρων
1351 1641 1429 1702 είς
1453 1639 1516 1692 τὸ
1535 1639 1769 1691 διακονι-

183 1735 300 1798 κὸν,
331 1735 468 1806 ἔστη
501 1736 582 1796 είς
625 1733 930 1804 προσευχήν
953 1748 969 1765 ·
1005 1733 1098 1786 καὶ
1127 1735 1192 1802 τῇ
1233 1730 1352 1801 ὥρᾳ
1385 1730 1482 1797 τῆς
1517 1746 1769 1799 νυκτερι-

183 1827 280 1894 νῆς
317 1809 670 1894 ψαλμῳδίας,
705 1823 1079 1894 συναχθέντων
1117 1823 1224 1876 τῶν
1254 1821 1517 1890 ἀδελφῶν,
1551 1820 1771 1890 ἐξῆλθεν

183 1919 212 1968 δ
249 1917 432 1986 γέρων
464 1916 608 1986 ἔχων
635 1915 956 1970 ἀκολουθοῦν
995 1915 1126 1969 αὐτὸ
1161 1915 1222 1966 τὸ
1256 1915 1538 1984 μειράκιον
1559 1927 1573 1941 ·
1609 1911 1772 1984 μηδε-

183 2006 272 2068 νὸς
307 2006 368 2058 τὺ
397 2007 696 2076 γενόμενον
727 2006 948 2070 εἰδότος,
980 2005 1120 2077 πλὴν
1163 2003 1352 2071 αὑτοῦ,
1383 2005 1475 2058 καὶ
1513 2002 1606 2056 τοῦ
1647 2003 1772 2056 κελ-

183 2096 432 2166 λαρίτου,
469 2097 579 2160 ἓως
603 2097 706 2167 τῆς
737 2095 902 2152 αὑτοῦ
932 2096 1228 2166 τελευτῆς.¹

249 2188 316 2242 δ’.
361 2189 600 2254 Ἔλεγον
637 2189 766 2259 περὶ
802 2188 895 2252 τοῦ
936 2187 1082 2254 ἀϐϐᾶ
1123 2189 1406 2254 Γελασίου,
1444 2189 1541 2259 οὐχ
1579 2191 1628 2242 οἱ
1668 2207 1774 2262 μα-

185 2279 346 2347 θηταὶ
389 2279 566 2332 αὑτοῦ
620 2280 798 2350 μόνον,
835 2279 970 2333 ἀλλά
1023 2281 1114 2334 καὶ
1160 2279 1346 2338 πολλοὶ
1393 2280 1502 2336 τῶν
1555 2282 1773 2345 πυκνῶς

181 2367 798 2439 αὐτῷ-παραϐαλόντων
829 2368 1132 2438 διηγοῦντο,
1167 2369 1250 2422 ὅτι
1279 2371 1336 2422 ἐν
1365 2368 1441 2438 τῷ
1471 2368 1646 2439 καιρῷ
1673 2369 1772 2438 τῆς

181 2457 578 2528 οἱκουμενικῆς
615 2457 832 2510 συνόδου
859 2459 958 2527 τῆς
989 2461 1048 2510 ἐν
1075 2457 1377 2527 Καλχηδόνι
1405 2457 1469 2522 η,
1497 2459 1771 2519 θεοδόσιος

181 2547 212 2598 ό
237 2545 638 2616 προκατάρξας
676 2547 734 2598 ἐν
782 2545 1116 2616 Παλαιστίνῃ
1161 2545 1255 2598 τοῦ
1303 2545 1440 2598 κατὰ
1484 2545 1770 2615 Διόσκορον

183 2635 494 2706 σχίσματος
527 2639 596 2702 ’⁸,
637 2636 923 2706 προλαϐὼν
949 2638 1073 2699 τοὺς
1103 2637 1432 2700 ἐπισκόπους
1459 2636 1769 2692 ἐπανελθεῖν

185 2729 486 2797 μέλλοντας
521 2729 614 2782 ἐπὶ
645 2728 743 2792 τὰς
777 2727 910 2790 ιδίας
951 2727 1271 2799 Ἐκκλησίας
1307 2729 1508 2799 (παρῆν
1542 2730 1650 2800 γὰρ
1677 2729 1769 2782 καὶ

183 2817 346 2878 αὐτὸς
381 2819 442 2868 ἐν
477 2816 1068 2880 Κωνσταντινουπόλει,
1098 2817 1344 2886 διωχθεὶς
1373 2817 1480 2870 ἀπὸ
1503 2819 1602 2887 τῆς
1636 2817 1770 2880 ἰδίας

185 2907 452 2974 πατρίδος
483 2905 560 2969 ὡς
583 2909 848 2977 ταραχαῖς
879 2905 970 2960 ἀεὶ
993 2907 1218 2978 χαίρων)
1253 2907 1478 2978 ὥρμησε
1511 2909 1646 2978 πρὸς
1677 2909 1796 2961 τὸν

183 2995 362 3048 ἀϐϐἆν
413 2995 452 3046 Γ
457 2996 672 3048 ελάσιον
723 2998 803 3058 είς
851 2997 912 3048 τὸ
949 2995 1114 3048 αὐτοῦ
1167 2998 1546 3068 μοναστήριον,
1594 2997 1768 3065 λέγων

185 3085 330 3139 κατὰ
369 3086 474 3155 τῆς
507 3085 746 3148 συνόδου,
778 3085 852 3148 ὡς
888 3087 947 3138 τὸ
981 3087 1272 3154 Νεστορίού
1304 3086 1478 3156 δόγμα
1519 3091 1768 3159 κυρωσά-

187 3193 318 3248 σηςο
357 3177 460 3228 Διά
488 3175 680 3228 τούτου
705 3174 937 3246 νομίζων
961 3175 1050 3228 τὸν
1073 3175 1226 3244 ᾶγιον
1255 3177 1616 3247 ὑφαρπάζειν,
1643 3179 1776 3248 πρὸς

189 3268 494 3338 συνεργίαν
519 3266 620 3334 τῆς
651 3267 816 3320 αὐτοῦ
849 3267 1198 3338 ῥᾳδιουργίας
1224 3267 1320 3320 καὶ
1343 3267 1582 3344 τοῦικατ’
1617 3269 1776 3324 αὑτὸν

191 3360 520 3428 σχίσματος.
573 3358 630 3410 '0
679 3357 734 3409 δὲ
778 3359 840 3409 ἐκ
887 3359 980 3426 τῆς
1007 3358 1100 3410 τοῦ
1135 3358 1328 3428 ἀνδρὸς
1371 3359 1776 3424 καταστάσεως,

191 3452 286 3502 καὶ
325 3453 394 3502 ἐκ
439 3449 540 3518 τῆς
590 3447 898 3519 προσούσης
946 3448 1095 3518 αὐτῷ
1147 3447 1332 3501 θεόθεν
1388 3450 1673 3514 συνέσεως,
1719 3451 1779 3502 τὺ

187 3541 591 3611 διειρθαρμένον
635 3541 731 3612 τῆς
783 3539 947 3592 αὑτοῦ
979 3539 1204 3610 γνώμης
1251 3541 1591 3606 καταλαϐὼν,
1637 3543 1698 3595 οὐ
1731 3545 1776 3574 ³³

193 3631 524 3704 συναπήχθη
551 3635 618 3701 τῇ
663 3630 826 3686 αὐτοῦ
855 3631 1186 3702 ἀποστασία,
1227 3632 1302 3694 ὼς
1344 3634 1393 3683 οἱ
1427 3633 1547 3685 τότε
1595 3633 1779 3702 σχεδὸν

193 3725 420 3788 πάντες,
459 3725 576 3777 ἀλλ’
603 3723 768 3787 ἀξίως
807 3723 966 3776 αὐτὸν
997 3723 1269 3792 ἀτιμάσας
1309 3721 1652 3793 ἀπέπεμψεν.
1685 3725 1779 3788 Et;

197 3815 368 3882 μέσον
411 3813 522 3884 γὰρ
574 3813 814 3880 ἐνεγκὼν
852 3814 912 3866 τὺ
943 3811 1268 3884 θρεπτάριον
1313 3815 1448 3886 ὅπερ
1475 3817 1538 3868 ἐκ
1571 3804 1779 3886 νεκρῶν

193 3905 519 3974 ἀνέστησεν,
561 3903 745 3972 ἔλεγεν
786 3905 844 3956 ἐν
875 3904 996 3973 ἠθει
1027 3903 1210 3974 σεμνῷ
1237 3903 1440 3967 οὕτως·
1481 3905 1606 3958 Ἐὰν
1651 3907 1780 3976 περὶ

194 3995 440 4058 πίστεως
475 3995 636 4066 θέλῃς
681 3993 1046 4064 διαλεχθῆναι,
1081 3995 1224 4065 ἔχεις
1262 3995 1451 4048 τοῦτον
1487 3995 1638 4066 παρὰ
1685 3997 1777 4048 σοῦ

193 4087 468 4140 ἀκούοντα
499 4087 594 4139 καὶ
634 4085 1014 4155 διαλεγόμενόν
1058 4102 1172 4138 σοι’
1205 4087 1326 4156 ἐμοὶ
1373 4085 1481 4155 γὰρ
1517 4086 1578 4138 οὐ
1615 4085 1780 4157 σχολὴ

191 4179 264 4233 τὰ
296 4178 456 4248 παρά
497 4177 590 4230 σοῦ
619 4178 856 4230 ἀκούειν.
901 4177 1024 4230 Ἐπὶ
1063 4175 1272 4238 τούτοις
1314 4177 1650 4246 διατραπεὶς,
1685 4179 1782 4229 καὶ

192 4271 290 4324 ἐπὶ
321 4269 424 4340 τὴν
463 4269 628 4335 ἁγίαν
655 4268 808 4321 πόλιν
847 4268 1118 4340 ὁρμήσας,
1151 4265 1483 4336 συναρπάζει
1526 4267 1623 4337 μέν
1661 4267 1780 4320 ὅλον

193 4361 254 4414 τὸ
285 4359 610 4430 μοναχικὸν,
643 4361 700 4412 ἐν
717 4359 1063 4429 προσχήματι
1108 4357 1250 4410 θείου
1287 4357 1448 4428 ζήλου
1471 4372 1483 4384 ·
1514 4357 1790 4428 συναρπά·.

1877 555 2042 620 coepit
2094 551 2249 606 avide
2311 552 2514 620 piscem
2567 551 2918 608 manducare.
2971 551 3106 626 Tum
3163 553 3444 622 ingressus

1877 643 2148 707 cellarius,
2182 651 2236 698 et
2263 643 2544 698 inveniens
2573 643 2969 708 comedentem,
3003 644 3083 699 ira
3111 647 3441 709 concitatus,

1877 749 2102 802 puerum
2145 735 2420 788 sedentem
2470 734 2640 800 humi,
2687 735 3088 790 inconsiderate
3137 736 3273 805 pede
3321 751 3447 806 per-

1877 825 2102 902 cussit;
2155 831 2318 891 atque
2373 825 2442 886 is,
2493 823 2740 879 daemone
2795 835 3176 894 procttt'ante.,
3211 827 3446 896 letaliter

1876 915 2144 983 pulsatus,
2194 913 2478 968 deficiente
2517 915 2702 969 animo
2741 917 2967 971 interiit.
3005 915 3158 970 Unde
3187 919 3443 972 cellarius

1877 1006 2071 1060 timore
2105 1012 2408 1074 correptus,
2447 1005 2727 1060 reclinavit
2755 1021 2878 1060 eum
2907 1007 2960 1060 in
2990 1007 3266 1077 preprium
3304 999 3445 1064 straJ-

1877 1103 2014 1159 tum,
2051 1104 2102 1150 et
2123 1095 2355 1162 obtexit;
2387 1103 2550 1166 atque
2573 1095 2761 1152 abiens
2789 1095 3020 1168 procidit
3052 1098 3116 1152 ad
3147 1097 3314 1168 pedes
3344 1099 3446 1156 ab.

1874 1186 2017 1240 batis
2046 1185 2268 1248 Gelasii,
2307 1188 2568 1242 nuntians
2591 1189 2638 1242 ei
2667 1187 2811 1258 quod
2843 1189 3164 1258 contigerat.
3193 1187 3286 1244 Ille
3315 1203 3446 1245 vero

1875 1285 2163 1346 postquam
2211 1277 2582 1333 admonuisset
2631 1293 2698 1333 ne
2748 1279 2839 1332 alii
2892 1280 3147 1349 cuiquam
3194 1279 3442 1342 diceret,

1875 1366 2038 1436 jussit
2079 1377 2138 1421 ut
2180 1383 2424 1438 vespere,
2460 1384 2582 1422 cum
2617 1385 2807 1424 omnes
2831 1371 3198 1440 quiescerent,
3229 1369 3445 1426 allerret

1875 1479 2102 1534 puerum
2138 1463 2190 1518 in
2221 1465 2583 1530 diaconicum,
2631 1473 2854 1534 poneret
2894 1481 3077 1520 coram
3120 1467 3300 1531 altari,
3335 1469 3446 1523 sic-

1875 1571 1980 1624 que
1997 1554 2333 1610 abscederet.
2353 1553 2488 1608 Tum
2513 1555 2579 1609 ad
2598 1554 2940 1609 diaconicum
2961 1553 3236 1623 prolectus
3253 1571 3444 1623 senex,

1877 1648 2024 1700 stetit
2051 1646 2116 1700 ad
2149 1647 2544 1714 precationem,
2604 1653 2765 1714 atque
2793 1645 2926 1700 hora
2969 1655 3250 1700 nocturna:
3301 1647 3446 1715 psal-

1875 1737 2087 1800 modiaa,
2132 1737 2475 1806 congregatis
2533 1735 2817 1801 fratribus,
2865 1735 3036 1790 exivit
3075 1751 3262 1800 senex,
3297 1751 3447 1790 asse—

1873 1828 2012 1881 clam
2043 1827 2251 1881 habens
2284 1825 2786 1891 adolcscentulum;
2840 1841 2940 1881 nec
2990 1821 3281 1896 quisquam
3330 1840 3445 1880 rem

1872 1919 2147 1988 cognovit,
2190 1917 2426 1987 quandiu
2477 1917 2632 1984 vixit,
2697 1925 2892 1988 praeter
2946 1915 3125 1986 ipsum
3173 1925 3228 1972 et
3284 1915 3448 1971 cella-

1871 2023 2035 2063 rium.

1944 2189 1998 2244 4.
2033 2189 2107 2246 De
2133 2189 2330 2246 abbate
2361 2189 2598 2252 Gelasio,
2637 2203 2747 2243 non
2777 2185 2937 2242 modo
2968 2185 3220 2256 discipuli
3273 2184 3447 2254 ipsius

1875 2282 2112 2344 aiebant,
2139 2282 2232 2336 sed
2261 2289 2315 2336 et.
2341 2281 2650 2336 referebant
2675 2279 2828 2334 multi
2860 2293 3050 2334 eorum
3076 2279 3168 2347 qui
3197 2275 3446 2345 frequen-

1873 2381 1956 2427 ter
1989 2373 2139 2426 illum
2195 2373 2461 2436 adierant,
2505 2371 2652 2441 quod
2685 2382 2930 2440 tempore
2975 2367 3326 2423 mcumenicaa
3355 2381 3445 2436 sy-

1873 2465 2000 2518 nodi
2031 2463 2372 2518 Chalcedone
2403 2467 2769 2533 congregatae,
2802 2459 3172 2522 Theodosius,
3213 2457 3303 2512 ille
3345 2457 3440 2526 qui

1873 2553 1926 2607 in
1957 2553 2245 2608 Palaestina
2281 2553 2522 2608 schisma
2555 2551 2803 2606 Dioscori
2825 2549 3147 2620 auspicatus
3169 2556 3273 2612 est,
3307 2563 3448 2618 prte-

1871 2645 2095 2700 veniens
2159 2643 2445 2716 episcopos
2495 2643 2561 2698 ad
2616 2657 2746 2698 suas
2795 2640 3074 2696 Ecclesias
3133 2653 3448 2694 reversuro

1873 2736 1894 2806 (
1910 2753 2033 2789 nam
2089 2735 2205 2804 ipse
2234 2751 2454 2806 quoque
2499 2733 2688 2789 aderat
2723 2731 3220 2801 ConstantinOpoli,
3271 2730 3448 2800 patria

1869 2828 2016 2897 quod
2061 2843 2275 2900 semper
2330 2826 2654 2880 tumultibus
2694 2824 3057 2880 delectaretur
3091 2821 3450 2893 pulsus),ir-

1871 2920 1981 2974 ruit
2019 2919 2072 2972 in
2131 2919 2379 2974 abbatem
2419 2917 2696 2973 Gelasium
2743 2916 2796 2970 in
2827 2916 3154 2970 monasterio
3185 2913 3328 2983 ejus,
3365 2913 3446 2964 loc

1871 3027 2045 3082 quens
2098 3009 2359 3065 adversus
2401 3009 2691 3080 synodum,
2739 3007 2896 3077 quasi
2942 3021 3060 3075 qua:
3125 3003 3316 3074 dogma
3345 3001 3452 3056 Ne-

1878 3103 2036 3158 storii
2075 3101 2474 3166 confirmasset,
2511 3109 2566 3157 et
2608 3116 2704 3170 per
2727 3098 3040 3169 hujusmodi
3075 3097 3279 3152 dictum
3308 3095 3454 3151 exis-

1880 3195 2081 3248 timans
2115 3208 2144 3246 a
2166 3207 2225 3248 se
2260 3193 2544 3260 abreptum
2581 3190 2648 3244 iri
2677 3205 2862 3245 senem
2904 3190 2960 3244 in
2992 3189 3304 3244 societatem
3357 3187 3452 3241 fal-

1879 3285 2031 3338 laciae
2059 3299 2170 3338 sua:
2209 3293 2262 3337 et
2289 3283 2628 3339 schismatis.
2659 3283 2728 3337 At
2749 3283 2841 3338 ille
2877 3298 2940 3336 ex
2979 3279 3222 3335 hominis
3253 3279 3456 3333 consti-

1879 3377 2108 3438 tutione,
2143 3389 2354 3428 necnon
2380 3389 2444 3427 ex
2469 3387 2532 3427 ea
2559 3389 2719 3443 quam
2745 3371 3008 3428 divinitus
3049 3369 3283 3425 habebat
3324 3384 3454 3440 pru-

1879 3463 2084 3526 dentia,
2116 3462 2531 3531 deprehendens
2562 3463 2681 3532 ejus
2716 3461 3067 3531 depravalam
3120 3459 3446 3517 sententiam

1879 3563 2040 3620 atque
2071 3553 2420 3616 voluntatem,
2449 3553 2516 3608 ad
2539 3553 2774 3609 haeretici
2801 3552 3156 3608 defectionem
3190 3567 3286 3608 seu
3321 3565 3490 3636 apo;

1881 3645 2124 3708 stasiam,
2153 3645 2324 3700 instar
2343 3654 2660 3699 caeterorum
2690 3643 2800 3699 fere
2826 3645 3091 3704 omnium.
3113 3657 3222 3696 non
3247 3649 3330 3696 est
3355 3640 3453 3696 ab-

1881 3736 2112 3802 ductus;
2137 3735 2230 3791 sed
2255 3745 2414 3805 prout
2429 3737 2738 3791 merebatur
2758 3735 3142 3789 inhonoratum
3159 3732 3447 3804 ablegavit.

1879 3827 2012 3880 Nam
2037 3828 2092 3881 in
2131 3827 2368 3881 medium
2402 3826 2638 3880 adducto
2676 3826 2915 3890 alumno,
2955 3839 3124 3892 puero
3145 3824 3238 3878 illo
3286 3837 3448 3892 quem

1880 3917 2213 3972 excitaverat
2249 3931 2278 3970 a
2339 3917 2590 3978 mortuis,
2643 3915 2718 3969 ita
2780 3915 3018 3983 graviter
3049 3921 3102 3968 et
3149 3913 3452 3982 composite

1881 4008 2096 4063 locutus
2135 4016 2218 4062 est
2245 4026 2258 4061 :
2293 4007 2348 4060 Si
2370 4007 2436 4062 de
2465 4005 2568 4061 (ide
2592 4006 2748 4074 cupis
2771 4005 3062 4070 disserere,
3091 4005 3234 4058 hunc
3259 4003 3450 4068 habes,

1881 4099 2030 4168 quia
2059 4105 2112 4152 te
2145 4095 2350 4162 audiet,
2385 4103 2676 4164 tecumque
2713 4093 3252 4163 colloquetur;'mihi
3301 4095 3448 4148 enim

1881 4201 1990 4240 non
2023 4191 2180 4240 vacat
2209 4193 2301 4238 tua
2329 4183 2660 4237 auscultare.
2695 4180 2777 4234 Ad
2807 4195 2927 4249 qua:
2953 4179 3115 4234 verba
3147 4179 3238 4234 ille
3261 4178 3454 4232 confu-

1882 4293 1998 4340 sus,
2041 4277 2096 4331 in
2143 4283 2390 4332 sanctam
2443 4273 2720 4328 civitatem
2775 4273 3058 4342 prorupit;
3096 4271 3186 4325 ubi
3233 4271 3452 4341 quidem

1883 4367 1951 4420 ad
1995 4383 2123 4422 suas
2157 4373 2339 4436 partes
2391 4363 2628 4432 abripuit
2661 4378 2853 4418 omnes
2907 4361 3231 4424 monachos,
3269 4363 3454 4432 specie

195 4452 280 4518 ζει
305 4452 364 4506 δὲ
389 4453 490 4504 καὶ
525 4451 626 4520 τὴν
653 4450 966 4520 Αὐγούσταν
997 4450 1116 4502 τότε
1145 4449 1420 4520 παροῦσαν
1441 4465 1452 4478 ’
1489 4449 1584 4501 καὶ
1607 4447 1775 4514 οὕτως

1885 4459 1988 4513 zeli
2018 4457 2186 4512 divini
2229 4475 2242 4510 :
2277 4457 2515 4524 abripuit
2563 4449 2780 4527 quoque
2837 4452 3135 4523 Augustam
3184 4469 3304 4522 qure
3343 4453 3455 4508 illic

195 4545 468 4615 συνεργὸν
496 4542 698 4604 λαϐὼν,
746 4541 836 4611 βίᾳ
873 4541 1104 4610 κατέσχε
1131 4541 1220 4592 τὸν
1255 4541 1440 4611 θρόνον
1489 4541 1782 4612 Ἱεροσολύ-

199 4650 353 4704 μων*
389 4633 577 4702 φόνοις
621 4631 808 4684 τοῦτον
845 4631 1229 4702 προαρπάσας,
1270 4633 1364 4684 καὶ
1395 4631 1462 4684 τὰ
1497 4632 1629 4684 ἀλλα
1660 4631 1784 4684 ἀθέ-

203 4743 333 4796 μιτα
373 4727 472 4780 καὶ
505 4725 832 4777 ἀκανόνιστα
865 4723 1188 4793 διαπράξας,
1216 4721 1250 4774 δι
1281 4723 1442 4792 μέχρι
1471 4722 1565 4774 νῦν
1601 4723 1784 4776 πολλοὶ

205 4815 632 4888 μνημονεύουσι.
662 4815 796 4866 Τότε
835 4813 898 4882 δὴ
933 4813 1007 4876 ὼς
1040 4811 1312 4883 ἐγκρατὴς
1351 4813 1658 4882 γενόμενος,
1690 4813 1784 4866 καὶ⁸

201 4909 296 4962 τοῦ
331 4907 540 4962 σκοποῦ
571 4904 862 4974 ἐπιτυχὼν,
895 4905 990 4958 καὶ
1013 4904 1344 4966 ἐπισκόπους
1372 4903 1654 4966 πλείστους
1673 4913 1784 4974 χει-

205 5004 528 5074 ροτονήσας,
570 4995 968 5069 προλαμϐάνων
1001 4997 1128 5058 τοὺς
1173 4995 1392 5068 θρόνους
1424 4994 1532 5046 τῶν
1565 4995 1784 5046 ἐπισκό-

203 5111 322 5147 πων
371 5091 602 5162 μηδέπω
644 5087 1066 5150 ἐπανελθόντων,
1121 5085 1536 5155 μεταστέλλεται
1570 5086 1784 5139 καὶτὸν

201 5185 378 5240 ἀϐϐᾶν
405 5183 702 5236 Γελάσιον·
753 5181 846 5236 καὶ
881 5181 1248 5252 προτρέπεται
1287 5181 1366 5241 εἰς
1395 5177 1457 5230 τὸ
1495 5179 1783 5247 ἱερατείον,

197 5277 474 5340 δελεάζων
501 5277 619 5346 ἅμα
647 5273 739 5327 καὶ
772 5273 1038 5341 ἐκφοϐῶν.
1073 5271 1380 5326 Εἰσελθόντι
1413 5265 1504 5323 οὖν
1534 5271 1682 5340 αὐτῷ
1707 5272 1786 5334 είς

195 5371 260 5424 τὸ
319 5371 610 5440 ίερατεῖον,
671 5369 854 5436 ἔλεγεν
901 5373 927 5422 ό
980 5369 1289 5431 Θεοδόσιος’
1369 5369 1787 5438 Ἀναθεμάτισον

197 5461 582 5514 Ἰουϐενάλιον.
641 5461 698 5513 Ὀ
724 5461 778 5514 δέ
815 5461 980 5530 μηδὲν
1035 5461 1426 5526 καταπλαγεὶς,
1467 5459 1657 5512 Ἀλλον
1685 5461 1784 5512 οὐκ

197 5548 342 5616 οἶδα,
373 5553 564 5622 φησὶν,
629 5551 926 5610 ἐπίσκοπον
988 5551 1398 5622 Ἰεροσολύμων,
1448 5553 1495 5602 εί
1535 5550 1608 5621 μὴ
1659 5551 1789 5603 Ἰου-

213 5742 218 5746 “
271 5731 320 5762 ’⁸
352 5731 436 5782 Al.
465 5727 792 5797 Χαλκηδόνι.
871 5730 912 5760 ¹¹
949 5727 1032 5782 ΑΙ.
1069 5729 1362 5798 σχήματος.

1883 4557 2014 4604 tunc
2042 4548 2264 4612 aderat;
2320 4553 2484 4615 atque
2517 4547 2592 4600 ita
2639 4545 2803 4614 hujus
2865 4544 3068 4598 auxilio
3103 4559 3256 4608 usus,
3291 4545 3342 4598 vi
3375 4560 3456 4600 sc-

1881 4639 2003 4694 detn
2037 4637 2582 4708 Hierosolymitanam
2643 4637 2953 4705 occupavit,
2989 4635 3228 4689 caedibus
3255 4649 3456 4704 prere-

1881 4741 2058 4802 ptam;
2101 4731 2318 4799 aliaque
2335 4737 2522 4784 contra
2555 4729 2700 4798 leges
2730 4737 2783 4782 et
2825 4743 3065 4783 canones
3103 4729 3458 4796 perpetravit,-

1880 4837 2002 4892 quze
2051 4822 2332 4892 hucusque
2369 4830 2796 4876 commemorant
2830 4819 3006 4872 multi.
3061 4817 3213 4872 Tunc
3263 4817 3452 4887 igitur,

1883 4922 1942 4967 ut
1969 4914 2058 4982 qui
2091 4919 2414 4982 potestatem
2445 4912 2737 4974 obtineret,
2783 4911 3004 4978 votique
3035 4917 3182 4965 esset
3206 4923 3452 4978 compos,

1883 5005 2150 5060 ordinatis
2190 5003 2462 5073 episcopis
2508 5001 2778 5072 pluribus,
2812 5001 3122 5056 invadenda
3169 4991 3455 5071 episeopo-

1883 5109 2004 5148 rum
2039 5093 2276 5148 nondum
2305 5106 2684 5161 regressorum
2718 5091 2968 5155 thronos,
3004 5091 3166 5146 etiam
3203 5091 3452 5146 abbatem

1883 5184 2158 5239 Gelasium
2190 5183 2504 5250 arcessivit;
2541 5197 2701 5252 quem
2739 5181 2806 5236 ad
2835 5183 3138 5237 sacrarium
3183 5181 3452 5244 invitavit,

1886 5275 2153 5330 deliniens
2198 5275 2360 5329 simul
2405 5288 2470 5328 ac
2513 5281 2746 5329 terrens.
2794 5275 2930 5328 Cum
2989 5287 3118 5342 ergo
3175 5273 3458 5342 ingressus

1886 5375 2031 5423 esset
2063 5367 2116 5420 in
2153 5367 2478 5430 sacrarium,
2543 5366 2679 5420 dixit
2717 5365 3062 5421 Theodosius
3098 5383 3110 5419 :
3150 5365 3454 5417 Anathcma

1883 5459 2069 5530 profer
2093 5459 2355 5514 adversus
2379 5457 2718 5513 Iuvenalem.
2745 5458 2928 5511 Abbas
2961 5469 3090 5510 vero
3109 5453 3452 5524 impavidus:

1885 5552 2091 5615 Alium,
2129 5551 2324 5619 inquit,
2369 5567 2478 5605 non
2511 5550 2636 5604 novi
2695 5548 3196 5618 Hierosolymorum
3242 5545 3457 5616 episco-

1440 5729 1481 5759 "
1505 5725 1587 5781 Ai.
1613 5727 1672 5779 οὐ
1709 5727 1864 5796 μόνον
1893 5729 1974 5782 οὔ.
