3878 6372
380 357 480 414 151

1543 348 1887 405 ΔΡΡΕΝΒΙΧ
1923 349 2016 407 AD
2046 350 2468 410 ΡΑιιΔυιυιι.

3547 353 3667 408 £52

381 495 536 553 pum,
562 482 760 548 praeter
783 473 1126 530 Juvenalem.
1160 471 1230 525 At
1256 469 1604 526 Theodosius
1633 473 1844 526 veritus
1890 487 1960 528 ne

2094 473 2331 527 ῖενάλιον.
2407 467 2747 540 Εὑλαὸηθεὶς
2812 469 2870 523 δὲ
2935 471 2965 522 ὁ
3023 467 3339 532 Θεοδόσιος,
3405 466 3484 539 μὴ
3558 468 3665 522 καὶ

382 572 476 627 alii
506 584 729 642 quoque
751 569 902 638 pium
928 563 1170 622 hominis
1194 563 1373 619 zelum
1405 562 1777 630 imitarentur,
1794 563 1962 632 jussit

383 673 446 719 ut
473 679 600 718 cum
638 659 894 716 irrisione
928 656 1227 727 pelleretur
1257 655 1325 709 ab
1357 654 1615 710 ecclesia.
1663 656 1963 725 Acceptum

384 762 571 810 autem
621 747 954 808 scbismatici
991 743 1480 801 circumdederunt
1534 744 1720 815 lignis,
1772 744 1963 800 minati

390 863 452 902 se
491 841 880 901 combusturos
915 853 1062 892 curn.
1096 834 1205 892 Sed
1233 836 1481 891 videntes
1515 851 1692 905 neque
1719 843 1967 906 prepter-

386 951 455 992 ea
495 933 714 997 cedere,
780 943 881 984 nec
916 943 1135 999 pavere,
1173 936 1338 999 atque
1370 927 1530 983 veriti
1580 914 1752 999 plebis
1780 928 1967 983 conci-

387 1025 670 1090 tationem,
728 1019 880 1092 quod
915 1020 1083 1075 homo
1123 1030 1272 1076 esset
1331 1019 1532 1076 celebri
1580 1018 1723 1074 fama
1755 1022 1964 1090 (totum

388 1127 573 1173 autem
609 1131 641 1172 e
668 1129 909 1186 superna
942 1111 1196 1169 veniebat
1221 1110 1638 1182 providentia);
1670 1119 1966 1182 martyrem

389 1208 622 1265 illaesum
674 1205 1046 1268 dimiserunt,
1081 1203 1200 1274 qui,
1233 1210 1501 1273 quantum
1557 1201 1736 1258 fuerat
1769 1201 1824 1256 in
1866 1217 1925 1258 se
1947 1239 1964 1268 ,

387 1298 614 1355 Christo
646 1298 702 1352 in
735 1295 1118 1352 holocausmm
1164 1309 1286 1350 sese
1319 1294 1614 1350 obtulerat.
1922 1293 1932 1304 ‘

459 1390 518 1449 5.
562 1388 637 1445 De
660 1387 852 1444 eodem
885 1387 1122 1442 relatum
1152 1395 1260 1452 est,
1289 1386 1436 1455 quod
1465 1386 1632 1440 vitam
1671 1385 1886 1455 inopem
1916 1393 1971 1442 et

391 1477 834 1536 anachoreticam
855 1475 912 1532 in
929 1475 1216 1547 juventute
1250 1475 1533 1544 professus
1560 1474 1788 1531 fuisset:
1812 1482 1971 1530 erant
2037 1469 2042 1474 ’

392 1578 574 1628 autem
606 1586 675 1628 eo
704 1579 950 1643 tempore
986 1568 1180 1625 iisdem
1216 1569 1272 1624 in
1297 1568 1436 1623 locis
1468 1569 1633 1623 etiam
1657 1569 1752 1623 alii
1787 1569 1972 1639 plures

392 1664 488 1733 qui
536 1675 634 1733 par
667 1661 795 1717 vita:
836 1660 1153 1716 institutum
1199 1657 1419 1715 fuerant
1460 1660 1788 1729 amplexati;
1831 1673 1972 1730 quos

391 1761 540 1809 tuter
569 1768 732 1809 senex
761 1752 1010 1822 quidam,
1040 1765 1270 1807 summa:
1299 1750 1696 1821 simplicitatis,
1726 1751 1974 1821 nihilque

2065 566 2214 622 ἄλλοι
2270 565 2362 618 τὸν
2414 561 2612 628 εὐσεϐῆ
2669 559 2834 615 αὑτοῦ
2898 560 3060 631 ζῆλον
3120 562 3464 632 μιμήσωνται
3487 597 3508 624 ,
3556 576 3663 613 κε-

2065 657 2210 712 λεύει
2249 655 2410 711 αὑτὸν
2438 654 2654 723 εὐφυῶς
2681 652 2788 718 ἔξω
2811 654 2861 685 ’³
2893 652 3156 724 βληθῆναι
3197 652 3299 722 τῆς
3327 650 3659 723 ἐκκλησίας.

2068 747 2482 822 Παραλαϐόντες
2533 745 2590 799 δέ
2637 745 2802 798 αὐτὸν
2845 745 2897 797 οἱ
2939 743 3033 797 τοῦ
3066 741 3233 796 αὑτοῦ
3271 743 3556 812 σχήματος
3583 739 3659 805 ³⁸,

2068 841 2435 913 περιέστησαν
2472 837 2621 909 αὐτῴ
2654 836 2809 902 ξύλα,
2845 836 3022 890 καίειν
3077 834 3242 888 αὐτὸν
3276 831 3658 896 ἀπειλοῦντες.

2078 933 2348 1004 Ὀρῶντες
2376 931 2434 985 δὲ
2483 929 2643 984 αὑτὸν
2679 929 2814 1000 μηδὲ
2848 928 3023 993 οὕτως
3062 927 3354 990 ἐνδιδόντα,
3383 925 3520 998 μηδέ
3555 939 3660 978 κα-

2067 1022 2473 1093 ταπτήσσοντα,
2495 1022 2590 1074 xui.
2620 1019 3012 1090 εὐλαϐούμενοι
3039 1019 3141 1091 τὴν
3171 1017 3268 1072 τοῦ
3294 1018 3468 1090 δήμου
3493 1017 3662 1086 ἔγερ-

2073 1129 2177 1174 σιν,
2200 1112 2288 1166 διὰ
2319 1112 2388 1166 «τὸ
2436 1110 2758 1184 περιϐόητον
2786 1105 2927 1163 εἶναι
2966 1109 3060 1162 τὸν
3094 1108 3262 1180 ἄνδρα
3292 1107 3374 1179 (τέ)
3417 1106 3540 1161 ὅλον
3591 1107 3660 1158 ἐκ

2069 1209 2170 1277 τῆς
2204 1204 2408 1258 ἀνωθεν
2433 1199 2501 1275 ἧν
2524 1203 2830 1274 Προνοίας),
2859 1201 3139 1255 ἀπέλυσαν
3158 1199 3368 1269 ἀϐλαϐῆ
3389 1197 3480 1252 τὸν
3512 1196 3661 1268 μάρ-

2070 1315 2228 1366 τυρα,
2261 1297 2322 1349 τό
2359 1312 2424 1365 γε
2452 1298 2538 1365 ἐφ’
2570 1293 2749 1366 ἑαυτῷ
2780 1293 3003 1365 Χριστῷ
3031 1291 3491 1346 ὀλοκαυτωθέντα.

2142 1397 2205 1444 ε’.
2251 1388 2476 1457 Ἔλεγον
2516 1387 2648 1458 περὶ
2686 1386 2875 1453 αὑτοῦ,
2915 1387 2996 1439 ὅτι
3024 1387 3082 1438 ὲν
3109 1383 3323 1454 νεότητι
3358 1382 3451 1436 τὸν
3479 1382 3659 1450 ἀκτή-

2075 1498 2211 1553 μονα
2256 1481 2368 1552 βίον
2416 1480 2511 1534 καὶ
2563 1478 2975 1550 ἀναχωρητικδν
3027 1477 3363 1549 μετήρχετο·
3410 1470 3553 1544 ἦσαν
3600 1471 3659 1523 δὲ

2073 1579 2194 1632 κατ’
2227 1577 2390 1631 αὐτὸν
2421 1575 2514 1630 τὸν
2546 1575 2736 1648 καιρὸν
2764 1574 2859 1626 καὶ
2903 1571 3054 1628 ἄλλοι
3099 1569 3338 1625 πλεῖστοι
3364 1565 3504 1619 κατά
3529 1563 3661 1625 τοὺς

2075 1672 2274 1735 αὐτοὺς
2309 1673 2533 1734 τόπους,
2562 1669 2655 1722 τὸν
2695 1667 2861 1722 αὑτὸν
2908 1665 3024 1737 βίον
3049 1662 3198 1734 αὐτῷ
3240 1656 3661 1726 συνασπσζόμε-

2076 1781 2189 1818 νοιο
2223 1766 2281 1817 ὲν
2324 1759 2406 1825 οἷς
2446 1763 2538 1816 καὶ
2581 1761 2762 1832 γέρων
2800 1776 2884 1823 τις
2912 1753 2982 1829 ἦν
3015 1756 3096 1820 είς
3132 1755 3300 1825 ἄκρον
3349 1749 3660 1805 ἁπλούστα-

391 1842 703 1914 possidens,
732 1842 827 1912 qui
885 1843 940 1896 in
991 1853 1241 1912 separata
1272 1841 1466 1897 cellula
1499 1856 1676 1911 usque
1718 1841 1787 1896 ad
1825 1857 1975 1896 mor-

2094 1872 2168 1918 :0;
2200 1855 2295 1909 καὶ
2337 1855 2620 1924 ἀκτήμων,
2655 1854 2712 1905 ὲν
2751 1847 3078 1921 μονοκελλίῳ
3115 1840 3491 1919 οἰκήσας,(99.)
3527 1838 3658 1909 ἄχρι

393 1945 500 1990 tem
530 1933 814 1999 habitavit,
850 1935 1102 2004 quamvis
1131 1935 1184 1988 in
1219 1942 1502 2013 senectute
1525 1933 1777 1990 habuerit
1808 1932 1977 1990 disci-

391 2027 574 2097 pulos.
602 2025 654 2082 ls
673 2027 727 2080 in
755 2042 816 2080 ea
834 2025 1223 2080 observatione
1244 2040 1366 2080 sese
1386 2034 1728 2090 exercuerat,
1757 2035 1817 2080 ut
1838 2025 1977 2082 duas

393 2117 612 2172 tunicas
648 2131 758 2171 non
816 2115 1147 2186 possideret,
1200 2130 1302 2169 nec
1336 2129 1447 2169 una
1491 2129 1617 2169 cum
1660 2116 1978 2172 sociis-suis

394 2207 465 2263 de
492 2206 737 2263 crastino
768 2206 1062 2277 cogitaret,
1090 2204 1159 2259 ad
1190 2214 1630 2276 mortemusque.
1668 2207 1805 2261 Cum
1847 2221 1979 2278 ergo

394 2295 599 2355 accidit
631 2305 690 2353 ut
731 2297 902 2353 abbas
969 2294 1221 2352 Gelasius
1271 2298 1582 2354 cmnobium
1637 2297 1747 2354 Deo
1781 2313 1980 2369 coope-

393 2398 556 2446 rante
591 2390 975 2456 constitueret,
1031 2387 1404 2444 olferebantur
1450 2389 1501 2444 ei
1543 2389 1714 2443 multa
1747 2391 1978 2460 praedia;

394 2476 716 2549 possidebat
753 2483 937 2532 autem
981 2484 1035 2532 et
1082 2475 1151 2532 ad
1192 2491 1327 2532 usus
1388 2477 1629 2531 coenobii
1667 2479 1981 2534 necessaria

397 2570 644 2644 iumenta
671 2568 998 2635 sarcinaria,
1022 2583 1147 2623 eum
1181 2568 1376 2624 bobus.
1403 2568 1507 2635 Qui
1555 2570 1703 2624 enim
1739 2570 1870 2624 olim
1892 2570 1982 2625 di-
2051 2564 2054 2566 ⁷

398 2661 528 2718 vino
547 2659 845 2716 Pachomio
874 2659 1163 2715 oraculum
1188 2659 1362 2724 dedit,
1405 2670 1464 2714 ut
1489 2667 1838 2714 construeret
1871 2673 1980 2714 co:-

399 2753 647 2822 nobium,
672 2752 801 2808 huic
833 2766 1054 2825 quoque
1088 2751 1154 2805 ad
1181 2765 1400 2806 omnem
1445 2751 1765 2808 monasterii
1795 2766 1987 2807 ncces-

401 2846 620 2903 sitatem
671 2843 1052 2902 succurrebat.
1082 2842 1144 2897 ln
1182 2843 1269 2899 bis
1299 2857 1431 2912 ergo
1469 2851 1782 2899 versantem
1825 2840 1987 2898 Gela-

401 2941 544 2994 sium
571 2937 805 2991 intuitus
837 2935 1132 3006 praedictus
1156 2950 1349 2999 senex,
1399 2950 1463 2989 ac
1503 2949 1825 3005 germanam
1854 2949 1986 3006 erga

401 3041 527 3080 eum
558 3040 894 3082 conservans
921 3025 1298 3091 dilectionem,
1326 3026 1405 3080 ait
1427 3025 1507 3079 illi
1535 3043 1549 3079 :
1593 3023 1812 3091 Vereor,
1843 3026 1987 3081 abba

403 3115 607 3179 Gelasi,
643 3131 712 3171 ne
762 3115 1014 3188 alligetur
1042 3131 1200 3172 mens
1238 3124 1333 3171 tua
1377 3131 1502 3171 cum
1532 3115 1600 3172 ad
1649 3131 1832 3188 agros,
1868 3126 1986 3172 tum

2079 1944 2372 2012 τελευτῆς,
2425 1943 2628 2012 καίπερ
2691 1938 2942 2010 μαθητάς
2995 1933 3244 2006 ἐσχηκὼς
3293 1935 3350 1985 ὲν
3397 1929 3474 2000 ’τῷ
3510 1929 3661 1998 γήρᾳ

2079 2032 2262 2087 αὐτοῦ.
2307 2015 2474 2095 Οὗτος
2509 2031 2717 2102 ἤσκησε
2739 2026 2972 2097 φυλάξαι
3010 2025 3073 2078 τὺ
3106 2022 3181 2094 μὴ
3220 2020 3518 2092 κτήσσσθαι
3567 2017 3662 2069 δύο

2080 2124 2335 2195 χιτῶνας,
2363 2123 2496 2194 μηδὲ
2532 2121 2866 2193 μεριμνῆσαι
2897 2119 3025 2189 περὶ
3049 2117 3148 2187 τῆς
3181 2113 3366 2186 αὔριον
3393 2109 3530 2183 μετᾶ
3551 2108 3658 2160 τῶν

2083 2217 2352 2269 συνόντων
2394 2209 2544 2284 αὐτῷ
2572 2211 2734 2283 μέχρι
2763 2209 3019 2264 θανάτου.
3059 2208 3186 2261 Ὅτε
3210 2201 3303 2259 οὖν
3337 2202 3532 2272 συνέϐη
3568 2202 3662 2253 τὸν

2078 2305 2254 2361 ἀϐϐἄν
2280 2301 2561 2366 Γελάσιον,
2594 2302 2660 2354 ὲκ
2705 2300 2857 2363 θείας
2904 2296 3192 2368 συνεργίας
3221 2295 3266 2326 ³⁸
3293 2288 3661 2362 συστήσασθαι

2081 2397 2143 2450 τὸ
2173 2395 2459 2462 κοινὸϐιον,
2497 2392 2902 2465 προσεφέροντο
2939 2388 3088 2459 αὐτῷ
3115 2388 3208 2439 καὶ
3236 2384 3410 2455 χωρία
3454 2380 3624 2435 πολλά
3643 2395 3658 2408 ⁸

2082 2489 2353 2559 ἐκτήσατο
2380 2485 2438 2538 δὲ
2480 2485 2576 2538 καὶ
2615 2483 2686 2537 τὰ
2727 2482 2864 2556 πρὸς
2896 2481 2996 2544 τὰς
3033 2478 3221 2552 χρείας
3259 2475 3353 2529 τοῦ
3397 2471 3660 2527 κοινοϐίου

2084 2580 2253 2649 κτήνη
2287 2576 2566 2648 ἀχθοφόρα
2598 2576 2694 2628 καὶ
2735 2574 2887 2644 βόας.
2943 2573 3004 2626 '0
3036 2571 3144 2642 γὰρ
3193 2565 3537 2640 χρηματίσας
3584 2561 3661 2633 τῷ

2086 2669 2218 2738 θείῳ
2271 2667 2552 2738 Παχωμίῳ
2600 2667 2658 2719 ἐν
2693 2663 2929 2736 πρώτοις
2973 2661 3236 2716 κοινόσιον
3270 2654 3659 2728 συστήσασθαι,

2086 2765 2181 2815 καὶ
2206 2760 2380 2831 τούτῳ
2425 2761 2684 2831 συνήργει
2724 2759 2805 2822 εἰς
2833 2758 2933 2829 τὴν
2965 2757 3149 2809 πᾶσαν
3166 2752 3259 2806 τοῦ
3304 2749 3662 2823 μοναστηρίου

2088 2851 2368 2905 σύστασιν.
2418 2851 2506 2903 Ἐν
2529 2849 2738 2912 τούτοις
2765 2843 2859 2901 οὖν
2901 2847 3114 2918 βλέπων
3141 2843 3303 2900 αὑτὸν
3344 2844 3374 2896 ὁ
3403 2854 3662 2912 προειρη-

2091 2944 2254 3014 μένος
2288 2943 2488 3013 γέρων,
2532 2942 2626 2996 καὶ
2664 2941 2890 3012 γνησίαν
2925 2937 3114 3003 σώζων
3155 2937 3291 3008 πρὸς
3329 2935 3489 2990 αὑτὸν
3529 2932 3667 3002 ἀγάο

2089 3051 2218 3107 πην,
2277 3034 2465 3102 ἔλεγεν
2512 3031 2691 3104 αὐτῷ’
2750 3030 3070 3104 Φοϐοῦμαι,
3104 3030 3248 3083 eaea
3294 3027 3536 3090 Γελάσιε,
3591 3029 3666 3098 μὴ

2089 3126 2215 3196 δεθῇ
2257 3126 2286 3178 ὁ
2328 3125 2589 3195 λογισμός
2638 3140 2731 3177 σου
2778 3127 2859 3188 είς
2899 3123 2971 3177 τὰ
2999 3123 3176 3195 χωρία
3208 3121 3301 3176 καὶ
3341 3120 3438 3192 τὴν
3473 3119 3666 3188 λοιπὴν

406 3207 476 3264 ad
512 3209 779 3280 reliquam
829 3208 1069 3264 emnobii
1112 3211 1546 3280 possessionem.
1596 3207 1752 3264 Tunc
1788 3209 1880 3264 ille
1915 3206 1984 3262 ad

2094 3218 2280 3288 κτῆσιν
2326 3215 2422 3270 τοῦ
2473 3217 2763 3272 κοινοείου.
2823 3217 2880 3270 '0
2917 3217 2974 3270 δὲ
3030 3215 3166 3286 πρὸς
3212 3213 3409 3267 αὐτόν·
3452 3211 3666 3264 Δέδεται

402 3315 529 3356 eum
562 3319 577 3356 :
617 3299 788 3372 Magis
824 3300 1046 3373 alligata
1075 3311 1161 3358 est
1209 3302 1474 3373 cogitatio
1515 3309 1608 3355 tua
1639 3299 1707 3355 ad
1733 3299 1987 3355 subulam

404 3407 513 3463 qua
569 3393 856 3464 operaris,
909 3409 1076 3466 quam
1135 3392 1339 3450 Gelasii
1385 3407 1541 3449 mens
1601 3391 1670 3447 ad
1717 3389 1988 3460 ejusmodi

404 3485 569 3540 bona.

474 3577 530 3631 6.
569 3575 902 3634 Referebant
931 3578 998 3634 de
1021 3578 1220 3633 abbate
1249 3577 1489 3642 Gelasio,
1515 3577 1662 3648 quod
1683 3575 1992 3633 molestiam

405 3683 548 3739 saepe
597 3686 795 3742 passus
829 3687 860 3726 a
895 3671 1348 3742 cogitationibus,
1374 3678 1435 3723 ut
1470 3674 1527 3725 in
1557 3683 1802 3725 ercmum
1837 3683 1994 3724 sece-

406 3761 581 3826 deret,
633 3761 772 3818 dixit
823 3764 1060 3834 quadam
1118 3762 1206 3818 die
1253 3761 1528 3832 discipulo
1584 3774 1738 3815 suo:
1786 3758 1993 3815 Excrce

405 3853 756 3921 cbaritatem,
796 3855 990 3920 frater,
1040 3854 1306 3925 quidquid
1362 3855 1566 3918 fecero,
1622 3853 1817 3916 tolera,
1868 3852 1994 3906 nul-

407 3945 632 4016 lumque
657 3945 727 4001 ad
768 3961 854 4002 me
883 3961 1106 4018 promas
1141 3961 1456 4003 sermonem
1488 3944 1828 3999 bcbdomada
1867 3943 1992 3998 hac.

407 4034 476 4089 Et
502 4037 782 4107 accipiens
819 4039 1030 4109 virgam
1079 4040 1349 4109 palmeam
1369 4077 1386 4101 ,
1422 4037 1590 4106 cmpit
1620 4037 1906 4092 ambulare
1938 4037 1995 4090 in

410 4124 610 4180 atriolo
643 4140 781 4193 suo;
808 4141 1043 4199 cumque
1083 4127 1453 4190 Iasscscisset,
1485 4126 1626 4182 sedit
1657 4140 1993 4198 parumper;

410 4213 722 4286 iterumque
761 4230 993 4286 surgens
1035 4216 1375 4271 ambulabat.
1413 4214 1649 4284 Vespere
1696 4225 1878 4271 autem
1917 4217 1998 4271 fa-

413 4308 528 4364 cto,
559 4303 833 4373 reputavit
857 4305 1000 4358 intra
1035 4318 1096 4359 se
1126 4321 1140 4359 :
1189 4303 1294 4370 Qui
1339 4319 1438 4373 per
1461 4304 1813 4361 solitudinem
1847 4308 1998 4363 incc-

414 4391 517 4455 dit,
541 4407 649 4448 non
684 4407 821 4462 pane
844 4394 1108 4456 vescitur,
1139 4393 1234 4449 sed
1260 4394 1478 4459 herbis;
1513 4405 1567 4450 tu
1607 4410 1738 4452 vero
1771 4407 1997 4470 preptcr

416 4482 791 4538 inﬁmitatem
845 4495 994 4539 tuam
1043 4487 1270 4543 comede
1323 4488 1653 4543 olusculum.
1691 4490 1848 4557 Quod
1904 4491 1997 4546 ubi

2094 3306 2295 3377 μᾶλλον
2334 3307 2362 3362 ὁ
2392 3306 2653 3377 λογισμός
2700 3322 2794 3359 σου
2841 3307 2922 3369 εἰς
2964 3305 3025 3358 τὸ
3055 3304 3378 3375 κεντητῆριν
3422 3305 3468 3333 ’⁸
3518 3304 3576 3354 ὲν
3623 3293 3666 3369 ᾧ

2093 3399 2324 3471 ἐργάζῃ,
2359 3399 2392 3471 ἦ
2427 3400 2456 3452 ὁ
2485 3399 2746 3471 λογισμὸς
2776 3399 3035 3452 Γελασίου
3066 3400 3146 3460 είς
3172 3396 3241 3450 τὰ
3287 3397 3560 3466 κτήματα.

2165 3585 2239 3644 ς’.
2281 3579 2507 3647 Ἔλεγον
2540 3578 2669 3650 περὶ
2699 3577 2794 3632 τοῦ
2826 3576 2968 3631 ἀδεᾶ
2990 3575 3268 3640 Γελασίου,
3303 3575 3385 3628 ὅτι
3412 3573 3668 3638 πολλάκις

2094 3669 2403 3741 ἐνοχληθεὶς
2448 3669 2554 3723 ὑπὸ
2583 3669 2692 3723 τῶν
2723 3669 2997 3740 λογισμῶν
3026 3667 3283 3721 ἀπελθεῖν
3304 3668 3385 3730 εἰς
3424 3665 3520 3737 τὴν
3546 3667 3670 3736 ἕρη-

2097 3778 2217 3827 μον,
2249 3762 2349 3831 μιᾷ
2375 3758 2484 3812 τῶν
2510 3759 2732 3830 ἡμερῶν
2763 3761 2910 3828 λέγει
2939 3759 3017 3830 τῷ
3047 3759 3260 3830 μαθητῇ
3293 3757 3485 3810 αὑτοῦ·
3515 3757 3670 3826 Ποίη-

2096 3869 2188 3905 σον
2217 3851 2461 3922 ἀγάπην,
2491 3850 2708 3920 ἀδελφὲ,
2744 3853 2835 3904 καὶ
2862 3850 2917 3903 εἴ
2955 3867 3007 3903 τι
3035 3852 3081 3903 δ’
3113 3850 3190 3914 ἂν,
3214 3851 3444 3918 ποιήσω,
3475 3847 3670 3917 βάστα-

2096 3942 2207 4009 ξον,
2249 3943 2342 3996 καὶ
2374 3941 2540 4012 μηδὲν
2572 3941 2813 4012 λαλήσῃς
2859 3958 2948 4012 μοι
2993 3940 3092 4012 τὴν
3136 3939 3404 4010 ἑϐδομάδα
3449 3938 3664 4009 ταύτην.

2096 4034 2214 4088 Καὶ
2237 4032 2416 4086 λαϐὼν
2447 4031 2639 4105 βαῖνην
2679 4033 2894 4104 ῥάϐδον,
2929 4033 3130 4106 ἤρξατο
3165 4032 3483 4104 περιπατεῖν
3506 4030 3582 4092 είς
3609 4027 3669 4082 τὺ

2097 4123 2382 4194 αὐλύδριον
2419 4122 2583 4176 αὐτοῦ
2611 4139 2624 4154 ο
2652 4124 2745 4175 καὶ
2775 4122 3042 4187 κοπιάσας
3070 4122 3286 4178 ἐκάθισε
3337 4122 3546 4193 μικρὸν,
3574 4122 3666 4173 καὶ

2099 4215 2258 4268 πάλιν
2300 4213 2538 4277 ἀναστάς
2585 4213 2924 4284 περιεπάτει.
2979 4213 3282 4284 Γενομένης
3319 4211 3375 4264 δὲ
3415 4211 3664 4281 ἑσπέρας.

2097 4306 2244 4375 λέγει
2265 4305 2341 4376 τῷ
2361 4304 2606 4376 λογισμῷ
2625 4322 2640 4338 ο
2657 4306 2716 4358 '0
2733 4306 2919 4376 είςτὴν
2943 4304 3146 4375 ἔρημον
3173 4302 3490 4374 περιπατῶν
3514 4303 3669 4374 ἄρτον

2098 4399 2198 4452 οὐκ
2227 4397 2397 4450 ἐσθίει
2421 4437 2439 4462 ,
2495 4396 2632 4448 ἀλλὰ
2686 4395 2940 4466 βοτάνας”
2976 4397 3040 4449 συ
3064 4395 3120 4447 δὲ
3149 4393 3238 4447 διὰ
3265 4393 3363 4464 τὴν
3395 4391 3670 4446 ἀσθένειάν

2101 4505 2196 4542 σου
2233 4488 2375 4556 φάγε
2419 4488 2840 4558 λεπτολάχανον.
2875 4487 2983 4540 Καὶ
3022 4486 3253 4555 ποιήσας
3282 4484 3472 4546 οὕτως,
3517 4483 3672 4537 πάλιν

413 4575 677 4641 fecisset,
712 4576 908 4631 iterum
945 4577 1112 4632 menti
1147 4593 1260 4632 suae
1301 4578 1441 4634 dixit
1471 4599 1484 4635 :
1524 4579 1626 4647 Qui
1663 4592 1914 4638 versatur
1941 4583 1987 4637 in

2102 4548 2258 4649 λέγει
2275 4548 2354 4650 τῶ
2391 4579 2635 4652 λογισμῷ
2655 4548 2689 4610 Γ
2715 4579 2773 4632 Ὀ
2799 4581 2878 4643 εἰς
2903 4579 3002 4650 τὴν
3031 4548 3237 4650 ἔρημον
3260 4577 3362 4630 ὑπὸ
3390 4577 3581 4645 στέγην
3611 4576 3670 4628 οὗ

412 4680 622 4732 eremo,
665 4667 770 4722 sub
799 4674 1005 4722 tectum
1049 4681 1158 4722 non
1191 4668 1420 4735 dormit,
1469 4670 1567 4725 sed
1593 4671 1660 4726 ad
1695 4687 1876 4728 acrem
1899 4689 1915 4739 ;
1938 4680 1997 4728 tu

414 4758 582 4830 igitur
615 4759 691 4814 ita
722 4759 929 4827 facito;
960 4768 1015 4816 et
1043 4762 1371 4819 recumbens
1393 4763 1654 4819 dormivit
1697 4767 1750 4819 in
1782 4767 2001 4820 atriolo.

485 4913 535 4946 ⁸³
562 4913 732 4969 Abest
762 4915 979 4985 εὐφυῶς
1006 4915 1075 4971 ab
1103 4916 1175 4972 al.
1253 4917 1300 4950 “
1325 4917 1410 4970 Al.
1439 4919 1758 4989 σχίσματος.

446 5135 477 5148 ._
494 5063 610 5148 (9?)
659 5066 757 5148 ’ἓν
779 5071 1158 5148 μονοέιεέῖλὲφ
1195 5071 1482 5148 ρεξιήσαςε,
1500 5073 1710 5148 ,τοιθε-
1728 5073 2004 5148 limes!-

420 5135 533 5190 litat
547 5135 894 5207 dicebantur.
917 5139 1053 5194 Cod.
1082 5135 1389 5198 Vindobon.
1418 5135 1539 5207 {56,
1567 5159 1622 5197 ιι.
1641 5142 1714 5196 25
1739 5160 1752 5197 :
1781 5144 2004 5198 Ἡσαΐου

424 5204 803 5284 ⁴πρεσϐυτέρου
846 5209 940 5284 καὶ
990 5209 1346 5284 ἀναχωρητοῦ
1369 5253 1385 5277 ,
1438 5204 2008 5284 περὶῄκαταστάσεως

422 5273 878 5353 ἀρχαρίωνλκαὶ
925 5280 1057 5353 περὶ
1098 5273 1650 5353 ἶὲῶν’μονοκελλἰτῶν
1677 5323 1690 5345 ,
1759 5286 1853 5353 καί
1898 5273 2010 5353 τῶν

424 5343 688 5426 θελᾲντων
717 5345 936 5426 οίκῆσαι
965 5343 1022 5402 ὲν
1041 5343 1321 5426 ’κοινοὸίὶξκ
1375 5351 1598 5426 llinen‘i
1631 5343 2010 5426 μονοκελλικον

426 5415 482 5494 in
533 5415 707 5494 hisce“
738 5419 1113 5494 perobscuri_s__
1143 5415 1333 5494 verbis
1394 5415 1687 5494 salebrosi
1722 5423 2010 5494 scriptoris

423 5481 1022 5560 GeorgiiPa'cbymerae
1038 5489 1250 5560 Hister.
1285 5493 1378 5546 lib.
1414 5508 1477 5556 ιι,
1513 5507 1633 5560 cap.
1665 5492 1700 5547 9
1732 5510 1744 5545 :
1778 5481 1874 5545 ’Ἑν
1908 5493 2016 5544 τῶν

424 5553 743 5632 ἀναγκαίων
775 5553 923 5632 ἔδοξε
977 5559 1058 5632 τῶ
1095 5561 1272 5632 καιρῷ
1301 5563 1396 5614 καὶ
1423 5553 1542 5625 τοῖς
1575 5553 1846 5631 ἐφεστῶσι
1880 5561 2015 5632 πρά.-

425 5579 743 5621 υιναγκαιων
775 5579 923 5625 εοοςε
977 5579 1009 5611 τ
1031 5579 1058 5612 υ
1095 5579 1272 5632 καιρῳ
1301 5579 1396 5614 και
1423 5579 1542 5625 τοις
1575 5579 1846 5631 εφεστωσι
1880 5579 1920 5612 π
1960 5579 2014 5615 α-

425 5637 623 5693 γμασι,
646 5624 706 5678 τὸ
744 5579 1091 5698 περιλειφθξν
1121 5631 1279 5700 τέως,
1311 5632 1435 5684 ὅσον
1461 5632 1519 5683 ὲν
1546 5633 1825 5700 προνοίαις
1851 5579 2014 5684 ἐτίτ-

425 5708 595 5770 «τετο,Δ
607 5699 800 5770 μοναίς
823 5714 884 5770 τε
914 5699 1010 5751 xui.
1038 5699 1396 5770 ἐκκλησίαις,
1428 5702 1524 5755 καὶ
1545 5699 1656 5764 τοῖς
1681 5700 1892 5770 βασιλεῖ
1913 5718 2016 5754 πα-

428 5711 571 5757 τετο,
651 5711 800 5760 οναις
823 5714 884 5750 τε
914 5711 1010 5751 και
1053 5711 1396 5769 εκκλησίαις,
1428 5711 1524 5755 καὶ
1545 5711 1656 5764 τοῖς
1681 5711 1891 5770 βασιλεῖ
1913 5718 2016 5754 πα-

428 5711 804 5835 ρασπίὲουσιν,
854 5768 1148 5837 ἀφεικότας
1187 5769 1294 5824 τῶν
1340 5770 1636 5838 δεσποτῶν,
1693 5772 1908 5826 τάττειν
1938 5772 2018 5833 είς

1856 4921 1902 4951 ’⁵
1935 4919 2024 4976 ΑΙ.
2049 4919 2348 4990 ἐνεργείας.

2107 4675 2389 4746 κοιμᾶται,
2417 4673 2553 4728 ἀλλὰ
2575 4672 2681 4726 ὑπὸ
2701 4672 2792 4726 τὸν
2806 4673 2943 4743 ἀέρα
2959 4689 2972 4702 ·
2992 4671 3085 4725 καὶ
3115 4665 3207 4722 οὖν
3239 4669 3460 4738 ποίησον
3485 4666 3670 4730 οὕτως’

2107 4767 2201 4820 καὶ
2217 4766 2403 4829 κλίνας
2429 4766 2639 4832 ἑαυτὸν,
2666 4765 2924 4834 κοιμᾶται
2951 4765 3029 4826 εἰς
3047 4760 3414 4833 τὺαὺλύδριον.
3445 4759 3677 4830 Ποιήσας

2453 4920 2500 4952 ³⁸
2524 4920 2610 4972 ΑΙ.
2639 4918 3013 4988 κεντητήριον.

2114 5073 2520 5144 στρατιωτικὸν,
2551 5072 2690 5144 πλὴν
2730 5073 2828 5144 καὶ
2860 5070 3250 5144 μονοκελλικρν-
3267 5067 3580 5144 ξύμπαντας
3605 5068 3682 5133 ὡς

2113 5139 2366 5195 ἐντεῦθεν
2395 5143 2590 5205 αὐτοὺς
2625 5139 3018 5211 ἐκείνοιςὺπὲρ
3039 5142 3148 5195 τῶν
3185 5139 3682 5211 ίδίωννπροσμένον-

2115 5229 2213 5274 τας
2236 5212 2524 5282 μάχεσθαι.
2554 5212 2726 5278 Quem
2749 5227 2850 5282 ego
2887 5209 3065 5266 locum
3095 5213 3254 5279 longe
3283 5209 3439 5263 aliter
3476 5222 3536 5262 ac
3559 5223 3682 5282 ern-

2116 5277 2265 5338 ditus
2295 5277 2980 5352 interpresaccipiendum
3030 5297 3153 5352 esse
3182 5277 3344 5352 atque
3367 5277 3680 5332 vertendum

2117 5349 2460 5421 augurabar';
2504 5353 2607 5406 hoc
2652 5349 2766 5406 fere
2797 5351 2960 5406 modo
2992 5366 3007 5403 :
3046 5351 3220 5405 Unum
3248 5349 3418 5403 uisum
3444 5357 3522 5402 est
3554 5359 3682 5400 tem.

2118 5424 2234 5490 pori
2268 5422 2521 5493 rebusque
2558 5421 3322 5493 ingruentibusnecessarium,
3357 5427 3414 5470 ut
3438 5424 3685 5493 quoiquoi

2123 5487 2708 5560 supererant'ccllofati
2755 5494 2810 5544 in
2837 5489 3322 5560 procurationibus,
3354 5487 3683 5560 monasteriis

2121 5558 2462 5624 et’ecrlesiis,
2494 5579 2556 5616 ac
2602 5562 2742 5615 inter
2789 5562 3124 5632 imperatoris
3150 5559 3427 5632 satellites,
3460 5558 3618 5632 soluti
3651 5573 3685 5632 α

2123 5633 2377 5694 dominis,
2410 5633 2464 5684 iu
2495 5633 2744 5685 militiam
2770 5626 3158 5686 ascriberentur
3182 5629 3378 5688 cuncti,
3405 5626 3561 5681 etiam
3589 5627 3682 5694 qui

2122 5702 2175 5755 in
2208 5701 2539 5756 Monocelliis
2574 5718 2592 5756 :
2631 5718 2732 5772 quo
2762 5703 2816 5755 hi
2841 5716 2936 5770 pro
2963 5701 3072 5757 illis
3107 5701 3422 5768 illorumque
3449 5694 3688 5766 facultas

2121 5771 2259 5826 tibus
2291 5782 2674 5841 perseverantes
2704 5783 3018 5843 pugnarent.
