3878 6300
437 357 542 414 155

1616 357 1834 411 ΛΡΡΕΧ
1845 355 1958 410 ΒΙἈ
2003 356 2092 410 AD
2131 355 2546 413 PALLADIUM.

3589 355 3704 413 {56'

432 491 532 534 t'us
555 492 736 531 emere
761 492 934 544 vasa;
973 477 1062 531 ubi
1101 493 1229 534 vero
1258 480 1592 534 accesserint
1629 479 1696 534 ad
1733 481 2010 550 accipien-

2136 482 2237 531 Ltav
2266 479 2459 532 ἔλθωσι
2491 477 2676 530 λαϐεῖν
2708 477 2806 547 τὴν
2828 478 2991 548 τιμὴν
3027 480 3224 544 αὐτῶν,
3248 480 3476 550 λέγομεν
3507 482 3697 546 αὐτοῖς

430 570 561 624 dum
607 569 842 638 pretium
867 609 882 632 ,
925 570 1174 624 dicemus
1213 571 1296 624 eis
1326 578 1386 624 ut
1426 571 1634 626 faciant
1663 573 2007 636 orationem;

431 673 484 714 et
527 659 691 714 credo
722 659 867 730 quod
909 660 1002 714 illa
1046 660 1354 715 sanabitur.
1397 659 1617 732 Egressi
1665 678 1798 731 ergo
1833 662 1900 716 ad
1931 663 2010 718 fo-

431 765 578 813 rum,
631 752 958 805 invenerunt
993 767 1158 805 unum
1196 767 1225 807 e
1259 769 1451 807 senum
1501 753 1790 824 discipulis
1813 755 2010 809 seden-

434 849 542 895 tem
581 841 656 894 uti
688 840 946 894 venderet
986 856 1177 894 eorum
1216 841 1860 911 vasa;adduxeruntque
1886 857 2008 896 eum

433 947 558 985 cuiu
602 932 826 1000 sportis,
876 932 1034 1000 quasi
1087 941 1437 1000 accepturum
1471 935 1725 1002 pretium.
1766 934 2011 1002 Cumque

434 1021 735 1075 monachus
784 1021 1006 1076 domum
1048 1022 1330 1093 ingressus
1358 1032 1522 1078 ‘esset
1547 1063 1561 1082 .
1601 1024 1747 1077 venit
1807 1025 2010 1078 tlzemoo

433 1113 611 1174 niaca,
644 1118 698 1173 et
724 1111 872 1166 dedit
915 1112 964 1166 ei
988 1113 1225 1182 alapam.
1261 1111 1310 1167 Is
1365 1127 1492 1167 vero
1524 1114 1687 1166 aliam
1736 1113 2038 1166 maxillam.

431 1206 687 1270 obvertit,
723 1204 879 1272 juxta
909 1214 1236 1272 praeceptum
1271 1203 1481 1258 Domini
1510 1206 1574 1258 ’³.
1615 1203 1768 1258 Tuuc
1799 1205 2011 1259 daemon

432 1297 823 1360 discruciatus,
859 1285 1122 1356 clamavit
1170 1297 1361 1350 dicens
1392 1315 1404 1349 :
1441 1294 1484 1352 Ο
1517 1296 1661 1350 vim!
1700 1295 2012 1350 Mandatum

432 1386 564 1444 Jcsu
594 1389 822 1459 expellit
849 1404 955 1442 me.
989 1386 1404 1457 Confestimque
1435 1397 1657 1457 purgata
1685 1396 1768 1442 est
1797 1388 2011 1441 mulier.

433 1477 732 1550 Postquam
770 1488 952 1535 autem
979 1481 1260 1534 venissent
1301 1495 1483 1541 senes,
1521 1479 1908 1532 nuntiaverunt
1934 1480 2016 1533 eis

433 1575 581 1644 quod
617 1573 908 1630 acciderat.
949 1572 1028 1627 lUi
1061 1571 1514 1642 gloriﬁcaverunt
1546 1569 1738 1635 Deum,
1775 1586 1837 1624 ac
1864 1570 2016 1624 dixe-

435 1673 567 1720 runt
601 1683 614 1722 :
650 1665 801 1721 Solet
840 1665 1113 1736 prosterni
1161 1663 1364 1719 diaboli
1403 1663 1655 1732 superbia
1697 1678 1794 1733 per
1838 1662 2018 1716 humi-

439 1758 648 1812 litatem
678 1757 921 1811 mandati
943 1756 1170 1810 Christi.

507 1848 562 1902 4.
596 1846 795 1902 lterum
822 1847 1144 1901 dixitabbas
1176 1846 1396 1902 Daniel:
1429 1842 1645 1911 Quanto
1668 1860 1869 1914 corpus
1893 1845 2007 1914 pul-
2049 1823 2090 1881 Β

437 1939 594 2002 lulat,
644 1946 798 1992 tanto
847 1937 1086 1990 animam
1142 1937 1450 1998 attenuari,
1494 1945 1546 1990 et
1581 1945 1788 2004 quanto
1816 1951 2017 2004 corpus

439 2029 805 2092 imminuitur,
839 2035 992 2080 tanto
1020 2027 1256 2079 animam
1281 2042 1552 2081 crescere.

509 2120 562 2174 5.
607 2118 715 2174 lter
769 2118 884 2189 (9U)
935 2118 1167 2188 agebant
1211 2118 1508 2187 aliquando
1545 2116 1716 2171 abbas
1749 2115 1938 2170 Dauiel
1966 2127 2020 2170 et

439 2211 612 2266 abbas
641 2211 918 2264 Ammoes.
953 2209 1101 2262 Dixit
1137 2208 1306 2263 abbas
1325 2209 1583 2262 Ammoes
1613 2227 1626 2262 :
1660 2207 1889 2272 Quando
1920 2222 2019 2261 nos

439 2317 659 2372 quoque
708 2301 1020 2356 scdebimus
1050 2301 1104 2353 in
1155 2301 1317 2362 cella,
1355 2298 1547 2353 Pater?
1588 2297 1893 2369 Respondit
1921 2298 2018 2351 ah-

441 2391 541 2447 bas
571 2390 757 2445 Daniel
784 2410 796 2445 :
827 2389 963 2456 Quis
984 2389 1129 2444 enim
1163 2389 1324 2443 modo
1357 2388 1523 2443 Deum
1549 2404 1579 2441 a
1615 2389 1776 2444 uobis
1805 2391 2022 2442 aufert?

443 2483 585 2539 Deus
615 2484 770 2538 estin
808 2483 963 2549 cella,
993 2493 1046 2537 et
1084 2481 1264 2536 adhuc
1299 2489 1454 2536 extra
1489 2481 1678 2536 cellam
1719 2480 1862 2534 Deus
1888 2495 2019 2534 con-

443 2577 608 2631 sistit.

515 2669 568 2722 6.
613 2667 726 2737 (97)
760 2665 1012 2720 Narravit
1046 2665 1216 2719 abbas
1247 2663 1460 2728 Daniel,
1491 2664 1638 2732 quod
1672 2661 1893 2732 quando
1927 2661 2024 2714 ab-

442 2759 542 2814 bas
578 2758 844 2812 Arsenius
875 2756 1107 2826 degebat
1133 2756 1184 2808 in
1211 2753 1378 2818 Sceti,
1407 2760 1526 2807 erat
1576 2753 1687 2806 illic
1723 2751 2024 2806 monachus

443 2850 536 2918 qui
569 2864 699 2903 vasa
750 2863 944 2902 senum
987 2847 1312 2913 iurabatur;
1352 2853 1406 2900 et
1457 2844 1760 2914 assumpsit
1793 2859 1916 2898 eum
1968 2844 2024 2898 in

445 2939 637 2993 cellam
688 2954 843 2993 suam
893 2938 1065 2993 abbas
1096 2939 1402 3001 Arsenius,
1437 2937 1627 2992 volens
1668 2945 1780 2990 tum
1819 2936 2034 2990 lucrari

445 3046 592 3096 eum,
624 3039 738 3083 tum
789 3029 1014 3084 senibus
1056 3030 1293 3098 quietem
1355 3035 1633 3099 prmstare.
1673 3025 1737 3079 Et
1776 3026 1852 3078 ait
1897 3026 1972 3078 illi
2006 3039 2022 3078 :

2113 572 2198 623 ῐνα
2231 572 2527 640 ποιήσωσιν
2565 571 2748 640 εὐχὴν,
2785 573 2883 624 καὶ·
2924 573 3161 626 πιστεύω
3187 575 3268 626 ὅτι
3302 573 3689 643 θεραπεύεται.

2112 664 2219 716 Καὶ
2253 662 2554 726 ἐξελθόντες
2583 665 2638 715 ἐν
2674 666 2737 733 τῇ
2766 665 2960 734 ἀγορᾷ,
2999 656 3155 735 εὗρον
3178 665 3275 716 ἕνα
3303 663 3548 734 μαθητὴν
3579 665 3694 716 τῶν

2111 753 2381 823 γερόντων
2416 751 2722 821 καθήμενον
2740 752 2825 803 ἵνα
2859 753 3082 822 πωλήσῃ
3113 753 3182 804 τὰ
3215 751 3380 821 σκεύη
3410 751 3588 803 αὐτῶν
3619 749 3691 782 ³⁸⁸

2112 847 2206 898 καὶ
2236 844 2424 896 ἔλαϐον
2469 845 2631 897 αὑτὸν
2674 843 2811 914 μετὰ
2839 844 2948 896 τῶν
2988 844 3280 915 σπυρίδιον,
3322 844 3394 905 ὼς
3433 843 3518 895 ἵνα
3546 841 3692 914 λάϐῃ

2112 940 2171 990 τὸ
2203 938 2417 1008 τίμημα
2445 936 2640 989 αὐτῶν.
2675 937 2784 989 Kal.
2821 938 2907 989 ὅτε
2952 933 3113 1007 ἦλθεν
3155 938 3183 988 6
3215 936 3444 1006 μοναχὸς
3481 936 3561 997 εἰς
3598 934 3694 988 τὸν

2112 1024 2277 1091 οἷκον,
2308 1023 2469 1098 ἦλθεν
2502 1028 2534 1097 ή
2564 1027 2998 1097 δαιμονιζομένη,
3030 1028 3122 1080 καὶ
3163 1027 3361 1079 ἔδωκεν
3407 1025 3553 1095 αὑτῷ
3590 1025 3692 1093 ῥά-

2116 1137 2292 1188 πισμα
2319 1117 2451 1187 {99).
2495 1119 2553 1170 Ὀ
2590 1118 2646 1170 δὲ
2689 1118 2914 1189 έστρεψε
2966 1117 3058 1171 καὶ
3084 1117 3181 1188 τὴν
3231 1117 3395 1187 ἄλλην
3441 1118 3692 1184 σιαγόνα,

2117 1212 2256 1265 κατὰ
2281 1211 2378 1280 τὴν
2405 1211 2622 1280 ἐντολὴν
2645 1209 2738 1262 τοῦ
2767 1210 2994 1280 Κυρίου.
3021 1210 3129 1262 Καὶ
3155 1207 3495 1278 βασανισθεὶς
3521 1209 3549 1260 6
3576 1208 3695 1260 δαί-

2119 1321 2254 1372 μων,
2308 1299 2502 1372 έκραξε
2547 1301 2753 1369 λέγων·
2797 1302 2859 1353 Ὢ
2904 1300 3028 1370 βίαι
3074 1301 3124 1370 η’
3153 1299 3338 1370 ἐντολὴ
3381 1298 3472 1352 τοῦ
3519 1297 3694 1367 Ἰησοῦ

2118 1393 2365 1446 ἐκϐάλλει
2405 1409 2492 1462 με.
2525 1392 2634 1445 Kal.
2664 1391 2862 1454 εὐθέως
2890 1391 3224 1462 ἐκαθαρίσθη
3255 1392 3287 1460 ἡ
3330 1392 3462 1460 γυνὴ
3492 1391 3555 1440 ⁸⁸.
3583 1389 3694 1440 Kal.

2116 1488 2190 1547 ὡς
2222 1482 2384 1556 ἦλθον
2419 1487 2467 1537 οἱ
2493 1485 2765 1556 γέροντες,
2800 1485 3125 1555 ἁνήγγειλαν
3155 1485 3336 1547 αὑτοῖς
3376 1483 3436 1534 τὸ
3465 1482 3694 1550 γενόμε-

2117 1596 2224 1631 νον.
2265 1577 2374 1629 Kal.
2418 1575 2676 1640 ἐδόξασαν
2719 1575 2809 1627 τὸν
2835 1575 2987 1636 Θεὸν,
3021 1575 3115 1628 καὶ
3142 1569 3328 1627 εἶπονο
3374 1575 3533 1636 Ἔθος
3575 1572 3701 1625 ἐστὶ

2118 1671 2183 1738 τῇ
2213 1666 2559 1736 ὑπερηφανίᾳ
2587 1665 2681 1717 τοῦ
2713 1664 2980 1729 διαϐόλου,
3006 1666 3223 1717 πίπτειν
3254 1664 3360 1717 ἀπὸ
3381 1664 3479 1732 τῆς
3508 1679 3702 1716 ταπει-

2119 1757 2334 1820 νώσεως
2363 1759 2459 1828 τῆς
2483 1757 2698 1826 ἐντολῆς
2737 1755 2828 1807 τοῦ
2859 1755 3119 1826 Χριστοῦ.

2188 1852 2247 1905 δ’.
2297 1852 2486 1920 Ἔλεγε
2522 1852 2680 1902 πάλιν
2711 1853 2738 1902 ὁ
2770 1850 2942 1911 ἁϐϐἅς
2968 1848 3185 1918 Δανιὴλ,
3213 1849 3292 1900 ὅτι
3313 1848 3433 1900 ὅσον
3456 1846 3515 1898 τὸ
3539 1845 3700 1913 σῶμα

2121 1943 2322 2007 θάλλει,
2379 1941 2626 1994 τοσοῦτον
2666 1943 2698 2010 ἡ
2941 1940 3294 1992 λεπτύνεταιο
3327 1939 3418 1991 καὶ
3469 1940 3590 1991 ὅσον
3639 1938 3702 1989 τὸ

2120 2033 2275 2105 σῶμα
2305 2031 2650 2092 λεπτύνεται,
2683 2030 2937 2083 τοσοῦτον
2965 2031 2997 2100 ἠ
3030 2028 3175 2098 ψυχὴ
3209 2028 3410 2081 θάλλει.

2189 2130 2251 2180 ε’.
2285 2124 2506 2177 Ὠδευόν
2531 2141 2659 2175 ποτε
2683 2125 2710 2176 ὁ
2736 2121 2908 2184 ἀϐὂᾶς
2939 2122 3135 2192 Δανιὴλ
3173 2122 3268 2175 καὶ
3297 2123 3325 2174 6
3363 2120 3536 2182 assa;
3568 2121 3702 2187 Ἀμ-

2125 2213 2295 2286 μὼης.
2338 2215 2447 2268 Kal.
2494 2214 2641 2281 λέγει
2677 2215 2706 2265 6
2739 2212 2911 2293 6.66:1;
2956 2212 3217 2282 Ἀμμὼης
3243 2231 3255 2244 ·
3294 2212 3429 2265 Πότε
3478 2209 3705 2272 καθεζό-

2125 2309 2262 2378 μεθα
2295 2308 2387 2360 καὶ
2417 2308 2577 2375 ἡμεῖς
2605 2309 2684 2367 εἰς
2707 2305 2764 2357 τὸ
2796 2304 3025 2366 κελλίον,
3053 2304 3268 2373 nam;
3301 2302 3463 2370 Λέγει
3497 2301 3646 2364 αὑτῷ
3674 2304 3704 2354 ὀ

2123 2402 2296 2465 ἀεὸἇς
2331 2400 2529 2468 Δανιήλ
2552 2417 2565 2430 ·
2599 2399 2694 2461 Τίς
2732 2399 2840 2470 γὰρ
2883 2400 3106 2468 ἀφαιρεῖ
3142 2398 3234 2465 ἀφ’
3257 2396 3412 2468 ἡμῶν
3439 2398 3528 2449 τὸν
3568 2396 3703 2449 θεὸν

2125 2493 2248 2560 ἄρτι
2284 2491 2392 2559 (l);
2423 2491 2450 2542 6
2475 2489 2607 2552 Θεός
2650 2490 2794 2541 ἐστιν
2840 2491 2896 2540 ἐν
2935 2487 3012 2557 τῷ
3049 2485 3262 2555 κελλίῳ,
3289 2487 3379 2538 καὶ
3411 2485 3568 2538 πάλιν
3599 2484 3705 2550 ἔξω

2124 2585 2151 2636 6
2173 2583 2304 2644 Θεός
2336 2583 2504 2634 ἐστιν.

2187 2677 2272 2735 ς’.
2313 2671 2619 2740 Διηγήσατο
2640 2671 2666 2722 6
2695 2668 2866 2732 666i;
2892 2668 3111 2738 Δανιὴλ,
3129 2669 3210 2720 ὃτι
3240 2669 3366 2719 Ὅτε
3391 2662 3456 2736 ἦν
3483 2667 3540 2718 ὲν
3563 2666 3707 2734 Σκή-

2126 2779 2205 2816 τει
2234 2764 2262 2814 6
2293 2761 2467 2824 ἀϐὒᾶς
2507 2761 2798 2831 Ἀρσένιος,
2839 2756 2906 2830 ἦν
2931 2777 3014 2822 τις
3052 2761 3165 2810 ἐκεῖ
3197 2757 3423 2827 μοναχδς
3455 2756 3705 2808 κλέπτων

2125 2853 2192 2904 τὰ
2229 2849 2394 2920 σκεύη
2428 2851 2535 2905 τῶν
2584 2851 2874 2922 γερόντων.
2907 2851 3016 2903 Kal.
3058 2849 3245 2902 ἔλαϐεν
3274 2848 3433 2901 αὑτὸν
3466 2849 3494 2899 6
3527 2845 3706 2907 ἁ66Ξ.ς

2140 2944 2412 3014 ’Λρσένιος
2445 2945 2526 3006 εἰς
2563 2945 2661 3014 τὴν
2708 2943 2899 2997 κέλ).αν
2942 2942 3125 3006 αὑτοῦ,
3170 2941 3338 2993 θέλων
3384 2940 3542 2992 αὐτὸν
3579 2956 3708 3010 κερ-

2126 3034 2308 3101 δῆσαι,
2334 3036 2572 3098 καὶτοὺς
2593 3034 2850 3102 γέροντας
2872 3033 3217 3096 ἀναπαῦσαι,
3244 3033 3338 3085 καὶ
3367 3033 3511 3100 λέγει
3533 3029 3703 3102 αὒτῷ-

447 3122 505 3177 Si
539 3123 671 3191 quid
715 3122 989 3188 volueris,
1041 3122 1180 3176 dabo
1233 3122 1371 3184 tibi,
1407 3129 1618 3174 tantum
1664 3134 1732 3174 ne
1790 3118 2020 3174 luroris:

2136 3126 2196 3179 Εἴ
2221 3142 2272 3178 τι
2299 3125 2364 3178 ἂν
2392 3123 2571 3195 θέλῃς,
2606 3124 2716 3192 ἐγώ
2751 3142 2829 3177 σοι
2860 3125 3084 3195 παρέχω
3104 3142 3118 3156 ⁶
3153 3125 3311 3195 μόνον
3355 3124 3427 3194 μὴ
3463 3122 3670 3196 κλέψῃς
3689 3139 3708 3155 ⁸

446 3223 561 3269 tum
593 3215 742 3269 dedit
788 3215 837 3270 ei
891 3229 1110 3277 aurum,
1158 3215 1467 3284 pecuniam,
1509 3223 1710 3280 vestes,
1761 3211 2024 3284 quidquid

447 3308 683 3376 denique
712 3306 1083 3362 necessarium
1115 3307 1165 3360 ei
1199 3314 1336 3361 erat.
1368 3305 1462 3360 Ille
1492 3305 1704 3368 abiens,
1735 3304 2027 3358 iurabatur

447 3400 648 3453 adhuc.
679 3397 949 3464 Quocirca
983 3414 1142 3453 senes
1170 3398 1419 3453 videntes
1453 3397 1598 3467 quod
1647 3413 1756 3450 non
1797 3396 2027 3451 desiste-

448 3496 550 3551 ret,
577 3490 904 3559 expulerunt
944 3488 1118 3551 illum,
1153 3487 1400 3542 dicentes
1436 3506 1448 3541 :
1484 3487 1539 3540 Si
1577 3475 1830 3542 inventus
1863 3486 2028 3540 fuerit
2079 3485 2087 3493 '

449 3579 620 3634 frater
666 3581 874 3636 habens
913 3579 1246 3634 inﬁrmitatis
1293 3586 1600 3649 peccatum,
1651 3585 1864 3646 Oportet
1902 3593 2024 3632 eum

447 3672 720 3738 tolerare;
765 3673 810 3726 si
841 3681 1022 3726 autem
1073 3671 1159 3724 fur
1207 3669 1390 3733 fuerit,
1417 3668 1600 3736 ejicite
1651 3669 1864 3738 ipsum;
1898 3667 2032 3737 quia-

449 3779 572 3818 cum
615 3764 810 3817 animae
841 3779 954 3818 sua:
993 3771 1150 3816 nocet
1173 3803 1186 3827 ,
1223 3769 1338 3815 tum
1365 3767 1592 3816 cunctos
1639 3775 1704 3814 eo
1738 3759 1844 3814 loci
1873 3775 2026 3814 com-

451 3863 729 3910 morantcs
751 3855 1062 3909 conturbat.

522 3945 572 4000 7.
619 3946 733 4015 (98)
767 3946 950 4000 Abbas
998 3945 1185 3998 Daniel
1223 3943 1520 3999 Pharanita
1568 3943 1812 3998 narravit
1868 3941 2022 3997 lucc:

452 4036 597 4090 Dixit
633 4036 794 4090 Pater
820 4047 1006 4092 noster
1031 4038 1200 4092 abbas
1235 4037 1500 4092 Arsenius
1533 4035 1600 4090 de
1630 4035 1864 4106 quodam
1897 4033 2030 4088 Sce-

453 4131 586 4181 tiota
611 4167 626 4191 ,
657 4127 804 4196 quod
835 4143 1064 4198 magnus
1109 4136 1258 4183 esset
1284 4127 1338 4180 in
1389 4127 1620 4196 agendo,
1670 4126 1725 4179 iu
1764 4125 1868 4179 lide
1906 4140 2034 4179 vero

560 4282 604 4312 "
641 4281 833 4336 Matth.
871 4298 923 4343 v,
954 4280 1040 4334 39.

1129 4281 1174 4313 ³⁰
1209 4281 1294 4336 Al.
1319 4280 1484 4349 αὐτῷ.

454 4354 509 4406 in
538 4351 607 4405 al.
640 4353 669 4403 6
697 4353 1022 4423 Ψαρανίτης.

1565 4279 1606 4312 ³³
1641 4281 1724 4334 ΑΙ.
1785 4281 1941 4350 κόρη.

553 4497 640 4567 96)
682 4497 789 4551 Vit.
821 4497 973 4550 Patr.
1009 4515 1081 4556 χι.
1126 4497 1178 4551 8.

550 4569 640 4636 97)
683 4567 780 4621 Vit.
821 4568 970 4621 I’atr.
1001 4585 1051 4628 κ,
1085 4569 1165 4621 18.

551 4640 640 4707 98)
679 4638 781 4690 Vit.
809 4638 960 4692 Patr.
993 4654 1145 4698 xvui,
1173 4638 1205 4691 5
1228 4655 1242 4702 ;
1268 4646 1320 4690 ct
1343 4639 1394 4691 in
1439 4637 1559 4690 Vita
1582 4639 1815 4693 Arsenii.

530 4707 642 4776 (99)
685 4708 944 4762 Ἔδωκεν
963 4709 1122 4774 αὐτῷ
1141 4707 1808 4776 ῥάπισμα.(Σοιιείιιιίιριιι
1839 4715 2033 4761 nactus

459 4794 579 4832 sum
618 4781 1080 4847 narratiunculaui
1108 4781 1159 4832 iu
1178 4780 1363 4832 codice
1389 4779 1555 4847 Regio
1581 4779 1739 4840 1907,
1762 4793 1885 4830 cum
1913 4793 2036 4831 sen-

461 4849 648 4902 tentiis
679 4847 898 4902 Patrum
925 4865 955 4902 e
986 4846 1280 4902 Ceroutico
1314 4846 1586 4916 excerptis
1619 4850 1890 4916 positam;
1930 4849 2035 4899 huc

462 4917 659 4988 modo:
693 4918 828 4970 Tivclt
870 4919 976 4970 τῶν
1007 4921 1252 4988 μοναχῶν
1284 4919 1561 4988 ἐρημιτῶν
1591 4918 1875 4988 ἄνθρωπος
1918 4917 2035 4969 δαι-

467 4936 659 4969 Iuouo:
704 4936 828 4970 uva
870 4936 976 4970 των
1047 4936 1252 4988 οναχων
1284 4936 1561 4988 ερημιτων
1591 4936 1875 4988 ανυρωπος
1918 4936 2035 4969 oat-

467 4987 810 5058 μονιςόμενος
860 4989 952 5058 καὶ
1004 4936 1190 5051 gemit;
1224 4987 1468 5058 ἀφρίζων
1531 4987 1691 5056 ἔτυψε
1739 4988 2037 5058 κατὰνυτῆς

465 5055 731 5126 σιαγόνος.
773 5057 831 5108 '0
878 5057 934 5108 δὲ
976 5059 1152 5126 γέρων
1201 5055 1527 5122 ἐναλλάξας,
1585 5060 1679 5109 καὶ
1717 5059 1817 5126 τὴν
1872 5056 2037 5126 ἄλλην

466 5125 758 5198 ὑπέθηκεν.
796 5127 853 5178 '0
881 5125 1174 5198 διε-δαίμων
1212 5128 1285 5197 μὴ
1317 5128 1497 5198 φέρων
1528 5127 1629 5198 τὴν
1661 5125 1910 5197 πύρωσιν
1940 5125 2037 5196 τῆς

464 5195 863 5258 ταπεινώσεως,
886 5196 1083 5258 εὐθέως
1116 5195 1296 5265 ἤγετο.
1333 5195 1399 5251 Μ’
1417 5207 1520 5259 est,
1551 5195 1720 5250 Homo
1746 5195 1783 5248 Va
1802 5195 2039 5249 da'mone

466 5279 762 5335 passessus.
787 5277 833 5318 et
857 5279 1096 5331 spumam
1120 5266 1437 5320 horrendum
1461 5270 1513 5321 in
1547 5267 1758 5320 modum
1791 5265 2036 5335 fundens,

467 5334 779 5405 monachum
823 5336 1049 5404 aliquem
1085 5339 1357 5390 cremitam
1392 5341 1443 5390 iu
1491 5338 1716 5391 maxilla
1759 5334 2036 5405 percussit.

468 5401 571 5476 Ille
589 5419 704 5476 vero
725 5401 1134 5468 senem-obverso
1151 5407 1318 5471 vultu,
1339 5408 1558 5461 alteram
1580 5401 1872 5476 supposuit.
1900 5407 2042 5469 Quo-

467 5474 612 5526 circa
645 5474 782 5540 {erre
813 5493 912 5528 non
933 5485 1105 5531 valens
1126 5478 1332 5531 da'nion
1357 5474 1652 5532 incendium
1681 5474 2006 5530 humilitatis
2025 5516 2039 5540 ,

471 5545 651 5596 statim
673 5543 933 5599 discessit.

544 5614 619 5687 (υ
646 5615 840 5687 "apri;
871 5617 987 5687 Alia
1023 5617 1389 5687 interpunctio
1427 5619 1478 5671 iu
1525 5618 1658 5672 Vitis
1693 5617 1934 5673 Patrum.

505 5750 516 5766 ‘
547 5685 621 5762 t'.".)_
674 5684 1026 5766 ’ξμςιτιρ-ιιὸν,
1066 5684 1398 5742 καῖπᾶσαν
1434 5689 1545 5754 τὴν
1578 5689 1785 5766 χρείαν
1823 5685 2038 5766 αἰντῶις.

477 5749 651 5808 Vettii
686 5749 956 5824 Pelagius,
997 5771 1058 5810 ex
1093 5774 1279 5822 sensu,
1316 5775 1424 5813 non
1467 5749 1530 5812 ad
1572 5749 1819 5825 vei-hum,
1855 5760 2043 5812 resect-

2051 4282 2094 4312 ³³
2125 4280 2208 4332 Al.
2240 4281 2406 4334 inser.
2467 4281 2560 4335 καὶ
2601 4279 3014 4352 νουθετούμενος
3052 4281 3114 4333 οὐ
3156 4279 3403 4335 παύεται.

2133 3215 2226 3267 καὶ
2255 3213 2452 3266 ἔδωκεν
2495 3213 2644 3284 αὐτῷ
2671 3213 2892 3284 χρυσίον
2918 3215 3012 3266 καὶ
3046 3215 3226 3284 κέρμα
3264 3214 3356 3266 καὶ
3388 3213 3706 3283 ἱματισμὸν,

2133 3307 2226 3359 καὶ
2255 3308 2434 3358 πᾶσαν
2471 3305 2568 3376 τὴν
2596 3305 2783 3376 χρείαν
2820 3305 2984 3358 αὑτοῦ
3015 3305 3111 3374 (‘2).
3156 3303 3427 3357 Ἀπελθὼν
3459 3303 3515 3356 δὲ
3546 3304 3712 3358 πάλιν

2131 3396 2407 3449 ἔκλεπτεν.
2462 3398 2524 3448 Οἱ
2563 3391 2655 3449 οὖν
2701 3396 2976 3466 γέροντες,
3035 3395 3232 3458 ἰδόντες
3281 3396 3363 3447 ὅτι
3396 3396 3493 3447 οὐκ
3537 3393 3711 3447 ἐπαύο

2130 3505 2279 3550 σατο,
2311 3485 2533 3550 ἐδίωξαν
2561 3487 2740 3548 αὐτὸν,
2769 3487 3035 3554 λέγοντες,
3067 3488 3148 3539 ὅτι
3187 3484 3311 3538 Ἐὰν
3332 3485 3526 3556 εὑρεθῇ
3552 3485 3711 3537 ἀδελ-

2128 3579 2227 3648 φὸς
2261 3578 2397 3647 ἔχων
2423 3578 2707 3631 ἀσθένειαν
2734 3577 3131 3648 ἐλαττώματος,
3165 3577 3270 3647 χρὴ
3295 3576 3583 3647 βαστάζειν
3614 3576 3718 3629 a6-

2125 3671 2244 3722 τόνο
2275 3670 2368 3722 ἐὰν
2401 3669 2458 3722 δὲ
2514 3669 2745 3740 κλέπτῃ,
2799 3669 2844 3700 ³⁹
2873 3667 3094 3732 διώξατε
3145 3669 3336 3722 αὐτόν·
3375 3670 3580 3722 ὅτικαὶ
3609 3668 3709 3738 τὴν

2125 3761 2302 3830 ψυχὴν
2328 3759 2493 3814 αὑτοῦ
2529 3758 2734 3831 ζημιοῖ,
2781 3761 2875 3813 καὶ
2899 3760 3051 3822 ὅλους
3081 3759 3205 3822 τοὺς
3246 3762 3302 3812 ὲν
3335 3759 3410 3828 τῷ
3439 3759 3590 3828 τόπῳ
3614 3775 3714 3811 τα·

2133 3853 2340 3922 ράττει.

2200 3944 2263 4007 ζ’.
2298 3946 2600 4014 Διηγήσατο
2630 3946 2658 3998 6
2687 3944 2860 4007 ἀϐὁᾶς
2883 3943 3076 4014 Δανιὴλ
3125 3945 3152 3996 6
3187 3945 3490 4015 Φαρανίτης
3518 3943 3584 4006 ⁸³,
3629 3943 3712 3995 ὅτι

2131 4031 2298 4088 Εἶπεν
2323 4038 2350 4088 6
2371 4037 2559 4106 Πατὴρ
2581 4036 2738 4106 ἡμῶν
2759 4036 2930 4100 ἁϐὅᾶς
2967 4037 3237 4108 Ἀρσένιος
3261 4036 3386 4106 περί
3410 4053 3548 4097 τινος
3579 4036 3713 4102 Σκη-

2132 4123 2349 4189 τιώτου,
2380 4125 2460 4177 ὅτι
2506 4120 2574 4194 ἦν
2615 4125 2912 4194 πρακτικὸς
2951 4125 3124 4194 μέγας
3163 4126 3263 4195 (5),
3314 4124 3515 4194 ἀφελὴς
3550 4125 3606 4176 δὲ
3633 4125 3714 4186 εις

3483 4281 3527 4312 ³³
3553 4280 3716 4338 Drcst

2065 4502 2108 4555 D
2137 4497 2239 4558 las,
2263 4505 2310 4548 et
2344 4511 2494 4549 omne
2515 4493 2653 4563 quod
2682 4494 2735 4546 in
2767 4508 3014 4560 responso
3041 4490 3405 4563 suo_habebat.
3431 4487 3495 4541 Et
3519 4488 3714 4542 existi-

2137 4567 2303 4620 mavit
2354 4561 2572 4633 quidem
2611 4563 2971 4633 Rosweydus,
3024 4563 3079 4616 in
3127 4561 3316 4615 Grzcco
3351 4574 3472 4633 esse
3519 4575 3709 4612 vocem

2136 4628 2928 4707 npoagowvaptov,“Cordei'ius
2960 4648 3091 4686 vero
3138 4646 3344 4707 numen
3370 4628 3662 4698 ἀπόκρισις
3696 4646 3710 4658 υ

2137 4699 2331 4760 neuter
2371 4699 2515 4758 vere.
2569 4703 2702 4757 Nam
2737 4719 3047 4772 responsum
3095 4710 3178 4755 est
3225 4699 3381 4772 χρεία
3404 4740 3416 4763 ,
3447 4713 3510 4752 eo
3544 4713 3714 4772 sensu

2137 4777 2228 4846 qui
2267 4776 2466 4844 passim
2503 4775 2643 4846 apud
2680 4769 3180 4846 auctores_n'i_edi;c
3226 4769 3400 4823 :L-talis
3450 4769 3715 4846 occurrit,

2137 4840 2405 4914 docteque
2440 4840 2728 4911 exponitur
2767 4859 2796 4896 a
2827 4842 3124 4905 Corderiu,
3160 4856 3258 4914 pro
3291 4840 3508 4914 negotio
3546 4853 3617 4914 ac
3657 4853 3718 4892 re

2138 4908 2468 4985 necessaria.
2506 4908 2932 4985 Προσφωναρίον
2950 4908 3559 4985 ουῑοω,⁷ΒοτιζιοΙοιιιωὶ
3595 4922 3717 4985 mo—

2140 4987 2298 5041 nachi
2334 4984 2523 5045 dictio,
2559 4977 2832 5052 'sus'pecta
2867 4983 2998 5035 mihi
3042 4981 3118 5044 lit,
3171 4996 3239 5052 ne
3288 4981 3357 5052 sit
3403 4977 3718 5052 προσφορα-

2181 5074 2277 5110 ιον.
2309 5053 2415 5107 Sed
2447 5052 2657 5106 allirmo
2680 5048 2840 5106 nihil.
2883 5051 3117 5105 Omnino
3154 5049 3275 5102 vide
3305 5048 3624 5111 Corderiung
3660 5048 3716 5100 in

2168 5125 2400 5180 )orothei
2453 5123 2694 5178 lnstitut.
2743 5124 2775 5178 9
2809 5130 2864 5176 et
2890 5124 2910 5175 l
2939 5139 2954 5184 ;
3004 5119 3292 5188 Rosweydi
3321 5117 3716 5188 Onomasticon

2144 5197 2208 5251 ad
2257 5196 2406 5249 Vitas
2463 5193 2709 5257 Patrum,
2746 5209 2879 5247 voce
2913 5186 3326 5259 Apocrisiarius,
3373 5186 3718 5242 Glossarium

2143 5266 2340 5321 Juliani
2365 5266 2764 5324 Antecessoris,
2793 5272 2847 5317 et
2881 5262 3022 5330 juris
3059 5261 3301 5330 Lexica.‘
3559 5317 3580 5328 r

2215 5334 2459 5406 (5)1183!
2496 5351 2654 5399 τινος
2699 5325 3032 5406 Σκητιῶᾼτολυ
3055 5372 3108 5406 ,η
3131 5329 3231 5406 ὅτε
3263 5325 3340 5399 ἦν
3393 5325 3720 5406 πρακτικὸς

2138 5398 2343 5476 μέγας.
2380 5398 2542 5458 Juxta
2572 5398 2878 5476 versionem
2911 5399 3134 5476 Pelagii,
3189 5399 3264 5476 De
3291 5398 3527 5476 quatiam
3571 5411 3718 5476 sene,

2144 5465 2236 5546 qui
2255 5465 2369 5529 erat
2399 5491 2616 5546 magnus
2655 5476 2708 5526 in
2749 5474 2847 5526 hac
2876 5473 3004 5546 vita.
3028 5465 3121 5525 seu
3157 5465 3357 5546 potius,
3391 5468 3462 5520 De
3487 5465 3719 5546 quodam

2145 5536 2262 5600 sene
2285 5549 2337 5598 in
2364 5536 2505 5600 Sciti
2525 5545 2815 5604 habitante,
2842 5543 2964 5612 quia
2983 5551 3118 5603 erat,
3143 5536 3246 5612 etc.
3281 5536 3537 5593 Testatur
3562 5538 3714 5612 enim

2148 5616 2498 5671 Mabillouius
2549 5625 2732 5670 uoster
2767 5605 2914 5668 tonio
2946 5614 3122 5680 primo
3165 5605 3719 5680 Veterunz_analecto_-

2149 5703 2262 5742 rum
2295 5703 2344 5755 p.
2373 5686 2500 5748 201,
2539 5685 2591 5737 in
2631 5700 2732 5738 ms.
2761 5674 3294 5755 Corbeiensi_habei-i
3323 5674 3544 5755 in_Sciti
3568 5674 3720 5726 habi-

2151 5748 2310 5820 tante,
2339 5766 2390 5811 et
2427 5757 2506 5808 ὅτι
2537 5763 2618 5810 est
2657 5755 2812 5822 quia;
2849 5752 2993 5824 quod
3028 5752 3190 5806 etiam
3224 5748 3462 5820 postulat
3497 5758 3719 5800 sensus.
