3878 6368
135 413 228 471 157

1300 393 1916 482 APOPllTHEG-MATA
1957 425 2268 485 PATRU‘M.

3287 400 3418 499 iss

131 533 220 602 τὴν
241 530 434 584 πίστιν
453 546 469 562 ο
497 531 596 585 καὶ
616 531 912 601 ἐσφάλλετο
937 533 1026 586 διὰ
1057 533 1322 590 ἰδιωτείαν
1346 555 1358 568 ·
1385 541 1472 592 καὶ
1499 540 1685 607 ἔλεγεν
1703 558 1718 573 ·

1834 542 2088 611 simplex:
2141 543 2284 598 unde
2313 544 2440 613 quia
2487 553 2596 598 eral
2635 543 2823 612 idiota,
2857 513 3167 613 fallebatur,
3201 565 3264 604 ac
3306 549 3393 606 di-

131 623 236 676 O'bt
271 619 391 674 ἐστι
437 620 602 688 φύσει
649 622 678 674 6
705 620 869 690 ἄρτος
905 620 964 675 ὃν
993 623 1342 695 λαμϐάνομεν
1389 627 1547 697 σῶμα
1579 629 1716 697 Χριτ

133 711 272 772 στοῦ,
304 711 424 764 ἀλλ’
455 711 770 766 ἀντίτυπον.
805 713 912 766 Καὶ
947 713 1186 784 ἥκουσαν
1217 715 1311 768 δύο
1348 716 1602 787 γέροντες
1635 720 1715 771 ὅτι

133 803 268 870 λέγει
297 802 392 854 τὸν
417 802 578 869 λόγον
607 801 817 867 τοῦτον,
844 805 934 856 καὶ
965 804 1322 874 γινώσκοντες
1356 807 1531 877 μέγαν
1560 809 1720 861 αὐτὸν

133 896 248 948 ὅντα
275 895 355 966 τῷ
385 894 510 965 βίῳ,
544 896 860 963 ἐλογίσαντο
883 898 966 950 ὅτι
994 899 1051 950 ἐν
1078 899 1284 968 ἀκακία
1311 901 1404 952 καὶ
1426 899 1719 970 ἀφελότητι

135 986 296 1054 λέγει,
348 987 446 1046 καὶ
490 983 656 1056 ἦλθον
707 985 844 1057 πρὸς
877 987 1061 1050 αὑτὸν,
1111 989 1204 1041 καὶ
1244 989 1490 1057 λέγουσιν
1535 989 1716 1061 αύτῷ·

145 1079 328 1143 Ἀϐϐᾶ,
362 1081 528 1147 λόγον
570 1081 890 1151 ἠκούσαμεν
919 1081 1047 1152 περὶ
1083 1080 1227 1144 τινὸς
1255 1082 1482 1136 ἄπιστον
1511 1083 1609 1153 (4),
1639 1085 1720 1135 ὅτι

133 1173 272 1240 λέγει
297 1175 381 1228 ὅτι
413 1177 444 1227 6
477 1177 642 1244 ἄρτος
675 1175 734 1228 ὃν
765 1174 1278 1246 μεταλαμϐάνομεν,
1302 1177 1401 1228 οὐκ
1427 1177 1538 1229 ἔστι
1560 1173 1720 1242 φύσει

135 1267 286 1334 σῶμα
317 1265 587 1335 Χριστοῦ,
622 1265 737 1318 ἀλλ’
773 1267 1063 1319 ἀντίτυπον
1096 1269 1234 1320 ἐστι.
1262 1265 1424 1334 Λέγει
1453 1267 1482 1317 6
1506 1266 1683 1335 γέρων
1703 1279 1716 1294 ο

145 1357 276 1424 Ἐγώ
305 1359 430 1426 είμι
467 1359 498 1409 6
525 1358 683 1411 τοῦτο
725 1357 916 1426 λέγων.
959 1359 1021 1410 υί
1057 1357 1114 1410 δὲ
1157 1356 1506 1428 παρεκάλουν
1552 1357 1717 1412 αὑτὸν

133 1447 411 1514 λέγοντες·
445 1448 539 1516 Μὴ
570 1447 745 1511 οὕτως
769 1449 1069 1518 κρατήσῃς,
1101 1447 1264 1512 ἁϐϐᾶ,
1307 1447 1419 1502 ἀλλ’
1446 1449 1522 1511 ὡς
1580 1467 1722 1521 παρο

133 1535 326 1587 ἔδωκεν
359 1537 396 1606 ἡ
443 1537 708 1608 καθολικὴ
747 1537 1062 1608 Ἐκκλησία.
1114 1539 1304 1608 Ἡμεῖς
1344 1539 1451 1609 γὰρ
1477 1537 1724 1591 πιστεύο-

135 1643 246 1696 μεν,
273 1627 362 1679 ὃτι
381 1627 546 1690 αὐτὸς
571 1631 600 1681 ό
627 1629 788 1700 ἄρτος
821 1629 978 1699 σῶμά
997 1631 1112 1681 ἐστι
1137 1628 1228 1680 τοῦ
1259 1627 1516 1699 Χριστοῦ,
1551 1631 1642 1682 καὶ
1665 1630 1725 1682 τὸ

133 1719 390 1788 ποτήριον
421 1719 554 1770 αὑτό
584 1722 700 1771 ἐστι
728 1721 790 1772 τὺ
825 1714 961 1789 αἷμα
999 1719 1094 1772 τοῦ
1127 1719 1382 1791 Χριστοῦ,
1419 1721 1560 1774 κατὰ
1587 1721 1724 1792 ἀλή-

133 1808 300 1872 θειαν,
359 1811 461 1862 καὶ
519 1811 580 1861 οὐ
630 1809 676 1840 ⁸⁸
708 1811 827 1863 κατ’
877 1811 1188 1864 ἀντίτυπον.
1251 1811 1388 1864 Ἀλλ’
1428 1811 1613 1882 ὥσπερ
1665 1815 1724 1865 ἐν

133 1901 266 1968 ἀρχῇ
299 1898 438 1968 χοῦν
467 1899 648 1952 λαϐὼν
677 1901 786 1954 ἀπὸ
815 1901 914 1970 τῆς
946 1902 1047 1972 γῆς
1077 1901 1279 1954 ἔπλασε
1311 1902 1401 1955 τὸν
1438 1903 1723 1974 ἄνθρωπον
1757 1879 1798 1938 Β

135 1993 246 2042 κατ’
275 1991 468 2042 εἰκόνα
501 1991 689 2054 αὐτοῦ,
726 1993 817 2045 καὶ
847 1991 1020 2054 οὐδεὶς
1046 1991 1268 2045 δύναται
1308 1995 1479 2047 εἰπεῖν
1512 1995 1596 2046 ὅτι
1622 1995 1726 2048 οὐκ

133 2081 276 2132 ἐστιν
315 2081 486 2134 εἰκὼν
521 2081 678 2142 Θεοῦ,
718 2084 766 2135 εί
797 2082 888 2135 καὶ
921 2083 1304 2154 άκατάληπτος
1323 2101 1334 2114 ·
1363 2085 1536 2149 οὕτως
1562 2087 1590 2138 6
1619 2085 1720 2156 ἄρ-

133 2189 215 2235 τος
242 2173 304 2225 ὃν
335 2167 496 2227 εἶπεν
532 2175 618 2228 ὅτι
637 2173 808 2246 Σῶμά
843 2174 946 2246 μού
985 2177 1154 2242 ἐστιν,
1187 2175 1359 2240 οὕτως
1393 2177 1728 2248 πιστεύομεν

133 2263 208 2316 ὅτι
229 2264 382 2316 κατὰ
413 2263 674 2336 ἀλήθειαν
701 2264 864 2337 σῶμά
899 2267 1017 2320 ἐστι
1050 2267 1311 2338 Χριστοῦ.
1351 2267 1408 2320 '0
1450 2267 1506 2320 δὲ
1546 2267 1725 2340 γέρων

133 2353 268 2422 εφη·
315 2353 446 2406 Ἐάν
502 2355 578 2425 μὴ
615 2355 822 2408 πεισΘῶ
871 2355 979 2408 ἀπὸ
1021 2357 1366 2427 πράγματος,
1400 2357 1461 2408 οὐ
1517 2357 1722 2427 πληρο-

131 2444 430 2515 ςοροῦμαι.
481 2447 545 2498 Ol
583 2445 640 2498 δὲ
687 2442 838 2499 εἷπον
869 2447 1008 2518 πρὸς
1048 2448 1242 2501 αὐτόν·
1289 2447 1577 2518 Δεηοῶμεν
1628 2445 1721 2502 τοῦ

131 2529 266 2584 Θεοῦ
295 2532 404 2601 τὴν
431 2531 704 2602 ἑϐδομάδα
733 2533 938 2604 ταύτην
967 2535 1094 2605 περὶ
1136 2535 1226 2588 τοῦ
1259 2537 1560 2607 μυστηρίου
1599 2535 1723 2588 τού-

133 2639 242 2686 τοῦ,
277 2625 378 2675 καὶ
407 2623 736 2694 πιστεύομεν
758 2625 838 2678 ὅτι
865 2627 892 2677 6
913 2625 1044 2688 Θεὸς
1069 2627 1441 2680 ἀποκαλύπτει
1470 2629 1620 2697 ἡμῖν.
1664 2628 1722 2680 Ὀ

129 2713 184 2766 δε
213 2715 406 2787 γέρων
439 2715 581 2784 μετὰ
611 2717 785 2786 χαρᾶς
815 2715 1033 2780 ἐδέξατο
1071 2717 1158 2770 τὸν
1195 2718 1354 2786 λόγον
1374 2734 1388 2750 ο
1424 2720 1518 2771 καὶ
1549 2718 1726 2772 ἐδέετο

133 2806 220 2860 τοῦ
255 2806 425 2870 Θεοῦ,
465 2807 672 2875 λέγων·
718 2805 911 2878 Κύριε,
941 2810 1005 2861 σὺ
1044 2809 1332 2878 γινώσκεις
1364 2811 1445 2864 ὅτι
1477 2811 1536 2862 ού
1583 2810 1726 2864 κατὰ

133 2897 331 2950 κακίαν
362 2897 586 2950 ἀπιστῶ
607 2915 621 2928 ·
649 2897 766 2951 ἀλλ’
799 2900 946 2962 ὅπως
976 2899 1050 2970 μὴ
1077 2902 1134 2952 ἐν
1167 2901 1412 2972 ἀγνωσία
1446 2900 1724 2972 πλανηθῶ,

131 2990 494 3059 ἀποκάλυψόν
535 3007 650 3062 μοι,
679 2991 853 3064 Κύριε
907 2993 1084 3063 Ἰησοῦ
1118 2993 1341 3064 Χριστέ.
1373 2993 1726 3055 Ἀπελθόντες

131 3081 184 3134 δὲ
210 3083 262 3134 οἱ
294 3082 560 3151 γέροντες
589 3083 670 3145 είς
697 3083 763 3135 τὰ
793 3082 976 3136 κελλία
1009 3083 1238 3147 ἑαυτῶν,
1267 3083 1608 3153 παρεκάλουν
1637 3083 1728 3136 τὸν

133 3173 262 3226 θεὸν
289 3175 388 3227 καὶ
423 3175 603 3237 αὐτοὶ,
627 3173 878 3242 λέγοντες
897 3191 910 3204 ⁶
943 3175 1116 3246 Κύριε
1141 3174 1314 3243 Ἰησοῦ
1346 3175 1567 3244 Χριστὲ,
1591 3176 1726 3226 άπο·

131 3265 377 3333 κάλυψον
401 3265 480 3335 τῷ
501 3265 720 3334 γέροντι
735 3265 796 3318 τὸ
819 3266 1116 3336 μυστήριον
1136 3265 1310 3330 τοῦτο,
1331 3265 1416 3318 ἵνα
1437 3264 1722 3336 πιστεύσῃ,

133 3359 224 3408 καὶ
257 3357 336 3426 μὴ
379 3355 629 3427 ἀπολέσῃ
665 3356 758 3408 τὸν
801 3357 968 3408 κόπον
999 3355 1184 3411 αὺτοῦ.
1215 3357 1321 3408 Καὶ
1350 3357 1667 3424 εἰσήκουσεν
1697 3356 1726 3407 6

133 3448 264 3510 Θεὸς
297 3449 654 3519 ἀμφοτέρων.
687 3449 794 3501 Καὶ
841 3449 1221 3519 πληρωθείσης
1266 3447 1366 3518 τῆς
1411 3446 1724 3516 ἑϐδομάδος,

131 3536 296 3610 ἦλθον
317 3543 386 3610 τῇ
411 3539 668 3610 Κυριακῇ
695 3542 772 3603 είς
793 3539 892 3611 τὴν
919 3539 1238 3610 ἐκκλησίαν,
1266 3539 1357 3592 καὶ
1383 3539 1614 3608 ἔστησαν
1637 3537 1729 3590 ἐπὶ

131 3631 192 3685 τὸ
225 3633 364 3684 αὐτὸ
394 3632 446 3684 οἱ
477 3633 629 3702 τρεῖς
674 3631 822 3701 μόνοι
852 3633 930 3695 είς
969 3630 1026 3684 ἓν
1061 3629 1324 3701 ἐμϐρίμιν
1358 3629 1452 3700 (5),
1486 3629 1646 3699 μέσος
1671 3629 1728 3681 δὲ

131 3719 200 3796 ἦν
231 3726 264 3778 ὁ
307 3723 518 3793 ⁴γέρων.
545 3721 923 3793 Ἀνεῴχϐησαν
969 3722 1026 3776 δὲ
1062 3721 1245 3775 αὐτῶν
1273 3723 1320 3774 οἱ
1359 3720 1623 3790 ὀφθαλμοί
1652 3719 1725 3751 ³⁵·

135 3817 230 3869 καὶ
260 3816 350 3868 ὅτε
383 3813 552 3884 ἐτέθη
579 3817 609 3867 ὁ
631 3813 798 3885 ἄρτος
827 3814 907 3874 εἰς
934 3812 1032 3884 τὴν
1059 3813 1218 3881 ἁγίαν
1248 3810 1548 3882 τράπεζαν,
1575 3811 1731 3878 ἐφαί-

133 3925 260 3960 νετο
281 3909 398 3970 τοῖς
429 3906 581 3976 τρισὶ
623 3906 807 3976 μόνοις
847 3905 921 3968 ὡς
959 3906 1188 3959 παιδίον.
1220 3905 1328 3958 Καὶ
1365 3905 1440 3968 ὡς
1471 3903 1733 3968 ἐξέτεινεν

133 4003 164 4052 6
193 3998 576 4070 πρεσϐύτερος
611 3999 710 4068 τὴν
743 3999 901 4066 χεῖρα
931 3997 1127 4050 κλάσαι
1151 3996 1242 4050 τὸν
1271 3997 1456 4068 ἄρτον,
1493 3995 1602 4072 ίδοὺ
1635 3995 1735 4072 ἄγ-

135 4065 296 4162 γελος
341 4065 552 4161 Κυρίου
592 4065 860 4160 κατῆλθεν
894 4089 953 4155 ἐξ
1001 4087 1231 4160 ούρανοῦ
1275 4065 1414 4157 ἔχων
1446 4065 1734 4158 μάχαιραν,

137 4187 232 4238 καὶ
261 4184 424 4238 ἔθυσε
455 4183 522 4234 τὸ
549 4181 782 4244 παιδίον,
811 4181 904 4234 καὶ
937 4179 1172 4234 ἐκένωσε
1196 4179 1254 4232 τὸ
1287 4175 1426 4250 αἷμα
1457 4176 1622 4231 αὑτοῦ
1661 4179 1739 4241 εἰς

135 4277 196 4330 τὸ
223 4283 520 4346 ποτήριον.
561 4274 648 4336 Ὡς
675 4273 731 4326 δὲ
759 4273 985 4326 ἔκλασεν
1005 4273 1033 4323 6
1062 4270 1432 4342 πρεσϐύτερος
1458 4270 1538 4334 είς
1565 4268 1742 4340 μικρὰ

141 4368 286 4439 μέρη
319 4369 416 4420 τὸν
447 4367 642 4437 ἄρτον,
670 4366 762 4420 καὶ
795 4366 824 4417 6
864 4363 1092 4432 ἄγγελος
1123 4363 1350 4416 ἔκοπτεν
1391 4364 1455 4414 ἐκ
1489 4360 1582 4414 τοῦ
1611 4377 1742 4413 παι-

137 4459 252 4511 δίου
286 4457 470 4527 μικρὰ
507 4455 669 4524 μέρη.
697 4454 803 4505 Καὶ
831 4455 908 4516 ὼς
935 4451 1238 4523 προσῆλθον
1269 4451 1313 4482 ³⁸
1336 4450 1517 4502 λαϐεῖν
1545 4451 1609 4502 ἐκ
1635 4448 1744 4501 τῶν

1820 632 1979 686 cebat
2008 649 2025 686 :
2057 631 2172 686 Non
2203 642 2288 687 est
2326 649 2512 688 revera
2539 649 2742 704 corpus
2766 635 2997 701 Christi,
3043 641 3200 708 panis
3227 655 3394 709 quem

1821 722 2114 786 sumimus,
2145 723 2238 776 sed
2265 725 2566 793 antitypum
2588 765 2603 789 ,
2637 741 2732 779 seu
2775 726 2967 794 ligura.
3003 726 3069 780 Et
3103 729 3396 782 audierunt

1821 813 1932 866 duo
1962 827 2144 880 senes,
2177 815 2324 884 quod
2349 817 2508 870 talem
2542 817 2809 885 proferret
2841 833 3169 873 sermonem.
3203 819 3396 874 Scien-

1821 912 1904 958 tes
1929 912 2110 958 autem
2143 921 2394 975 maguum
2427 923 2550 961 eum
2588 923 2712 962 esse
2757 909 2880 962 vitae
2921 910 3198 976 moribus,
3233 925 3395 981 repn-

1823 1003 2100 1060 taverunt,
2133 995 2208 1047 ita
2243 995 2386 1064 loqui
2417 1011 2484 1048 ex
2520 995 2892 1065 simplicitate,
2927 998 3135 1068 absque
3165 1000 3391 1054 malitia.

1823 1083 1978 1138 Unde
2015 1085 2081 1138 ad
2121 1101 2244 1139 eum
2291 1086 2516 1154 profecti
2547 1087 2803 1140 dixerunt
2835 1107 2847 1141 :
2882 1087 3054 1151 Abba,
3086 1105 3393 1144 sermonem

1826 1173 1949 1228 lidei
1977 1177 2312 1228 contrarium
2341 1175 2650 1231 audivimus
2678 1177 2744 1254 dte
2775 1177 3032 1246 quodam,
3074 1181 3216 1248 quod
3242 1183 3396 1248 putet

1824 1283 1932 1321 non
1965 1283 2087 1322 esse
2125 1283 2250 1322 vere
2284 1277 2336 1323 et
2369 1279 2561 1322 natura
2602 1251 2800 1339 corpus
2843 1269 3048 1326 Christi
3096 1287 3257 1340 quem
3301 1286 3400 1327 su-

1824 1359 2029 1412 mimus
2083 1373 2310 1427 panem,
2341 1359 2432 1412 sed
2463 1375 2588 1414 esse
2615 1361 2942 1430 antitypum.
2977 1361 3279 1430 RcSpondit
3305 1377 3394 1417 se-

1825 1464 1928 1503 nex
1956 1468 1968 1501 :
2008 1449 2118 1518 Ego
2152 1465 2270 1504 sum
2303 1450 2396 1519 qui
2447 1451 2521 1504 ita
2567 1453 2767 1505 sentio.
2803 1451 2882 1504 illi
2910 1467 3040 1506 vero
3065 1461 3398 1507 monuerunt

1825 1555 1947 1595 eum
1989 1541 2140 1596 hisce
2163 1541 2376 1594 verbis:
2401 1541 2574 1604 Abba,
2605 1543 2713 1604 noli
2749 1542 2828 1596 sic
2857 1552 3060 1608 tenere,
3086 1543 3180 1597 sed
3213 1559 3398 1612 quem-

1825 1632 2116 1686 admodum
2189 1631 2356 1685 tradit
2424 1632 2668 1686 Ecclesia
2737 1633 3028 1687 catholica.
3087 1633 3195 1688 Nos
3251 1635 3398 1688 enim

1826 1723 2128 1788 credimus,
2161 1723 2306 1792 quod
2359 1724 2474 1792 ipse
2513 1725 2671 1794 panis
2713 1739 2916 1794 corpus
2956 1727 3027 1778 sit
3081 1723 3308 1787 Christi,
3344 1733 3401 1778 et

1825 1815 1968 1869 calix
2021 1815 2138 1885 ipse
2165 1815 2236 1868 sit
2261 1816 2486 1886 sanguis
2507 1814 2738 1879 Christi,
2758 1815 3058 1870 secundum
3093 1816 3398 1878 veritatem,

1827 1920 1937 1960 non
1971 1902 2274 1959 secundum
2304 1905 2552 1975 ﬁguram.
2585 1903 2689 1958 Sed
2707 1907 2851 1960 sicut
2889 1905 2944 1957 in
2973 1905 3159 1958 mundi
3193 1905 3404 1974 princi-

1828 1997 1919 2067 pio
1973 1995 2118 2051 Deus
2164 1997 2441 2066 pulverem
2485 1998 2553 2050 de
2593 2005 2740 2050 terra
2787 1997 3086 2065 accipiens,
3128 1996 3403 2068 hominem

1829 2087 2086 2142 formavit
2122 2089 2188 2143 ad
2222 2089 2514 2160 imaginem
2548 2103 2728 2152 suam,
2761 2104 2861 2144 nec
2899 2091 3191 2158 quisquam
3222 2088 3408 2142 dicere

1828 2187 2026 2248 potest,
2053 2195 2160 2234 non
2191 2195 2315 2235 esse
2339 2181 2628 2250 imaginem
2656 2179 2772 2242 Dei,
2804 2181 3057 2248 quamvis
3103 2180 3409 2246 incompre-

1831 2271 1998 2326 hensa
2029 2273 2100 2326 sit
2139 2272 2318 2340 imago
2353 2290 2366 2324 :
2409 2271 2482 2324 ita
2517 2272 2680 2324 etiam
2718 2270 2786 2325 de
2818 2286 2954 2339 pane
2994 2271 3061 2324 de
3091 2285 3199 2338 quo
3222 2270 3403 2324 dixit:

1828 2360 2040 2431 Corpus
2084 2377 2261 2416 meum
2291 2372 2406 2427 est,
2441 2364 2522 2416 sic
2570 2363 2868 2424 credimus,
2897 2362 3042 2430 quod
3070 2361 3227 2428 juxta
3265 2359 3410 2415 veri-

1815 2455 1992 2506 tatem
2029 2467 2230 2522 corpus
2261 2453 2333 2508 sit
2357 2453 2588 2507 Christi.
2621 2452 2758 2530 Tum
2792 2468 2956 2506 senex
2991 2451 3141 2505 iulit:
3172 2451 3285 2504 Nisi
3315 2466 3407 2506 res
3487 2503 3489 2506 ι

1829 2545 1947 2615 ipsa
1974 2547 2343 2615 persuaserit,
2375 2563 2486 2600 non
2523 2546 2682 2616 plene
2713 2545 2844 2600 mihi
2889 2547 2992 2600 erit
3037 2544 3400 2598 satisfactum.

1829 2637 1907 2691 Illi
1941 2637 2008 2690 ad
2042 2653 2198 2692 eum:
2230 2635 2396 2690 Deum
2434 2637 2794 2707 deprecemur
2821 2653 2916 2706 per
2939 2637 3079 2690 hanc
3109 2625 3409 2690 hebdouna-

1830 2729 1952 2782 dam
2014 2729 2163 2782 circa
2206 2729 2528 2798 mysterium
2555 2727 2688 2793 hoc;
2733 2725 3059 2781 conﬁdimus
3100 2741 3222 2779 eum
3250 2725 3410 2779 nobis

1832 2818 2224 2882 revelaturum.
2261 2815 2438 2871 Senex
2483 2831 2612 2870 vero
2657 2831 2782 2869 cum
2817 2816 2998 2869 laetitia
3030 2815 3251 2868 admisit
3294 2829 3411 2868 ser-

1832 2925 2082 2976 manem;
2119 2907 2394 2977 Deumque
2421 2908 2634 2971 orabat,
2664 2907 2890 2962 dicens:
2925 2905 3172 2970 Domine,
3215 2915 3270 2959 tu
3299 2906 3411 2961 scis

1833 3009 1918 3048 me
1950 3011 2058 3048 non
2097 3005 2319 3066 propter
2364 2994 2631 3048 malitiam
2659 2987 2783 3050 esse
2813 2995 3187 3060 incredulum;
3220 2994 3312 3048 sed
3343 3008 3411 3048 ne

1833 3101 1930 3155 per
1982 3087 2341 3155 ignorantiam
2391 3086 2664 3148 aberrem,
2717 3087 2850 3140 mihi
2903 3086 3125 3152 revela,
3185 3084 3414 3141 Domine

1831 3172 1961 3228 Jesu
1997 3175 2236 3230 Christe.
2267 3173 2437 3230 Senes
2465 3190 2684 3245 quoque
2707 3175 2942 3244 regressi
2967 3175 3034 3228 ad
3075 3189 3203 3229 suas
3219 3175 3408 3239 cellas,

1839 3266 2204 3320 obsecrabant
2267 3265 2434 3321 Deum
2500 3281 2566 3319 ac
2623 3266 2880 3321 dicebant
2919 3285 2941 3321 .:
3005 3265 3236 3320 Domine
3281 3265 3412 3320 .lesu

1829 3356 2079 3419 Christe,
2135 3357 2460 3427 mysterium
2505 3355 2654 3411 istud
2699 3347 2876 3410 revela
2911 3354 3060 3416 seni,
3103 3363 3162 3408 ut
3205 3355 3414 3418 credat,

1829 3463 1930 3503 nec
1977 3448 2167 3518 perdat
2203 3448 2416 3503 labores
2454 3463 2605 3502 suos.
2635 3447 2700 3501 Et
2737 3447 3014 3503 exaudivit
3039 3445 3184 3502 Deus
3223 3456 3412 3514 utros-

1830 3555 1954 3610 que.
2005 3539 2284 3609 Completa
2338 3553 2468 3608 ergo
2510 3539 2886 3602 hebdomada‘,
2924 3545 3195 3592 venerunt
3232 3535 3417 3590 Donni-

1830 3629 1958 3684 nico
1988 3629 2076 3683 die
2133 3629 2200 3682 ad
2244 3629 2558 3694 ecclesiam,
2609 3636 2988 3698 steteruntque
3020 3643 3126 3682 una
3172 3635 3283 3682 tres
3313 3628 3416 3682 soli

1831 3719 1888 3774 in
1923 3735 2034 3774 uno
2068 3719 2394 3786 embrimio;
2433 3721 2646 3776 medius
2673 3731 2854 3776 autem
2883 3727 3002 3773 erat
3033 3735 3221 3774 senex.
3259 3717 3418 3773 Tunc

1834 3815 2006 3883 aperti
2031 3819 2158 3868 sunt
2179 3813 2321 3867 oculi
2344 3827 2552 3866 eorum.
2578 3811 2713 3865 Nam
2741 3827 2864 3864 cum
2897 3811 3056 3879 panis
3080 3809 3146 3862 ad
3201 3824 3416 3863 sacram

1835 3921 2078 3960 mensam
2106 3904 2317 3973 positus
2351 3903 2566 3966 fuisset,
2593 3903 2780 3957 tribus
2823 3903 2956 3956 solis
2991 3899 3286 3970 apparebat
3312 3897 3420 3954 vel-

1839 4005 1900 4050 ut
1954 3995 2236 4064 puerulus.
2275 3992 2338 4046 Et
2377 3993 2468 4046 ubi
2499 4007 2720 4046 manum
2755 3990 2998 4045 extendit
3028 3989 3315 4058 presbyter
3345 3987 3416 4041 ad

1841 4085 2198 4154 frangendum
2243 4098 2472 4153 panem,
2505 4099 2634 4138 ecce
2674 4083 2902 4154 angelus
2949 4081 3158 4136 Domini
3192 4081 3420 4134 descen-

1841 4178 1920 4231 dit
1945 4175 2010 4230 de
2037 4175 2179 4230 cmlo
2207 4175 2415 4230 habens
2441 4175 2698 4240 cultrum,
2729 4183 2782 4228 et
2817 4174 3101 4243 puerulum
3137 4172 3418 4234 mactavit,

1843 4281 1905 4321 ac
1929 4267 2254 4336 sanguinem
2287 4267 2411 4336 ejus
2451 4265 2647 4320 infudit
2671 4267 2724 4320 in
2761 4267 3011 4321 calicem.
3036 4263 3173 4318 Tum
3201 4262 3424 4333 quando

1845 4358 2133 4428 presbyter
2166 4359 2220 4411 in
2254 4357 2552 4427 particulas
2597 4355 2756 4427 fregit
2791 4372 3008 4426 panem,
3047 4355 3211 4410 etiam
3258 4368 3424 4423 ange-

1847 4450 1934 4518 lus
1965 4465 1994 4502 e
2021 4450 2252 4518 puerulo
2287 4449 2587 4517 particulas
2616 4447 2912 4502 incidebat.
2947 4445 3011 4500 Ut
3045 4460 3206 4516 porro
3240 4459 3425 4497 acces—

139 4547 334 4614 ἁγίων,
373 4545 535 4614 ἐδόθη
583 4542 662 4612 τῷ
699 4543 912 4612 γέροντι
967 4541 1114 4611 μόνῳ
1147 4541 1311 4612 κρέας
1353 4539 1729 4610 ᾑματωμένον

1857 4548 2048 4594 serunt
2079 4540 2143 4593 ad
2171 4538 2497 4592 sumendum
2541 4553 2571 4594 e
2615 4537 2859 4602 sanctis,
2898 4537 2998 4592 soli
3035 4535 3150 4590 seni
3185 4533 3310 4586 data
3339 4541 3426 4585 est

141 4639 238 4692 καὶ
273 4637 406 4691 ἰδὼν
439 4633 704 4705 ἐφοϐήθη,
740 4633 832 4686 καὶ
855 4633 1050 4704 ἔκραξε
1083 4632 1256 4700 λέγων
1277 4649 1289 4662 ·
1323 4631 1594 4694 Πιστεύω,
1629 4629 1740 4682 Κύ-

143 4749 248 4802 ριε,
273 4733 362 4783 ὅτι
386 4732 414 4782 6
441 4729 612 4797 ἄρτος
637 4725 796 4795 σῶμά
825 4724 918 4778 σού
950 4727 1086 4787 ἐστι,
1119 4725 1211 4776 καὶ
1234 4723 1295 4774 τὸ
1321 4723 1576 4792 ποτήριον
1603 4717 1744 4790 αἷμά

143 4821 238 4874 σού
267 4825 412 4874 ἐστι.
449 4817 563 4872 Καὶ
607 4817 808 4880 εὐθέως
843 4815 1060 4884 ἐγένετο
1105 4815 1164 4866 τὸ
1197 4816 1254 4866 ἐν
1297 4817 1364 4884 τῇ
1396 4814 1540 4884 χειρὶ
1577 4811 1744 4866 αὑτοῦ

139 4916 340 4984 κρέας,
373 4913 542 4982 ἄρτος
576 4909 717 4964 κατὰ
744 4909 806 4962 τὸ
839 4908 1134 4978 μυστήριον
1154 4923 1166 4938 ·
1201 4907 1294 4959 καὶ
1328 4904 1622 4978 μετέλαϐεν
1654 4905 1744 4958 εὑ-

215 5071 262 5102 “
285 5070 378 5124 Al.
409 5069 536 5122 οὐκ.
613 5067 658 5098 ⁸⁸
690 5067 778 5120 Al.
812 5066 981 5121 inser.
1005 5063 1202 5132 νοεροί.
1280 5063 1324 5094 ³⁸
1353 5061 1438 5118 Al.
1467 5061 1698 5132 ἀπῆλθε.

613 5067 658 5098 ⁸⁸
690 5067 778 5120 Al.
812 5066 981 5121 inser.
1005 5063 1202 5134 νοεροί.

145 5188 320 5242 \‘r-tus
351 5187 530 5242 editio
557 5185 959 5256 Lugdunensis,
981 5183 1248 5256 Gothicisj
1281 5191 1342 5237 ut
1373 5191 1586 5247 vocant,
1613 5183 1750 5256 icha-

139 5259 464 5313 racteribus
523 5253 814 5326 impressa,
871 5272 994 5325 quae
1043 5271 1166 5309 cum
1204 5253 1744 5326 Gr:eco_counuissa,

139 5345 292 5397 sil-pe
333 5323 726 5394 Rosweydana
786 5323 1097 5381 invenietur
1129 5326 1352 5397 melior,
1391 5323 1477 5397 De
1517 5326 1743 5397 quodam

139 5393 266 5452 sese
297 5399 358 5452 iu
395 5393 606 5452 Scithia
646 5397 758 5466 qui.
807 5397 876 5449 At
913 5397 1050 5449 alius
1088 5396 1258 5449 codex
1289 5393 1746 5466 Corbeiensisab

141 5469 443 5535 impressis
471 5459 823 5536 nequaquam
861 5467 1064 5536 variat,
1103 5467 1248 5518 sicut
1277 5479 1378 5518 nec
1407 5463 1496 5516 ille
1517 5459 1743 5516 Parthe-

139 5541 316 5594 nonis
349 5537 408 5590 Β.
453 5535 644 5590 Mariae
683 5535 1120 5590 Suessionensis.

221 5607 300 5678 (ὅ)
337 5609 662 5678 Ἀπιστον.
703 5605 950 5678 [ξειειείιιε
981 5605 1384 5678 Ιιλείιηάπίστουἒ

219 5669 300 5744 (5)
341 5677 672 5746 Ἑμϐρίμιν.
705 5669 856 5739 Quod
878 5683 974 5746 est
1025 5669 1333 5746 ἕμϐρίμτον.
1371 5669 1605 5746 lngl’itiv
1635 5670 1744 5746 Ρα-

149 5741 296 5800 thini
329 5741 420 5799 hic
443 5741 672 5808 {sedile
705 5747 770 5798 de
809 5745 1003 5811 scirpo,
1043 5741 1276 5814 quodin
1329 5741 1742 5814 modunrfasci-s

143 5825 268 5872 erat
295 5817 542 5888 ligatum.
585 5815 753 5880 Alibi,
779 5810 1095 5884 pluniatiuin
1122 5814 1184 5868 de
1211 5815 1415 5881 scirpo,
1470 5823 1520 5864 et
1550 5810 1742 5882 ἑμϐρῑ-

1851 4645 1982 4684 caro
2017 4636 2264 4684 cruenta.
2295 4627 2450 4694 Quod
2483 4629 2752 4694 intuitus,
2787 4629 3006 4689 timuit,
3052 4633 3105 4678 et
3141 4623 3423 4684 clamavit,

1850 4722 2040 4776 dicens
2067 4739 2080 4775 :
2120 4718 2296 4774 Credo
2319 4760 2333 4786 ,
2379 4721 2627 4786 Domine,
2668 4719 2814 4785 quod
2847 4718 3004 4786 panis
3031 4729 3229 4781 corpus
3263 4721 3418 4764 tuum

1852 4812 1958 4874 sit,
1990 4827 2092 4866 nec
2123 4828 2232 4866 non
2265 4811 2406 4864 calix
2443 4813 2668 4881 sanguis
2704 4819 2848 4864 tuus.
2876 4809 3054 4875 Atque
3103 4804 3252 4856 illico
3292 4817 3426 4858 caro

1851 4918 2015 4974 quam
2053 4918 2164 4972 pra:
2195 4902 2448 4958 manibus
2472 4903 2712 4973 gerebat,
2743 4897 2916 4954 evasit
2946 4897 3002 4949 in
3031 4907 3245 4965 panem,
3266 4893 3426 4962 juxta

1854 5197 1949 5252 μα,
1969 5177 2162 5252 sedilia
2179 5177 2242 5252 de
2268 5174 2516 5252 scirpo
2544 5169 2818 5252 fasciculis
2839 5169 3026 5250 ligata.
3043 5165 3156 5252 Yox
3182 5165 3428 5252 obscurae

1848 5234 2098 5320 originis,
2118 5234 2426 5320 iQricntalis‘
2453 5234 2679 5320 l‘orte,__a
2731 5234 2999 5320 Cassiano
3029 5237 3326 5320 declarata,
3358 5234 3428 5320 ab

1849 5304 2097 5374 auE’tore'
2118 5317 2248 5372 Vita:
2289 5314 2347 5370 S.
2383 5304 2655 5384 Euthyniii
2687 5319 2972 5384 usurpata,
2997 5317 3052 5362 et
3082 5304 3426 5384 restituenda

1847 5391 1901 5444 in
1929 5389 2128 5443 Codice
2155 5388 2486 5454 regularum.
2514 5374 2731 5454 Derivat
2761 5374 3118 5454 Cdsaubonus
3140 5393 3202 5430 ex
3237 5374 3429 5454 Graeco

1851 5459 2076 5531 βρίζειν.
2137 5447 2248 5531 ΑΙιῖ
2275 5473 2361 5531 ex
2411 5453 2638 5531 Celtica
2677 5453 2862 5522 lingua
2901 5450 3006 5531 ‘vel
3055 5447 3426 5531 Germanica“,

1849 5513 2030 5584 minus
2063 5527 2433 5599 probabiliter.
2495 5523 2574 5599 Sig
2601 5513 2938 5599 Graeca_est,
2969 5513 3426 5599 quemadmodum

1849 5584 2085 5662 videtur:
2107 5598 2298 5654 deduci
2327 5603 2504 5666 potest
2529 5595 2598 5666 ab
2626 5591 2871 5666 ἐμϐρίθω
2899 5599 2950 5644 et
2971 5584 3214 5666 ἐμϐρύοις,
3243 5584 3426 5666 plenus

1849 5687 1991 5727 sum.
2017 5655 2186 5722 Erant
2230 5655 2428 5741 quippe
2479 5655 2764 5741 embriinia
2786 5676 2892 5741 seu
2926 5655 3226 5727 em'br'ymia
3261 5655 3424 5708 lasei-

1850 5743 1957 5794 culi
1983 5732 2437 5810 colligatifva'riis
2471 5734 2718 5806 virgultis
2749 5732 2913 5802 pleni.
