3878 6300
455 285 568 347 1θὸ

1589 279 1933 339 APPENDIX
1971 279 2060 335 AD
2097 238 2520 341 rALLADIUM.

3618 282 3723 338 161

457 403 727 467 citabant,
769 401 930 468 Cras,
958 417 1104 459 cras.
1131 402 1196 457 Et
1228 401 1400 458 Graeci
1432 419 1529 459 seu
1561 405 1792 474 gentiles
1822 411 2030 460 stantes

2143 422 2299 468 στως,
2330 406 2485 477 Κρᾶς
2507 444 2520 466 ,
2553 405 2726 474 Κρᾶς.
2763 402 2872 456 Kal
2906 403 3239 474 προστάντες
3287 402 3380 455 ἐπὶ
3412 400 3506 455 τὸν
3534 401 3726 472 μακά-

457 505 587 552 ante
620 495 836 550 beatum
861 495 1220 559 Athanasium
1245 496 1620 550 clamaverunt
1645 517 1655 550 :
1682 495 1817 550 Male
1843 511 2031 563 senex,

456 589 548 643 dic
577 587 739 642 nobis
789 588 915 656 quid
963 589 1231 642 crocitent
1265 588 1534 644 cornices.
1590 588 1654 643 Et
1704 589 2025 658 respondit:

448 681 725 745 ‘Cornices
781 681 1075 743 crocitant,
1105 680 1263 744 Cras,
1291 681 1448 736 Cras.
1488 679 1627 735 lllud
1677 689 1858 736 autem
1889 682 2034 737 Cras

457 771 831 826 Ansoniorum
864 772 979 826 sive
1013 774 1334 827 Latinorum
1373 774 1558 844 lingua
1604 774 1876 845 signiﬁcat
1908 791 2036 845 pro-

461 863 944 928 ximelventurum
988 863 1157 918 diem.
1197 865 1559 935 Addiditque,
1608 866 1734 936 quia
1786 866 2036 934 proximo

459 953 548 1008 die
577 953 832 1008 videbitis
861 955 1090 1025 gloriam
1137 955 1254 1010 Dei.
1293 955 1370 1009 Ac
1423 957 1618 1011 deinde
1651 959 1900 1011 nuntiata
1951 966 2036 1013 est

459 1059 609 1098 mors
647 1041 850 1099 Juliani
897 1046 1265 1116 imperatoris.
1311 1048 1466 1114 Quod
1513 1065 1636 1104 cum
1691 1052 2033 1122 contigisset,

458 1143 856 1190 concurrentes
885 1137 1198 1192 clamabant
1231 1147 1423 1193 contra
1459 1139 1730 1210 Serapim,
1797 1141 1882 1196 bis
1914 1159 2036 1197 ver—

457 1225 591 1282 bis:
646 1225 703 1280 Si
761 1227 858 1281 tibi
908 1243 1017 1282 non
1076 1228 1377 1297 placebat,
1429 1245 1528 1284 cur
1573 1230 1716 1286 dona
1769 1233 1889 1302 ejus
1939 1251 2036 1290 su-

459 1317 647 1373 mebas
673 1318 697 1371 ?

530 1405 585 1460 2.
629 1407 772 1462 Idem
815 1411 1116 1474 enarravit,
1151 1412 1299 1481 quod
1333 1411 1500 1490 fuerit
1559 1413 1904 1469 Alexandriae
1940 1431 2039 1469 au-

459 1495 579 1564 riga
619 1496 862 1565 quidam,
901 1497 1044 1552 [ilius
1084 1499 1332 1556 mulieris
1384 1499 1604 1554 nomine
1636 1499 1839 1554 Mariae.
1897 1501 1946 1555 ls
1983 1503 2038 1554 in

459 1585 759 1639 certamine
787 1588 1030 1654 equestri
1069 1588 1274 1642 cecidit
1303 1606 1318 1655 ;
1352 1604 1415 1641 ac
1451 1589 1573 1642 dein
1605 1604 1855 1658 surgens,
1897 1604 2036 1659 pra:-

459 1685 772 1745 tergressus
827 1685 911 1733 est
951 1693 1075 1732 eum
1115 1694 1144 1731 a
1185 1694 1296 1749 quo
1327 1679 1575 1749 dejectus
1608 1679 1805 1746 fuerat,
1839 1686 1894 1734 et
1938 1695 2031 1734 co-

460 1780 653 1836 ronam
703 1769 1022 1836 reportavit.
1083 1767 1237 1824 Tunc
1288 1770 1543 1824 clamavit
1597 1771 1799 1840 plebs:
1865 1769 2034 1824 Filius
2068 1751 2108 1805 Β

459 1855 648 1912 Maria:
682 1859 903 1922 cecidit,
934 1861 1195 1924 surrexit,
1235 1861 1387 1916 vicit.
1425 1861 1545 1928 Quo
1584 1864 1824 1918 clamore
1859 1862 2036 1916 adnue

457 1942 710 2011 durante,
753 1947 944 2002 incidit
993 1950 1135 2003 inter
1178 1951 1437 2020 p0pulum
1498 1965 1686 2005 rumor
1716 1951 1785 2005 de
1836 1950 2036 2018 templo

460 2037 770 2108 Serapidis,
810 2039 953 2108 quod
995 2056 1224 2111 magnus
1267 2043 1605 2112 TheOpbilus
1661 2041 1897 2105 rediens,
1937 2040 2036 2096 Se-

459 2128 668 2197 rapidis
701 2128 908 2184 idolum
949 2132 1259 2197 evertisset,
1309 2147 1373 2188 ae
1401 2133 1590 2203 templi
1628 2147 1852 2203 compos
1892 2139 2036 2188 esset

459 2216 664 2272 factus.
773 2282 778 2286 θ

529 2309 581 2364 5.
602 2308 713 2380 (15)
734 2307 1109 2380 Signiﬁcatum
1129 2322 1212 2368 est
1229 2313 1389 2368 beato
1405 2315 1708 2385 Epiphanio
1734 2313 1898 2387 Cypri
1921 2316 2036 2386 epi-

458 2415 646 2470 scopo,
679 2417 774 2470 per
795 2403 1046 2475 abbatem
1076 2407 1397 2462 monasterii
1446 2408 1596 2477 quod
1655 2410 1710 2462 in
1744 2408 2034 2464 Palaestina

457 2487 651 2543 habuit
689 2489 991 2547 :Preeibus
1024 2494 1156 2559 tuis,
1197 2511 1464 2551 canonem
1506 2506 1754 2552 nostrum
1793 2513 1890 2552 seu
1922 2499 2038 2551 olli-

460 2581 607 2632 eium
649 2591 702 2634 et
743 2582 1103 2650 psalmodiam
1140 2601 1248 2640 non
1279 2587 1644 2657 negleximus,
1670 2589 1762 2643 sed
1790 2589 2037 2644 studiose

459 2671 700 2736 tertiam,
760 2680 968 2728 sextam
996 2712 1012 2739 ,
1051 2691 1254 2730 nonam
1308 2679 1670 2733 celebramus.
1709 2681 1777 2732 At
1822 2680 1911 2733 ille
1951 2696 2038 2734 re-

458 2762 808 2831 prehendens
831 2765 1105 2820 indicavit
1138 2768 1247 2823 illis
1287 2784 1384 2838 per
1409 2769 1523 2824 haec
1554 2770 1720 2824 verba
1752 2789 1764 2823 :
1811 2771 2034 2827 Manife-

457 2859 547 2906 sto
586 2854 861 2924 negligitis
891 2857 1029 2912 alias
1063 2858 1168 2912 diei
1230 2859 1416 2926 horas,
1466 2861 1620 2915 otiati
1667 2878 1697 2916 a
1749 2879 1926 2933 prece.
1965 2866 2037 2920 0-

457 2949 639 3009 portet
691 2951 870 2998 autem
903 2953 962 2998 ut
1007 2962 1170 3001 verus
1221 2951 1520 3005 monachus
1559 2952 1684 3006 sine
1743 2953 2026 3010 intermis-

455 3031 613 3087 sione
659 3033 856 3089 habeat
897 3035 952 3091 in
998 3039 1164 3092 corde
1214 3053 1317 3093 suo
1345 3044 1647 3097 orationem
1688 3052 1742 3098 et
1792 3046 2032 3113 psalnio-
2061 3078 2104 3137 ο

456 3119 625 3174 diam.

526 3219 580 3268 4.
609 3215 726 3286 (16)
757 3216 901 3272 Misit
924 3218 1215 3288 aliquando
1241 3229 1465 3277 sanctus
1482 3221 1821 3294 Epiphanius
1852 3225 1916 3280 ad
1938 3227 2036 3280 ab-

456 3302 639 3358 batem
663 3306 1022 3372 Hilarionem,
1053 3324 1255 3379 rogans
1281 3325 1426 3377 eum,
1447 3320 1499 3366 et
1524 3314 1742 3369 dicens:
1773 3314 1922 3380 Veni,
1951 3316 2034 3370 vi-

459 3395 688 3451 deamus
721 3413 822 3454 nos
851 3399 1104 3466 invicem,
1138 3412 1432 3473 antequam
1456 3405 1776 3461 recedamus
1810 3408 1876 3461 de
1909 3423 2035 3461 cor-

458 3501 610 3557 pore.
659 3485 907 3558 Cumque
977 3490 1312 3558 advenisset,
1368 3503 1555 3548 mutua
1610 3497 1794 3551 laetitia
1854 3499 2033 3554 atl'ecti

456 3585 608 3632 sant.
645 3576 714 3632 lis
735 3589 915 3634 autem
945 3583 1429 3648 manducantibus,
1461 3587 1622 3640 allata
1654 3589 1737 3641 est
1767 3591 2030 3644 volucris.

399 3709 406 3713 .
457 3666 525 3720 Et
559 3683 783 3724 sumens
836 3672 1130 3741 episcopus
1184 3674 1335 3728 dedit
1383 3676 1568 3735 abbati
1619 3677 1903 3732 Hilarioni.
1947 3680 2036 3733 Ait

456 3773 623 3814 senex
648 3778 660 3812 ;
690 3758 1101 3830 lgnoscemihi;
1131 3780 1197 3821 ex
1219 3781 1328 3835 quo
1359 3766 1504 3820 hunc
1541 3769 1782 3822 habitum
1815 3786 2034 3825 assum-

457 3850 564 3919 psi,
610 3866 717 3905 non
765 3855 976 3908 comedi
1020 3863 1315 3908 mactatum
1361 3858 1681 3926 quidquam.
1722 3859 1860 3914 Tum
1917 3864 2035 3931 epi-

457 3957 699 4011 scopus:
763 3941 876 4011 Ego
911 3961 1059 4010 vero,
1129 3947 1327 4016 inquit,
1358 3964 1424 4002 ex
1459 3964 1568 4018 quo
1627 3950 1870 4004 habitum
1911 3969 2035 4007 sus-

457 4034 596 4100 cepi,
635 4048 742 4086 non
783 4035 966 4089 dimisi
1018 4053 1348 4108 quemquam
1391 4040 1632 4096 dormire
1673 4044 1765 4112 qui
1810 4045 2035 4100 haberet

457 4122 724 4177 adversus
761 4141 843 4179 me
869 4167 883 4190 ,
938 4143 1039 4180 nec
1078 4145 1178 4198 ego
1220 4130 1454 4185 dormivi
1489 4133 1698 4188 habens
1740 4136 2031 4190 adversum

457 4212 775 4282 aliquem“.
823 4215 914 4267 Ait
950 4217 1026 4268 illi
1080 4233 1282 4272 senex:
1335 4219 1560 4275 Veniam
1603 4224 1732 4278 mihi
1769 4227 2030 4290 concede,

456 4306 586 4361 auia
623 4307 932 4361 institutum
963 4317 1115 4361 tuum
1143 4311 1318 4377 majus
1351 4327 1471 4366 meo
1503 4321 1607 4366 est.

2141 515 2254 569 ριον
2299 495 2616 550 Ἀθανάσιον
2655 496 2704 547 οἱ
2751 494 3048 565 Ἕλληνες,
3086 492 3350 564 ἔκραξαν·
3397 493 3724 564 Κακὸγηρι,

2137 589 2258 644 είπέ
2293 591 2426 660 ἡμῖν
2457 587 2508 641 τί
2551 586 2842 656 κράξουσιν
2872 587 2927 640 αἱ
2967 586 3227 657 κορῶναι.
3260 586 3368 639 Kal
3397 583 3727 656 ἀποκριθεὶς

2138 677 2324 736 εἶπεν·
2373 682 2441 734 Αἱ
2489 679 2723 751 κορῶναι
2775 678 3072 750 κράζουσι,
3115 678 3290 748 Κρᾶς.
3331 678 3518 748 Κρᾶς·
3562 677 3626 729 τὸ

2141 776 2296 845 Κρᾶς
2321 777 2385 845 τῇ
2412 772 2700 827 Λὺσωνίων
2727 774 2875 842 φωνῇ
2905 770 3017 842 (Π)
3042 769 3229 841 αὔριόν
3257 772 3391 822 ἐστι·
3424 770 3516 822 καὶ
3545 785 3726 838 προσ-

2139 866 2336 930 ετίθει,
2368 867 2449 919 ὅτι
2477 864 2673 936 Αὔριον
2703 863 2896 934 ὄψεσθε
2933 863 3031 935 τὴν
3074 863 3231 927 δόξαν
3270 861 3361 915 τοῦ
3403 860 3558 915 Θεοῦ.
3606 861 3726 915 Καὶ

2140 958 2265 1028 ἑξῆς
2316 956 2558 1027 ἠγγέλθη
2603 958 2631 1009 ὁ
2682 955 2908 1017 Θάνατος
2950 952 3041 1006 τοῦ
3099 949 3389 1006 Ἰουλιανοῦ
3428 950 3716 1020 βασιλέως.

2139 1049 2250 1104 Καὶ
2277 1047 2464 1101 τούτου
2495 1029 2808 1116 γενομένου,
2834 1038 3228 1117 συνδραμόντες
3253 1042 3593 1114 κατέκραξον
3620 1040 3721 1094 τοῦ

2140 1141 2457 1213 Σεράπιδος,
2509 1139 2790 1207 λέγοντες·
2854 1137 2978 1191 Ἐὰν
3036 1137 3134 1190 οὐκ
3177 1135 3368 1207 ἤθελες
3418 1133 3614 1198 αὑτὸν.
3661 1131 3721 1187 τί

2139 1233 2442 1304 ἐλάμϐανες
2476 1236 2543 1285 τὰ
2572 1231 2734 1285 αὑτοῦ
2756 1248 2771 1297 ;

2212 1412 2276 1485 β’.
2319 1415 2376 1466 Ὀ
2424 1413 2586 1475 αὐτὸς
2619 1403 2946 1482 διηγήσατο,
2975 1410 3056 1463 ὅτι
3095 1403 3161 1479 ἦν
3193 1424 3276 1471 τις
3324 1405 3537 1476 ἡνίοχος
3575 1401 3723 1456 κατὰ

2137 1506 2235 1577 τὴν
2274 1503 2685 1574 Ἀλεξανδρέων,
2720 1501 2778 1564 ὃς
2812 1496 2878 1570 ἧν
2913 1499 3115 1570 μητρὸς
3143 1497 3358 1566 Μαρίας
3388 1495 3518 1558 υἱός.
3544 1487 3723 1557 Οὗτος

2144 1591 2369 1647 ἱππικοῦ
2397 1590 2807 1661 ἐπιτελουμένου
2838 1590 3157 1642 κατέπεσεν·
3191 1582 3309 1640 εἶτα
3323 1583 3556 1647 ἀναστάς
3576 1600 3721 1654 παρ-

2119 1674 2266 1760 ⁶ἦλθε
2313 1688 2402 1740 τὸν
2457 1682 2922 1753 καταϐεϐληκότα,
2959 1681 3053 1734 xal
3082 1680 3319 1750 ἐνίκησε.
3353 1677 3460 1730 Kal
3492 1675 3552 1729 τὸ
3579 1675 3722 1745 πλῆ-

2137 1779 2228 1842 θος
2255 1776 2575 1845 ἀνεϐόησεν·
2611 1774 2670 1825 '0
2693 1772 2821 1834 Υἱὸς
2846 1771 3066 1842 Μαρίας
3090 1770 3341 1821 πέπτωκε
3366 1767 3460 1819 xal
3485 1767 3724 1838 ἐγήγερέ

2137 1886 2227 1922 ται
2263 1868 2356 1921 καὶ
2382 1867 2621 1936 ἐνίκησε.
2647 1861 2956 1933 Ταύτηςὲτι
2981 1860 3079 1929 τῆς
3115 1859 3298 1928 φωνῆς
3323 1857 3624 1926 λεγομένης
3647 1855 3719 1916 η,

2138 1959 2393 2013 ἐνέπεσεν
2426 1958 2460 2028 ἡ
2503 1957 2632 2027 περὶ
2671 1954 2764 2008 τοῦ
2797 1952 2942 2024 ἱεροῦ
2976 1951 3070 2004 τοῦ
3109 1949 3407 2020 Σεράπιδος
3438 1949 3596 2018 φήμη
3643 1945 3723 2016 τῷ

2139 2049 2351 2120 πλήθει,
2379 2049 2460 2100 ὅτι
2483 2049 2510 2099 6
2547 2046 2718 2116 μέγας
2747 2042 3005 2112 Θεόφιλος
3031 2040 3286 2104 ἀνελθὼν,
3318 2040 3378 2092 τὸ
3410 2037 3503 2090 τοῦ
3542 2037 3723 2108 Στρά-

2138 2141 2291 2204 πιδος
2327 2137 2692 2207 κατέστρεψεν
2733 2134 2985 2192 εἴδωλον.
3033 2134 3128 2186 καὶ
3171 2132 3265 2185 τοῦ
3313 2129 3441 2184 ναοῦ
3492 2127 3754 2196 γέγονεν

2139 2230 2434 2299 ἐγκρατής.
3357 2275 3382 2293 ,

2209 2327 2278 2389 γ’.
2297 2318 2566 2390 Ἐδηλὼθη
2582 2318 2658 2389 τῷ
2678 2317 2931 2389 μακαρίῳ
2955 2313 3250 2384 Ἐπιφανίῳ
3266 2311 3342 2382 τῷ
3365 2310 3650 2380 ἐπισκόπῳ
3671 2307 3720 2340 ⁸⁸

2138 2411 2365 2483 Κύπρου
2443 2410 2595 2481 παρὰ
2621 2408 2713 2462 τοῦ
2744 2407 2888 2461 ἁϐϐἄ
2913 2407 3011 2476 τῆς
3049 2405 3214 2475 μονῆς
3243 2396 3309 2474 ἧς
3348 2397 3492 2472 εἶχεν
3517 2403 3574 2453 ἐν
3607 2401 3720 2452 ﬂa-

2137 2503 2500 2575 λαιστίνῃ,δτι
2534 2503 2735 2572 Ε’ὒχαῖς
2771 2517 2861 2552 σου
2900 2499 2998 2551 οὐκ
3038 2496 3392 2567 ἡμελήσαμεν
3428 2491 3522 2545 τοῦ
3556 2491 3723 2544 κανὸὲ

2139 2614 2227 2660 νος
2254 2596 2430 2667 ἡμῶν,
2462 2594 2597 2648 ἀλλὰ
2642 2593 2778 2664 μετὰ
2809 2590 3042 2660 σπουδῆς
3074 2590 3118 2619 ⁸⁷
3147 2587 3236 2641 καὶ
3271 2587 3369 2656 τὴν
3401 2586 3591 2656 τρίτην
3623 2584 3720 2636 καὶ

2139 2687 2234 2757 τὴν
2277 2687 2440 2756 ἕκτην
2477 2685 2571 2738 καὶ
2611 2685 2708 2755 τὴν
2760 2681 2986 2751 ἐννάτην
3022 2680 3069 2711 ⁸⁸
3115 2677 3494 2748 ἐπιτελοῦμεν.
3551 2677 3613 2729 Ὀ
3661 2674 3720 2728 δὲ

2138 2779 2442 2845 καταγνοὺς
2470 2775 2668 2839 αὐτῶν,
2703 2774 2970 2844 ἐδήλωσεν
3007 2771 3189 2833 αὐτοῖς
3215 2769 3408 2837 λέγων,
3439 2769 3519 2821 ὅτι
3547 2768 3720 2819 Φανε-

2140 2867 2223 2937 ροί
2257 2869 2378 2920 ἐστε
2408 2866 2734 2937 ἀμελοῦντες
2766 2864 2808 2896 θ’
2851 2864 2948 2926 τάς
2980 2862 3144 2924 ἄλλας
3183 2860 3332 2933 ὥρας
3371 2859 3471 2928 τῆς
3502 2857 3720 2930 ἡμέρας

2139 2959 2432 3030 ἀργοῦντες
2468 2958 2575 3011 ἀπὸ
2599 2957 2697 3024 τῆς
2726 2956 2910 3026 εὐχῆς.
2948 2957 3038 3007 Δεῖ
3061 2953 3170 3024 γὰρ
3209 2953 3300 3005 τὸν
3338 2950 3592 3022 άληθινὺν
3623 2967 3723 3021 μο-

2137 3050 2299 3119 ναχὸν
2328 3049 2684 3110 ἀδιαλείπτως
2720 3046 2862 3117 ἔχειν
2895 3045 2992 3116 τὴν
3023 3044 3188 3115 εὐχὴν
3228 3042 3321 3095 καὶ
3352 3042 3451 3112 τὴν
3484 3038 3721 3111 ψαλμῳ-

2137 3141 2255 3193 δίαν
2279 3144 2334 3194 ἐν
2361 3143 2425 3211 τῇ
2457 3139 2650 3210 καρδίᾳ
2682 3137 2868 3192 αὐτοῦ.

2207 3233 2266 3285 δ’.
2305 3233 2557 3301 Ἐπεμψέ
2597 3247 2726 3283 ποτε
2759 3232 2787 3282 6
2815 3230 2967 3297 ἅγιος
3001 3227 3313 3297 Ἐπιφάνιος
3342 3225 3478 3296 πρὸς
3501 3225 3593 3278 τὸν
3617 3223 3718 3278 ἀϐ-

2137 3325 2236 3377 ϐᾶν
2269 3324 2568 3394 Ἱλαρίωνα,
2594 3320 2925 3393 παρακαλῶν
2948 3319 3129 3380 αὐτὸν,
3162 3318 3256 3371 καὶ
3279 3317 3450 3386 λέγων
3475 3333 3489 3346 ·
3519 3315 3715 3388 Δεῦρο,

2139 3417 2334 3485 ἴδωμεν
2366 3415 2591 3476 ἑαυτοὺς
2621 3412 2726 3482 πρὸ
2755 3411 2846 3463 τοῦ
2884 3409 3120 3477 ἐξελθεῖν
3164 3411 3311 3480 ἡμᾶς
3341 3408 3447 3461 ἀπὸ
3477 3407 3571 3460 τοῦ
3607 3408 3717 3459 σώ-

2141 3523 2339 3577 ματος·
2385 3505 2476 3558 καὶ
2515 3501 2959 3572 παραγενομένου
3013 3499 3212 3562 αὐτοῦ,
3267 3502 3546 3570 ἐχάρησαν
3595 3499 3717 3569 μετ’

2137 3595 2400 3666 ἀλλήλων.
2456 3592 2771 3645 Ἐσθιόντων
2823 3592 2879 3644 δὲ
2932 3590 3109 3643 αὐτῶν
3131 3629 3144 3652 ,
3194 3589 3396 3660 ἠνέχθη
3445 3589 3716 3642 πετεινόν.

2136 3687 2248 3740 Kal
2285 3683 2464 3737 λαϐὼν
2499 3685 2528 3735 ὁ
2557 3681 2849 3745 ἐπίσκοπος
2890 3680 3058 3734 ἔδωκε
3105 3679 3183 3750 τῷ
3227 3679 3370 3751 esse
3425 3679 3713 3751 ἰλαρίωνι.

2136 3778 2248 3830 Kal
2279 3776 2424 3843 λέγει
2470 3773 2617 3843 αὐτῷ
2656 3777 2685 3827 6
2721 3774 2930 3844 γέρων·
2970 3772 3329 3843 Συγχώρησὸν
3373 3790 3496 3842 μοι,
3539 3773 3624 3824 ὅτι
3659 3771 3717 3839 ἐξ

2135 3863 2196 3923 οὗ
2238 3868 2428 3921 ἔλαϐον
2475 3867 2535 3920 τὸ
2570 3867 2789 3937 σχῆμα,
2828 3864 2927 3918 οὒκ
2959 3865 3159 3933 ἔφαγον
3203 3864 3369 3934 θῦμα.
3416 3865 3527 3918 Kal
3567 3863 3718 3931 λέγει

2137 3962 2284 4032 αὐτῷ
2318 3964 2345 4015 ό
2378 3961 2702 4022 ἐπίσκοπος·
2748 3958 2889 4026 Ἐγὼ
2918 3958 2974 4010 δὲ
3008 3956 3066 4022 ἐξ
3099 3951 3159 4010 οῦ
3190 3957 3381 4011 ἔλαϐον
3412 3957 3472 4009 τὸ
3506 3956 3716 4027 σχῆμα,

2135 4049 2236 4101 οὐκ
2260 4047 2450 4117 ἀφῆκά
2481 4064 2604 4100 τινα
2635 4045 2965 4116 κοιμηθῆναι
2997 4046 3191 4115 ἔχοντα
3218 4047 3338 4098 κατ’
3380 4045 3514 4115 ἐμοῦ
3537 4084 3552 4108 ,
3596 4045 3719 4099 οὐδὲ

2137 4138 2246 4208 ἐγὼ
2301 4137 2604 4208 ἐκοιμήθην
2633 4136 2772 4206 ἔχων
2819 4135 2960 4190 κατὰ
2984 4137 3148 4199 τινός.
3179 4136 3288 4189 Kal
3326 4135 3472 4204 λέγει
3511 4135 3664 4205 αὐτῷ
3689 4136 3720 4187 ὁ

2136 4230 2345 4301 γέρων·
2384 4227 2746 4298 Συγχώρησόν
2792 4245 2900 4298 μοι,
2936 4229 3016 4281 ὅτι
3061 4229 3093 4298 ἡ
3124 4227 3191 4298 σὴ
3227 4227 3467 4280 πολιτεία
3513 4227 3720 4297 μείζων

2138 4321 2255 4374 ἐστὶ
2293 4317 2592 4388 τῆςέμῆς.

529 4398 584 4451 5.
625 4398 886 4466 Ejusdem
916 4415 1098 4454 sermo
1131 4401 1270 4456 fuit:
1303 4399 1486 4472 Imago
1513 4411 1567 4458 et
1613 4403 1784 4474 ﬁgura
1820 4406 2030 4462 Christi

2208 4408 2267 4462 ε’.
2311 4409 2370 4460 Ὀ
2412 4407 2574 4469 αὐτὸς
2618 4406 2833 4474 ἔλεγεν,
2874 4407 2956 4458 ὅτι
2999 4407 3101 4476 ή⁵⁰
3142 4399 3310 4459 είκὼν
3339 4403 3432 4458 τοῦ
3477 4405 3720 4476 Χριστοῦ

460 4487 842 4556 Melehisedee,
878 4489 1248 4545 Abrahamum
1287 4491 1601 4548 Judaeornm
1659 4497 1897 4552 radicem
1930 4499 2028 4553 be-

458 4580 666 4635 nedixit
695 4599 707 4635 :
737 4583 906 4636 multo
948 4584 1120 4654 magis
1152 4584 1269 4654 ipsa
1307 4586 1508 4641 veritas
1539 4587 1816 4653 Christus,
1859 4591 2027 4647 beno-

457 4671 592 4726 dicit
625 4681 679 4728 et
716 4675 1022 4728 sanctiﬁcat
1043 4690 1234 4731 omnes
1265 4677 1357 4746 qui
1386 4679 1616 4733 credunt
1649 4681 1701 4734 in
1745 4682 1946 4750 ipsum.

2136 4499 2502 4568 Μελχισεδὲκ,
2533 4497 2630 4568 τὴν
2679 4499 2834 4569 ῥίζαν
2872 4498 2981 4553 τῶν
3030 4498 3301 4552 Ἰουδαίων
3332 4497 3593 4567 εὐλόγησε
3627 4501 3720 4552 τὸν

2150 4591 2420 4661 Ἁϐραάμ·
2449 4591 2628 4661 πολλῷ
2653 4591 2812 4644 πλέον
2843 4590 2980 4660 αὐτὴ
3010 4591 3043 4660 ἡ
3071 4591 3294 4661 ἀλήθεια
3315 4592 3343 4643 6
3364 4590 3620 4661 Χριστὸς,
3639 4589 3726 4643 εὑ-

2138 4680 2284 4749 λογεῖ
2311 4680 2404 4734 καὶ
2428 4679 2639 4748 ἁγιάζει
2671 4681 2878 4743 πάντας
2899 4681 3025 4742 τοὺς
3055 4680 3406 4743 πιστεύοντας
3431 4681 3511 4742 είς
3532 4680 3721 4736 αὐτόν.

527 4871 574 4955 ξι
597 4870 784 4955 Matth.
804 4889 856 4936 v,
889 4874 993 4955 ?5;
1023 4875 1192 4955 Marc.
1221 4893 1295 4939 χι.
1319 4878 1411 4955 25.
1461 4880 1622 4955 f'_Al.
1649 4885 1986 4955 γενομένης,

2143 4886 2200 4937 ll.
2230 4885 2449 4954 άρχιεπ.
2531 4885 2574 4916 ⁵⁷
2601 4885 2686 4937 Al.
2712 4885 2818 4940 ins.
2843 4886 2938 4938 καί⁸
2959 4885 3058 4955 τὴν
3085 4883 3329 4954 πρώτην.
3406 4883 3450 4913 ⁸³
3471 4883 3556 4936 AI.
3587 4881 3720 4938 add.

465 4940 561 4993 καὶ
589 4941 648 4992 τὸ
687 4942 934 5011 λυχνικόν
947 4983 963 4999 .

535 5095 648 5161 (15)
687 5095 786 5149 Vit.
824 5096 979 5153 Patr.
1016 5115 1112 5163 xu,
1148 5101 1200 5155 6.

506 5182 510 5188 ·
538 5165 648 5233 (l6)
699 5166 801 5218 Vit.
833 5165 987 5221 Patr.
1021 5185 1092 5234 tv,
1117 5171 1206 5224 15.
1815 5199 1826 5224 ;

535 5235 644 5301 (17)
680 5235 746 5286 Τὸ
868 5236 1025 5305 Κρᾶς
1059 5239 1129 5306 τῇ
1154 5243 1477 5314 Αὺσῳνίων
1503 5243 1692 5314 φωνῇ,
1731 5244 1884 5314 Apud
1920 5244 2025 5299 So-

457 5305 1350 5384 tentem-nn.lib._1v,_cap.’_10,ubi
1393 5327 1480 5384 res
1504 5305 1865 5382 'pauloali'ter
1900 5332 2027 5369 nar-

456 5381 626 5448 ratur,
666 5371 812 5448 ιςράς
844 5373 926 5443 (lu
954 5371 1265 5448 Nirepltoro
1311 5379 1474 5446 Call.,
1511 5371 1604 5436 lib.
1657 5399 1732 5445 Ix,
1775 5399 1896 5448 cap.
1931 5387 2020 5441 54.

456 5399 626 5436 :uun,
666 5399 811 5440 ιιροις
844 5399 926 5443 μιι
959 5399 1265 5448 ult'epttoro
1311 5399 1474 5446 ham,
1511 5399 1604 5436 Ill).
1657 5399 1732 5445 lx,
1775 5399 1835 5437 Cit
1883 5426 1896 5438 .
1931 5399 2020 5441 54.

454 5440 720 5525 ιςρᾶςξιτῇ
759 5444 1039 5525 Ῥωμαίων
1058 5452 1227 5525 φωνῇΓ
1258 5449 1332 5525 Et;
1362 5462 1551 5525 nostro
1568 5451 1802 5525 Michael
1828 5399 2025 5525 (glycas

453 5512 982 5590 Anngliunﬂt'pé‘liil
1035 5512 1230 5590 εξΠερὶ
1285 5520 1374 5590 τὸν
1419 5521 1512 5573 τοῦ
1571 5522 1869 5590 Σαράπιδος
1897 5512 2025 5578 ἶιαὺν

454 5582 688 5648 κορῶναι
716 5582 962 5654 ἔκραζον·
991 5587 1084 5640 καὶ
1111 5582 1402 5657 ἐρωτηθεὶς
1426 5590 1574 5658 παρὰ
1590 5582 1697 5643 τῶν
1733 5582 2022 5661 Ἑλλήνων,

450 5649 504 5701 τί
533 5647 730 5718 βοῶσιν
777 5649 959 5718 αὗται,
993 5659 1295 5718 κακόγηρε.
1326 5654 1474 5711 εἷπε·
1508 5660 1568 5712 τὸ
1594 5659 1714 5718 Κρᾶ
1752 5665 1806 5718 τῆ
1838 5663 2022 5717 Σύοων

492 5654 504 5698 Ξ
533 5654 730 5718 βοῶσιν
777 5654 959 5722 αὗται,
993 5654 1295 5728 κακόγηρε.
1326 5654 1474 5711 εἷπε·
1508 5654 1568 5712 τὸ
1594 5659 1714 5732 Κρᾶ
1752 5665 1806 5732 τῇ
1838 5654 2024 5717 Σῦοων

1061 4945 1105 4978 ⁸⁸
1130 4947 1315 5002 Abest.
1349 4945 1679 5019 ἀμελοῦντες
1720 4945 1791 5006 ab
1821 4945 1933 5006 al."
1969 4954 2014 4985 '°
2048 4955 2134 5008 Al.
2168 4957 2215 5006 εί

2180 5112 2289 5178 ωνῇ
2319 5108 2508 5178 αὔριον
2543 5106 2694 5177 δηλοῖ
2719 5106 2953 5178 χαῦριον
2982 5107 3214 5178 καὶγὰρ
3253 5104 3450 5178 ὄψεσθε
3481 5105 3581 5178 τὴν
3621 5104 3717 5178 τοῦ

2183 5171 2700 5248 εοῦ”πρόνοιαν·’ἐφ’
2741 5171 2785 5244 ᾧ
2813 5171 2905 5230 κάὶ
2950 5171 3197 5246 ἠγγέλθη
3236 5171 3330 5248 τοῦ
3360 5171 3644 5248 ἀλιτηρίου
3674 5177 3715 5248 _6

2137 5244 2385 5312 θάνατος.
2417 5245 2550 5311 Quae
2581 5247 2746 5300 verba
2797 5262 2863 5300 eo
2905 5244 3130 5310 adduxi,
3175 5244 3234 5297 ut
3263 5244 3470 5298 discam
3505 5258 3534 5295 a
3581 5246 3717 5296 viris

2134 5318 2330 5381 doctis,
2369 5315 2816 5383 reponendumne
2860 5317 2934 5369 sit
2983 5315 3279 5384 sequendq
3295 5313 3522 5384 vestigia
3564 5328 3714 5384 rapo:

2134 5380 2498 5455 phtltegmatis
2521 5390 2714 5457 nostri,
2743 5386 3042 5457 κακόγηρε,
3062 5380 3208 5447 εἰπὲ,
3227 5380 3438 5457 εἶπε-,τὸ
3463 5383 3719 5457 Ιςρᾷίτῇ

2133 5452 2444 5521 Ἀὺσωνίων,
2481 5457 2562 5509 vel
2589 5455 2634 5508 si
2663 5456 2836 5510 mavis
2860 5452 2984 5509 cum
3012 5454 3230 5509 Sozont.
3251 5452 3546 5520 etNiceph.
3581 5452 3720 5504 Ῥωέ

2139 5527 2316 5595 μαίων
2350 5528 2521 5595 φωνῇ.
2587 5523 2751 5579 Forte
2793 5526 2939 5595 enim
2984 5525 3171 5595 Σύρων
3212 5522 3445 5595 irrepsit
3493 5529 3720 5595 proritet

2136 5588 2276 5649 inale
2305 5588 2372 5648 ac
2401 5588 2642 5648 hrc'viate
2694 5594 2961 5664 scriptum
3008 5588 3355 5664 ”Ρ’ωμαίων,”
3379 5598 3473 5646 aut
3494 5588 3577 5646 ὀὶ)
3600 5588 3723 5648 Abs

2135 5665 2342 5717 σωνίων
2379 5679 2488 5718 non
2526 5663 2884 5718 intellectum.
