3874 6356
114 340 195 395 Ιϐθ
1286 329 1898 391 APOPHTHEGMATA
1939 331 2244 386 PATRL’M.

3273 333 3376 390 no
3410 302 3417 310 ’

113 455 502 528 πληροφορήσῃ
522 455 744 520 αὐτοὺς,
767 455 849 518 είς
877 456 1030 510 ποῖον
1059 454 1302 524 ἔφθασαν
1335 454 1553 527 μέτρον.
1584 450 1695 504 Καὶ

1811 450 1910 506 illis
1945 451 2102 505 ﬁdem
2142 450 2345 507 faceret
2375 450 2441 506 de
2469 466 2725 507 mensura
2760 451 2828 508 ad
2875 465 3042 522 quam
3087 456 3372 524 pervenis-

110 546 256 620 ἦλθεν
300 549 498 612 αὐτοῖς
537 547 691 619 φωνὴ
733 547 970 616 λέγουσα
990 566 1002 579 ·
1041 549 1135 612 Ei;
1163 549 1322 620 τήνδε
1360 549 1460 621 τὴν
1502 547 1696 618 κώμην

110 643 189 710 τῆς
221 640 519 711 Αἰγύπτου
544 641 663 698 ὲστί
688 658 772 705 τις
797 641 1064 712 κοσμικὸς
1088 641 1425 713 Εὐχάριστος
1446 641 1695 712 ὀνόματι,

110 735 188 788 καὶ
225 737 261 804 ἡ
316 735 465 805 γυνὴ
513 734 680 788 αὐτοῦ
725 733 976 790 καλεῖται
1026 733 1250 804 Μαρία·
1304 732 1456 787 ὸύπω
1505 732 1698 806 ἤλθετε

109 828 252 896 ὑμεῖς
287 828 373 890 είς
405 826 476 880 τά
507 827 684 898 μέτρα
713 827 759 858 ⁶⁶
788 826 991 881 αὐτῶν.
1028 827 1138 880 Kal.
1165 825 1500 890 ἀναστάντες
1528 826 1577 878 οἱ
1607 825 1700 883 δύο

109 920 356 989 γέροντες
378 960 396 985 ,
438 915 608 992 ἦλθον
642 921 724 984 είς
755 920 857 991 τὴν
903 918 1130 990 κώμηνο
1160 921 1253 973 καὶ
1285 919 1696 990 ἐρωτήσαντες,

108 1002 253 1081 εὗρον
282 1010 347 1062 τὸ
378 1009 598 1063 κελλίον
633 1009 801 1064 αὐτοῦ
829 1011 925 1064 καὶ
950 1012 1050 1080 τὴν
1085 1013 1322 1080 γυναῖκα
1359 1009 1528 1066 αὐτοῦ
1552 1026 1566 1038 ·
1606 1012 1702 1064 καὶ

109 1103 348 1169 λέγουσιν
389 1103 533 1174 αὐτῇ
555 1120 568 1133 ·
598 1102 710 1157 Ποῦ
758 1103 876 1157 ἐστι
916 1104 945 1156 ὁ
981 1103 1123 1174 ἀνήρ
1150 1120 1277 1170 σου;
1317 1104 1384 1157 Ἠ
1422 1103 1478 1158 δὲ
1512 1099 1699 1156 εἶπεν·

109 1194 305 1263 Ποιμήν
327 1193 478 1254 ἐστι,
509 1195 605 1248 καὶ
637 1193 822 1264 βόσκει
859 1193 928 1247 τὰ
968 1193 1236 1265 πρόϐατα.
1269 1195 1380 1248 Kal.
1409 1193 1703 1266 ε’ίσήγαγεν

108 1286 297 1349 αὐτοὺς
329 1276 421 1349 εἰς
446 1287 513 1338 τὸ
541 1285 752 1340 κελλίον
781 1285 948 1340 αὐτοῦ
974 1286 1040 1339 ⁸⁷.
1088 1286 1175 1350 Ὠς
1205 1286 1263 1342 δὲ
1301 1286 1430 1357 ὀψία
1463 1285 1699 1354 ἐγένετο,

107 1372 257 1447 ἦλθεν
297 1379 330 1430 ὀ
363 1377 708 1450 Εὐχάριστος
748 1383 888 1449 μετὰ
917 1370 1027 1430 τῶν
1070 1377 1359 1450 προϐάτων
1383 1395 1396 1407 ·
1445 1378 1538 1432 καὶ
1579 1377 1703 1434 ίδὼν

107 1473 224 1534 τοὺς
278 1471 593 1542 γέροντας,
647 1471 949 1541 ἡτοίμασεν
1001 1471 1186 1534 αὐτοῖς
1238 1469 1552 1543 τράπεζαν,
1609 1471 1704 1526 καὶ

108 1564 332 1633 ἤνεγκεν
360 1560 517 1632 ὕδωρ
546 1561 699 1631 νίψαι
726 1564 854 1625 τοὺς
879 1562 1047 1626 πόδας
1075 1561 1277 1618 αὐτῶν.
1315 1562 1426 1616 Καὶ
1457 1561 1704 1631 λέγουσιν

107 1653 246 1723 αὐτῷ
278 1655 331 1706 οε
366 1653 665 1723 γέροντεςο
703 1653 778 1706 Οὐ
822 1652 898 1724 μὴ
926 1653 1254 1724 γευσώμεθά
1287 1670 1454 1717 τινος,
1491 1653 1587 1705 ἐὰν
1628 1653 1703 1724 μὴ

108 1744 446 1818 ἀναγγείλῃς
469 1747 604 1815 ἡμῖν
624 1745 726 1816 τὴν
757 1745 1022 1818 ἐργασίαν
1055 1762 1170 1799 σου.
1209 1745 1268 1798 'U
1288 1744 1346 1804 δὲ
1371 1746 1704 1816 Εὐχάριστος

1803 546 1948 594 sent.
1984 537 2123 596 Tum
2153 539 2440 595 descendit
2466 539 2535 594 ad
2564 556 2661 596 eos
2691 541 2963 612 ejusmodi
2997 556 3101 597 vox
3128 559 3143 598 :
3196 540 3295 599 lllo
3325 545 3380 599 in

1801 646 1942 703 pago
1968 630 2211 704 Egypti,
2250 634 2336 689 vir
2363 639 2448 689 est
2509 634 2794 691 smcuiaris
2849 636 3072 692 nomine
3105 635 3378 692 Euchari—

1801 733 1946 790 stus,
1980 726 2142 798 cujus
2175 743 2316 783 uxor
2336 736 2565 783 vocatur
2607 726 2814 782 Maria:
2847 729 3089 784 nondum
3122 728 3382 800 attigistis

1802 833 1904 874 vos
1940 833 2260 875 mensuram
2312 821 2535 878 virtutis
2572 836 2785 876 eorum.
2851 819 3149 892 Surgentes
3197 821 3384 892 itaque

1807 910 1970 966 ambo
2000 926 2182 977 senes,
2239 922 2474 983 pergunt
2531 913 2599 970 ad
2635 928 2832 985 pagum
2860 955 2878 980 ,
2947 922 3001 969 et
3035 913 3381 984 percontati,

1803 1001 2133 1060 invenerunt
2184 1003 2423 1059 hominis
2458 1005 2651 1060 cellam
2713 1013 2878 1076 atque
2938 1005 3185 1076 ejusdem
3237 1021 3381 1060 uxo-

1805 1110 1940 1150 rem.
1987 1093 2190 1150 Dicunt
2225 1097 2489 1152 mulieri:
2531 1095 2634 1152 Ubi
2672 1104 2757 1152 est
2814 1097 2900 1151 vir
2938 1099 3111 1152 tuus?
3160 1095 3255 1150 Illa
3295 1112 3384 1152 re-

1805 1187 2028 1257 spondit
2054 1206 2068 1242 :
2105 1187 2300 1243 Pastor
2333 1197 2439 1254 est,
2467 1191 2648 1260 pascit
2680 1205 2831 1245 oves.
2863 1191 2928 1244 Et
2958 1189 3262 1244 introduxit
3291 1203 3385 1245 eos

1805 1278 1860 1332 in
1897 1279 2111 1334 cellam.
2141 1278 2212 1335 Ut
2243 1289 2426 1336 autem
2477 1281 2880 1352 advesperavit,
2937 1281 3104 1337 rediit
3154 1281 3382 1336 Eucha-

1807 1369 1982 1427 ristus
2015 1387 2140 1427 cum
2171 1373 2409 1439 ovibus;
2441 1388 2508 1429 ac
2550 1374 2746 1430 videns
2778 1389 2960 1438 senes,
3010 1389 3254 1429 mensam
3290 1388 3384 1445 ap-

1806 1463 2038 1532 paravit,
2093 1463 2388 1535 attulitque
2427 1478 2628 1535 aquam
2665 1462 2954 1520 abluendis
2989 1478 3180 1519 eorum
3234 1462 3407 1542 pedi-3

1805 1553 1936 1609 bus.
2000 1552 2200 1609 Dicunt
2250 1555 2302 1610 ei
2363 1571 2568 1611 senes:
2610 1553 2731 1610 Non
2765 1555 3178 1627 degustabimus
3223 1553 3387 1624 quid—

1805 1661 1999 1717 quam,
2029 1649 2137 1704 nisi
2176 1649 2336 1706 nobis
2379 1649 2749 1705 declaraveris
2801 1648 3064 1720 quidnam
3120 1649 3194 1704 sit
3241 1647 3387 1719 quod

1809 1741 2086 1810 operaris.
2148 1741 2512 1797 Eucharistus
2549 1756 2678 1797 vero
2731 1757 2856 1796 cum
2907 1741 3212 1796 humilitate
3263 1742 3388 1798 ait:

113 1838 239 1906 μετὰ
264 1836 792 1908 ταπεινοφροσύνης
816 1833 971 1893 εἶπεν
992 1855 1006 1868 ·
1044 1836 1186 1907 Ἐγὼ
1209 1840 1414 1910 ποιμήν
1443 1840 1583 1909 εἰμι,
1611 1839 1703 1892 καὶ

1811 1832 1922 1903 Ego
1951 1841 2138 1902 pastor
2165 1849 2310 1898 sum,
2342 1842 2396 1888 et
2427 1834 2542 1888 haec
2575 1843 2660 1889 est
2708 1849 2850 1889 uxor
2905 1849 3047 1889 mea.
3100 1833 3171 1888 At
3223 1848 3386 1890 senes

108 1929 237 1997 αὐτη
277 1929 440 1981 ἐστὶν
477 1930 512 1998 ἡ
555 1929 691 1999 γυνή
731 1946 856 1999 μου.
910 1927 976 1983 Oi
1011 1929 1071 1982 δὲ
1116 1929 1372 2000 γέροντες
1412 1929 1705 2000 ἐπέμειναν

109 2018 562 2092 παρακαλοῦντες
595 2019 784 2083 αὐτὸν,
818 2021 914 2074 καὶ
951 2021 1053 2074 οὐκ
1090 2020 1322 2092 ἠθέλησε
1357 2023 1552 2076 εἰπεῖν.
1595 2025 1706 2076 Καὶ

107 2107 252 2165 εἷπον
297 2111 459 2182 αὐτῷ
481 2129 496 2143 ·
545 2112 603 2165 '0
634 2112 770 2176 Θεὸς
793 2112 1038 2184 ἐπεμψεν
1065 2116 1213 2186 ἡμᾶς
1247 2115 1383 2186 πρὸς
1409 2115 1487 2168 σέ.
1529 2115 1616 2178 Ὠς
1647 2115 1706 2169 δὲ

107 2205 302 2275 ἧκουσε
329 2203 430 2256 τὸν
460 2204 622 2272 λόγον
641 2203 856 2268 τοῦτον,
889 2205 1156 2277 ἐφοϐήθη,
1191 2206 1286 2260 καὶ
1312 2200 1465 2260 εἶπεν
1498 2207 1704 2273 αὐτοῖς·

119 2296 243 2350 ’1δού
292 2295 370 2348 τὰ
419 2295 675 2366 πρόϐατα
723 2295 898 2350 ταῦτα
941 2296 1139 2368 ἔχομεν
1185 2297 1293 2351 ἀπὸ
1344 2297 1452 2350 τῶν
1503 2297 1706 2366 γονέων

106 2387 291 2458 ἡμῶν·
327 2387 430 2440 καὶ
456 2387 583 2440 εἴτι
619 2386 662 2440 δ’
689 2385 756 2441 ἂν
778 2387 1021 2462 εὐοδιύσῃ
1043 2392 1071 2443 ὁ
1092 2388 1296 2462 Κύριος
1318 2391 1616 2446 είσοδιάσαι
1648 2391 1708 2457 ἐξ

107 2479 305 2540 αὐτῶν,
343 2476 616 2548 ποιοῦμεν
637 2479 719 2541 είς
749 2479 875 2551 τρία
919 2480 1062 2552 μέρη
1089 2497 1102 2510 ·
1139 2481 1302 2554 μέρος
1329 2480 1387 2534 ἓν
1418 2485 1531 2547 τοῖς
1557 2500 1704 2536 πτω-

107 2573 235 2640 χοῖς,
278 2570 381 2623 καὶ
411 2569 581 2640 μέρος
610 2569 668 2621 ἓν
694 2571 775 2634 είς
803 2570 903 2642 τὴν
938 2571 1264 2639 φιλοξενίαν.
1305 2573 1402 2626 καὶ
1439 2573 1501 2626 τὸ
1527 2573 1707 2645 τρίτον

111 2679 272 2734 μερας
314 2663 401 2724 είς
435 2660 538 2732 τὴν
569 2661 759 2734 χρείαν
802 2661 982 2733 ἡμῶν.
1031 2664 1148 2733 Ἀφ’
1182 2659 1242 2718 οὐ
1278 2664 1335 2717 δὲ
1379 2665 1570 2720 ἔλαϐον
1610 2666 1708 2738 τὴν

107 2753 350 2819 γυναῖκά
411 2769 550 2822 μου,
592 2753 694 2805 οὐκ
734 2751 1003 2825 ὲμιάνθην
1046 2753 1171 2808 οὐτε
1218 2755 1330 2824 ἐγὼ
1371 2755 1498 2809 οὐτε
1536 2756 1706 2829 αὐτὴ,

108 2842 240 2896 ἀλλὰ
273 2842 556 2912 παρθένος
586 2841 736 2895 ἐστί’
772 2841 869 2896 καὶ
897 2842 1126 2909 ἕκαστος
1168 2844 1326 2916 ἡμῶν
1361 2845 1482 2898 καθ’
1518 2847 1710 2902 ἑαυτὸν

106 2936 368 2990 καθεύδει
388 2952 402 2964 ·
439 2935 542 3006 τὴν
568 2935 627 2988 δὲ
663 2935 836 2989 νύκτα
874 2936 1148 3009 φοροῦμεν
1181 2939 1438 3002 σάκκους,
1485 2938 1580 2994 καὶ
1610 2939 1710 3011 τὴν

106 3028 327 3102 ἡμέραν
351 3026 426 3081 τὰ
453 3029 650 3098 ἱμάτια
690 3029 867 3100 ἡμῶν.
908 3029 1053 3094 Ἕως
1089 3029 1216 3102 ἄρτι
1291 3030 1592 3103 ἀνθρώπων
1628 3032 1714 3086 οὐ-

103 3119 214 3186 Ee‘t;
251 3121 435 3175 ταῦτα
459 3120 720 3188 ἔγνωκεν.
751 3121 860 3176 Kai.
887 3121 1220 3188 ἀκούσαντες
1239 3123 1578 3198 ἐθαύμασαν,
1612 3125 1708 3180 καὶ
1733 3148 1788 3198 ηε

105 3211 475 3282 ἀνεχώρησαν
505 3211 819 3276 δοξάζοντες
843 3211 934 3265 τὸν
959 3213 1114 3268 Θεόν.

360 3324 509 3394 Περὶ
537 3325 835 3395 Ethiopian)
865 3325 974 3380 τοῦ
1007 3325 1438 3396 πρεσϐυτέρου.

177 3435 454 3505 Εὒλότιός
506 3452 596 3500 τις
645 3435 896 3508 μαθητὴς
941 3435 1236 3506 γενόμενος
1282 3435 1378 3491 τοῦ
1439 3437 1710 3510 μακαρίου

114 3529 380 3582 Ἰωάννου
431 3526 530 3581 τοῦ
589 3527 892 3582 ἐπισκόπου
923 3529 990 3590 ⁸⁸,
1023 3528 1393 3602 πρεσϐύτερος
1421 3531 1515 3584 καὶ
1537 3531 1713 3601 ἀσκη-

102 3621 206 3692 τὴς
269 3621 470 3690 μέγας,
525 3619 807 3691 νηστεύων
852 3620 948 3674 δύο
990 3621 1120 3689 δύο,
1183 3623 1450 3686 πολλάκις
1507 3621 1566 3676 δὲ
1616 3623 1712 3676 καὶ

101 3712 206 3782 τὴν
261 3711 543 3782 ἑϐδομάδα
611 3712 818 3778 ἕλκων,
891 3712 1058 3784 ἄρτον
1137 3714 1301 3784 μόνον
1366 3713 1564 3767 ἐσθίων
1617 3714 1714 3770 καὶ

103 3805 272 3869 ἃλας,
312 3805 610 3871 ἐδοξάζετο
659 3805 766 3857 ὑπὸ
813 3804 925 3858 τῶν
969 3805 1293 3878 ἀνθρώπων.
1332 3806 1615 3879 Παρέϐαλε
1653 3806 1712 3859 δὲ

99 3896 184 3966 τῷ
233 3895 388 3967 άϐϐᾷ
440 3895 645 3967 Ἰωσὴφ
694 3899 777 3961 είς
831 3897 934 3969 τὴν
980 3898 1251 3967 Πανεφὼ,
1301 3898 1618 3971 προσδοκῶν
1660 3917 1712 3952 τι

103 3990 276 4043 πλέον
305 3989 448 4060 σκλη
459 3989 742 4060 ραγωγίαν
770 3990 900 4044 ίδεῖν
923 3993 1054 4062 παρ’
1080 3990 1250 4061 αὐτῷ.
1287 3992 1396 4045 Kal.
1419 3991 1713 4063 δεξάμενος

100 4081 276 4135 αὐτὸν
308 4083 337 4137 ι’.
364 4082 552 4150 γέρων
578 4081 721 4151 μετὰ
737 4083 935 4152 χαρᾶς,
964 4083 1019 4136 εῑ
1049 4099 1102 4135 τι
1139 4082 1184 4135 δ’
1210 4081 1279 4136 ἂν
1309 4078 1456 4153 εἶχεν
1487 4084 1711 4156 ἐποίησε

101 4174 477 4244 παράκλησιν
517 4173 797 4242 γενέσθαι.
836 4175 948 4228 Kal.
973 4173 1222 4244 λέγουσιν
1253 4177 1304 4229 oi
1335 4175 1576 4247 μαθηταὶ
1605 4177 1710 4230 Εὐ-

98 4266 331 4335 λογίου·
386 4267 507 4320 Οὐκ
559 4267 731 4320 ὲσθίει
781 4267 1157 4339 πρεσϐύτερος
1205 4268 1346 4341 πλὴν
1385 4270 1552 4340 ἄρτου
1617 4271 1712 4324 καὶ

99 4361 332 4424 ᾶλατος.
392 4361 452 4414 '0
487 4360 546 4414 δὲ
581 4360 758 4425 esse;
795 4361 994 4432 Ἰωσὴφ
1047 4363 1270 4417 σιωπῶν
1323 4363 1550 4436 ἐτρωγε.
1603 4367 1714 4421 Kal.

99 4457 454 4524 ποιήσαντες
492 4453 712 4524 ἡμέρας
748 4457 920 4525 τρεῖς,
961 4455 1063 4508 οὐκ
1093 4455 1334 4526 ἤκουσαν
1366 4457 1545 4511 αὐτῶν
1572 4457 1710 4528 ψαλ-

1806 1935 2233 1994 perscverarunt
2299 1933 2538 1981 orantes
2605 1926 2798 1994 illum;
2848 1941 2951 1981 nec
3007 1926 3178 1980 voluit
3205 1925 3385 1981 eﬂ'ari.

1806 2015 1963 2072 Tunc
1993 2018 2070 2071 illi
2104 2018 2172 2073 ad
2200 2035 2324 2074 eum
2353 2037 2366 2072 :
2400 2017 2543 2074 Deus
2592 2019 2657 2074 ad
2690 2028 2743 2075 te
2782 2019 2931 2075 misit
2962 2036 3083 2076 nos.
3123 2018 3244 2086 Quo
3288 2035 3388 2074 au-

1806 2110 1922 2165 dito
1950 2127 2204 2168 sermone
2229 2113 2482 2178 territus,
2535 2114 2702 2184 cmpit
2755 2112 2979 2169 dicere:
3048 2112 3209 2180 Ecce,
3257 2128 3387 2168 oves

1808 2202 1944 2256 istas
1972 2205 2286 2274 accepimus
2313 2220 2344 2258 a
2382 2206 2703 2276 parentibus
2757 2205 2965 2262 nostris
2992 2222 3006 2274 ;
3029 2216 3090 2274 et
3147 2206 3275 2261 inde
3306 2206 3374 2268 si.

1807 2294 1919 2350 Deo
1957 2305 2337 2367 prosperante,
2384 2299 2694 2367 provenerit
2741 2298 2972 2369 aliquid,
3031 2307 3146 2354 tres
3198 2307 3388 2369 partes

1809 2387 2084 2445 facimus:
2129 2404 2295 2443 unam
2329 2391 2684 2462 pauperibus,
2729 2391 2955 2446 alteram
2989 2391 3057 2446 ad
3105 2391 3390 2460 hospitali—

1808 2486 1995 2544 tatem,
2062 2480 2278 2536 tertiam
2335 2483 2392 2537 in
2451 2499 2586 2539 usus
2649 2491 2891 2539 nostros.
2933 2482 3007 2537 Ex
3061 2498 3171 2554 quo
3205 2489 3386 2537 autem

1809 2584 2036 2624 uxorem
2065 2571 2274 2642 accepi,
2310 2587 2412 2627 nec
2447 2573 2693 2649 pollutus
2722 2589 2842 2629 sum
2873 2588 2994 2644 ego,
3020 2587 3122 2627 nec
3153 2571 3264 2636 illa,
3291 2571 3388 2625 sed

1809 2663 1966 2733 virgo
1993 2671 2078 2718 est
2104 2679 2118 2728 ;
2155 2671 2208 2718 et
2237 2679 2484 2719 seorsum
2512 2665 2817 2721 dormimus
2846 2685 2858 2720 :
2905 2672 3070 2719 noctu
3105 2672 3389 2734 gestamus

1810 2751 2013 2818 cilicia,
2051 2755 2115 2809 de
2144 2754 2234 2809 die
2263 2755 2594 2811 vestimenta
2623 2764 2835 2812 nostra.
2882 2755 3180 2826 Hucusque
3239 2769 3390 2810 mor—

1812 2844 2004 2898 talium
2058 2861 2221 2901 nemo
2263 2845 2372 2902 ista
2433 2849 2712 2919 cognovit.
2757 2847 2917 2916 Quod
2970 2857 3262 2920 postquam
3300 2862 3394 2900 au-

1811 2936 2050 2992 diissent
2088 2953 2266 3005 senes,
2304 2940 2557 2995 admirati
2593 2953 2720 2996 sunt
2775 2956 2841 2997 ac
2887 2946 3238 2997 recesserunt
3277 2938 3424 3010 ειυς·

1813 3031 1950 3086 riam
1981 3031 2182 3090 dantes
2211 3032 2344 3089 Deo.

2262 3315 2338 3372 De
2367 3315 2593 3387 Eulogio
2619 3320 2941 3390 presbytero.

1887 3429 2105 3502 (26-27)
2141 3429 2402 3502 Eulogius
2418 3433 2636 3502 quidam
2660 3431 3038 3492 celebrabatur
3058 3433 3128 3488 ab
3160 3431 3396 3490 homini-

1813 3525 2089 3589 bus,beati
2100 3522 2330 3580 Joannis
2343 3525 2580 3596 episcOpi
2594 3525 2732 3581 disci
2740 3525 3213 3599 pulus,presbyter
3230 3536 3286 3584 et
3301 3543 3396 3585 as-

1813 3627 1936 3675 ceta
1989 3633 2244 3689 magnus,
2275 3617 2366 3689 qui
2401 3618 2690 3688 jejunabat
2727 3635 2824 3690 per
2851 3620 3038 3683 bidua,
3063 3628 3119 3677 et
3158 3636 3299 3692 saepe
3327 3621 3396 3676 ad

1815 3709 2210 3767 bebdomadem
2247 3726 2423 3780 usque
2450 3711 2702 3767 trahebat
2735 3712 3030 3782 jejunium,
3054 3728 3191 3769 usus
3225 3715 3282 3768 in
3311 3714 3395 3768 cio

1815 3804 1943 3860 bum
1971 3819 2112 3876 pane
2134 3804 2254 3862 solo
2277 3819 2403 3860 cum
2431 3805 2566 3862 sale.
2591 3804 2642 3861 is
2679 3805 2831 3860 venit
2853 3806 2918 3860 ad
2952 3805 3205 3862 abbatem
3235 3806 3397 3862 lose-

1813 3897 1982 3967 pbum
2037 3899 2094 3953 in
2145 3895 2448 3967 Panepho,
2486 3913 2715 3968 sperans
2746 3907 3119 3969 spectatorum
3154 3913 3213 3954 se
3251 3899 3397 3968 apud

1813 3989 1966 4044 illum
2034 3991 2412 4045 austeritatem
2466 3989 2752 4058 majorem.
2812 3988 2879 4044 Et
2931 3990 3240 4062 suscipiens
3269 4007 3395 4048 eum

1815 4098 1939 4138 cum
1969 4082 2171 4154 gaudio
2211 4098 2415 4145 senex,
2457 4081 2723 4153 quidquid
2775 4081 2990 4146 habuit,
3018 4083 3086 4138 ad
3136 4085 3395 4139 solatium

1814 4175 1936 4246 ejus
1969 4176 2255 4246 impendit.
2288 4174 2485 4230 Dicunt
2511 4173 2724 4246 Eulogii
2747 4175 3003 4247 discipuli
3031 4194 3046 4230 :
3077 4175 3195 4231 Non
3220 4192 3399 4232 come-

1812 4267 1893 4323 dit
1920 4269 2209 4340 presbyter
2241 4269 2348 4324 nisi
2384 4283 2580 4340 panem
2609 4276 2664 4323 et
2694 4269 2797 4325 sal.
2837 4269 3023 4325 Abbas
3069 4279 3249 4325 autem
3304 4268 3398 4324 Jo-

1813 4362 1948 4432 seph
1980 4362 2350 4418 manducabat
2380 4362 2606 4417 tacitus.
2643 4359 2894 4432 Cumque
2918 4363 3258 4418 mansissent
3277 4363 3397 4419 dies

1812 4461 1950 4517 tres,
1993 4470 2102 4509 non
2145 4439 2558 4511 audierunteos
2578 4454 2874 4526 psallentes
2902 4463 2997 4508 aut
3023 4463 3276 4522 orantes;
3301 4470 3398 4510 oc-

98 4546 314 4600 λόντων
349 4546 386 4616 ἦ
417 4547 732 4617 εὐχομένων
751 4562 768 4580 ο
800 4547 1017 4618 κρυπτὴ
1044 4546 1156 4618 γὰρ
1180 4543 1250 4620 ἦν
1279 4550 1312 4619 ὴ
1346 4550 1577 4622 ἐργασία
1613 4551 1703 4605 αὐ-

1816 4546 1962 4601 culta
1995 4548 2142 4602 enim
2177 4553 2297 4603 erat
2335 4547 2584 4617 operatio
2611 4546 2852 4602 illorum.
2886 4544 3271 4601 Discesserunt
3292 4546 3396 4617 igi-

95 4635 238 4694 τῶν.
263 4637 384 4690 Καὶ
411 4635 642 4706 ἐξῆλθον
683 4635 758 4706 μὴ
797 4634 1190 4707 ὠφεληθέντες.
1228 4635 1366 4689 Κατ’
1395 4638 1708 4710 οίκονομίαν

93 4729 156 4782 δὲ
178 4727 407 4796 γίνεται
435 4728 661 4796 γνόφος,
691 4728 788 4781 καὶ
810 4727 1176 4798 πλανηθέντες
1195 4728 1544 4801 ὑπέστρεψαν
1573 4732 1711 4802 πρὸς

93 4824 198 4876 τὸν
224 4823 493 4895 γέροντα.
527 4823 638 4877 Καὶ
671 4821 804 4894 πρὶν
837 4821 1312 4896 αὐτοὺςκροῦσαι,
1345 4823 1584 4895 ἥκουσαν
1607 4827 1710 4879 αὐ-

1814 4645 1940 4704 tur,
1989 4640 2199 4694 nullum
2255 4638 2436 4709 adepti
2485 4641 2682 4694 anima:
2723 4639 3170 4694 emolumentum.
3222 4637 3397 4694 Porro

1819 4732 2230 4802 dispensatione
2271 4731 2368 4788 Dei
2417 4741 2539 4788 orta
2577 4738 2663 4787 est
2702 4731 2916 4802 caligo;
2962 4746 3028 4786 ac
3053 4730 3269 4801 evagati
3303 4746 3393 4786 re-

1818 4826 1963 4882 versi
1987 4834 2118 4882 sunt
2147 4825 2215 4880 ad
2242 4839 2451 4880 senem.
2475 4822 2748 4895 Priusque
2775 4837 2939 4894 quam
2973 4823 3276 4893 pulsarent,
3303 4837 3398 4877 au-

88 4916 213 4969 τῶν
246 4915 608 4985 ψαλλόντων·
647 4915 743 4969 καὶ
795 4915 1081 4986 μείναντες
1129 4917 1224 4970 ἐπὶ
1275 4915 1436 4980 πολὺ,
1484 4916 1713 4990 ὕστερον

89 5007 406 5080 ἐκρουσαν.
443 5008 512 5061 οἱ
553 5008 613 5061 δὲ
657 5011 1042 5080 σιωπήσαντες
1079 5008 1188 5062 ἀπὸ
1224 5007 1566 5082 ψαλμῳδίας,
1601 5012 1714 5066 ἐδέ-

88 5100 271 5167 ξαντο
300 5100 510 5162 αὐτοὺς
538 5099 844 5170 χαίροντες.
869 5100 982 5153 Kal.
995 5099 1086 5153 διὰ
1107 5100 1201 5154 τὸν
1216 5101 1498 5168 καύσωνα,
1523 5104 1712 5161 ἔϐαλον

84 5193 145 5245 οἱ
203 5191 463 5263 μαθηταὶ
514 5190 780 5261 Εὐλογίου
827 5194 910 5257 είς
952 5193 1014 5246 τὸ
1062 5191 1357 5264 βαυκάλιον
1396 5195 1574 5268 ὕδωρ,
1616 5201 1712 5253 καὶ

83 5285 320 5339 ἔδωκαν
357 5282 551 5353 αὐτῷ·
575 5278 646 5354 ἦν
681 5283 740 5337 δὲ
782 5283 1128 5354 μεμιγμένον
1165 5283 1268 5354 τῆς
1306 5283 1584 5358 θαλάσσης
1617 5291 1711 5342 καὶ

77 5374 196 5429 τοῦ
240 5374 502 5445 ποταμοῦ
521 5391 534 5404 ·
569 5375 667 5428 καὶ
697 5375 801 5428 οὐκ
827 5373 1070 5445 ἠδυνήθη
1095 5378 1261 5431 πιεῖν.
1303 5377 1412 5431 Καὶ
1446 5380 1503 5432 ὲν
1532 5380 1712 5452 ἑαυτῷ

77 5467 429 5538 γενόμενος,
467 5465 783 5538 προσέπεσε
812 5465 894 5538 τῷ
930 5465 1150 5538 γέροντι
1184 5467 1380 5541 μαθεῖν
1414 5470 1585 5527 θέλων
1610 5472 1711 5545 τὴν

1820 4919 2041 4974 dierunt
2069 4933 2165 4974 eos
2203 4917 2461 4988 psallere;
2506 4926 2740 4986 postque
2791 4915 3111 4970 diuturnum
3154 4923 3395 4985 tempus.

1817 5011 2181 5080 pulsaverunt
2216 5010 2438 5064 iterum.
2501 5007 2571 5062 At
2607 5007 2685 5061 illi
2737 5005 2958 5062 silentio
2996 5014 3120 5076 post
3156 5005 3399 5077 psalmo-

1815 5100 1963 5155 diam
2006 5098 2169 5162 facto,
2203 5098 2312 5154 laeti
2342 5104 2711 5168 susceperunt
2733 5111 2850 5154 eos.
2891 5095 3031 5152 Tum
3062 5095 3275 5167 Eulogii
3315 5093 3398 5148 di-

1814 5193 2011 5265 scipuli
2038 5203 2258 5264 propter
2273 5199 2465 5248 aestum
2488 5191 2835 5248 immiserunt
2856 5205 3053 5262 aquam
3075 5190 3132 5245 in
3151 5188 3395 5252 baucale,

1819 5301 1884 5343 ac
1915 5287 2187 5343 dederunt
2209 5287 2260 5342 ei
2287 5303 2304 5353 ;
2333 5296 2453 5342 erat
2485 5294 2668 5341 autem
2703 5300 2842 5356 aqua
2871 5285 3136 5356 permista
3163 5282 3232 5338 de
3261 5281 3399 5337 mari

1818 5389 1874 5437 et
1897 5379 2165 5436 ﬂumine:
2207 5393 2308 5435 nec
2345 5377 2526 5450 potuit
2565 5376 2774 5433 bibere.
2814 5375 2971 5433 Tunc
3007 5375 3268 5448 Eulogius
3309 5387 3401 5429 se-

1820 5489 1943 5530 cum
1979 5482 2266 5539 repntans,
2301 5469 2536 5542 procidit
2584 5470 2725 5538 seni,
2767 5481 2828 5526 ut
2880 5469 3120 5528 disceret
3153 5469 3400 5541 ipsorum

166 5629 229 5660 ⁶⁶
252 5628 346 5681 ΔΙ.
383 5625 448 5679 τδ
483 5624 706 5696 μέτρον.
786 5627 830 5659 ⁸⁷
866 5627 955 5682 ΑΙ.
983 5627 1176 5700 αὐτῆς.
1254 5630 1298 5663 ⁸⁸
1330 5629 1417 5685 Al.
1448 5631 1898 5705 άρχιεπισκόπου.

163 5790 408 5862 ζεῦ-Ἦ)
450 5787 554 5842 γει.
591 5786 746 5842 Patr.
787 5802 910 5850 νιιι,
951 5789 1005 5842 ι.

443 5883 722 5942 Parant.
755 5879 874 5940 Gn.
915 5878 1110 5946 LXV,
3044 5883 3084 5941 ϐ
