  <div class='ocr_page' id='page_1' title='image "/cluster/home/n/w/nwhite01/storage/ocr_20150623/65/hvd.32044014812317/093.png"; bbox 0 0 3874 6372; ppageno 0'>
   <div class='ocr_carea' id='block_1_1' title="bbox 518 347 3792 407">
    <p class='ocr_par' dir='ltr' id='par_1_1' title="bbox 518 347 3792 407">
     <span class='ocr_line' id='line_1_1' title="bbox 518 347 3792 407; baseline -0.001 0"><span class='ocrx_word' id='word_1_1' title='bbox 518 347 613 407; x_wconf 76' lang='grc' dir='ltr'><strong>’ΠΙ</strong></span> <span class='ocrx_word' id='word_1_2' title='bbox 1645 349 1991 404; x_wconf 72' lang='lat' dir='ltr'><strong>APPENDIX</strong></span> <span class='ocrx_word' id='word_1_3' title='bbox 2030 351 2120 404; x_wconf 86' lang='lat' dir='ltr'><strong>AD</strong></span> <span class='ocrx_word' id='word_1_4' title='bbox 2160 349 2579 404; x_wconf 76' lang='lat' dir='ltr'><strong>PALLADIUM.</strong></span> <span class='ocrx_word' id='word_1_5' title='bbox 3682 349 3792 405; x_wconf 65' lang='grc' dir='ltr'>ιη</span> 
     </span>
    </p>
   </div>
   <div class='ocr_carea' id='block_1_2' title="bbox 522 463 2052 540">
    <p class='ocr_par' dir='ltr' id='par_1_2' title="bbox 522 466 2052 538">
     <span class='ocr_line' id='line_1_2' title="bbox 522 466 2052 538; baseline -0.001 -14"><span class='ocrx_word' id='word_1_6' title='bbox 522 469 741 525; x_wconf 82' lang='lat' dir='ltr'><strong>vivendi</strong></span> <span class='ocrx_word' id='word_1_7' title='bbox 763 469 1058 534; x_wconf 85' lang='lat' dir='ltr'><strong>rationem,</strong></span> <span class='ocrx_word' id='word_1_8' title='bbox 1115 466 1364 537; x_wconf 77' lang='lat' dir='ltr'><strong>dixitque</strong></span> <span class='ocrx_word' id='word_1_9' title='bbox 1400 468 1618 531; x_wconf 85' lang='lat' dir='ltr'><strong>:Abba,</strong></span> <span class='ocrx_word' id='word_1_10' title='bbox 1659 468 1790 538; x_wconf 90' lang='lat' dir='ltr'><strong>quid</strong></span> <span class='ocrx_word' id='word_1_11' title='bbox 1835 479 1920 524; x_wconf 92' lang='lat' dir='ltr'><strong>est</strong></span> <span class='ocrx_word' id='word_1_12' title='bbox 1967 469 2052 523; x_wconf 69' lang='lat' dir='ltr'><strong>hoc</strong></span> 
     </span>
    </p>
   </div>
   <div class='ocr_carea' id='block_1_3' title="bbox 2253 463 3783 540">
    <p class='ocr_par' dir='ltr' id='par_1_3' title="bbox 2257 463 3783 540">
     <span class='ocr_line' id='line_1_3' title="bbox 2257 463 3783 540; baseline 0.001 -18"><span class='ocrx_word' id='word_1_13' title='bbox 2257 470 2487 540; x_wconf 85' lang='grc' dir='ltr'>αγωγὴν</span> <span class='ocrx_word' id='word_1_14' title='bbox 2517 465 2704 531; x_wconf 81' lang='grc' dir='ltr'>αὐτοῦ,</span> <span class='ocrx_word' id='word_1_15' title='bbox 2739 463 2946 537; x_wconf 84' lang='grc' dir='ltr'>λέγων·</span> <span class='ocrx_word' id='word_1_16' title='bbox 2990 465 3182 531; x_wconf 76' lang='grc' dir='ltr'>Ἃϐϐἅ,</span> <span class='ocrx_word' id='word_1_17' title='bbox 3231 466 3286 519; x_wconf 78' lang='grc' dir='ltr'><strong>τί</strong></span> <span class='ocrx_word' id='word_1_18' title='bbox 3315 467 3432 519; x_wconf 77' lang='grc' dir='ltr'>ἐστι</span> <span class='ocrx_word' id='word_1_19' title='bbox 3460 464 3654 533; x_wconf 61' lang='lat' dir='ltr'><strong>coite;</strong></span> <span class='ocrx_word' id='word_1_20' title='bbox 3702 469 3783 523; x_wconf 83' lang='grc' dir='ltr'><strong>ὅτι</strong></span> 
     </span>
    </p>
   </div>
   <div class='ocr_carea' id='block_1_4' title="bbox 521 558 2051 634">
    <p class='ocr_par' dir='ltr' id='par_1_4' title="bbox 521 559 2051 633">
     <span class='ocr_line' id='line_1_4' title="bbox 521 559 2051 633; baseline -0.003 -17"><span class='ocrx_word' id='word_1_21' title='bbox 521 566 691 618; x_wconf 89' lang='lat' dir='ltr'><strong>Antea</strong></span> <span class='ocrx_word' id='word_1_22' title='bbox 711 578 820 618; x_wconf 91' lang='lat' dir='ltr'><strong>non</strong></span> <span class='ocrx_word' id='word_1_23' title='bbox 851 562 1188 633; x_wconf 87' lang='lat' dir='ltr'><strong>psallebatis,</strong></span> <span class='ocrx_word' id='word_1_24' title='bbox 1225 563 1320 618; x_wconf 90' lang='lat' dir='ltr'><strong>sed</strong></span> <span class='ocrx_word' id='word_1_25' title='bbox 1347 559 1511 616; x_wconf 88' lang='lat' dir='ltr'><strong>mo&#39;do</strong></span> <span class='ocrx_word' id='word_1_26' title='bbox 1552 567 1840 632; x_wconf 75' lang='lat' dir='ltr'><strong>postquam</strong></span> <span class='ocrx_word' id='word_1_27' title='bbox 1891 577 2051 631; x_wconf 60' lang='grc' dir='ltr'>εει-ες</span> 
     </span>
    </p>
   </div>
   <div class='ocr_carea' id='block_1_5' title="bbox 2255 558 3785 634">
    <p class='ocr_par' dir='ltr' id='par_1_5' title="bbox 2255 558 3785 634">
     <span class='ocr_line' id='line_1_5' title="bbox 2255 558 3785 634; baseline 0.003 -24"><span class='ocrx_word' id='word_1_28' title='bbox 2255 586 2259 610; x_wconf 77' lang='grc' dir='ltr'>ι</span> <span class='ocrx_word' id='word_1_29' title='bbox 2294 562 2512 634; x_wconf 87' lang='grc' dir='ltr'>πρῶτον</span> <span class='ocrx_word' id='word_1_30' title='bbox 2543 560 2644 613; x_wconf 82' lang='grc' dir='ltr'><strong>οὐκ</strong></span> <span class='ocrx_word' id='word_1_31' title='bbox 2677 558 2958 629; x_wconf 72' lang='grc' dir='ltr'>ὲψάλλετε,</span> <span class='ocrx_word' id='word_1_32' title='bbox 2987 559 3122 614; x_wconf 81' lang='grc' dir='ltr'>ἀλλὰ</span> <span class='ocrx_word' id='word_1_33' title='bbox 3151 558 3247 612; x_wconf 78' lang='grc' dir='ltr'>νῦν</span> <span class='ocrx_word' id='word_1_34' title='bbox 3287 560 3423 631; x_wconf 73' lang='grc' dir='ltr'>μετὰ</span> <span class='ocrx_word' id='word_1_35' title='bbox 3449 559 3512 613; x_wconf 76' lang='grc' dir='ltr'>τὸ</span> <span class='ocrx_word' id='word_1_36' title='bbox 3545 559 3785 626; x_wconf 77' lang='grc' dir='ltr'><strong>ἐξελθεῖν</strong></span> 
     </span>
    </p>
   </div>
   <div class='ocr_carea' id='block_1_6' title="bbox 521 645 2051 726">
    <p class='ocr_par' dir='ltr' id='par_1_6' title="bbox 521 652 2051 724">
     <span class='ocr_line' id='line_1_6' title="bbox 521 652 2051 724; baseline -0.001 -15"><span class='ocrx_word' id='word_1_37' title='bbox 521 656 729 711; x_wconf 81' lang='lat' dir='ltr'><strong>fuimus</strong></span> <span class='ocrx_word' id='word_1_38' title='bbox 755 674 768 709; x_wconf 93' lang='lat'><strong>:</strong></span> <span class='ocrx_word' id='word_1_39' title='bbox 795 661 850 708; x_wconf 89' lang='lat' dir='ltr'><strong>et</strong></span> <span class='ocrx_word' id='word_1_40' title='bbox 882 655 1093 710; x_wconf 89' lang='lat' dir='ltr'><strong>baucali</strong></span> <span class='ocrx_word' id='word_1_41' title='bbox 1121 669 1268 710; x_wconf 90' lang='lat' dir='ltr'><strong>nunc</strong></span> <span class='ocrx_word' id='word_1_42' title='bbox 1296 661 1539 724; x_wconf 79' lang='lat' dir='ltr'><strong>sumpto,</strong></span> <span class='ocrx_word' id='word_1_43' title='bbox 1570 666 1766 722; x_wconf 90' lang='lat' dir='ltr'><strong>aquam</strong></span> <span class='ocrx_word' id='word_1_44' title='bbox 1796 652 1974 707; x_wconf 82' lang='lat' dir='ltr'><strong>inveni</strong></span> <span class='ocrx_word' id='word_1_45' title='bbox 1997 668 2051 708; x_wconf 91' lang='lat' dir='ltr'><strong>sa</strong></span> 
     </span>
    </p>
   </div>
   <div class='ocr_carea' id='block_1_7' title="bbox 2256 645 3786 726">
    <p class='ocr_par' dir='ltr' id='par_1_7' title="bbox 2256 645 3786 726">
     <span class='ocr_line' id='line_1_7' title="bbox 2256 645 3786 726; baseline 0 -20"><span class='ocrx_word' id='word_1_46' title='bbox 2256 656 2348 717; x_wconf 76' lang='grc' dir='ltr'><strong>ιᾶς</strong></span> <span class='ocrx_word' id='word_1_47' title='bbox 2369 671 2382 684; x_wconf 81' lang='grc'><em>’</em></span> <span class='ocrx_word' id='word_1_48' title='bbox 2408 651 2587 706; x_wconf 75' lang='grc' dir='ltr'>καὶτὸ</span> <span class='ocrx_word' id='word_1_49' title='bbox 2618 651 2910 722; x_wconf 87' lang='grc' dir='ltr'>βαυκάλιον</span> <span class='ocrx_word' id='word_1_50' title='bbox 2933 652 2991 706; x_wconf 83' lang='grc' dir='ltr'>δὲ</span> <span class='ocrx_word' id='word_1_51' title='bbox 3019 651 3114 705; x_wconf 80' lang='grc' dir='ltr'>νῦν</span> <span class='ocrx_word' id='word_1_52' title='bbox 3137 650 3342 718; x_wconf 84' lang='grc' dir='ltr'>λαϐὼν,</span> <span class='ocrx_word' id='word_1_53' title='bbox 3362 645 3520 723; x_wconf 73' lang='grc' dir='ltr'>εὗρον</span> <span class='ocrx_word' id='word_1_54' title='bbox 3545 653 3608 705; x_wconf 84' lang='grc' dir='ltr'><strong>τὸ</strong></span> <span class='ocrx_word' id='word_1_55' title='bbox 3635 652 3786 726; x_wconf 78' lang='grc' dir='ltr'>ὕδωρ</span> 
     </span>
    </p>
   </div>
   <div class='ocr_carea' id='block_1_8' title="bbox 439 733 1969 820">
    <p class='ocr_par' dir='ltr' id='par_1_8' title="bbox 439 746 1965 818">
     <span class='ocr_line' id='line_1_8' title="bbox 439 746 1965 818; baseline 0 -15"><span class='ocrx_word' id='word_1_56' title='bbox 439 785 442 788; x_wconf 67' lang='lat'><strong><em>~</em></strong></span> <span class='ocrx_word' id='word_1_57' title='bbox 522 764 661 803; x_wconf 86' lang='lat' dir='ltr'><strong>sam.</strong></span> <span class='ocrx_word' id='word_1_58' title='bbox 698 748 1000 818; x_wconf 80' lang='lat' dir='ltr'><strong>Respondit</strong></span> <span class='ocrx_word' id='word_1_59' title='bbox 1053 762 1221 803; x_wconf 81' lang='lat' dir='ltr'><strong>senex</strong></span> <span class='ocrx_word' id='word_1_60' title='bbox 1258 746 1496 802; x_wconf 81' lang='lat' dir='ltr'><strong>:Frnter</strong></span> <span class='ocrx_word' id='word_1_61' title='bbox 1534 748 1768 804; x_wconf 87' lang='lat' dir='ltr'><strong>stolidus</strong></span> <span class='ocrx_word' id='word_1_62' title='bbox 1796 759 1898 814; x_wconf 83' lang='lat' dir='ltr'><strong>est,</strong></span> <span class='ocrx_word' id='word_1_63' title='bbox 1936 765 1965 803; x_wconf 92' lang='lat' dir='ltr'><strong>a</strong></span> 
     </span>
    </p>
   </div>
   <div class='ocr_carea' id='block_1_9' title="bbox 2257 733 3787 820">
    <p class='ocr_par' dir='ltr' id='par_1_9' title="bbox 2257 733 3787 815">
     <span class='ocr_line' id='line_1_9' title="bbox 2257 733 3787 815; baseline 0.001 -19"><span class='ocrx_word' id='word_1_64' title='bbox 2257 743 2466 815; x_wconf 64' lang='grc' dir='ltr'>ιμυρόν.</span> <span class='ocrx_word' id='word_1_65' title='bbox 2517 733 2681 811; x_wconf 78' lang='grc' dir='ltr'>Λέγει</span> <span class='ocrx_word' id='word_1_66' title='bbox 2718 741 2869 813; x_wconf 83' lang='grc' dir='ltr'>αὐτῷ</span> <span class='ocrx_word' id='word_1_67' title='bbox 2909 745 2937 796; x_wconf 91' lang='lat'><strong>6</strong></span> <span class='ocrx_word' id='word_1_68' title='bbox 2975 742 3183 812; x_wconf 87' lang='grc' dir='ltr'>γέρων·</span> <span class='ocrx_word' id='word_1_69' title='bbox 3244 743 3302 795; x_wconf 92' lang='grc' dir='ltr'>Ὁ</span> <span class='ocrx_word' id='word_1_70' title='bbox 3342 743 3570 811; x_wconf 74' lang='grc' dir='ltr'>ἀδελφὸς</span> <span class='ocrx_word' id='word_1_71' title='bbox 3620 743 3787 807; x_wconf 83' lang='grc' dir='ltr'>σαλός</span> 
     </span>
    </p>
   </div>
   <div class='ocr_carea' id='block_1_10' title="bbox 523 831 2053 910">
    <p class='ocr_par' dir='ltr' id='par_1_10' title="bbox 523 838 2053 910">
     <span class='ocr_line' id='line_1_10' title="bbox 523 838 2053 910; baseline -0.002 -18"><span class='ocrx_word' id='word_1_72' title='bbox 523 857 588 894; x_wconf 82' lang='lat' dir='ltr'><strong>ex</strong></span> <span class='ocrx_word' id='word_1_73' title='bbox 617 855 802 894; x_wconf 91' lang='lat' dir='ltr'><strong>errore</strong></span> <span class='ocrx_word' id='word_1_74' title='bbox 831 839 1151 908; x_wconf 77' lang='lat' dir='ltr'><strong>permiscuit</strong></span> <span class='ocrx_word' id='word_1_75' title='bbox 1179 854 1376 908; x_wconf 89' lang='lat' dir='ltr'><strong>aquam</strong></span> <span class='ocrx_word' id='word_1_76' title='bbox 1412 838 1704 895; x_wconf 83' lang='lat' dir='ltr'><strong>marinam.</strong></span> <span class='ocrx_word' id='word_1_77' title='bbox 1729 839 1990 910; x_wconf 81' lang='lat' dir='ltr'><strong>Eulogius</strong></span> <span class='ocrx_word' id='word_1_78' title='bbox 2014 856 2053 894; x_wconf 79' lang='grc' dir='ltr'>ν‹</span> 
     </span>
    </p>
   </div>
   <div class='ocr_carea' id='block_1_11' title="bbox 2255 831 3785 910">
    <p class='ocr_par' dir='ltr' id='par_1_11' title="bbox 2255 831 3785 904">
     <span class='ocr_line' id='line_1_11' title="bbox 2255 831 3785 904; baseline 0.001 -19"><span class='ocrx_word' id='word_1_79' title='bbox 2255 851 2339 898; x_wconf 68' lang='grc' dir='ltr'>ττι,</span> <span class='ocrx_word' id='word_1_80' title='bbox 2368 835 2462 886; x_wconf 76' lang='grc' dir='ltr'>καὶ</span> <span class='ocrx_word' id='word_1_81' title='bbox 2490 832 2631 887; x_wconf 77' lang='grc' dir='ltr'>κατὰ</span> <span class='ocrx_word' id='word_1_82' title='bbox 2660 831 2869 903; x_wconf 82' lang='grc' dir='ltr'>πλάνην</span> <span class='ocrx_word' id='word_1_83' title='bbox 2903 832 3090 904; x_wconf 78' lang='grc' dir='ltr'><strong>ἔμιξεν</strong></span> <span class='ocrx_word' id='word_1_84' title='bbox 3121 833 3253 886; x_wconf 78' lang='grc' dir='ltr'>αὐτὸ</span> <span class='ocrx_word' id='word_1_85' title='bbox 3287 833 3597 890; x_wconf 85' lang='grc' dir='ltr'>θαλάσσιον.</span> <span class='ocrx_word' id='word_1_86' title='bbox 3639 835 3703 888; x_wconf 86' lang='lat'><strong>&#39;0</strong></span> <span class='ocrx_word' id='word_1_87' title='bbox 3730 835 3785 887; x_wconf 77' lang='grc' dir='ltr'>δὲ</span> 
     </span>
    </p>
   </div>
   <div class='ocr_carea' id='block_1_12' title="bbox 521 926 2051 1003">
    <p class='ocr_par' dir='ltr' id='par_1_12' title="bbox 521 931 2051 1003">
     <span class='ocr_line' id='line_1_12' title="bbox 521 931 2051 1003; baseline -0.001 -18"><span class='ocrx_word' id='word_1_88' title='bbox 521 948 584 986; x_wconf 91' lang='lat' dir='ltr'><strong>ro</strong></span> <span class='ocrx_word' id='word_1_89' title='bbox 633 931 858 1003; x_wconf 79' lang='lat' dir='ltr'><strong>rogabat</strong></span> <span class='ocrx_word' id='word_1_90' title='bbox 890 947 1097 996; x_wconf 86' lang='lat' dir='ltr'><strong>senem,</strong></span> <span class='ocrx_word' id='word_1_91' title='bbox 1136 932 1364 1002; x_wconf 88' lang='lat' dir='ltr'><strong>cupiens</strong></span> <span class='ocrx_word' id='word_1_92' title='bbox 1409 932 1490 988; x_wconf 88' lang='lat' dir='ltr'><strong>rei</strong></span> <span class='ocrx_word' id='word_1_93' title='bbox 1534 933 1817 988; x_wconf 75' lang='lat' dir='ltr'><strong>veritatem</strong></span> <span class='ocrx_word' id='word_1_94' title='bbox 1863 933 2051 988; x_wconf 77' lang='lat' dir='ltr'><strong>discen</strong></span> 
     </span>
    </p>
   </div>
   <div class='ocr_carea' id='block_1_13' title="bbox 2256 926 3786 1003">
    <p class='ocr_par' dir='ltr' id='par_1_13' title="bbox 2256 926 3786 1000">
     <span class='ocr_line' id='line_1_13' title="bbox 2256 926 3786 1000; baseline 0.001 -21"><span class='ocrx_word' id='word_1_95' title='bbox 2256 927 2458 996; x_wconf 69' lang='grc' dir='ltr'>ὒλόγιος</span> <span class='ocrx_word' id='word_1_96' title='bbox 2488 927 2788 997; x_wconf 84' lang='grc' dir='ltr'>παρεκάλει</span> <span class='ocrx_word' id='word_1_97' title='bbox 2826 926 2918 981; x_wconf 74' lang='grc' dir='ltr'>τὸν</span> <span class='ocrx_word' id='word_1_98' title='bbox 2955 926 3209 998; x_wconf 83' lang='grc' dir='ltr'>γέροντα,</span> <span class='ocrx_word' id='word_1_99' title='bbox 3241 927 3408 980; x_wconf 85' lang='grc' dir='ltr'>θέλων</span> <span class='ocrx_word' id='word_1_100' title='bbox 3454 929 3651 998; x_wconf 78' lang='grc' dir='ltr'>μαθεῖν</span> <span class='ocrx_word' id='word_1_101' title='bbox 3685 930 3786 1000; x_wconf 85' lang='grc' dir='ltr'><strong>τὴν</strong></span> 
     </span>
    </p>
   </div>
   <div class='ocr_carea' id='block_1_14' title="bbox 525 1017 2055 1094">
    <p class='ocr_par' dir='ltr' id='par_1_14' title="bbox 525 1025 2055 1094">
     <span class='ocr_line' id='line_1_14' title="bbox 525 1025 2055 1094; baseline 0.001 -18"><span class='ocrx_word' id='word_1_102' title='bbox 525 1025 662 1079; x_wconf 78' lang='lat' dir='ltr'><strong>llicit</strong></span> <span class='ocrx_word' id='word_1_103' title='bbox 707 1025 756 1080; x_wconf 90' lang='lat' dir='ltr'><strong>ei</strong></span> <span class='ocrx_word' id='word_1_104' title='bbox 808 1039 1021 1080; x_wconf 81' lang='lat' dir='ltr'><strong>senex:</strong></span> <span class='ocrx_word' id='word_1_105' title='bbox 1065 1025 1160 1079; x_wconf 85' lang='lat' dir='ltr'><strong>Ille</strong></span> <span class='ocrx_word' id='word_1_106' title='bbox 1188 1041 1390 1094; x_wconf 89' lang='lat' dir='ltr'><strong>parvus</strong></span> <span class='ocrx_word' id='word_1_107' title='bbox 1435 1025 1548 1080; x_wconf 89' lang='lat' dir='ltr'><strong>vini</strong></span> <span class='ocrx_word' id='word_1_108' title='bbox 1597 1026 1761 1091; x_wconf 80' lang='lat' dir='ltr'><strong>calix,</strong></span> <span class='ocrx_word' id='word_1_109' title='bbox 1813 1025 2055 1086; x_wconf 71' lang='lat' dir='ltr'><strong>charitatl</strong></span> 
     </span>
    </p>
   </div>
   <div class='ocr_carea' id='block_1_15' title="bbox 2252 1017 3782 1094">
    <p class='ocr_par' dir='ltr' id='par_1_15' title="bbox 2252 1017 3782 1093">
     <span class='ocr_line' id='line_1_15' title="bbox 2252 1017 3782 1093; baseline 0.001 -22"><span class='ocrx_word' id='word_1_110' title='bbox 2252 1018 2474 1090; x_wconf 64' lang='grc' dir='ltr'>ιήθειαν.</span> <span class='ocrx_word' id='word_1_111' title='bbox 2516 1019 2626 1071; x_wconf 83' lang='lat' dir='ltr'><strong>Kal.</strong></span> <span class='ocrx_word' id='word_1_112' title='bbox 2664 1017 2817 1087; x_wconf 86' lang='grc' dir='ltr'>λέγει</span> <span class='ocrx_word' id='word_1_113' title='bbox 2853 1018 3002 1089; x_wconf 83' lang='grc' dir='ltr'><strong>αὒτῷ</strong></span> <span class='ocrx_word' id='word_1_114' title='bbox 3029 1021 3058 1072; x_wconf 98' lang='lat'><strong>6</strong></span> <span class='ocrx_word' id='word_1_115' title='bbox 3087 1019 3302 1093; x_wconf 87' lang='grc' dir='ltr'>γέρων·</span> <span class='ocrx_word' id='word_1_116' title='bbox 3339 1020 3548 1073; x_wconf 86' lang='grc' dir='ltr'>Ἐκεῖνο</span> <span class='ocrx_word' id='word_1_117' title='bbox 3590 1020 3656 1072; x_wconf 82' lang='grc' dir='ltr'>τὸ</span> <span class='ocrx_word' id='word_1_118' title='bbox 3691 1039 3782 1091; x_wconf 85' lang='grc' dir='ltr'>μι-</span> 
     </span>
    </p>
   </div>
   <div class='ocr_carea' id='block_1_16' title="bbox 522 1108 2052 1187">
    <p class='ocr_par' dir='ltr' id='par_1_16' title="bbox 522 1115 2052 1187">
     <span class='ocr_line' id='line_1_16' title="bbox 522 1115 2052 1187; baseline 0.001 -20"><span class='ocrx_word' id='word_1_119' title='bbox 522 1117 660 1178; x_wconf 80' lang='lat' dir='ltr'><strong>fuit;</strong></span> <span class='ocrx_word' id='word_1_120' title='bbox 691 1115 810 1170; x_wconf 62' lang='lat' dir='ltr'><strong>hac</strong></span> <span class='ocrx_word' id='word_1_121' title='bbox 839 1131 970 1170; x_wconf 86' lang='lat' dir='ltr'><strong>vero</strong></span> <span class='ocrx_word' id='word_1_122' title='bbox 997 1129 1157 1185; x_wconf 88' lang='lat' dir='ltr'><strong>aqua,</strong></span> <span class='ocrx_word' id='word_1_123' title='bbox 1205 1123 1370 1185; x_wconf 90' lang='lat' dir='ltr'><strong>potus</strong></span> <span class='ocrx_word' id='word_1_124' title='bbox 1397 1123 1483 1170; x_wconf 92' lang='lat' dir='ltr'><strong>est</strong></span> <span class='ocrx_word' id='word_1_125' title='bbox 1511 1115 1740 1170; x_wconf 82' lang='lat' dir='ltr'><strong>fratrum</strong></span> <span class='ocrx_word' id='word_1_126' title='bbox 1783 1126 2052 1187; x_wconf 82' lang='lat' dir='ltr'><strong>perpetqu</strong></span> 
     </span>
    </p>
   </div>
   <div class='ocr_carea' id='block_1_17' title="bbox 2256 1108 3786 1187">
    <p class='ocr_par' dir='ltr' id='par_1_17' title="bbox 2256 1108 3786 1185">
     <span class='ocr_line' id='line_1_17' title="bbox 2256 1108 3786 1185; baseline 0.003 -21"><span class='ocrx_word' id='word_1_127' title='bbox 2256 1111 2332 1165; x_wconf 82' lang='grc' dir='ltr'>&gt;ὸν</span> <span class='ocrx_word' id='word_1_128' title='bbox 2361 1113 2619 1184; x_wconf 81' lang='grc' dir='ltr'>ποτήριον</span> <span class='ocrx_word' id='word_1_129' title='bbox 2658 1110 2752 1165; x_wconf 82' lang='grc' dir='ltr'>τοῦ</span> <span class='ocrx_word' id='word_1_130' title='bbox 2781 1111 2948 1177; x_wconf 76' lang='grc' dir='ltr'>οἴνου,</span> <span class='ocrx_word' id='word_1_131' title='bbox 2993 1112 3095 1181; x_wconf 81' lang='grc' dir='ltr'>τῆς</span> <span class='ocrx_word' id='word_1_132' title='bbox 3132 1114 3355 1184; x_wconf 84' lang='grc' dir='ltr'><strong>ἀγάπης</strong></span> <span class='ocrx_word' id='word_1_133' title='bbox 3381 1108 3481 1185; x_wconf 78' lang='grc' dir='ltr'><strong>ἦν’</strong></span> <span class='ocrx_word' id='word_1_134' title='bbox 3513 1115 3683 1168; x_wconf 77' lang='grc' dir='ltr'>τοῦτο</span> <span class='ocrx_word' id='word_1_135' title='bbox 3729 1116 3786 1169; x_wconf 86' lang='grc' dir='ltr'>δὲ</span> 
     </span>
    </p>
   </div>
   <div class='ocr_carea' id='block_1_18' title="bbox 523 1203 2053 1292">
    <p class='ocr_par' dir='ltr' id='par_1_18' title="bbox 523 1208 2053 1280">
     <span class='ocr_line' id='line_1_18' title="bbox 523 1208 2053 1280; baseline 0.002 -19"><span class='ocrx_word' id='word_1_136' title='bbox 523 1212 700 1279; x_wconf 83' lang='lat' dir='ltr'><strong>Atque</strong></span> <span class='ocrx_word' id='word_1_137' title='bbox 737 1208 924 1263; x_wconf 87' lang='lat' dir='ltr'><strong>docuit</strong></span> <span class='ocrx_word' id='word_1_138' title='bbox 951 1223 1075 1264; x_wconf 89' lang='lat' dir='ltr'><strong>eum</strong></span> <span class='ocrx_word' id='word_1_139' title='bbox 1113 1208 1497 1264; x_wconf 88' lang='lat' dir='ltr'><strong>discretionem</strong></span> <span class='ocrx_word' id='word_1_140' title='bbox 1533 1210 1954 1280; x_wconf 78' lang='lat' dir='ltr'><strong>cogitationum;</strong></span> <span class='ocrx_word' id='word_1_141' title='bbox 2002 1210 2053 1264; x_wconf 90' lang='lat' dir='ltr'><strong>al</strong></span> 
     </span>
    </p>
   </div>
   <div class='ocr_carea' id='block_1_19' title="bbox 2257 1203 3787 1292">
    <p class='ocr_par' dir='ltr' id='par_1_19' title="bbox 2257 1203 3787 1292">
     <span class='ocr_line' id='line_1_19' title="bbox 2257 1203 3787 1292; baseline 0.002 -35"><span class='ocrx_word' id='word_1_142' title='bbox 2257 1230 2260 1250; x_wconf 70' lang='grc' dir='ltr'><strong>ι</strong></span> <span class='ocrx_word' id='word_1_143' title='bbox 2283 1203 2446 1275; x_wconf 81' lang='grc' dir='ltr'>ὓδωρ,</span> <span class='ocrx_word' id='word_1_144' title='bbox 2467 1204 2496 1256; x_wconf 82' lang='grc' dir='ltr'><strong>ὃ</strong></span> <span class='ocrx_word' id='word_1_145' title='bbox 2523 1203 2770 1258; x_wconf 81' lang='grc' dir='ltr'><strong>πίνουσιν</strong></span> <span class='ocrx_word' id='word_1_146' title='bbox 2793 1206 2843 1257; x_wconf 90' lang='grc' dir='ltr'>οἱ</span> <span class='ocrx_word' id='word_1_147' title='bbox 2877 1204 3100 1274; x_wconf 81' lang='grc' dir='ltr'>ἀδελφοὶ</span> <span class='ocrx_word' id='word_1_148' title='bbox 3125 1204 3436 1268; x_wconf 88' lang='grc' dir='ltr'>διαπαντός.</span> <span class='ocrx_word' id='word_1_149' title='bbox 3472 1205 3579 1292; x_wconf 71' lang='lat' dir='ltr'><strong>Kal.</strong></span> <span class='ocrx_word' id='word_1_150' title='bbox 3606 1207 3787 1260; x_wconf 74' lang='grc' dir='ltr'>ἐδίδα-</span> 
     </span>
    </p>
   </div>
   <div class='ocr_carea' id='block_1_20' title="bbox 525 1295 2055 1369">
    <p class='ocr_par' dir='ltr' id='par_1_20' title="bbox 525 1298 2054 1369">
     <span class='ocr_line' id='line_1_20' title="bbox 525 1298 2054 1369; baseline 0 -15"><span class='ocrx_word' id='word_1_151' title='bbox 525 1298 797 1369; x_wconf 90' lang='lat' dir='ltr'><strong>sciditque</strong></span> <span class='ocrx_word' id='word_1_152' title='bbox 848 1298 918 1354; x_wconf 90' lang='lat' dir='ltr'><strong>ab</strong></span> <span class='ocrx_word' id='word_1_153' title='bbox 956 1298 1076 1369; x_wconf 92' lang='lat' dir='ltr'><strong>ipso</strong></span> <span class='ocrx_word' id='word_1_154' title='bbox 1125 1299 1360 1353; x_wconf 89' lang='lat' dir='ltr'><strong>humana</strong></span> <span class='ocrx_word' id='word_1_155' title='bbox 1397 1299 1600 1354; x_wconf 87' lang='lat' dir='ltr'><strong>omnia.</strong></span> <span class='ocrx_word' id='word_1_156' title='bbox 1640 1299 1778 1355; x_wconf 87' lang='lat' dir='ltr'><strong>Tum</strong></span> <span class='ocrx_word' id='word_1_157' title='bbox 1827 1300 2000 1356; x_wconf 84' lang='lat' dir='ltr'><strong>evasit</strong></span> <span class='ocrx_word' id='word_1_158' title='bbox 2041 1300 2054 1354; x_wconf 97' lang='lat' dir='ltr'><strong>i</strong></span> 
     </span>
    </p>
   </div>
   <div class='ocr_carea' id='block_1_21' title="bbox 2257 1295 3787 1369">
    <p class='ocr_par' dir='ltr' id='par_1_21' title="bbox 2261 1295 3787 1368">
     <span class='ocr_line' id='line_1_21' title="bbox 2261 1295 3787 1368; baseline 0.001 -19"><span class='ocrx_word' id='word_1_159' title='bbox 2261 1313 2290 1349; x_wconf 92' lang='grc' dir='ltr'><strong>ν</strong></span> <span class='ocrx_word' id='word_1_160' title='bbox 2325 1297 2490 1350; x_wconf 82' lang='grc' dir='ltr'>αὐτὸν</span> <span class='ocrx_word' id='word_1_161' title='bbox 2519 1297 2618 1368; x_wconf 79' lang='grc' dir='ltr'><strong>τὴν</strong></span> <span class='ocrx_word' id='word_1_162' title='bbox 2658 1295 2936 1366; x_wconf 84' lang='grc' dir='ltr'>διάκρισιν</span> <span class='ocrx_word' id='word_1_163' title='bbox 2977 1295 3088 1349; x_wconf 89' lang='grc' dir='ltr'><strong>τῶν</strong></span> <span class='ocrx_word' id='word_1_164' title='bbox 3114 1295 3409 1366; x_wconf 83' lang='grc' dir='ltr'>λογισμῶν,</span> <span class='ocrx_word' id='word_1_165' title='bbox 3453 1297 3550 1351; x_wconf 75' lang='grc' dir='ltr'>καὶ</span> <span class='ocrx_word' id='word_1_166' title='bbox 3583 1297 3787 1367; x_wconf 70' lang='grc' dir='ltr'>ἔκοψεν</span> 
     </span>
    </p>
   </div>
   <div class='ocr_carea' id='block_1_22' title="bbox 523 1386 2053 1464">
    <p class='ocr_par' dir='ltr' id='par_1_22' title="bbox 523 1393 2053 1464">
     <span class='ocr_line' id='line_1_22' title="bbox 523 1393 2053 1464; baseline 0 -16"><span class='ocrx_word' id='word_1_167' title='bbox 523 1395 825 1449; x_wconf 69' lang='grc' dir='ltr'>ωεοηοπιὶιι</span> <span class='ocrx_word' id='word_1_168' title='bbox 857 1410 953 1450; x_wconf 91' lang='lat' dir='ltr'><strong>seu</strong></span> <span class='ocrx_word' id='word_1_169' title='bbox 987 1393 1404 1464; x_wconf 87' lang='lat' dir='ltr'><strong>dispensatione</strong></span> <span class='ocrx_word' id='word_1_170' title='bbox 1449 1394 1658 1464; x_wconf 90' lang='lat' dir='ltr'><strong>peritus</strong></span> <span class='ocrx_word' id='word_1_171' title='bbox 1693 1412 1706 1450; x_wconf 91' lang='lat'><strong>:</strong></span> <span class='ocrx_word' id='word_1_172' title='bbox 1739 1409 1802 1449; x_wconf 86' lang='lat' dir='ltr'><strong>ac</strong></span> <span class='ocrx_word' id='word_1_173' title='bbox 1843 1394 2053 1464; x_wconf 71' lang='lat' dir='ltr'><strong>deinec;</strong></span> 
     </span>
    </p>
   </div>
   <div class='ocr_carea' id='block_1_23' title="bbox 2257 1386 3787 1464">
    <p class='ocr_par' dir='ltr' id='par_1_23' title="bbox 2257 1387 3787 1460">
     <span class='ocr_line' id='line_1_23' title="bbox 2257 1387 3787 1460; baseline 0.002 -21"><span class='ocrx_word' id='word_1_174' title='bbox 2257 1388 2294 1439; x_wconf 83' lang='grc' dir='ltr'>τ’</span> <span class='ocrx_word' id='word_1_175' title='bbox 2320 1388 2485 1443; x_wconf 84' lang='grc' dir='ltr'>αὐτοῦ</span> <span class='ocrx_word' id='word_1_176' title='bbox 2513 1389 2692 1443; x_wconf 86' lang='grc' dir='ltr'>πάντα</span> <span class='ocrx_word' id='word_1_177' title='bbox 2714 1389 2783 1442; x_wconf 78' lang='grc' dir='ltr'><strong>τά</strong></span> <span class='ocrx_word' id='word_1_178' title='bbox 2811 1387 3150 1460; x_wconf 85' lang='grc' dir='ltr'>ἀνθρώπινα.</span> <span class='ocrx_word' id='word_1_179' title='bbox 3187 1389 3301 1442; x_wconf 84' lang='grc' dir='ltr'><strong>Καὶ</strong></span> <span class='ocrx_word' id='word_1_180' title='bbox 3324 1389 3547 1457; x_wconf 87' lang='grc' dir='ltr'>γέγονεν</span> <span class='ocrx_word' id='word_1_181' title='bbox 3570 1391 3787 1442; x_wconf 71' lang='grc' dir='ltr'>οἰκονο-</span> 
     </span>
    </p>
   </div>
   <div class='ocr_carea' id='block_1_24' title="bbox 520 1481 2050 1555">
    <p class='ocr_par' dir='ltr' id='par_1_24' title="bbox 520 1483 2050 1555">
     <span class='ocr_line' id='line_1_24' title="bbox 520 1483 2050 1555; baseline 0.002 -19"><span class='ocrx_word' id='word_1_182' title='bbox 520 1484 841 1539; x_wconf 74' lang='lat' dir='ltr'><strong>comedebat</strong></span> <span class='ocrx_word' id='word_1_183' title='bbox 871 1483 1136 1555; x_wconf 89' lang='lat' dir='ltr'><strong>quidquid</strong></span> <span class='ocrx_word' id='word_1_184' title='bbox 1169 1483 1273 1552; x_wconf 88' lang='lat' dir='ltr'><strong>ipsi</strong></span> <span class='ocrx_word' id='word_1_185' title='bbox 1303 1483 1699 1554; x_wconf 81' lang='lat' dir='ltr'><strong>apponebatur.</strong></span> <span class='ocrx_word' id='word_1_186' title='bbox 1733 1483 1931 1539; x_wconf 90' lang='lat' dir='ltr'><strong>Didicit</strong></span> <span class='ocrx_word' id='word_1_187' title='bbox 1952 1499 2050 1555; x_wconf 90' lang='lat' dir='ltr'><strong>par</strong></span> 
     </span>
    </p>
   </div>
   <div class='ocr_carea' id='block_1_25' title="bbox 2259 1481 3789 1555">
    <p class='ocr_par' dir='ltr' id='par_1_25' title="bbox 2259 1481 3789 1552">
     <span class='ocr_line' id='line_1_25' title="bbox 2259 1481 3789 1552; baseline 0 -17"><span class='ocrx_word' id='word_1_188' title='bbox 2259 1482 2362 1544; x_wconf 70' lang='lat' dir='ltr'><strong>Lxdc;</strong></span> <span class='ocrx_word' id='word_1_189' title='bbox 2385 1481 2428 1513; x_wconf 83' lang='lat'><strong>&quot;</strong></span> <span class='ocrx_word' id='word_1_190' title='bbox 2463 1481 2576 1552; x_wconf 69' lang='lat'><strong>(29)</strong></span> <span class='ocrx_word' id='word_1_191' title='bbox 2597 1498 2612 1512; x_wconf 73' lang='grc' dir='ltr'><strong>ο</strong></span> <span class='ocrx_word' id='word_1_192' title='bbox 2648 1482 2740 1535; x_wconf 75' lang='grc' dir='ltr'><strong>καὶ</strong></span> <span class='ocrx_word' id='word_1_193' title='bbox 2775 1481 2961 1534; x_wconf 78' lang='grc' dir='ltr'>λοιπὸν</span> <span class='ocrx_word' id='word_1_194' title='bbox 2991 1481 3145 1552; x_wconf 75' lang='grc' dir='ltr'>ἧσθιε</span> <span class='ocrx_word' id='word_1_195' title='bbox 3179 1481 3354 1534; x_wconf 86' lang='grc' dir='ltr'>πάντα</span> <span class='ocrx_word' id='word_1_196' title='bbox 3381 1481 3449 1535; x_wconf 86' lang='grc' dir='ltr'><strong>τά</strong></span> <span class='ocrx_word' id='word_1_197' title='bbox 3481 1481 3789 1551; x_wconf 80' lang='grc' dir='ltr'>παρατιθέ-</span> 
     </span>
    </p>
   </div>
   <div class='ocr_carea' id='block_1_26' title="bbox 521 1572 2051 1647">
    <p class='ocr_par' dir='ltr' id='par_1_26' title="bbox 521 1573 2051 1647">
     <span class='ocr_line' id='line_1_26' title="bbox 521 1573 2051 1647; baseline 0.003 -20"><span class='ocrx_word' id='word_1_198' title='bbox 521 1585 624 1638; x_wconf 92' lang='lat' dir='ltr'><strong>ter,</strong></span> <span class='ocrx_word' id='word_1_199' title='bbox 660 1575 773 1646; x_wconf 90' lang='lat' dir='ltr'><strong>ipse</strong></span> <span class='ocrx_word' id='word_1_200' title='bbox 809 1592 1026 1647; x_wconf 88' lang='lat' dir='ltr'><strong>quoque</strong></span> <span class='ocrx_word' id='word_1_201' title='bbox 1053 1575 1268 1646; x_wconf 83' lang='lat' dir='ltr'><strong>Operari</strong></span> <span class='ocrx_word' id='word_1_202' title='bbox 1318 1573 1375 1630; x_wconf 90' lang='lat' dir='ltr'><strong>in</strong></span> <span class='ocrx_word' id='word_1_203' title='bbox 1415 1576 1652 1631; x_wconf 91' lang='lat' dir='ltr'><strong>occulto.</strong></span> <span class='ocrx_word' id='word_1_204' title='bbox 1684 1574 1925 1633; x_wconf 86' lang='lat' dir='ltr'><strong>Tandem</strong></span> <span class='ocrx_word' id='word_1_205' title='bbox 1979 1592 2051 1633; x_wconf 78' lang='lat' dir='ltr'><strong>sei</strong></span> 
     </span>
    </p>
   </div>
   <div class='ocr_carea' id='block_1_27' title="bbox 2257 1572 3787 1647">
    <p class='ocr_par' dir='ltr' id='par_1_27' title="bbox 2257 1572 3787 1646">
     <span class='ocr_line' id='line_1_27' title="bbox 2257 1572 3787 1646; baseline -0.001 -18"><span class='ocrx_word' id='word_1_206' title='bbox 2257 1591 2362 1640; x_wconf 80' lang='grc' dir='ltr'>ενα,</span> <span class='ocrx_word' id='word_1_207' title='bbox 2388 1574 2483 1628; x_wconf 77' lang='grc' dir='ltr'><strong>καὶ</strong></span> <span class='ocrx_word' id='word_1_208' title='bbox 2498 1572 2670 1644; x_wconf 72' lang='grc' dir='ltr'>ἔμαθε</span> <span class='ocrx_word' id='word_1_209' title='bbox 2696 1572 2791 1627; x_wconf 72' lang='grc' dir='ltr'><strong>καὶ</strong></span> <span class='ocrx_word' id='word_1_210' title='bbox 2810 1573 2974 1637; x_wconf 84' lang='grc' dir='ltr'>αὐτὸς</span> <span class='ocrx_word' id='word_1_211' title='bbox 2996 1575 3055 1627; x_wconf 84' lang='grc' dir='ltr'>ὲν</span> <span class='ocrx_word' id='word_1_212' title='bbox 3076 1572 3154 1643; x_wconf 83' lang='grc' dir='ltr'>τῷ</span> <span class='ocrx_word' id='word_1_213' title='bbox 3175 1573 3402 1644; x_wconf 83' lang='grc' dir='ltr'>κρυπτῷ</span> <span class='ocrx_word' id='word_1_214' title='bbox 3423 1574 3741 1646; x_wconf 70' lang='grc' dir='ltr'>ἐργάζευ-θα</span> <span class='ocrx_word' id='word_1_215' title='bbox 3751 1593 3787 1638; x_wconf 91' lang='grc' dir='ltr'><strong>ι,</strong></span> 
     </span>
    </p>
   </div>
   <div class='ocr_carea' id='block_1_28' title="bbox 521 1660 2051 1737">
    <p class='ocr_par' dir='ltr' id='par_1_28' title="bbox 521 1667 2051 1734">
     <span class='ocr_line' id='line_1_28' title="bbox 521 1667 2051 1734; baseline 0.003 -14"><span class='ocrx_word' id='word_1_216' title='bbox 521 1667 836 1734; x_wconf 81' lang='lat' dir='ltr'><strong>affirmavit,</strong></span> <span class='ocrx_word' id='word_1_217' title='bbox 870 1685 1054 1726; x_wconf 84' lang='lat' dir='ltr'><strong>veram</strong></span> <span class='ocrx_word' id='word_1_218' title='bbox 1097 1686 1221 1727; x_wconf 83' lang='lat' dir='ltr'><strong>esse</strong></span> <span class='ocrx_word' id='word_1_219' title='bbox 1269 1686 1334 1726; x_wconf 91' lang='lat' dir='ltr'><strong>ac</strong></span> <span class='ocrx_word' id='word_1_220' title='bbox 1362 1669 1586 1725; x_wconf 85' lang='lat' dir='ltr'><strong>minime</strong></span> <span class='ocrx_word' id='word_1_221' title='bbox 1622 1669 1871 1726; x_wconf 79' lang='lat' dir='ltr'><strong>fallacem</strong></span> <span class='ocrx_word' id='word_1_222' title='bbox 1903 1684 2051 1726; x_wconf 78' lang='lat' dir='ltr'><strong>eorui</strong></span> 
     </span>
    </p>
   </div>
   <div class='ocr_carea' id='block_1_29' title="bbox 2261 1660 3791 1737">
    <p class='ocr_par' dir='ltr' id='par_1_29' title="bbox 2261 1660 3791 1737">
     <span class='ocr_line' id='line_1_29' title="bbox 2261 1660 3791 1737; baseline 0 -19"><span class='ocrx_word' id='word_1_223' title='bbox 2261 1665 2298 1718; x_wconf 75' lang='grc' dir='ltr'><strong>ιὶ</strong></span> <span class='ocrx_word' id='word_1_224' title='bbox 2331 1660 2451 1718; x_wconf 77' lang='grc' dir='ltr'>εἷπε</span> <span class='ocrx_word' id='word_1_225' title='bbox 2476 1663 2556 1735; x_wconf 84' lang='grc' dir='ltr'>τῷ</span> <span class='ocrx_word' id='word_1_226' title='bbox 2587 1663 2834 1737; x_wconf 80' lang='grc' dir='ltr'>γέροντιο</span> <span class='ocrx_word' id='word_1_227' title='bbox 2873 1665 3079 1728; x_wconf 86' lang='grc' dir='ltr'>Ὄντως</span> <span class='ocrx_word' id='word_1_228' title='bbox 3108 1665 3166 1718; x_wconf 76' lang='grc' dir='ltr'>ὲν</span> <span class='ocrx_word' id='word_1_229' title='bbox 3193 1663 3419 1735; x_wconf 80' lang='grc' dir='ltr'>ἀληθείᾳ</span> <span class='ocrx_word' id='word_1_230' title='bbox 3445 1665 3596 1718; x_wconf 64' lang='grc' dir='ltr'>ἐστὶν</span> <span class='ocrx_word' id='word_1_231' title='bbox 3621 1667 3658 1736; x_wconf 81' lang='grc' dir='ltr'>ἡ</span> <span class='ocrx_word' id='word_1_232' title='bbox 3699 1667 3791 1737; x_wconf 82' lang='grc' dir='ltr'><strong>ὲρ-</strong></span> 
     </span>
    </p>
   </div>
   <div class='ocr_carea' id='block_1_30' title="bbox 523 1757 2053 1834">
    <p class='ocr_par' dir='ltr' id='par_1_30' title="bbox 523 1763 915 1834">
     <span class='ocr_line' id='line_1_30' title="bbox 523 1763 915 1834; baseline -0.01 -14"><span class='ocrx_word' id='word_1_233' title='bbox 523 1763 915 1834; x_wconf 86' lang='lat' dir='ltr'><strong>operationem.</strong></span> 
     </span>
    </p>
   </div>
   <div class='ocr_carea' id='block_1_31' title="bbox 1477 1757 3007 1834">
    <p class='ocr_par' dir='ltr' id='par_1_31' title="bbox 2126 1757 3007 1834">
     <span class='ocr_line' id='line_1_31' title="bbox 2126 1757 3007 1834; baseline 0.006 -25"><span class='ocrx_word' id='word_1_234' title='bbox 2126 1829 2161 1834; x_wconf 73' lang='lat'><strong><em>_</em></strong></span> <span class='ocrx_word' id='word_1_235' title='bbox 2197 1757 2364 1827; x_wconf 88' lang='grc' dir='ltr'>γασία</span> <span class='ocrx_word' id='word_1_236' title='bbox 2390 1757 2567 1828; x_wconf 85' lang='grc' dir='ltr'>ὑμῶν.</span> <span class='ocrx_word' id='word_1_237' title='bbox 3003 1780 3007 1786; x_wconf 62' lang='grc' dir='ltr'><strong>ί</strong></span> 
     </span>
    </p>
   </div>
   <div class='ocr_carea' id='block_1_32' title="bbox 1013 1829 2543 1946">
    <p class='ocr_par' dir='ltr' id='par_1_32' title="bbox 1013 1829 2174 1946">
     <span class='ocr_line' id='line_1_32' title="bbox 1013 1829 2174 1946; baseline 0.001 -18"><span class='ocrx_word' id='word_1_238' title='bbox 1013 1875 1090 1929; x_wconf 86' lang='lat' dir='ltr'><strong>De</strong></span> <span class='ocrx_word' id='word_1_239' title='bbox 1117 1875 1305 1930; x_wconf 79' lang='lat' dir='ltr'><strong>abbate</strong></span> <span class='ocrx_word' id='word_1_240' title='bbox 1330 1873 1612 1946; x_wconf 78' lang='lat' dir='ltr'><strong>Euprepio.</strong></span> <span class='ocrx_word' id='word_1_241' title='bbox 2124 1829 2174 1890; x_wconf 72' lang='grc' dir='ltr'><strong>Β</strong></span> 
     </span>
    </p>
   </div>
   <div class='ocr_carea' id='block_1_33' title="bbox 1887 1829 3417 1946">
    <p class='ocr_par' dir='ltr' id='par_1_33' title="bbox 2124 1829 3417 1940">
     <span class='ocr_line' id='line_1_33' title="bbox 2124 1829 3417 1940; baseline -0.002 -15"><span class='ocrx_word' id='word_1_242' title='bbox 2124 1829 2174 1890; x_wconf 72' lang='grc' dir='ltr'><strong>Β</strong></span> <span class='ocrx_word' id='word_1_243' title='bbox 2559 1870 2704 1940; x_wconf 77' lang='grc' dir='ltr'>Περὶ</span> <span class='ocrx_word' id='word_1_244' title='bbox 2739 1869 2846 1925; x_wconf 81' lang='grc' dir='ltr'>τοῦ</span> <span class='ocrx_word' id='word_1_245' title='bbox 2873 1868 3024 1926; x_wconf 81' lang='grc' dir='ltr'><strong>ὰϐὄᾶ</strong></span> <span class='ocrx_word' id='word_1_246' title='bbox 3057 1869 3417 1938; x_wconf 79' lang='grc' dir='ltr'>Εὐπρεπίου.</span> 
     </span>
    </p>
   </div>
   <div class='ocr_carea' id='block_1_34' title="bbox 595 1961 2125 2044">
    <p class='ocr_par' dir='ltr' id='par_1_34' title="bbox 595 1966 2094 2044">
     <span class='ocr_line' id='line_1_34' title="bbox 595 1966 2094 2044; baseline 0.005 -25"><span class='ocrx_word' id='word_1_247' title='bbox 595 1967 648 2020; x_wconf 79' lang='grc'>1.</span> <span class='ocrx_word' id='word_1_248' title='bbox 678 1966 823 2022; x_wconf 83' lang='lat' dir='ltr'><strong>Dixit</strong></span> <span class='ocrx_word' id='word_1_249' title='bbox 850 1968 1018 2025; x_wconf 82' lang='lat' dir='ltr'><strong>abbas</strong></span> <span class='ocrx_word' id='word_1_250' title='bbox 1041 1969 1351 2041; x_wconf 86' lang='lat' dir='ltr'><strong>Euprepius</strong></span> <span class='ocrx_word' id='word_1_251' title='bbox 1383 1989 1397 2027; x_wconf 91' lang='lat'><strong>:</strong></span> <span class='ocrx_word' id='word_1_252' title='bbox 1434 1972 1632 2027; x_wconf 86' lang='lat' dir='ltr'><strong>Certus</strong></span> <span class='ocrx_word' id='word_1_253' title='bbox 1667 1972 1811 2044; x_wconf 86' lang='lat' dir='ltr'><strong>apud</strong></span> <span class='ocrx_word' id='word_1_254' title='bbox 1847 1983 1900 2030; x_wconf 91' lang='lat' dir='ltr'><strong>te</strong></span> <span class='ocrx_word' id='word_1_255' title='bbox 1925 1973 2094 2029; x_wconf 90' lang='lat' dir='ltr'><strong>Deum</strong></span> 
     </span>
    </p>
   </div>
   <div class='ocr_carea' id='block_1_35' title="bbox 2257 1961 3787 2044">
    <p class='ocr_par' dir='ltr' id='par_1_35' title="bbox 2267 1961 3787 2036">
     <span class='ocr_line' id='line_1_35' title="bbox 2267 1961 3787 2036; baseline -0.001 -20"><span class='ocrx_word' id='word_1_256' title='bbox 2267 1969 2336 2017; x_wconf 89' lang='lat' dir='ltr'><strong>a&#39;.</strong></span> <span class='ocrx_word' id='word_1_257' title='bbox 2383 1961 2550 2018; x_wconf 76' lang='grc' dir='ltr'>Εἴπεν</span> <span class='ocrx_word' id='word_1_258' title='bbox 2581 1965 2609 2016; x_wconf 94' lang='lat'><strong>6</strong></span> <span class='ocrx_word' id='word_1_259' title='bbox 2643 1963 2818 2027; x_wconf 86' lang='grc' dir='ltr'>άϐϐἄς</span> <span class='ocrx_word' id='word_1_260' title='bbox 2865 1963 3209 2036; x_wconf 81' lang='grc' dir='ltr'>Εὐπρέπιος·</span> <span class='ocrx_word' id='word_1_261' title='bbox 3248 1963 3446 2033; x_wconf 83' lang='grc' dir='ltr'>Ἕχων,</span> <span class='ocrx_word' id='word_1_262' title='bbox 3485 1961 3683 2034; x_wconf 65' lang='grc' dir='ltr'>φησιν,</span> <span class='ocrx_word' id='word_1_263' title='bbox 3730 1962 3787 2015; x_wconf 83' lang='grc' dir='ltr'>ὲν</span> 
     </span>
    </p>
   </div>
   <div class='ocr_carea' id='block_1_36' title="bbox 521 2052 2051 2136">
    <p class='ocr_par' dir='ltr' id='par_1_36' title="bbox 521 2055 2051 2136">
     <span class='ocr_line' id='line_1_36' title="bbox 521 2055 2051 2136; baseline 0.006 -27"><span class='ocrx_word' id='word_1_264' title='bbox 521 2055 737 2112; x_wconf 83' lang='lat' dir='ltr'><strong>fidelem</strong></span> <span class='ocrx_word' id='word_1_265' title='bbox 780 2073 902 2114; x_wconf 88' lang='lat' dir='ltr'><strong>esse</strong></span> <span class='ocrx_word' id='word_1_266' title='bbox 931 2075 995 2114; x_wconf 87' lang='lat' dir='ltr'><strong>ac</strong></span> <span class='ocrx_word' id='word_1_267' title='bbox 1021 2068 1324 2130; x_wconf 84' lang='lat' dir='ltr'><strong>potentem,</strong></span> <span class='ocrx_word' id='word_1_268' title='bbox 1356 2062 1411 2117; x_wconf 91' lang='lat' dir='ltr'><strong>in</strong></span> <span class='ocrx_word' id='word_1_269' title='bbox 1450 2063 1600 2117; x_wconf 89' lang='lat' dir='ltr'><strong>illum</strong></span> <span class='ocrx_word' id='word_1_270' title='bbox 1634 2065 1816 2128; x_wconf 89' lang='lat' dir='ltr'><strong>crede,</strong></span> <span class='ocrx_word' id='word_1_271' title='bbox 1847 2073 1900 2118; x_wconf 88' lang='lat' dir='ltr'><strong>et</strong></span> <span class='ocrx_word' id='word_1_272' title='bbox 1923 2065 2051 2136; x_wconf 89' lang='lat' dir='ltr'><strong>parti</strong></span> 
     </span>
    </p>
   </div>
   <div class='ocr_carea' id='block_1_37' title="bbox 2257 2052 3787 2136">
    <p class='ocr_par' dir='ltr' id='par_1_37' title="bbox 2257 2052 3787 2128">
     <span class='ocr_line' id='line_1_37' title="bbox 2257 2052 3787 2128; baseline 0.001 -21"><span class='ocrx_word' id='word_1_273' title='bbox 2257 2055 2397 2128; x_wconf 71' lang='grc' dir='ltr'>ιυτῷ,</span> <span class='ocrx_word' id='word_1_274' title='bbox 2445 2052 2586 2110; x_wconf 71' lang='grc' dir='ltr'>εἶναι</span> <span class='ocrx_word' id='word_1_275' title='bbox 2629 2056 2818 2110; x_wconf 83' lang='grc' dir='ltr'>πιστὸν</span> <span class='ocrx_word' id='word_1_276' title='bbox 2846 2056 2938 2111; x_wconf 85' lang='grc' dir='ltr'><strong>τὸν</strong></span> <span class='ocrx_word' id='word_1_277' title='bbox 2966 2056 3097 2111; x_wconf 76' lang='grc' dir='ltr'>Θεὸν</span> <span class='ocrx_word' id='word_1_278' title='bbox 3133 2056 3225 2110; x_wconf 73' lang='grc' dir='ltr'><strong>καὶ</strong></span> <span class='ocrx_word' id='word_1_279' title='bbox 3265 2055 3504 2118; x_wconf 80' lang='grc' dir='ltr'>δυνατὸν,</span> <span class='ocrx_word' id='word_1_280' title='bbox 3553 2056 3787 2109; x_wconf 85' lang='grc' dir='ltr'>πίστευε</span> 
     </span>
    </p>
   </div>
   <div class='ocr_carea' id='block_1_38' title="bbox 520 2145 2050 2223">
    <p class='ocr_par' dir='ltr' id='par_1_38' title="bbox 520 2149 2050 2223">
     <span class='ocr_line' id='line_1_38' title="bbox 520 2149 2050 2223; baseline 0.007 -20"><span class='ocrx_word' id='word_1_281' title='bbox 520 2164 650 2219; x_wconf 87' lang='lat' dir='ltr'><strong>ceps</strong></span> <span class='ocrx_word' id='word_1_282' title='bbox 675 2149 772 2206; x_wconf 83' lang='lat' dir='ltr'><strong>fies</strong></span> <span class='ocrx_word' id='word_1_283' title='bbox 799 2166 989 2206; x_wconf 90' lang='lat' dir='ltr'><strong>eorum</strong></span> <span class='ocrx_word' id='word_1_284' title='bbox 1016 2169 1137 2223; x_wconf 69' lang='lat' dir='ltr'><strong>qua:</strong></span> <span class='ocrx_word' id='word_1_285' title='bbox 1161 2153 1310 2211; x_wconf 92' lang='lat' dir='ltr'><strong>illius</strong></span> <span class='ocrx_word' id='word_1_286' title='bbox 1343 2163 1492 2209; x_wconf 90' lang='lat' dir='ltr'><strong>sunt.</strong></span> <span class='ocrx_word' id='word_1_287' title='bbox 1526 2155 1684 2221; x_wconf 86' lang='lat' dir='ltr'><strong>Quod</strong></span> <span class='ocrx_word' id='word_1_288' title='bbox 1711 2157 1757 2210; x_wconf 90' lang='lat' dir='ltr'><strong>si</strong></span> <span class='ocrx_word' id='word_1_289' title='bbox 1790 2157 1978 2212; x_wconf 90' lang='lat' dir='ltr'><strong>animo</strong></span> <span class='ocrx_word' id='word_1_290' title='bbox 2001 2159 2050 2213; x_wconf 82' lang='lat' dir='ltr'><strong>dt</strong></span> 
     </span>
    </p>
   </div>
   <div class='ocr_carea' id='block_1_39' title="bbox 2257 2145 3787 2223">
    <p class='ocr_par' dir='ltr' id='par_1_39' title="bbox 2257 2145 3787 2218">
     <span class='ocr_line' id='line_1_39' title="bbox 2257 2145 3787 2218; baseline 0 -18"><span class='ocrx_word' id='word_1_291' title='bbox 2257 2165 2280 2212; x_wconf 83' lang='grc' dir='ltr'><strong>ς</strong></span> <span class='ocrx_word' id='word_1_292' title='bbox 2311 2147 2494 2212; x_wconf 81' lang='grc' dir='ltr'>αὐτὸν,</span> <span class='ocrx_word' id='word_1_293' title='bbox 2526 2148 2622 2202; x_wconf 71' lang='grc' dir='ltr'>καὶ</span> <span class='ocrx_word' id='word_1_294' title='bbox 2660 2147 2907 2218; x_wconf 81' lang='grc' dir='ltr'>μεθέξεις</span> <span class='ocrx_word' id='word_1_295' title='bbox 2935 2147 3043 2201; x_wconf 90' lang='grc' dir='ltr'><strong>τῶν</strong></span> <span class='ocrx_word' id='word_1_296' title='bbox 3070 2145 3257 2202; x_wconf 79' lang='grc' dir='ltr'>αὑτοῦ.</span> <span class='ocrx_word' id='word_1_297' title='bbox 3297 2147 3358 2200; x_wconf 80' lang='grc' dir='ltr'><strong>Εἰ</strong></span> <span class='ocrx_word' id='word_1_298' title='bbox 3379 2145 3434 2199; x_wconf 84' lang='grc' dir='ltr'><strong>δὲ</strong></span> <span class='ocrx_word' id='word_1_299' title='bbox 3465 2146 3787 2218; x_wconf 79' lang='grc' dir='ltr'>ὀλιγωρεῖς,</span> 
     </span>
    </p>
   </div>
   <div class='ocr_carea' id='block_1_40' title="bbox 516 2237 2046 2313">
    <p class='ocr_par' dir='ltr' id='par_1_40' title="bbox 516 2239 2046 2313">
     <span class='ocr_line' id='line_1_40' title="bbox 516 2239 2046 2313; baseline 0.007 -20"><span class='ocrx_word' id='word_1_300' title='bbox 516 2239 724 2308; x_wconf 77' lang='lat' dir='ltr'><strong>jieeris,</strong></span> <span class='ocrx_word' id='word_1_301' title='bbox 756 2257 1099 2313; x_wconf 87' lang='lat' dir='ltr'><strong>nequaquam</strong></span> <span class='ocrx_word' id='word_1_302' title='bbox 1139 2244 1343 2303; x_wconf 87' lang='lat' dir='ltr'><strong>credis.</strong></span> <span class='ocrx_word' id='word_1_303' title='bbox 1377 2247 1507 2301; x_wconf 86' lang='lat' dir='ltr'><strong>item</strong></span> <span class='ocrx_word' id='word_1_304' title='bbox 1546 2265 1559 2300; x_wconf 92' lang='lat'><strong>:</strong></span> <span class='ocrx_word' id='word_1_305' title='bbox 1587 2247 1789 2303; x_wconf 86' lang='lat' dir='ltr'><strong>Omnes</strong></span> <span class='ocrx_word' id='word_1_306' title='bbox 1821 2249 2046 2304; x_wconf 78' lang='lat' dir='ltr'><strong>credimt</strong></span> 
     </span>
    </p>
   </div>
   <div class='ocr_carea' id='block_1_41' title="bbox 2260 2237 3790 2313">
    <p class='ocr_par' dir='ltr' id='par_1_41' title="bbox 2309 2237 3790 2309">
     <span class='ocr_line' id='line_1_41' title="bbox 2309 2237 3790 2309; baseline -0.003 -15"><span class='ocrx_word' id='word_1_307' title='bbox 2309 2240 2611 2304; x_wconf 86' lang='grc' dir='ltr'>πιστεύεις.</span> <span class='ocrx_word' id='word_1_308' title='bbox 2660 2241 2772 2296; x_wconf 80' lang='lat' dir='ltr'><strong>Kal.</strong></span> <span class='ocrx_word' id='word_1_309' title='bbox 2816 2240 2899 2294; x_wconf 83' lang='grc' dir='ltr'>ὅτι</span> <span class='ocrx_word' id='word_1_310' title='bbox 2937 2239 3138 2303; x_wconf 87' lang='grc' dir='ltr'>πάντες</span> <span class='ocrx_word' id='word_1_311' title='bbox 3184 2237 3523 2309; x_wconf 64' lang='grc' dir='ltr'><strong>πιστεύομεν³</strong></span> <span class='ocrx_word' id='word_1_312' title='bbox 3554 2239 3790 2292; x_wconf 69' lang='grc' dir='ltr'>δυνατὸν</span> 
     </span>
    </p>
   </div>
   <div class='ocr_carea' id='block_1_42' title="bbox 518 2327 2048 2408">
    <p class='ocr_par' dir='ltr' id='par_1_42' title="bbox 518 2335 2048 2408">
     <span class='ocr_line' id='line_1_42' title="bbox 518 2335 2048 2408; baseline 0.007 -26"><span class='ocrx_word' id='word_1_313' title='bbox 518 2346 642 2383; x_wconf 83' lang='lat' dir='ltr'><strong>eum</strong></span> <span class='ocrx_word' id='word_1_314' title='bbox 677 2340 951 2400; x_wconf 88' lang='lat' dir='ltr'><strong>potentem</strong></span> <span class='ocrx_word' id='word_1_315' title='bbox 983 2349 1128 2395; x_wconf 88' lang='lat' dir='ltr'><strong>esse.</strong></span> <span class='ocrx_word' id='word_1_316' title='bbox 1163 2342 1218 2389; x_wconf 90' lang='lat' dir='ltr'><strong>et</strong></span> <span class='ocrx_word' id='word_1_317' title='bbox 1247 2344 1444 2390; x_wconf 85' lang='lat' dir='ltr'><strong>cuncta</strong></span> <span class='ocrx_word' id='word_1_318' title='bbox 1479 2335 1578 2404; x_wconf 77' lang='lat' dir='ltr'><strong>ipsi</strong></span> <span class='ocrx_word' id='word_1_319' title='bbox 1621 2352 1746 2392; x_wconf 88' lang='lat' dir='ltr'><strong>esse</strong></span> <span class='ocrx_word' id='word_1_320' title='bbox 1781 2338 2048 2408; x_wconf 81' lang='lat' dir='ltr'><strong>possibili:</strong></span> 
     </span>
    </p>
   </div>
   <div class='ocr_carea' id='block_1_43' title="bbox 2259 2327 3789 2408">
    <p class='ocr_par' dir='ltr' id='par_1_43' title="bbox 2259 2327 3789 2402">
     <span class='ocr_line' id='line_1_43' title="bbox 2259 2327 3789 2402; baseline 0 -19"><span class='ocrx_word' id='word_1_321' title='bbox 2259 2330 2365 2384; x_wconf 72' lang='grc' dir='ltr'>»τὸν</span> <span class='ocrx_word' id='word_1_322' title='bbox 2397 2327 2560 2394; x_wconf 73' lang='grc' dir='ltr'>εἶναι,</span> <span class='ocrx_word' id='word_1_323' title='bbox 2611 2329 2704 2385; x_wconf 78' lang='grc' dir='ltr'>καὶ</span> <span class='ocrx_word' id='word_1_324' title='bbox 2735 2329 3066 2402; x_wconf 77' lang='grc' dir='ltr'>πιστεύομεν</span> <span class='ocrx_word' id='word_1_325' title='bbox 3111 2331 3194 2385; x_wconf 82' lang='grc' dir='ltr'>ὅτι</span> <span class='ocrx_word' id='word_1_326' title='bbox 3240 2330 3418 2383; x_wconf 85' lang='grc' dir='ltr'>πάντα</span> <span class='ocrx_word' id='word_1_327' title='bbox 3456 2330 3611 2398; x_wconf 75' lang='grc' dir='ltr'><strong>αὖτῷ</strong></span> <span class='ocrx_word' id='word_1_328' title='bbox 3669 2333 3789 2386; x_wconf 76' lang='grc' dir='ltr'>ἐστι</span> 
     </span>
    </p>
   </div>
   <div class='ocr_carea' id='block_1_44' title="bbox 519 2419 2049 2500">
    <p class='ocr_par' dir='ltr' id='par_1_44' title="bbox 519 2419 2049 2500">
     <span class='ocr_line' id='line_1_44' title="bbox 519 2419 2049 2500; baseline 0.007 -29"><span class='ocrx_word' id='word_1_329' title='bbox 519 2419 717 2476; x_wconf 90' lang='lat' dir='ltr'><strong>Verum</strong></span> <span class='ocrx_word' id='word_1_330' title='bbox 744 2423 854 2478; x_wconf 89' lang='lat' dir='ltr'><strong>tuis</strong></span> <span class='ocrx_word' id='word_1_331' title='bbox 877 2439 1094 2494; x_wconf 92' lang='lat' dir='ltr'><strong>quoque</strong></span> <span class='ocrx_word' id='word_1_332' title='bbox 1130 2426 1182 2480; x_wconf 93' lang='lat' dir='ltr'><strong>in</strong></span> <span class='ocrx_word' id='word_1_333' title='bbox 1216 2427 1382 2483; x_wconf 91' lang='lat' dir='ltr'><strong>rebus</strong></span> <span class='ocrx_word' id='word_1_334' title='bbox 1399 2429 1560 2490; x_wconf 80' lang='lat' dir='ltr'><strong>crede</strong></span> <span class='ocrx_word' id='word_1_335' title='bbox 1616 2428 1717 2495; x_wconf 90' lang='lat' dir='ltr'><strong>illi,</strong></span> <span class='ocrx_word' id='word_1_336' title='bbox 1757 2429 1884 2500; x_wconf 90' lang='lat' dir='ltr'><strong>quia</strong></span> <span class='ocrx_word' id='word_1_337' title='bbox 1929 2429 2049 2483; x_wconf 73' lang='lat' dir='ltr'><strong>etiai</strong></span> 
     </span>
    </p>
   </div>
   <div class='ocr_carea' id='block_1_45' title="bbox 2259 2419 3789 2500">
    <p class='ocr_par' dir='ltr' id='par_1_45' title="bbox 2259 2422 3789 2496">
     <span class='ocr_line' id='line_1_45' title="bbox 2259 2422 3789 2496; baseline 0 -19"><span class='ocrx_word' id='word_1_338' title='bbox 2259 2424 2424 2481; x_wconf 76' lang='grc' dir='ltr'>ινατά.</span> <span class='ocrx_word' id='word_1_339' title='bbox 2466 2422 2629 2476; x_wconf 83' lang='grc' dir='ltr'>Ἀλλὰ</span> <span class='ocrx_word' id='word_1_340' title='bbox 2653 2423 2746 2477; x_wconf 76' lang='grc' dir='ltr'><strong>καὶ</strong></span> <span class='ocrx_word' id='word_1_341' title='bbox 2775 2424 2833 2476; x_wconf 82' lang='grc' dir='ltr'>ὲν</span> <span class='ocrx_word' id='word_1_342' title='bbox 2857 2425 2970 2487; x_wconf 88' lang='grc' dir='ltr'>τοῖς</span> <span class='ocrx_word' id='word_1_343' title='bbox 2995 2427 3108 2486; x_wconf 85' lang='grc' dir='ltr'>σοῖς</span> <span class='ocrx_word' id='word_1_344' title='bbox 3132 2423 3352 2477; x_wconf 88' lang='grc' dir='ltr'>πίστευε</span> <span class='ocrx_word' id='word_1_345' title='bbox 3381 2425 3438 2476; x_wconf 84' lang='grc' dir='ltr'>ὲν</span> <span class='ocrx_word' id='word_1_346' title='bbox 3463 2422 3618 2494; x_wconf 76' lang='grc' dir='ltr'>αὐτῷ</span> <span class='ocrx_word' id='word_1_347' title='bbox 3641 2425 3789 2496; x_wconf 85' lang='grc' dir='ltr'>πρά-</span> 
     </span>
    </p>
   </div>
   <div class='ocr_carea' id='block_1_46' title="bbox 520 2514 2050 2587">
    <p class='ocr_par' dir='ltr' id='par_1_46' title="bbox 520 2515 1024 2583">
     <span class='ocr_line' id='line_1_46' title="bbox 520 2515 1024 2583; baseline 0.012 -17"><span class='ocrx_word' id='word_1_348' title='bbox 520 2515 574 2566; x_wconf 91' lang='lat' dir='ltr'><strong>in</strong></span> <span class='ocrx_word' id='word_1_349' title='bbox 617 2519 672 2568; x_wconf 90' lang='lat' dir='ltr'><strong>te</strong></span> <span class='ocrx_word' id='word_1_350' title='bbox 702 2515 815 2568; x_wconf 92' lang='lat' dir='ltr'><strong>edit</strong></span> <span class='ocrx_word' id='word_1_351' title='bbox 847 2516 1024 2583; x_wconf 77' lang='lat' dir='ltr'><strong>signa.</strong></span> 
     </span>
    </p>
   </div>
   <div class='ocr_carea' id='block_1_47' title="bbox 1745 2514 3275 2587">
    <p class='ocr_par' dir='ltr' id='par_1_47' title="bbox 2196 2514 3275 2587">
     <span class='ocr_line' id='line_1_47' title="bbox 2196 2514 3275 2587; baseline 0.002 -19"><span class='ocrx_word' id='word_1_352' title='bbox 2196 2531 2418 2586; x_wconf 86' lang='grc' dir='ltr'>γμασιν,</span> <span class='ocrx_word' id='word_1_353' title='bbox 2450 2514 2529 2567; x_wconf 84' lang='grc' dir='ltr'>ὅτι</span> <span class='ocrx_word' id='word_1_354' title='bbox 2561 2515 2656 2567; x_wconf 65' lang='lat' dir='ltr'><strong>xa‘t</strong></span> <span class='ocrx_word' id='word_1_355' title='bbox 2681 2515 2740 2566; x_wconf 87' lang='grc' dir='ltr'>ὲν</span> <span class='ocrx_word' id='word_1_356' title='bbox 2774 2514 2856 2567; x_wconf 77' lang='grc' dir='ltr'>σοὶ</span> <span class='ocrx_word' id='word_1_357' title='bbox 2885 2517 3028 2568; x_wconf 89' lang='grc' dir='ltr'>ποιεῖ</span> <span class='ocrx_word' id='word_1_358' title='bbox 3057 2517 3275 2587; x_wconf 82' lang='grc' dir='ltr'>σημεῖα.</span> 
     </span>
    </p>
   </div>
   <div class='ocr_carea' id='block_1_48' title="bbox 584 2605 2114 2684">
    <p class='ocr_par' dir='ltr' id='par_1_48' title="bbox 584 2606 2093 2684">
     <span class='ocr_line' id='line_1_48' title="bbox 584 2606 2093 2684; baseline 0.009 -29"><span class='ocrx_word' id='word_1_359' title='bbox 584 2607 640 2659; x_wconf 73' lang='grc'>2.</span> <span class='ocrx_word' id='word_1_360' title='bbox 675 2606 789 2677; x_wconf 72' lang='lat'><strong>(28)</strong></span> <span class='ocrx_word' id='word_1_361' title='bbox 829 2606 971 2662; x_wconf 86' lang='lat' dir='ltr'><strong>Idem</strong></span> <span class='ocrx_word' id='word_1_362' title='bbox 1005 2623 1131 2663; x_wconf 91' lang='lat' dir='ltr'><strong>cum</strong></span> <span class='ocrx_word' id='word_1_363' title='bbox 1169 2610 1522 2682; x_wconf 85' lang='lat' dir='ltr'><strong>diriperetur,</strong></span> <span class='ocrx_word' id='word_1_364' title='bbox 1556 2629 1662 2667; x_wconf 90' lang='lat' dir='ltr'><strong>una</strong></span> <span class='ocrx_word' id='word_1_365' title='bbox 1689 2628 1812 2668; x_wconf 91' lang='lat' dir='ltr'><strong>cum</strong></span> <span class='ocrx_word' id='word_1_366' title='bbox 1853 2611 2093 2684; x_wconf 81' lang='lat' dir='ltr'><strong>direpto—</strong></span> 
     </span>
    </p>
   </div>
   <div class='ocr_carea' id='block_1_49' title="bbox 2258 2605 3788 2684">
    <p class='ocr_par' dir='ltr' id='par_1_49' title="bbox 2266 2605 3788 2679">
     <span class='ocr_line' id='line_1_49' title="bbox 2266 2605 3788 2679; baseline 0.001 -20"><span class='ocrx_word' id='word_1_367' title='bbox 2266 2606 2331 2678; x_wconf 82' lang='grc' dir='ltr'><strong>β’.</strong></span> <span class='ocrx_word' id='word_1_368' title='bbox 2381 2606 2438 2660; x_wconf 88' lang='lat'><strong>&#39;0</strong></span> <span class='ocrx_word' id='word_1_369' title='bbox 2467 2606 2629 2670; x_wconf 83' lang='grc' dir='ltr'>αὐτὸς</span> <span class='ocrx_word' id='word_1_370' title='bbox 2655 2605 2984 2677; x_wconf 84' lang='grc' dir='ltr'>συλούμενος</span> <span class='ocrx_word' id='word_1_371' title='bbox 3045 2607 3351 2679; x_wconf 83' lang='grc' dir='ltr'>συνεπῆρεν</span> <span class='ocrx_word' id='word_1_372' title='bbox 3385 2606 3595 2672; x_wconf 78' lang='grc' dir='ltr'>αὐτοῖς.</span> <span class='ocrx_word' id='word_1_373' title='bbox 3618 2609 3788 2662; x_wconf 68' lang='grc' dir='ltr'>Μετὰ</span> 
     </span>
    </p>
   </div>
   <div class='ocr_carea' id='block_1_50' title="bbox 517 2693 2047 2772">
    <p class='ocr_par' dir='ltr' id='par_1_50' title="bbox 517 2693 2047 2771">
     <span class='ocr_line' id='line_1_50' title="bbox 517 2693 2047 2771; baseline 0.008 -25"><span class='ocrx_word' id='word_1_374' title='bbox 517 2693 671 2748; x_wconf 89' lang='lat' dir='ltr'><strong>ribus</strong></span> <span class='ocrx_word' id='word_1_375' title='bbox 733 2696 940 2765; x_wconf 85' lang='lat' dir='ltr'><strong>dejecta</strong></span> <span class='ocrx_word' id='word_1_376' title='bbox 1001 2697 1234 2753; x_wconf 85' lang='lat' dir='ltr'><strong>levabat.</strong></span> <span class='ocrx_word' id='word_1_377' title='bbox 1284 2700 1420 2755; x_wconf 88' lang='lat' dir='ltr'><strong>Cum</strong></span> <span class='ocrx_word' id='word_1_378' title='bbox 1474 2709 1654 2756; x_wconf 88' lang='lat' dir='ltr'><strong>autem</strong></span> <span class='ocrx_word' id='word_1_379' title='bbox 1717 2709 2047 2771; x_wconf 82' lang='lat' dir='ltr'><strong>asportassel</strong></span> 
     </span>
    </p>
   </div>
   <div class='ocr_carea' id='block_1_51' title="bbox 2260 2693 3790 2772">
    <p class='ocr_par' dir='ltr' id='par_1_51' title="bbox 2279 2698 3790 2772">
     <span class='ocr_line' id='line_1_51' title="bbox 2279 2698 3790 2772; baseline 0.001 -20"><span class='ocrx_word' id='word_1_380' title='bbox 2279 2698 2340 2752; x_wconf 80' lang='grc' dir='ltr'><strong>τὸ</strong></span> <span class='ocrx_word' id='word_1_381' title='bbox 2371 2698 2749 2763; x_wconf 81' lang='grc' dir='ltr'>άποϐαστάξαι</span> <span class='ocrx_word' id='word_1_382' title='bbox 2778 2699 2976 2763; x_wconf 68' lang='grc' dir='ltr'>αὐτοὺς</span> <span class='ocrx_word' id='word_1_383' title='bbox 2998 2699 3068 2754; x_wconf 84' lang='grc' dir='ltr'><strong>τὰ</strong></span> <span class='ocrx_word' id='word_1_384' title='bbox 3083 2699 3228 2754; x_wconf 82' lang='grc' dir='ltr'>ἔνδον</span> <span class='ocrx_word' id='word_1_385' title='bbox 3249 2701 3498 2772; x_wconf 81' lang='grc' dir='ltr'>κείμενα,</span> <span class='ocrx_word' id='word_1_386' title='bbox 3528 2703 3790 2756; x_wconf 76' lang='grc' dir='ltr'>καταλει-</span> 
     </span>
    </p>
   </div>
   <div class='ocr_carea' id='block_1_52' title="bbox 498 2782 2028 2865">
    <p class='ocr_par' dir='ltr' id='par_1_52' title="bbox 498 2782 2028 2865">
     <span class='ocr_line' id='line_1_52' title="bbox 498 2782 2028 2865; baseline 0.007 -26"><span class='ocrx_word' id='word_1_387' title='bbox 498 2782 638 2856; x_wconf 74' lang='lat' dir='ltr'><strong>qnae</strong></span> <span class='ocrx_word' id='word_1_388' title='bbox 667 2788 816 2844; x_wconf 88' lang='lat' dir='ltr'><strong>intus</strong></span> <span class='ocrx_word' id='word_1_389' title='bbox 858 2797 1016 2844; x_wconf 89' lang='lat' dir='ltr'><strong>erant</strong></span> <span class='ocrx_word' id='word_1_390' title='bbox 1071 2792 1285 2861; x_wconf 89' lang='lat' dir='ltr'><strong>posita,</strong></span> <span class='ocrx_word' id='word_1_391' title='bbox 1332 2801 1388 2849; x_wconf 91' lang='lat' dir='ltr'><strong>et</strong></span> <span class='ocrx_word' id='word_1_392' title='bbox 1438 2795 1788 2865; x_wconf 88' lang='lat' dir='ltr'><strong>reliquissent</strong></span> <span class='ocrx_word' id='word_1_393' title='bbox 1837 2795 2028 2849; x_wconf 81' lang='lat' dir='ltr'><strong>bacqu</strong></span> 
     </span>
    </p>
   </div>
   <div class='ocr_carea' id='block_1_53' title="bbox 2257 2782 3787 2865">
    <p class='ocr_par' dir='ltr' id='par_1_53' title="bbox 2257 2790 3787 2864">
     <span class='ocr_line' id='line_1_53' title="bbox 2257 2790 3787 2864; baseline 0.003 -20"><span class='ocrx_word' id='word_1_394' title='bbox 2257 2791 2417 2844; x_wconf 74' lang='grc' dir='ltr'>ιντων</span> <span class='ocrx_word' id='word_1_395' title='bbox 2448 2790 2629 2844; x_wconf 77' lang='grc' dir='ltr'>αὐτῶν</span> <span class='ocrx_word' id='word_1_396' title='bbox 2657 2792 2756 2861; x_wconf 83' lang='grc' dir='ltr'>τὴν</span> <span class='ocrx_word' id='word_1_397' title='bbox 2807 2791 3002 2862; x_wconf 76' lang='grc' dir='ltr'>ῥάϐδον</span> <span class='ocrx_word' id='word_1_398' title='bbox 3031 2792 3248 2856; x_wconf 80' lang='grc' dir='ltr'>ἑαυτοῦ,</span> <span class='ocrx_word' id='word_1_399' title='bbox 3277 2792 3352 2856; x_wconf 84' lang='grc' dir='ltr'>ὡς</span> <span class='ocrx_word' id='word_1_400' title='bbox 3377 2793 3584 2864; x_wconf 80' lang='grc' dir='ltr'>ταύτην</span> <span class='ocrx_word' id='word_1_401' title='bbox 3617 2793 3787 2848; x_wconf 81' lang='grc' dir='ltr'>ἐθεά-</span> 
     </span>
    </p>
   </div>
   <div class='ocr_carea' id='block_1_54' title="bbox 517 2871 2047 2959">
    <p class='ocr_par' dir='ltr' id='par_1_54' title="bbox 517 2881 2047 2959">
     <span class='ocr_line' id='line_1_54' title="bbox 517 2881 2047 2959; baseline 0.007 -28"><span class='ocrx_word' id='word_1_402' title='bbox 517 2894 698 2944; x_wconf 86' lang='lat' dir='ltr'><strong>suum,</strong></span> <span class='ocrx_word' id='word_1_403' title='bbox 731 2887 790 2933; x_wconf 93' lang='lat' dir='ltr'><strong>ut</strong></span> <span class='ocrx_word' id='word_1_404' title='bbox 817 2881 968 2935; x_wconf 89' lang='lat' dir='ltr'><strong>illum</strong></span> <span class='ocrx_word' id='word_1_405' title='bbox 1004 2885 1292 2953; x_wconf 81' lang='lat' dir='ltr'><strong>conspexit</strong></span> <span class='ocrx_word' id='word_1_406' title='bbox 1345 2886 1516 2941; x_wconf 91' lang='lat' dir='ltr'><strong>abbas</strong></span> <span class='ocrx_word' id='word_1_407' title='bbox 1546 2886 1872 2959; x_wconf 85' lang='lat' dir='ltr'><strong>Euprepius,</strong></span> <span class='ocrx_word' id='word_1_408' title='bbox 1922 2888 2047 2942; x_wconf 67' lang='lat' dir='ltr'><strong>moli</strong></span> 
     </span>
    </p>
   </div>
   <div class='ocr_carea' id='block_1_55' title="bbox 2258 2871 3788 2959">
    <p class='ocr_par' dir='ltr' id='par_1_55' title="bbox 2258 2871 3788 2954">
     <span class='ocr_line' id='line_1_55' title="bbox 2258 2871 3788 2954; baseline 0.003 -21"><span class='ocrx_word' id='word_1_409' title='bbox 2258 2897 2328 2934; x_wconf 68' lang='grc' dir='ltr'><strong>ιτο</strong></span> <span class='ocrx_word' id='word_1_410' title='bbox 2357 2883 2386 2935; x_wconf 88' lang='lat'><strong>6</strong></span> <span class='ocrx_word' id='word_1_411' title='bbox 2409 2879 2583 2944; x_wconf 86' lang='grc' dir='ltr'>άϐϐἄς</span> <span class='ocrx_word' id='word_1_412' title='bbox 2617 2881 2952 2954; x_wconf 85' lang='grc' dir='ltr'>Εὐπρέπιος,</span> <span class='ocrx_word' id='word_1_413' title='bbox 2987 2881 3259 2952; x_wconf 74' lang='grc' dir='ltr'>ἠχθέσθηο</span> <span class='ocrx_word' id='word_1_414' title='bbox 3305 2882 3400 2936; x_wconf 73' lang='grc' dir='ltr'><strong>καὶ</strong></span> <span class='ocrx_word' id='word_1_415' title='bbox 3439 2881 3626 2934; x_wconf 84' lang='grc' dir='ltr'>λαϐὼν</span> <span class='ocrx_word' id='word_1_416' title='bbox 3658 2871 3788 2938; x_wconf 65' lang='lat' dir='ltr'><strong>~ir:-</strong></span> 
     </span>
    </p>
   </div>
   <div class='ocr_carea' id='block_1_56' title="bbox 515 2969 2045 3048">
    <p class='ocr_par' dir='ltr' id='par_1_56' title="bbox 515 2969 2045 3048">
     <span class='ocr_line' id='line_1_56' title="bbox 515 2969 2045 3048; baseline 0.007 -24"><span class='ocrx_word' id='word_1_417' title='bbox 515 2969 620 3024; x_wconf 89' lang='lat' dir='ltr'><strong>stia</strong></span> <span class='ocrx_word' id='word_1_418' title='bbox 649 2969 873 3026; x_wconf 79' lang='lat' dir='ltr'><strong>affectus</strong></span> <span class='ocrx_word' id='word_1_419' title='bbox 901 2979 1013 3039; x_wconf 89' lang='lat' dir='ltr'><strong>est;</strong></span> <span class='ocrx_word' id='word_1_420' title='bbox 1039 2979 1092 3028; x_wconf 90' lang='lat' dir='ltr'><strong>et</strong></span> <span class='ocrx_word' id='word_1_421' title='bbox 1119 2974 1417 3046; x_wconf 88' lang='lat' dir='ltr'><strong>accipiens,</strong></span> <span class='ocrx_word' id='word_1_422' title='bbox 1438 2980 1681 3032; x_wconf 89' lang='lat' dir='ltr'><strong>cucurrit</strong></span> <span class='ocrx_word' id='word_1_423' title='bbox 1707 2989 1826 3048; x_wconf 89' lang='lat' dir='ltr'><strong>post</strong></span> <span class='ocrx_word' id='word_1_424' title='bbox 1843 2994 1938 3034; x_wconf 89' lang='lat' dir='ltr'><strong>eos</strong></span> <span class='ocrx_word' id='word_1_425' title='bbox 1961 2981 2045 3033; x_wconf 84' lang='lat' dir='ltr'><strong>red</strong></span> 
     </span>
    </p>
   </div>
   <div class='ocr_carea' id='block_1_57' title="bbox 2259 2969 3789 3048">
    <p class='ocr_par' dir='ltr' id='par_1_57' title="bbox 2259 2972 3789 3045">
     <span class='ocr_line' id='line_1_57' title="bbox 2259 2972 3789 3045; baseline 0.002 -20"><span class='ocrx_word' id='word_1_426' title='bbox 2259 2990 2402 3045; x_wconf 86' lang='grc' dir='ltr'>ρεχε,</span> <span class='ocrx_word' id='word_1_427' title='bbox 2436 2972 2757 3044; x_wconf 83' lang='grc' dir='ltr'>βουλόμενος</span> <span class='ocrx_word' id='word_1_428' title='bbox 2798 2973 3110 3028; x_wconf 83' lang='grc' dir='ltr'>ἀποδοῦναι.</span> <span class='ocrx_word' id='word_1_429' title='bbox 3138 2973 3258 3027; x_wconf 87' lang='grc' dir='ltr'><strong>Τῶν</strong></span> <span class='ocrx_word' id='word_1_430' title='bbox 3293 2973 3349 3027; x_wconf 84' lang='grc' dir='ltr'><strong>δὲ</strong></span> <span class='ocrx_word' id='word_1_431' title='bbox 3392 2973 3467 3044; x_wconf 84' lang='grc' dir='ltr'>μὴ</span> <span class='ocrx_word' id='word_1_432' title='bbox 3507 2973 3789 3028; x_wconf 84' lang='grc' dir='ltr'>θελόντων</span> 
     </span>
    </p>
   </div>
   <div class='ocr_carea' id='block_1_58' title="bbox 513 3060 2043 3139">
    <p class='ocr_par' dir='ltr' id='par_1_58' title="bbox 513 3060 2043 3137">
     <span class='ocr_line' id='line_1_58' title="bbox 513 3060 2043 3137; baseline 0.006 -23"><span class='ocrx_word' id='word_1_433' title='bbox 513 3060 676 3115; x_wconf 89' lang='lat' dir='ltr'><strong>dendi</strong></span> <span class='ocrx_word' id='word_1_434' title='bbox 710 3063 911 3117; x_wconf 89' lang='lat' dir='ltr'><strong>animo.</strong></span> <span class='ocrx_word' id='word_1_435' title='bbox 946 3064 1056 3119; x_wconf 90' lang='lat' dir='ltr'><strong>Illis</strong></span> <span class='ocrx_word' id='word_1_436' title='bbox 1085 3080 1212 3120; x_wconf 92' lang='lat' dir='ltr'><strong>vero</strong></span> <span class='ocrx_word' id='word_1_437' title='bbox 1239 3068 1560 3124; x_wconf 87' lang='lat' dir='ltr'><strong>nolentibus</strong></span> <span class='ocrx_word' id='word_1_438' title='bbox 1595 3085 1833 3137; x_wconf 85' lang='lat' dir='ltr'><strong>sumere,</strong></span> <span class='ocrx_word' id='word_1_439' title='bbox 1858 3085 1921 3125; x_wconf 93' lang='lat' dir='ltr'><strong>ac</strong></span> <span class='ocrx_word' id='word_1_440' title='bbox 1946 3075 2043 3126; x_wconf 75' lang='lat' dir='ltr'><strong>veri</strong></span> 
     </span>
    </p>
   </div>
   <div class='ocr_carea' id='block_1_59' title="bbox 2259 3060 3789 3139">
    <p class='ocr_par' dir='ltr' id='par_1_59' title="bbox 2259 3066 3789 3139">
     <span class='ocr_line' id='line_1_59' title="bbox 2259 3066 3789 3139; baseline -0.004 -18"><span class='ocrx_word' id='word_1_441' title='bbox 2259 3066 2462 3134; x_wconf 82' lang='grc' dir='ltr'>Ξασθαι,</span> <span class='ocrx_word' id='word_1_442' title='bbox 2497 3067 2635 3120; x_wconf 81' lang='grc' dir='ltr'>ἀλλὰ</span> <span class='ocrx_word' id='word_1_443' title='bbox 2658 3066 2912 3121; x_wconf 85' lang='grc' dir='ltr'>δεδιότων</span> <span class='ocrx_word' id='word_1_444' title='bbox 2940 3068 3014 3139; x_wconf 85' lang='grc' dir='ltr'>μὴ</span> <span class='ocrx_word' id='word_1_445' title='bbox 3043 3067 3152 3138; x_wconf 78' lang='grc' dir='ltr'>ἄρα</span> <span class='ocrx_word' id='word_1_446' title='bbox 3190 3084 3242 3119; x_wconf 87' lang='grc' dir='ltr'><strong>τι</strong></span> <span class='ocrx_word' id='word_1_447' title='bbox 3271 3067 3516 3134; x_wconf 80' lang='grc' dir='ltr'>γέγονεν,</span> <span class='ocrx_word' id='word_1_448' title='bbox 3550 3083 3789 3138; x_wconf 78' lang='grc' dir='ltr'>περιτυ-</span> 
     </span>
    </p>
   </div>
   <div class='ocr_carea' id='block_1_60' title="bbox 513 3153 2043 3252">
    <p class='ocr_par' dir='ltr' id='par_1_60' title="bbox 513 3153 2043 3228">
     <span class='ocr_line' id='line_1_60' title="bbox 513 3153 2043 3228; baseline 0.007 -23"><span class='ocrx_word' id='word_1_449' title='bbox 513 3155 586 3208; x_wconf 89' lang='lat' dir='ltr'><strong>tis</strong></span> <span class='ocrx_word' id='word_1_450' title='bbox 609 3169 675 3208; x_wconf 91' lang='lat' dir='ltr'><strong>ne</strong></span> <span class='ocrx_word' id='word_1_451' title='bbox 697 3153 827 3224; x_wconf 91' lang='lat' dir='ltr'><strong>quid</strong></span> <span class='ocrx_word' id='word_1_452' title='bbox 853 3155 1166 3221; x_wconf 88' lang='lat' dir='ltr'><strong>accidisset,</strong></span> <span class='ocrx_word' id='word_1_453' title='bbox 1201 3158 1470 3228; x_wconf 88' lang='lat' dir='ltr'><strong>quosdam</strong></span> <span class='ocrx_word' id='word_1_454' title='bbox 1505 3160 1809 3226; x_wconf 72' lang='lat' dir='ltr'><strong>offendens,</strong></span> <span class='ocrx_word' id='word_1_455' title='bbox 1828 3162 2043 3216; x_wconf 83' lang='lat' dir='ltr'><strong>oravitt</strong></span> 
     </span>
    </p>
   </div>
   <div class='ocr_carea' id='block_1_61' title="bbox 2258 3153 3788 3252">
    <p class='ocr_par' dir='ltr' id='par_1_61' title="bbox 2258 3158 3788 3231">
     <span class='ocr_line' id='line_1_61' title="bbox 2258 3158 3788 3231; baseline 0.001 -20"><span class='ocrx_word' id='word_1_456' title='bbox 2258 3176 2303 3211; x_wconf 90' lang='grc' dir='ltr'>›ν</span> <span class='ocrx_word' id='word_1_457' title='bbox 2322 3176 2454 3226; x_wconf 89' lang='grc' dir='ltr'>τισι,</span> <span class='ocrx_word' id='word_1_458' title='bbox 2479 3159 2632 3229; x_wconf 78' lang='grc' dir='ltr'>ἠξίου</span> <span class='ocrx_word' id='word_1_459' title='bbox 2657 3160 2986 3231; x_wconf 84' lang='grc' dir='ltr'>ἀποδοθῆναι</span> <span class='ocrx_word' id='word_1_460' title='bbox 3003 3159 3069 3213; x_wconf 76' lang='grc' dir='ltr'>δι’</span> <span class='ocrx_word' id='word_1_461' title='bbox 3097 3159 3277 3213; x_wconf 83' lang='grc' dir='ltr'>αὐτῶν</span> <span class='ocrx_word' id='word_1_462' title='bbox 3307 3158 3521 3229; x_wconf 73' lang='grc' dir='ltr'>ῥάϐδον,</span> <span class='ocrx_word' id='word_1_463' title='bbox 3549 3159 3660 3230; x_wconf 74' lang='grc' dir='ltr'>τὴν</span> <span class='ocrx_word' id='word_1_464' title='bbox 3685 3160 3788 3213; x_wconf 70' lang='grc' dir='ltr'>αὖ·</span> 
     </span>
    </p>
   </div>
   <div class='ocr_carea' id='block_1_62' title="bbox 512 3246 2042 3324">
    <p class='ocr_par' dir='ltr' id='par_1_62' title="bbox 512 3246 1944 3320">
     <span class='ocr_line' id='line_1_62' title="bbox 512 3246 1944 3320; baseline 0.006 -21"><span class='ocrx_word' id='word_1_465' title='bbox 512 3246 638 3316; x_wconf 90' lang='lat' dir='ltr'><strong>quia</strong></span> <span class='ocrx_word' id='word_1_466' title='bbox 663 3246 802 3301; x_wconf 89' lang='lat' dir='ltr'><strong>idem</strong></span> <span class='ocrx_word' id='word_1_467' title='bbox 831 3247 933 3302; x_wconf 88' lang='lat' dir='ltr'><strong>iter</strong></span> <span class='ocrx_word' id='word_1_468' title='bbox 963 3250 1312 3320; x_wconf 82' lang='lat' dir='ltr'><strong>peragebant,</strong></span> <span class='ocrx_word' id='word_1_469' title='bbox 1343 3252 1596 3306; x_wconf 90' lang='lat' dir='ltr'><strong>baculum</strong></span> <span class='ocrx_word' id='word_1_470' title='bbox 1633 3255 1944 3310; x_wconf 87' lang='lat' dir='ltr'><strong>redderent.</strong></span> 
     </span>
    </p>
   </div>
   <div class='ocr_carea' id='block_1_63' title="bbox 1355 3246 2885 3324">
    <p class='ocr_par' dir='ltr' id='par_1_63' title="bbox 1355 3246 2783 3324">
     <span class='ocr_line' id='line_1_63' title="bbox 1355 3246 2783 3324; baseline 0.001 -19"><span class='ocrx_word' id='word_1_471' title='bbox 1355 3252 1596 3306; x_wconf 76' lang='lat' dir='ltr'><strong>baculum</strong></span> <span class='ocrx_word' id='word_1_472' title='bbox 1633 3255 1944 3310; x_wconf 82' lang='lat' dir='ltr'><strong>redderent.</strong></span> <span class='ocrx_word' id='word_1_473' title='bbox 2124 3246 2157 3252; x_wconf 46' lang='grc'><strong>⁷</strong></span> <span class='ocrx_word' id='word_1_474' title='bbox 2191 3252 2290 3324; x_wconf 80' lang='grc' dir='ltr'><strong>τὴν</strong></span> <span class='ocrx_word' id='word_1_475' title='bbox 2323 3253 2618 3307; x_wconf 82' lang='grc' dir='ltr'>ὁδευόντων</span> <span class='ocrx_word' id='word_1_476' title='bbox 2640 3253 2783 3307; x_wconf 80' lang='grc' dir='ltr'>ὁδόν.</span> 
     </span>
    </p>
   </div>
   <div class='ocr_carea' id='block_1_64' title="bbox 583 3336 2113 3420">
    <p class='ocr_par' dir='ltr' id='par_1_64' title="bbox 583 3336 2087 3416">
     <span class='ocr_line' id='line_1_64' title="bbox 583 3336 2087 3416; baseline 0.006 -25"><span class='ocrx_word' id='word_1_477' title='bbox 583 3337 636 3391; x_wconf 80' lang='grc'>5.</span> <span class='ocrx_word' id='word_1_478' title='bbox 670 3336 882 3392; x_wconf 89' lang='lat' dir='ltr'><strong>Dictum</strong></span> <span class='ocrx_word' id='word_1_479' title='bbox 911 3347 997 3393; x_wconf 92' lang='lat' dir='ltr'><strong>est</strong></span> <span class='ocrx_word' id='word_1_480' title='bbox 1023 3339 1236 3397; x_wconf 88' lang='lat' dir='ltr'><strong>abbatis</strong></span> <span class='ocrx_word' id='word_1_481' title='bbox 1266 3341 1521 3414; x_wconf 85' lang='lat' dir='ltr'><strong>Euprepii</strong></span> <span class='ocrx_word' id='word_1_482' title='bbox 1556 3345 1931 3416; x_wconf 86' lang='lat' dir='ltr'><strong>:Corporalia,</strong></span> <span class='ocrx_word' id='word_1_483' title='bbox 1967 3361 2087 3400; x_wconf 85' lang='lat' dir='ltr'><strong>ma-</strong></span> 
     </span>
    </p>
   </div>
   <div class='ocr_carea' id='block_1_65' title="bbox 2259 3336 3789 3420">
    <p class='ocr_par' dir='ltr' id='par_1_65' title="bbox 2259 3344 3789 3420">
     <span class='ocr_line' id='line_1_65' title="bbox 2259 3344 3789 3420; baseline -0.001 -18"><span class='ocrx_word' id='word_1_484' title='bbox 2259 3355 2324 3418; x_wconf 80' lang='grc' dir='ltr'>γ’.</span> <span class='ocrx_word' id='word_1_485' title='bbox 2383 3344 2552 3402; x_wconf 75' lang='grc' dir='ltr'>Εἶπεν</span> <span class='ocrx_word' id='word_1_486' title='bbox 2590 3351 2618 3402; x_wconf 91' lang='lat'><strong>6</strong></span> <span class='ocrx_word' id='word_1_487' title='bbox 2650 3349 2826 3412; x_wconf 78' lang='grc' dir='ltr'>ἀϐϐἄς</span> <span class='ocrx_word' id='word_1_488' title='bbox 2869 3348 3201 3420; x_wconf 82' lang='grc' dir='ltr'>Εὺπρέπιος,</span> <span class='ocrx_word' id='word_1_489' title='bbox 3233 3349 3316 3401; x_wconf 75' lang='grc' dir='ltr'>ὅτι</span> <span class='ocrx_word' id='word_1_490' title='bbox 3363 3347 3431 3400; x_wconf 83' lang='grc' dir='ltr'>τὰ</span> <span class='ocrx_word' id='word_1_491' title='bbox 3477 3347 3789 3419; x_wconf 78' lang='grc' dir='ltr'>σωματικά</span> 
     </span>
    </p>
   </div>
   <div class='ocr_carea' id='block_1_66' title="bbox 512 3430 2042 3512">
    <p class='ocr_par' dir='ltr' id='par_1_66' title="bbox 512 3430 2042 3505">
     <span class='ocr_line' id='line_1_66' title="bbox 512 3430 2042 3505; baseline 0.007 -22"><span class='ocrx_word' id='word_1_492' title='bbox 512 3430 646 3484; x_wconf 88' lang='lat' dir='ltr'><strong>teria</strong></span> <span class='ocrx_word' id='word_1_493' title='bbox 690 3436 838 3486; x_wconf 89' lang='lat' dir='ltr'><strong>sunt.</strong></span> <span class='ocrx_word' id='word_1_494' title='bbox 880 3430 986 3497; x_wconf 85' lang='lat' dir='ltr'><strong>Qui</strong></span> <span class='ocrx_word' id='word_1_495' title='bbox 1017 3431 1195 3505; x_wconf 75' lang='lat' dir='ltr'><strong>diligit</strong></span> <span class='ocrx_word' id='word_1_496' title='bbox 1240 3435 1523 3503; x_wconf 85' lang='lat' dir='ltr'><strong>mundum,</strong></span> <span class='ocrx_word' id='word_1_497' title='bbox 1564 3437 1892 3493; x_wconf 71' lang='lat' dir='ltr'><strong>offendicula</strong></span> <span class='ocrx_word' id='word_1_498' title='bbox 1917 3453 2042 3494; x_wconf 57' lang='lat' dir='ltr'><strong>ama:</strong></span> 
     </span>
    </p>
   </div>
   <div class='ocr_carea' id='block_1_67' title="bbox 2257 3430 3787 3512">
    <p class='ocr_par' dir='ltr' id='par_1_67' title="bbox 2257 3439 3787 3512">
     <span class='ocr_line' id='line_1_67' title="bbox 2257 3439 3787 3512; baseline -0.001 -18"><span class='ocrx_word' id='word_1_499' title='bbox 2257 3458 2287 3511; x_wconf 85' lang='grc' dir='ltr'><strong>η</strong></span> <span class='ocrx_word' id='word_1_500' title='bbox 2330 3439 2488 3495; x_wconf 78' lang='grc' dir='ltr'>εἰσίν.</span> <span class='ocrx_word' id='word_1_501' title='bbox 2536 3440 2594 3494; x_wconf 84' lang='lat'><strong>&#39;0</strong></span> <span class='ocrx_word' id='word_1_502' title='bbox 2623 3442 2856 3510; x_wconf 83' lang='grc' dir='ltr'>ἀγαπῶν</span> <span class='ocrx_word' id='word_1_503' title='bbox 2898 3441 2992 3495; x_wconf 82' lang='grc' dir='ltr'><strong>τὸν</strong></span> <span class='ocrx_word' id='word_1_504' title='bbox 3029 3441 3232 3512; x_wconf 85' lang='grc' dir='ltr'>κόσμον</span> <span class='ocrx_word' id='word_1_505' title='bbox 3263 3441 3452 3511; x_wconf 78' lang='grc' dir='ltr'>ἀγαπᾷ</span> <span class='ocrx_word' id='word_1_506' title='bbox 3484 3441 3787 3511; x_wconf 82' lang='grc' dir='ltr'>προσκόμ-</span> 
     </span>
    </p>
   </div>
   <div class='ocr_carea' id='block_1_68' title="bbox 513 3523 2043 3602">
    <p class='ocr_par' dir='ltr' id='par_1_68' title="bbox 513 3523 2043 3602">
     <span class='ocr_line' id='line_1_68' title="bbox 513 3523 2043 3602; baseline 0.006 -24"><span class='ocrx_word' id='word_1_507' title='bbox 513 3523 570 3578; x_wconf 89' lang='lat' dir='ltr'><strong>Si</strong></span> <span class='ocrx_word' id='word_1_508' title='bbox 602 3539 730 3594; x_wconf 81' lang='lat' dir='ltr'><strong>ergo</strong></span> <span class='ocrx_word' id='word_1_509' title='bbox 781 3525 1073 3596; x_wconf 78' lang='lat' dir='ltr'><strong>contigerit</strong></span> <span class='ocrx_word' id='word_1_510' title='bbox 1116 3538 1176 3581; x_wconf 91' lang='lat' dir='ltr'><strong>ut</strong></span> <span class='ocrx_word' id='word_1_511' title='bbox 1206 3529 1523 3587; x_wconf 86' lang='lat' dir='ltr'><strong>amittamus</strong></span> <span class='ocrx_word' id='word_1_512' title='bbox 1552 3531 1783 3602; x_wconf 89' lang='lat' dir='ltr'><strong>aliquid,</strong></span> <span class='ocrx_word' id='word_1_513' title='bbox 1815 3547 1928 3588; x_wconf 89' lang='lat' dir='ltr'><strong>rem</strong></span> <span class='ocrx_word' id='word_1_514' title='bbox 1959 3547 2043 3588; x_wconf 79' lang='lat' dir='ltr'><strong>CIII</strong></span> 
     </span>
    </p>
   </div>
   <div class='ocr_carea' id='block_1_69' title="bbox 2261 3523 3791 3602">
    <p class='ocr_par' dir='ltr' id='par_1_69' title="bbox 2261 3525 3791 3602">
     <span class='ocr_line' id='line_1_69' title="bbox 2261 3525 3791 3602; baseline 0.001 -22"><span class='ocrx_word' id='word_1_515' title='bbox 2261 3546 2359 3583; x_wconf 74' lang='grc' dir='ltr'>ιτα.</span> <span class='ocrx_word' id='word_1_516' title='bbox 2413 3528 2592 3600; x_wconf 78' lang='grc' dir='ltr'>Εἴπερ</span> <span class='ocrx_word' id='word_1_517' title='bbox 2627 3525 2722 3584; x_wconf 83' lang='grc' dir='ltr'>οὖν</span> <span class='ocrx_word' id='word_1_518' title='bbox 2756 3530 2940 3602; x_wconf 85' lang='grc' dir='ltr'>συμϐῇ</span> <span class='ocrx_word' id='word_1_519' title='bbox 2974 3531 3027 3583; x_wconf 88' lang='grc' dir='ltr'><strong>τί</strong></span> <span class='ocrx_word' id='word_1_520' title='bbox 3075 3548 3204 3584; x_wconf 89' lang='grc' dir='ltr'>ποτε</span> <span class='ocrx_word' id='word_1_521' title='bbox 3250 3529 3574 3592; x_wconf 79' lang='grc' dir='ltr'>ἀπολέσθαι,</span> <span class='ocrx_word' id='word_1_522' title='bbox 3613 3529 3791 3582; x_wconf 79' lang='grc' dir='ltr'>τοῦτο</span> 
     </span>
    </p>
   </div>
   <div class='ocr_carea' id='block_1_70' title="bbox 509 3616 2039 3696">
    <p class='ocr_par' dir='ltr' id='par_1_70' title="bbox 509 3616 2039 3696">
     <span class='ocr_line' id='line_1_70' title="bbox 509 3616 2039 3696; baseline 0.006 -27"><span class='ocrx_word' id='word_1_523' title='bbox 509 3616 708 3687; x_wconf 82' lang='lat' dir='ltr'><strong>gaudio</strong></span> <span class='ocrx_word' id='word_1_524' title='bbox 736 3627 790 3672; x_wconf 94' lang='lat' dir='ltr'><strong>et</strong></span> <span class='ocrx_word' id='word_1_525' title='bbox 822 3618 1000 3674; x_wconf 88' lang='lat' dir='ltr'><strong>laudis</strong></span> <span class='ocrx_word' id='word_1_526' title='bbox 1041 3620 1398 3678; x_wconf 81' lang='lat' dir='ltr'><strong>confessione</strong></span> <span class='ocrx_word' id='word_1_527' title='bbox 1451 3623 1701 3695; x_wconf 89' lang='lat' dir='ltr'><strong>accipere</strong></span> <span class='ocrx_word' id='word_1_528' title='bbox 1747 3631 1992 3696; x_wconf 86' lang='lat' dir='ltr'><strong>oportet,</strong></span> <span class='ocrx_word' id='word_1_529' title='bbox 2023 3641 2039 3678; x_wconf 85' lang='grc' dir='ltr'><strong>ι</strong></span> 
     </span>
    </p>
   </div>
   <div class='ocr_carea' id='block_1_71' title="bbox 2260 3616 3790 3696">
    <p class='ocr_par' dir='ltr' id='par_1_71' title="bbox 2260 3619 3790 3695">
     <span class='ocr_line' id='line_1_71' title="bbox 2260 3619 3790 3695; baseline 0.001 -23"><span class='ocrx_word' id='word_1_530' title='bbox 2260 3619 2329 3673; x_wconf 88' lang='grc' dir='ltr'>τὰ</span> <span class='ocrx_word' id='word_1_531' title='bbox 2371 3622 2548 3692; x_wconf 80' lang='grc' dir='ltr'>χαρᾶς</span> <span class='ocrx_word' id='word_1_532' title='bbox 2593 3621 2689 3674; x_wconf 78' lang='grc' dir='ltr'>καὶ</span> <span class='ocrx_word' id='word_1_533' title='bbox 2739 3620 3184 3695; x_wconf 82' lang='grc' dir='ltr'>ὲξομολογήσεως</span> <span class='ocrx_word' id='word_1_534' title='bbox 3235 3622 3483 3694; x_wconf 84' lang='grc' dir='ltr'>δέχεσθαι</span> <span class='ocrx_word' id='word_1_535' title='bbox 3539 3621 3649 3685; x_wconf 89' lang='grc' dir='ltr'>δεῖ,</span> <span class='ocrx_word' id='word_1_536' title='bbox 3707 3621 3790 3684; x_wconf 82' lang='grc' dir='ltr'>ὡς</span> 
     </span>
    </p>
   </div>
   <div class='ocr_carea' id='block_1_72' title="bbox 510 3710 2040 3782">
    <p class='ocr_par' dir='ltr' id='par_1_72' title="bbox 510 3710 1340 3780">
     <span class='ocr_line' id='line_1_72' title="bbox 510 3710 1340 3780; baseline 0.011 -18"><span class='ocrx_word' id='word_1_537' title='bbox 510 3710 602 3780; x_wconf 88' lang='lat' dir='ltr'><strong>qui</strong></span> <span class='ocrx_word' id='word_1_538' title='bbox 635 3710 785 3766; x_wconf 90' lang='lat' dir='ltr'><strong>curis</strong></span> <span class='ocrx_word' id='word_1_539' title='bbox 816 3711 1030 3768; x_wconf 89' lang='lat' dir='ltr'><strong>liberati</strong></span> <span class='ocrx_word' id='word_1_540' title='bbox 1053 3713 1340 3771; x_wconf 76' lang='lat' dir='ltr'><strong>fuerimus.</strong></span> 
     </span>
    </p>
   </div>
   <div class='ocr_carea' id='block_1_73' title="bbox 1418 3710 2948 3782">
    <p class='ocr_par' dir='ltr' id='par_1_73' title="bbox 2186 3711 2948 3782">
     <span class='ocr_line' id='line_1_73' title="bbox 2186 3711 2948 3782; baseline 0.005 -17"><span class='ocrx_word' id='word_1_541' title='bbox 2186 3713 2487 3782; x_wconf 82' lang='grc' dir='ltr'>φροντίδων</span> <span class='ocrx_word' id='word_1_542' title='bbox 2513 3711 2948 3782; x_wconf 80' lang='grc' dir='ltr'>ἀπαλλαγέντας.</span> 
     </span>
    </p>
   </div>
   <div class='ocr_carea' id='block_1_74' title="bbox 578 3801 2108 3883">
    <p class='ocr_par' dir='ltr' id='par_1_74' title="bbox 578 3801 2085 3878">
     <span class='ocr_line' id='line_1_74' title="bbox 578 3801 2085 3878; baseline 0.006 -23"><span class='ocrx_word' id='word_1_543' title='bbox 578 3801 634 3855; x_wconf 78' lang='grc'>4.</span> <span class='ocrx_word' id='word_1_544' title='bbox 670 3802 860 3859; x_wconf 86' lang='lat' dir='ltr'><strong>Frater</strong></span> <span class='ocrx_word' id='word_1_545' title='bbox 888 3804 1138 3862; x_wconf 88' lang='lat' dir='ltr'><strong>abbatem</strong></span> <span class='ocrx_word' id='word_1_546' title='bbox 1161 3805 1494 3878; x_wconf 87' lang='lat' dir='ltr'><strong>Euprepium</strong></span> <span class='ocrx_word' id='word_1_547' title='bbox 1536 3808 1896 3878; x_wconf 77' lang='lat' dir='ltr'><strong>interrogavit</strong></span> <span class='ocrx_word' id='word_1_548' title='bbox 1917 3807 1986 3864; x_wconf 90' lang='lat' dir='ltr'><strong>de</strong></span> <span class='ocrx_word' id='word_1_549' title='bbox 2009 3809 2085 3864; x_wconf 82' lang='lat' dir='ltr'><strong>vi-</strong></span> 
     </span>
    </p>
   </div>
   <div class='ocr_carea' id='block_1_75' title="bbox 2257 3801 3787 3883">
    <p class='ocr_par' dir='ltr' id='par_1_75' title="bbox 2257 3804 3787 3883">
     <span class='ocr_line' id='line_1_75' title="bbox 2257 3804 3787 3883; baseline 0.005 -26"><span class='ocrx_word' id='word_1_550' title='bbox 2257 3805 2318 3874; x_wconf 71' lang='grc' dir='ltr'>δ’,</span> <span class='ocrx_word' id='word_1_551' title='bbox 2378 3804 2632 3873; x_wconf 84' lang='grc' dir='ltr'>Ἀδελφὸς</span> <span class='ocrx_word' id='word_1_552' title='bbox 2677 3805 2932 3877; x_wconf 81' lang='grc' dir='ltr'>ἠρώτησε</span> <span class='ocrx_word' id='word_1_553' title='bbox 2967 3805 3060 3860; x_wconf 78' lang='grc' dir='ltr'><strong>τὸν</strong></span> <span class='ocrx_word' id='word_1_554' title='bbox 3088 3807 3262 3862; x_wconf 79' lang='grc' dir='ltr'>άϐϐᾶν</span> <span class='ocrx_word' id='word_1_555' title='bbox 3291 3808 3611 3880; x_wconf 83' lang='grc' dir='ltr'>Εὑπρέπιον</span> <span class='ocrx_word' id='word_1_556' title='bbox 3645 3815 3787 3883; x_wconf 76' lang='grc' dir='ltr'>περὶ</span> 
     </span>
    </p>
   </div>
   <div class='ocr_carea' id='block_1_76' title="bbox 509 3895 2039 3974">
    <p class='ocr_par' dir='ltr' id='par_1_76' title="bbox 509 3895 2039 3968">
     <span class='ocr_line' id='line_1_76' title="bbox 509 3895 2039 3968; baseline 0.004 -20"><span class='ocrx_word' id='word_1_557' title='bbox 509 3903 585 3950; x_wconf 89' lang='lat' dir='ltr'><strong>ta.</strong></span> <span class='ocrx_word' id='word_1_558' title='bbox 633 3895 699 3950; x_wconf 89' lang='lat' dir='ltr'><strong>Et</strong></span> <span class='ocrx_word' id='word_1_559' title='bbox 744 3898 1025 3968; x_wconf 90' lang='lat' dir='ltr'><strong>respondit</strong></span> <span class='ocrx_word' id='word_1_560' title='bbox 1072 3913 1238 3954; x_wconf 82' lang='lat' dir='ltr'><strong>senex</strong></span> <span class='ocrx_word' id='word_1_561' title='bbox 1286 3918 1299 3954; x_wconf 90' lang='lat'><strong>:</strong></span> <span class='ocrx_word' id='word_1_562' title='bbox 1337 3897 1542 3955; x_wconf 83' lang='lat' dir='ltr'><strong>Fenum</strong></span> <span class='ocrx_word' id='word_1_563' title='bbox 1589 3900 1842 3967; x_wconf 90' lang='lat' dir='ltr'><strong>comede,</strong></span> <span class='ocrx_word' id='word_1_564' title='bbox 1897 3900 2039 3956; x_wconf 75' lang='lat' dir='ltr'><strong>fenul</strong></span> 
     </span>
    </p>
   </div>
   <div class='ocr_carea' id='block_1_77' title="bbox 2258 3895 3788 3974">
    <p class='ocr_par' dir='ltr' id='par_1_77' title="bbox 2258 3895 3788 3974">
     <span class='ocr_line' id='line_1_77' title="bbox 2258 3895 3788 3974; baseline 0.003 -21"><span class='ocrx_word' id='word_1_565' title='bbox 2258 3898 2353 3968; x_wconf 66' lang='grc' dir='ltr'>ἧς.</span> <span class='ocrx_word' id='word_1_566' title='bbox 2402 3899 2516 3953; x_wconf 77' lang='lat' dir='ltr'><strong>Kal.</strong></span> <span class='ocrx_word' id='word_1_567' title='bbox 2558 3895 2712 3952; x_wconf 77' lang='grc' dir='ltr'>εἶπεν</span> <span class='ocrx_word' id='word_1_568' title='bbox 2758 3901 2788 3952; x_wconf 92' lang='lat'><strong>6</strong></span> <span class='ocrx_word' id='word_1_569' title='bbox 2839 3900 3052 3970; x_wconf 87' lang='grc' dir='ltr'>γέρων·</span> <span class='ocrx_word' id='word_1_570' title='bbox 3090 3901 3296 3972; x_wconf 87' lang='grc' dir='ltr'>Χόρτον</span> <span class='ocrx_word' id='word_1_571' title='bbox 3351 3902 3512 3970; x_wconf 87' lang='grc' dir='ltr'>φάγε,</span> <span class='ocrx_word' id='word_1_572' title='bbox 3579 3904 3788 3974; x_wconf 79' lang='grc' dir='ltr'>χόρτον</span> 
     </span>
    </p>
   </div>
   <div class='ocr_carea' id='block_1_78' title="bbox 512 3987 2042 4064">
    <p class='ocr_par' dir='ltr' id='par_1_78' title="bbox 512 3987 2042 4057">
     <span class='ocr_line' id='line_1_78' title="bbox 512 3987 2042 4057; baseline 0.003 -15"><span class='ocrx_word' id='word_1_573' title='bbox 512 3994 684 4056; x_wconf 80' lang='lat' dir='ltr'><strong>gesta,</strong></span> <span class='ocrx_word' id='word_1_574' title='bbox 715 3987 770 4042; x_wconf 92' lang='lat' dir='ltr'><strong>in</strong></span> <span class='ocrx_word' id='word_1_575' title='bbox 819 3988 947 4043; x_wconf 86' lang='lat' dir='ltr'><strong>feno</strong></span> <span class='ocrx_word' id='word_1_576' title='bbox 999 3989 1196 4044; x_wconf 82' lang='lat' dir='ltr'><strong>dormi.</strong></span> <span class='ocrx_word' id='word_1_577' title='bbox 1232 3989 1348 4046; x_wconf 85' lang='lat' dir='ltr'><strong>Hoc</strong></span> <span class='ocrx_word' id='word_1_578' title='bbox 1377 3998 1483 4057; x_wconf 88' lang='lat' dir='ltr'><strong>est,</strong></span> <span class='ocrx_word' id='word_1_579' title='bbox 1533 4000 1824 4048; x_wconf 89' lang='lat' dir='ltr'><strong>contemne</strong></span> <span class='ocrx_word' id='word_1_580' title='bbox 1861 4001 2042 4048; x_wconf 82' lang='lat' dir='ltr'><strong>cunct:</strong></span> 
     </span>
    </p>
   </div>
   <div class='ocr_carea' id='block_1_79' title="bbox 2259 3987 3789 4064">
    <p class='ocr_par' dir='ltr' id='par_1_79' title="bbox 2260 3992 3789 4064">
     <span class='ocr_line' id='line_1_79' title="bbox 2260 3992 3789 4064; baseline 0.005 -21"><span class='ocrx_word' id='word_1_581' title='bbox 2260 4007 2436 4059; x_wconf 89' lang='grc' dir='ltr'>ρεσον,</span> <span class='ocrx_word' id='word_1_582' title='bbox 2466 3993 2547 4056; x_wconf 81' lang='grc' dir='ltr'><strong>εἰς</strong></span> <span class='ocrx_word' id='word_1_583' title='bbox 2578 3993 2772 4064; x_wconf 88' lang='grc' dir='ltr'>χόρτον</span> <span class='ocrx_word' id='word_1_584' title='bbox 2801 3992 3018 4063; x_wconf 81' lang='grc' dir='ltr'>κοιμοῢ,</span> <span class='ocrx_word' id='word_1_585' title='bbox 3051 3993 3325 4060; x_wconf 84' lang='grc' dir='ltr'>τουτέστι,</span> <span class='ocrx_word' id='word_1_586' title='bbox 3358 3996 3578 4050; x_wconf 86' lang='grc' dir='ltr'>πάντων</span> <span class='ocrx_word' id='word_1_587' title='bbox 3597 4014 3789 4052; x_wconf 84' lang='grc' dir='ltr'>κατα-</span> 
     </span>
    </p>
   </div>
   <div class='ocr_carea' id='block_1_80' title="bbox 511 4078 2041 4156">
    <p class='ocr_par' dir='ltr' id='par_1_80' title="bbox 511 4078 1329 4136">
     <span class='ocr_line' id='line_1_80' title="bbox 511 4078 1329 4136; baseline 0.007 -7"><span class='ocrx_word' id='word_1_588' title='bbox 511 4091 607 4130; x_wconf 90' lang='lat' dir='ltr'><strong>cor</strong></span> <span class='ocrx_word' id='word_1_589' title='bbox 643 4084 823 4133; x_wconf 91' lang='lat' dir='ltr'><strong>autem</strong></span> <span class='ocrx_word' id='word_1_590' title='bbox 852 4079 1040 4134; x_wconf 89' lang='lat' dir='ltr'><strong>obtine</strong></span> <span class='ocrx_word' id='word_1_591' title='bbox 1072 4078 1329 4136; x_wconf 89' lang='lat' dir='ltr'><strong>ferreum.</strong></span> 
     </span>
    </p>
   </div>
   <div class='ocr_carea' id='block_1_81' title="bbox 1875 4078 3405 4156">
    <p class='ocr_par' dir='ltr' id='par_1_81' title="bbox 2185 4081 3405 4156">
     <span class='ocr_line' id='line_1_81' title="bbox 2185 4081 3405 4156; baseline 0.004 -23"><span class='ocrx_word' id='word_1_592' title='bbox 2185 4081 2393 4151; x_wconf 84' lang='grc' dir='ltr'>φρόνει,</span> <span class='ocrx_word' id='word_1_593' title='bbox 2423 4082 2524 4152; x_wconf 84' lang='grc' dir='ltr'>τὴν</span> <span class='ocrx_word' id='word_1_594' title='bbox 2556 4082 2613 4136; x_wconf 85' lang='grc' dir='ltr'>δὲ</span> <span class='ocrx_word' id='word_1_595' title='bbox 2649 4083 2880 4153; x_wconf 89' lang='grc' dir='ltr'>καρδίαν</span> <span class='ocrx_word' id='word_1_596' title='bbox 2902 4083 3138 4154; x_wconf 82' lang='grc' dir='ltr'>κέκτησο</span> <span class='ocrx_word' id='word_1_597' title='bbox 3166 4085 3405 4156; x_wconf 84' lang='grc' dir='ltr'>σιδηρᾶν.</span> 
     </span>
    </p>
   </div>
   <div class='ocr_carea' id='block_1_82' title="bbox 579 4164 2109 4249">
    <p class='ocr_par' dir='ltr' id='par_1_82' title="bbox 579 4164 2076 4240">
     <span class='ocr_line' id='line_1_82' title="bbox 579 4164 2076 4240; baseline 0.007 -21"><span class='ocrx_word' id='word_1_598' title='bbox 579 4165 634 4221; x_wconf 83' lang='lat'><strong>5.</strong></span> <span class='ocrx_word' id='word_1_599' title='bbox 671 4164 862 4222; x_wconf 83' lang='lat' dir='ltr'><strong>Frater</strong></span> <span class='ocrx_word' id='word_1_600' title='bbox 908 4168 1265 4240; x_wconf 80' lang='lat' dir='ltr'><strong>interrogavit</strong></span> <span class='ocrx_word' id='word_1_601' title='bbox 1296 4172 1549 4227; x_wconf 90' lang='lat' dir='ltr'><strong>eumdem</strong></span> <span class='ocrx_word' id='word_1_602' title='bbox 1584 4188 1797 4237; x_wconf 90' lang='lat' dir='ltr'><strong>senem,</strong></span> <span class='ocrx_word' id='word_1_603' title='bbox 1833 4174 2022 4230; x_wconf 87' lang='lat' dir='ltr'><strong>dicens</strong></span> <span class='ocrx_word' id='word_1_604' title='bbox 2063 4194 2076 4229; x_wconf 89' lang='lat'><strong>:</strong></span> 
     </span>
    </p>
   </div>
   <div class='ocr_carea' id='block_1_83' title="bbox 2256 4164 3786 4249">
    <p class='ocr_par' dir='ltr' id='par_1_83' title="bbox 2262 4173 3786 4249">
     <span class='ocr_line' id='line_1_83' title="bbox 2262 4173 3786 4249; baseline 0.006 -24"><span class='ocrx_word' id='word_1_605' title='bbox 2262 4179 2325 4226; x_wconf 86' lang='grc' dir='ltr'>ε’.</span> <span class='ocrx_word' id='word_1_606' title='bbox 2385 4173 2638 4242; x_wconf 80' lang='grc' dir='ltr'>’Δδελφδς</span> <span class='ocrx_word' id='word_1_607' title='bbox 2680 4174 2933 4247; x_wconf 70' lang='grc' dir='ltr'>ἠρώτησε</span> <span class='ocrx_word' id='word_1_608' title='bbox 2958 4175 3048 4229; x_wconf 82' lang='grc' dir='ltr'><strong>τὸν</strong></span> <span class='ocrx_word' id='word_1_609' title='bbox 3078 4177 3237 4229; x_wconf 77' lang='grc' dir='ltr'>αὑτὸν</span> <span class='ocrx_word' id='word_1_610' title='bbox 3275 4177 3524 4248; x_wconf 82' lang='grc' dir='ltr'>γέροντα.</span> <span class='ocrx_word' id='word_1_611' title='bbox 3560 4179 3786 4249; x_wconf 78' lang='grc' dir='ltr'>λέγων·</span> 
     </span>
    </p>
   </div>
   <div class='ocr_carea' id='block_1_84' title="bbox 508 4253 2038 4340">
    <p class='ocr_par' dir='ltr' id='par_1_84' title="bbox 508 4253 2038 4324">
     <span class='ocr_line' id='line_1_84' title="bbox 508 4253 2038 4324; baseline 0.008 -17"><span class='ocrx_word' id='word_1_612' title='bbox 508 4253 631 4321; x_wconf 85' lang='lat' dir='ltr'><strong>Quo</strong></span> <span class='ocrx_word' id='word_1_613' title='bbox 667 4265 830 4324; x_wconf 89' lang='lat' dir='ltr'><strong>pacto</strong></span> <span class='ocrx_word' id='word_1_614' title='bbox 863 4256 1086 4312; x_wconf 90' lang='lat' dir='ltr'><strong>advenit</strong></span> <span class='ocrx_word' id='word_1_615' title='bbox 1117 4258 1279 4314; x_wconf 91' lang='lat' dir='ltr'><strong>timor</strong></span> <span class='ocrx_word' id='word_1_616' title='bbox 1302 4259 1396 4316; x_wconf 91' lang='lat' dir='ltr'><strong>Dei</strong></span> <span class='ocrx_word' id='word_1_617' title='bbox 1421 4262 1474 4315; x_wconf 94' lang='lat' dir='ltr'><strong>in</strong></span> <span class='ocrx_word' id='word_1_618' title='bbox 1508 4263 1867 4319; x_wconf 85' lang='lat' dir='ltr'><strong>animam?Et</strong></span> <span class='ocrx_word' id='word_1_619' title='bbox 1891 4267 1963 4320; x_wconf 86' lang='lat' dir='ltr'><strong>ait</strong></span> <span class='ocrx_word' id='word_1_620' title='bbox 1997 4281 2038 4320; x_wconf 60' lang='lat' dir='ltr'><strong>se</strong></span> 
     </span>
    </p>
   </div>
   <div class='ocr_carea' id='block_1_85' title="bbox 2260 4253 3790 4340">
    <p class='ocr_par' dir='ltr' id='par_1_85' title="bbox 2260 4261 3790 4340">
     <span class='ocr_line' id='line_1_85' title="bbox 2260 4261 3790 4340; baseline 0.006 -25"><span class='ocrx_word' id='word_1_621' title='bbox 2260 4261 2313 4326; x_wconf 79' lang='grc' dir='ltr'>[ις</span> <span class='ocrx_word' id='word_1_622' title='bbox 2345 4262 2562 4334; x_wconf 77' lang='grc' dir='ltr'>ἔρχεται</span> <span class='ocrx_word' id='word_1_623' title='bbox 2595 4266 2624 4317; x_wconf 90' lang='grc' dir='ltr'>ὁ</span> <span class='ocrx_word' id='word_1_624' title='bbox 2651 4265 2818 4334; x_wconf 87' lang='grc' dir='ltr'>φόϐος</span> <span class='ocrx_word' id='word_1_625' title='bbox 2862 4265 2957 4319; x_wconf 83' lang='grc' dir='ltr'>τοῦ</span> <span class='ocrx_word' id='word_1_626' title='bbox 2997 4266 3133 4319; x_wconf 83' lang='grc' dir='ltr'>Θεοῦ</span> <span class='ocrx_word' id='word_1_627' title='bbox 3177 4269 3257 4330; x_wconf 76' lang='grc' dir='ltr'><strong>είς</strong></span> <span class='ocrx_word' id='word_1_628' title='bbox 3284 4267 3381 4337; x_wconf 73' lang='grc' dir='ltr'><strong>τὴν</strong></span> <span class='ocrx_word' id='word_1_629' title='bbox 3407 4267 3631 4340; x_wconf 75' lang='grc' dir='ltr'>ψυχήν;</span> <span class='ocrx_word' id='word_1_630' title='bbox 3671 4273 3790 4324; x_wconf 68' lang='grc' dir='ltr'><strong>Καὶ</strong></span> 
     </span>
    </p>
   </div>
   <div class='ocr_carea' id='block_1_86' title="bbox 510 4344 2040 4432">
    <p class='ocr_par' dir='ltr' id='par_1_86' title="bbox 510 4344 2040 4428">
     <span class='ocr_line' id='line_1_86' title="bbox 510 4344 2040 4428; baseline 0.009 -29"><span class='ocrx_word' id='word_1_631' title='bbox 510 4361 612 4402; x_wconf 75' lang='lat' dir='ltr'><strong>nex</strong></span> <span class='ocrx_word' id='word_1_632' title='bbox 645 4364 659 4402; x_wconf 89' lang='lat'><strong>:</strong></span> <span class='ocrx_word' id='word_1_633' title='bbox 698 4344 756 4400; x_wconf 89' lang='lat' dir='ltr'><strong>Si</strong></span> <span class='ocrx_word' id='word_1_634' title='bbox 802 4346 966 4402; x_wconf 87' lang='lat' dir='ltr'><strong>homo</strong></span> <span class='ocrx_word' id='word_1_635' title='bbox 997 4348 1251 4404; x_wconf 87' lang='lat' dir='ltr'><strong>habuerit</strong></span> <span class='ocrx_word' id='word_1_636' title='bbox 1299 4351 1684 4421; x_wconf 82' lang='lat' dir='ltr'><strong>humilitatem,</strong></span> <span class='ocrx_word' id='word_1_637' title='bbox 1719 4357 1854 4412; x_wconf 90' lang='lat' dir='ltr'><strong>nihil</strong></span> <span class='ocrx_word' id='word_1_638' title='bbox 1888 4374 2040 4428; x_wconf 76' lang='lat' dir='ltr'><strong>posse</strong></span> 
     </span>
    </p>
   </div>
   <div class='ocr_carea' id='block_1_87' title="bbox 2258 4344 3788 4432">
    <p class='ocr_par' dir='ltr' id='par_1_87' title="bbox 2258 4355 3788 4432">
     <span class='ocr_line' id='line_1_87' title="bbox 2258 4355 3788 4432; baseline 0.005 -25"><span class='ocrx_word' id='word_1_639' title='bbox 2258 4371 2336 4408; x_wconf 78' lang='grc' dir='ltr'><strong>τεν</strong></span> <span class='ocrx_word' id='word_1_640' title='bbox 2365 4358 2394 4409; x_wconf 88' lang='lat'><strong>6</strong></span> <span class='ocrx_word' id='word_1_641' title='bbox 2422 4355 2600 4428; x_wconf 86' lang='grc' dir='ltr'>γέρων</span> <span class='ocrx_word' id='word_1_642' title='bbox 2619 4371 2634 4386; x_wconf 84' lang='lat'><strong><em>°</em></strong></span> <span class='ocrx_word' id='word_1_643' title='bbox 2672 4357 2798 4410; x_wconf 85' lang='grc' dir='ltr'><strong>Ἐὰν</strong></span> <span class='ocrx_word' id='word_1_644' title='bbox 2838 4357 2936 4432; x_wconf 79' lang='grc' dir='ltr'><strong>ἔχῃ</strong></span> <span class='ocrx_word' id='word_1_645' title='bbox 2967 4358 3254 4430; x_wconf 77' lang='grc' dir='ltr'>ἅνθρωπος</span> <span class='ocrx_word' id='word_1_646' title='bbox 3281 4360 3377 4429; x_wconf 72' lang='grc' dir='ltr'><strong>τὴν</strong></span> <span class='ocrx_word' id='word_1_647' title='bbox 3408 4360 3788 4425; x_wconf 72' lang='grc' dir='ltr'>ταπείνωσιν,</span> 
     </span>
    </p>
   </div>
   <div class='ocr_carea' id='block_1_88' title="bbox 508 4437 2038 4525">
    <p class='ocr_par' dir='ltr' id='par_1_88' title="bbox 508 4437 1969 4510">
     <span class='ocr_line' id='line_1_88' title="bbox 508 4437 1969 4510; baseline 0.008 -15"><span class='ocrx_word' id='word_1_648' title='bbox 508 4437 670 4503; x_wconf 87' lang='lat' dir='ltr'><strong>derit,</strong></span> <span class='ocrx_word' id='word_1_649' title='bbox 699 4452 800 4494; x_wconf 83' lang='lat' dir='ltr'><strong>nec</strong></span> <span class='ocrx_word' id='word_1_650' title='bbox 831 4439 1180 4510; x_wconf 73' lang='lat' dir='ltr'><strong>iudicaverit,</strong></span> <span class='ocrx_word' id='word_1_651' title='bbox 1205 4442 1384 4498; x_wconf 90' lang='lat' dir='ltr'><strong>veniet</strong></span> <span class='ocrx_word' id='word_1_652' title='bbox 1418 4442 1472 4498; x_wconf 90' lang='lat' dir='ltr'><strong>in</strong></span> <span class='ocrx_word' id='word_1_653' title='bbox 1501 4460 1623 4500; x_wconf 88' lang='lat' dir='ltr'><strong>eum</strong></span> <span class='ocrx_word' id='word_1_654' title='bbox 1653 4446 1818 4502; x_wconf 90' lang='lat' dir='ltr'><strong>timor</strong></span> <span class='ocrx_word' id='word_1_655' title='bbox 1853 4447 1969 4506; x_wconf 90' lang='lat' dir='ltr'><strong>Dei.</strong></span> 
     </span>
    </p>
   </div>
   <div class='ocr_carea' id='block_1_89' title="bbox 2258 4437 3788 4525">
    <p class='ocr_par' dir='ltr' id='par_1_89' title="bbox 2258 4449 3788 4525">
     <span class='ocr_line' id='line_1_89' title="bbox 2258 4449 3788 4525; baseline 0.005 -23"><span class='ocrx_word' id='word_1_656' title='bbox 2258 4451 2276 4502; x_wconf 80' lang='grc' dir='ltr'><strong>ὶ</strong></span> <span class='ocrx_word' id='word_1_657' title='bbox 2313 4449 2412 4520; x_wconf 78' lang='grc' dir='ltr'>τὴν</span> <span class='ocrx_word' id='word_1_658' title='bbox 2449 4450 2860 4521; x_wconf 80' lang='grc' dir='ltr'>ἀκτημοσύνην,</span> <span class='ocrx_word' id='word_1_659' title='bbox 2908 4453 3098 4506; x_wconf 75' lang='grc' dir='ltr'>καὶτὸ</span> <span class='ocrx_word' id='word_1_660' title='bbox 3150 4451 3225 4523; x_wconf 81' lang='grc' dir='ltr'>μὴ</span> <span class='ocrx_word' id='word_1_661' title='bbox 3271 4453 3500 4524; x_wconf 84' lang='grc' dir='ltr'>κρίνειν,</span> <span class='ocrx_word' id='word_1_662' title='bbox 3546 4453 3788 4525; x_wconf 67' lang='grc' dir='ltr'>ἔρχεται</span> 
     </span>
    </p>
   </div>
   <div class='ocr_carea' id='block_1_90' title="bbox 1029 4539 2892 4611">
    <p class='ocr_par' dir='ltr' id='par_1_90' title="bbox 1029 4539 2892 4611">
     <span class='ocr_line' id='line_1_90' title="bbox 1029 4539 2892 4611; baseline 0.004 -23"><span class='ocrx_word' id='word_1_663' title='bbox 1029 4585 1032 4588; x_wconf 83' lang='lat'><strong>.</strong></span> <span class='ocrx_word' id='word_1_664' title='bbox 2111 4539 2157 4594; x_wconf 88' lang='grc' dir='ltr'><strong>Ι)</strong></span> <span class='ocrx_word' id='word_1_665' title='bbox 2186 4539 2336 4611; x_wconf 78' lang='grc' dir='ltr'>αὐτῷ</span> <span class='ocrx_word' id='word_1_666' title='bbox 2364 4543 2392 4594; x_wconf 91' lang='lat'><strong>6</strong></span> <span class='ocrx_word' id='word_1_667' title='bbox 2422 4540 2584 4610; x_wconf 84' lang='grc' dir='ltr'>φόϐος</span> <span class='ocrx_word' id='word_1_668' title='bbox 2609 4541 2703 4594; x_wconf 83' lang='grc' dir='ltr'><strong>τοῦ</strong></span> <span class='ocrx_word' id='word_1_669' title='bbox 2734 4542 2892 4597; x_wconf 78' lang='grc' dir='ltr'>Θεοῦ.</span> 
     </span>
    </p>
   </div>
   <div class='ocr_carea' id='block_1_91' title="bbox 577 4615 2107 4703">
    <p class='ocr_par' dir='ltr' id='par_1_91' title="bbox 577 4615 2076 4680">
     <span class='ocr_line' id='line_1_91' title="bbox 577 4615 2076 4680; baseline 0.007 -10"><span class='ocrx_word' id='word_1_670' title='bbox 577 4615 632 4670; x_wconf 89' lang='lat'><em>6.</em></span> <span class='ocrx_word' id='word_1_671' title='bbox 659 4615 805 4672; x_wconf 89' lang='lat' dir='ltr'><strong>Idem</strong></span> <span class='ocrx_word' id='word_1_672' title='bbox 835 4615 975 4671; x_wconf 80' lang='lat' dir='ltr'><strong>dixit</strong></span> <span class='ocrx_word' id='word_1_673' title='bbox 1011 4635 1023 4672; x_wconf 91' lang='lat'><strong>:</strong></span> <span class='ocrx_word' id='word_1_674' title='bbox 1051 4615 1238 4673; x_wconf 88' lang='lat' dir='ltr'><strong>Timor</strong></span> <span class='ocrx_word' id='word_1_675' title='bbox 1266 4633 1388 4672; x_wconf 91' lang='lat' dir='ltr'><strong>cum</strong></span> <span class='ocrx_word' id='word_1_676' title='bbox 1422 4619 1727 4677; x_wconf 85' lang='lat' dir='ltr'><strong>humilitate</strong></span> <span class='ocrx_word' id='word_1_677' title='bbox 1755 4632 1808 4677; x_wconf 90' lang='lat' dir='ltr'><strong>et</strong></span> <span class='ocrx_word' id='word_1_678' title='bbox 1828 4624 2076 4680; x_wconf 90' lang='lat' dir='ltr'><strong>ciborum</strong></span> 
     </span>
    </p>
   </div>
   <div class='ocr_carea' id='block_1_92' title="bbox 2262 4615 3792 4703">
    <p class='ocr_par' dir='ltr' id='par_1_92' title="bbox 2262 4630 3792 4703">
     <span class='ocr_line' id='line_1_92' title="bbox 2262 4630 3792 4703; baseline 0.005 -17"><span class='ocrx_word' id='word_1_679' title='bbox 2262 4641 2327 4698; x_wconf 70' lang='grc' dir='ltr'>ς’.</span> <span class='ocrx_word' id='word_1_680' title='bbox 2377 4635 2436 4686; x_wconf 84' lang='lat' dir='ltr'><strong>&#39;U</strong></span> <span class='ocrx_word' id='word_1_681' title='bbox 2482 4635 2643 4697; x_wconf 80' lang='grc' dir='ltr'>αὐτὸς</span> <span class='ocrx_word' id='word_1_682' title='bbox 2673 4630 2792 4688; x_wconf 84' lang='grc' dir='ltr'>εἷπε</span> <span class='ocrx_word' id='word_1_683' title='bbox 2811 4654 2822 4665; x_wconf 88' lang='grc'><strong>·</strong></span> <span class='ocrx_word' id='word_1_684' title='bbox 2854 4636 3020 4700; x_wconf 83' lang='grc' dir='ltr'>Φόϐος</span> <span class='ocrx_word' id='word_1_685' title='bbox 3048 4652 3144 4690; x_wconf 88' lang='grc' dir='ltr'><strong>και</strong></span> <span class='ocrx_word' id='word_1_686' title='bbox 3172 4636 3520 4703; x_wconf 80' lang='grc' dir='ltr'>ταπείνωσις,</span> <span class='ocrx_word' id='word_1_687' title='bbox 3550 4640 3658 4692; x_wconf 77' lang='grc' dir='ltr'><strong>καὶ</strong></span> <span class='ocrx_word' id='word_1_688' title='bbox 3709 4642 3792 4695; x_wconf 61' lang='grc' dir='ltr'><strong>ἔνι</strong></span> 
     </span>
    </p>
   </div>
   <div class='ocr_carea' id='block_1_93' title="bbox 503 4709 2033 4800">
    <p class='ocr_par' dir='ltr' id='par_1_93' title="bbox 503 4709 1716 4781">
     <span class='ocr_line' id='line_1_93' title="bbox 503 4709 1716 4781; baseline 0.004 -17"><span class='ocrx_word' id='word_1_689' title='bbox 503 4709 823 4780; x_wconf 80' lang='lat' dir='ltr'><strong>indigentia,</strong></span> <span class='ocrx_word' id='word_1_690' title='bbox 862 4709 1142 4781; x_wconf 88' lang='lat' dir='ltr'><strong>luctuque,</strong></span> <span class='ocrx_word' id='word_1_691' title='bbox 1184 4720 1490 4781; x_wconf 86' lang='lat' dir='ltr'><strong>perseveret</strong></span> <span class='ocrx_word' id='word_1_692' title='bbox 1519 4721 1716 4770; x_wconf 91' lang='lat' dir='ltr'><strong>tecum.</strong></span> 
     </span>
    </p>
   </div>
   <div class='ocr_carea' id='block_1_94' title="bbox 1829 4709 3359 4800">
    <p class='ocr_par' dir='ltr' id='par_1_94' title="bbox 2179 4725 3359 4800">
     <span class='ocr_line' id='line_1_94' title="bbox 2179 4725 3359 4800; baseline 0.002 -22"><span class='ocrx_word' id='word_1_693' title='bbox 2179 4725 2296 4778; x_wconf 85' lang='grc' dir='ltr'>δεια</span> <span class='ocrx_word' id='word_1_694' title='bbox 2321 4725 2559 4795; x_wconf 86' lang='grc' dir='ltr'>τροφῶν.</span> <span class='ocrx_word' id='word_1_695' title='bbox 2588 4728 2683 4778; x_wconf 78' lang='grc' dir='ltr'><strong>καὶ</strong></span> <span class='ocrx_word' id='word_1_696' title='bbox 2715 4727 2906 4791; x_wconf 84' lang='grc' dir='ltr'>πένθος</span> <span class='ocrx_word' id='word_1_697' title='bbox 2931 4727 3232 4800; x_wconf 88' lang='grc' dir='ltr'>διαμενέτω</span> <span class='ocrx_word' id='word_1_698' title='bbox 3259 4745 3359 4782; x_wconf 92' lang='grc' dir='ltr'>σοι.</span> 
     </span>
    </p>
   </div>
   <div class='ocr_carea' id='block_1_95' title="bbox 577 4798 2107 4896">
    <p class='ocr_par' dir='ltr' id='par_1_95' title="bbox 577 4798 2077 4875">
     <span class='ocr_line' id='line_1_95' title="bbox 577 4798 2077 4875; baseline 0.009 -23"><span class='ocrx_word' id='word_1_699' title='bbox 577 4798 628 4854; x_wconf 88' lang='grc'>7.</span> <span class='ocrx_word' id='word_1_700' title='bbox 670 4799 731 4856; x_wconf 83' lang='lat' dir='ltr'><strong>In</strong></span> <span class='ocrx_word' id='word_1_701' title='bbox 783 4800 1055 4870; x_wconf 88' lang='lat' dir='ltr'><strong>principio</strong></span> <span class='ocrx_word' id='word_1_702' title='bbox 1098 4815 1201 4854; x_wconf 91' lang='lat' dir='ltr'><strong>suo</strong></span> <span class='ocrx_word' id='word_1_703' title='bbox 1246 4801 1415 4858; x_wconf 89' lang='lat' dir='ltr'><strong>abbas</strong></span> <span class='ocrx_word' id='word_1_704' title='bbox 1466 4801 1768 4875; x_wconf 86' lang='lat' dir='ltr'><strong>Euprepius</strong></span> <span class='ocrx_word' id='word_1_705' title='bbox 1815 4809 1965 4864; x_wconf 91' lang='lat' dir='ltr'><strong>venit</strong></span> <span class='ocrx_word' id='word_1_706' title='bbox 2009 4810 2077 4865; x_wconf 91' lang='lat' dir='ltr'><strong>ad</strong></span> 
     </span>
    </p>
   </div>
   <div class='ocr_carea' id='block_1_96' title="bbox 2260 4798 3790 4896">
    <p class='ocr_par' dir='ltr' id='par_1_96' title="bbox 2260 4798 3790 4896">
     <span class='ocr_line' id='line_1_96' title="bbox 2260 4798 3790 4896; baseline 0.012 -33"><span class='ocrx_word' id='word_1_707' title='bbox 2260 4819 2306 4879; x_wconf 73' lang='grc' dir='ltr'><strong>ζ’.</strong></span> <span class='ocrx_word' id='word_1_708' title='bbox 2363 4815 2680 4887; x_wconf 82' lang='grc' dir='ltr'>Παρέϐαλεν</span> <span class='ocrx_word' id='word_1_709' title='bbox 2719 4820 2778 4870; x_wconf 83' lang='grc' dir='ltr'>ἐν</span> <span class='ocrx_word' id='word_1_710' title='bbox 2807 4819 2948 4890; x_wconf 79' lang='grc' dir='ltr'><strong>ἀρχῇ</strong></span> <span class='ocrx_word' id='word_1_711' title='bbox 2994 4798 3162 4873; x_wconf 79' lang='grc' dir='ltr'>αὑτοῦ</span> <span class='ocrx_word' id='word_1_712' title='bbox 3192 4821 3221 4873; x_wconf 89' lang='lat'><strong>6</strong></span> <span class='ocrx_word' id='word_1_713' title='bbox 3249 4820 3419 4884; x_wconf 75' lang='grc' dir='ltr'>άϐϐἄς</span> <span class='ocrx_word' id='word_1_714' title='bbox 3446 4821 3790 4896; x_wconf 77' lang='grc' dir='ltr'>Εὐπρέπιὸς</span> 
     </span>
    </p>
   </div>
   <div class='ocr_carea' id='block_1_97' title="bbox 499 4889 2029 4989">
    <p class='ocr_par' dir='ltr' id='par_1_97' title="bbox 499 4889 2029 4967">
     <span class='ocr_line' id='line_1_97' title="bbox 499 4889 2029 4967; baseline 0.009 -24"><span class='ocrx_word' id='word_1_715' title='bbox 499 4889 791 4959; x_wconf 87' lang='lat' dir='ltr'><strong>quemdam</strong></span> <span class='ocrx_word' id='word_1_716' title='bbox 813 4905 1000 4946; x_wconf 90' lang='lat' dir='ltr'><strong>senem</strong></span> <span class='ocrx_word' id='word_1_717' title='bbox 1028 4907 1045 4957; x_wconf 90' lang='lat'><strong>;</strong></span> <span class='ocrx_word' id='word_1_718' title='bbox 1075 4891 1164 4946; x_wconf 91' lang='lat' dir='ltr'><strong>cui</strong></span> <span class='ocrx_word' id='word_1_719' title='bbox 1194 4891 1369 4948; x_wconf 87' lang='lat' dir='ltr'><strong>dixit:</strong></span> <span class='ocrx_word' id='word_1_720' title='bbox 1405 4894 1782 4967; x_wconf 85' lang='lat' dir='ltr'><strong>Abba,-profer</strong></span> <span class='ocrx_word' id='word_1_721' title='bbox 1805 4901 1934 4955; x_wconf 88' lang='lat' dir='ltr'><strong>mihi</strong></span> <span class='ocrx_word' id='word_1_722' title='bbox 1962 4917 2029 4958; x_wconf 69' lang='lat' dir='ltr'><strong>se]</strong></span> 
     </span>
    </p>
   </div>
   <div class='ocr_carea' id='block_1_98' title="bbox 2262 4889 3792 4989">
    <p class='ocr_par' dir='ltr' id='par_1_98' title="bbox 2262 4889 3792 4989">
     <span class='ocr_line' id='line_1_98' title="bbox 2262 4889 3792 4989; baseline 0.009 -28"><span class='ocrx_word' id='word_1_723' title='bbox 2262 4925 2286 4961; x_wconf 78' lang='lat' dir='ltr'><strong>‘t</strong></span> <span class='ocrx_word' id='word_1_724' title='bbox 2314 4907 2548 4979; x_wconf 85' lang='grc' dir='ltr'>γέροντι,</span> <span class='ocrx_word' id='word_1_725' title='bbox 2582 4911 2677 4962; x_wconf 72' lang='grc' dir='ltr'><strong>καὶ</strong></span> <span class='ocrx_word' id='word_1_726' title='bbox 2704 4909 2852 4978; x_wconf 79' lang='grc' dir='ltr'>λέγει</span> <span class='ocrx_word' id='word_1_727' title='bbox 2887 4889 3056 4981; x_wconf 77' lang='grc' dir='ltr'>αύτῷο</span> <span class='ocrx_word' id='word_1_728' title='bbox 3105 4912 3293 4975; x_wconf 75' lang='grc' dir='ltr'>Ἀϐϐά,</span> <span class='ocrx_word' id='word_1_729' title='bbox 3322 4913 3442 4966; x_wconf 70' lang='grc' dir='ltr'>εἶπέ</span> <span class='ocrx_word' id='word_1_730' title='bbox 3470 4889 3590 4984; x_wconf 41' lang='grc' dir='ltr'>μοι.</span> <span class='ocrx_word' id='word_1_731' title='bbox 3615 4889 3792 4989; x_wconf 72' lang='grc' dir='ltr'>λόγον</span> 
     </span>
    </p>
   </div>
   <div class='ocr_carea' id='block_1_99' title="bbox 499 4982 2029 5084">
    <p class='ocr_par' dir='ltr' id='par_1_99' title="bbox 499 4982 2024 5059">
     <span class='ocr_line' id='line_1_99' title="bbox 499 4982 2024 5059; baseline 0.008 -25"><span class='ocrx_word' id='word_1_732' title='bbox 499 4995 746 5046; x_wconf 81' lang='lat' dir='ltr'><strong>munem,</strong></span> <span class='ocrx_word' id='word_1_733' title='bbox 795 4982 1076 5051; x_wconf 89' lang='lat' dir='ltr'><strong>quomodo</strong></span> <span class='ocrx_word' id='word_1_734' title='bbox 1110 4985 1295 5040; x_wconf 89' lang='lat' dir='ltr'><strong>salvus</strong></span> <span class='ocrx_word' id='word_1_735' title='bbox 1327 4984 1472 5055; x_wconf 77' lang='lat' dir='ltr'><strong>(iam.</strong></span> <span class='ocrx_word' id='word_1_736' title='bbox 1525 4986 1866 5059; x_wconf 76' lang='lat' dir='ltr'><strong>Respondit:</strong></span> <span class='ocrx_word' id='word_1_737' title='bbox 1905 4993 1963 5046; x_wconf 91' lang='lat' dir='ltr'><strong>Si</strong></span> <span class='ocrx_word' id='word_1_738' title='bbox 1993 5011 2024 5045; x_wconf 92' lang='lat' dir='ltr'><strong>v</strong></span> 
     </span>
    </p>
   </div>
   <div class='ocr_carea' id='block_1_100' title="bbox 2257 4982 3787 5084">
    <p class='ocr_par' dir='ltr' id='par_1_100' title="bbox 2257 4982 3787 5084">
     <span class='ocr_line' id='line_1_100' title="bbox 2257 4982 3787 5084; baseline 0.011 -32"><span class='ocrx_word' id='word_1_739' title='bbox 2257 5000 2299 5064; x_wconf 65' lang='lat' dir='ltr'><strong>lc;</strong></span> <span class='ocrx_word' id='word_1_740' title='bbox 2331 5000 2512 5054; x_wconf 86' lang='grc' dir='ltr'>σωθῶ.</span> <span class='ocrx_word' id='word_1_741' title='bbox 2560 5002 2618 5055; x_wconf 89' lang='lat'><strong>&#39;0</strong></span> <span class='ocrx_word' id='word_1_742' title='bbox 2651 5002 2708 5055; x_wconf 80' lang='grc' dir='ltr'>δὲ</span> <span class='ocrx_word' id='word_1_743' title='bbox 2730 4999 2883 5056; x_wconf 82' lang='grc' dir='ltr'>εἶπεν</span> <span class='ocrx_word' id='word_1_744' title='bbox 2917 5004 3099 5076; x_wconf 83' lang='grc' dir='ltr'>αὐτῷ·</span> <span class='ocrx_word' id='word_1_745' title='bbox 3141 5006 3268 5060; x_wconf 81' lang='grc' dir='ltr'><strong>Ἐὰν</strong></span> <span class='ocrx_word' id='word_1_746' title='bbox 3308 4982 3787 5084; x_wconf 38' lang='grc' dir='ltr'>θέλῃς-σωθῆναι,</span> 
     </span>
    </p>
   </div>
   <div class='ocr_carea' id='block_1_101' title="bbox 499 5073 2029 5172">
    <p class='ocr_par' dir='ltr' id='par_1_101' title="bbox 499 5073 2029 5151">
     <span class='ocr_line' id='line_1_101' title="bbox 499 5073 2029 5151; baseline 0.008 -24"><span class='ocrx_word' id='word_1_747' title='bbox 499 5073 731 5127; x_wconf 82' lang='lat' dir='ltr'><strong>salutem</strong></span> <span class='ocrx_word' id='word_1_748' title='bbox 784 5075 1072 5145; x_wconf 85' lang='lat' dir='ltr'><strong>consequi,</strong></span> <span class='ocrx_word' id='word_1_749' title='bbox 1113 5090 1238 5130; x_wconf 91' lang='lat' dir='ltr'><strong>eum</strong></span> <span class='ocrx_word' id='word_1_750' title='bbox 1277 5077 1480 5135; x_wconf 86' lang='lat' dir='ltr'><strong>invises</strong></span> <span class='ocrx_word' id='word_1_751' title='bbox 1515 5081 1770 5151; x_wconf 84' lang='lat' dir='ltr'><strong>aliquem,</strong></span> <span class='ocrx_word' id='word_1_752' title='bbox 1812 5099 1880 5140; x_wconf 90' lang='lat' dir='ltr'><strong>ne</strong></span> <span class='ocrx_word' id='word_1_753' title='bbox 1915 5094 2029 5140; x_wconf 75' lang='lat' dir='ltr'><strong>anu</strong></span> 
     </span>
    </p>
   </div>
   <div class='ocr_carea' id='block_1_102' title="bbox 2260 5073 3790 5172">
    <p class='ocr_par' dir='ltr' id='par_1_102' title="bbox 2260 5073 3790 5172">
     <span class='ocr_line' id='line_1_102' title="bbox 2260 5073 3790 5172; baseline 0.012 -27"><span class='ocrx_word' id='word_1_754' title='bbox 2260 5112 2309 5147; x_wconf 83' lang='grc' dir='ltr'><strong>ιν</strong></span> <span class='ocrx_word' id='word_1_755' title='bbox 2353 5094 2679 5166; x_wconf 81' lang='grc' dir='ltr'>παραϐάλῃς</span> <span class='ocrx_word' id='word_1_756' title='bbox 2723 5098 2850 5156; x_wconf 74' lang='grc' dir='ltr'>τινὶ.</span> <span class='ocrx_word' id='word_1_757' title='bbox 2910 5097 2984 5169; x_wconf 79' lang='grc' dir='ltr'>μὴ</span> <span class='ocrx_word' id='word_1_758' title='bbox 3034 5073 3309 5171; x_wconf 80' lang='grc' dir='ltr'>προλάϐῃς</span> <span class='ocrx_word' id='word_1_759' title='bbox 3356 5073 3595 5172; x_wconf 79' lang='grc' dir='ltr'>λαλῆσαι</span> 
     </span>
    </p>
   </div>
   <div class='ocr_carea' id='block_1_103' title="bbox 496 5161 2026 5263">
    <p class='ocr_par' dir='ltr' id='par_1_103' title="bbox 496 5165 2026 5240">
     <span class='ocr_line' id='line_1_103' title="bbox 496 5165 2026 5240; baseline 0.01 -24"><span class='ocrx_word' id='word_1_760' title='bbox 496 5173 680 5220; x_wconf 84' lang='lat' dir='ltr'><strong>vertas</strong></span> <span class='ocrx_word' id='word_1_761' title='bbox 707 5165 856 5236; x_wconf 88' lang='lat' dir='ltr'><strong>loqui</strong></span> <span class='ocrx_word' id='word_1_762' title='bbox 891 5175 1018 5222; x_wconf 89' lang='lat' dir='ltr'><strong>ante</strong></span> <span class='ocrx_word' id='word_1_763' title='bbox 1042 5183 1206 5238; x_wconf 85' lang='lat' dir='ltr'><strong>quam</strong></span> <span class='ocrx_word' id='word_1_764' title='bbox 1229 5169 1538 5240; x_wconf 90' lang='lat' dir='ltr'><strong>inquisierit</strong></span> <span class='ocrx_word' id='word_1_765' title='bbox 1565 5188 1595 5226; x_wconf 91' lang='lat' dir='ltr'><strong>a</strong></span> <span class='ocrx_word' id='word_1_766' title='bbox 1629 5182 1701 5229; x_wconf 93' lang='lat' dir='ltr'><strong>te.</strong></span> <span class='ocrx_word' id='word_1_767' title='bbox 1736 5177 1828 5230; x_wconf 91' lang='lat' dir='ltr'><strong>llle</strong></span> <span class='ocrx_word' id='word_1_768' title='bbox 1851 5193 1980 5230; x_wconf 88' lang='lat' dir='ltr'><strong>vero</strong></span> <span class='ocrx_word' id='word_1_769' title='bbox 2005 5193 2026 5230; x_wconf 87' lang='lat' dir='ltr'><strong>a</strong></span> 
     </span>
    </p>
   </div>
   <div class='ocr_carea' id='block_1_104' title="bbox 2259 5161 3789 5263">
    <p class='ocr_par' dir='ltr' id='par_1_104' title="bbox 2259 5161 3789 5263">
     <span class='ocr_line' id='line_1_104' title="bbox 2259 5161 3789 5263; baseline 0.01 -25"><span class='ocrx_word' id='word_1_770' title='bbox 2259 5161 2549 5241; x_wconf 45' lang='lat' dir='ltr'><strong>i‘CdO‘Et-O’E.</strong></span> <span class='ocrx_word' id='word_1_771' title='bbox 2595 5161 2654 5242; x_wconf 70' lang='grc' dir='ltr'><strong>’ὁ</strong></span> <span class='ocrx_word' id='word_1_772' title='bbox 2678 5188 2735 5242; x_wconf 80' lang='grc' dir='ltr'>δὲ</span> <span class='ocrx_word' id='word_1_773' title='bbox 2777 5191 2868 5242; x_wconf 73' lang='grc' dir='ltr'><strong>ἐπὶ</strong></span> <span class='ocrx_word' id='word_1_774' title='bbox 3033 5161 3175 5261; x_wconf 83' lang='grc' dir='ltr'>λόγῳ</span> <span class='ocrx_word' id='word_1_775' title='bbox 3204 5161 3534 5263; x_wconf 53' lang='lat' dir='ltr'><strong>atat-aversi;</strong></span> 
     </span>
    </p>
   </div>
   <div class='ocr_carea' id='block_1_105' title="bbox 498 5252 2028 5359">
    <p class='ocr_par' dir='ltr' id='par_1_105' title="bbox 498 5252 2028 5337">
     <span class='ocr_line' id='line_1_105' title="bbox 498 5252 2028 5337; baseline 0.01 -30"><span class='ocrx_word' id='word_1_776' title='bbox 498 5252 552 5307; x_wconf 93' lang='lat' dir='ltr'><strong>id</strong></span> <span class='ocrx_word' id='word_1_777' title='bbox 584 5255 731 5309; x_wconf 89' lang='lat' dir='ltr'><strong>verbi</strong></span> <span class='ocrx_word' id='word_1_778' title='bbox 763 5266 1153 5327; x_wconf 86' lang='lat' dir='ltr'><strong>compunctus,</strong></span> <span class='ocrx_word' id='word_1_779' title='bbox 1201 5258 1483 5316; x_wconf 89' lang='lat' dir='ltr'><strong>inclinavit</strong></span> <span class='ocrx_word' id='word_1_780' title='bbox 1525 5279 1586 5318; x_wconf 89' lang='lat' dir='ltr'><strong>se</strong></span> <span class='ocrx_word' id='word_1_781' title='bbox 1614 5267 1828 5320; x_wconf 82' lang='lat' dir='ltr'><strong>veniam</strong></span> <span class='ocrx_word' id='word_1_782' title='bbox 1861 5277 2028 5337; x_wconf 70' lang='lat' dir='ltr'><strong>petens</strong></span> 
     </span>
    </p>
   </div>
   <div class='ocr_carea' id='block_1_106' title="bbox 2258 5252 3788 5359">
    <p class='ocr_par' dir='ltr' id='par_1_106' title="bbox 2258 5252 3788 5359">
     <span class='ocr_line' id='line_1_106' title="bbox 2258 5252 3788 5359; baseline 0.009 -29"><span class='ocrx_word' id='word_1_783' title='bbox 2258 5279 2492 5339; x_wconf 83' lang='grc' dir='ltr'>τάνοιαν,</span> <span class='ocrx_word' id='word_1_784' title='bbox 2545 5279 2756 5347; x_wconf 81' lang='grc' dir='ltr'>λέγων’</span> <span class='ocrx_word' id='word_1_785' title='bbox 2800 5252 3013 5348; x_wconf 81' lang='grc' dir='ltr'>Ὄντως</span> <span class='ocrx_word' id='word_1_786' title='bbox 3058 5252 3226 5338; x_wconf 72' lang='grc' dir='ltr'>πολλὰ</span> <span class='ocrx_word' id='word_1_787' title='bbox 3265 5252 3442 5354; x_wconf 77' lang='grc' dir='ltr'>βιϐλία</span> <span class='ocrx_word' id='word_1_788' title='bbox 3497 5252 3788 5359; x_wconf 39' lang='lat' dir='ltr'><strong>sive“;</strong></span> 
     </span>
    </p>
   </div>
   <div class='ocr_carea' id='block_1_107' title="bbox 496 5344 2026 5447">
    <p class='ocr_par' dir='ltr' id='par_1_107' title="bbox 496 5344 2026 5424">
     <span class='ocr_line' id='line_1_107' title="bbox 496 5344 2026 5424; baseline 0.009 -25"><span class='ocrx_word' id='word_1_789' title='bbox 496 5344 740 5415; x_wconf 88' lang='lat' dir='ltr'><strong>dixitque</strong></span> <span class='ocrx_word' id='word_1_790' title='bbox 774 5365 788 5402; x_wconf 91' lang='lat'><strong>:</strong></span> <span class='ocrx_word' id='word_1_791' title='bbox 817 5347 979 5403; x_wconf 89' lang='lat' dir='ltr'><strong>Certe</strong></span> <span class='ocrx_word' id='word_1_792' title='bbox 997 5350 1200 5404; x_wconf 89' lang='lat' dir='ltr'><strong>multos</strong></span> <span class='ocrx_word' id='word_1_793' title='bbox 1235 5350 1336 5420; x_wconf 91' lang='lat' dir='ltr'><strong>legi</strong></span> <span class='ocrx_word' id='word_1_794' title='bbox 1362 5353 1550 5419; x_wconf 86' lang='lat' dir='ltr'><strong>libros,</strong></span> <span class='ocrx_word' id='word_1_795' title='bbox 1587 5355 1855 5424; x_wconf 86' lang='lat' dir='ltr'><strong>ejusmodi</strong></span> <span class='ocrx_word' id='word_1_796' title='bbox 1885 5367 2026 5414; x_wconf 88' lang='lat' dir='ltr'><strong>tame</strong></span> 
     </span>
    </p>
   </div>
   <div class='ocr_carea' id='block_1_108' title="bbox 2262 5344 3792 5447">
    <p class='ocr_par' dir='ltr' id='par_1_108' title="bbox 2262 5373 3792 5447">
     <span class='ocr_line' id='line_1_108' title="bbox 2262 5373 3792 5447; baseline 0.013 -24"><span class='ocrx_word' id='word_1_797' title='bbox 2262 5383 2272 5423; x_wconf 74' lang='grc' dir='ltr'><strong>ι</strong></span> <span class='ocrx_word' id='word_1_798' title='bbox 2329 5373 2586 5443; x_wconf 80' lang='grc' dir='ltr'>τοιαύτην</span> <span class='ocrx_word' id='word_1_799' title='bbox 2633 5374 2882 5429; x_wconf 86' lang='grc' dir='ltr'>παιδείαν</span> <span class='ocrx_word' id='word_1_800' title='bbox 2923 5376 3134 5432; x_wconf 85' lang='grc' dir='ltr'>οὐδέπω</span> <span class='ocrx_word' id='word_1_801' title='bbox 3179 5378 3369 5447; x_wconf 74' lang='grc' dir='ltr'>ἔγνων.</span> <span class='ocrx_word' id='word_1_802' title='bbox 3425 5381 3542 5436; x_wconf 75' lang='lat' dir='ltr'><strong>Ka‘:</strong></span> <span class='ocrx_word' id='word_1_803' title='bbox 3602 5388 3792 5443; x_wconf 72' lang='grc' dir='ltr'>πολλὰ</span> 
     </span>
    </p>
   </div>
   <div class='ocr_carea' id='block_1_109' title="bbox 494 5436 2024 5536">
    <p class='ocr_par' dir='ltr' id='par_1_109' title="bbox 494 5436 2024 5521">
     <span class='ocr_line' id='line_1_109' title="bbox 494 5436 2024 5521; baseline 0.01 -30"><span class='ocrx_word' id='word_1_804' title='bbox 494 5436 898 5495; x_wconf 89' lang='lat' dir='ltr'><strong>institutionem</strong></span> <span class='ocrx_word' id='word_1_805' title='bbox 932 5441 1178 5494; x_wconf 89' lang='lat' dir='ltr'><strong>nondum</strong></span> <span class='ocrx_word' id='word_1_806' title='bbox 1200 5445 1450 5512; x_wconf 80' lang='lat' dir='ltr'><strong>cognovi.</strong></span> <span class='ocrx_word' id='word_1_807' title='bbox 1483 5446 1658 5517; x_wconf 88' lang='lat' dir='ltr'><strong>Atque</strong></span> <span class='ocrx_word' id='word_1_808' title='bbox 1684 5449 1914 5506; x_wconf 88' lang='lat' dir='ltr'><strong>utilitate</strong></span> <span class='ocrx_word' id='word_1_809' title='bbox 1940 5467 2024 5521; x_wconf 84' lang='lat' dir='ltr'><strong>pel</strong></span> 
     </span>
    </p>
   </div>
   <div class='ocr_carea' id='block_1_110' title="bbox 1231 5436 2761 5536">
    <p class='ocr_par' dir='ltr' id='par_1_110' title="bbox 1233 5436 2761 5536">
     <span class='ocr_line' id='line_1_110' title="bbox 1233 5436 2761 5536; baseline 0.017 -39"><span class='ocrx_word' id='word_1_810' title='bbox 1233 5445 1450 5512; x_wconf 80' lang='lat' dir='ltr'><strong>agnovi.</strong></span> <span class='ocrx_word' id='word_1_811' title='bbox 1483 5446 1658 5517; x_wconf 86' lang='lat' dir='ltr'><strong>Atque</strong></span> <span class='ocrx_word' id='word_1_812' title='bbox 1684 5449 1914 5506; x_wconf 88' lang='lat' dir='ltr'><strong>utilitate</strong></span> <span class='ocrx_word' id='word_1_813' title='bbox 1940 5467 2067 5521; x_wconf 87' lang='lat' dir='ltr'><strong>per-</strong></span> <span class='ocrx_word' id='word_1_814' title='bbox 2176 5461 2477 5534; x_wconf 76' lang='grc' dir='ltr'>ὠφεληθεὶς</span> <span class='ocrx_word' id='word_1_815' title='bbox 2509 5436 2761 5536; x_wconf 54' lang='grc' dir='ltr'>ἐξῆλθεν,</span> 
     </span>
    </p>
   </div>
   <div class='ocr_carea' id='block_1_111' title="bbox 490 5537 1070 5600">
    <p class='ocr_par' dir='ltr' id='par_1_111' title="bbox 490 5537 1070 5600">
     <span class='ocr_line' id='line_1_111' title="bbox 490 5537 1070 5600; baseline 0.007 -18"><span class='ocrx_word' id='word_1_816' title='bbox 490 5537 648 5598; x_wconf 89' lang='lat' dir='ltr'><strong>cepta</strong></span> <span class='ocrx_word' id='word_1_817' title='bbox 678 5545 935 5600; x_wconf 83' lang='lat' dir='ltr'><strong>egressus</strong></span> <span class='ocrx_word' id='word_1_818' title='bbox 964 5540 1070 5586; x_wconf 90' lang='lat' dir='ltr'><strong>est.</strong></span> 
     </span>
    </p>
   </div>
   <div class='ocr_carea' id='block_1_112' title="bbox 563 5641 1238 5712">
    <p class='ocr_par' dir='ltr' id='par_1_112' title="bbox 563 5641 1238 5712">
     <span class='ocr_line' id='line_1_112' title="bbox 563 5641 1238 5712; baseline 0.015 -19"><span class='ocrx_word' id='word_1_819' title='bbox 563 5641 608 5672; x_wconf 82' lang='lat'><strong>&quot;</strong></span> <span class='ocrx_word' id='word_1_820' title='bbox 637 5642 718 5696; x_wconf 88' lang='lat' dir='ltr'><strong>Al.</strong></span> <span class='ocrx_word' id='word_1_821' title='bbox 747 5645 1238 5712; x_wconf 81' lang='grc' dir='ltr'>συγκαταϐατικός.</span> 
     </span>
    </p>
   </div>
   <div class='ocr_carea' id='block_1_113' title="bbox 533 5732 3787 5846">
    <p class='ocr_par' dir='ltr' id='par_1_113' title="bbox 533 5732 3787 5846">
     <span class='ocr_line' id='line_1_113' title="bbox 533 5732 3787 5846; baseline 0.009 -46"><span class='ocrx_word' id='word_1_822' title='bbox 533 5732 959 5846; x_wconf 40' lang='grc' dir='ltr'><strong>ἱιὶῗδψίιίιῐῧῗργ.</strong></span> <span class='ocrx_word' id='word_1_823' title='bbox 1001 5737 1187 5846; x_wconf 48' lang='lat' dir='ltr'><strong>Eleos).</strong></span> <span class='ocrx_word' id='word_1_824' title='bbox 1228 5741 1426 5800; x_wconf 83' lang='lat' dir='ltr'><strong>Parad.</strong></span> <span class='ocrx_word' id='word_1_825' title='bbox 1457 5763 1534 5816; x_wconf 76' lang='lat' dir='ltr'><strong>ep.</strong></span> <span class='ocrx_word' id='word_1_826' title='bbox 1585 5751 1682 5812; x_wconf 88' lang='lat'><strong>88;</strong></span> <span class='ocrx_word' id='word_1_827' title='bbox 1739 5750 1932 5807; x_wconf 70' lang='lat' dir='ltr'><strong>Raaleri</strong></span> <span class='ocrx_word' id='word_1_828' title='bbox 1974 5753 2058 5809; x_wconf 82' lang='lat' dir='ltr'><strong>Vi-</strong></span> <span class='ocrx_word' id='word_1_829' title='bbox 2176 5755 2356 5846; x_wconf 34' lang='lat' dir='ltr'><strong>th(2‘5?)</strong></span> <span class='ocrx_word' id='word_1_830' title='bbox 2376 5761 2796 5846; x_wconf 53' lang='grc' dir='ltr'>ρζκρξὋμικός,</span> <span class='ocrx_word' id='word_1_831' title='bbox 2819 5761 3089 5846; x_wconf 70' lang='lat' dir='ltr'><strong>Pelagius,</strong></span> <span class='ocrx_word' id='word_1_832' title='bbox 3110 5767 3513 5832; x_wconf 74' lang='lat' dir='ltr'><strong>communis,ac</strong></span> <span class='ocrx_word' id='word_1_833' title='bbox 3536 5769 3584 5824; x_wconf 75' lang='lat' dir='ltr'><strong>si</strong></span> <span class='ocrx_word' id='word_1_834' title='bbox 3631 5789 3787 5846; x_wconf 56' lang='lat' dir='ltr'><strong>rape</strong></span> 
     </span>
    </p>
   </div>
   <div class='ocr_carea' id='block_1_114' title="bbox 495 5801 2025 5898">
    <p class='ocr_par' dir='ltr' id='par_1_114' title="bbox 495 5801 2025 5874">
     <span class='ocr_line' id='line_1_114' title="bbox 495 5801 2025 5874; baseline -0.033 -15"><span class='ocrx_word' id='word_1_835' title='bbox 495 5803 634 5867; x_wconf 76' lang='lat' dir='ltr'><strong>rid.;</strong></span> <span class='ocrx_word' id='word_1_836' title='bbox 686 5801 788 5857; x_wconf 80' lang='lat' dir='ltr'><strong>Vit.</strong></span> <span class='ocrx_word' id='word_1_837' title='bbox 826 5805 971 5860; x_wconf 80' lang='lat' dir='ltr'><strong>l’atr.</strong></span> <span class='ocrx_word' id='word_1_838' title='bbox 1006 5826 1076 5874; x_wconf 62' lang='grc' dir='ltr'>γι,</span> <span class='ocrx_word' id='word_1_839' title='bbox 1106 5812 1156 5866; x_wconf 73' lang='grc'>9,</span> <span class='ocrx_word' id='word_1_840' title='bbox 1483 5801 1494 5816; x_wconf 75' lang='grc' dir='ltr'><strong><em>ο</em></strong></span> <span class='ocrx_word' id='word_1_841' title='bbox 1597 5801 1641 5804; x_wconf 43' lang='grc' dir='ltr'><strong>τί</strong></span> <span class='ocrx_word' id='word_1_842' title='bbox 1670 5801 1682 5812; x_wconf 78' lang='grc' dir='ltr'>ι</span> <span class='ocrx_word' id='word_1_843' title='bbox 1989 5801 2025 5809; x_wconf 79' lang='grc'>,.</span> 
     </span>
    </p>
   </div>
   <div class='ocr_carea' id='block_1_115' title="bbox 1478 5801 3008 5898">
    <p class='ocr_par' dir='ltr' id='par_1_115' title="bbox 2175 5801 3008 5898">
     <span class='ocr_line' id='line_1_115' title="bbox 2175 5801 3008 5898; baseline 0.016 -21"><span class='ocrx_word' id='word_1_844' title='bbox 2175 5801 2646 5885; x_wconf 49' lang='lat' dir='ltr'><strong>ris‘set’exaratuni</strong></span> <span class='ocrx_word' id='word_1_845' title='bbox 2680 5801 3008 5898; x_wconf 52' lang='grc' dir='ltr'>κοῖείωνικόεξ.</span> 
     </span>
    </p>
   </div>
  </div>
