3874 6384
189 417 298 477 ίῖδ

261 655 335 704 α’.
363 648 594 717 Ἔλεγον
609 646 852 719 περὶτοῦ
874 645 1019 700 ἀϐϐᾶ
1050 645 1291 700 Ἐλαδίου
1310 647 1399 714 ⁸³⁸,
1422 649 1504 702 ὅτι
1523 635 1779 720 ἐποίησεν

187 741 364 796 εῐκοοι
419 741 519 812 ἔτη
570 741 652 802 εἰς
692 739 764 792 τά
814 737 1042 802 Κελλία,
1075 741 1169 794 καὶ
1197 741 1299 794 οὐκ
1345 735 1449 812 ἦρέ
1491 757 1621 794 ποτε
1653 741 1782 803 τοὺς

188 835 510 906 ὀφθαλμοὺς
545 835 679 896 ἄνω,
709 833 836 886 ἰδεῖν
866 833 966 906 τὴν
997 833 1194 904 στέγην
1225 833 1328 902 τῆς
1355 833 1670 905 ἐκκλησίας.

265 929 332 1001 β’.
385 928 618 996 Ἔλεγον
667 929 794 998 περὶ
834 925 929 981 τοῦ
977 925 1142 980 αὑτοῦ
1200 925 1344 980 άϐϐᾶ
1399 927 1663 990 Ἐλαδίου,
1702 928 1784 981 ὅτι

193 1023 362 1094 ἄρτον
404 1021 504 1074 καὶ
557 1019 694 1082 ἃλας
740 1019 950 1090 ἤσθιεν.
995 1021 1124 1072 Ὅτε
1171 1013 1263 1072 οὖν
1300 1016 1430 1090 ἦλθε
1461 1019 1522 1072 τδ
1569 1019 1783 1090 Πάσχα.

193 1115 410 1182 ἔλεγεν,
439 1111 526 1165 ὅτι
559 1111 624 1166 ΟΞ
657 1111 878 1180 ἀδελφοὶ
891 1111 1056 1182 ἄρτον
1084 1111 1178 1164 καὶ
1204 1110 1338 1174 ἀλας
1355 1110 1650 1164 ἐσθίουσινο
1677 1109 1788 1180 ἐγὼ

197 1207 256 1262 δὲ
303 1203 546 1274 ὤφειλον
589 1204 786 1274 μικρὸν
831 1203 1002 1257 κόπον
1051 1203 1276 1272 ποιῆσαι
1320 1201 1409 1255 διὰ
1454 1202 1516 1256 τὸ
1573 1202 1786 1272 Πάσχα.

207 1296 432 1367 Ἐπειδὴ
459 1296 564 1359 τὰς
588 1295 756 1358 ἄλλας
781 1295 995 1366 ἡμέρας
1023 1293 1336 1365 καθήμενος
1361 1293 1526 1347 ἐσθίω
1546 1311 1560 1324 ·
1589 1295 1684 1348 νῦν
1709 1296 1790 1350 ὅτι

195 1389 396 1460 Πάσχα
429 1389 574 1452 ἐστὶ,
609 1388 826 1458 ποιήσω
846 1387 938 1440 τὸν
971 1385 1160 1451 κόπον,
1193 1385 1480 1456 ἱστάμενος
1505 1385 1715 1440 ἐσθίων.

585 1568 727 1636 Περὶ
763 1566 871 1622 τοῦ
902 1559 1054 1622 ἀϐϐᾶ
1089 1567 1406 1636 Εὑαγρίου.

266 1691 340 1740 α’.
389 1677 568 1739 Εἶπεν
594 1685 622 1736 ὁ
647 1681 821 1746 ἀϐϐἄς
850 1681 1120 1753 Εύάγριος
1142 1697 1158 1712 ·
1195 1679 1576 1751 Καθεζόμενος
1623 1683 1680 1735 ὲν
1705 1683 1796 1754 τῷ

197 1777 424 1847 κελλίῳ,
445 1773 727 1844 συνάγαγὲ
749 1791 844 1828 σου
865 1774 956 1827 τὸν
969 1774 1230 1844 λογισμόν
1247 1789 1262 1805 ο
1284 1773 1552 1846 μνήσθητι
1587 1776 1798 1848 ἡμέρας

1373 413 1984 471 APOPHTHEGMATA
2027 413 2338 471 PATBUM.

475 569 478 572 -
571 534 710 602 Περὶ
747 533 856 586 τοῦ
901 530 1052 588 ἀϐϐᾶ
1103 532 1405 588 Ἑλαδίου.
1811 547 1863 606 Α

3367 419 3466 474 {7.1

2405 517 2482 588 De
2503 534 2688 588 abbate
2723 535 2938 590 Eladt’o.

1955 647 2005 702 l.
2051 647 2162 720 (50)
2193 647 2423 702 Aiebant
2454 647 2522 702 de
2565 648 2758 704 abbate
2789 647 2998 715 Eladio,
3043 651 3314 706 mansisse
3345 667 3468 706 eum

1884 755 2056 795 annos
2077 740 2267 812 viginti
2297 741 2350 795 in
2379 740 2562 803 Collis,
2607 757 2708 797 nec
2746 743 3040 800 sustulisse
3072 759 3312 814 unquam
3345 759 3470 798 ocu-

1885 833 1968 886 los
1996 833 2048 886 in
2075 834 2266 899 altum,
2296 843 2354 888 ut
2387 833 2636 888 ecclesia:
2661 843 2861 890 tectum
2883 837 3369 908 contemplaretur.

1956 925 2011 978 9..
2043 924 2117 980 De
2145 925 2332 980 eodem
2357 925 2551 980 abbate
2583 925 2772 980 Eladio
2800 929 3127 994 retulerunt,
3161 929 3302 998 quod
3332 943 3470 998 pane

1888 1024 1942 1074 et
1989 1017 2103 1070 sale
2145 1026 2476 1073 vesceretnr.
2502 1020 2635 1072 Cum
2679 1033 2810 1088 ergo
2858 1021 3097 1074 venisset
3127 1019 3358 1083 Pascha,
3388 1018 3474 1074 di-

1889 1109 2048 1164 cebat
2086 1129 2100 1165 :
2141 1109 2359 1166 Fratres
2399 1125 2592 1181 panem
2632 1119 2686 1165 et
2729 1113 2807 1165 sal
2841 1112 3173 1167 comedunt:
3205 1097 3306 1184 ego
3335 1126 3472 1169 vero

1890 1210 2115 1270 prepter
2157 1200 2391 1264 Pascha,
2421 1201 2593 1258 debeo
2642 1203 2888 1256 nonnihil
2924 1203 3130 1256 laboris
3163 1205 3472 1274 suscipere.

1893 1289 2342 1360 Quandoquidem
2375 1291 2498 1346 aliis
2524 1275 2722 1346 diebus
2759 1293 2954 1348 sedens
2977 1294 3252 1349 manduco
3279 1313 3294 1350 :
3327 1311 3476 1350 nunc

1893 1383 2021 1453 quia
2055 1381 2261 1437 Pascha
2291 1393 2394 1450 est,
2430 1385 2640 1437 navabo
2665 1399 2910 1453 cperam,
2953 1395 3004 1438 et
3027 1386 3080 1438 in
3123 1385 3290 1454 pedes
3317 1393 3474 1442 stans

1895 1474 2202 1530 comedam.

2389 1587 2467 1642 De
2501 1588 2689 1644 abbate
2729 1587 2976 1660 Evagrio.

1970 1701 2021 1754 1.
2048 1699 2158 1770 (51)
2184 1698 2326 1754 Dixit
2359 1699 2530 1756 abbas
2555 1701 2820 1772 Evagrius
2853 1702 3202 1759 :Cumsedes
3227 1704 3281 1758 in
3318 1705 3474 1768 cella,

1899 1793 2094 1862 collige
2123 1801 2358 1846 mentem
2393 1799 2578 1858 tuam;
2631 1801 2904 1848 memento
2937 1794 3044 1848 diei
3083 1799 3312 1860 mortis;
3347 1803 3482 1854 tunc

199 1869 444 1923 θανάτου
461 1883 476 1898 ’
515 1867 594 1920 ίδε
619 1866 740 1919 τότε
773 1864 866 1919 τοῦ
892 1864 1146 1936 σώματος
1171 1865 1271 1938 τὴν
1299 1865 1566 1936 νέκρωσιν
1585 1883 1598 1895 ·
1631 1869 1797 1922 ἐννόει

1919 1887 2022 1942 ride
2047 1885 2296 1956 corporis
2336 1885 2849 1944 mortificationem:
2880 1888 3059 1958 cogita
3088 1888 3478 1956 calamitatem;

199 1959 300 2032 τὴν
349 1947 674 2030 συμφοράνέ
710 1956 842 2010 λαϐέ
873 1957 967 2010 τδν
1016 1955 1178 2010 πόνον
1199 1973 1212 1986 ·
1245 1957 1558 2025 κατάγνωθι
1596 1958 1698 2029 τῆς
1739 1962 1796 2013 ἐν

1920 1976 2136 2031 aburem
2168 1990 2422 2042 assume;
2450 1974 2751 2030 condemna
2781 1977 3074 2034 vanitatem
3111 1979 3338 2046 mundi;
3368 1992 3482 2050 quo

199 2053 278 2124 τῷ
321 2052 524 2123 κόσμῳ
573 2050 969 2122 ματαιότητος·
1021 2049 1174 2112 ὅπως
1220 2048 1456 2120 δυνηθῇς
1508 2050 1799 2116 διαπαντὸς

204 2147 401 2216 μένειν
427 2146 490 2198 ὲν
519 2147 586 2214 τῇ
618 2142 878 2214 προθέσει
904 2143 1003 2213 τῆς
1040 2141 1298 2214 ἡσυχίας,
1330 2143 1425 2197 καί
1465 2143 1538 2215 μὴ
1572 2143 1801 2215 ἀσθενή-

205 2254 330 2310 σῃς.
388 2235 685 2306 Μνήσθητι
717 2234 774 2287 δὲ
806 2234 900 2288 καὶ
929 2233 1033 2305 τῆς
1065 2235 1122 2288 ὲν
1149 2235 1230 2302 τῷ
1256 2235 1358 2309 ᾅδῃ
1392 2235 1487 2288 νῦν
1527 2237 1802 2290 καταστά-

203 2349 348 2396 σεως
369 2349 386 2362 ·
417 2329 638 2400 λογίζου
671 2329 734 2384 τὸ
772 2329 891 2393 πῶς
934 2331 1074 2382 είσιν
1113 2332 1229 2382 ἐκεῖ
1262 2331 1318 2382 αἱ
1355 2327 1544 2399 ψυχαὶ,
1577 2329 1634 2381 ὲν
1675 2327 1804 2398 ποία

203 2425 498 2496 δεινοτάτῃ
527 2424 734 2494 σιωπῇ,
771 2422 830 2474 ἐν
861 2421 1002 2492 ποίῳ
1029 2421 1348 2492 πικροτάτῳ
1375 2418 1687 2490 στεναγμῷ,
1711 2419 1805 2471 καὶ

205 2516 430 2588 πηλξκῳ
469 2514 622 2586 φόϐῳ
652 2515 748 2568 καὶ
785 2514 958 2584 ἀγῶνι
992 2516 1086 2568 καὶ
1115 2513 1446 2586 προσδοκίᾳ·
1495 2512 1594 2583 τὴν
1626 2512 1804 2566 ἄπαυ-

209 2623 338 2660 στον
379 2605 601 2676 ὀδύνην,
657 2605 720 2658 τὸ
757 2603 986 2676 ψυχικὸν
1043 2605 1138 2657 καὶ
1192 2603 1497 2676 ἀπέραντον
1548 2601 1801 2671 δάκρυον.

221 2699 392 2753 Ἀλλά
415 2700 514 2752 καὶ
539 2699 752 2772 ἡμέρας
784 2695 1136 2760 ἀναστάσεως
1170 2696 1459 2768 μνήσθητι,
1494 2696 1589 2749 καὶ
1629 2712 1808 2766 παρα-

211 2791 464 2856 στάσεως
493 2791 594 2862 τῆς
632 2791 769 2859 πρὸς
804 2791 894 2844 τὸν
943 2789 1076 2843 Θεόν
1099 2806 1114 2821 ο
1146 2789 1418 2858 φαντάζου
1441 2788 1503 2842 τὸ
1537 2787 1809 2860 φρικῶδες

209 2885 310 2940 καὶ
351 2884 591 2956 φοϐερὸν
629 2885 808 2936 ἐκεῖνο
839 2885 1034 2954 κρῖμα.
1076 2883 1211 2950 Ἀγε
1251 2883 1330 2944 εἰς
1363 2881 1526 2952 μέσον
1563 2881 1632 2934 τὰ
1670 2879 1809 2933 ἀπο-

211 2977 452 3050 κείμενα
481 2979 596 3040 τοῖς
631 2975 1060 3046 ἁμαρτάνουσιν,
1095 2973 1360 3044 αἰσχύνην
1396 2973 1496 3044 τὴν
1549 2973 1668 3026 κατ’
1727 2973 1812 3024 ἐν-

221 3073 410 3128 ώπιον
427 3069 526 3127 τοῦ
549 3071 686 3126 Θεοῦ
717 3071 812 3125 καὶ
833 3071 1081 3140 ἀγγέλων
1102 3074 1195 3125 καὶ
1209 3071 1561 3143 ἀρχαγγέλων
1573 3071 1665 3124 καὶ¹
1679 3071 1814 3124 πάν-

210 3180 328 3218 των
373 3163 708 3234 ἀνθρώπων,
754 3162 1004 3215 τουτέστι
1045 3161 1401 3233 κολαστήρια,
1436 3161 1547 3232 πῦρ
1574 3159 1811 3227 αἰώνιον,

201 3255 490 3328 ’σκώληκα
537 3255 630 3309 τὸν
665 3255 990 3326 ἀκοίμητον,
1027 3254 1119 3308 τὸν
1157 3255 1448 3324 τάρταρον,
1490 3251 1550 3305 τὺ
1601 3252 1811 3316 σκότος,

215 3353 310 3404 τὸν
331 3351 448 3404 τῶν
475 3349 708 3404 ὀδόντων
737 3347 1004 3420 βρυγμὸν,
1027 3349 1154 3410 τοὺς
1177 3347 1375 3417 φόϐους
1401 3337 1497 3400 καὶ
1522 3346 1622 3410 τὰς
1647 3345 1816 3418 βασά-

215 3463 366 3508 νους.
395 3445 536 3512 ’Δγε
561 3442 626 3514 δὴ
650 3442 744 3498 καὶ
763 3441 834 3496 τὰ
853 3444 966 3505 τοῖς
987 3441 1217 3504 δικαίοις
1248 3439 1588 3511 ἀποκείμενα
1613 3438 1814 3507 ἀγαθά,

219 3537 546 3610 παρρησίαν
565 3535 666 3606 τὴν
699 3533 838 3606 μετὰ
865 3533 1002 3588 Θεοῦ
1021 3533 1239 3604 Πατρδς
1257 3533 1350 3587 καὶ
1371 3531 1607 3605 Χριστοῦ
1629 3529 1816 3596 αὐτοῦ,

219 3631 478 3700 ἀγγέλων
521 3629 618 3682 καὶ
665 3627 1054 3700 ἀρχαγγέλων,
1103 3627 1198 3681 καὶ
1251 3624 1452 3688 παντὸς
1490 3625 1663 3696 δήμου
1709 3623 1818 3676 τῶν

221 3724 424 3792 ἁγίων,
463 3720 746 3793 βασιλείαν
778 3720 1048 3791 οὐρανῶν,
1073 3719 1170 3774 καὶ
1201 3719 1270 3772 τά
1291 3718 1492 3789 ταύτης
1521 3717 1819 3788 δωρήματα

217 3815 322 3886 τήν
361 3815 546 3886 χαράν
595 3815 692 3866 καὶ
741 3813 840 3882 τὴν
873 3812 1081 3884 ταύτης
1119 3810 1442 3866 ἀπόλαυσιν.
1505 3809 1815 3882 Ἐκατέρων

218 3905 432 3962 τούτων
456 3905 560 3977 τὴν
588 3909 809 3978 μνήμην
839 3905 940 3974 ἄγε
977 3903 1218 3976 σεαυτῷ’
1243 3903 1338 3960 καὶ
1361 3903 1456 3956 ἐπὶ
1487 3902 1588 3973 μὲν
1612 3903 1680 3973 τῇ
1709 3900 1818 3954 τῶν

221 3995 574 4069 ἁμαρτωλῶν
605 3997 786 4068 κρίσει
818 3995 1112 4067 δάκρυσον,
1150 3994 1442 4064 πένθησον,
1481 3991 1818 4063 φοϐούμενος

225 4092 306 4164 μὴ
345 4092 444 4146 καὶ
475 4093 541 4144 σὺ
569 4091 734 4154 αὐτὸς
762 4093 819 4143 ὲν
845 4089 1054 4152 τούτοις
1083 4087 1244 4158 γένῃο
1273 4085 1438 4140 ὲπὶδὲ
1462 4087 1574 4150 τοῖς
1597 4087 1820 4139 ἀποκει-

223 4179 421 4249 μένοις
447 4181 564 4242 τοῖς
600 4179 856 4243 δικαίοις,
885 4181 1042 4250 χαῖρε
1070 4177 1165 4231 καὶ
1200 4175 1518 4254 εὐφραίνου.
1551 4175 1663 4228 Καὶ
1691 4173 1817 4228 τού-

223 4287 334 4324 των
371 4271 474 4342 μὲν
513 4269 816 4324 σπούδασον
846 4271 904 4322 ὲν
935 4266 1236 4321 ἀπολαύσει
1266 4264 1546 4336 γενέσθαι,
1591 4265 1689 4318 καὶ
1723 4263 1819 4317 άλ-

223 4362 584 4436 λοτριοῦσθαι
622 4363 871 4416 ἐκείνων.
930 4362 1073 4433 ’Ὅρα
1125 4360 1200 4432 μὴ
1241 4359 1474 4432 ὲπιλάθῃ
1508 4359 1660 4423 ποτὲ,
1716 4357 1819 4412 κᾶν

1901 2069 2082 2139 possis
2107 2083 2328 2124 manere
2353 2082 2568 2138 semper
2600 2066 2656 2122 in
2698 2069 2894 2138 quietae
2924 2069 3046 2126 vita;
3075 2071 3354 2142 proposito
3380 2086 3482 2127 nec

1902 2163 1958 2214 in
1986 2161 2356 2215 infirmitatem
2381 2159 2612 2214 incidas.
2649 2158 2858 2214 Memor
2900 2175 3116 2231 quoque
3146 2169 3265 2217 esto
3301 2169 3483 2218 status

1901 2253 2186 2324 praesentis
2228 2254 2284 2306 in
2335 2251 2549 2307 inferno
2583 2270 2598 2307 :
2651 2259 2839 2322 reputa
2869 2254 3324 2322 quemadmodum
3359 2256 3474 2310 illic

1904 2343 2105 2414 degant
2143 2345 2360 2408 animae,
2413 2343 2605 2412 inquo
2659 2344 2980 2414 gravissimo
3019 2345 3256 2408 silentio,
3295 2345 3350 2400 in
3372 2361 3482 2416 quo

1905 2435 2249 2489 amarissimo
2274 2433 2499 2505 gemitu,
2531 2434 2585 2487 in
2617 2434 2764 2504 quali
2793 2437 3010 2498 timore,
3043 2437 3362 2498 certamine.
3385 2451 3483 2494 ex-

1907 2527 2279 2598 spectatione;
2309 2513 2504 2598 reputa
2543 2541 2822 2597 nunquam
2846 2527 3184 2582 desinentem
3215 2527 3482 2596 dolorem,

1909 2622 2178 2693 lacrymas
2201 2621 2400 2675 animae
2425 2635 2628 2690 easque
2653 2619 3051 2676 interminatas.
3087 2619 3192 2674 Sed
3225 2631 3278 2674 et
3301 2636 3487 2676 recor-

1910 2713 2038 2768 dare
2061 2712 2169 2767 diei
2207 2711 2652 2776 resurrectionis,
2684 2725 2747 2764 ac
2778 2709 3130 2766 exhibitionis
3163 2709 3228 2764 ad
3261 2709 3428 2766 Deum
3468 2729 3484 2766 :

1911 2801 2212 2873 imaginare
2245 2801 2506 2856 horribile
2553 2801 3004 2871 tremendumque
3035 2801 3166 2856 illud
3191 2801 3487 2870 judicium.

1914 2893 2108 2949 Profer
2137 2894 2194 2948 in
2225 2893 2463 2950 medium
2497 2907 2619 2963 quae
2647 2893 2887 2963 reposita
2924 2901 3050 2946 sunt
3085 2895 3487 2962 peccatoribus,

1914 2987 2266 3058 ignominiam
2299 3001 2482 3041 coram
2525 2984 2656 3050 Deo,
2683 2986 2912 3056 angelis,
2945 2985 3303 3056 archangelis,
3355 3001 3490 3040 cun-

1914 3079 2018 3134 ctis
2041 3077 2389 3145 hominibus;
2414 3077 2706 3148 supplicia,
2729 3077 2906 3146 ignem
2927 3077 3341 3145 sempiternum,
3369 3091 3492 3130 ver-

1917 3185 2062 3226 mem
2116 3185 2397 3240 nunquam
2448 3169 2834 3233 dormientem,
2871 3176 3158 3232 tartarum,
3215 3168 3490 3242 tenebras,

1925 3262 2217 3318 stridorem
2254 3260 2524 3326 dentium,
2550 3268 2814 3324 terrores,
2846 3268 3136 3316 tormenta.
3173 3259 3365 3316 Profer
3393 3277 3490 3332 pa-

1922 3353 2056 3408 riter
2077 3350 2244 3421 justis
2275 3351 2418 3405 bona
2441 3352 2702 3420 reposita,
2739 3350 2989 3406 fiduciam
3013 3366 3136 3406 cum
3173 3351 3282 3406 Deo
3313 3351 3492 3416 Patre,

1922 3451 1976 3498 et
2013 3442 2235 3497 Christo
2271 3442 2413 3510 ejus,
2456 3442 2685 3512 angelis.
2731 3442 3096 3512 archangelis,
3139 3450 3342 3498 cuncto
3371 3457 3497 3498 san-

1923 3542 2134 3588 ctorum
2164 3540 2332 3596 ctetu,
2358 3549 2584 3603 regnum
2603 3533 2891 3600 caelorum,
2915 3534 3144 3603 eiusque
3170 3533 3333 3595 dona.
3357 3549 3496 3599 gau-

1925 3625 2080 3680 dium
2113 3626 2342 3696 ejusque
2369 3625 2724 3693 voluptatem.
2757 3623 2962 3678 Horum
2993 3633 3354 3695 utrorumque
3384 3641 3498 3680 nte-

1927 3717 2157 3770 muriam
2195 3715 2372 3771 adduc
2396 3716 2452 3770 in
2487 3723 2723 3771 mentem
2759 3724 2940 3782 tuam;
2971 3729 3034 3770 ac
3057 3716 3124 3770 de
3149 3725 3496 3786 peccatorum

1924 3807 2143 3879 quidem
2168 3807 2396 3878 judicio,
2433 3805 2522 3872 lle,
2563 3807 2708 3878 iuge,
2735 3807 2940 3862 veritus
2982 3823 3049 3862 ne
3081 3815 3138 3860 tu
3165 3823 3381 3878 quoque
3414 3809 3500 3862 in-

1923 3909 2009 3956 ter
2052 3901 2174 3955 illos
2203 3900 2514 3966 consistas;
2559 3899 2627 3954 de
2654 3899 2721 3954 iis
2749 3913 2882 3953 vero
2912 3906 3032 3968 quae
3081 3901 3316 3970 reposita
3369 3909 3500 3956 sunt

1919 3991 2106 4062 justis,
2135 3993 2310 4065 gaude
2327 4008 2391 4046 ac
2411 3991 2610 4046 laetare.
2636 3993 2814 4061 Atque
2837 4002 2949 4046 tum
2975 3991 3060 4046 bis
3085 3990 3188 4044 frui
3211 3990 3499 4054 contende,

1926 4095 2039 4154 tum
2080 4089 2148 4140 ab
2182 4086 2291 4141 illis
2332 4101 2454 4142 esse
2507 4085 2738 4140 alienus.
2771 4084 2913 4142 Cave
2969 4101 3037 4140 ne
3071 4099 3333 4155 unquam,
3387 4085 3503 4139 sive

1928 4175 2070 4232 intra
2115 4178 2308 4232 cellam
2342 4185 2488 4232 tuam
2535 4178 2802 4243 resideas,
2837 4180 2953 4234 sive
2994 4185 3144 4232 extra
3197 4178 3294 4242 sis,
3327 4177 3440 4231 haec
3473 4193 3503 4230 e

1930 4272 2191 4326 memoria
2221 4272 2544 4336 elabantur;
2581 4287 2691 4342 quo
2721 4273 2803 4328 vel
2837 4288 2933 4342 per
2963 4271 3076 4326 lucc
3103 4270 3291 4326 eadem
3326 4267 3506 4326 sordi-

1928 4361 2029 4416 das
2061 4365 2364 4433 noxiasque
2384 4363 2614 4436 ellugias
2643 4366 3022 4434 cogitationes.

223 4453 380 4507 ἔνδον
406 4452 504 4506 τοῦ
543 4451 756 4505 κελλίου
802 4469 894 4505 σου
939 4451 1230 4523 τυγχάνῃς,
1273 4450 1376 4504 κᾶν
1420 4451 1526 4516 ἔξω
1559 4467 1685 4514 που,
1739 4449 1838 4512 ﬁt;
1871 4452 1935 4506 ὲκ
1976 4451 2182 4506 τούτων
2230 4455 2480 4526 μνήμης,
2507 4455 2655 4520 ὅπως
2695 4455 2799 4509 κᾶν
2861 4454 2947 4508 διὰ
2994 4454 3217 4518 τούτων,
3253 4451 3381 4515 τοὺς
3411 4454 3506 4522 ῥυ-

222 4548 442 4619 παροὺς
483 4547 580 4600 καὶ
612 4545 908 4617 βλαϐεροὺς
934 4543 1195 4618 διαφεύξῃ
1219 4543 1536 4616 λογισμούς.

293 4642 366 4712 β’.
415 4633 557 4694 Eine
586 4640 749 4694 πάλιν
771 4656 786 4672 ·
823 4639 1008 4694 Κόπτε
1036 4640 1144 4694 τῶν
1179 4633 1518 4704 πολλῶντὰς
1568 4640 1781 4710 σχέσεις

1998 4639 2054 4692 2.
2081 4637 2194 4710 (52)
2217 4635 2366 4694 Dixit
2392 4638 2624 4694 iterum:
2651 4638 2921 4694 Abseinde
2939 4636 3228 4690 multorum
3254 4635 3500 4704 affectus;

225 4739 302 4804 μή
351 4750 450 4786 σου
497 4735 526 4787 ό
563 4731 691 4796 νοῦς
734 4732 1120 4802 περιστατικδς
1155 4731 1412 4803 γένηται,
1461 4731 1556 4786 καὶ
1594 4732 1686 4786 τὸν
1719 4731 1821 4802 τῆς

221 4826 463 4897 ἡσυχίας
487 4825 700 4898 ταράξῃ
726 4825 949 4896 τρόπον.

293 4915 366 4986 γ’.
427 4913 568 4970 Eius
599 4915 764 4970 πάλιν
800 4915 943 4986 μέγα
969 4916 1066 4988 μὲν
1098 4915 1159 4968 τὸ
1187 4909 1616 4986 ἀπερισπάστως
1649 4930 1819 4986 προσ-

225 5011 526 5082 εύχεσθαι·
566 5011 750 5081 μεῖζον
781 5009 838 5063 δὲ
880 5011 975 5065 καὶ
1009 5011 1068 5064 τὸ
1111 5009 1334 5078 ψάλλειν
1372 5011 1817 5081 ἀπερισπάστως.

297 5191 364 5246 δ’.
417 5186 556 5246 Εἶπε
603 5189 803 5244 πάλινο
835 5189 1101 5260 Μέμνησο
1143 5187 1433 5250 διαπαντὸς
1485 5187 1585 5258 τῆς
1640 5186 1821 5252 ἐξόδου

227 5304 346 5349 σου,
387 5285 486 5338 καὶ
526 5285 602 5355 μὴ
625 5283 858 5356 ἐπιλάϐῃ
888 5281 1125 5354 κρίσεως
1148 5282 1366 5336 αἰωνίου
1385 5297 1398 5311 ·
1426 5281 1521 5333 καὶ
1544 5281 1644 5333 ούκ
1671 5279 1824 5332 ἔσται

225 5381 286 5428 πὶ
305 5377 588 5450 ημμέλεια
624 5379 680 5429 ὲν
701 5379 768 5448 τῇ
793 5376 939 5446 ψυχῇ
971 5392 1085 5429 σου.

299 5557 368 5588 δ’·
403 5557 442 5608 Δ
453 5555 488 5608 1.
527 5553 828 5608 Ἐλλαδίου.

299 5735 418 5800 (50)
454 5736 556 5788 Vit.
591 5733 744 5786 Patr.
777 5747 854 5796 Iv,
884 5731 971 5786 16.

297 5807 415 5869 esu
459 5805 564 5858 νη.
603 5803 758 5869 Patr.
797 5819 880 5868 ιιι,
919 5803 974 5857 3.

463 5877 566 5932 l’il.
615 5866 770 5930 Patr.
808 5866 874 5942 tt,
901 5873 953 5929 8.
985 5871 1047 5929 L.
1155 5873 1208 5927 in
1247 5869 1386 5926 Dula
1423 5887 1480 5927 n.
1515 5870 1572 5926 2.

1930 4746 2000 4787 ne
2029 4746 2184 4786 mens
2221 4737 2316 4786 tua
2361 4729 2651 4801 amigatur.
2687 4739 2742 4785 et
2782 4729 2983 4800 quietis
3019 4726 3239 4782 modum
3279 4736 3507 4784 contur-

1929 4821 2038 4878 bet.

2000 4913 2052 4968 5.
2083 4912 2195 4981 (33)
2227 4913 2345 4966 Alia
2366 4911 2608 4983 ejusdem
2649 4911 2918 4967 sententia
2957 4927 2969 4963 :
3009 4909 3262 4979 Magnum
3289 4909 3508 4980 quidem

1927 5013 2033 5068 est,
2065 5020 2224 5059 orare
2243 5005 2360 5060 sine
2384 5003 2773 5068 distractione;
2807 5002 2900 5057 sed
2918 5001 3094 5070 majus
3127 4991 3212 5058 est
3245 5001 3364 5058 sine
3389 5001 3506 5058 dis-

1925 5095 2196 5150 tractione
2227 5097 2480 5166 psallere.

1997 5189 2052 5243 4.
2086 5189 2198 5257 (54)
2233 5191 2424 5244 Adhuc
2443 5189 2579 5244 dixit
2617 5208 2630 5244 :
2673 5185 2900 5259 Semper
2916 5197 3192 5244 memento
3218 5188 3400 5244 exitus
3433 5187 3512 5241 tui

1927 5297 1994 5334 ex
2033 5281 2135 5334 hac
2165 5283 2299 5349 vita,
2327 5299 2427 5338 nec
2466 5282 2814 5339 obliviscaris
2852 5283 3039 5338 aeterni
3071 5283 3301 5356 judicii;
3335 5298 3512 5354 neque

1931 5375 2033 5428 erit
2063 5373 2320 5430 delictum
2345 5377 2398 5431 in
2427 5377 2606 5431 anima
2641 5385 2754 5430 tua.

2167 5731 2272 5804 Yt't.
2313 5731 2460 5804 Patr.
2499 5748 2574 5796 xt,
2613 5732 2666 5786 9.

2006 5801 2117 5874 (5i)
2172 5803 2274 5857 Vit.
2311 5801 2466 5860 Patr.
2509 5819 2585 5869 τι,
2624 5801 2712 5858 10.
