3874 6354
419 396 524 457 £75

1553 391 1893 446 APPENBIX
1936 391 2024 445 AD
2061 391 2476 448 PALLADIUM.

3581 401 3676 455 {76

490 525 542 578 5.
582 523 693 592 (35’)
729 521 859 574 Item
898 535 911 570 :
948 519 1098 573 Tolle
1128 517 1480 578 tentationes,
1516 525 1570 570 et
1600 515 1786 570 nullus
1808 515 1994 570 salvus

2169 522 2229 570 ε’.
2280 511 2416 568 Εἶπε
2465 514 2660 569 πάλιν·
2701 515 2946 586 Ἔπαρον
2988 517 3114 582 τοὺς
3169 517 3533 590 πειρασμοῖκ,
3588 521 3675 572 καί

417 623 542 672 erit.

489 709 544 766 6.
576 707 692 762 Hoc
718 707 879 762 etiam
908 724 922 760 :
963 703 1112 758 Dixit
1139 702 1357 774 quidam
1391 717 1421 755 e
1448 701 1701 756 Patribus
1731 722 1745 755 :
1778 700 1997 755 Aridior

417 809 472 856 et
503 817 610 855 non
636 801 922 871 inaequalis
955 802 1137 854 victus
1185 815 1307 851 cum
1340 797 1610 851 cbaritatc
1643 796 1995 866 conjunctus.

419 895 531 948 cito
580 893 912 947 monachum
983 891 1195 946 inducit
1264 890 1318 943 in
1379 896 1598 959 portum
1643 887 2000 957 itnpassibili-

423 985 575 1040 talis.

494 1077 541 1128 7.
576 1075 688 1146 (56)
717 1073 919 1131 Factus
959 1084 1044 1132 est
1087 1073 1383 1146 aliquando
1415 1087 1714 1128 consessus
1755 1071 1808 1124 in
1836 1069 2002 1125 Celtis

420 1183 520 1236 pro
550 1169 769 1237 negotio
805 1167 1064 1237 quodam.
1099 1176 1262 1236 atque
1292 1166 1508 1220 locutus
1549 1171 1634 1218 est
1665 1163 1834 1218 abbas
1865 1161 2002 1214 Eva-

420 1261 594 1331 grius.
644 1259 784 1314 Dicit
829 1260 877 1315 ei
921 1259 1205 1330 presbyter
1250 1277 1262 1312 :
1303 1257 1539 1320 Scimus,
1578 1255 1738 1318 abba,
1779 1254 1924 1324 quod
1956 1257 2001 1307 si

420 1366 573 1407 esses
607 1350 660 1404 in
693 1350 917 1420 regione
951 1357 1064 1411 tua,
1114 1356 1165 1403 et
1205 1348 1500 1417 episcopus
1542 1360 1684 1414 saepe
1720 1352 1774 1398 et
1806 1347 2003 1396 multo-

422 1461 540 1498 rum
563 1451 727 1512 caput
760 1443 1094 1497 constitutus
1133 1439 1367 1504 fuisses;
1397 1454 1543 1492 nunc
1569 1453 1698 1491 vero
1743 1445 2000 1506 tanquam

422 1537 743 1607 peregrinus
767 1535 855 1594 hic
891 1533 1072 1588 sedes.
1099 1533 1193 1586 Ille
1227 1530 1649 1601 compunctione
1672 1529 1871 1583 ductus
1897 1543 2001 1580 non

424 1630 678 1684 turbatus
711 1634 821 1687 est,
871 1624 966 1680 sed
1015 1627 1195 1696 capite
1227 1636 1375 1678 moto
1418 1623 1557 1678 dixit
1599 1623 1648 1678 ei
1685 1642 1696 1676 :
1745 1620 1886 1675 Sane
1930 1622 2002 1674 ita

423 1728 527 1781 est,
559 1719 739 1773 Pater.
769 1716 970 1772 Verum
1004 1716 1164 1771 semel
1196 1717 1398 1769 locutus
1428 1705 1580 1780 sum;
1608 1724 1657 1769 et
1686 1716 1871 1768 iterum
1901 1730 2004 1766 non

311 1836 314 1840 -
425 1811 676 1879 adjiciam
696 1811 764 1862 "°.

884 1923 960 1976 De
991 1921 1178 1976 abbate
1209 1921 1548 1976 Eudrrmone.

496 2036 572 2092 De
584 2037 780 2092 abbate
803 2034 1112 2106 Paphnutio
1130 2033 1290 2089 Patre
1311 2032 1534 2088 Sceteos
1549 2032 1687 2087 dixit
1705 2032 1875 2086 abbas
1896 2029 2002 2082 Eu-

424 2129 636 2181 «ιπηιοη
669 2145 682 2182 ε
712 2125 846 2180 Illuc
881 2125 1140 2182 descendi
1184 2126 1426 2196 juvenis,
1474 2141 1577 2180 nec
1621 2124 1870 2194 permisit
1914 2138 2002 2177 me

433 2234 673 2282 manere,
746 2218 938 2273 dicens
989 2217 1056 2272 de
1098 2218 1145 2248 ⁷¹
1202 2233 1310 2282 me,
1351 2216 1570 2272 Vultum
1618 2215 1865 2270 mulieris
1894 2229 2001 2268 non

425 2310 682 2378 permitto
723 2325 944 2364 manere
975 2309 1029 2362 in
1059 2309 1228 2376 Sceti,
1271 2317 1494 2379 propter
1521 2308 1729 2362 inimici
1764 2307 1999 2364 insulta-

425 2413 644 2457 nouem.

885 2515 1224 2586 Principium
1253 2516 1448 2571 littera
1474 2515 1532 2568 Ζ.

943 2628 1019 2682 De
1041 2627 1229 2681 abbate
1256 2625 1483 2680 Zenone.

498 2724 551 2776 ι.
579 2723 694 2792 (57)
746 2721 891 2776 Dixit
922 2721 1091 2776 abbas
1126 2719 1274 2775 Zeno
1322 2720 1465 2774 beati
1509 2717 1715 2773 Silvani
1761 2705 2004 2789 discipu-

427 2816 513 2868 lus
547 2834 560 2869 :
601 2812 678 2870 Ne
699 2829 919 2867 maneas
962 2813 1016 2866 in
1045 2813 1164 2866 loco
1203 2811 1426 2876 celebri,
1465 2826 1563 2865 nec
1607 2810 1850 2864 resideas
1876 2825 2000 2863 cum

427 2907 646 2962 homine
669 2904 850 2974 magni
881 2904 1140 2966 nominis,
1167 2918 1346 2971 neque
1377 2902 1562 2957 mittas
1585 2901 1999 2956 fundamentum

430 3009 486 3053 ut
516 2999 707 3055 cellam
739 2998 833 3052 tibi
863 2994 1100 3052 aediﬁces
1136 2994 1449 3066 aliquando.

495 3176 551 3230 ξ.
588 3173 909 3229 Betulerunt
930 3170 998 3227 de
1019 3171 1213 3233 abbate
1235 3170 1475 3236 Zenone,
1498 3168 1642 3239 quod
1665 3168 1819 3223 initio
1843 3167 2002 3239 quid-

426 3268 574 3337 piam
607 3281 637 3319 a
662 3264 918 3335 quopiam
955 3263 1173 3319 nolebat
1199 3263 1468 3333 accipere.
1512 3261 1667 3317 Unde
1691 3262 1782 3333 qui
1808 3261 2002 3316 aﬂere-
2030 3242 2076 3305 Ο

430 3361 580 3422 bant,
618 3357 947 3413 recedebant
1003 3357 1210 3418 tristes,
1260 3356 1404 3426 quod
1449 3371 1558 3409 non
1601 3355 1892 3424 acciperet.
1939 3353 2005 3408 Et

430 3452 523 3506 alii
556 3451 621 3504 ad
653 3466 777 3506 eum
816 3449 1125 3515 veniebant,
1163 3449 1409 3503 volentes
1443 3449 1709 3520 accipere,
1746 3458 2003 3518 tanquam

432 3559 461 3597 a
492 3559 690 3615 magno
731 3558 880 3607 sene,
935 3558 1035 3598 nec
1088 3542 1322 3597 habebat
1381 3541 1526 3612 quod
1574 3541 1749 3602 daret,
1793 3541 2006 3611 ipsique

325 3641 331 3646 '
439 3637 624 3693 tristes
669 3635 1059 3691 abscedebant.
1089 3634 1180 3688 Ait
1229 3650 1393 3690 senex
1426 3654 1439 3688 :
1472 3633 1611 3700 Quid
1655 3633 1846 3704 agam?
1877 3634 2006 3704 quia

433 3731 829 3786 contristantur
854 3737 964 3784 tam
985 3731 1078 3800 qui
1101 3729 1354 3794 afferunt,
1379 3743 1543 3800 quam
1569 3729 1660 3799 qui
1684 3743 1881 3798 capere
1907 3743 2004 3782 cu-

433 3824 612 3896 piunt.
647 3821 763 3877 Hoc
791 3831 1016 3892 prasstat
1061 3842 1075 3878 :
1113 3825 1160 3878 si
1199 3823 1324 3894 quis
1377 3821 1566 3877 afferat
1617 3835 1855 3884 sumam,
1879 3828 1933 3875 et
1961 3822 2007 3876 si

433 3919 557 3988 quis
582 3925 730 3986 petat
755 3916 1008 3986 praebebo
1041 3917 1111 3971 ei.
1152 3916 1330 3986 Atque
1372 3915 1445 3969 ita
1491 3913 1718 3979 faciens,
1769 3912 2006 3978 quietem

437 4008 646 4073 habuit,
674 4010 997 4078 cunctisque
1028 4008 1316 4064 satisfecit.
1985 4076 1987 4082 ι

506 4101 560 4155 3.
593 4100 703 4172 (38)
733 4098 897 4154 Venit
929 4101 1098 4156 frater
1134 4099 1426 4171 Egyptius
1451 4098 1730 4154 visitatum
1755 4097 2006 4152 abbatem

438 4191 711 4248 Zenonem
739 4194 794 4246 in
831 4191 1010 4263 Syria,
1038 4203 1092 4247 et
1125 4191 1425 4246 accusabat
1449 4205 1633 4245 coram
1656 4206 1786 4245 sene
1804 4189 2013 4259 cogita-

439 4286 615 4340 tiones
659 4300 809 4340 suas.
838 4285 936 4340 Ille
980 4299 1110 4339 vero
1155 4283 1456 4339 admiratus
1507 4283 1646 4338 dixit
1695 4301 1708 4336 :
1744 4281 2006 4354 Egyptii,

438 4391 574 4446 quas
596 4376 815 4445 quidem
849 4375 1096 4430 obtinent
1127 4375 1378 4440 virtutes,
1414 4375 1720 4438 oecultant;
1751 4389 1889 4444 quos
1913 4388 2012 4426 au-

438 4475 544 4520 tem
571 4479 678 4520 non
705 4465 906 4520 habent
936 4465 1204 4528 detectus,
1240 4479 1335 4518 eos
1381 4471 1647 4519 accusant
1695 4464 1960 4518 continuo
1992 4479 2008 4516 :

436 4558 559 4630 Syri
593 4566 774 4613 autem
801 4565 856 4613 et
887 4557 1083 4622 Graeci,
1116 4573 1254 4627 quas
1283 4557 1501 4628 quidem
1537 4567 1648 4611 non
1675 4555 1880 4611 habent
1899 4556 2011 4609 vir-

435 4660 603 4717 tutes,
636 4651 837 4705 habere
867 4666 926 4728 se
957 4651 1288 4721 praedicant;
1329 4665 1470 4721 quos
1506 4664 1637 4704 vero
1667 4648 1868 4704 habent
1911 4647 2008 4702 de-

435 4747 631 4806 tectus,
656 4741 1019 4798 abscondunt.

503 4833 556 4888 4.
591 4833 706 4906 {3-9)
737 4834 818 4888 Ad
866 4851 990 4890 eum
1043 4843 1309 4890 venerunt
1355 4831 1579 4898 fratres,
1631 4834 2009 4904 sciscitatique

434 4933 563 4978 sunt
593 4925 680 4980 his
713 4926 894 4983 verbis
929 4946 941 4981 :
971 4926 1244 4994 Quidnam
1298 4928 1400 4983 sibi
1437 4929 1553 4981 vult
1583 4927 1730 4996 quod
1767 4927 1820 4980 in
1869 4926 2010 4980 libro

432 5014 538 5070 Job
565 5016 827 5085 scriptum
857 5027 979 5072 est:
1013 5017 1215 5072 Caelum
1245 5028 1420 5072 autem
1450 5017 1705 5071 mundum
1728 5034 1831 5070 non
1848 5026 1925 5072 est
1952 5019 2006 5070 in

433 5119 712 5176 conspectu
742 5109 854 5171 eius
889 5109 962 5162 7'?
988 5107 1288 5180 Respondit
1317 5125 1482 5166 senex
1517 5128 1529 5162 :
1567 5108 1729 5164 Missa
1761 5109 2006 5163 fecerunt

435 5197 634 5254 fratres
671 5210 890 5268 peccata
931 5218 1052 5266 sua,
1088 5211 1142 5256 et
1186 5203 1252 5257 de
1293 5203 1451 5258 caelis
1489 5209 1826 5255 scrutantur.
1858 5199 2011 5254 Hanc

437 5306 569 5344 vero
601 5292 768 5368 habet
799 5292 1300 5364 interpretationem
1338 5304 1521 5349 textus
1557 5312 1568 5346 :
1601 5291 1871 5358 Quoniam
1898 5295 2014 5363 ipse

435 5385 586 5438 solus
626 5383 767 5439 Deus
811 5387 1049 5444 mundus
1081 5397 1184 5451 cst,
1217 5387 1340 5444 ideo
1365 5387 1502 5443 dixit
1533 5406 1547 5442 :
1604 5383 1806 5441 Caelum
1837 5397 2012 5440 autem

433 5476 685 5530 mundum
723 5494 825 5532 non
851 5488 951 5534 est.
1231 5476 1238 5483 ’

505 5592 551 5624 ⁷⁸
578 5590 680 5646 Job
705 5609 892 5659 xxxix,
929 5594 1027 5649 ult.
1104 5595 1149 5627 ‘”
1177 5594 1262 5648 Al.
1290 5594 1409 5651 sub.
1487 5594 1531 5624 "
1558 5591 1659 5646 Job
1686 5609 1773 5656 xv,
1807 5592 1889 5648 15.

504 5706 620 5779 (55)
749 5710 801 5761 in
835 5710 1080 5770 Antonio.
1107 5728 1159 5762 η.
1188 5711 1252 5773 5;
1287 5710 1531 5764 Socrates
1561 5725 1632 5772 tv,
1665 5707 1756 5763 25.

505 5777 620 5845 (36)
670 5777 777 5830 Vit.
814 5779 965 5833 Patr.
1004 5797 1114 5841 xvr,
1139 5781 1193 5833 ‘2.

505 5848 618 5919 (37)
669 5848 774 5903 Vit.
818 5847 971 5902 Patr.
1007 5867 1122 5916 vttt,
1162 5851 1212 5905 5.

2097 606 2272 670 οὐδεὶς
2305 611 2334 660 6
2361 608 2668 677 σωζόμενος

2171 707 2246 765 ς’.
2281 695 2416 752 Εἷπε
2445 700 2623 765 πάλιν,
2659 701 2739 753 ὅτι
2773 701 2969 769 Ἔλεγέ
3014 719 3100 765 τις
3140 701 3250 755 τῶν
3281 703 3574 775 Πατέρων·
3617 706 3677 758 Ἦ

2099 789 2370 866 ξηροτέρα
2386 792 2478 844 καί
2504 792 2551 822 ⁷³
2577 790 2862 860 ἀνώμαλος
2881 791 3078 856 δίαιτα,
3097 794 3285 867 ἀγάπῃ
3309 795 3675 864 πζευχθείσα,

2101 882 2298 936 θᾶττον
2323 883 2532 952 εἰσάγει
2565 884 2656 937 τὸν
2683 885 2919 956 μοναχὸν
2942 887 3022 948 είς
3052 885 3142 936 τὸν
3171 885 3272 954 τῆς
3295 886 3565 950 ἀπαθείας
3602 887 3676 939 λι-

2103 977 2260 1047 μένα.

2168 1068 2234 1134 ζ’.
2279 1070 2527 1138 Ἐγένετο
2563 1089 2696 1126 ποτε
2749 1073 3024 1146 συνέδριον
3059 1076 3141 1140 εἰς
3179 1075 3247 1129 τὰ
3289 1075 3493 1128 Κελλία
3557 1077 3678 1146 περὶ

2102 1164 2448 1234 πράγματος,
2480 1165 2572 1217 καὶ
2606 1163 2868 1234 ἐλάλησεν
2909 1167 2937 1218 6
2984 1165 3158 1229 άϐϐἄς
3191 1167 3483 1240 Εὑάγριος.
3522 1167 3678 1233 Λέγει

2106 1253 2258 1325 αὐτῷ
2309 1257 2337 1308 6
2375 1254 2775 1328 πρεσϐύτερος·
2817 1257 3073 1329 Οἴδαμεν,
3106 1258 3270 1322 ἁϐϐἄ,
3311 1261 3392 1312 ὅτι
3427 1262 3477 1312 εί
3524 1255 3591 1329 ᾗς
3624 1261 3678 1312 ἐν

2102 1348 2166 1416 τῇ
2199 1345 2352 1418 χώρᾳ
2401 1364 2516 1410 σου,
2565 1349 2658 1401 καὶ
2689 1348 2986 1413 ἐπίσκοπος
3035 1351 3296 1415 πολλάκις
3332 1352 3426 1406 καὶ
3473 1351 3677 1421 κεφαλὴ

2105 1439 2316 1493 πολλῶν
2342 1436 2485 1511 εἶχες
2521 1437 2690 1494 εἶναι·
2723 1443 2819 1494 νῦν
2848 1443 2905 1496 δὲ
2949 1444 3023 1508 ὼς
3053 1445 3202 1511 ξένος
3230 1445 3436 1518 καθέζῃ
3469 1440 3588 1500 ὧδε.
3624 1446 3677 1498 ’0

2103 1531 2161 1584 δὲ
2207 1533 2534 1601 κατανυγεὶς
2565 1534 2668 1586 οὑκ
2711 1534 3008 1607 ἐταράχθη,
3036 1536 3171 1590 ἀλλὰ
3203 1539 3433 1608 κινήσας
3465 1539 3565 1608 τὴν
3593 1554 3676 1590 κε-

2108 1617 2304 1692 φαλὴν,
2366 1622 2512 1691 λέγει
2570 1627 2759 1696 αὐτῷ·
2824 1627 3059 1695 Ἀληθῶς
3113 1630 3248 1691 ἐστι,
3301 1630 3482 1701 Πάτερ
3537 1628 3674 1700 Πλὴν

2105 1713 2267 1776 ἅπαξ
2296 1713 2590 1782 ἐλάλησα,
2620 1717 2717 1769 ἐπὶ
2743 1715 2808 1770 δὲ
2839 1716 2918 1781 τῷ
2946 1717 3201 1787 δευτέρῳ
3231 1721 3302 1773 ab
3330 1719 3669 1788 προσθήσω.

2456 1917 2596 1986 Περὶ
2623 1919 2731 1973 τοῦ
2766 1918 2916 1976 ἀϐϐᾶ
2940 1919 3330 1989 Εὐδαίμονος.

2178 2025 2346 2083 Εἶπεν
2374 2031 2402 2083 6
2430 2031 2604 2095 ὰϐϐἄς
2652 2032 2938 2103 Εὐδαίμων
2976 2032 3103 2104 περὶ
3127 2031 3238 2086 τοῦ·
3259 2031 3402 2085 ἀϐϐᾶ
3439 2033 3681 2100 [laevon-

2106 2123 2223 2177 τίου
2270 2123 2364 2178 τοῦ
2412 2125 2625 2196 Πατρὸς
2663 2126 2762 2196 τῆς
2813 2126 3089 2197 Σκήτεως,
3122 2126 3204 2179 ὅτι
3247 2126 3531 2195 Κατῆλθον
3576 2129 3683 2180 tu!

2107 2213 2392 2286 νεώτερος,
2418 2216 2511 2268 καὶ
2535 2216 2636 2268 οὐκ
2665 2216 2844 2285 ἀφῆκέ
2876 2233 2942 2287 με
2969 2219 3148 2288 μεῖναι
3177 2218 3310 2280 ἐκεῖ,
3333 2215 3510 2284 λέγων
3596 2218 3684 2270 ἐπὶ

2109 2305 2263 2375 ἐμοῦ.
2293 2304 2456 2374 Ὀψιν
2481 2307 2739 2374 γυναικὸς
2761 2307 2862 2360 οὑκ
2887 2308 3033 2377 ἁφιῶ
3064 2311 3241 2379 μεῖναι
3269 2309 3346 2371 εἰς
3361 2308 3684 2378 Eat-,me

2107 2398 2198 2450 τὸν
2228 2397 2464 2469 πόλεμον
2499 2397 2592 2450 τοῦ
2621 2399 2838 2469 ἐχθροῦ.

2534 2511 2702 2583 Ἀρχὴ
2726 2512 2820 2566 τοῦ
2867 2513 3132 2584 στοιχείου
3180 2516 3238 2568 Ζ.

2497 2625 2637 2694 Περὶ
2671 2625 2776 2679 ποῦ
2814 2602 2965 2681 ἀϐϐᾶ
2995 2627 3290 2695 Ζήνωνος.

2177 2717 2242 2773 α’.
2281 2718 2447 2777 Εἶπεν
2479 2721 2508 2772 6
2534 2717 2708 2782 ἀϐϐἄς
2748 2721 2932 2790 Ζήνων
2959 2721 2987 2771 6
3019 2719 3265 2791 μαθητὴς
3285 2719 3380 2773 τοῦ
3413 2722 3684 2794 μακαρίου

2110 2811 2433 2865 Σιλουανοῦ·
2494 2811 2585 2880 Μὴ
2635 2812 2862 2883 οίκήσῃς
2907 2811 2964 2863 ἐν
3010 2811 3159 2881 τόπῳ
3197 2812 3499 2883 ὀνομαστῷ,
3560 2814 3686 2884 μηδὲ

2110 2907 2338 2977 καθίσῃς
2370 2904 2507 2976 μετὰ
2539 2902 2829 2974 ἀνθρώπου
2886 2901 3100 2974 ἔχοντος
3147 2903 3288 2973 μέγα
3321 2903 3514 2974 ὄνομα,
3557 2905 3685 2977 μηδι

2113 2996 2281 3069 βάλῃς
2319 2995 2568 3067 θεμέλιον
2597 2993 2691 3047 τοῦ
2735 2992 3087 3064 οἰκοδομῆσαι
3125 2992 3301 3064 ἑαυτῷ
3329 2993 3544 3047 κελλίον
3580 2994 3687 3047 πώ-

2111 3108 2240 3144 ποτε
2249 3131 2262 3144 .

2181 3181 2244 3248 β’.
2286 3181 2511 3249 Ἔλεγον
2542 3179 2672 3251 περὶ
2690 3178 2785 3233 τοῦ
2811 3178 2955 3232 ἁϐϐἄ
2980 3179 3248 3251 Ζήνωνος,
3275 3178 3356 3231 ὅτι
3378 3179 3473 3231 ἀπ’
3516 3177 3688 3249 ἀρχῆς

2109 3275 2209 3328 οὐκ
2240 3273 2400 3346 ἧθελε
2434 3272 2618 3326 λαϐεῖν
2651 3271 2804 3343 παρά
2829 3272 2970 3335 τινός
2999 3271 3051 3324 τί
3099 3287 3248 3324 ποτε.
3286 3272 3395 3324 Καὶ
3440 3270 3688 3323 ἐντεῦθεν

2107 3369 2158 3421 οἱ
2187 3367 2446 3438 φέροντες
2507 3367 2818 3437 ἀπήρχοντο
2863 3363 3216 3434 λυπούμενοι,
3261 3364 3342 3416 ὅτι
3377 3362 3476 3416 οὐκ
3520 3363 3689 3434 ἐλάμ-

2108 3462 2261 3515 ϐανε.
2289 3460 2398 3513 Καὶ
2429 3458 2579 3513 ἄλλοι
2605 3460 2836 3530 ἤρχοντο
2859 3458 2995 3529 πρὸς
3017 3457 3203 3519 αὑτὸν,
3229 3455 3412 3509 λαϐεῖν
3444 3454 3688 3516 θέλοντες

2109 3555 2185 3619 ὡς
2219 3554 2371 3624 παρὰ
2424 3552 2662 3625 μεγάλου
2710 3553 2985 3624 γέροντος,
3027 3552 3118 3604 καὶ
3143 3549 3243 3603 οὐκ
3269 3547 3379 3620 εἷχέ
3413 3567 3463 3601 τι
3504 3548 3686 3602 δοῦναι

2110 3648 2315 3714 αὐτοῖς,
2337 3647 2431 3700 καὶ
2458 3646 2611 3699 αὐτοὶ
2641 3645 2852 3716 ὑπῆγον
2877 3643 3049 3695 λυπού
3059 3659 3227 3712 μενοι.
3258 3641 3424 3709 Λέγει
3440 3642 3467 3693 ὁ
3486 3639 3684 3710 γέρων·

2109 3738 2176 3790 Τί
2210 3739 2445 3809 ποιήσω,
2482 3736 2565 3788 ὅτι
2606 3736 2702 3788 καὶ
2741 3737 2790 3787 οἱ
2837 3733 3096 3804 φέροντες
3132 3725 3450 3792 λυποῦνται,
3502 3731 3598 3782 καὶ
3640 3730 3685 3782 οἱ

2109 3830 2296 3885 λαϐεῖν
2325 3829 2605 3893 θέλοντες;
2634 3827 2806 3881 Τοῦτο
2832 3827 3032 3898 μᾶλλον
3069 3825 3359 3897 συμφέρει·
3394 3823 3450 3876 εἰ
3477 3841 3564 3886 τις
3593 3821 3688 3892 φέ-

2113 3941 2218 3995 ρει,
2261 3921 2546 3993 λαμϐάνω,
2579 3919 2672 3974 καὶ
2714 3919 2770 3971 εἴ
2805 3937 2887 3983 τις
2926 3921 3068 3972 αἰτεῖ
3105 3918 3332 3990 παρέχω
3365 3913 3536 3986 αὐτῷ.
3583 3915 3685 3968 Καὶ

2109 4015 2282 4079 οὕτως
2313 4014 2550 4084 ποιήσας
2591 4011 2915 4075 ἀνεπαύετο,
2944 4010 3039 4064 καὶ
3069 4009 3276 4072 πάντας
3300 4005 3685 4077 ὲπληροφόρει.

2181 4112 2252 4175 γ’.
2295 4103 2612 4176 Παρέϐαλεν
2640 4101 2868 4172 ἀδελφὸς
2893 4101 3190 4170 Αἰγύπτιος
3215 4099 3292 4170 τῷ
3320 4097 3463 4169 ὰϐϐᾷ
3482 4099 3688 4169 Ζήνωνι

2111 4199 2190 4262 είς
2251 4197 2473 4268 Συρίαν,
2523 4195 2620 4248 καὶ
2671 4194 2968 4264 κατηγόρει
3014 4191 3124 4245 τῶν
3163 4189 3438 4261 λογισμῶν
3494 4186 3688 4242 ἑαυτοῦ

2113 4292 2205 4345 ἐπὶ
2235 4290 2329 4342 τοῦ
2355 4289 2628 4359 γέροντος.
2668 4288 2726 4341 '0
2763 4286 2818 4339 δὲ
2859 4285 3147 4356 θαυμάσας
3211 4278 3396 4336 εἶπεν·
3430 4283 3492 4335 Oi.
3524 4281 3690 4350 Αίγύ-

2114 4397 2282 4442 πτιοι,
2315 4378 2382 4443 ἃς
2411 4379 2510 4450 μὲν
2531 4378 2748 4449 ἔχουσιν
2783 4377 3007 4449 ἀρετὰς,
3051 4373 3406 4446 κρύπτουσιν,
3445 4370 3481 4425 ἃ
3510 4371 3566 4424 δὲ
3591 4372 3692 4423 οὐκ

2124 4470 2338 4541 ἔχουσιν
2380 4467 2758 4539 ἐλαττώματα,
2795 4465 3002 4519 τούτων
3054 4464 3144 4517 ἀεὶ
3176 4461 3601 4535 κατηγοροῦσιν·
3643 4461 3692 4513 oi

2043 4591 2087 4646 ι)
2117 4563 2174 4616 δὲ
2202 4562 2365 4633 Σύροι
2394 4562 2490 4614 καὶ
2525 4562 2575 4614 οἱ
2615 4559 2939 4628 Ἑλληνικοί,
2968 4557 3035 4622 ἃς
3067 4557 3165 4628 μὲν
3193 4557 3294 4609 οὐκ
3322 4554 3536 4626 ἔχουσιν
3561 4556 3692 4624 ἁρε-

2114 4653 2236 4718 τὰς,
2271 4653 2524 4721 λέγουσιν
2560 4651 2728 4722 ἔχειν,
2762 4649 2798 4704 ὃ.
2821 4649 2879 4703 δὲ
2906 4649 3118 4721 ἔχουσιν
3150 4644 3528 4716 ἐλαττώματα,
3561 4643 3696 4715 κρύ-

2111 4761 2354 4798 πτουσιν.

2176 4837 2239 4891 δ’.
2289 4831 2496 4889 *Ηλθον
2543 4835 2680 4907 πρὸς
2735 4833 2900 4888 αὐτὸν
2950 4833 3192 4902 ἀδελφοὶ,
3252 4831 3348 4885 καὶ
3398 4827 3696 4900 ἠρώτησαν

2111 4927 2296 4992 αὐτὸν,
2327 4925 2578 4995 λέγοντες
2599 4943 2614 4958 ·
2644 4925 2711 4978 Τί
2748 4928 2864 4979 ἐστι
2907 4925 2967 4979 τὸ
2996 4927 3054 4978 ὲν
3086 4925 3164 4995 τῷ
3207 4923 3325 4977 Ἰὼϐ
3374 4922 3697 4994 γεγραμμέ-

2112 5037 2202 5074 νον
2226 5037 2240 5051 ·
2269 5018 2534 5087 Οὐρανὸς
2544 5017 2612 5071 δὲ
2631 5020 2703 5072 οὐ
2723 5017 2981 5085 καθαρὸς
2995 5014 3254 5069 ἐνώπιον
3277 5013 3500 5075 αὐτοῦς
3537 5014 3698 5066 Ἀπο-

2114 5111 2325 5184 κριθεὶς
2354 5112 2412 5165 δὲ
2436 5113 2465 5165 6
2500 5111 2678 5183 γέρων
2703 5107 2858 5164 εἶπεν
2879 5111 3061 5172 αὐτοῖς
3078 5125 3093 5138 ·
3131 5107 3374 5177 Ἀφῆκαν
3399 5107 3450 5159 οἱ
3473 5106 3698 5174 ἀδελφοὶ

2115 5203 2215 5266 τὰς
2241 5202 2519 5275 ἁμαρτίας
2542 5199 2743 5266 αὐτῶν,
2773 5201 2869 5255 καὶ
2899 5201 3029 5272 περὶ
3050 5200 3159 5253 τῶν
3193 5199 3438 5268 οὐρανῶν
3475 5198 3524 5229 ’⁸
3551 5199 3700 5268 ἐρευ-

2111 5295 2296 5350 νῶσιν.
2335 5295 2484 5367 Αὕτη
2524 5294 2581 5348 δέ
2597 5297 2743 5348 ἐστιν
2774 5296 2808 5365 ἡ
2834 5292 3106 5366 ἑρμηνεία
3135 5291 3228 5345 τοῦ
3251 5291 3429 5359 λόγου·
3473 5289 3698 5359 Ἐπειδὴ

2111 5386 2272 5451 αὐτὸς
2301 5387 2464 5457 μόνος
2495 5387 2613 5439 ἐστὶ
2635 5385 2895 5457 καθαρὸς,
2920 5385 3008 5439 διὰ
3023 5383 3180 5438 τοῦτο
3207 5379 3358 5437 εἶπεν
3379 5400 3391 5413 ·
3423 5382 3699 5450 Οὐρανὸς

2112 5478 2181 5532 δὲ
2204 5481 2276 5533 οὐ
2305 5480 2563 5548 καθαρός
2595 5480 2783 5534 ἐστιν.

1970 5594 2015 5627 ⁷³
2047 5595 2134 5651 Al.
2170 5597 2262 5650 καὶ
2291 5595 2385 5666 μή.
2465 5594 2512 5625 ⁷⁸
2541 5593 2626 5648 Al.
2656 5595 2940 5666 οὐρανίων.

2184 5709 2295 5778 (58)
2339 5709 2446 5764 Vit.
2485 5708 2635 5762 Patr.
2675 5725 2754 5775 ιιι,
2787 5711 2840 5762 5.

2186 5780 2295 5852 (39)
2345 5780 2449 5834 vn.
2492 5780 2642 5834 l’atr.
2675 5797 2728 5848 χ,
2759 5779 2850 5834 22.
