3874 6374
217 401 328 456 1⁸37

1409 389 1680 448 ΔΡΟΡΗΤ
1691 375 2030 444 HEGMATA
2070 389 2376 450 PATRUM.

3397 400 3504 460 £78

288 519 355 576 ε’.
403 520 636 589 Ἔλεγον
663 520 792 594 περὶ
818 519 912 573 τοῦ
936 518 1080 572 ἀὸὁᾶ
1109 520 1378 588 Ζήνωνος.
1403 518 1487 572 δτι
1509 513 1816 584 καθήμενος

1993 514 2045 569 5.
2074 514 2188 583 (£0)
2219 515 2483 576 Dicebant
2515 523 2583 578 de
2606 522 2802 579 abbate
2828 523 3068 590 Zenone,
3093 541 3237 597 quoa
3269 541 3392 582 cum
3419 544 3507 582 re-

226 614 284 666 έν
315 615 387 683 τῇ
412 613 640 684 Σκήτει,
664 611 857 682 ἐξῆλθε
883 613 1075 676 νυκτὸς
1104 613 1170 665 ὲκ
1197 611 1295 682 τῆς
1324 609 1516 681 κέλλης
1549 606 1713 661 αὑτοῦ
1743 607 1819 670 ὠς

219 705 314 758 ἰπὶ
332 705 399 759 τὸ
429 705 553 769 ἕλος
573 723 586 736 ·
621 707 714 760 καὶ
746 704 1044 776 πλανηθεὶς
1067 703 1288 776 ἐποίησε
1318 705 1465 777 τρεῖς
1497 700 1708 774 ἡμέρας
1728 698 1820 752 καὶ

220 799 372 866 τρεῖς
427 797 635 860 νύκτας
687 796 1039 869 περιπατῶνο
1082 797 1176 850 καὶ
1229 795 1527 858 κοπιάσας,
1584 791 1821 846 ἐκλιπὼν

222 888 424 942 επεσεν
461 891 544 952 εἰς
581 889 642 941 τὸ
681 888 996 943 ἀποθανεῖν.
1034 889 1145 942 Kal
1200 887 1308 941 ἰδοὺ
1358 886 1643 956 παιδάριον
1688 883 1819 954 ἔστη

223 979 464 1033 ἐνώπιον
505 981 705 1045 αὑτοῦ,
743 980 866 1052 ἔχον
909 981 1076 1052 ἄρτον
1113 981 1207 1033 καὶ
1255 978 1548 1050 βαιαάλιον
1595 977 1819 1040 ὓδατοςο

224 1077 320 1129 καὶ
365 1077 560 1144 ἔλεγεν
603 1075 788 1147 αὐτῷ·
849 1077 1104 1140 ’Δνάστα,
1149 1075 1314 1144 φάγε.
1372 1074 1428 1128 '0
1460 1073 1516 1127 δὲ
1559 1072 1820 1136 ἀναστὰς,

227 1169 608 1245 προσηύξατο,
648 1170 887 1241 νομίζων
923 1170 1005 1223 ὄτι
1047 1168 1316 1240 φαντασία
1357 1167 1403 1199 ⁷⁸
1451 1167 1618 1220 ἐστίν.
1673 1166 1731 1218 Ὁ
1767 1165 1824 1218 δὲ

224 1260 387 1333 εἶπεν
441 1264 616 1335 αὐτῷ’
671 1263 868 1327 Καλῶς
919 1262 1205 1334 ἐποίησας.
1253 1261 1360 1320 Kal
1408 1260 1570 1314 πάλιν
1622 1257 1826 1331 ηὔξατο

223 1358 488 1430 δεύτερον
552 1358 649 1412 καὶ
703 1358 908 1430 τρίτον.
976 1357 1088 1411 Kal
1152 1355 1302 1425 λέγει
1375 1353 1558 1425 αὐτῷ·
1629 1353 1826 1416 Καλῶς

227 1453 521 1524 ἐποίησας.
570 1449 836 1514 ’Δναστάς
873 1445 966 1504 οὖν
1001 1451 1029 1502 6
1061 1448 1261 1520 γέρων,
1290 1447 1450 1500 ἔλαϐε
1499 1447 1596 1499 καὶ
1633 1443 1822 1514 ἔφαγε.

230 1547 342 1599 Kal
386 1544 527 1616 μετά
560 1542 736 1597 ταῦτα
781 1542 928 1610 λέγει
975 1540 1155 1612 αὐτῷ’
1188 1541 1352 1593 Ὅσον
1390 1537 1824 1609 περιεπάτησας,

227 1637 489 1692 τοσοῦτον
515 1633 567 1690 εἷ
593 1637 808 1709 μακρὰν
831 1635 939 1689 ἀπὸ
961 1635 1060 1705 τῆς
1083 1632 1278 1703 κέλλης
1310 1650 1402 1685 σου
1422 1649 1435 1662 ο
1460 1631 1574 1684 ἀλλ’
1597 1630 1826 1696 ἀνάστα,

229 1730 525 1784 ἀκολούθει
583 1747 692 1800 μοι.
742 1729 852 1781 Kal
897 1726 1100 1789 εὐθέως
1143 1725 1343 1795 εὑρέθη
1388 1725 1468 1786 είς
1508 1723 1570 1775 τὸ
1617 1721 1828 1776 κελλίον

229 1823 427 1878 αὑτοῦ.
464 1819 632 1874 Εἶπεν
676 1816 770 1874 οὖν
800 1818 952 1890 αὐτῷ
994 1821 1022 1872 6
1065 1817 1276 1890 γέρωνο
1323 1814 1568 1881 Εἴσελθε,
1603 1814 1834 1884 ποίησον

1928 602 2130 660 sideret
2168 607 2227 662 in
2271 607 2440 674 Sceli,
2483 612 2615 666 exiit
2648 623 2810 669 noctu
2848 631 2878 670 e
2916 616 3050 670 cella
3094 633 3209 681 sua,
3244 625 3506 689 tanquam

1928 695 1995 748 ad
2029 696 2279 765 paludem
2304 701 2804 771 profecturus;setl
2853 721 2883 758 a
2927 707 3014 758 via
3070 706 3354 770 aberrans,
3410 724 3508 779 per

1930 794 2042 842 tres
2092 790 2210 846 dies
2255 806 2318 846 ac
2370 803 2559 850 noctes
2619 798 2920 852 ambulavit
2972 817 2984 853 :
3034 800 3175 854 unde
3227 800 3506 872 fatigatus,

1930 879 2189 938 deliciens
2219 885 2416 939 cecidit
2449 887 2596 942 velut
2630 890 2950 945 moriturus.
2989 890 3054 944 Et
3085 907 3214 947 ecre
3245 895 3508 964 puerulus

1931 985 2116 1028 coram
2142 990 2208 1029 eo
2235 978 2401 1042 stetit,
2437 995 2632 1049 panem
2664 991 2854 1037 tenens
2893 999 3017 1038 cum
3060 1000 3212 1055 aquae
3256 986 3505 1056 baucali;

1932 1065 2179 1138 dixitque
2213 1090 2226 1126 :
2265 1069 2460 1143 Surge,
2500 1075 2745 1132 comede.
2792 1077 2886 1133 Ille
2929 1093 3058 1134 vero
3093 1095 3348 1151 surgens,
3381 1097 3507 1154 pre-

1932 1165 2093 1213 catus
2139 1167 2224 1214 est
2288 1179 2302 1216 :
2361 1163 2588 1232 putabat
2646 1167 2791 1221 enim
2850 1169 3174 1238 phantasma
3225 1186 3366 1228 esse.
3419 1173 3512 1226 Ait

1934 1251 2200 1318 puerulus
2235 1271 2249 1308 :
2287 1251 2454 1309 Recte
2485 1253 2684 1311 fecisti.
2732 1257 2799 1313 Et
2839 1259 3017 1316 adhuc
3049 1263 3228 1317 oravit
3265 1265 3511 1318 secundo

1935 1357 1999 1396 ac
2038 1344 2217 1398 tertio.
2264 1343 2401 1400 Tum
2447 1349 2512 1402 ad
2557 1365 2680 1404 eum
2716 1351 2805 1407 ille
2843 1370 2857 1408 :
2893 1351 3092 1408 Fecisti
3134 1353 3292 1410 bene.
3327 1354 3514 1426 Itaque

1935 1449 2103 1490 senex
2148 1451 2384 1508 surgens
2424 1442 2776 1498 manducavit
2820 1452 2874 1498 et
2914 1446 3068 1501 bibit.
3125 1445 3253 1503 Post
3284 1448 3398 1503 haec
3434 1453 3514 1504 sic

1938 1527 2155 1584 locutus
2209 1544 2294 1584 est
2349 1548 2485 1602 puer
2532 1552 2545 1588 :
2599 1533 2872 1601 Quantum
2929 1539 3252 1604 ambulasti,
3302 1549 3514 1596 tantum

1937 1617 2167 1674 dissitas
2217 1635 2277 1677 es
2311 1636 2341 1675 a
2373 1624 2510 1678 cella
2559 1633 2688 1693 tua;
2739 1628 2831 1682 sed
2884 1644 3067 1699 surge,
3123 1646 3351 1701 sequere
3407 1649 3514 1689 me.

1944 1709 2251 1784 Statimque
2284 1715 2340 1770 in
2363 1718 2497 1772 cella
2539 1733 2638 1773 sua
2683 1737 2804 1776 esse
2851 1737 2909 1776 se
2958 1723 3336 1792 deprehendit.
3372 1725 3518 1780 Dixit

1938 1817 2070 1875 ergo
2117 1805 2166 1860 ei
2221 1821 2389 1864 senex
2440 1827 2452 1863 :
2505 1808 2814 1882 Ingredere,
2856 1814 2941 1869 fac
2979 1817 3136 1870 nobis
3190 1817 3514 1874 orationem.

232 1920 370 1988 ἡμῖν
402 1917 590 1986 εὐχήν.
638 1915 749 1968 Kal
795 1887 1146 1975 εἰσελθόντος*
1171 1911 1265 1964 τοῦ
1309 1910 1586 1982 γέροντος,
1627 1911 1832 1972 ἐκεῖνος

1951 1893 2033 1962 Et,
2057 1897 2306 1969 ingresso
2338 1917 2489 1968 sene,
2529 1904 2712 1961 infans
2752 1923 2860 1961 non
2900 1911 3219 1980 comparuit.

231 2008 454 2079 ἀφανὴς
483 2008 722 2076 ἐγένετο.
1266 2049 1276 2064 .
1309 2032 1334 2052 ο

307 2106 389 2166 ς’.
424 2097 653 2151 ’Δλλοτε
678 2099 707 2150 6
729 2096 892 2160 αὐτὸς
923 2096 1097 2161 ἀϐδᾶς
1123 2096 1310 2167 Ζήνων
1342 2091 1662 2166 περιπατῶν
1679 2094 1737 2145 ὲν
1770 2095 1838 2164 τῇ

233 2191 601 2264 Παλαιστίνῃ,
633 2189 730 2244 καὶ
765 2176 1056 2252 κοπιάσας,
1090 2189 1258 2257 ἐγγὺς
1282 2185 1613 2256 σικυηλάτου
1646 2183 1836 2237 tuae.-

234 2305 296 2342 σε
327 2289 552 2357 φαγεῖν,
587 2286 682 2339 καὶ
722 2283 870 2352 λέγει
898 2281 1047 2354 αὑτῷ
1078 2285 1105 2336 6
1140 2281 1418 2352 λογισμός·
1458 2275 1629 2351 Ἀρον
1661 2277 1840 2349 ἑαυτῷ

234 2381 293 2432 ἓν
335 2377 570 2441 σικὺὂιν,
605 2377 700 2430 καὶ
729 2376 892 2446 φάγε.
925 2374 992 2429 Τί
1017 2375 1126 2446 γάρ
1151 2376 1336 2440 scr-civ;
1397 2373 1454 2426 Ὀ
1494 2371 1553 2424 δὲ
1604 2372 1838 2442 ἀποκρι-

235 2470 358 2533 θεὶς
400 2463 528 2522 εἷπε
572 2467 650 2538 τῷ
679 2465 947 2536 λογισμῷ·
985 2466 1046 2520 Οἱ
1076 2465 1307 2518 κλέπται
1359 2464 1439 2527 εἰς
1476 2461 1697 2516 κόλασιν
1736 2461 1841 2514 ὑπ·-

234 2566 462 2631 ἁγουσι.
504 2561 811 2630 Δοκίμασον
856 2555 951 2612 οὑν
995 2557 1189 2612 ἑαυτὸν
1224 2555 1497 2620 ἐντεῦθεν,
1529 2554 1578 2607 εί
1615 2552 1840 2606 δύνασαι

233 2655 336 2726 τὴν
378 2652 606 2706 κόλασιν
649 2652 998 2718 ὑπενεγκεῖν.
1038 2646 1152 2702 Kal
1190 2645 1431 2710 ἀναστὰς
1479 2643 1613 2714 ἔστη
1659 2643 1740 2706 είς
1780 2641 1843 2694 τὸ

237 2747 436 2818 καῦμα
465 2745 632 2799 πέντε
661 2743 896 2816 ἡμέρας,
929 2742 1026 2796 καὶ
1057 2739 1358 2813 τηγανίσας
1391 2737 1607 2804 ἑαυτὸν,
1648 2733 1801 2790 εἶπεν
1821 2750 1836 2765 ⁸

236 2840 314 2892 υὺ
347 2838 581 2892 δύνασαι
612 2835 662 2868 ⁷⁸
688 2837 788 2906 τὴν
811 2836 1033 2889 κόλασιν
1059 2833 1406 2901 ὑπενεγκεῖν.
1429 2829 1542 2884 Kal
1578 2828 1730 2899 λέγει
1763 2825 1841 2900 τῷ

238 2929 496 3004 ἳογισμῷ
515 2945 529 2958 ·
563 2928 627 2983 Et
652 2930 712 2983 οὐ
743 2928 990 2996 δύνασαι,
1031 2928 1106 2999 μὴ
1136 2925 1341 2980 κλέπτε
1372 2923 1469 2977 καὶ
1492 2919 1696 2994 τρῶγε.

311 3110 384 3174 ζ’.
419 3103 596 3163 Εἶπεν
626 3110 656 3163 6
686 3107 864 3171 ἀσεᾶς
900 3107 1086 3178 Ζήνων
1106 3124 1120 3139 ·
1171 3105 1232 3160 '0
1253 3104 1422 3160 θέλων
1447 3103 1585 3176 ταχὺ
1612 3103 1701 3158 ἵνα
1725 3103 1842 3156 εἰσ·
1927 3124 1936 3130 ·

243 3201 459 3275 ακούσῃ
506 3204 536 3254 6
571 3199 706 3264 Θεὸς
735 3201 838 3271 τῆς
878 3199 1046 3271 εὐχῆς
1082 3197 1268 3262 αὑτοῦ,
1308 3197 1474 3269 ἡνίκα
1511 3196 1718 3297 ἀναστῇ
1748 3193 1840 3248 καὶ
1868 3235 1917 3297 c

243 3294 481 3348 ἐκτείνει
521 3291 625 3357 τὰς
677 3295 866 3364 χεῖρας
901 3291 1068 3345 αὑτοῦ
1101 3291 1240 3362 πρὸς
1274 3289 1429 3353 Θεὸν,
1463 3288 1572 3360 πρὸ
1620 3286 1840 3341 πάντων

244 3388 341 3442 καὶ
372 3387 483 3460 πρὸ
547 3387 649 3456 τῆς
697 3385 832 3448 ἰδίας
876 3385 1055 3456 ψυχῆς
1105 3383 1244 3455 ὑπὲρ
1273 3382 1382 3436 τῶν
1424 3381 1636 3454 ἐχθρῶν
1677 3378 1840 3434 αὑτοῦ

247 3481 356 3534 ἀπὸ
381 3479 569 3552 ψυχῆς
603 3477 855 3550 εὔξηταιο
909 3480 1002 3532 καὶ
1031 3477 1120 3533 διὰ
1156 3477 1346 3531 τούτου
1396 3472 1840 3546 κατορθώματος,

246 3575 301 3627 εί
318 3593 371 3628 τι
402 3576 473 3628 ἂν
508 3571 875 3646 παρακαλέσῃ
893 3571 972 3642 τῷ
1001 3569 1144 3641 Θεῷ,
1166 3566 1431 3623 ὑπακούει
1461 3565 1630 3636 αὐτῷ.

319 3675 391 3740 η’.
439 3667 672 3736 Ἔλεγον
712 3666 796 3719 ὃτι
835 3661 903 3736 ἦν
933 3681 1018 3727 τις
1059 3666 1117 3716 ὲν
1156 3660 1340 3733 κώμῃ,
1376 3660 1471 3713 καὶ
1507 3656 1678 3712 πολλά
1722 3658 1846 3728 ὲνή-

252 3775 462 3822 στευεν,
492 3757 636 3811 ὥστε
667 3755 950 3810 καλεῖσθαι
974 3754 1034 3808 τὸ
1053 3753 1222 3824 ὄνομα
1257 3749 1424 3805 αὑτοῦ
1449 3751 1477 3803 6
1504 3749 1841 3820 Νηστευτής.

264 3851 536 3915 Ἀκούσας
579 3851 638 3904 δὲ
683 3851 712 3903 6
756 3847 931 3912 ἀσσᾶς
960 3850 1145 3920 Ζήνων
1179 3843 1310 3915 περὶ⁵
1341 3841 1528 3907 αὑτοῦ,
1568 3842 1848 3914 μετεστεί-

249 3945 381 3998 λατο
409 3942 602 3999 αὑτόν.
649 3942 710 3995 '0
732 3941 789 3994 δὲ
827 3939 1037 4012 ἀπῆλθε
1075 3939 1213 4010 μετὰ
1249 3939 1445 4010 χαρᾶς.
1474 3935 1587 3988 Καὶ
1613 3933 1848 4004 εὐξάμε-

251 4056 330 4093 νοι
358 4035 648 4091 ἐκάθισαν.
683 4033 926 4105 Ἤρξατο
952 4027 1046 4086 οὖν
1079 4034 1107 4086 6
1140 4031 1317 4103 γέρων
1352 4027 1684 4101 ἐργάζεσθαι
1719 4042 1848 4078 σιωο

252 4128 393 4183 πῶν.
430 4126 526 4199 Μὴ
548 4127 818 4198 εὑρίσκων
839 4125 897 4178 δὲ
926 4123 1160 4194 λαλῆσαι
1187 4123 1302 4194 μετ’
1339 4120 1506 4174 αὑτοῦ
1538 4122 1566 4172 6
1591 4120 1846 4190 Νηστευ-

252 4221 350 4291 τῆς
403 4220 616 4291 ἤρξατο
654 4213 933 4288 ὀχλεῖσθαι
974 4215 1080 4269 ὑπὸ
1117 4213 1216 4284 τῆς
1266 4211 1516 4282 ἀκηδίας.
1551 4210 1663 4263 Kal
1699 4208 1848 4277 λέγει

253 4308 330 4378 τῷ
363 4307 620 4378 γέροντιο
661 4302 830 4370 Εὖξαι
879 4303 1017 4378 ὑπὲρ
1063 4302 1220 4374 ἐμοῦ,
1266 4301 1432 4366 assa,
1471 4302 1552 4355 ὅτι
1593 4300 1850 4356 ἀπελθεῖν

255 4400 415 4456 θέλω.
455 4401 625 4470 Λέγει
649 4397 799 4470 αὐτῷ
826 4399 856 4451 6
883 4397 1061 4470 γέρων
1078 4413 1093 4427 ο
1120 4397 1306 4461 Διατί;
1350 4396 1410 4449 Ὀ
1439 4395 1496 4449 δὲ
1529 4394 1851 4466 ἀποκριθεὶς

253 4490 442 4548 εἶπεν
495 4493 622 4547 Ὀτι
669 4494 703 4562 ὴ
749 4491 946 4563 καρδία
993 4507 1094 4562 μου
1141 4490 1219 4552 ὡς
1267 4489 1536 4560 καιομένη
1578 4489 1716 4551 ἐστὶ,
1757 4485 1850 4541 καλ⁸

2016 2077 2070 2132 6.
2110 2079 2223 2152 (6t)
2263 2081 2384 2135 Alio
2432 2091 2674 2155 tempore
2714 2086 2854 2142 idem
2890 2087 3061 2144 abbas
3101 2088 3247 2144 Zeno
3284 2108 3380 2162 per
3419 2091 3522 2147 Pa-

1945 2170 2214 2227 laastinam
2249 2175 2354 2230 iter
2379 2175 2608 2242 habens,
2647 2194 2771 2234 cum
2803 2180 2980 2236 lassus
3011 2194 3175 2248 esset,
3207 2187 3344 2240 sedit
3367 2187 3521 2256 juxta

1943 2266 2409 2331 cucumerarium,
2442 2275 2502 2321 ut
2530 2270 2858 2325 comederet.
2904 2270 3061 2326 Subit
3098 2290 3222 2328 eum
3260 2277 3517 2347 cogitatio

1941 2356 2212 2427 ejusmodi
2262 2377 2275 2413 :
2329 2359 2528 2430 Accipe
2547 2377 2713 2416 unum
2747 2379 3114 2434 cucumerem,
3143 2377 3197 2422 et
3230 2370 3519 2428 manduca.

1949 2451 2092 2516 Quid
2126 2452 2268 2506 enim
2300 2451 2396 2507 id?
2429 2453 2534 2508 Sed
2574 2455 2910 2526 respondens
2954 2458 3090 2513 dixit
3132 2463 3315 2514 animo
3355 2478 3456 2517 suo
3505 2481 3519 2518 :

1943 2542 2118 2598 Fures
2156 2544 2221 2598 ad
2258 2552 2530 2600 tormenta
2558 2547 2952 2616 perducuntur.
2983 2548 3120 2605 Hinc
3156 2553 3319 2621 igitur
3352 2554 3521 2624 proba

1943 2637 2202 2706 teipsum,
2233 2652 2301 2691 an
2331 2639 2511 2708 possis
2547 2637 2690 2694 ferre
2724 2649 3017 2696 tormenta.
3051 2643 3115 2698 Et
3153 2660 3520 2719 consurgens,

1944 2729 2013 2783 ad
2045 2737 2238 2784 aestum
2268 2730 2400 2785 solis
2431 2730 2580 2786 stetit
2619 2747 2714 2802 per
2749 2733 2989 2803 quinque
3017 2734 3164 2801 dies;
3202 2752 3436 2808 cumque
3466 2756 3526 2796 se

1946 2824 2258 2888 torruisset,
2289 2825 2366 2877 ait
2402 2843 2415 2880 :
2464 2822 2583 2879 Non
2631 2825 2777 2881 vales
2812 2826 2952 2882 ferre
2987 2830 3333 2900 supplicium.
3361 2832 3426 2888 Et
3456 2835 3525 2888 ad

1944 2926 2184 2972 mentem
2248 2933 2403 2974 suam
2446 2919 2567 2973 iniit
2609 2939 2623 2975 :
2670 2919 3122 2992 Quandoquidem
3184 2940 3294 2980 non
3348 2935 3524 2996 potes,

1944 3024 2014 3064 ne
2037 3009 2237 3066 {ureris
2265 3025 2330 3066 ac
2357 3010 2677 3068 Inanduces.

2021 3100 2072 3155 7.
2124 3100 2271 3156 Dixit
2321 3103 2493 3161 abbas
2533 3103 2680 3160 Zeno
2731 3124 2743 3160 ι
2790 3105 2896 3173 Qui
2954 3107 3067 3162 vult
3111 3117 3170 3162 ut
3225 3107 3367 3162 Deus
3418 3093 3526 3164 cito

1945 3191 2203 3247 exaudiat
2251 3208 2444 3264 preces
2479 3193 2674 3266 ipsius,
2713 3197 2932 3268 quando
2972 3199 3292 3265 surrexerit,
3329 3209 3382 3255 et
3413 3215 3527 3253 ma-

1947 3297 2054 3338 nus
2086 3284 2400 3339 extenderit
2434 3284 2503 3340 ad
2545 3283 2734 3348 Deum,
2783 3303 2895 3358 pra:
2916 3294 3153 3351 cunctis.
3211 3289 3376 3344 etiam
3414 3304 3526 3359 prae

1943 3375 2126 3429 anima
2168 3390 2288 3439 sua,
2336 3385 2456 3431 oret
2511 3393 2578 3431 ex
2616 3379 2800 3433 animo
2839 3396 2939 3450 pro
2978 3379 3215 3434 inimicis
3269 3379 3419 3444 suis;
3461 3395 3527 3434 ac

1945 3482 2042 3538 per
2063 3467 2502 3538 hocpraeclarum
2535 3470 2772 3537 facinus,
2801 3470 3064 3542 quidquid
3093 3488 3122 3523 a
3159 3472 3264 3525 Deo
3291 3470 3526 3540 petierit,

1946 3560 2277 3615 auscultabit
2299 3561 2370 3615 ei.

2019 3651 2074 3708 8.
2114 3651 2470 3724 Referebant,
2495 3656 2640 3726 quod
2669 3656 2720 3709 in
2754 3671 2892 3728 pago
2925 3654 3158 3725 quodam
3189 3662 3305 3707 erat
3328 3652 3531 3722 aliquis

1947 3744 2042 3814 qui
2110 3745 2408 3815 plurimum
2457 3747 2761 3817 jejuuabat,
2820 3748 2956 3802 adeo
3020 3755 3075 3798 ut
3140 3743 3369 3798 inditum
3424 3743 3530 3812 ipsi

1948 3835 2142 3890 fuisset
2179 3852 2379 3893 nomen
2407 3838 2761 3909 Jejunatoris.
2799 3839 2873 3894 De
2914 3853 3024 3908 quo
3057 3853 3180 3891 cum
3213 3835 3530 3890 rescivisset

1949 3930 2119 3985 abbas
2167 3930 2336 3996 Zeno,
2388 3935 2675 3990 arcessivit
2726 3949 2872 3988 eum.
2931 3933 3026 3988 ille
3075 3931 3230 3986 laetus
3271 3928 3530 3987 accessit.

1948 4023 2283 4081 Etoratione
2322 4028 2462 4082 facta
2491 4027 2768 4082 sederunt.
2801 4028 2980 4100 prit
3009 4027 3173 4099 igitur
3196 4045 3363 4085 senex
3400 4045 3534 4100 ope‘
3583 4045 3591 4058 ‘

1951 4118 2061 4172 rari
2114 4119 2334 4175 tacitus.
2393 4118 2512 4175 Non
2575 4121 2762 4175 valens
2814 4133 2993 4176 autem
3049 4120 3334 4193 Jejunator
3384 4121 3531 4192 loqui

1951 4225 2074 4263 cum
2101 4225 2188 4274 eo,
2221 4212 2388 4282 cmpit
2422 4227 2450 4266 a
2486 4213 2632 4267 taedii
2667 4213 2803 4268 vitio
2834 4216 3134 4270 molestari.
3165 4216 3232 4270 Et
3259 4216 3336 4270 ait
3367 4214 3483 4272 seni
3511 4229 3527 4266 :

1951 4301 2060 4356 Ora
2094 4318 2195 4373 pro
2227 4319 2336 4366 me,
2375 4305 2547 4373 abba;
2594 4307 2720 4361 volo
2764 4308 2908 4362 enim
2939 4308 3110 4364 abire.
3147 4307 3290 4363 Dicit
3323 4323 3531 4364 senex:

1953 4393 2172 4461 Quare?
2200 4393 2506 4467 Respondit
2547 4397 2637 4455 ille
2673 4418 2686 4454 :
2722 4400 2861 4466 Quia
2895 4415 2994 4456 cor
3019 4417 3200 4458 nteum
3242 4401 3398 4472 quasi
3433 4400 3533 4454 lla-

1953 4493 2096 4557 grat,
2124 4495 2178 4542 et
2204 4489 2335 4558 quid
2367 4489 2563 4545 habeat
2603 4491 2809 4547 nescio.
2845 4487 2982 4546 Nam
3029 4492 3250 4563 quando
3283 4508 3433 4547 eram
3475 4493 3533 4548 in

249 4588 356 4642 οὐκ
393 4582 518 4640 οἰδα
564 4585 619 4638 τί
660 4584 796 4655 ἔχει.
849 4585 978 4636 Ὅτε
1017 4582 1126 4654 γὰρ
1167 4582 1315 4653 ἥμην
1367 4583 1448 4646 εἰς
1491 4581 1592 4652 τὴν
1629 4579 1825 4651 κώμην

1957 4580 2102 4646 villa,
2132 4597 2306 4652 usque
2352 4583 2418 4637 ad
2467 4597 2750 4653 vesperam
2788 4583 3126 4653 jejunabam,
3162 4599 3264 4640 nec
3293 4599 3533 4656 unquam

249 4681 362 4743 ἓως
387 4678 490 4749 ὀψὲ
517 4678 831 4748 ὲνήστευον,
859 4676 956 4728 καὶ
991 4674 1246 4729 οὐδέποτε
1275 4672 1449 4738 οὕτως
1488 4691 1579 4744 μοι
1609 4672 1848 4741 ἐγένετο.

252 4772 422 4840 Λέγει
456 4769 608 4840 αὑτῷ
639 4771 669 4821 6
693 4769 899 4839 γέρων·
931 4767 1028 4829 Εἰς
1063 4765 1160 4836 τὴν
1190 4763 1404 4836 κώμην,
1440 4765 1505 4817 ἐκ
1531 4763 1641 4817 τῶν
1675 4763 1853 4817 ώτίων

256 4883 354 4920 σου
391 4863 629 4934 ὲτρέφου
653 4877 668 4892 ·
709 4860 824 4914 ἀλλ’
867 4857 1069 4913 ἄπελθε
1116 4857 1226 4910 ἀπὸ
1270 4857 1365 4910 τοῦ
1403 4856 1518 4922 νῦν,
1571 4856 1668 4910 καὶ
1706 4855 1853 4909 ἔσθιε

252 4960 355 5030 τὴν
385 4955 647 5027 ὲννάτην·
681 4954 777 5007 καί¹
815 4953 869 5006 ετ
892 4969 945 5005 τι
973 4951 1169 5015 ποιεῖς,
1203 4950 1259 5002 ὲν
1288 4948 1516 5022 κρυπτῷ
1550 4949 1712 5004 ποίει.
1746 4951 1857 5004 Kal

250 5053 330 5116 ὡς
356 5049 568 5120 ἤρξατο
602 5047 798 5109 ποιεῖν,
833 5041 970 5114 μετά
1017 5039 1248 5111 θλίψεως
1281 5040 1440 5111 ἔμενε
1463 5041 1561 5113 τὴν
1606 5041 1854 5113 ὲννάτην.

252 5143 367 5197 Kal
401 5142 590 5206 ελεγον
620 5139 670 5190 oi
706 5135 1061 5207 γνωρίζοντες
1105 5135 1289 5201 αὑτὸν,
1324 5136 1407 5188 ὅτι
1447 5135 1506 5188 'O
1537 5133 1857 5206 Νηστευτὴς

253 5229 636 5303 ἑδαιμονίσθη.
683 5225 883 5280 Ἐλθὼν
908 5226 965 5279 δὲ
991 5225 1292 5298 ἀπήγγειλε
1314 5225 1392 5296 τῷ
1412 5225 1627 5297 γέροντι
1655 5225 1852 5279 πάντα.

263 5329 327 5382 Ὀ
354 5326 415 5381 δὲ
444 5323 602 5380 εἶπεν
640 5323 816 5394 αὐτῷ’
845 5320 1047 5394 Αὖτηή
1077 5322 1196 5385 ὁδὸς
1226 5322 1368 5376 κατά
1398 5320 1530 5374 Θεὸν
1555 5322 1723 5375 ἐστιν.

619 5440 759 5508 Περί
803 5439 910 5493 τοῦ
922 5409 1095 5493 ἱάϐὄᾶ
1143 5437 1462 5506 Ζαχαρίου.

324 5558 399 5614 αι,
445 5551 616 5609 Εἶπεν
653 5557 685 5608 6
718 5553 895 5618 assa;
935 5551 1225 5624 Μακάριος
1267 5551 1344 5624 τῷ
1375 5551 1520 5624 ἀόδᾷ
1573 5553 1850 5636 Ζαχαρίᾳί.

332 5720 374 5750 ﬂ
404 5717 493 5774 AL.
525 5715 844 5789 φάντασμα.
957 5716 1004 5748 ⁷⁸
1039 5715 1123 5770 ΑΙ.
1151 5713 1402 5786 δύναμαι.

327 5836 568 5905 {10)l’t't.
609 5835 762 5890 Patr.
803 5851 956 5893 ιιι-ιιι.
990 5837 1038 5888 7.

336 5912 449 5967 (Ml
492 5908 598 5960 Vit.
644 5906 798 5960 Patr.
847 5906 1032 5959 “.17.

1957 4677 2088 4731 mihi
2139 4679 2247 4732 tale
2291 4678 2422 4748 quid
2472 4676 2724 4748 contigit.
2782 4674 2958 4731 Senex
2990 4685 3103 4730 tum
3137 4694 3150 4730 :
3192 4681 3252 4735 in
3287 4677 3430 4742 vico,
3469 4693 3536 4732 ex

1957 4769 2222 4824 auriculis
2262 4770 2372 4824 tuis
2413 4768 2780 4834 nutriebaris;
2814 4766 2912 4822 sed
2958 4767 3066 4832 abi,
3111 4778 3271 4836 atque
3321 4783 3387 4822 ex
3431 4767 3537 4824 hoc

1959 4869 2202 4928 tempore
2244 4858 2512 4913 manduca
2547 4862 2682 4914 hora
2719 4874 2900 4922 nona;
2943 4867 2998 4912 et
3031 4859 3076 4914 si
3117 4857 3248 4928 quid
3297 4858 3434 4928 agis,
3481 4859 3536 4913 in

1959 4953 2174 5005 occulto
2200 4949 2309 5006 fac.
2349 4950 2412 5005 Ut
2443 4967 2575 5022 ergo
2620 4952 2821 5020 incepit
2853 4950 3055 5013 facere,
3092 4965 3292 5006 nonam
3343 4951 3536 5006 horam

1961 5057 2105 5112 a'gre
2148 5043 2520 5112 exspectabat.
2565 5041 2940 5113 Dixeruntque
2984 5042 3077 5113 qui
3133 5044 3538 5113 cognoscebant

1959 5149 2085 5189 eum
2124 5153 2137 5188 :
2172 5132 2456 5204 Jejunator
2491 5150 2522 5189 a
2551 5135 2798 5190 daemone
2838 5143 3123 5205 correptus
3165 5144 3270 5191 est.
3307 5134 3402 5192 Ille
3435 5152 3533 5191 au-

1961 5233 2069 5279 tem
2115 5227 2344 5281 veniens
2385 5233 2585 5282 cuncta
2638 5225 2911 5280 nuntiavit
2953 5226 3092 5282 seni.
3147 5225 3252 5294 Qui
3295 5227 3364 5282 ad
3414 5243 3540 5284 eum

1962 5317 2100 5374 dixit
2137 5338 2150 5374 :
2197 5317 2323 5374 Haec
2354 5318 2464 5385 via,
2501 5321 2802 5375 secundum
2838 5319 3009 5376 Deum
3044 5328 3151 5377 est.

2444 5435 2518 5490 De
2543 5433 2733 5490 abbate
2763 5433 3047 5503 Zacharia.

2035 5556 2082 5609 Ι.
2118 5553 2230 5627 (42)
2267 5552 2412 5609 Dixit
2458 5555 2626 5610 abbas
2677 5553 2948 5610 Macarius
2991 5553 3176 5610 abbati
3219 5552 3542 5614 Zachariae:

2027 5835 2144 5907 163)
2201 5835 2300 5892 Vit.
2346 5836 2493 5893 Patr.
2535 5853 2568 5896 ι,
2601 5838 2652 5888 li.
