3874 6304
397 345 496 399 Π9

1547 347 1887 403 APPENDIX
1928 350 2019 403 AD
2056 349 2474 408 PALLADIUM.

3538 351 3644 408 189

392 461 536 516 Doce
587 475 673 514 me
711 459 984 529 quodnam
1038 461 1110 512 sit
1163 475 1301 529 opus
1351 463 1623 516 monachi.
1673 463 1763 517 Ait
1800 465 1954 534 ipsi:

2080 467 2192 521 Ξίπέ
2217 486 2308 536 μοι
2331 468 2393 520 τὸ
2414 468 2571 536 ἔργον
2591 464 2682 518 τοῦ
2707 466 2959 536 μοναχοῦ.
2977 468 3139 537 Λέγει
3154 467 3327 539 αὐτῷ·
3360 466 3490 539 Ἐμὲ
3507 471 3638 542 ἐρω-

393 551 545 608 Tune
575 552 879 619 interrogas
911 568 1016 613 me,
1044 550 1242 605 Pater?
1277 551 1413 605 Tum
1439 554 1606 610 abbas
1637 555 1906 612 Macarius
1936 577 1951 613 :

392 643 539 697 Dete
571 643 698 695 mihi
739 656 1062 711 persuasum
1092 651 1197 703 est,
1237 639 1311 694 fili
1348 641 1633 695 Zacharia.
1678 643 1772 698 Est
1808 645 1954 698 enim

389 735 483 804 qui
536 748 622 787 me
668 733 838 794 vellit,
882 739 940 784 ut
981 732 1306 799 interrogem
1356 742 1426 786 te.
1483 729 1778 786 Zacharias
1818 733 1958 787 hanc

391 825 613 894 protulit
647 823 968 878 sententiam
1018 841 1031 875 :
1086 821 1361 888 Quantum
1413 822 1632 892 quidem
1680 825 1956 887 existimo,

390 914 572 980 Pater,
604 917 696 987 qui
722 916 827 971 sibi
865 915 918 969 in
953 917 1207 969 omnibus
1241 916 1349 970 vim
1386 915 1536 980 facit,
1571 916 1618 971 is
1656 927 1742 972 est
1770 932 1958 972 mona-

388 1009 546 1066 chus.

459 1099 515 1154 2.
549 1099 662 1168 (43)
688 1096 846 1153 Venit
879 1098 1172 1168 aliquando
1195 1099 1364 1154 abbas
1400 1097 1579 1154 Moses
1611 1099 1677 1153 ad
1705 1098 1962 1154 haurien-

389 1191 511 1246 dam
540 1206 759 1260 aquam,
801 1201 855 1244 ct
907 1191 1111 1245 invenit
1150 1191 1396 1246 abbatem
1432 1191 1751 1246 Zachariam
1799 1206 1962 1246 oran-

391 1292 500 1337 tem
541 1283 606 1336 ad
639 1277 930 1338 cisternam
952 1324 966 1347 ,
994 1291 1048 1338 et
1075 1281 1338 1354 Spiritum
1378 1283 1472 1340 Dei
1507 1285 1835 1340 residentem
1866 1301 1961 1340 ευ-

394 1391 488 1446 per
519 1391 666 1430 eum.

461 1467 514 1521 5.
543 1467 652 1539 (44)
685 1466 830 1523 Dixit
860 1467 1154 1536 aliquando
1198 1466 1368 1522 abbas
1407 1465 1584 1523 Moses
1623 1466 1690 1521 ad
1742 1465 1964 1521 fratrem

391 1556 710 1614 Zachariam
749 1577 762 1613 :
796 1557 1028 1612 Enuntia
1064 1558 1194 1612 mihi
1221 1557 1352 1628 quid
1384 1573 1543 1629 agere
1564 1557 1830 1612 debeam?
1856 1556 1966 1610 Au-

391 1650 545 1706 diens
577 1650 688 1715 ille,
725 1650 875 1705 humi
926 1650 1222 1721 prostravit
1256 1665 1314 1704 se
1360 1649 1426 1712 ad
1476 1650 1643 1720 pedes
1695 1649 1836 1719 ejus,
1885 1648 1968 1703 di-

390 1756 562 1798 cens:
612 1740 692 1795 Tu
744 1757 831 1796 me
880 1743 1206 1812 interrogas,
1259 1740 1453 1795 Pater?
1512 1742 1600 1795 Ait
1636 1741 1713 1796 illi
1753 1755 1965 1796 senex:

2058 560 2174 628 τᾷς,
2209 561 2418 626 Πάτερ;
2447 559 2556 611 Καὶ
2583 558 2731 626 λέγει
2751 559 2780 610 6
2814 559 2986 622 ἀϐϐἀς
3023 560 3334 629 Μακάριος·
3361 561 3640 632 Πληροφο-

2062 649 2259 722 ροῦμαι
2285 652 2363 713 εἰς
2386 651 2466 712 σὲ,
2489 650 2674 703 τέκνον
2695 651 2954 720 Ζαχαρία.
2975 651 3128 703 Ἔστι
3147 651 3252 724 γὰρ
3283 655 3310 705 ὁ
3334 651 3542 704 νύσσων
3573 669 3638 721 με

2059 741 2152 794 τοῦ
2197 741 2465 812 ἐρωτῆσαί
2525 757 2605 794 σε.
2642 740 2803 808 Λέγει
2843 741 2990 810 αὐτῷ
3024 745 3053 795 6
3082 743 3386 813 Ζαχαρίας·
3419 743 3493 794 Τὸ
3516 745 3636 794 κατ’

2062 834 2182 902 ἐμὲ.
2213 834 2413 902 Πάτερ,
2465 833 2526 884 τὸ
2577 833 2768 885 ἑαυτὸν
2829 832 3110 902 βιάζεσθαι
3136 835 3216 897 είς
3243 835 3440 899 πάντα,
3482 827 3640 894 οὗτος

2061 927 2207 978 ἐστιν
2235 925 2264 976 6
2303 923 2549 994 μοναχός.
3124 941 3130 946 ’
3375 925 3382 934 ’

2134 1101 2196 1170 β’.
2247 1096 2418 1153 Ἦλθε
2481 1117 2609 1154 ποτε
2661 1101 2776 1171 (46)
2813 1104 2842 1154 6
2878 1101 3050 1165 ἀϐϐἀς
3104 1101 3308 1171 Μωσῆς
3374 1101 3642 1172 ἀντλῆσαι

2065 1193 2229 1264 ὕδωρ,
2264 1193 2358 1246 καὶ
2387 1185 2513 1262 εῦρε
2543 1193 2634 1246 τὸν
2678 1193 2852 1246 ἀϐϐἄν
2888 1193 3162 1262 Ζαχαρίαν
3213 1194 3501 1264 εὐχόμενον
3546 1194 3642 1247 ἐπὶ

2063 1285 2156 1338 τοῦ
2187 1284 2412 1344 λάκκου,
2444 1283 2538 1336 καὶ
2563 1285 2621 1336 τὸ
2645 1284 2868 1356 Πνεῦμα
2911 1284 3006 1336 τοῦ
3037 1284 3172 1337 Θεοῦ
3209 1284 3514 1356 καθήμενον
3545 1289 3645 1340 ἑπ-

2067 1391 2180 1427 ανω
2207 1390 2370 1426 αυτου
2381 1413 2394 1424 .

2136 1472 2206 1534 γ’.
2241 1462 2376 1518 Εἰπέ
2414 1481 2544 1516 ποτε
2585 1466 2614 1516 6
2652 1463 2824 1526 ἀϐϐἀς
2869 1465 3073 1534 Μωσῆς
3110 1465 3188 1536 τῷ
3221 1464 3431 1536 ἀδελφῷ
3464 1469 3646 1536 Ζαχαο

2071 1557 2193 1630 ρία·
2235 1557 2370 1610 Είπέ
2414 1573 2504 1627 μοι
2555 1557 2608 1608 τί
2657 1558 2900 1626 ποιήσω;
2964 1557 3230 1620 Ἀκούσας
3301 1558 3359 1610 δὲ
3418 1559 3642 1630 ἕρῤιψεν

2068 1648 2259 1702 ἑαυτὸν
2287 1650 2462 1718 χαμαὶ⁵
2505 1649 2584 1711 είς
2628 1647 2754 1711 τοὺς
2791 1647 2955 1710 πόδας
2988 1649 3174 1715 αὐτοῦ,
3217 1648 3419 1717 λέγων·
3465 1650 3535 1703 Σύ
3573 1669 3644 1720 με

2069 1740 2299 1810 ἐρωτᾷς,
2339 1738 2546 1810 Πάτερ;
2583 1737 2745 1806 Λέγει
2791 1738 2940 1808 αὑτῷ
2965 1739 3162 1811 γέρωνο
3193 1740 3487 1793 Πίστευσον
3529 1759 3643 1811 μοι,

392 1831 522 1886 Mihi
549 1831 730 1898 crede,
759 1831 1044 1899 Zacharia,
1069 1832 1142 1886 ﬁli
1173 1832 1278 1899 mi;
1304 1831 1411 1886 vidi
1432 1831 1694 1903 Spiritum
1714 1840 1966 1888 sanctum

2080 1831 2254 1884 τέκνον
2280 1848 2380 1902 μου
2405 1831 2648 1902 Ζαχαρία
2666 1847 2678 1860 ·
2707 1825 2847 1885 εἶδον
2865 1831 2928 1883 τὸ
2951 1831 3176 1902 Πνεῦμα
3198 1831 3258 1884 τὸ
3282 1831 3434 1900 ἆγιον
3456 1835 3645 1886 κατελ-

390 1925 810 1982 descendeutem
851 1940 1017 1994 super
1048 1934 1122 1988 te,
1152 1940 1326 1996 eoque
1354 1940 1520 1994 cogor
1541 1924 1853 1994 percontari
1887 1933 1962 1979 te.

391 2013 547 2070 Tunc
588 2015 884 2070 Zacharias
935 2014 1207 2070 sublatam
1260 2016 1531 2069 cucullam
1575 2029 1607 2069 e
1645 2015 1824 2084 capite
1865 2027 1968 2068 suo

392 2108 574 2178 posuit
597 2107 701 2162 sub
726 2106 976 2176 pedibus,
1009 2121 1182 2176 eaque
1225 2106 1546 2160 conculcata
1585 2123 1598 2160 :
1631 2103 1746 2160 Nisi
1783 2105 1966 2173 homo,

392 2201 590 2270 inquit,
629 2200 744 2268 pari
773 2201 932 2253 modo
962 2199 1231 2254 contritus
1252 2198 1602 2268 calcatusque
1632 2196 1817 2263 fuerit,
1851 2211 1968 2253 mo-

391 2293 603 2347 nachus
629 2308 752 2348 esse
777 2308 886 2346 non
913 2299 1116 2362 potest.

460 2386 515 2440 4.
547 2385 629 2439 Ad
673 2385 923 2440 abbatem
965 2382 1287 2437 Zachariam
1339 2381 1394 2436 in
1444 2380 1591 2437 Sceti
1638 2381 1966 2438 residentem

390 2479 528 2534 visio
553 2480 716 2533 missa
739 2485 862 2545 est;
901 2486 956 2532 et
986 2493 1240 2548 surgens,
1276 2475 1458 2530 abbati
1498 2475 1717 2530 Carioni
1753 2476 1965 2531 indica-

390 2573 483 2626 vit.
535 2570 713 2625 Senex
760 2585 910 2633 vero,
968 2570 1057 2638 qui
1109 2568 1319 2622 activus
1365 2575 1528 2632 esset,
1570 2569 1776 2637 peritus
1816 2567 1965 2622 circa

392 2657 499 2712 ista
548 2672 657 2710 non
703 2656 934 2711 exstitit.
991 2656 1236 2727 Surgens
1286 2671 1418 2725 ergo
1467 2657 1771 2710 verberavit
1817 2672 1962 2722 eum,

391 2747 668 2803 atlirmans
716 2763 745 2801 a
798 2747 1136 2802 daemonibus
1183 2745 1485 2817 profectam
1532 2747 1820 2803 visionem.
1862 2745 1968 2802 Ve-

392 2856 513 2895 rum
572 2839 850 2896 Zachariae
903 2842 1126 2897 sedebat
1192 2841 1395 2895 animo.
1461 2838 1710 2896 Surrexit
1761 2841 1965 2912 igitur,

391 2941 669 3004 noctuque
692 2933 826 2988 abiit
854 2934 923 2989 ad
947 2933 1196 2989 abbatem
1229 2931 1564 2994 Pcemenem.
1601 2933 1690 2988 cui
1723 2935 1968 2989 narravit

391 3041 528 3092 rem,
575 3035 741 3097 utque
777 3025 1035 3082 interiora
1077 3039 1174 3081 sua
1213 3029 1486 3079 arderent.
1537 3023 1604 3078 Et
1647 3025 1838 3082 videns
1875 3040 1965 3082 se-

393 3134 520 3185 nex,
559 3133 590 3172 a
624 3119 732 3173 Deo
770 3134 914 3184 esse,
951 3117 1085 3173 dicit
1133 3121 1184 3172 ei
1228 3135 1242 3172 :
1286 3115 1645 3173 Proficiscere
1694 3117 1762 3172 ad
1807 3117 1964 3172 illum

393 3224 603 3274 senem,
636 3224 700 3264 ac
735 3210 779 3264 si
809 3208 939 3281 quid
987 3209 1202 3264 locutus
1243 3205 1406 3262 fuerit
1447 3207 1566 3273 tibi,
1611 3207 1798 3264 facito.
1843 3209 1968 3265 Per-

392 3303 537 3358 rexit
574 3301 638 3356 ad
664 3317 872 3357 senem.
919 3300 1023 3368 Qui
1058 3308 1185 3356 ante
1212 3315 1374 3371 quam
1403 3301 1786 3371 inquireretnr,
1821 3317 1965 3372 pra:-

393 3395 620 3451 veniens
649 3394 923 3449 enarravit
966 3394 1016 3450 ei
1045 3403 1268 3459 cuncta,
1297 3394 1555 3466 quodque
1589 3395 1966 3464 spectaculum

395 3503 426 3542 a
481 3487 591 3542 Deo
649 3494 816 3542 esset.
878 3485 985 3542 Sed
1044 3486 1204 3555 vade,
1268 3485 1464 3558 inquit,
1525 3487 1802 3559 subjicere
1861 3487 1969 3541 Pa-

394 3575 465 3630 tri
501 3585 613 3630 tuo.

467 3668 520 3723 5.
555 3669 667 3740 (45)
711 3668 936 3723 Abbatis
975 3667 1222 3724 Pastoris
1262 3669 1350 3724 hic
1387 3669 1488 3723 fuit
1532 3684 1716 3724 sermo
1751 3687 1766 3724 :
1797 3668 1969 3726 Inter-

395 3764 607 3833 rogavit
653 3762 823 3818 abbas
861 3759 1074 3832 Moyses
1118 3759 1370 3814 abbatem
1411 3759 1754 3825 Zachariam,
1805 3761 1969 3814 morti

395 3853 734 3923 proximum:
771 3850 912 3917 Quid
937 3851 1128 3904 vides?
1154 3849 1293 3905 Dicit
1327 3849 1377 3905 ei
1410 3869 1423 3904 :
1455 3847 1645 3905 Nonne
1676 3851 1851 3905 satius
1885 3860 1970 3906 est

394 3953 598 4007 tacere,
626 3943 821 3998 Pater?
858 3942 1012 3997 Tunc
1044 3943 1134 3998 ille
1165 3959 1179 3997 :
1215 3942 1413 4008 Etiam,
1452 3942 1548 4006 (ili,
1573 3951 1711 3997 tace.
1744 3941 1809 3996 Et
1836 3943 1971 3997 hora

397 4036 592 4090 mortis
643 4034 785 4104 ejus,
837 4036 1033 4090 sedens
1091 4033 1332 4090 Isidorus
1382 4035 1572 4098 abbas,
1623 4035 1872 4106 suspexit
1913 4036 1971 4091 in

395 4127 618 4191 calum,
651 4127 936 4198 dixitque:
972 4127 1200 4192 Laetare,
1255 4129 1329 4182 mi
1384 4127 1459 4182 fili
1515 4128 1809 4200 Zacharia,
1841 4130 1972 4203 quia

398 4217 497 4272 tibi
526 4227 725 4286 aperta:
749 4228 876 4271 sunt
898 4227 1065 4288 portae
1086 4219 1239 4285 regni
1259 4219 1546 4275 caelorum.

822 4416 1159 4486 Principium
1191 4417 1383 4473 littera:
1415 4417 1482 4473 ll.

926 4507 1002 4563 De
1031 4511 1218 4564 abbate
1252 4509 1436 4566 Esaia.

471 4622 524 4678 1.
563 4620 706 4677 Dixit
736 4623 904 4677 abbas
941 4623 1172 4679 Esaias:
1208 4624 1353 4680 Nihil
1401 4625 1537 4682 adeo
1582 4628 1714 4684 utile
1749 4637 1834 4684 est
1877 4645 1973 4684 no-

471 4780 518 4812 "
548 4779 631 4835 Al.
668 4781 914 4852 ἀδελφόν.
991 4784 1036 4814 ’⁷⁸
1066 4783 1152 4836 AI.
1185 4782 1311 4838 add.
1352 4782 1544 4852 λέγων.

816 4977 829 4990 .
861 4936 1016 5004 1005,
1042 4953 1099 4992 n.
1128 4937 1216 4992 49.

471 5005 583 5076 (44)
629 5005 728 5076 Vit.
754 5005 907 5076 lfatr.
939 5023 1028 5071 xv,
1061 5009 1146 5062 17.
1182 5009 1320 5064 Cod.
1363 5010 1500 5067 Caes.
1522 5007 1646 5066 253.

475 5075 590 5146 (65)
612 5075 742 5146 _Vit.
772 5075 928 5133 Patr.
960 5093 1045 5138 xv,
1077 5078 1162 5132 18.

475 5141 588 5214 (46)
612 5141 802 5200 τΗλθέ
829 5163 992 5200 ποτε.
1014 5147 1336 5204 Membrana:
1361 5151 1596 5206 Colbert.
1620 5145 1824 5206 Ἦλθέν
1845 5169 1974 5206 ποτε

400 5219 452 5305 9.,
467 5214 641 5305 ἀϐϐἀς
941 5219 1017 5281 είς
1045 5219 1136 5304 ⁴τὸν
1169 5219 1369 5305 λακκον
1397 5220 1659 5305 ἀντλῆσαι
1685 5221 1849 5305 ῦδωρ,
1881 5223 1977 5275 καὶ

404 5289 512 5368 ἴδε-ν
545 5286 839 5368 τὸνηάϐϐᾶν
873 5287 1147 5368 Ζαχαρίαν
1186 5291 1476 5368 εὐχόμενον
1509 5286 1599 5368 sui}
1627 5290 1720 5343 τοῦ
1750 5286 1975 5368 λᾴκκου,

405 5306 512 5342 ιοεν
545 5306 636 5339 τον
667 5306 839 5366 αοραν
873 5306 1147 5411 Laxath
1186 5306 1476 5361 ευχομενον
1509 5306 1599 5342 επι
1627 5308 1720 5343 του
1751 5306 1975 5357 Αακκου,

401 5358 498 5482 ita}
531 5357 592 5445 το
625 5357 845 5480 ἒινευμα
871 5376 964 5412 του
1062 5376 1150 5413 εου
1179 5360 1255 5424 ὼς
1301 5360 1626 5432 περιστερὰν
1675 5361 1980 5431 καθήμενον

433 5446 474 5482 π
523 5444 621 5480 αυτ
657 5446 702 5480 ν.

433 5444 488 5482 π’
523 5444 702 5480 αυτον.

475 5498 593 5569 (47)
637 5497 776 5569 Περὶ
808 5498 938 5569 τοῦ-
974 5499 1124 5554 ἀόὅᾶ
1174 5499 1431 5554 Ἡσαΐου.
1466 5497 1744 5553 Profertur
1787 5500 1840 5553 in
1869 5499 1978 5554 Ca-

401 5567 524 5625 tena
557 5568 801 5623 Corderii
825 5569 890 5622 ad
917 5567 1078 5623 Luca:
1104 5585 1213 5632 xlv,
1241 5571 1330 5633 2.7,
1363 5571 1476 5624 lucc
1503 5571 1790 5631 sententia,
1829 5571 1975 5623 velut

405 5639 558 5695 ’θείω
583 5639 979 5710 archiepiscopi
1007 5658 1020 5693 :
1059 5639 1282 5704 Qualem
1308 5651 1481 5694 autem
1507 5656 1710 5693 crucem
1759 5640 1886 5692 dicit
1919 5649 1978 5692 ut

404 5710 721 5782 bajulemus,
774 5709 890 5782 nisi
936 5711 1348 5782 continentiamd
1366 5729 1398 5763 a
1423 5711 1750 5782 passionibus
1772 5751 1786 5774 ,
1813 5709 1977 5782 donec

405 5779 548 5836 utens
585 5782 706 5834 illas
734 5779 938 5847 penitus
972 5780 1270 5836 exstirpet?
1308 5779 1502 5836 Verum
1535 5779 1972 5851 quandoquidem

470 4933 583 5076 (ιδ)
613 4935 743 4991 ibid.

471 5006 562 5076 (44
629 5005 728 5076 Vit.

2067 1918 2158 1973 θον
2191 1920 2283 1972 ἐπὶ
2314 1918 2395 1983 σὲ,
2425 1921 2519 1972 καὶ
2541 1921 2604 2001 εκ
2629 1919 2818 1973 τούτου
2844 1921 3222 1990 ἀναγκάζομαι
3252 1923 3522 1993 ἐρωτῆσαί
3553 1941 3643 1979 σε.

2066 2012 2201 2065 Τότε
2226 2011 2404 2066 λαϐὼν
2441 2015 2470 2065 6
2502 2013 2776 2084 Ζαχαρίας
2797 2013 2859 2066 τὸ
2891 2013 3208 2066 κουκούλιον
3244 2014 3409 2068 αὑτοῦ
3439 2016 3504 2068 ὲκ
3545 2015 3646 2084 τῆς

2067 2101 2311 2172 κεφαλῆς
2348 2101 2536 2165 αὑτοῦ,
2561 2101 2754 2172 ἔθηκεν
2775 2102 2880 2156 ὑπὸ
2903 2103 3028 2166 τοὺς
3051 2103 3239 2166 πόδας,
3272 2105 3365 2157 καὶ
3393 2122 3642 2157 καταπα-

2064 2194 2239 2265 τήσας
2276 2193 2407 2248 αὐτὸ
2440 2190 2626 2247 εἶπεν*
2667 2193 2793 2268 ⁹Ιὲξάν
2831 2196 2906 2266 μὴ
2947 2195 3204 2268 συντριϐῇ
3236 2195 3406 2261 οὕτως
3433 2197 3646 2269 ἀνθρω·

2066 2303 2188 2350 πος,
2210 2286 2272 2338 οὐ
2307 2284 2528 2340 δύναται
2551 2280 2689 2340 εἶναι
2722 2285 2972 2357 μοναχός.

2135 2377 2200 2432 δ’.
2223 2377 2552 2450 Καθημένου
2575 2378 2704 2432 ποτὲ
2734 2378 2829 2432 τοῦ
2854 2379 3000 2433 ἀϐϐἀ
3021 2382 3292 2452 Ζαχαρίου
3317 2381 3395 2444 είς
3423 2382 3644 2448 Σκῆτιν,

2063 2465 2196 2542 ἦλθε
2215 2469 2418 2542 θεωρία
2460 2472 2541 2535 είς
2583 2470 2772 2526 αὐτόν·
2807 2471 2902 2525 καὶ
2937 2471 3175 2536 ἀναστὰς
3233 2473 3527 2543 ἀνήγγειλε
3567 2474 3648 2543 τῷ

2066 2562 2211 2634 ἀϐϐᾷ
2243 2563 2406 2616 αὑτοῦ
2445 2565 2710 2636 Καρίωνι.
2774 2564 2833 2618 'U
2867 2563 2922 2617 δὲ
2940 2565 3144 2635 γέρων,
3205 2564 3503 2635 πρακτικὸς
3547 2565 3645 2629 ὢν,

2067 2656 2165 2726 οὐχ
2193 2656 2436 2728 ὑπῆρχεν
2458 2657 2690 2730 ἀκριϐὴς
2718 2656 2848 2728 περ)⁹
2876 2656 3069 2711 ταῦτα.
3103 2655 3209 2709 Καὶ
3250 2657 3485 2720 ἀναστὰς
3512 2657 3649 2710 ἔδει·

2071 2768 2163 2821 ρεν
2182 2753 2364 2820 αὐτὸν,
2391 2753 2585 2823 λέγων,
2612 2754 2694 2807 ὅτι
2730 2753 2840 2807 ἀπὸ
2865 2752 3134 2824 δαιμόνων
3163 2753 3298 2807 ἐστί.
3336 2752 3645 2824 Παρέμεινε

2065 2843 2122 2898 δὲ
2151 2844 2180 2898 6
2209 2843 2486 2915 λογισμός.
2515 2845 2626 2898 Kal.
2655 2843 2891 2906 ἀναστὰς
2918 2841 3127 2914 ἀπῆλθε
3165 2842 3301 2915 πρὸς
3339 2843 3428 2895 τὸν
3469 2842 3647 2896 ἀϐϐᾶν

2066 2935 2332 3006 Ποιμένα,
2377 2935 2592 3000 νυκτὸς,
2624 2936 2718 2990 καὶ
2755 2935 3075 3008 ἀνήγγειλεν
3112 2935 3260 3008 αὐτῷ
3295 2937 3356 2990 τὸ
3391 2939 3646 3008 πρᾶγμα,
3669 2963 3681 2975 ο

2067 3029 2163 3082 καὶ
2192 3027 2308 3092 πῶς
2327 3027 2542 3083 καίεται
2579 3029 2649 3082 τά
2693 3029 2844 3093 ἐντὸς
2888 3029 3075 3086 αὐτοῦ.
3111 3031 3219 3083 Ka‘t
3258 3029 3380 3083 ἰδὼν
3407 3032 3436 3082 6
3468 3033 3650 3100 γέρων

2069 3121 2152 3174 ὅτι
2188 3121 2295 3175 ἀπὸ
2337 3119 2472 3175 Θεοῦ
2514 3122 2652 3185 ἐστι,
2683 3121 2833 3191 λέγει
2871 3122 3019 3194 αὐτῷ
3044 3139 3058 3153 °
3108 3123 3326 3190 ’Υπαγε
3369 3120 3506 3192 πρὸς
3558 3121 3650 3174 τὸν

2070 3213 2217 3267 δεῖνα
2238 3213 2328 3266 τὸν
2360 3212 2610 3284 γέροντα,
2642 3214 2734 3267 καὶ
2763 3213 2817 3267 εῐ
2840 3231 2893 3267 τι
2930 3214 2975 3267 δ’
3005 3214 3070 3270 ἀν
3105 3231 3186 3268 σοι
3206 3213 3355 3285 εἴπῃ,
3395 3212 3647 3283 ποίησον.

2071 3305 2180 3358 Καὶ
2209 3302 2456 3357 ἀπελθὼν
2483 3304 2618 3375 πρὸς
2650 3303 2741 3356 τὸν
2765 3304 3014 3374 γέροντα,
3037 3305 3168 3375 πρὶν
3204 3303 3457 3370 ἐξετάσαι
3483 3303 3649 3357 αὐτόν

2068 3414 2144 3462 τι,
2189 3395 2476 3468 προλαϐὼν
2503 3399 2532 3449 6
2571 3395 2748 3467 γέρων
2801 3393 2954 3450 εἶπεν
2999 3397 3150 3468 αὑτῷ
3202 3396 3398 3461 πάντα,
3441 3397 3538 3450 καὶ
3566 3396 3650 3449 ὅτι

2071 3487 2105 3557 ὴ
2145 3487 2346 3558 θεωρία
2376 3487 2484 3540 ἀπὸ
2525 3486 2660 3540 Θεοῦ
2706 3489 2878 3542 ἐστιν.
2921 3488 3058 3540 Ἀλλ’
3094 3487 3292 3558 ὕπαγε,
3345 3487 3652 3558 ὑποτάγῃθι

2069 3576 2146 3648 τῷ
2171 3577 2344 3648 Πατρί
2369 3594 2483 3631 σου.

2141 3675 2203 3722 ε’.
2236 3665 2404 3723 Εἶπεν
2441 3670 2470 3722 6
2507 3669 2683 3732 ἀϐϐἄς
2708 3669 2940 3740 Ποιμήν,
2970 3670 3053 3722 ὃτι
3093 3667 3375 3740 ἠρώτησεν
3411 3669 3440 3720 6
3474 3666 3650 3730 ἀϐϐἀς

2069 3762 2309 3834 Μωῦσῆς
2329 3762 2421 3815 τὸν
2441 3763 2483 3793 ⁷⁷
2513 3761 2687 3816 ἀϐϐἄν
2713 3762 2987 3835 Ζαχαρίαν
3013 3760 3272 3832 μέλλοντα
3290 3759 3546 3828 τελευτᾷν
3569 3758 3616 3789 ⁷⁸
3632 3773 3648 3787 ο

2072 3855 2137 3906 Τί
2191 3855 2354 3926 ὀρᾷς;
2411 3855 2504 3906 καὶ
2563 3853 2707 3923 λέγει
2744 3853 2924 3925 αὐτῷ’
2959 3853 3032 3906 υὺ
3073 3852 3280 3923 βέλτιον
3317 3850 3378 3903 τὸ
3414 3851 3651 3920 σιωπᾷν,

2071 3946 2283 4018 Πάτερ;
2328 3946 2421 3999 καὶ
2455 3941 2609 3997 εἴπεο
2643 3947 2771 4010 Ναὶ,
2805 3946 3014 4012 τέκνον,
3061 3943 3260 3999 σιώπα.
3293 3943 3397 3998 Καὶ
3432 3946 3499 4014 τῇ
3530 3943 3654 4016 ὥρα

2069 4037 2164 4092 τοῦ
2189 4038 2418 4092 θανάτου
2442 4036 2626 4105 αὑτοῦ,
2651 4037 3011 4109 καθεζόμενος
3061 4039 3090 4092 6
3148 4036 3320 4099 ἀϐϐἄς
3359 4035 3650 4107 Ἰσίδωρος,

2071 4129 2378 4200 ἀναϐλέψας
2402 4131 2480 4194 είς
2518 4129 2608 4183 τὸν
2631 4128 2858 4201 οὐρανὸν
2884 4124 3035 4182 εἶπεν
3052 4145 3065 4158 ·
3103 4126 3430 4199 Εὐφραίνου,
3459 4125 3652 4178 τέκνον

2075 4239 2176 4294 μου
2213 4221 2477 4292 Ζαχαρία,
2521 4221 2602 4274 ὅτι
2635 4219 2986 4291 ἀνεῴχθησάν
3027 4237 3109 4272 σοι
3136 4221 3192 4272 αί
3223 4218 3386 4271 πύλαι
3416 4217 3518 4287 τῆς
3543 4216 3652 4272 τῶν

2073 4313 2318 4386 οὐρανῶν
2357 4311 2654 4384 βασιλείας.

2531 4427 2696 4498 Ἀρχὴ
2723 4427 2817 4480 τοῦ
2841 4428 2888 4480 Η
2916 4427 3201 4496 στοιχείου.

2414 4520 2551 4588 Περὶ
2581 4520 2684 4574 τοῦ
2717 4519 2867 4574 άϐϐἁ
2917 4519 3154 4574 Ἡσαΐου
3184 4517 3317 4588 (47).

2153 4639 2218 4686 a'.
2248 4628 2413 4686 Εἶπεν
2439 4635 2466 4685 ὁ
2494 4631 2668 4694 ἀϐϐἀς
2716 4633 2960 4696 Ἡσαΐας,
2995 4634 3077 4686 ὃτι
3105 4632 3258 4684 οὐδὲν
3288 4630 3461 4693 οὕτως
3497 4630 3653 4682 λυσι-

2083 4941 2255 4997 Esaia:
2270 4941 2484 4995 abbatis
2505 4941 2750 4994 oratione
2770 4938 2831 4992 2|
2846 4978 2861 5002 ,
2887 4955 2954 4993 ex
2980 4938 3097 4994 Zini
3119 4937 3367 4994 versione
3389 4935 3656 5006 scriptum

2080 5012 2285 5081 legitur
2311 5029 2323 5064 :
2361 5010 2464 5076 Qui
2492 5028 2595 5065 non
2626 5009 2767 5081 tollit
2800 5025 3005 5081 crucem
3029 5025 3179 5081 s_uam
3210 5019 3258 5062 et
3289 5009 3525 5081 sequitur
3551 5023 3654 5068 me,

2079 5077 2184 5135 uo'n
2214 5090 2379 5150 potest
2405 5097 2546 5134 meus
2573 5097 2685 5135 esse
2707 5079 2996 5150 discipulus
3018 5079 3166 5146 (Luc.
3193 5095 3304 5143 xlv,
3324 5078 3437 5136 2'7).
3466 5077 3651 5150 Quam

2081 5147 2231 5211 dicit.
2261 5161 2319 5204 ut
2353 5150 2604 5204 tollamus
2627 5152 2875 5204 crucem?
2907 5149 3011 5202 nisi
3040 5159 3096 5203 ut
3125 5165 3268 5202 mens
3331 5147 3544 5202 assidue
3578 5147 3657 5200 vi-

2084 5221 2233 5291 gilet,
2266 5231 2314 5276 et
2350 5221 2631 5275 virtutibus
2663 5220 2974 5291 incumbat?
3007 5225 3048 5274 Α
3080 5235 3232 5291 cruce
3273 5235 3373 5271 non
3411 5217 3656 5279 discedit,

2083 5289 2172 5413 Άαὶ
2202 5293 2328 5344 vitia
2363 5291 2708 5373 persequitur,
2745 5290 2921 5371 donec.
2935 5307 2997 5344 ea
3024 5289 3261 5370 profliget
3307 5304 3368 5340 ac
3393 5358 3404 5370 ο
3424 5297 3656 5355 superet.

2139 5362 2280 5413 ullus
2310 5363 2518 5413 dubito.
2548 5377 2678 5413 eum
2705 5361 3016 5413 abhrevnata
3049 5369 3320 5413 scriptura
3354 5374 3473 5412 viro
3499 5359 3656 5413 docto

2139 5362 2280 5417 ullus
2310 5358 2518 5425 dubito,
2548 5362 2678 5430 quin
2705 5358 3030 5414 abbreviata
3049 5358 3320 5429 scriptura
3354 5358 3473 5430 viro
3499 5359 3661 5414 docto

2087 5431 2263 5485 fraudi
2301 5431 2481 5493 fuerit,
2511 5428 3078 5486 utarohimandritam
3106 5428 3660 5498 in’arehiepiseopum

2085 5509 2448 5556 converteret.
2482 5499 2656 5556 Esaia:
2704 5501 3047 5554 anachoreta:
3114 5499 3273 5552 aliam
3332 5500 3661 5553 sententiam

2084 5571 2306 5625 adducit
2334 5572 2604 5627 Antonius
2653 5571 2867 5626 Melissa
2921 5572 3014 5624 lib.
3047 5585 3086 5631 ι,
3124 5584 3289 5624 serm.
3321 5570 3411 5633 39;
3443 5567 3662 5622 abbatis

2087 5657 2212 5712 vero
2237 5640 2407 5696 Esaiae
2429 5643 2691 5712 opuscula
2713 5641 2886 5704 varia,
2919 5641 3115 5712 partim
3145 5639 3541 5712 edita,_p_artim
3575 5639 3666 5692 in-

2081 5711 2249 5836 ἓάἰιιιῗ,
2283 5709 2674 5834 lcomplectitur
2703 5712 2874 5767 codex
2909 5711 3290 5765 membraneus
3318 5709 3662 5764 bibliotheca:

2129 5800 2159 5835 0
2222 5797 2278 5836 ρι’
2307 5798 2426 5836 Illic.

2109 5781 2426 5836 lolbcrlintc.
