3874 6304
137 359 224 410 181
1363 365 1972 425 APOPIITHEGMATA
2008 370 2317 428 P.'iTl{UM.

3313 377 3416 432 18?.

129 478 270 529 τελεῖ
310 476 391 547 τῷ
433 478 690 550 ἀρχαρίῳ
730 479 878 550 (48),
925 481 1000 544 ὡς
1048 484 1082 553 ἡ
1131 482 1306 554 ὕϐρις.
1361 487 1572 558 Ὠσπερ
1618 487 1719 560 γὰρ

1841 489 1966 545 vitio
1996 490 2286 553 monacho.
2309 498 2366 546 ut
2394 491 2751 547 contumelia.
2781 487 2916 546 Nam
2945 491 3411 562 quemadmodum

129 570 341 641 δένδρον
366 571 484 642 (69)
511 572 634 626 καθ’
658 574 896 645 ἑκάστην
926 576 1304 647 ποτιζόμενον,
1347 578 1522 645 οὕτως
1547 582 1725 652 ἀρχά-

134 680 240 735 ριος
272 663 640 735 ὑϐριζόμενος
668 666 765 719 καὶ
795 667 1105 738 ὑπομένων.

197 753 261 826 β’.
288 755 493 824 Ἔλεγε
531 755 696 810 πάλιν
730 758 869 829 πρὸς
891 760 1017 824 τοὺς
1050 760 1233 825 καλῶς
1261 761 1596 832 ἀρχομένους
1631 765 1725 818 καὶ

129 846 605 918 ὐτωτασσομένους
661 849 940 921 Πατράσιν
993 852 1192 920 ἁγίοις,
1256 853 1337 906 ὅτι
1418 855 1484 907 Ἠ
1531 855 1722 927 πρώτη

130 937 270 1010 βαφὴ
311 939 420 992 οὐκ
466 939 800 1004 ἀποϐάλλει,
849 941 925 1006 ὡς
969 943 1062 996 ἐπὶ
1113 943 1421 1015 πορφύρας.
1474 946 1602 999 Καί·
1642 948 1726 1000 ὃτι

130 1031 338 1103 Ὠσπερ
399 1033 450 1084 oi
517 1031 702 1086 κλάδοι
766 1034 817 1087 οί
869 1034 1069 1089 ἁπαλοὶ
1131 1036 1373 1108 εὐχερῶς
1426 1038 1726 1110 μεταστρέ-

129 1141 314 1194 φονται
344 1127 446 1178 καὶ
473 1126 842 1199 κάμπτονται,
875 1126 1050 1193 οὕτως
1089 1129 1183 1184 καὶ
1211 1131 1258 1184 oi
1285 1131 1541 1203 ἀρχάριοι
1573 1130 1726 1196 ὄντες

127 1221 181 1272 ἂν
210 1219 467 1291 ὑποταγῇ
480 1262 494 1274 .

191 1308 262 1380 γ’.
302 1311 506 1380 Ἔλεγε
549 1312 734 1374 πάλιν,
783 1314 864 1366 ὅτι
921 1313 1188 1385 ἀρχάριος
1237 1315 1576 1386 μεταϐαίνων
1617 1315 1728 1370 ἀπὸ

129 1406 504 1476 pomorum-Ioc
540 1407 623 1469 είς
665 1408 1053 1478 μοναστήριον,
1099 1407 1242 1461 ἔοικε
1297 1408 1420 1480 ζώῳ
1454 1410 1559 1462 ὑπὸ
1598 1427 1728 1478 φορ⁹

125 1497 280 1562 ϐαίας
314 1497 557 1553 ἐνταῦθα
586 1499 808 1552 κάκεῖσε
834 1499 1199 1570 ἐλαυνομένῳ.

189 1676 250 1730 δ’.
289 1669 436 1728 Eine
468 1675 653 1741 πάλιν,
688 1677 772 1730 ὅτι
799 1679 828 1730 6
857 1676 1232 1748 πρεσϐύτερος
1271 1677 1366 1731 τοῦ
1399 1677 1723 1748 Πηλουσίου,

125 1769 433 1839 γενομένης
456 1770 703 1840 ἀγάπης,
733 1771 828 1824 καὶ
852 1770 960 1823 τῶν
1002 1771 1246 1841 ἀδελφῶν
1277 1775 1333 1825 ὲν
1363 1775 1430 1843 τῇ
1461 1771 1728 1844 ἐκκλησίᾳ

126 1862 450 1925 ἐσθιόντων,
486 1864 582 1918 καὶ
630 1863 1034 1918 συλλαλούντων
1091 1849 1362 1936 ἀλλήλοις,
1395 1866 1726 1936 ἐπιτιμήσας

126 1957 306 2020 αὐτοῖς
343 1953 472 2010 εἷπε
491 1973 505 1987 ο
544 1958 827 2023 Σιωπᾶτε,
875 1957 1094 2028 ἀδελφοί
1113 1973 1127 1987 ⁸
1167 1954 1306 2011 εἶδον
1347 1959 1458 2028 ἐγὼ
1496 1958 1721 2027 ἀδελφὸν

128 2041 378 2096 ἐσθίοντα
443 2044 564 2114 μεθ’
629 2045 813 2117 ὑμῶν,
874 2047 970 2098 καὶ
1035 2047 1260 2100 πίνοντα
1323 2048 1561 2119 ποτήρια
1622 2049 1723 2102 ὅσα

126 2137 279 2207 ὑμεῖς
325 2139 400 2200 τ’,
441 2139 536 2190 καὶ
580 2139 614 2210 ὴ
667 2139 801 2210 εὐχὴ
845 2140 1010 2194 αὑτοῦ
1044 2141 1325 2194 ἀναϐαίνει
1359 2141 1588 2195 ἐνώπιον
1629 2142 1721 2196 τοῦ

124 2230 254 2284 Θεοῦ
291 2230 376 2294 ὡς
413 2231 547 2302 πῦρ.

191 2323 251 2376 ε’.
289 2322 530 2390 Ἔλεγον
559 2324 690 2394 περὶ
716 2323 809 2376 τοῦ
834 2324 981 2378 ἀϐϐᾶ
1013 2325 1256 2390 Ἡσαΐου,
1292 2327 1374 2380 ὅτι
1405 2329 1534 2380 ποτὲ
1557 2327 1720 2381 ἔλαϐε

125 2415 359 2475 θαλλξον.
405 2417 504 2469 καὶ
545 2415 791 2486 ἀπῆλθεν
838 2419 917 2480 εἰς
945 2416 1044 2489 τὴν
1083 2418 1285 2483 ἅλωνα,
1328 2420 1422 2473 καὶ
1462 2420 1607 2488 λέγει
1647 2419 1722 2490 τῷ

123 2507 368 2578 γεούχῳ·
404 2507 510 2570 Δός
567 2525 657 2577 μοι
700 2511 867 2564 σῖτον.
913 2509 1025 2562 Καὶ
1068 2508 1217 2578 λέγει
1258 2509 1440 2581 αὐτῷ’
1490 2511 1600 2563 Καὶ
1655 2511 1720 2564 σὺ

121 2599 395 2669 ἑθέρισας,
445 2598 628 2665 ἀϐϐᾶ;
682 2600 874 2668 Λέγει·
921 2600 1073 2672 Οὐχί.
1133 2603 1241 2654 Καὶ
1297 2600 1444 2670 λέγει
1493 2602 1641 2672 αὑτῷ
1694 2605 1722 2656 6

121 2693 379 2763 γεοῦχοςσ
419 2693 547 2756 Πῶς
590 2688 684 2745 οὖν
718 2692 893 2756 Θέλεις
939 2696 1086 2746 σῖτον
1114 2693 1316 2756 λαϐεῖν,
1357 2694 1430 2766 μὴ
1465 2694 1719 2766 (lepis-ag;

123 2787 224 2839 Καὶ
253 2785 413 2853 λέγει
439 2785 595 2856 αὐτῷ
630 2786 660 2838 6
684 2785 861 2855 γέρων
879 2800 892 2811 ·
933 2785 1145 2839 Οὐκοῦν
1170 2787 1266 2839 ὲάν
1296 2787 1370 2856 μή
1395 2803 1478 2849 τις
1507 2785 1718 2858 θερίσῃ,

121 2879 176 2930 οὐ
222 2877 504 2948 λαμϐάνει
563 2876 786 2948 μισθόνς
845 2877 1008 2946 Λέγει
1053 2879 1082 2930 ὁ
1129 2878 1383 2949 γεοῦχοςο
1426 2877 1578 2948 Οὐχί.
1613 2879 1722 2931 Καὶ

120 2968 289 3031 οὓτως
325 2967 688 3038 ἀνεχώρησεν
723 2968 753 3020 6
787 2968 990 3040 γέρων.
1045 2969 1107 3022 Οἱ
1139 2969 1198 3023 δὲ
1240 2968 1478 3038 ἀδελφοὶ,
1523 2968 1721 3033 ἰδόντες

121 3060 168 3112 τί
189 3060 480 3130 ἐποίησεν,
511 3057 705 3111 ἔϐαλον
739 3058 888 3130 αὑτῷ
923 3060 1236 3130 μετάνοιαν,
1272 3059 1722 3132 παρακαλοῦντες

124 3150 313 3219 μαθεῖν
365 3150 420 3204 τί
471 3149 632 3203 τοῦτο
688 3150 933 3222 εποίησε.
980 3151 1144 3219 Λέγει
1195 3151 1380 3214 αὐτοῖς
1429 3153 1457 3205 6
1507 3150 1718 3221 γέρων·

1826 583 1990 636 arbor
2029 583 2260 653 singulis
2293 583 2485 640 diebus
2529 584 2774 654 irrigata,
2808 585 2890 640 sic
2934 584 3179 640 novitius
3218 595 3415 639 contu-

1825 673 1987 728 melia
2021 674 2248 732 affectus
2278 684 2331 729 et
2362 677 2623 734 tolerans.

1895 765 1951 820 2.
1995 766 2190 820 lterum
2216 768 2352 822 dixit
2372 769 2436 823 ad
2465 785 2560 825 eos
2583 770 2675 840 qui
2705 779 2853 826 recte
2883 771 3176 840 incipiunt,
3203 771 3411 825 sanctis

1825 854 2077 912 Patribus
2116 858 2348 926 subjecti
2386 878 2400 913 :
2438 859 2618 914 Prima
2653 861 2893 916 tinctura
2927 876 3208 932 nunquam
3249 861 3406 914 amit-

1827 948 1989 1012 titur;
2029 950 2176 1005 velut
2228 951 2283 1004 in
2330 967 2591 1022 purpura.
2635 951 2802 1007 ltem:
2849 952 3005 1008 Sicut
3050 951 3224 1007 teneri
3269 953 3409 1007 rami

1827 1039 1989 1096 facile
2025 1053 2427 1098 convertuntur
2458 1059 2524 1098 ac
2554 1044 2867 1109 flectuntur,
2909 1045 2985 1100 ita
3013 1053 3069 1102 et
3100 1045 3291 1101 novitii
3311 1046 3410 1116 qui

1829 1133 1884 1188 in
1920 1135 2264 1206 subjectione
2297 1146 2449 1192 sunt.

1898 1313 1952 1368 5.
1998 1311 2144 1366 Dixit
2166 1315 2386 1376 iterum,
2417 1313 2694 1368 novellum
2720 1311 3051 1367 monachum
3077 1327 3108 1367 e
3139 1319 3413 1366 monaste-

1828 1403 1912 1458 rio
1951 1404 2018 1457 ad
2054 1403 2453 1457 monasterium
2481 1403 2988 1474 transmigrantem,
3013 1403 3252 1458 similem
3283 1418 3409 1458 esse

1829 1495 2054 1560 animali
2111 1497 2257 1567 quod
2304 1497 2410 1553 sub
2461 1496 2710 1567 capistro
2763 1496 2870 1551 huc
2921 1495 3163 1566 illucque
3217 1493 3409 1563 impel—

1828 1587 1924 1640 litu
1934 1603 1978 1643 r.

1899 1677 1952 1731 4.
2009 1677 2126 1748 (50)
2169 1676 2358 1732 Itidem
2395 1678 2663 1741 narravit,
2688 1676 2835 1747 quod
2865 1675 3068 1730 Pelusii
3100 1675 3410 1747 presbyter,

1827 1784 1952 1824 cum
1993 1769 2147 1824 ﬁeret
2190 1785 2378 1840 agape,
2431 1777 2486 1824 et
2524 1770 2722 1824 fratres
2758 1769 2813 1822 in
2873 1769 3107 1823 ecclesia
3154 1769 3409 1823 comede.

1760 1871 1975 1933 Brem,
2038 1870 2340 1932 mutuoque
2400 1863 2870 1931 colloquerentur,
2925 1859 3211 1930 increpitis
3265 1859 3408 1923 illis,

1829 1954 2069 2008 dixerit:
2105 1952 2324 2018 Tacete,
2363 1953 2600 2021 fratres;
2635 1957 2894 2025 conspexi
2928 1969 3030 2023 ego
3057 1953 3280 2006 fratrem
3313 1967 3411 2005 vo-

1829 2046 2044 2101 biscum
2105 2053 2440 2110 vescentem,
2499 2046 2840 2117 totidemque
2891 2047 3093 2101 calices
3133 2045 3410 2100 bibentem

1830 2151 1894 2191 ac
1924 2152 2040 2200 vos,
2073 2136 2233 2206 cujus
2263 2137 2510 2207 precatio
2533 2139 2688 2193 velut
2731 2137 2874 2209 ignis
2905 2136 3154 2193 ascendit
3181 2137 3235 2190 in
3273 2150 3407 2189 con-

1830 2237 2075 2300 spectum
2101 2228 2217 2286 Dei.

1900 2320 1953 2374 5.
1993 2319 2318 2390 Accepimns
2344 2320 2411 2376 de
2446 2322 2644 2376 abbate
2683 2321 2868 2385 Esaia,
2915 2321 3061 2391 quod
3108 2320 3408 2390 aliquando

1830 2414 2063 2482 sumpsit
2102 2427 2337 2478 ramum,
2376 2422 2432 2469 et
2469 2415 2535 2468 ad
2565 2430 2749 2470 aream
2781 2414 3060 2484 profectus
3094 2422 3200 2480 est,
3242 2412 3409 2467 dixit-

1829 2520 1937 2575 que
1969 2513 2128 2560 terra:
2173 2505 2434 2561 domino:
2478 2505 2554 2560 Da
2594 2507 2725 2561 mihi
2757 2506 3116 2562 frumentum.
3151 2506 3241 2560 Ait
3281 2504 3405 2560 ille:

1829 2597 1984 2654 Tune
2023 2600 2328 2660 messuisti.
2382 2599 2558 2654 abba?
2603 2599 2981 2671 Nequaquam,
3021 2599 3221 2670 inquit.
3267 2597 3405 2654 Tum

1829 2707 2119 2762 possessor
2177 2711 2190 2746 :
2227 2691 2510 2758 Quomodo
2561 2692 2726 2763 igitur
2773 2692 3110 2747 frumentum
3154 2692 3409 2762 accipere

1828 2785 1936 2850 vis,
1971 2784 2066 2854 qui
2103 2799 2214 2839 non
2250 2785 2565 2840 messuisti?
2600 2787 2668 2840 At
2709 2800 2910 2841 senex:
2951 2783 3066 2838 Nisi
3106 2798 3237 2854 ergo
3267 2797 3410 2837 mes-

1829 2876 2001 2932 suerit
2034 2877 2178 2947 quis,
2202 2893 2314 2932 non
2344 2877 2490 2948 capit
2521 2878 2868 2933 mercedem?
2899 2876 3186 2948 Agricola:
3222 2873 3411 2930 Nulla-

1829 2974 2011 3022 tenus.
2047 2969 2228 3037 Atque
2265 2969 2340 3021 ita
2374 2969 2605 3024 recessit
2634 2983 2821 3024 senex.
2849 2966 3071 3022 Fratres
3107 2973 3290 3019 autem
3321 2967 3409 3018 in-

1829 3059 1948 3114 tuiti
1971 3058 2100 3130 quid
2127 3058 2368 3125 fecisset,
2388 3060 2650 3116 inclinato
2680 3074 2933 3130 corpore,
2958 3057 3412 3128 supplicaverunt

1828 3151 1900 3218 ei,
1937 3159 1997 3206 ut
2046 3153 2313 3208 rationem
2355 3152 2486 3208 facti
2540 3154 2921 3209 edocerentur.
2965 3151 3122 3208 Tunc
3169 3151 3236 3205 ad
3283 3148 3411 3204 illos

131 3242 476 3312 ’Υπόδειγμα
500 3242 634 3296 αὐτὸ
658 3242 916 3313 ἐποίησα.
933 3235 1028 3297 ⁹ὅτι
1055 3243 1150 3296 έάν
1184 3244 1258 3316 μή
1284 3260 1367 3308 τις
1395 3243 1718 3316 ἐργάσηται,

1841 3258 1992 3301 tene:
2027 3243 2202 3309 :Hoc,
2251 3244 2448 3316 inquit,
2484 3246 2552 3301 ad
2596 3247 2904 3317 exemplum
2956 3245 3084 3310 feci,
3109 3245 3258 3317 quod
3301 3249 3408 3312 nisi

120 3336 180 3388 οὐ
211 3333 493 3407 λαμϐάνει
523 3334 716 3406 μισθὸν
747 3335 897 3408 παρά
920 3335 1014 3389 τοῦ
1043 3335 1200 3390 Θεοῦ.

189 3515 268 3582 ς’.
321 3515 386 3568 '0
436 3515 605 3579 αὐτὸς
656 3515 832 3578 ἀϐϐἄς
891 3517 1119 3580 Ἡσαΐας
1172 3515 1400 3571 ἐκάλεσέ
1447 3533 1569 3569 τινα
1612 3515 1720 3568 τῶν

120 3608 391 3678 ἀδελφῶν,
441 3609 541 3662 καὶ
588 3608 770 3678 ἔνιψεν
811 3608 976 3662 αὑτοῦ
1020 3610 1147 3672 τοὺς
1196 3609 1386 3674 πόδας,
1433 3609 1530 3661 καὶ
1561 3607 1720 3661 ἔϐαλε

121 3699 297 3771 δράκα
327 3697 513 3768 φακοῦ
560 3698 642 3762 είς
678 3698 913 3770 χύτραν,
950 3699 1044 3753 καὶ
1081 3700 1157 3761 ὡς
1191 3698 1412 3770 έϐρασε,
1454 3700 1718 3770 κατήνεγο

123 3811 215 3846 κεν
242 3793 442 3862 αὑτήν.
482 3791 595 3844 Καὶ
619 3791 769 3860 λέγει
795 3791 944 3861 αὐτῷ
978 3793 1006 3845 6
1035 3790 1294 3860 ἀδελφός·
1329 3788 1494 3844 Οὔπω
1519 3789 1716 3860 έψήθη,

122 3885 285 3942 ἀϐϐᾶ.
315 3886 431 3939 Καὶ
467 3884 618 3954 λέγει
659 3884 844 3956 αὐτῷ’
889 3887 1004 3938 υὺκ
1034 3887 1198 3958 ἀρκεῖ
1236 3901 1316 3938 σοι
1363 3887 1444 3939 ὅτι
1483 3884 1620 3950 ὅλως
1647 3879 1722 3937 εἷ-

122 3979 210 4042 δες
239 3979 287 4010 ⁸⁸
320 3977 617 4049 λαμπρόν;
653 3980 748 4031 καὶ
779 3977 919 4049 αὕτη
965 3977 1177 4048 μεγάλη
1209 3977 1575 4048 παράκλησις.

192 4069 259 4133 ζ’.
296 4070 498 4139 Ἔλεγε
553 4071 738 4136 πάλιν,
773 4070 881 4132 ιὸτι
945 4069 1072 4123 Ἐὰν
1121 4069 1250 4140 θέλῃ
1291 4069 1320 4121 6
1363 4069 1495 4133 Θεὸς
1544 4069 1722 4141 ψυχὴν

123 4162 372 4233 ἐλεῆσαι,
405 4162 549 4234 αὑτὴ
587 4163 645 4216 δὲ
672 4162 962 4234 ἀφηνιάζει
1010 4163 1104 4216 καὶ
1142 4162 1244 4215 οὐκ
1272 4161 1544 4232 ἀνέχεται,
1583 4155 1722 4214 ἀλλά

126 4257 184 4309 τὸ
210 4255 432 4327 θέλημα
464 4255 637 4326 αὐτῆς
667 4258 827 4320 ποιεῖ,
858 4257 1136 4326 συγχωρεῖ
1162 4253 1333 4327 αὐτὴν
1355 4251 1551 4306 παθεῖν
1577 4250 1722 4322 ἅπερ

125 4350 185 4402 οὗ
211 4349 380 4412 θέλει,
416 4348 509 4403 ἴνα
531 4347 705 4411 οὕτως
739 4346 901 4401 αὐτὸν
930 4345 1258 4418 ἐπιζητήσῃ.

195 4450 264 4515 η’.
307 4441 508 4511 Ἔλεγε
547 4441 731 4507 πάλιν,
776 4441 859 4494 ὅτι
917 4440 1109 4493 Ἦνίκα
1144 4456 1230 4503 τις
1266 4438 1515 4509 βούλεται
1550 4437 1723 4492 κακὸν

127 4537 245 4588 ἀντὶ
275 4535 454 4590 κακοῦ
485 4532 804 4598 ἀποδοῦναι,
836 4532 1062 4586 δύναται
1091 4532 1185 4585 καὶ
1209 4531 1297 4586 διὰ
1321 4533 1588 4603 νεύματος
1623 4531 1724 4603 μό-

128 4647 217 4682 νου
257 4628 466 4700 βλάψαι
497 4628 600 4698 τὴν
629 4627 933 4697 συνείδησιν
966 4627 1060 4680 τοῦ
1094 4623 1348 4695 ἀδελφοῦ.

197 4721 262 4777 θ’.
331 4722 393 4774 'U
447 4720 610 4783 αὐτὸς
666 4719 843 4783 ἀϐϐᾶς
906 4719 1134 4783 Ἡσαΐας
1175 4718 1458 4790 ἠρωτήθη,
1505 4718 1561 4771 τί
1607 4721 1724 4772 ἐστι

128 4813 506 4887 φιλαργυρία,
551 4812 648 4865 καὶ
705 4809 1011 4882 ἀπεκρίθη·
1059 4811 1134 4866 Τὸ
1183 4811 1258 4882 μὴ
1305 4809 1596 4864 πιστεῦσαι
1644 4809 1724 4882 τῷ

197 4975 242 5006 ⁷⁸
275 4974 365 5028 Δὶ.
393 4969 494 5027 ἶσα
533 4970 709 5042 ὑμῶν.
799 4970 846 5002 ⁸⁸
872 4970 958 5026 Al.
986 4966 1113 5024 εἶδε.

198 5130 314 5202 (68)
348 5128 658 5198 Ἀρχαρίῳ,
697 5125 935 5202 Novitio,
974 5125 1270 5202 incipienti,
1307 5127 1487 5202 tironi.
1521 5120 1712 5202 Vulga-

127 5195 218 5257 ris'
242 5195 377 5261 vos,
402 5195 548 5268 quae
580 5205 763 5268 exstat
809 5198 972 5251 etiam
1005 5197 1157 5268 apud
1199 5195 1718 5268 Macariumrbomil.

129 5275 198 5327 15
227 5284 284 5328 ει
317 5270 409 5335 16,
444 5267 509 5323 iet
552 5271 606 5322 in
648 5267 887 5323 Scholiis
927 5269 994 5322 ad
1030 5267 1249 5322 Scalam
1273 5267 1537 5336 paradisi,
1577 5267 1718 5320 duo-

129 5345 352 5398 decimo
393 5343 452 5394 in
479 5340 712 5410 gradum
742 5339 834 5402 26,
865 5349 918 5392 et
941 5347 1096 5410 sexto
1121 5340 1174 5392 in
1201 5337 1294 5410 28.
1323 5339 1430 5392 Sed
1455 5339 1508 5390 in
1533 5338 1723 5410 primis

128 5413 313 5468 notari
352 5408 641 5465 merentur
671 5424 793 5479 qua:
834 5409 949 5478 ipse
979 5408 1218 5464 Joannes
1246 5409 1523 5462 Climacus
1562 5409 1726 5479 liabet

129 5483 390 5557 gradu}.
421 5479 558 5536 Nam
591 5478 718 5557 cum
742 5481 972 5557 dixisset
999 5496 1054 5549 p.
1101 5479 1210 5557 5.8.:
1259 5479 1347 5557 ‘E_v
1377 5480 1444 5549 τῇ
1479 5478 1727 5557 ἐσχάτων

130 5549 420 5626 ἆρχαρίων
437 5623 445 5626 _
465 5549 1020 5626 κατατάττει-χώρᾳ,
1065 5549 1348 5626 stibjungit
1373 5622 1383 5626 _
1394 5549 1726 5626 quibusdam

131 5617 482 5694 iiit'érpositis
539 5639 592 5693 p.
637 5621 704 5676 59
737 5641 750 5676 :
783 5617 1295 5694 Ἦνιδεῖνηπολιάν
1332 5617 1608 5690 αἰδέσιμον
1669 5621 1727 5672 έν

128 5699 194 5776 τῇ
219 5691 474 5776 ἀρχαῖκῇ
500 5691 799 5776 διάγουσαν
841 5691 1014 5776 τάξει..
1057 5691 1156 5772 Ubi
1202 5693 1266 5776 ad
1305 5695 1603 5759 marginem
1633 5705 1731 5776 αρτ

133 5761 378 5835 pingitur
407 5761 517 5816 τῶν
547 5764 853 5836 ἀρχαρξων.
883 5761 1058 5824 Unde.
1102 5763 1240 5818 sic?"
1375 5777 1560 5814 σἠυεη.
1585 5769 1731 5831 patet

135 5853 318 5893 veram
361 5838 657 5892 lectionem
679 5850 804 5890 esse
832 5836 1128 5903 ἀρχαρικῇ.

1822 3337 1948 3406 quis
1972 3347 2231 3406 operatus
2253 3337 2440 3405 fuerit,
2476 3353 2583 3392 non
2613 3346 2977 3410 percepturus
2999 3337 3071 3393 sit
3100 3337 3407 3394 mercedem

1823 3443 1855 3481 a
1883 3425 2012 3482 Deo.
3392 3439 3396 3442 '

1895 3519 1952 3577 6.
1995 3520 2141 3576 idem
2178 3521 2348 3578 abbas
2381 3521 2596 3586 Esaias,
2631 3520 2926 3592 quemdam
2967 3520 3198 3575 fratrum
3248 3535 3408 3576 voca-

1822 3613 1901 3668 vit
1929 3613 1998 3668 ad
2029 3629 2110 3679 se,
2148 3613 2390 3684 lavitque
2418 3612 2587 3683 pedes
2618 3613 2767 3682 ejus;
2810 3619 2864 3666 et
2902 3612 3108 3683 pugillo
3137 3612 3408 3667 lenticula:

1823 3706 1880 3760 in
1909 3705 2077 3760 ollam
2112 3706 2305 3772 misso,
2339 3713 2629 3775 postquam
2661 3703 2990 3767 ebulliisset,
3027 3703 3229 3757 attulit.
3261 3701 3405 3756 Dicit

1823 3797 1874 3852 ei
1905 3798 2113 3855 frater:
2145 3797 2265 3853 Non
2307 3798 2445 3854 satis
2477 3803 2639 3852 cocta
2685 3804 2789 3860 est,
2818 3795 2993 3863 abba;
3026 3803 3143 3849 tum
3173 3795 3402 3849 Esaias:

1823 3889 2016 3946 Nonne
2045 3893 2145 3946 tibi
2177 3891 2378 3946 sufficit
2420 3889 2566 3961 quod
2599 3890 2826 3945 omnino
2862 3890 3040 3960 ignem
3074 3887 3315 3943 viderit?
3341 3885 3410 3941 Et

1823 3982 1929 4037 hoc
1961 3997 2218 4053 magnum
2257 3982 2512 4038 solatium
2547 3989 2650 4036 est.

1896 4077 1946 4132 7.
1989 4074 2134 4130 Dixit
2155 4090 2380 4132 rursus:
2410 4075 2466 4130 Si
2492 4073 2636 4129 Deus
2656 4072 2891 4128 voluerit
2909 4071 3106 4126 animae
3128 4069 3404 4136 misereri,

1823 4167 1944 4238 ipsa
1976 4182 2108 4222 vero
2137 4176 2435 4222 contumax
2463 4181 2574 4220 non
2607 4164 2957 4226 sustinuerit,
2992 4162 3089 4218 sed
3121 4160 3314 4216 fecerit
3338 4177 3404 4215 ex

1823 4259 2112 4314 voluntate
2136 4271 2260 4322 sua,
2296 4256 2567 4328 permittit
2590 4255 2703 4326 pati
2732 4269 2853 4309 eam
2889 4267 3010 4323 qua:
3040 4266 3152 4306 non
3179 4251 3316 4317 vult,
3351 4258 3412 4305 ut

1825 4351 1907 4408 sic
1929 4351 2108 4422 ipsum
2143 4349 2414 4420 inquirat.

1896 4442 1949 4497 8.
1990 4441 2072 4497 lta
2101 4441 2267 4498 etiam
2294 4441 2512 4496 locutus
2540 4446 2660 4496 est:
2683 4436 2916 4506 Quando
2938 4436 3056 4491 vult
3077 4433 3282 4506 aliquis
3305 4448 3410 4487 ma-

1828 4535 1938 4591 lum
1963 4551 2064 4607 pro
2090 4536 2236 4591 malo
2266 4534 2516 4601 reddere,
2551 4540 2736 4606 potest
2767 4532 2853 4590 vel
2883 4539 3021 4588 nutu
3065 4531 3184 4587 solo
3215 4528 3412 4585 laedere

1832 4625 2020 4684 fratris
2044 4627 2461 4685 conscientiam.

1902 4717 1957 4774 9.
1995 4717 2140 4774 Idem
2170 4719 2339 4773 abbas
2364 4716 2556 4775 Esaias
2581 4716 2989 4785 interrogatus:
3014 4712 3154 4779 Quid
3179 4718 3264 4766 est
3289 4724 3414 4764 ava-

1831 4809 1998 4866 ritia?
2023 4810 2342 4880 respondit:
2376 4809 2492 4864 Non
2519 4809 2743 4865 credere
2772 4806 2904 4872 Deo,
2940 4805 3085 4877 quod
3113 4804 3190 4859 tui
3218 4819 3410 4864 curam

1902 5122 2012 5193 (49)
2049 5125 2279 5192 Ὥσπερ
2310 5121 2419 5192 γὰρ
2452 5119 2724 5193 δένδρον.
2751 5118 2809 5174 1η
2829 5118 2990 5193 Esaia
3017 5135 3112 5177 seu
3130 5120 3285 5193 _lsaia_
3314 5121 3414 5193 im_—

1828 5189 2043 5264 presso,
2075 5204 2215 5248 orat.
2239 5189 2335 5255 ‘26,
2372 5189 2444 5246 De
2484 5192 2641 5244 dictis
2667 5206 2794 5264 qua:
2820 5189 3010 5264 Petrus
3052 5191 3218 5244 abbas
3250 5191 3412 5264 disci-

1827 5261 1982 5334 putus
2019 5265 2132 5333 ejus
2185 5280 2248 5323 cz
2293 5265 2386 5318 illo
2427 5264 2649 5332 accepit,
2676 5270 2725 5314 et
2755 5261 2949 5334 litteris
2985 5261 3414 5334 commendarit:

1831 5331 2003 5389 Arbor
2029 5331 2147 5404 qua:
2171 5336 2452 5405 irrigatur,
2485 5351 2588 5405 non
2613 5333 2827 5405 arescit,
2853 5331 2943 5385 sed
2973 5332 3206 5405 fructum
3237 5333 3415 5405 affert:

1833 5405 1908 5458 Ex
1949 5400 2051 5462 ms.
2103 5400 2289 5460 autem
2324 5404 2662 5466 Colbertino,
2702 5403 2807 5474 sub
2859 5400 3040 5468 titulo,
3084 5402 3286 5474 θρῆνοι
3323 5400 3418 5455 τοῦ

1832 5476 1978 5530 ἀϐϐᾶ
2027 5475 2274 5528 Ἡσαΐου.
2315 5474 2538 5545 Δένδρον
2592 5473 2951 5545 ποτιζόμενον
3001 5472 3144 5545 me"
3177 5472 3414 5544 ἡμέραν,

1832 5549 1964 5601 πότε
2013 5547 2328 5615 ξηραίνεται
2361 5543 2526 5597 αὑτοῦ
2560 5546 2591 5614 ἡ
2631 5543 2756 5615 ῥίζα
2795 5545 2875 5615 εἰς
2907 5543 2968 5595 τὸ
2995 5543 3087 5615 ,μὴ
3141 5543 3420 5614 καρποφοο

1836 5613 2035 5690 ρῆσαι,
2063 5613 2176 5690 Hoc
2197 5624 2300 5690 est,
2323 5613 2878 5690 Arbor‘quw‘quotidie
2904 5613 3186 5690 irrigatur,
3207 5613 3420 5684 quando

1836 5685 2024 5742 arescit
2060 5687 2216 5741 mdia:
2246 5687 2358 5753 ejus
2397 5696 2451 5738 ut
2485 5685 2717 5753 fructum
2754 5701 2856 5738 non
2887 5689 3123 5754 proterat
3145 5687 3171 5741 2

1907 5759 2017 5829 (50)
2058 5757 2162 5810 Vit.
2200 5756 2353 5815 Patr.
2388 5773 2482 5820 XII,
2515 5756 2564 5810 7.
