3874 6324
457 392 560 450 185

1625 390 1967 446 ΑΡΡΕΝΟΙΧ
2010 391 2100 444 AD
2142 385 2566 443 PALLADIUM.

3619 371 3733 427 185

454 509 744 582 suscipiat,
769 513 1059 583 desperare
1083 510 1152 567 de
1187 511 1650 582 promissionibus
1681 511 1796 576 Dei,
1835 521 1889 568 et
1920 529 2035 565 am-

2179 509 2280 581 >εῷ.
2335 510 2417 562 ὅτι
2465 507 2701 561 ποιεῖταί
2744 519 2836 554 σου
2893 498 3170 571 φροντίδα,
3224 496 3318 548 κει)⁸
3367 493 3430 546 τὸ
3487 489 3734 546 ἀπελπία

455 597 842 674 pliﬂcationem
873 603 1148 658 affectare.

529 783 618 837 10.
663 780 1038 853 Interrogatus
1064 791 1149 839 est
1194 785 1382 849 etiam,
1416 785 1546 855 quid
1574 795 1720 841 esset
1746 786 2033 842 detractio.

457 875 523 929 Et
546 875 863 946 respondit:
906 875 1023 930 Non
1055 892 1391 948 cognoscere
1417 879 1648 950 gloriam
1682 879 1806 942 Dei;
1835 890 2032 950 atque:

457 966 664 1022 Invidia
695 983 821 1038 erga
852 971 1189 1038 proximum.

528 1061 617 1116 Η.
654 1061 1028 1131 Intermgatus
1055 1065 1258 1132 pariter
1284 1064 1348 1118 de
1379 1063 1827 1136 ira;responsum
1856 1066 2034 1122 dedit:

455 1154 541 1210 Ira
567 1164 650 1212 est
678 1155 987 1217 contentio,
1020 1165 1074 1208 et
1104 1156 1471 1220 mendacium,
1504 1165 1557 1212 et
1585 1159 1913 1228 ignorantia.

1017 1267 1087 1321 De
1121 1267 1308 1322 abbate
1352 1267 1492 1324 Elia.

530 1381 583 1436 1.
627 1381 740 1452 (51)
781 1380 930 1438 Dixit
965 1381 1136 1436 abbas
1164 1379 1346 1437 Elias:
1381 1381 1517 1437 Tres
1549 1398 1650 1454 ego
1702 1398 1793 1440 res
1839 1384 2036 1452 timeo;

2140 619 2228 655 σαι
2281 600 2388 654 τῶν
2448 593 2792 668 ἐπαγγελιῶν
2836 592 2931 646 τοῦ
2973 591 3110 644 Θεοῦ
3166 589 3260 642 καὶ
3297 589 3342 620 ⁸⁸
3388 583 3736 651 φιλοπλατὺ.

2137 695 2343 746 νεσθαι.

2213 792 2262 838 ι’.
2305 781 2590 855 Ἦρωτήθη
2646 780 2828 842 πάλιν,
2858 777 2911 830 τί
2948 779 3066 829 ἐστι
3105 773 3428 833 καταλαλια,
3486 775 3585 826 καὶ
3620 771 3742 826 ἀπ-

2139 878 2359 949 εκρίθηο
2400 879 2472 930 Τὸ
2521 878 2594 946 μὴ
2639 869 3011 943 γνῶναι⁸¹
3028 867 3184 936 δόξαν
3215 867 3309 920 τοῦ
3356 866 3490 920 Θεοῦ
3528 865 3599 930 ⁸³,
3636 863 3742 918 καὶ

2137 969 2334 1034 Φθόνος
2372 969 2509 1040 πρὸς
2534 968 2624 1021 τδν
2664 965 2913 1035 πλησίον.

2212 1069 2300 1116 ια’.
2345 1059 2632 1130 Ἢρωτήθη
2665 1057 2845 1123 πάλιν,
2872 1057 2924 1110 τί
2958 1057 3104 1109 ἐστιν
3144 1055 3282 1126 ὀργὴ
3307 1095 3321 1117 ,
3355 1055 3448 1106 καὶ
3494 1051 3743 1122 ἀπεκρί-

2141 1157 2242 1226 θη·
2283 1154 2440 1226 Ἐρις
2467 1154 2536 1218 ⁸⁸,
2568 1153 2662 1206 καὶ
2691 1150 2909 1215 ψεῦδος,
2945 1149 3040 1203 καὶ
3074 1147 3339 1216 ἀγνωσία.

2580 1267 2717 1334 Περὶ
2750 1265 2856 1319 τοῦ
2885 1260 3036 1318 ἁϐϐᾶ
3077 1261 3258 1315 Ἠλία.

2211 1391 2278 1438 α’.
2314 1379 2479 1448 Εἶπεν
2516 1382 2545 1433 ό
2577 1379 2752 1442 ἀεϐἄς
2796 1375 3003 1439 Ἠλίας·
3058 1371 3200 1442 Ἐγὼ
3245 1371 3370 1442 τρία
3423 1367 3743 1442 πράγματα

457 1489 582 1530 cum
616 1475 798 1528 anima
829 1489 949 1529 mea
981 1490 1274 1544 egressura
1295 1483 1380 1530 est
1408 1490 1439 1530 e
1471 1490 1742 1546 corpore;
1775 1491 1899 1531 cum
1926 1475 2040 1532 Deo

2179 1475 2446 1546 ηοὸοῦμαι·
2480 1475 2607 1526 ὃταν
2645 1469 2816 1542 μέλλῃ
2844 1468 3045 1539 ἡψυχὴ
3085 1482 3186 1537 μου
3221 1461 3454 1528 ἐξελθεῖν
3489 1461 3603 1515 ἀπὸ
3640 1459 3741 1514 τοῦ

457 1566 925 1635 reprazsentabor;
953 1576 1008 1622 et
1035 1581 1161 1621 cum
1191 1568 1458 1624 adversus
1485 1585 1572 1624 me
1600 1569 1930 1640 proferenda
1956 1579 2041 1626 est

2179 1567 2414 1639 ὡματος,
2456 1565 2551 1619 καὶ
2591 1565 2718 1616 ὅταν
2761 1559 2941 1632 μέλλω
2983 1558 3064 1628 τῷ
3104 1555 3224 1628 Θεῴ
3257 1554 3595 1626 ἀπαντῆσαι,
3641 1554 3744 1607 καὶ

458 1659 756 1716 εθηιεηῑίειο
2141 1665 2270 1718 ὅταν
2301 1661 2466 1734 μέλλῃ
2497 1661 2531 1730 ή
2566 1657 2840 1726 ἀπόφασις
2866 1652 3100 1718 ἐξελθεῖν
3133 1653 3254 1704 κατ’
3282 1648 3416 1721 ἐμοῦ

528 1750 584 1801 ‘2.
619 1749 734 1819 (59.)
766 1747 1031 1805 Dicebant
1053 1765 1214 1806 senes
1245 1750 1428 1806 abbati
1461 1750 1590 1807 Elite
1627 1753 1679 1806 in
1713 1752 1948 1825 Egypto
1975 1752 2041 1809 de

2217 1755 2282 1826 β’.
2331 1753 2554 1821 Ἔλεγον
2610 1751 2659 1804 οἱ
2705 1750 2962 1820 γέροντες
3015 1745 3096 1818 τῷ
3125 1744 3272 1816 ἀϐὁᾷ
3312 1742 3471 1813 Ἠλίᾳ
3519 1743 3609 1804 εἰς
3645 1741 3747 1791 At-

458 1836 655 1892 abbate
678 1838 962 1908 Agathone
1005 1858 1018 1894 :
1048 1838 1232 1896 Bonus
1262 1841 1432 1896 abbas
1485 1851 1590 1899 est.
1619 1843 1707 1896 Ait
1731 1845 1814 1898 eis
1835 1859 2035 1899 senex:

2181 1864 2349 1902 υπτον
2395 1844 2524 1917 περὶ
2562 1841 2658 1896 τοῦ
2697 1839 2843 1894 ἀεὸᾶ
2887 1836 3214 1906 Ἀγάθωνος,
3273 1835 3354 1888 ὃτι
3399 1832 3583 1895 Καλὸς
3638 1831 3746 1928 ἀβο

463 1929 783 1984 Secundum
816 1939 1030 1987 tetatem
1071 1949 1179 2004 qua
1200 1933 1352 1999 vivit,
1370 1934 1546 1991 bonus
1579 1943 1682 1991 est.
1707 1934 2038 2008 Excipiunt:

2179 1942 2243 2004 ἀς
2274 1939 2320 1971 ⁸³
2353 1939 2522 1991 ἐστιν.
2572 1933 2683 1988 Καὶ
2726 1932 2876 2000 λέγει
2918 1929 3100 1992 αὐτοῖς
3131 1931 3160 1982 ό
3187 1927 3397 1998 γέρωνο
3437 1925 3598 1979 Κατά
3636 1924 3748 1994 τὴν

461 2019 606 2089 Quid
661 2038 790 2078 vero
834 2023 1136 2080 secundum
1185 2027 1482 2098 antiquos?
1534 2029 1872 2099 Respondit:
1917 2029 2039 2084 Dixi

2181 2029 2334 2086 ενεάν
2363 2026 2528 2082 αὑτοῦ
2561 2025 2722 2088 καλός
2753 2025 2892 2080 ἐστι.
2928 2021 3038 2075 Καὶ
3062 2020 3310 2088 λέγουσιν
3347 2016 3495 2087 αὑτῷ
3519 2033 3534 2048 °
3570 2016 3746 2068 Κατά

464 2114 641 2179 vobis,
673 2115 820 2186 quod
843 2116 1003 2186 juxta
1032 2125 1246 2174 aetatem
1276 2135 1434 2176 suam
1465 2121 1766 2190 praaclarus
1793 2122 1902 2189 sit;
1943 2121 2039 2178 sed

2179 2124 2197 2176 ὲ
2229 2123 2356 2186 τοὺς
2397 2118 2660 2192 ἀρχαίους
2692 2115 2784 2182 τί;
2828 2114 2934 2168 Καὶ
2972 2112 3292 2184 ἀποκριθεὶς
3338 2109 3523 2178 λέγει’
3562 2106 3748 2164 Εἶπον

462 2209 610 2280 quod
655 2219 870 2280 spectat
928 2212 996 2265 ad
1030 2222 1259 2276 veteres,
1295 2213 1403 2268 vidi
1452 2215 1727 2270 hominem
1775 2217 1829 2270 in
1869 2215 2038 2282 Sceti,

2183 2219 2290 2288 μῖν,
2320 2216 2400 2268 ὅτι
2429 2211 2570 2265 κατά
2605 2210 2703 2281 τὴν
2758 2207 2953 2276 γενεὰν
2992 2203 3158 2259 αὑτοῦ
3193 2203 3355 2266 καλός
3386 2204 3502 2254 ἐστι
3525 2217 3540 2230 °
3587 2201 3750 2254 κατὰ

461 2303 555 2370 qui
587 2311 806 2373 poterat
825 2303 996 2360 solem
1028 2305 1084 2360 in
1115 2307 1260 2362 cmlo
1283 2309 1504 2374 sistere,
1540 2307 1864 2365 sicutJesus
1895 2308 2040 2366 ﬁlius

462 2391 648 2450 Navae.
681 2393 801 2461 Quo
822 2395 1037 2462 audito,
1073 2397 1500 2469 obstupuerunt,
1533 2407 1589 2454 et
1619 2401 1850 2470 gloriam
1893 2410 2042 2457 retu-

464 2486 644 2542 lerunt
676 2486 808 2543 Deo.

536 2662 590 2716 3.
637 2661 780 2717 Dixit
814 2665 985 2720 abbas
1032 2664 1203 2730 Elias,
1240 2666 1331 2722 ille
1362 2667 1630 2723 tliaconia:
1661 2685 1753 2722 seu
1800 2669 2046 2724 ministe-

467 2755 568 2809 rii:
603 2755 744 2822 Quid
779 2757 920 2812 valet
976 2767 1285 2827 peccatum,
1341 2760 1433 2814 ubi
1468 2769 1552 2815 est
1597 2761 1952 2829 pcenitentia?
1993 2770 2045 2816 et

464 2847 596 2920 quid
623 2849 778 2917 juvat
806 2850 1069 2914 charitas,
1103 2851 1193 2906 ubi
1226 2852 1430 2907 residet
1462 2854 1761 2922 superbia?
1917 2843 1936 2864 ⁸

534 2939 590 2994 4.
635 2939 844 2995 Retulit
897 2942 1070 2998 abbas
1117 2942 1301 3000 Elias:
1339 2942 1461 2998 \‘idi
1491 2945 1770 2999 hominem
1805 2947 1898 3016 qui
1935 2947 2046 3000 vini

467 3034 808 3091 cucurbitam
832 3035 1203 3105 capiebatsub
1232 3036 1452 3091 axillam
1482 3052 1676 3104 suam;
1716 3045 1772 3092 et
1808 3045 1868 3092 ut
1906 3038 2048 3092 infa-

466 3127 632 3181 miam
655 3127 928 3181 inurcrcm
952 3127 1316 3193 dannonibus,
1347 3130 1492 3199 quod
1518 3129 1844 3199 phantasma
1874 3141 2039 3197 esset,

2142 2308 2199 2361 δέ
2229 2307 2355 2370 τοὺς
2381 2302 2663 2375 ἀρχαίους,
2707 2299 2928 2370 ἑώρακα
2959 2297 3243 2370 ἄνθρωπον
3286 2295 3344 2347 ἐν
3390 2295 3617 2364 Σκήτει,
3658 2295 3748 2347 ὅτι

2144 2395 2375 2466 ἠδύνατο
2408 2393 2500 2447 τὸν
2533 2392 2683 2462 ἥλιον
2743 2391 2939 2460 στῆσαι
2975 2389 3032 2441 ἐν
3082 2385 3162 2458 τῷ
3207 2384 3443 2458 οὐρανῷ,
3479 2384 3750 2455 καθάπερ

2159 2488 2360 2558 Ἰησους
2381 2487 2409 2539 6
2440 2483 2534 2537 τοῦ
2573 2482 2716 2536 Ναυῖ
2735 2480 2802 2536 ⁸⁸.
2844 2481 2954 2533 Καὶ
2981 2478 3139 2532 τοῦτο
3174 2477 3530 2544 ἀκούσαντες,
3564 2476 3751 2547 ἐθαμο

2147 2579 2412 2652 δήθησαν,
2447 2578 2543 2632 καὶ
2577 2574 2833 2640 ἐδόξασαν
2857 2574 2947 2628 τὸν
2973 2572 3108 2628 Θεόν

2217 2679 2286 2740 γ’.
2323 2670 2490 2725 Εἶπεν
2537 2672 2566 2723 6
2609 2667 2784 2731 assa;
2845 2665 3032 2730 Ἠλίας
3078 2667 3106 2718 6
3151 2663 3250 2734 τῆς
3279 2664 3558 2725 διακονίας
3592 2663 3750 2732 (ὅθ’

2149 2767 2214 2820 Τί
2243 2765 2413 2836 ίσχύει
2435 2764 2701 2838 ἁμαρτία,
2733 2764 2868 2816 ὅπου
2903 2761 3022 2829 ἐστὶ
3059 2760 3352 2832 μετάνοιας
3394 2759 3485 2813 καὶ
3510 2759 3566 2812 τί
3592 2760 3756 2830 ὡφε-

2149 2860 2232 2913 λεῖ
2261 2859 2471 2930 ἀγάπη,
2501 2858 2628 2912 ἔνθα
2654 2857 2801 2911 ἐστὶν
2829 2855 3208 2926 ὑπερηφανία;

2218 2953 2278 3006 δ’.
2311 2949 2478 3006 Εἶπεν
2510 2954 2538 3005 6
2571 2948 2746 3013 ἀϐϐἆς
2791 2948 2998 3011 Ἠλίας,
3037 2947 3120 3001 ὅτι
3162 2943 3316 3000 Εἶδον
3345 2947 3456 3016 ἐγὼ
3481 2964 3611 3000 τινα
3649 2947 3754 3000 λα-

2151 3045 2313 3099 ϐόντα
2333 3044 2673 3098 κολοκύντιον
2700 3041 2842 3095 οἴνου
2877 3041 2957 3103 είς
2977 3039 3076 3112 τὴν
3097 3039 3272 3110 μάλην
3295 3039 3460 3093 αὐτοῦ
3478 3057 3493 3071 ο
3530 3039 3632 3092 καὶ
3660 3040 3756 3093 ἵνα

2151 3133 2392 3205 αἰσχύνω
2437 3134 2564 3195 τοὺς
2611 3131 2872 3201 δαίμονας
2915 3131 2997 3183 ὅτι
3054 3124 3437 3200 φαντασίαῆν,
3471 3124 3636 3183 εἷπον
3671 3130 3757 3201 τῷ

465 3221 580 3276 dixi
626 3219 782 3276 fratri
819 3240 831 3276 :
863 3219 943 3275 Ex
972 3223 1264 3286 eharitate,
1317 3222 1422 3276 hoc
1474 3238 1658 3277 meum
1704 3225 1852 3279 tolle.
1909 3223 2041 3278 Tum

2179 3225 2394 3297 ιδελφῷ·
2427 3224 2658 3295 Ποίησον
2685 3223 2927 3292 ἀγάπην,
2971 3221 3066 3275 καὶ
3103 3217 3235 3292 ἆρόν
3271 3238 3374 3292 μου
3409 3219 3606 3275 τοῦτο·
3654 3223 3757 3276 καὶ

467 3312 687 3368 sublato
717 3314 881 3384 pallio
903 3329 1026 3380 suo,
1054 3315 1193 3369 nihil
1219 3314 1425 3371 habere
1453 3316 1710 3371 inventus
1733 3324 1839 3372 est.
1871 3317 1930 3372 ld
1952 3334 2050 3371 au-

468 3414 576 3460 tem
621 3406 940 3476 prolocutus
979 3421 1126 3471 sum,
1181 3417 1238 3462 ut
1285 3408 1410 3462 licet
1444 3411 1850 3480 conSpexeritis
1883 3410 2050 3479 quid-

469 3498 612 3568 piam
641 3498 725 3553 vel
752 3497 1058 3567 audieritis,
1089 3514 1199 3556 non
1227 3499 1550 3557 admittatis.
1583 3500 1839 3568 Quinimo
1863 3505 2052 3561 obser-

469 3597 595 3646 vate
647 3591 1124 3659 ratiocinationes,
1181 3594 1354 3649 animi
1406 3604 1731 3666 conceptus,
1782 3598 2049 3669 cogitata;

470 3681 709 3739 scientes
753 3684 882 3738 talia
934 3701 964 3739 a
993 3686 1339 3743 daemonibus
1373 3688 1615 3752 immitti,
1647 3704 1756 3760 quo
1810 3691 2049 3746 animam

469 3774 738 3846 polluant,
772 3774 1086 3831 inducendo
1109 3775 1179 3832 ad
1210 3793 1395 3834 rerum
1421 3778 1902 3851 incongruentium
1921 3797 2054 3837 eon-

471 3864 886 3944 siderationem,
924 3875 1094 3938 utque
1150 3877 1392 3925 mentem
1445 3882 1680 3928 avocent
1725 3888 1758 3926 a
1812 3875 2053 3945 propriis

471 3958 711 4025 peccatis
741 3967 906 4030 atque
925 3977 956 4015 a
986 3960 1118 4017 Deo.

635 4046 812 4104 Etiam
877 4051 1018 4106 hanc
1068 4053 1297 4124 protulit
1357 4055 1737 4111 sententiam:
1794 4055 2055 4115 Homines

474 4150 713 4197 mentem
745 4143 951 4199 habent
983 4146 1249 4202 intentam
1278 4146 1364 4203 vel
1392 4147 1460 4202 ad
1489 4159 1732 4219 peccata,
1763 4151 1850 4208 vel
1875 4152 1946 4207 ad
1971 4151 2057 4208 Je-

471 4248 620 4300 sum,
657 4235 740 4291 vel
774 4237 841 4292 ad
878 4238 1150 4296 homines.

543 4323 596 4379 6.
641 4326 754 4399 (55)
786 4329 980 4386 Adhuc
1002 4333 1142 4386 dixit
1169 4351 1184 4388 :
1220 4333 1337 4391 Nisi
1373 4352 1530 4393 mens
1554 4337 1752 4406 psallat
1775 4354 1900 4394 cum
1927 4353 2055 4396 cor-

474 4434 627 4489 pore,
661 4421 714 4476 in
742 4439 945 4478 vanum
973 4434 1059 4481 est
1082 4426 1258 4482 labor.
1295 4428 1398 4484 Et:
1434 4430 1493 4484 Si
1524 4431 1650 4500 quis
1678 4431 1931 4488 dilexerit
1957 4434 2054 4488 tri-

472 4511 835 4581 bulationem,
859 4524 1051 4587 postea
1081 4518 1132 4572 ei
1166 4519 1272 4574 erit
1300 4520 1354 4574 iu
1388 4521 1650 4592 gaudium
1688 4536 1755 4578 ac
1782 4523 2049 4594 requiem.

541 4689 594 4742 'l.
636 4685 695 4744 Id
727 4707 949 4762 quoque
979 4695 1232 4752 elocutus
1262 4705 1384 4756 est:
1411 4697 1588 4758 Senex
1618 4701 1844 4774 quidam
1863 4721 2055 4766 ,mane-

471 4781 565 4836 bat
594 4784 650 4838 in
679 4783 836 4851 fano;
862 4795 1128 4842 venerunt
1157 4789 1432 4849 daemones
1451 4833 1467 4856 ,
1491 4795 1740 4853 dicentes
1769 4798 1853 4852 ei:
1878 4796 2054 4854 Bece-

471 4872 540 4929 de
569 4890 600 4930 e
629 4876 749 4929 loco
784 4886 996 4932 nostro.
1036 4877 1214 4936 Senex
1251 4883 1403 4938 iniit:
1440 4883 1549 4940 Vos
1581 4901 1688 4940 non
1721 4887 1930 4941 habetis
1970 4888 2053 4940 lo-

472 4980 619 5022 cum.
641 4966 938 5038 Cmperunt
960 4986 1093 5043 ergo
1123 4975 1328 5043 passim
1353 4991 1612 5048 spargere
1643 4979 1855 5048 palmas
1883 4979 2050 5033 illius.

475 5060 650 5116 Senex
689 5077 816 5116 vero
844 5068 1236 5133 perseveravit,
1273 5069 1540 5138 colligens
1573 5087 1688 5128 eas.
1718 5070 1911 5126 Postea
1946 5071 2056 5124 da:-

477 5169 628 5218 mon,
659 5156 1002 5224 apprehensa
1029 5175 1195 5216 manu
1223 5161 1364 5232 ejus,
1393 5162 1540 5219 foras
1576 5165 1727 5220 illum
1755 5165 1939 5220 traxit.
1985 5164 2055 5219 Ut

472 5255 650 5299 autem
679 5251 923 5317 pervenit
955 5266 1121 5308 senex
1151 5253 1219 5308 ad
1255 5255 1506 5325 januam,
1535 5257 1641 5311 alia
1686 5248 1848 5312 manu
1882 5261 2055 5312 tenuit

543 5398 586 5473 ’ξ
615 5399 699 5473 Al.
741 5402 802 5456 τὸ
842 5403 1016 5473 φιλεῖν
1040 5406 1139 5470 τάς

473 5467 718 5538 ἀδελφός.
793 5474 840 5506 ⁸⁸
855 5467 954 5529 ἈΙ.
987 5467 1162 5551 Ναυῆ.

707 5591 816 5649 Vit.
861 5593 1016 5650 Patr.
1067 5613 1151 5663 111,
1188 5597 1260 5664 ις
1306 5595 1492 5652 Schol.
1557 5597 1618 5650 2|
1667 5595 1731 5650 ad
1774 5597 2053 5650 (iradﬂlii.

471 5665 634 5724 Clim.

542 5734 655 5806 (5‘2)
698 5734 802 5789 Vit.
837 5733 988 5790 Patr.
1030 5753 1090 5796 11,
1123 5739 1178 5790 .‘i.

566 5807 655 5875 55)
689 5807 750 5861 L.
785 5806 1010 5864 Doroth.
1046 5807 1232 5862 Doctr.
1269 5808 1361 5862 ‘25.

567 5877 658 5941 54)
725 5878 922 5944 Ἠλίας
981 5881 1012 5932 ό
1045 5877 1156 5946 τῆς
1215 5879 1538 5946 διακονίας.
1597 5879 1740 5933 Infra
1798 5881 1954 5936 titulo
1995 5880 2061 5935 dc

1186 5408 1453 5482 βλαῦεράς
1486 5411 1701 5482 ἡδονάς.
1777 5414 1822 5444 ⁸³
1857 5412 1941 5464 AI.
1977 5413 2142 5466 inser.

2153 3322 2292 3392 ἄρας
2323 3319 2383 3372 τὸ
2420 3317 2643 3371 πάλλιον
2691 3314 2878 3378 αὑτοῦ,
2925 3313 3122 3386 εὑρέθη
3159 3313 3322 3382 μηδὲν
3371 3312 3530 3384 ἔχων.
3569 3314 3757 3368 Τοῦτο

2153 3412 2208 3466 δέ
2237 3408 2409 3467 εἷπον.
2443 3410 2526 3462 ὃτι
2565 3407 2667 3462 κᾶν
2703 3409 2816 3470 τοῖς
2861 3405 3159 3477 ὀφθαλμοῖς
3202 3405 3348 3475 ἴδητέ
3389 3422 3474 3467 τι,
3509 3404 3541 3473 ῆ
3576 3405 3761 3460 ἀκού-

2153 3522 2307 3577 σητε,
2352 3505 2426 3574 μὴ
2454 3499 2839 3572 καταδέξησθε.
2884 3487 3044 3568 Πόσῳ
3095 3498 3295 3568 μᾶλλον
3351 3499 3572 3568 τηρεῖτε
3618 3501 3762 3562 τοὺς

2151 3597 2534 3668 διαλογισμοὺς
2577 3595 2672 3649 καί⁸
2712 3593 2811 3656 τὰς
2858 3591 3187 3662 ἐνθυμήσεις
3232 3591 3326 3643 καὶ
3367 3588 3468 3650 τὰς
3507 3590 3757 3653 ἐννοίας.

2153 3689 2353 3752 εἰδότες
2381 3689 2464 3742 ὅτι
2497 3685 2652 3740 αὐτοὶ
2681 3683 3042 3755 ἐμϐάλλουσιν
3069 3681 3230 3742 αὐτὰ,
3267 3681 3354 3734 ἵνα
3383 3680 3626 3752 μιάνωσι
3652 3682 3761 3753 τὴν

2152 3781 2332 3853 ψυχὴν
2361 3778 2672 3848 λογίζεσθαι
2703 3776 2774 3831 τὰ
2813 3775 2886 3847 μὴ
2954 3775 3324 3846 συμφέροντα,
3377 3773 3471 3826 καὶ
3514 3773 3606 3826 ἵνα
3652 3775 3762 3827 ἀπ-

2154 3873 2500 3946 ασχολὴσωσι
2539 3871 2631 3925 τὸν
2662 3868 2788 3924 νοῦν
2817 3867 2926 3922 ἀπὸ
2957 3866 3067 3920 τῶν
3101 3865 3384 3939 ἁμαρτιῶν
3407 3865 3602 3930 αὐτοῦ,
3657 3869 3762 3920 καὶ

2153 3969 2248 4024 τοῦ
2279 3967 2435 4022 Θεοῦ.

2224 4059 2287 4115 ε’.
2323 4057 2458 4114 Εἷπε
2488 4057 2650 4112 πάλιν
2670 4073 2684 4085 ·
2731 4058 2794 4110 Οί
2828 4055 3110 4128 ἄνθρωποι
3157 4053 3248 4106 τὸν
3285 4051 3409 4105 νοῦν
3440 4049 3694 4120 ἔχουσιν,
3727 4053 3761 4120 ἦ

2155 4156 2236 4218 είς
2263 4153 2362 4216 τὰς
2403 4149 2759 4223 ἀμαρτίας,ἢ
2801 4149 2937 4220 πρὸς
2969 4147 3062 4202 τὸν
3101 4143 3330 4215 Ἰησοῦν,
3365 4143 3398 4214 ἢ
3443 4142 3582 4212 πρὸς
3623 4143 3766 4205 τοὺς

2156 4245 2500 4319 ἀνθρώπους.

2231 4346 2303 4404 ς’.
2336 4333 2471 4391 Εἶπε
2520 4335 2720 4391 πάλινο
2793 4335 2918 4388 Ἐὰν
2979 4332 3054 4405 μὴ
3105 4333 3134 4386 6
3189 4331 3314 4396 νοῦς
3364 4328 3544 4400 ψάλλῃ
3609 4328 3768 4399 μετά

2155 4430 2250 4484 τοῦ
2276 4428 2548 4500 σώματος,
2575 4428 2655 4490 εἰς
2689 4426 2866 4496 μάτην
2896 4426 2926 4479 6
2957 4424 3147 4487 κόπος.
3189 4421 3315 4476 Ἐὰν
3353 4421 3462 4493 γάρ
3483 4437 3571 4482 τις
3603 4421 3766 4488 ἀγα-

2161 4523 2237 4593 πᾷ
2267 4522 2365 4592 τὴν
2395 4519 2597 4589 θλίψιν,
2636 4516 2862 4588 ὕστερον
2891 4516 3103 4584 γίνεται
3131 4512 3281 4584 αὐτῴ
3309 4515 3388 4576 είς
3434 4511 3620 4583 χαρὰν
3664 4515 3770 4567 καὶ

2159 4611 2485 4666 ἀνάπαυσιν.

2232 4703 2294 4768 ζ’.
2330 4696 2463 4753 Εἷπε
2491 4699 2672 4763 πάλιν,
2707 4698 2790 4751 ὅτι
2825 4698 2923 4761 Τις
2953 4695 3130 4767 γέρων
3171 4695 3383 4765 ἔμεινεν
3430 4693 3512 4757 είς
3565 4694 3766 4764 ἱερόν·

2160 4797 2255 4852 καὶ
2283 4792 2445 4867 ἦλθον
2485 4795 2536 4846 oi.
2579 4792 2834 4863 δαίμονες
2871 4791 3124 4859 λέγοντες
3163 4787 3346 4858 αὐτῷ·
3400 4785 3649 4839 Ἀπελθε
3700 4789 3768 4840 ἐν

2160 4887 2254 4942 τοῦ
2280 4887 2442 4941 τόπου
2470 4884 2648 4957 ἡμῶν.
2677 4884 2789 4938 Καὶ
2811 4886 2840 4936 6
2863 4883 3042 4954 γέρων
3065 4881 3169 4953 ἔφη
3191 4897 3204 4910 ·
3251 4880 3442 4950 Ὑμεῖς
3462 4878 3566 4930 οὐκ
3597 4878 3768 4949 ἔχετε

2161 4984 2345 5036 τόπον.
2381 4979 2494 5034 Καὶ
2525 4979 2759 5050 ἤρξαντο
2806 4977 3122 5049 σκορπίζειν
3157 4973 3323 5027 αὑτοῦ
3353 4972 3418 5026 τά
3461 4971 3594 5042 βαΐα
3635 4973 3770 5026 καθ’

2165 5075 2330 5141 ἅπαξ.
2375 5073 2433 5126 Ὀ
2463 5073 2520 5126 δὲ
2549 5073 2727 5143 γέρων
2747 5071 3013 5142 ἐπέμενεν
3046 5069 3186 5121 αὐτὰ
3226 5065 3516 5133 συλλέγων.
3553 5063 3758 5117 ’Υπε-

2168 5183 2258 5237 ρον
2279 5166 2306 5218 6
2331 5164 2540 5235 δαίμων
2577 5165 2856 5236 κρατήσας
2884 5159 3048 5214 αὑτοῦ
3081 5163 3180 5229 τήν
3220 5159 3397 5228 χεῖρα,
3424 5154 3629 5225 ἔσυρεν
3667 5156 3768 5208 αὖ-

2162 5258 2254 5310 τὸν
2285 5256 2408 5321 ἔξω.
2458 5256 2547 5319 Ὠς
2579 5255 2636 5307 δέ
2660 5255 2864 5323 ἔφθασε
2892 5253 2990 5323 τὴν
3011 5250 3182 5322 θύραν
3219 5253 3248 5303 6
3276 5249 3480 5320 γέρων,
3513 5250 3583 5318 τῇ
3621 5247 3772 5320 ἄλλῃ

2189 5377 2282 5463 τόν
2324 5409 2457 5463 Θεὸν
2495 5411 2552 5480 ἦ.
2627 5409 2673 5440 ⁸³
2703 5408 2789 5462 Al.
2816 5405 3002 5460 αὑτοῦ.
3078 5406 3125 5437 ⁸⁸
3149 5405 3234 5459 Al.
3263 5405 3494 5476 αἰρεσις.
3589 5407 3644 5437 ⁸⁵
3683 5409 3771 5464 ΑΙ.

2162 5597 2372 5653 Joanne
2409 5595 2597 5661 Persa,
2630 5611 2779 5651 num.
2811 5595 2869 5662 2,
2916 5593 3171 5650 Ἰάκωϐον
3199 5593 3291 5646 τὸν
3317 5593 3416 5662 τῆς
3449 5591 3776 5662 διακονω,

2167 5670 2271 5726 Ubi
2298 5667 2549 5736 Pelagius
2576 5669 2738 5721 vertit
2755 5667 3193 5735 dispensatorem.
3215 5662 3479 5736 Typicum
3515 5664 3575 5718 S.
3602 5669 3781 5724 Saba:

2165 5739 2350 5811 captS
2375 5757 2388 5792 :
2495 5738 2812 5811 διακονηταὶ
2841 5733 3193 5811 σχολάςουσιν
3221 5733 3279 5788 ἐν
3304 5733 3425 5798 ταῖς
3454 5733 3781 5811 διακονίαις

2167 5807 2368 5864 αὐτῶν.
2416 5809 2640 5863 Videtur
2679 5807 2842 5877 porro
2875 5807 2979 5862 iste
3007 5807 3156 5862 Elias
3183 5807 3228 5860 is
3260 5822 3403 5871 esse,
3433 5807 3532 5876 qui
3565 5822 3600 5862 a
3647 5809 3782 5864 Pal-

2169 5881 2314 5935 ladio
2354 5888 2690 5935 memoratur
2731 5877 2874 5935 Ilist.
2912 5878 3074 5934 Laus.
3110 5893 3230 5947 cap.
3268 5877 3322 5933 5.
