3874 6312
236 368 340 426 183

1355 411 1359 422 .
1428 356 2047 418 APOPHTHEGMATA
2084 357 2397 415 PATRUM.

3403 353 3509 410 136

228 487 378 563 χειρὶ
432 487 667 558 κατέσχε
717 487 820 558 τὴν
867 485 1059 558 θύραν,
1089 483 1340 556 κράζων·
1387 483 1590 555 Ἰησοῦ,
1631 481 1815 553 βοήθει

1942 494 2061 544 eam,
2095 479 2342 534 clamans
2370 497 2382 532 :
2416 473 2569 544 Jesu,
2603 489 2867 530 succurre
2899 472 3054 527 mihi.
3086 471 3508 542 Confestimque

230 597 345 652 pm.
383 579 495 632 Kal.
516 578 680 642 εὐθὺς
699 579 727 630 6
746 577 958 649 δαίμων
993 576 1185 645 ἔφυγε.
1211 575 1324 627 Kal.
1349 575 1378 628 6
1405 574 1582 646 γέρων
1615 571 1822 644 ἤρξατο

226 671 462 726 κλαίειν.
510 670 570 723 '0
594 670 652 724 δὲ
683 669 885 742 Κύριος
927 663 1077 721 εἶπεν
1117 664 1295 735 αὐτῷ·
1337 664 1402 717 Τί
1448 664 1692 727 κλαίεις;
1726 664 1822 716 καὶ

225 764 382 832 λέγει
425 763 456 815 6
495 761 705 832 γέρων·
745 761 865 814 ’Ὁτι
906 757 1148 830 τολμῶσι
1178 757 1448 828 κρατῆσαι
1492 756 1582 809 τὸν
1612 753 1823 826 ἄνθρω-

227 873 352 917 πον,
409 855 508 908 καὶ
555 853 728 916 οὕτως
783 853 1028 922 ποιῆσαι.
1072 847 1208 902 Eine
1244 849 1300 903 δὲ
1345 849 1526 919 αὐτῷ·
1575 851 1646 902 Σὺ
1687 847 1824 919 ὴμέ-

227 946 425 1018 λησας.
465 945 596 999 Ὀτε
628 943 739 1016 γὰρ
784 941 1056 1013 ἐζήτησας
1113 957 1201 1011 με,
1241 934 1377 1002 εἶδες
1427 939 1546 1002 πῶς
1593 939 1824 1010 εὑρέθην

229 1052 333 1086 σοι.
361 1036 408 1087 Τ
411 1034 553 1087 αὔτα
583 1033 745 1102 λέγω,
784 1034 864 1086 ὅτι
894 1032 1064 1085 κόπου
1092 1029 1288 1084 πολλοῦ
1337 1031 1515 1102 χρεία,
1549 1031 1642 1083 καὶ
1667 1031 1716 1083 εί
1749 1029 1824 1101 μὴ

228 1127 405 1191 κόπος
432 1126 682 1195 γένηται,
729 1125 788 1177 οὐ
839 1124 1064 1178 δύναταί
1111 1141 1196 1188 τις
1244 1123 1386 1193 ἔχειν
1432 1122 1524 1176 τὸν
1567 1122 1700 1175 Θεὸν
1729 1123 1859 1176 αὑ-.

225 1219 324 1273 τοῦ
354 1220 428 1273 ⁸⁷.
457 1220 630 1284 Αὐτὸς
653 1218 760 1289 γὰρ
782 1217 849 1271 δι’
878 1220 910 1287 ἡ
921 1219 1028 1287 μᾶς
1057 1215 1399 1288 ἐσταυρώθη.

310 1310 572 1378 ’Δδελερὸς
613 1308 897 1380 παρέϐαλε
938 1307 1017 1378 τῷ
1053 1306 1198 1377 ἀϐὗᾷ
1243 1305 1398 1376 Ἠλία
1436 1303 1513 1374 τῷ
1542 1305 1822 1374 ἡσυχαστῇ

227 1403 386 1474 (55),
458 1405 541 1466 εἰς
593 1401 653 1454 τὸ
708 1399 974 1453 κοινόδιον
1033 1399 1126 1451 τοῦ
1192 1398 1456 1470 σπηλαίου
1519 1395 1612 1450 τοῦ
1681 1395 1826 1448 ἀϐὁᾶ

225 1493 508 1558 Ζὰ66α⁸⁸,
540 1493 636 1546 καὶ
673 1491 824 1561 λέγει
873 1491 1053 1561 αὐτῷ·
1101 1491 1292 1553 Ἀδϐἄ,
1331 1485 1482 1542 εἶπόν
1523 1506 1612 1560 μοι
1650 1489 1822 1559 ῥῆμα.

236 1589 297 1642 '0
323 1589 385 1641 δὲ
418 1586 599 1658 γέρων
635 1585 786 1654 λέγει
815 1583 894 1655 τῷ
923 1583 1159 1654 ἀδελφῷ,
1199 1584 1281 1636 ὃτι
1318 1584 1406 1636 Ἐν
1431 1584 1554 1644 ταῖς
1593 1583 1825 1651 ἡμέραις

224 1681 339 1736 τῶν
371 1681 632 1751 πατέρων
669 1676 852 1750 ἡμῶν,
888 1676 1185 1745 ἡγαπῶντο
1226 1677 1282 1729 al
1315 1678 1463 1744 τρεῖς
1495 1674 1689 1746 ἀρεταὶ
1725 1665 1824 1726 a5-

236 1791 344 1840 :at,
384 1774 418 1844 ἡ
455 1770 840 1843 ἀκτημοσύνη,
867 1768 964 1822 καὶ
981 1769 1013 1838 ἡ
1033 1768 1298 1839 πραότης,
1319 1767 1410 1820 καὶ
1437 1768 1469 1837 ἡ
1495 1766 1820 1838 ἐγκράτεια·

1924 571 2065 644 fugit
2093 571 2328 626 dazmon.
2357 569 2546 639 Itaque
2575 582 2742 623 senex
2776 565 2905 621 ﬂere
2935 565 3124 635 cmpit.
3148 563 3219 617 At
3247 565 3510 618 Dominus

1924 663 2064 718 dixit
2092 664 2172 718 ei:
2209 661 2323 717 Cur
2348 660 2480 717 fles?
2510 659 2816 731 Respondit
2849 673 3052 712 senex:
3087 655 3243 723 Quod
3274 656 3512 711 audeam

1923 754 2262 826 prehendere
2285 754 2586 819 hominem,
2612 760 2775 821 atque
2799 752 2874 803 ita
2899 748 3100 803 facere.
3123 747 3261 801 Tum
3289 746 3357 800 ad
3384 761 3510 801 eum

1926 846 2229 902 Dominus:
2270 845 2352 900 Tu
2387 846 2670 916 negligens
2714 841 2890 897 fuisti.
2921 840 3151 906 Quando
3183 838 3328 893 enim
3361 852 3513 907 qua:-

1924 937 2069 995 siisti
2106 955 2212 1002 me,
2247 937 2432 993 vidisti
2499 936 2774 1007 quomodo
2805 937 3061 989 inventus
3098 931 3200 987 sim
3233 931 3352 985 tibi.
3389 929 3512 982 Haec

1924 1033 2033 1098 aio,
2067 1031 2327 1102 quoniam
2370 1029 2556 1083 labore
2587 1027 2760 1094 multo
2786 1041 2926 1096 opus
2961 1031 3081 1088 est;
3117 1037 3182 1076 ac
3215 1021 3322 1076 nisi
3357 1021 3512 1074 labo-

1922 1129 2097 1188 retur,
2143 1137 2254 1175 non
2307 1127 2488 1190 potest
2521 1119 2644 1189 quis
2679 1117 2880 1172 habere
2914 1114 3085 1170 Deum
3140 1128 3323 1169 suum.
3377 1109 3514 1164 Nam

1855 1223 1857 1227 ‘
1923 1215 2043 1286 ipse
2075 1222 2300 1285 propter
2332 1228 2433 1267 nos
2467 1211 2620 1266 cruci
2649 1209 2841 1264 afﬁxus
2868 1209 2993 1263 fuit.

1997 1305 2050 1359 8.
2094 1304 2229 1376 (56)
2274 1302 2468 1357 Frater
2512 1302 2766 1358 convenit
2803 1301 3052 1356 abbatem
3112 1297 3284 1352 Eliam
3317 1295 3516 1366 quieta:

1921 1399 2049 1454 vitae
2095 1405 2452 1466 sectatorem,
2497 1396 2552 1450 in
2604 1395 2917 1450 cmnobium
2967 1394 3242 1464 spelunca:
3303 1391 3515 1446 abbatis

1927 1490 2140 1557 Sabbae,
2171 1489 2381 1544 etdixit
2413 1488 2463 1543 ei
2494 1507 2506 1542 :
2542 1487 2696 1542 Abba
2741 1486 3125 1541 documentum
3162 1484 3294 1539 mihi
3336 1484 3513 1538 trade.

1924 1578 1996 1633 At
2035 1594 2203 1634 senex
2231 1578 2308 1631 ait
2352 1577 2546 1631 fratri:
2581 1578 2642 1630 In
2684 1575 2879 1629 diebus
2921 1584 3136 1642 patrum
3167 1583 3515 1640 nostrorum,

1923 1669 2008 1724 hac
2046 1679 2160 1724 tres
2209 1668 2442 1722 virtutes
2489 1666 2878 1736 diligebantur,
2914 1670 3229 1733 paupertas,
3269 1676 3520 1715 mansue-

1923 1762 2076 1825 tudo,
2112 1760 2465 1815 abstinentia.
2521 1757 2680 1811 Nune
2725 1771 2854 1812 vero
2913 1756 3056 1810 inter
3094 1753 3395 1808 monachos
3431 1767 3519 1807 re-

225 1866 327 1919 νῦν
359 1866 417 1919 δὲ
460 1866 660 1936 κρατεῖ
703 1865 783 1928 ei;
823 1864 950 1927 τοὺς
992 1862 1262 1934 μοναχοὺς
1326 1863 1359 1931 ἡ
1400 1852 1703 1924 πλεδνεξία,
1738 1858 1833 1912 καὶ

1942 1860 2140 1925 gnant,
2189 1851 2453 1917 avaritia,
2493 1848 2857 1917 confidentia,
2899 1848 3044 1919 gula.
3099 1845 3255 1913 Quod
3299 1846 3522 1917 placue-

226 1962 261 2030 ἡ
310 1957 768 2030 γαστριμαργία,
820 1956 916 2010 καὶ
957 1957 990 2025 ή
1036 1954 1332 2017 θρασύτης.
1378 1955 1445 2006 Εἴ
1475 1971 1526 2006 τι
1550 1953 1596 1984 ⁸⁹
1655 1951 1831 2015 Θέλεις

228 2051 542 2121 κοάτησον.

601 2157 743 2228 Περὶ
772 2157 880 2212 τοῦ
900 2153 1051 2211 ἀϐϐᾶ
1086 2153 1464 2223 Ἡρακλείου.

315 2268 579 2340 ’.ἁδελφὸς
608 2266 942 2338 πολεμηθεὶς
954 2267 1022 2328 ⁸ο,
1048 2262 1352 2336 ἀπήγγειλε
1380 2262 1460 2333 τῷ
1488 2260 1634 2332 assa
1665 2260 1833 2331 Ἠρα-

230 2360 482 2432 deity"-
514 2360 624 2413 Kal.
674 2358 820 2426 λέγει
866 2355 1016 2428 αὑτῷ
1063 2358 1269 2418 ἐκεῖνος
1330 2352 1601 2425 στηρίζων
1647 2351 1832 2418 αὑτὸν,

231 2455 316 2509 ὅτι
365 2454 468 2517 Τὶς
492 2452 673 2524 γέρων
697 2450 824 2522 ἔσχε
845 2447 1093 2521 μαθητὴν
1121 2447 1368 2518 ὑπήκοον,
1381 2445 1520 2498 πάνυ
1544 2445 1638 2497 ἐπὶ
1661 2443 1836 2498 πολλὰ

229 2550 358 2619 ἔτη.
393 2547 512 2617 Mt;
552 2541 647 2599 οὖν
691 2542 1024 2614 πολεμηθεὶς
1075 2540 1234 2594 ἐὸαλε
1290 2538 1579 2611 μετάνοιαν
1621 2536 1699 2608 τῷ
1741 2535 1834 2605 γέ-

233 2658 410 2714 ροντι,
452 2639 659 2708 λέγων·
713 2635 948 2708 Ποίησὸν
987 2652 1056 2706 με
1106 2631 1362 2702 γενέσθαι
1418 2629 1671 2703 μοναχόν.
1720 2627 1834 2682 Kal.

231 2734 389 2802 λέγει
419 2730 574 2802 αὐτῷ
603 2733 631 2784 6
659 2731 841 2800 γέρων
861 2744 874 2757 ·
912 2727 1085 2780 Βλέπε
1116 2726 1301 2787 τόπον,
1334 2724 1428 2777 καὶ
1463 2720 1721 2792 ποιοῦμέν
1750 2737 1833 2772 σοι

230 2825 454 2881 κελλίον
473 2826 538 2877 ³³.
567 2823 678 2876 Kal.
697 2819 947 2876 ἀπελθὼν
969 2817 1078 2872 ἀπὸ
1104 2816 1334 2888 σημείου
1366 2815 1486 2878 ὲνὸς
1542 2807 1690 2883 εὗρε.
1723 2812 1834 2865 Kal.

231 2918 575 2982 ἀπελθόντες
600 2915 865 2987 ἐποίησαν
895 2912 1128 2968 κελλίον.
1163 2910 1274 2964 Kal.
1298 2909 1446 2977 λέγει
1476 2906 1554 2978 τῷ
1587 2904 1830 2975 ἀδελφῷ’

232 3012 304 3065 Εἴ
330 3010 386 3064 τί
416 3026 502 3062 σοι
531 3007 700 3076 λέγω,
735 3003 894 3058 τοῦτο
933 3003 1178 3072 ποίησον.
1218 3001 1385 3053 Ὅταν
1418 2999 1630 3068 πεινᾷς,
1665 2995 1828 3064 φάγε,

232 3104 355 3167 πίε,
391 3099 602 3171 κοιμῶ·
637 3097 798 3169 μόνον
835 3093 929 3148 τοῦ
968 3092 1184 3147 κελ).ίου
1220 3106 1314 3144 σου
1357 3090 1432 3162 μὴ
1473 3087 1693 3158 ἐξέλθῃς
1726 3085 1832 3147 ἓως

1935 1945 2043 2010 rit,
2086 1944 2246 2015 elige.

2447 2133 2524 2188 De
2569 2132 2757 2187 abbate
2820 2130 3090 2186 Heraclio.

2005 2250 2201 2306 Frater
2259 2249 2654 2305 tentationibus
2728 2247 3116 2316 impugnatus,
3178 2243 3520 2298 denuntiavit

1934 2344 2117 2400 abbati
2178 2341 2451 2397 Heraclio.
2504 2340 2597 2394 Ille
2637 2348 2696 2394 ut
2753 2337 3106 2393 confirmaret
3153 2351 3314 2403 eum,
3379 2336 3521 2390 hanc

1933 2436 2179 2491 narravit
2227 2434 2556 2489 historiam:
2595 2430 2777 2487 Senex
2835 2431 3057 2501 quidam
3105 2429 3300 2484 habuit
3348 2428 3522 2483 disci-

1935 2527 2122 2597 pulum
2173 2523 2498 2580 obedientia:
2530 2523 2733 2577 virtute
2778 2529 3164 2593 praestantem,
3207 2521 3273 2575 ad
3321 2520 3522 2575 multos

1935 2631 2131 2671 annos.
2163 2614 2268 2681 Qui
2297 2613 2590 2685 aliquando
2637 2620 2878 2669 tentatus
2907 2629 2972 2667 ac
3021 2614 3404 2682 impugnatus,
3434 2626 3522 2667 se-

1933 2725 2056 2765 nem
2097 2708 2434 2763 demittendo
2486 2723 2546 2762 se
2594 2707 2884 2771 salutavit;
2929 2720 2993 2760 ac
3055 2705 3234 2759 dixit:
3275 2701 3383 2756 Fac
3436 2717 3524 2757 mo

1934 2816 2058 2858 esse
2090 2801 2444 2855 monachum.
2488 2800 2578 2852 Ait
2611 2799 2686 2852 illi
2727 2814 2894 2854 senex
2926 2815 2942 2850 :
2975 2796 3186 2873 Locum
3211 2792 3521 2857 considera,

1934 2903 1988 2950 et
2020 2895 2287 2950 faciemus
2327 2894 2424 2948 tibi
2470 2894 2686 2948 cellam.
2738 2891 2880 2962 Ergo
2925 2890 3116 2945 abiens
3168 2887 3371 2957 procul
3412 2900 3524 2939 uno

1933 2989 2145 3058 lapide,
2194 2988 2418 3056 reperit.
2470 2985 2607 3038 Tum
2658 2983 2884 3055 profecti
2951 2982 3145 3036 cellam
3198 2985 3526 3033 construxe-

1935 3088 2086 3134 runt.
2118 3078 2260 3132 Dicit
2295 3079 2452 3132 fratri
2485 3094 2498 3130 :
2533 3077 2688 3144 Quod
2715 3077 2814 3130 tibi
2856 3074 3240 3135 edisseruero,
3273 3071 3378 3125 hoc
3416 3069 3519 3126 fac.

233 3160 678 3249 τοῦραὸδὰτου·
707 3188 827 3241 τότε
867 3187 1029 3258 ἔρχου
1066 3183 1235 3254 ἐγγύς
1272 3160 1374 3254 μου
1397 3182 1463 3236 ’³.
1511 3182 1568 3235 Ὀ
1591 3181 1647 3233 δὲ
1676 3178 1830 3232 ἀδελ-

1942 3169 2167 3236 Quando
2219 3168 2519 3231 esurieris,
2561 3166 2880 3232 manduca;
2939 3164 3106 3220 simili
3160 3161 3326 3217 modo
3378 3160 3526 3226 bibe,

234 3288 339 3357 φὺς
369 3285 600 3356 ἐποίησε
629 3281 730 3345 τὰς
758 3281 852 3334 δύο
887 3253 1271 3351 ηρξέραςκατὰ
1307 3277 1406 3346 τὴν
1446 3272 1667 3343 ἐντολήν
1687 3289 1700 3304 ·
1737 3271 1832 3322 καὶ

1942 3263 2152 3318 dormi:
2189 3270 2400 3316 tantum
2451 3279 2482 3316 ε
2536 3260 2674 3314 cella
2718 3266 2811 3312 tua
2862 3273 2931 3312 ne
2968 3255 3210 3320 exieris,
3251 3268 3425 3323 usque
3456 3253 3524 3306 ad

234 3381 304 3449 τῇ
341 3376 509 3448 τρίτῃ
538 3373 726 3447 ἡμέρᾳ
759 3369 1083 3442 ἀκηδιάσας,
1107 3367 1286 3436 λέγει·
1314 3367 1378 3419 Τί
1421 3364 1578 3417 τοῦτο
1610 3360 1833 3431 ἐποίησέ

241 3489 335 3542 μοι
361 3471 392 3522 6
423 3467 705 3542 yépwv“;
741 3466 836 3519 καὶ
866 3462 1126 3526 ἀναστὰς,
1158 3458 1354 3529 ἔψαλλε
1389 3457 1674 3518 πλείστους
1700 3453 1836 3524 ψαλ-

244 3563 418 3636 μούς·
462 3561 558 3614 καὶ
589 3557 728 3630 μετὰ
751 3555 814 3609 τὺ
848 3553 1002 3615 δῦναι
1034 3552 1126 3606 τὸν
1162 3551 1313 3623 ἥλιον
1347 3549 1549 3620 ἔφαγε·
1579 3547 1674 3600 καὶ
1701 3547 1834 3599 ἀνα-

244 3655 384 3718 στὰς
439 3650 656 3721 ἀπῆλθε
691 3647 1022 3720 κοιμηθῆναι
1059 3645 1140 3707 εἰς
1165 3644 1227 3697 τὸ
1252 3641 1466 3712 ψιάθιον
1505 3638 1690 3693 αὑτοῦ.
1727 3637 1839 3690 Kal.

244 3749 450 3819 θεωρεί
480 3743 716 3799 Αἰθίοπα
743 3740 997 3810 κείμενον
1023 3737 1279 3809 τρίζοντα
1315 3734 1440 3797 τοὺς
1472 3733 1690 3794 ὀδόντας
1714 3730 1838 3786 κατ’

245 3818 442 3891 αὐτοῦ.
481 3833 593 3887 Kal
627 3831 886 3903 δρομαῖος
915 3827 1066 3898 φόϐῳ
1093 3824 1272 3896 πολλῷ
1297 3820 1429 3896 ἦλθε
1464 3823 1601 3892 πρὸς
1627 3820 1719 3874 τὸν
1750 3818 1842 3887 γέ-

246 3944 448 4002 ροντα·
487 3925 585 3979 καὶ
611 3923 852 3994 κρούσας
881 3920 981 3990 τὴν
1011 3919 1204 3991 θύραν,
1237 3914 1393 3971 εἷπεν
1412 3934 1426 3948 ·
1473 3913 1660 3976 Ἀϐὁᾶ,
1687 3911 1843 4002 ἐλέη-

248 3997 345 4070 σόν
373 4032 466 4086 με,
490 4013 587 4067 καὶ
603 4011 814 4077 ἄνοιξον
829 4010 897 4063 ’⁸.
929 4009 988 4062 'O
1009 4009 1065 4061 δὲ
1079 4007 1280 4078 γέρων,
1305 4006 1468 4074 γνοὺς
1490 4003 1573 4056 ὅτι
1594 4001 1694 4054 οὐκ
1713 3997 1844 4070 ὲφύ-

245 4107 379 4172 λαξε
399 4108 466 4160 τδ
495 4106 653 4178 ῥῆμα
671 4103 858 4168 αὑτοῦ,
885 4104 987 4156 οὐκ
1015 4099 1226 4171 ἤνοιξεν
1257 4097 1405 4168 αὐτῷ
1427 4096 1532 4159 ἓως
1553 4093 1722 4164 πρωῒ,
1749 4092 1844 4146 καὶ

249 4200 479 4264 ἀνοίξας
503 4197 584 4268 τῷ
601 4195 768 4267 πρωῒ,
793 4189 951 4267 εὗρεν
966 4194 1130 4247 αὑτὸν
1151 4190 1256 4256 ἔξω
1279 4185 1726 4262 παρακαλοῦντα·
1750 4183 1847 4239 καὶ

251 4279 600 4361 οίκᾴλρήσας
640 4289 959 4359 εἰσήνεγκεν
1004 4283 1188 4339 αὐτόν.
1239 4281 1393 4335 ⁴Τότε
1439 4279 1618 4348 λέγει·
1645 4273 1848 4346 Δέομαί

256 4365 375 4448 σου(
426 4382 637 4452 Πάτερ·
677 4379 912 4432 Αἰθίοπα
950 4377 1157 4450 μέλανα
1206 4370 1346 4427 εἶδον
1388 4372 1481 4424 ἐπὶ
1525 4370 1587 4423 τὸ
1633 4365 1849 4439 ψιάθιόν

258 4495 388 4549 μου,
434 4477 514 4540 ὡς
555 4473 799 4545 ἀπῆλθον
837 4472 1192 4543 κοιμηθῆναι.
1249 4469 1309 4522 '0
1355 4467 1412 4520 δὲ
1470 4461 1626 4519 εἷπε·
1678 4461 1850 4517 Τοῦτο

1936 3353 2275 3418 Sabbatum;
2312 3360 2442 3406 tunc
2471 3352 2597 3406 veni
2622 3351 2781 3420 juxta
2815 3365 2920 3404 me.
2955 3345 3145 3401 Frater
3170 3353 3350 3399 autem
3384 3344 3527 3398 duos

1936 3444 2054 3500 dies
2091 3446 2298 3515 peregit
2324 3459 2390 3498 ex
2449 3449 2766 3512 praecepto;
2804 3448 2858 3494 at
2905 3439 2995 3494 die
3046 3439 3205 3492 tertia
3244 3435 3407 3490 taedio
3445 3433 3507 3488 af
3511 3463 3530 3475 -

1938 3537 2114 3592 fectus
2144 3536 2282 3592 dixit
2309 3553 2323 3589 :
2360 3535 2470 3590 Cur
2499 3537 2574 3588 ita
2606 3548 2818 3589 mecum
2847 3531 2957 3602 egit
2983 3529 3185 3586 senex?
3210 3527 3392 3594 Quare
3416 3542 3532 3580 sur-

1939 3643 2073 3699 gens
2093 3667 2108 3693 ,
2149 3625 2316 3696 cmpit
2347 3626 2576 3696 psallere
2617 3625 2800 3694 plures
2833 3624 3075 3692 psalmos
3104 3637 3121 3687 ;
3154 3635 3218 3673 ac
3249 3628 3372 3688 post
3395 3619 3531 3672 solis

1940 3734 2198 3774 occasum
2252 3716 2434 3772 cibum
2497 3715 2734 3785 sumpsit
2763 3733 2778 3780 ;
2811 3727 3155 3783 surgensque
3198 3712 3332 3766 abiit
3371 3711 3531 3765 cubi-

1942 3817 2058 3863 tum
2106 3824 2274 3878 super
2317 3815 2489 3861 matta
2528 3821 2646 3860 sua.
2697 3805 2764 3859 Et
2801 3804 2948 3859 videt
2980 3803 3292 3872 Aithiopem
3335 3802 3530 3871 jacen-

1943 3911 2087 3966 tem,
2115 3901 2209 3970 qui
2247 3899 2504 3954 dentibus
2552 3897 2820 3953 stridebat
2872 3896 3140 3951 adversus
3187 3908 3334 3949 eum.
3375 3891 3532 3947 Unde

1944 4007 2070 4048 cum
2126 3992 2327 4046 timore
2376 3992 2549 4044 multo
2583 3988 2834 4044 cucurrit
2867 3987 2937 4041 ad
2984 4001 3170 4042 senem
3208 4003 3221 4040 :
3265 3984 3532 4054 pulsatis-

1945 4101 2053 4156 que
2080 4083 2329 4148 foribus,
2359 4083 2471 4136 ait:
2505 4082 2657 4136 Abba
2680 4120 2696 4144 ,
2732 4080 2996 4136 miserere
3041 4078 3147 4134 mei
3170 4118 3185 4141 ,
3233 4078 3405 4147 aperi.
3428 4074 3535 4152 βε-

1947 4193 2053 4234 nex
2083 4184 2286 4242 autem,
2317 4175 2502 4231 sciens
2524 4174 2670 4245 quod
2701 4188 2810 4228 non
2837 4171 3172 4228 custodisset
3191 4169 3536 4232 mandatum,

1950 4286 2058 4326 non
2081 4270 2296 4340 aperuit
2325 4283 2501 4338 usque
2522 4267 2589 4323 ad
2609 4266 2913 4322 diluculum
2941 4284 2953 4319 :
2986 4280 3097 4336 quo
3125 4273 3369 4332 tempore
3401 4276 3534 4330 ape-

1950 4364 2125 4426 riens,
2174 4360 2384 4416 invenit
2425 4360 2573 4415 foras
2613 4370 2939 4431 rogantem:
2977 4367 3031 4413 et
3060 4353 3543 4410 commiseratione

1952 4455 2152 4512 ductus
2190 4454 2502 4510 introduxit
2545 4469 2692 4508 eum.
2730 4451 2885 4507 Tunc
2925 4451 3003 4506 ait
3037 4469 3052 4506 :
3081 4448 3194 4504 Oro
3239 4455 3318 4510 te,
3376 4444 3541 4498 Pater

259 4538 604 4634 21-40556“
638 4538 740 4620 66x
773 4538 1046 4635 ἐφύλαξας
1067 4538 1136 4616 *τὸ
1166 4561 1318 4634 ῥῆμὰ
1349 4577 1471 4631 μου.
1510 4557 1645 4611 Τότε
1672 4552 1838 4609 τυπώ

1959 4549 2073 4604 vidi
2101 4546 2416 4618 Ethiopem
2452 4562 2619 4618 super
2657 4553 2883 4600 mattam
2911 4557 3108 4607 meam,
3151 4548 3210 4595 ut
3236 4538 3541 4594 dormitum

261 4681 367 4727 σας
405 4660 561 4732 αὐτῷ
602 4659 740 4730 πρὸς
791 4658 893 4730 τὴν
935 4657 1188 4730 δύναμιν,
1239 4655 1302 4708 τὸ
1347 4651 1641 4708 ἀκόλουθον
1657 4648 1704 4681 ⁹⁶
1757 4646 1852 4701 τοῦ

262 4757 542 4828 μονήρους
595 4752 712 4823 βίου
761 4751 840 4815 ’⁷,
891 4748 1030 4802 κατὰ
1109 4747 1305 4820 μικρὸν
1361 4744 1555 4813 γέγονε
1624 4738 1856 4812 μοναχδς

254 4853 445 4916 καλός.

973 5131 1019 5162 ⁸⁸
1049 5128 1148 5183 Ed.
1201 5127 1368 5182 25:61.
1457 5127 1502 5158 ⁸⁸
1535 5125 1635 5180 Ed.
1664 5127 1692 5179 ὅ
1723 5142 1796 5178 τι.

332 5136 379 5167 ⁸⁷
416 5132 504 5188 Al.
537 5133 654 5188 μετ’
676 5132 864 5187 αὐτοῦ.

332 5151 376 5167 ’τ
416 5151 504 5188 Al.
579 5151 638 5186 ετ
676 5151 864 5187 αυτου.
973 5151 1019 5162 -ν
1049 5151 1148 5183 nu.

259 5207 311 5238 “
336 5208 425 5259 Al.
480 5151 612 5259 miti.
656 5204 752 5258 καὶ⁵
782 5202 910 5275 γίνῃ
945 5200 1198 5275 μοναχός.

341 5497 458 5568 (55)
501 5492 882 5568 'IIavzaatﬁ.
945 5493 1298 5568 filo-uxaarﬁ;
1342 5497 1396 5546 et
1443 5490 1866 5568 houxaa'cﬁpiov,

264 5559 395 5627 ποία
433 5559 694 5635 nomina;
725 5559 996 5635 Sedi'quid
1037 5559 1187 5635 vetat
1223 5559 1340 5618 leve
1375 5559 1630 5635 mendum
1679 5559 1870 5635 tollere

265 5659 335 5696 ex
373 5639 610 5708 epistola
642 5631 921 5708 Paschalis
948 5633 989 5688 ll
1015 5635 1083 5708 ad
1121 5631 1484 5708 _Nurgaudu_m
1524 5631 1869 5708 Augustodu-

269 5701 502 5768 nensém.
528 5721 693 5777 quam
728 5706 846 5777 luce
871 5706 1094 5777 donavit
1120 5703 1174 5758 in
1203 5701 1513 5777 appendice
1531 5703 1606 5777 ad
1630 5701 1864 5777 [ieginor

268 5799 394 5840 nem
449 5772 612 5834 suum
664 5777 745 5828 vir
800 5775 1141 5830 clarissimus
1203 5772 1512 5843 Stephanus
1572 5772 1862 5826 Balusius?

275 5852 421 5908 Illud
446 5860 624 5905 autem
650 5847 947 5915 apostotica
966 5845 1286 5900 auctoritate
1308 5847 1615 5901 statuimus.
1641 5855 1693 5895 ut
1721 5843 1856 5896 nulli

1283 5201 1332 5231 ⁹³
1365 5198 1452 5252 Al.
1513 5197 1681 5251 inser.
1709 5199 1805 5249 καὶ

1942 5194 2184 5265 ἔστρεψεν
2211 5194 2241 5245 6
2267 5187 2447 5263 γέρών
2489 5193 2568 5265 είς
2598 5191 2660 5244 τὸ
2689 5191 2899 5265 κελλίον
2933 5187 3121 5265 αρτοὖ.

261 5258 436 5348 milia;
468 5258 665 5328 ποιεῖν.
741 5258 910 5327 οδἈιἿ
940 5258 1197 5342 idaltid:
1230 5269 1459 5340 ταχέως.
1537 5269 1582 5300 ⁸⁸
1616 5267 1700 5321 Al.
1730 5267 1828 5337 τὴν
1853 5258 2197 5319 ἀκολουθίαν.
2273 5258 2317 5296 ⁵⁷
2340 5258 2432 5318 ᾺΙ.
2462 5262 2588 5317 add.
2621 5261 2890 5316 ἀπέλυσεν
2924 5260 3107 5325 αὐτὸν,
3139 5258 3251 5312 καί.

1959 4639 2090 4695 abii.
2127 4637 2357 4709 Excepit
2390 4653 2553 4694 senex
2587 4657 2601 4692 :
2638 4635 2694 4693 Id
2726 4636 2824 4691 tibi
2860 4634 3082 4699 accidit,
3117 4633 3243 4703 quia
3277 4644 3387 4684 non
3420 4643 3540 4682 ser-

1965 4731 2104 4786 vasti
2130 4729 2274 4800 quod
2311 4743 2698 4800 praeceperam.
2747 4725 2878 4780 Post
2915 4725 3032 4778 haec
3060 4737 3160 4792 pro
3193 4720 3339 4774 virili
3371 4717 3542 4773 infor-

1951 4827 2123 4883 mavit
2155 4841 2280 4881 eum
2321 4826 2376 4878 in
2414 4824 2606 4879 ordine
2632 4824 2756 4877 vita:
2785 4819 3137 4883 monasticae;
3167 4815 3550 4886 paulatimque

1960 4923 2136 4980 evasit
2163 4922 2370 4993 probus
2400 4919 2722 4974 monachus.

1890 5124 1938 5157 ⁹⁶
1965 5123 2069 5177 Alii
2100 5122 2224 5178 add.
2278 5123 2500 5194 οίκῆσαι
2526 5193 2531 5194 ί
2558 5120 2679 5194 καθ’
2717 5119 2930 5194 ἑαυτόν.
2979 5190 2991 5194 _
3020 5117 3174 5194 ”_Al.
3193 5115 3544 5194 ᾘρακλείδη.

3209 5185 3373 5262 tvm.
3411 5185 3542 5242 add.
3621 5214 3634 5262 ε

1976 5486 2299 5557 presbytero.
2332 5487 2408 5540 vel
2431 5487 2616 5541 viventi
2643 5487 2718 5540 vel
2752 5485 2996 5557 morienti
3016 5499 3115 5557 seu
3138 5480 3206 5535 ad
3233 5481 3406 5557 aliam
3457 5495 3543 5531 rc-

1977 5552 2228 5625 ligionem
2263 5557 2396 5626 (imo
2420 5557 2703 5627 regionem)
2734 5555 2812 5608 vel
2838 5557 2905 5608 ad
2934 5555 3172 5627 quietam
3193 5552 3354 5604 vitam
3373 5562 3552 5627 trans-

1969 5622 2141 5688 eunti,
2178 5622 2334 5681 liceat
2363 5645 2442 5681 res
2473 5622 2604 5696 quas
2645 5622 2792 5680 a'die
2845 5622 3199 5680 ordinationis
3229 5637 3342 5696 sua:
3451 5635 3547 5672 ec-

1969 5696 2132 5751 clesia
2161 5701 2215 5752 in
2254 5716 2358 5768 qua
2391 5710 2466 5752 est
2486 5690 2774 5752 ordinatus
2815 5697 3120 5765 conquirere
3143 5692 3334 5762 poterit
3365 5690 3433 5760 (f.
3461 5704 3552 5758 po-

1969 5771 2172 5834 tuerit),
2203 5770 2413 5838 auferre
2447 5769 2524 5823 vel
2555 5771 2810 5822 minuere.

2044 5839 2156 5912 (56)
2198 5840 2404 5896 Moschi
2440 5858 2490 5895 c.
2534 5840 2621 5895 52.
