3874 6350
309 330 411 388 187

761 450 1100 525 Principium
1138 454 1336 510 littera:
1367 455 1430 510 6.

623 566 699 622 De
731 567 920 622 abbate
946 567 1217 624 Theodoro
1251 569 1576 626 Pltermensi.

389 700 442 755 l.
470 701 582 771 (57)
613 702 796 759 Ahbas
832 703 1154 760 Theodorus
1184 705 1430 761 Pherma:
1478 715 1590 761 tres
1651 707 1899 776 posside—

319 792 418 850 bat
452 795 630 850 bonos
667 795 878 861 libros;
910 806 966 851 et
995 799 1145 852 venit
1177 798 1243 852 ad
1277 799 1529 854 abbatem
1579 798 1896 861 Macarium,

317 887 564 958 dixitque
589 891 635 942 ei
667 887 844 944 :Tres
899 889 1032 944 mihi
1073 901 1204 946 sunt
1250 893 1471 948 codices
1518 894 1792 963 praeclari,
1832 909 1898 947 ex

317 993 558 1048 quorum
593 979 830 1034 lectione
853 981 1116 1050 proficio;
1161 982 1361 1039 fratres
1387 1000 1606 1055 quoque
1631 985 1699 1038 ad
1740 1000 1898 1039 usum

318 1068 622 1138 accipiunt,
674 1076 730 1124 et
788 1069 1085 1140 proﬁciunt
1149 1076 1376 1142 pariter.
1425 1071 1563 1128 Fare
1611 1088 1740 1145 ergo
1772 1074 1900 1145 quid

317 1158 545 1214 debeam
579 1159 783 1217 facere.
823 1161 1165 1218 Retinebone
1191 1179 1288 1219 eos
1325 1163 1391 1218 ad
1423 1180 1599 1220 meam
1648 1165 1906 1220 fratrum-

318 1266 427 1321 que
453 1251 782 1318 utilitatem,
825 1262 918 1308 aut
961 1254 1216 1320 vendam,
1253 1265 1307 1311 ut
1356 1256 1477 1312 dem
1529 1259 1906 1328 pauperibus?

319 1339 626 1412 Respondit
681 1359 885 1401 senex:
926 1345 1090 1401 Bona:
1141 1349 1362 1418 quidem
1422 1358 1551 1404 sunt
1611 1351 1899 1412 actiones;

320 1435 418 1490 sed
449 1436 629 1505 majus
657 1437 916 1492 omnibus
939 1446 1044 1502 est,
1064 1438 1202 1493 nihil
1228 1440 1524 1510 possidere.
1553 1439 1672 1506 Quo
1692 1440 1902 1506 audito,

318 1526 600 1594 discessit,
635 1543 698 1583 ac
725 1527 972 1583 vendidit
995 1545 1115 1594 eos,
1150 1531 1549 1602 pecuniamque
1574 1530 1906 1601 pauperibus

323 1619 571 1674 tradidit.

389 1710 445 1764 2.
482 1710 594 1781 (58)
621 1708 814 1765 Frater
843 1710 1066 1781 quidam
1103 1711 1354 1769 residens
1406 1714 1460 1768 in
1495 1712 1660 1770 Cellis
1723 1713 1910 1769 solita-

1478 338 1826 396 APPENDIX
1865 342 1956 398 AD
1995 341 2414 402 PALLADIUM.

3481 347 3588 402 185

2445 465 2613 537 Ἀρχὴ
2644 465 2736 520 τοῦ
2777 466 2819 520 Θ
2859 467 3143 538 στοιχείου.

2099 577 2239 646 Περὶ
2272 578 2379 632 τοῦ
2408 579 2557 634 ἁόϐᾶ
2596 579 2896 648 Θεοδώρου
2929 581 3036 634 τοῦ
3067 580 3178 649 τῆς
3209 579 3462 650 Φέρμης.

2072 717 2141 763 α’.
2181 711 2238 764 '0
2261 711 2434 775 assa;
2456 712 2772 784 Θεόδωροςὸ
2801 714 2897 783 τῆς
2917 713 3137 783 Φέρμης
3164 715 3433 786 ἐκτήσατο
3458 710 3587 783 τρία

2005 802 2182 872 βιϐλία
2212 803 2381 858 καλά·
2416 804 2510 858 καὶ
2554 805 2825 876 παρέϐαλε
2859 806 2936 876 τῷ
2970 807 3114 878 ἀϐϐᾷ
3159 807 3456 878 Μακαρίῳ,
3491 809 3588 858 καὶ

2003 893 2148 962 λέγει
2189 895 2356 966 αὐτῷ,
2406 898 2486 950 ὅτι
2529 897 2676 968 Ἐχω
2707 897 2832 970 τρία
2877 898 3056 968 βιϐλία
3094 899 3257 961 καλά,
3293 898 3389 952 xal
3439 898 3580 965 ὠφε-

2003 985 2198 1057 λοῦμαι
2227 987 2284 1051 ἐξ
2325 987 2533 1039 αὐτῶν·
2569 988 2664 1041 καὶ
2705 988 2753 1040 οἱ
2793 987 3011 1058 ἀδελφοὶ
3056 988 3357 1059 κιχρῶνται
3411 987 3588 1048 αὐτὰ.

2005 1079 2099 1131 καὶ
2128 1078 2482 1146 ὠφελοῦνται.
2524 1080 2657 1132 Εἰπέ
2687 1075 2780 1133 οὖν
2816 1099 2924 1151 μοι.
2977 1081 3032 1132 τί
3061 1079 3291 1150 ὤφειλον
3323 1081 3588 1150 ποιῆσαι;

2007 1169 2265 1239 κατάσχω
2307 1170 2446 1223 αύτά
2495 1172 2577 1233 είς
2621 1171 2720 1242 τὴν
2769 1173 2907 1242 ἐμὴν
2938 1171 3032 1225 καὶ
3071 1174 3171 1243 τὴν
3199 1174 3306 1227 τῶν
3342 1174 3591 1242 ἀδελφῶν

2007 1260 2294 1330 ὠφέλειαν,
2339 1261 2372 1332 ἢ
2420 1261 2656 1334 πωλήσω
2685 1263 2822 1315 αύτά
2857 1263 2950 1316 καὶ
2986 1262 3142 1316 δώσω
3179 1262 3447 1335 πτωχοῖς
3479 1264 3591 1318 Kal.

2007 1351 2327 1422 ἀποκριθεὶς
2371 1353 2400 1406 ὁ
2440 1353 2618 1424 γέρων
2663 1348 2811 1407 εἴπεο
2847 1353 3025 1408 Καλαὶ
3079 1355 3178 1427 μὲν
3220 1358 3278 1410 αἱ
3324 1357 3590 1429 πράξεις,

2009 1441 2142 1496 ἀλλὰ
2180 1441 2630 1514 μείζων-πάντων
2672 1444 3081 1515 ἡάκτημοσύνη
3115 1446 3248 1499 ἐστί.
3290 1449 3397 1500 Kal.
3433 1448 3596 1501 τοῦτο

2008 1533 2266 1601 ἀκούσας,
2290 1534 2539 1589 ἀπελθὼν
2565 1534 2844 1606 ἐπώλησεν
2872 1537 3032 1598 αὑτά.
3064 1540 3159 1590 καί
3187 1539 3407 1592 διέδωκε
3443 1558 3591 1592 πτω-

2009 1627 2147 1694 χοῖς.

2084 1715 2149 1786 β’.
2203 1715 2456 1786 Ἀδελφὸς
2496 1734 2580 1780 τις
2619 1717 2983 1789 καθεζόμενος
3015 1721 3094 1784 είς
3127 1720 3194 1773 τὰ
3227 1720 3422 1774 Κελλία
3461 1723 3591 1774 ἐτα-

321 1803 404 1857 rie
428 1803 796 1867 turbabatur;
828 1811 883 1857 et
917 1803 1109 1858 abiens
1158 1804 1226 1857 ad
1260 1805 1511 1859 abbatem
1559 1804 1906 1860 Theodorum

2022 1805 2244 1878 ράσσετο
2280 1808 2620 1878 καταμόνας⁸
2665 1808 2759 1862 καὶ
2798 1809 3049 1862 ἀπελθὼν
3101 1810 3236 1881 πρὸς
3286 1812 3375 1864 τὸν
3417 1811 3594 1864 ἀὸὅᾶν

322 1894 738 1960 Phermensem,
773 1897 964 1954 retulit
997 1895 1068 1951 ei.
1117 1895 1289 1952 Senex
1333 1914 1462 1953 vero
1499 1897 1637 1951 dixit
1667 1917 1678 1952 :
1731 1896 1901 1964 Vade,

323 1985 586 2040 humilem
622 1986 788 2042 redde
825 1987 1212 2057 cogitationem
1245 1998 1414 2049 tuam,
1471 1989 1682 2058 subjice
1730 1996 1803 2051 te,
1855 1997 1908 2043 et

322 2093 448 2134 cum
475 2079 598 2134 aliis
632 2089 870 2134 maneto.
908 2079 1107 2133 Postea
1151 2095 1403 2136 reversus
1434 2089 1520 2135 est
1567 2081 1635 2135 ad
1694 2096 1904 2145 senem,

323 2169 570 2240 dixitque
600 2188 615 2225 :
651 2169 838 2241 Neque
867 2185 992 2224 cum
1023 2171 1340 2226 hominibus
1371 2172 1730 2243 conquiesco.
1759 2171 1900 2226 Tum

325 2275 492 2316 senex
525 2261 592 2316 ad
627 2276 793 2316 eum:
839 2261 896 2315 Si
939 2278 1118 2332 neque
1170 2265 1322 2319 solus
1377 2280 1555 2333 neque
1600 2279 1727 2318 cum
1785 2265 1910 2319 aliis

325 2352 562 2422 quietem
599 2353 840 2420 obtines,
888 2370 997 2424 qua
1028 2353 1096 2410 de
1131 2371 1298 2411 causa
1349 2340 1607 2425 egrclssus
1636 2373 1695 2412 es
1729 2357 1795 2410 ad
1830 2357 1911 2410 vi-

327 2452 436 2497 taui
467 2446 846 2500 monachalem
874 2447 896 2499 ‘t
924 2446 1118 2503 Nonne
1148 2455 1208 2501 ut
1243 2449 1632 2504 tribulationes
1667 2450 1912 2505 sustine-

327 2539 466 2591 res?
511 2536 686 2592 Dicito
751 2547 934 2593 autem
972 2540 1106 2594 mihi
1138 2558 1151 2595 :
1187 2541 1232 2594 Α
1283 2549 1417 2611 quot
1449 2542 1610 2596 annis
1662 2542 1908 2596 habitum

333 2629 542 2693 gestas?
573 2629 732 2694 Octo,
773 2632 974 2700 inquit.
1005 2631 1158 2686 Tunc
1186 2648 1351 2686 senex
1388 2632 1437 2686 ei
1468 2650 1482 2686 :
1523 2630 1685 2687 Certe
1730 2634 1782 2686 in
1815 2633 1911 2686 ha-

326 2720 465 2775 bitu-
493 2721 598 2776 hoc
626 2724 974 2793 septuaginta
1031 2738 1206 2778 annos
1247 2725 1506 2794 transegi,
1556 2740 1654 2778 nec
1687 2725 1770 2778 vel
1801 2739 1910 2779 uno

327 2810 416 2866 die
445 2811 686 2880 quietem
720 2822 920 2869 nactus
959 2829 1079 2868 sum
1108 2831 1123 2880 ;
1163 2823 1218 2868 tu
1254 2829 1386 2869 vero
1422 2823 1546 2884 post
1575 2823 1702 2868 octo
1736 2830 1910 2871 annos

328 2905 414 2960 vis
448 2906 691 2976 requiem
721 2907 1028 2978 possidere.
1082 2907 1204 2973 Quo
1235 2908 1325 2964 ille
1357 2909 1567 2972 audito,
1615 2908 1913 2964 conﬁrma-

326 3002 419 3051 tus
454 2999 711 3054 recessit.

398 3087 452 3140 5.
477 3086 590 3157 (59)
636 3086 832 3144 Frater
887 3090 1126 3146 accessit
1177 3091 1474 3162 aliquando
1530 3091 1598 3145 ad
1657 3091 1909 3146 abbatem

2010 1899 2282 1970 Θεόδωρον
2313 1900 2404 1953 τὸν
2443 1899 2543 1969 τῆς
2572 1899 2813 1969 Φέρμης,
2845 1895 2997 1953 εἶπεν
3028 1901 3196 1970 αύτῷ.
3239 1901 3295 1954 ’0
3325 1902 3379 1955 δὲ
3410 1902 3594 1973 γέρων

2010 1987 2196 2044 εἶπεν·
2243 1991 2485 2059 ⁸Ὕπαγε,
2532 1991 2866 2044 ταπείνωσον
2912 1992 3002 2044 τὸν
3051 1993 3307 2063 λογισμόν
3350 2009 3464 2057 σου,
3500 1995 3598 2047 καὶ

2010 2081 2336 2152 ύποτάγηθι,
2377 2081 2473 2134 καὶ
2509 2084 2686 2152 μεῖνον
2725 2082 2861 2148 μετά
2887 2082 3089 2136 ἄλλων.
3118 2083 3228 2136 Kal
3260 2084 3596 2153 ὑποστρέφει

2009 2173 2146 2243 πρὸς
2178 2171 2271 2224 τὸν
2312 2173 2562 2243 γέροντα,
2610 2173 2706 2226 καὶ
2743 2173 2888 2241 λέγει
2929 2174 3110 2243 αὐτῷ’
3147 2174 3280 2227 Οὐδὲ
3316 2174 3454 2245 μετά
3482 2176 3598 2230 τῶν

2010 2263 2316 2336 ἀνθρώπων
2343 2263 2716 2334 ἀναπαύομαι.
2746 2265 2856 2316 Καὶ
2881 2263 3026 2332 λέγει
3058 2262 3204 2333 αύτῷ
3236 2264 3263 2315 ὁ
3292 2264 3498 2335 γέρων’
3532 2265 3597 2318 Εἰ

2013 2355 2173 2427 μόνος
2218 2357 2318 2408 οὐκ
2363 2355 2639 2427 ἀναπαύῃ,
2691 2355 2812 2408 οὐδὲ
2860 2356 2997 2426 μετά
3049 2354 3157 2408 τῶν
3208 2355 3402 2420 ἄλλων,
3451 2355 3598 2410 διατί

2010 2445 2232 2516 ἐξῆλθες
2266 2448 2345 2508 εἰς
2368 2446 2459 2498 τὸν
2489 2445 2750 2516 μοναχόν;
2789 2447 2908 2516 οὐχὶ
2942 2447 3028 2500 ἵνα
3061 2448 3339 2518 ὑποφέρῃς
3366 2453 3462 2510 τὰς
3483 2447 3600 2499 θλί-

2009 2536 2160 2606 ψεις;
2211 2536 2333 2588 εἰπὲ
2379 2536 2436 2589 δέ
2493 2553 2610 2606 μοι’
2661 2537 2808 2590 Πόσα
2844 2537 2939 2608 ἐτη
2972 2537 3115 2607 ἔχεις
3148 2539 3228 2600 εἰς
3275 2539 3336 2590 τὸ
3377 2539 3597 2608 σχῆμα;

2011 2628 2204 2696 Λέγει·
2249 2627 2441 2681 Ὀκτὼ.
2477 2625 2642 2681 Εἶπεν
2680 2623 2772 2682 οὖν
2800 2628 2950 2698 αὑτῷ
2983 2630 3010 2682 ὁ
3038 2629 3216 2700 γέρων
3239 2646 3253 2660 ο
3286 2628 3451 2682 Φύσει
3484 2629 3599 2699 ἔχω

2011 2720 2070 2771 ἐν
2103 2717 2182 2790 τῷ
2213 2720 2452 2790 σχήματι
2483 2720 2850 2792 ἐϐδομήκοντα
2889 2720 3006 2792 ἐτη,
3036 2721 3130 2774 καὶ
3157 2721 3277 2774 οὐδὲ
3301 2721 3428 2791 μίαν
3454 2721 3597 2792 ἡμέ-

2016 2828 2113 2882 ραν
2157 2805 2312 2882 εὖρον
2361 2811 2702 2864 ἀνάπαυσιν·
2740 2814 2835 2865 καὶ
2875 2814 2938 2866 σὺ
2977 2813 3056 2876 είς
3085 2811 3230 2865 ὀκτὼ
3279 2811 3370 2883 ἔτη
3411 2811 3592 2876 Θέλεις

2013 2901 2317 2955 ἀνάπαυσιν
2365 2900 2540 2971 ἕχειν;
2582 2902 2693 2955 Kal
2742 2901 2898 2955 τοῦτο
2953 2901 3211 2967 ἀκούσας,
3281 2901 3599 2974 ἐδραιωθεὶς

2012 2992 2280 3064 ἀπῆλθεν.

2086 3087 2158 3155 γ’.
2199 3087 2520 3158 Παρέδαλεν
2567 3085 2795 3156 ἀδελφός
2843 3103 2975 3139 ποτε
3016 3084 3093 3155 τῷ
3134 3084 3279 3154 assa
3312 3083 3601 3157 Θεοδώρῳ,

325 3176 698 3243 Theodorum,
732 3188 786 3236 et
814 3183 1116 3250 permansit
1143 3183 1261 3238 dies
1295 3193 1438 3250 tres,
1470 3199 1637 3240 orans
1686 3194 1744 3240 ut
1793 3201 1889 3240 au-

2022 3179 2089 3233 :al.
2121 3179 2345 3250 ἐποίησε
2383 3182 2533 3251 τρεῖς
2561 3178 2776 3249 ἡμέρας
2814 3176 3142 3248 παρακαλῶν
3174 3177 3334 3229 αὑτὸν
3367 3177 3602 3230 ἀκοῦσαι

327 3269 472 3324 diret
497 3270 704 3326 dictum
733 3273 975 3343 aliquod.
1012 3273 1120 3330 Sed
1166 3276 1258 3331 ille
1303 3292 1648 3348 nequaquam
1681 3295 1910 3348 respon-

329 3361 432 3418 dit.
489 3361 642 3420 Unde
693 3364 867 3420 frater
911 3367 1087 3422 tristis
1134 3384 1390 3439 egrcssus
1437 3378 1547 3426 est.
1609 3370 1700 3424 Ait
1748 3371 1913 3442 igitur

330 3455 639 3526 discipulus
675 3457 837 3527 ejus:
870 3457 1045 3524 Abba,
1080 3475 1253 3528 quare
1312 3461 1449 3514 nihil
1497 3462 1546 3516 ei
1595 3462 1829 3518 dixisti?
1859 3472 1913 3520 et

337 3549 702 3604 contristatus
737 3549 1040 3627 abscessit.
1085 3550 1222 3607 Tum
1284 3568 1487 3609 senex:
1544 3553 1744 3625 Utique
1803 3572 1912 3611 non

331 3638 553 3696 locutus
587 3656 709 3697 sum
735 3643 786 3697 ei
815 3660 831 3710 ;
860 3643 1170 3713 negotiator
1195 3647 1341 3702 enim
1400 3652 1524 3712 est,
1562 3649 1786 3717 vultque
1839 3663 1906 3702 ex

333 3734 569 3790 aliorum
593 3737 944 3792 sermonibus
977 3737 1207 3807 gloriam
1239 3749 1545 3806 reportare.

405 3827 462 3883 4.
493 3829 606 3898 (60)
639 3827 788 3883 Dixit
834 3830 1074 3884 iterum:
1122 3829 1181 3885 Si
1221 3831 1520 3886 amicitiam
1569 3848 1694 3886 cum
1731 3834 1914 3904 aliquo

329 3916 608 3988 iunxeris,
640 3920 936 3990 contigerit
965 3928 1146 3974 autem
1182 3935 1306 3974 eum
1332 3921 1578 3976 incidere
1630 3923 1684 3976 in
1736 3929 1916 3977 tenta-

334 4012 539 4066 tionem
593 4010 997 4074 fornicationis,
1038 4011 1084 4073 si
1150 4020 1330 4082 poles,
1388 4015 1606 4084 porrige
1649 4029 1868 4068 manum
1899 4059 1914 4083 ,

333 4118 570 4177 eumque
599 4119 818 4158 sursum
842 4104 1019 4159 trahe.
1048 4102 1155 4159 Sed
1191 4106 1237 4160 si
1269 4105 1525 4160 inciderit
1559 4107 1610 4158 in
1643 4106 1916 4175 haeresim,

335 4206 440 4247 nec
463 4207 493 4246 a
525 4201 576 4247 te
603 4191 1003 4262 persuadeatur
1023 4193 1091 4247 ad
1125 4195 1541 4250 conversionem
1573 4237 1587 4259 ,
1629 4196 1738 4249 cito
1763 4196 1916 4250 illum

2016 3271 2192 3341 λόγον.
2235 3273 2294 3325 '0
2323 3272 2380 3325 δὲ
2408 3272 2510 3324 οὐκ
2537 3270 2808 3342 ἀπεκρίθη
2843 3268 3013 3340 αὐτῷ.
3047 3270 3154 3322 Kal.
3184 3269 3373 3340 ἐξῆλθε
3395 3269 3603 3322 λυπού⁹

2019 3381 2196 3438 μενος.
2241 3364 2406 3432 Λέγει
2455 3361 2548 3417 οὖν
2593 3363 2743 3434 αύτῴ
2791 3365 2822 3416 ὁ
2871 3362 3116 3433 μαθητὴς
3163 3361 3364 3415 αὐτοῦ·
3409 3363 3601 3426 Ἀ66ᾶ,

2014 3459 2132 3522 πῶς
2162 3458 2261 3511 οὐκ
2289 3455 2443 3521 εἶπες
2476 3456 2624 3526 αὐτῷ
2660 3455 2848 3525 λόγον;
2878 3455 2972 3508 καὶ
3002 3455 3208 3527 ἀπῆλθε
3239 3454 3603 3527 λυπούμενος.

2015 3552 2126 3604 Καὶ
2169 3551 2317 3619 λέγει
2365 3549 2515 3620 αὐτῷ
2545 3551 2573 3602 ὁ
2608 3548 2820 3620 γέρων·
2856 3546 3019 3601 Φύσει
3062 3548 3162 3601 οὐκ
3196 3547 3382 3617 ἔλεγον
3414 3549 3602 3618 αὐτῷ’

2015 3643 2448 3716 πραγματευτὴς
2487 3641 2596 3714 γάρ
2638 3644 2776 3706 ἐστι,
2809 3639 2904 3694 καὶ
2948 3642 3027 3705 είς
3067 3641 3379 3714 ἀλλοτρίους
3411 3642 3608 3710 λόγους

2018 3735 2161 3790 θέλει
2191 3733 2531 3802 δοξάζεσθαι.

2086 3825 2146 3879 δ’.
2190 3821 2324 3878 Eia-ts
2360 3825 2554 3879 πάλινο
2598 3822 2724 3878 Ἐάν
2753 3823 2894 3888 ἕξεις
2924 3823 3104 3892 φιλίαν
3130 3823 3266 3894 μετά
3307 3823 3473 3889 τινος,
3509 3824 3608 3875 καὶ

2020 3919 2199 3990 συμϐῇ
2229 3917 2390 3971 αὑτὸν
2438 3918 2520 3980 εἰς
2563 3915 2866 3987 πειρασμὸν
2894 3916 3154 3986 πορνείας
3192 3915 3474 3986 ἐμπεσεῖν,
3508 3915 3607 3968 ἐὰν

2016 4007 2243 4062 δύνασαι
2293 4009 2382 4072 δὸς
2439 4007 2590 4078 αύτῷ
2637 4009 2817 4077 χεῖρα,
2868 4005 2964 4059 καὶ
3008 4006 3234 4059 ἕλκυσον
3264 4006 3426 4060 αὐτὸν
3469 4007 3605 4061 ἄνω.

2031 4099 2158 4153 Ἐὰν
2198 4100 2255 4153 δέ
2280 4102 2360 4164 εἰς
2398 4098 2610 4169 αἵρεσιν
2643 4099 2879 4171 ἐμπέσῃ,
2913 4099 3006 4152 καὶ
3032 4099 3106 4169 μὴ
3138 4097 3331 4170 πεισθῇ
3363 4114 3443 4150 σοι
3467 4098 3608 4150 ἀπο-

2023 4193 2346 4264 στραφῆναι,
2397 4190 2607 4261 ταχέως
2648 4190 2817 4261 κόψον
2861 4192 3021 4245 αὐτὸν
3067 4191 3176 4244 ἀπὸ
3225 4190 3356 4244 σοῦ’
3395 4191 3610 4262 μήποτε

337 4295 367 4334 a
394 4288 447 4336 te
472 4282 766 4349 abscinde;
808 4299 878 4340 ne
904 4283 949 4340 si
983 4284 1313 4353 tardaveris,
1355 4285 1520 4341 simul
1569 4287 1806 4342 traharis
1850 4287 1907 4342 ad

2023 4283 2298 4355 βραδύνων
2329 4281 2827 4354 συγκατασπασθῇς
2851 4281 3002 4353 αὑτῷ
3031 4284 3110 4346 εἰς
3135 4282 3227 4336 τὸν
3262 4282 3450 4355 βόθρον
3467 4283 3536 4338 ⁸⁸.

337 4372 576 4429 foveam.

408 4466 462 4521 5.
500 4467 614 4538 (61)
653 4469 888 4526 Aiebant
931 4471 1002 4528 de
1052 4473 1250 4528 abbate
1284 4470 1572 4526 Theodoro
1601 4486 1632 4526 e
1661 4471 1916 4538 Pherme,

2096 4471 2156 4517 ε’.
2235 4464 2462 4533 Ἔλεγον
2487 4464 2613 4536 περὶ
2638 4463 2730 4517 τοῦ
2757 4463 2901 4517 άϐὁᾶ
2927 4461 3203 4534 Θεοδώρου
3227 4460 3320 4516 τοῦ
3345 4463 3443 4534 τῆς
3469 4463 3612 4533 Φέρ-

337 4558 484 4630 quod
519 4560 574 4614 in
606 4560 693 4616 his
722 4563 900 4619 tribus
929 4565 1205 4634 capitibus
1243 4578 1410 4633 supra
1456 4565 1658 4620 multos
1688 4565 1907 4620 excelle-

2028 4575 2154 4628 μης,
2189 4558 2270 4610 ὅτι
2306 4556 2374 4610 τὰ
2418 4556 2543 4627 τρία
2581 4555 2755 4609 ταῦτα
2785 4555 3057 4623 κεφάλαια
3091 4551 3236 4626 εἶχεν
3271 4555 3412 4626 ὑπὲρ
3468 4555 3608 4606 πολ-

338 4659 462 4706 ret:
495 4652 550 4707 in
573 4662 916 4726 paupertate,
949 4656 1003 4710 in
1037 4656 1380 4720 austeritate,
1412 4663 1468 4711 et
1522 4655 1579 4710 in
1635 4656 1917 4711 hominum

341 4743 491 4816 fuga.

410 4836 464 4890 6.
501 4835 616 4908 (ϐε)
646 4836 867 4894 Vacans
909 4838 1210 4908 aliquando
1254 4839 1398 4895 inter
1445 4855 1542 4896 eos
1595 4841 1922 4897 versabatur

339 4929 512 4984 abbas
572 4926 940 4993 Theodorus;
1002 4944 1239 5001 cumque
1304 4931 1696 4995 cometlerent,
1732 4950 1916 4989 sume-

335 5019 471 5076 bant
499 5019 965 5073 cum'reverentia
1005 5019 1203 5074 calices
1250 5021 1442 5086 taciti,
1501 5036 1602 5075 nec
1661 5023 1918 5077 dicebant

340 5111 516 5168 illud:
558 5112 798 5184 Ignosce.
835 5111 902 5165 Et
933 5112 1071 5166 dixit
1092 5113 1262 5169 abbas
1301 5111 1625 5170 Theodorus
1655 5133 1668 5170 :
1703 5117 1919 5173 Amise-

339 5221 467 5260 runt
495 5204 752 5260 monachi
775 5203 1116 5260 nobilitatem
1146 5221 1325 5272 suam,
1349 5206 1552 5271 dicere,
1591 5205 1829 5278 Ignosce.
1853 5233 1861 5240 -

406 5464 454 5498 "
482 5463 566 5518 Al.
595 5464 775 5534 βυθόν.
851 5468 896 5498 ’³
922 5467 1008 5521 Al.
1039 5469 1155 5539 μετ’
1181 5467 1424 5539 ἀδελφῶν
1454 5471 1532 5534 εἰς
1559 5470 1774 5541 Σκῆτιν.

433 5642 524 5712 57)
570 5642 676 5699 Vit.
715 5644 865 5699 Patr.
903 5663 979 5707 Vl,
1011 5646 1062 5700 6.

434 5714 524 5782 58)
576 5714 679 5770 Vit.
721 5715 869 5770 Patr.
904 5734 996 5781 vn,
1032 5717 1083 5771 5.

415 5783 527 5858 ίδυ)
568 5784 672 5841 Vit.
705 5786 856 5841 Patr.
894 5803 1008 5853 Viti,
1039 5791 1091 5840 b‘.

2022 4649 2179 4712 λούςο
2221 4651 2318 4720 τὴν
2361 4647 2768 4720 ἀκτημοσύνην,
2813 4649 2912 4718 τὴν
2959 4648 3212 4718 ἄσκησιν,
3253 4646 3435 4700 καὶτὸ
3479 4645 3613 4714 φεύ-

2022 4759 2138 4811 γειν
2166 4742 2292 4803 τοὺς
2324 4739 2421 4793 ἀνθ
2429 4738 2666 4811 ρώπους.

2035 4840 2038 4843 “
2096 4841 2170 4899 ς’.
2211 4831 2521 4903 Εύκαίρησέ
2566 4846 2694 4882 ποτε
2749 4829 2777 4880 ὁ
2825 4827 3001 4892 ἀ66ᾶς
3033 4827 3306 4900 Θεόδωρος
3353 4829 3468 4899 μετ’
3513 4833 3616 4884 αξ-

2022 4923 2198 4978 τῶννθ
2221 4941 2235 4956 ·
2269 4923 2364 4976 καὶ
2411 4920 2696 4974 ἐσθιόντων
2727 4919 2926 4985 αὐτῶν,
2960 4921 3079 4972 κατ’
3120 4919 3407 4973 εὐλάϐειαν
3436 4921 3609 4992 ἐλάμ-

2024 5017 2184 5070 ϐανον
2209 5013 2278 5066 τά
2293 5013 2527 5082 ποτήρια
2559 5008 2892 5072 σιωπῶντες,
2912 5009 3004 5061 καὶ
3037 5008 3137 5060 οὐκ
3165 5008 3348 5076 ἔλεγον
3380 5009 3438 5062 τὸ
3464 5012 3614 5081 Συγ-

2025 5105 2324 5176 χώρησον.
2364 5103 2474 5154 Kal.
2505 5096 2657 5152 εἶπεν
2699 5100 2727 5151 6
2758 5098 2932 5160 assa;
2954 5096 3224 5168 Θεόδωρος
3248 5113 3259 5126 ·
3299 5097 3614 5154 Ἀπὼλεσαν

2023 5202 2072 5252 οἱ
2107 5197 2330 5270 μοναχοὶ
2359 5195 2458 5267 τὴν
2480 5193 2758 5262 εὐγένειαν
2779 5191 2980 5258 αὐτῶν,
3011 5189 3073 5244 τό
3101 5191 3279 5258 λέγειν
3301 5192 3340 5256 ³,
3373 5192 3613 5262 Eunus-

2017 5306 2240 5359 ρησον.

1871 5469 1884 5500 ¹
1924 5467 2031 5524 Pro
2061 5469 2122 5522 τὸ
2152 5468 2332 5538 λέγειν
2356 5471 2447 5524 alii
2480 5473 2554 5544 μὴ
2581 5474 2856 5542 λέγοντες.

2104 5643 2218 5711 (60)
2257 5643 2364 5696 vn.
2400 5643 2549 5698 Patr.
2586 5662 2642 5709 x,
2672 5647 2764 5702 εδ.

2103 5714 2220 5779 (61)
2270 5713 2374 5769 Vtt.
2421 5713 2570 5769 Patr.
2604 5734 2642 5778 ι,
2674 5718 2725 5769 7.

2103 5717 2189 5779 (6|
2271 5717 2374 5769 Vtt.
2421 5717 2570 5769 Patr.
2604 5734 2642 5778 ι,
2674 5718 2725 5769 7.

2103 5717 2220 5857 (62;
2257 5783 2360 5839 Vit.
2394 5783 2544 5842 Patr.
2578 5803 2666 5856 xv,
2694 5787 2783 5844 20.
