3874 6300
125 327 218 382 189

1282 320 1894 378 APOPHTHEGMATA
1931 320 2238 380 PATRUM.

3277 319 3378 372 ‘90

183 442 248 509 ζ’.
295 442 618 514 ’Πρώτησεν
636 442 801 498 αὑτὸν
822 441 1070 513 ἀδελφὸς,
1093 441 1288 510 λέγων’
1313 440 1520 505 Θέλεις,
1541 439 1705 506 assa,

1881 441 1932 494 7.
1959 440 2072 512 (64)
2099 439 2459 497 Percontatus
2481 448 2568 497 est
2593 455 2718 498 eum
2745 439 2919 496 frater
2947 455 2963 494 :
2992 437 3183 504 Visne,
3214 439 3376 517 abba.

124 535 319 606 μικρὰς
347 536 568 607 ἡμέρας
617 537 693 606 μὴ
740 537 900 606 φάγω
931 535 1118 607 ἄρτον;
1165 534 1278 586 Kal
1324 533 1471 602 λέγει
1504 532 1651 603 αὑτῷ
1679 534 1708 586 6

123 627 318 699 γέρωνο
348 630 549 693 Καλῶς
586 633 758 692 ποιεῖς
777 646 790 660 ·
819 629 1042 699 καὶγὰρ
1069 625 1226 695 κάγὼ
1255 627 1487 698 ἐποίησα
1515 624 1704 689 οὕτως.

125 721 224 772 Kal
251 720 405 790 λέγει
434 720 587 791 αὐτῷ
607 723 635 774 6
662 721 888 789 ἀδελφός
909 737 924 751 ο
951 719 1105 773 Θέλω
1127 715 1221 772 οὖν
1250 717 1466 772 λαϐεῖν’
1496 716 1565 774 τὰ
1591 719 1710 788 ἐρε-

123 811 302 867 sima
350 831 455 883 pou
507 816 586 875 εἰς
627 815 690 866 τὸ
730 814 1108 884 ἁρτοκοπεῖον,
1151 811 1248 864 καὶ
1295 809 1520 880 ποιῆσαι
1571 809 1712 862 αὐτὰ

123 906 366 980 ἄλευρον.
403 909 515 961 Καὶ
536 908 684 977 λέγει
712 907 860 978 αύτῷ
883 909 912 960 6
952 905 1133 977 γέρων
1151 919 1166 934 ο
1198 903 1265 956 Et
1290 902 1451 957 πάλιν
1477 901 1710 970 ὑπάγεις

124 1000 198 1062 si;
228 999 290 1052 τὸ
319 1000 702 1068 ἀρτοκοπείον,
748 999 974 1068 ποίησον
1020 997 1111 1050 τὸν
1142 995 1306 1067 ἄρτον
1341 1010 1467 1048 σου·
1499 993 1594 1047 καὶ
1628 991 1711 1056 τίς

124 1095 156 1163 ἠ
181 1093 340 1164 χρεία
372 1093 473 1164 τῆς
495 1093 782 1164 ἐξαγωγῆς
808 1091 1013 1162 ταύτης
1032 1090 1181 1160 (63);

190 1191 261 1255 η’.
305 1180 486 1237 Ἧλθέ
532 1203 616 1250 τις
653 1184 762 1238 τῶν
792 1183 1062 1254 γερόντων
1092 1179 1229 1251 πρὸς
1253 1177 1344 1232 τὸν
1384 1174 1557 1231 ἀϐὃᾶν
1584 1173 1715 1227 Θεό.-

125 1275 312 1347 δωρον,
341 1277 442 1330 καὶ
475 1272 630 1329 εἶπεν
678 1274 860 1345 αὐτῷ·
907 1273 1037 1327 Ἰδοὺ
1063 1274 1092 1326 6
1115 1273 1261 1326 δεῖνα
1288 1272 1316 1323 6
1345 1267 1569 1336 ἀδελφὸς
1612 1267 1716 1319 ὐπ-

126 1369 391 1440 έστρεψεν
425 1370 508 1432 εἰς
542 1368 636 1422 τὸν
678 1369 902 1438 κόσμον.
938 1367 1049 1421 Kal
1074 1361 1228 1418 εἶπεν
1260 1360 1408 1432 αὐτῷ
1445 1364 1473 1415 6
1501 1361 1711 1431 γέρωνο

140 1459 260 1513 Ἐπὶ
290 1460 472 1531 τούτῳ
513 1460 850 1531 θαυμάζειςς
887 1458 962 1530 μὴ
1002 1456 1311 1527 θαυμάσῃς,
1341 1453 1478 1508 ἀλλὰ
1503 1450 1717 1523 θαύμα-

131 1568 216 1604 σον
258 1553 468 1622 μᾶλλον
503 1552 597 1606 ἐὰν
639 1551 880 1624 ἀκούσῃς
925 1551 1008 1604 ὅτι
1051 1549 1288 1621 ἠδυνήθη
1328 1565 1412 1611 τις
1459 1546 1716 1615 ἐκφυγεῖν

127 1642 232 1694 ἀπὸ
257 1643 356 1696 τοῦ
399 1644 670 1713 στόματος
696 1648 788 1700 τοῦ
823 1642 1041 1714 ἐχθροῦ.

193 1733 260 1788 θ’.
319 1733 579 1802 ’Δδελφός
606 1751 691 1796 τις
714 1729 879 1804 ἦλθεν
923 1731 1061 1802 πρὸς
1092 1730 1186 1784 τὸν
1217 1729 1393 1784 ἀϐσᾶν
1422 1726 1714 1797 Θεόδωρον,

1813 541 1868 587 ut
1901 533 2107 602 aliquot
2136 531 2331 587 diebus
2360 546 2470 586 non
2505 532 2788 588 comedam
2814 531 3049 602 panem?
3078 529 3382 599 Respondit

1812 640 2020 682 senex:
2075 623 2246 680 Recte
2309 623 2522 692 facies;
2571 639 2670 696 ego
2708 625 2908 680 etenim
2968 625 3040 678 ita
3113 622 3238 678 feci.
3292 623 3383 676 Ait

1811 713 2020 769 frater:
2051 711 2188 768 Volo
2237 713 2402 784 igitur
2449 721 2664 783 portare
2701 713 2970 768 cicercula
2993 727 3113 767 mea
3163 711 3230 765 ad
3267 711 3384 782 pis-

1812 806 2041 871 trinum,
2089 812 2150 859 ut
2181 805 2305 859 inde
2330 803 2507 858 farina
2551 804 2662 858 fiat.
2706 803 2845 858 Tum
2907 819 3123 859 senex:
3167 802 3247 867 Si,
3300 807 3383 857 in-

1812 896 1951 966 quit,
2018 896 2217 951 iterum
2269 896 2334 949 ad
2384 895 2673 966 pistrinum
2739 894 3145 964 proﬁcisceris,
3189 909 3381 963 panem

1810 993 1964 1046 tuum
1999 985 2124 1053 fac;
2149 994 2202 1040 et
2237 1001 2357 1051 qua:
2389 985 2592 1040 utilitas
2622 1001 2688 1040 ex
2726 984 2830 1040 ista
2861 985 3288 1054 exportatioue?

1886 1170 1940 1226 8.
1971 1167 2085 1240 (65)
2116 1167 2278 1223 Venit
2307 1166 2505 1237 aliquis
2528 1164 2800 1221 esenibus
2831 1163 2898 1219 ad
2929 1162 3179 1218 abbatem
3210 1159 3386 1214 Theo-

1811 1261 2026 1324 dorum,
2079 1259 2324 1328 dixitque
2378 1257 2429 1313 ei
2488 1274 2502 1310 :
2572 1255 2712 1310 Ecce
2769 1255 2860 1310 ille
2905 1253 3074 1307 frater
3132 1266 3387 1308 reversus

1815 1361 1900 1411 est
1924 1352 1993 1408 ad
2015 1353 2298 1408 saculum.
2336 1350 2404 1405 Et
2424 1350 2501 1405 ait
2531 1364 2698 1406 senex
2725 1365 2743 1403 :
2774 1347 2888 1401 Hac
2926 1347 2993 1401 de
3029 1361 3090 1400 re
3125 1343 3389 1399 miraris?

1814 1446 2089 1501 Admirari
2135 1444 2290 1509 noli;
2329 1442 2425 1498 sed
2473 1442 2678 1496 mirare
2717 1439 2921 1510 magis,
2971 1452 3093 1493 cum
3147 1436 3388 1492 audieris

1816 1535 2060 1599 potuisse
2088 1533 2400 1605 quempiam
2431 1530 2669 1602 eﬂ‘ugere
2701 1545 2770 1584 ex
2808 1543 2904 1584 ore
2942 1525 3173 1582 inimici.

1887 1709 1940 1764 9.
1983 1707 2094 1779 (66)
2130 1706 2358 1774 Quidam
2395 1714 2557 1761 lrater
2591 1703 2740 1758 venit
2765 1703 2832 1758 ad
2862 1701 3114 1757 abbatem
3144 1698 3392 1756 Theodo-

128 1824 218 1876 καὶ
239 1824 452 1895 ἦρξα-το
479 1792 779 1877 λαλεῖν-καὶ
801 1792 1075 1889 ὲξετάξειν
1108 1821 1430 1893 πράγματα,
1459 1811 1533 1871 ὧν
1565 1792 1716 1869 ούπω

1844 1813 1963 1862 um,
1998 1806 2053 1852 et
2082 1798 2251 1866 cmpit
2279 1797 2428 1866 loqui
2457 1813 2521 1851 ac
2544 1794 2852 1864 disquirere
2875 1793 2942 1848 de
2963 1792 3129 1847 rebus
3157 1805 3392 1862 quarum

126 1916 223 1985 τὴν
250 1915 525 1985 ἐργασίαν
558 1913 748 1967 ἐποίει.
779 1913 888 1967 Kal
916 1913 1063 1980 λέγει
1087 1911 1236 1981 αὐτῷ
1257 1911 1286 1962 6
1313 1909 1492 1980 γέρων
1511 1924 1525 1939 '
1555 1904 1721 1960 Οὔπω

128 2000 285 2077 εὗρες
314 2007 384 2057 τὸ
414 2007 624 2069 πλοῖον,
647 2007 767 2059 οὐδὲ
807 2005 878 2059 τὰ
917 2003 1084 2074 σκεύη
1121 2020 1213 2056 σου
1253 2001 1462 2065 ἔϐαλες,
1495 1998 1587 2052 καὶ
1619 1997 1722 2068 πρὸ

127 2098 220 2151 τοῦ
279 2097 545 2161 πλεῦσαι,
573 2100 672 2169 ἤδη
723 2100 802 2161 εἰς
850 2096 947 2167 τὴν
999 2096 1154 2149 πόλιν
1200 2094 1415 2162 ἐκείνην
1459 2088 1721 2159 ἀπῆλθες.

129 2190 358 2261 Πρῶτον
391 2191 522 2243 ὅταν
547 2191 778 2260 ποιήσῃς
802 2187 861 2242 τδ
884 2187 1064 2258 ἔργον,
1083 2186 1218 2258 ἔρχῃ
1237 2186 1314 2248 εἰς
1338 2183 1375 2238 ἃ.
1399 2182 1494 2237 νῦν
1520 2181 1721 2243 λαλεῖς.

204 2458 253 2506 ι’.
306 2448 375 2506 Ὀ
407 2449 574 2514 αὑτός
605 2465 734 2502 ποτε
773 2444 1047 2517 παρέϐαλε
1093 2443 1172 2513 τῷ
1215 2441 1359 2510 ἀ66ᾷ
1400 2437 1622 2508 Ἰωάννῃ
1650 2435 1726 2508 τῷ

133 2544 239 2597 ἀπὸ
325 2543 640 2612 γεννήσεως
687 2537 950 2608 εὐνούχῳο
1015 2535 1110 2588 κα).
1161 2530 1464 2585 λαλούντων
1524 2527 1726 2594 αὐτῶν,

134 2632 318 2689 εἶπενο
354 2633 530 2688 Ὅταν
571 2634 720 2704 ήμην
762 2631 841 2693 εἰς
891 2628 1112 2698 Σκῆτιν,
1141 2624 1210 2677 τὰ
1250 2623 1388 2694 ἔργα
1422 2620 1523 2690 τῆς
1547 2618 1727 2690 ψυχῆς

131 2723 197 2801 ἦν
237 2729 304 2781 τὸ
343 2727 507 2799 ἔργον
556 2725 739 2796 ἡμῶν,
773 2721 834 2775 τὸ
874 2719 931 2774 δὲ
970 2719 1284 2790 ἐργόχειρον
1328 2715 1402 2780 ὡς
1448 2713 1729 2786 πάρεργον

134 2835 386 2892 εχομεν·
430 2818 525 2870 νῦν
555 2818 612 2870 δὲ
641 2816 834 2885 γέγονε
868 2815 928 2866 τὸ
956 2813 1115 2883 ἔργον
1147 2810 1243 2879 τῆς
1271 2806 1448 2878 ψυχῆς
1473 2804 1550 2870 ὡς
1589 2803 1731 2874 πάρ-

133 2929 319 2983 εργον,
345 2912 444 2963 καὶ
476 2910 536 2962 τὺ
569 2909 846 2979 πάρεργον
873 2906 1053 2975 ἔργον.

205 3094 296 3143 ta'.
353 3083 641 3158 Ἠρὼτησε
689 3083 746 3135 δὲ
792 3079 956 3136 αὑτὸν
1005 3075 1254 3144 ἁδελφὸς,
1302 3071 1505 3140 λέγων’
1568 3065 1728 3122 Ποῖόν

1821 1889 2064 1945 nondum
2090 1888 2480 1958 experientiam
2522 1903 2618 1957 per
2672 1900 2836 1956 Opera
2867 1884 3126 1940 habebat.
3164 1883 3314 1938 Dixit
3341 1883 3393 1937 ei

1823 1999 1987 2038 senex
2013 2000 2026 2036 :
2063 1981 2317 2036 Nondum
2348 1996 2540 2035 navem
2569 1989 2761 2036 nactus
2789 1995 2880 2041 es,
2918 1993 3019 2033 nec
3059 1977 3113 2031 in
3145 1991 3264 2032 eam
3289 1976 3397 2030 im-

1825 2073 2052 2144 posuisti
2085 2072 2479 2142 supellectilem
2530 2080 2678 2125 tuam
2710 2086 2723 2121 .-
2755 2077 2810 2124 et
2837 2076 3130 2138 antequam
3174 2065 3396 2136 naviga-

1826 2167 1991 2232 veris,
2019 2165 2130 2236 jam
2155 2164 2211 2218 in
2245 2163 2520 2218 civitatem
2555 2162 2879 2234 pervenisti.
2915 2161 3056 2230 Ergo
3087 2173 3210 2212 cum
3244 2156 3399 2226 prius

1826 2274 1963 2329 opus
1991 2258 2260 2324 effeceris,
2288 2256 2411 2311 veni
2445 2255 2514 2310 ad
2577 2269 2862 2310 sermones
2913 2267 3053 2322 quos
3107 2263 3256 2305 nunc
3315 2249 3399 2301 lo-
3467 2297 3480 2316 ,

1939 2365 2034 2402 I‘IS.

1939 2365 1963 2402 Γ
2019 2386 2034 2401 ο

1825 2364 2126 2510 quid-167)
2184 2433 2326 2491 Idem
2386 2432 2680 2504 aliquando
2741 2427 2980 2487 accessit
3019 2427 3086 2483 ad
3147 2428 3234 2481 alii
3257 2434 3401 2479 atem

1829 2531 2118 2596 Joannem,
2155 2529 2306 2583 illum
2341 2543 2408 2582 ex
2442 2526 2730 2580 rnativitate
2756 2523 3112 2579 eunuchum:
3156 2526 3210 2574 et
3261 2519 3404 2573 inter

1829 2619 2277 2691 colloquendum,
2312 2617 2491 2672 dixit:
2544 2615 2774 2682 Quando
2823 2615 2879 2668 in
2916 2612 3064 2666 Sceti
3104 2608 3358 2664 versabar
3386 2645 3404 2673 ,

1830 2730 1998 2786 opera
2030 2715 2225 2766 animae
2252 2717 2409 2764 erant
2441 2724 2578 2778 opus
2606 2716 2882 2770 nostrum,
2914 2717 3079 2773 Opera
3121 2716 3252 2755 vero
3284 2713 3404 2754 ma-

1831 2824 1998 2862 nuuui
2031 2805 2173 2859 velut
2207 2802 2392 2872 operis
2417 2800 2789 2855 accessionem
2832 2795 3172 2851 habebamus
3202 2808 3217 2858 ;
3259 2806 3410 2846 nunc

1830 2914 1958 2954 vero
2003 2911 2142 2966 opus
2183 2896 2377 2948 anima:
2426 2891 2598 2946 evasit
2658 2891 2713 2944 in
2761 2889 2944 2960 operis
3004 2884 3405 2943 accessionem,

1830 2999 1884 3046 et
1917 2989 2099 3058 operis
2129 2985 2376 3040 accessio
2430 2983 2484 3036 in
2515 2998 2672 3052 opus.

1905 3083 1992 3136 Η.
2020 3078 2377 3148 Interrogavit
2413 3085 2594 3131 autem
2628 3075 2779 3129 illum
2814 3073 3004 3135 frater,
3029 3071 3175 3138 "sici:
3229 3059 3413 3133 Quod-

137 3183 250 3234 ὲστι
276 3179 342 3232 τὸ
364 3178 531 3249 ἔργον
556 3175 656 3244 τῆς
685 3174 884 3243 ψυχῆς,
923 3170 951 3223 ὃ
980 3169 1075 3224 νῦν
1106 3168 1178 3230 ὡς
1213 3165 1487 3236 πάρεργον
1513 3159 1730 3231 ἔχομεν,

1844 3190 1962 3230 nam
1989 3180 2074 3230 est
2102 3188 2240 3244 opus
2265 3171 2461 3226 animae
2489 3168 2634 3243 quod
2677 3180 2824 3221 nunc
2871 3165 3022 3218 velut
3052 3159 3410 3233 appendicem

138 3276 230 3328 καὶ
256 3273 415 3326 ποῖόν
444 3273 566 3323 ἐστι
590 3268 652 3322 τὸ
678 3269 973 3339 πάρεργον,
1003 3263 1032 3316 6
1058 3260 1152 3315 νῦν
1183 3258 1338 3328 ἔργον
1363 3256 1589 3326 ἔχομενς
1630 3251 1739 3304 Kal

138 3367 286 3435 λέγει
325 3366 356 3417 6
381 3363 598 3435 γέρων·
641 3360 827 3413 Πάντα
863 3357 934 3410 τὰ
972 3354 1232 3425 γινόμενα
1260 3349 1351 3403 διὰ
1389 3348 1487 3418 τὴν
1516 3341 1737 3413 ἐντολὴν

140 3461 230 3514 τοῦ
253 3458 418 3521 Θεοῦ,
457 3456 618 3528 ἔργον
652 3452 832 3523 ψυχῆς
861 3453 978 3504 ἐστι
1002 3465 1014 3478 ·
1045 3446 1105 3500 τὸ
1132 3445 1189 3498 δὲ
1215 3446 1295 3506 εἰς
1335 3442 1490 3509 λόγον
1525 3435 1740 3492 ἑαυτῶν

143 3549 480 3624 ἐργάξεσθαι
502 3548 598 3600 καὶ
627 3545 903 3612 συνάγειν,
927 3540 1083 3594 τοῦτο
1121 3537 1394 3606 πάρεργον
1423 3532 1567 3603 ἔχειν
1591 3529 1742 3599 ὀφεί-

142 3620 328 3715 λομεν.
362 3641 477 3694 Kal
502 3638 654 3707 λέγει
685 3639 714 3690 6
743 3632 987 3703 ἁδελφός·
1016 3626 1319 3700 Σαφήνισόν
1362 3641 1452 3696 μοι
1471 3623 1568 3694 τὴν
1602 3620 1740 3675 ύπό·

146 3714 293 3791 θεσιν
322 3735 556 3803 ταύτην.
593 3730 702 3784 Καὶ
727 3729 872 3796 λέγει
906 3727 934 3777 6
963 3724 1141 3794 γέρων
1164 3738 1177 3751 ⁸
1217 3719 1346 3772 Ἰδοὺ
1369 3715 1586 3778 ἀκούεις
1612 3714 1742 3784 περὶ

147 3829 281 3902 ἐμοῦ
315 3831 400 3882 ὅτι
429 3823 669 3886 ἀσθενῶ,
698 3823 794 3875 καὶ
827 3819 1063 3888 ὀφείλεις
1090 3809 1490 3881 ἐπισκέψασθαι
1520 3825 1608 3878 με,
1648 3806 1743 3858 καὶ

145 3897 328 3991 λέγεις
369 3920 430 3971 ἐν
463 3913 673 3985 ἑαυτὶξγ
705 3909 1038 3964 Καταλιπεῖν
1067 3905 1175 3975 ἔχω
1202 3904 1260 3956 τὸ
1293 3902 1450 3973 ἔργον
1499 3916 1620 3969 μου,
1653 3897 1745 3950 καὶ

148 4012 242 4066 νῦν
290 4007 595 4071 ἀπελθεῖν;
640 4003 777 4058 ἀλλὰ
833 3999 1107 4074 πληρώσω
1154 3997 1392 4070 πρῶτον,
1441 3994 1537 4047 xal
1573 3991 1745 4053 οὕτως

148 4103 496 4174 ἀπέρχομαι.
549 4096 811 4167 Ἔρχεται
847 4093 903 4146 δέ
949 4109 1030 4147 σοι
1071 4089 1166 4144 καὶ
1197 4087 1332 4158 ἄλλη
1377 4083 1621 4156 ἀφορμὴ.
1653 4080 1748 4136 καὶ

150 4173 291 4264 τάχα
319 4190 452 4244 οὐδὲ
490 4188 629 4250 ὅλως
666 4185 918 4252 ὑπάγεις.
962 4182 1132 4236 Πάλιν
1162 4179 1319 4241 ἄλλος
1349 4175 1574 4243 ἀδελφὸς
1602 4173 1749 4240 λέγει

158 4305 238 4340 σοι
259 4306 272 4319 ·
299 4284 403 4347 Δός
431 4299 524 4354 μοι
543 4283 723 4351 χεῖρα,
745 4275 968 4345 ἁδελφέῑ
997 4275 1092 4329 κα).
1119 4273 1328 4341 λέγεις’
1362 4269 1511 4338 Ἔχω
1540 4266 1750 4336 ἀφῆσαι

157 4379 216 4433 τὺ
238 4379 406 4450 ἔργον
437 4393 568 4446 μου,
599 4374 694 4426 καὶ
721 4369 972 4426 ἀπελθεῖν
1005 4363 1344 4438 ἐργάσασθαι
1374 4361 1512 4432 μετὰ
1536 4359 1749 4424 τούτους

171 4471 299 4524 Ἐὰν
325 4465 426 4522 οὖν
471 4467 548 4537 μὴ
587 4463 849 4532 ἀπέλθῃς,
878 4460 1057 4529 declat;
1086 4457 1184 4528 τὴν
1224 4453 1443 4523 ἐντολὴν
1469 4451 1562 4505 τοῦ
1592 4449 1751 4513 Θεοῦ,

1841 3269 2127 3329 habemus,
2162 3274 2213 3320 et
2267 3279 2516 3335 quamam
2553 3261 2823 3332 appendix
2880 3272 3042 3327 quam
3076 3256 3223 3310 velut
3273 3267 3416 3322 opus

1840 3357 2134 3416 ducimus?
2176 3354 2478 3426 Respondit
2515 3367 2678 3406 senex
2715 3369 2728 3404 :
2780 3349 3131 3415 Quaecunque
3161 3343 3297 3396 fiunt
3348 3355 3414 3394 ex

1841 3448 2100 3504 mandato
2138 3445 2253 3510 Dei,
2290 3459 2430 3514 Opus
2475 3442 2670 3496 anima:
2705 3447 2876 3503 sunt;
2925 3445 2980 3490 at
3021 3439 3272 3504 respectu
3330 3429 3418 3486 sui

1843 3542 2081 3614 operari,
2120 3549 2176 3594 et
2205 3551 2556 3608 congregare,
2590 3535 2696 3588 hoc
2741 3546 2841 3603 pro
2871 3527 3170 3601 appendice
3219 3523 3422 3579 habere

1843 3637 2124 3692 debemus.
2161 3631 2354 3685 Frater
2382 3629 2632 3699 excepit:
2667 3625 2895 3680 Declara
2929 3621 3060 3676 mihi
3097 3619 3240 3673 hanc
3279 3630 3418 3669 rem.

1847 3726 2066 3782 Senex:
2097 3723 2258 3785 Ecce,
2291 3721 2448 3775 audis
2476 3734 2562 3774 me
2596 3726 2884 3788 mgrotare,
2922 3725 3158 3781 cumque
3194 3707 3421 3762 visitare

1846 3835 1932 3873 me
1962 3817 2182 3880 debeas,
2221 3813 2360 3868 dicis
2389 3809 2532 3880 apud
2567 3818 2619 3864 te
2647 3827 2660 3863 :
2688 3807 2768 3861 An
2801 3805 3096 3858 relicturus
3131 3814 3250 3856 sum
3283 3811 3423 3866 Opus

1848 3924 2051 3972 meum,
2079 3914 2242 3976 atque
2277 3903 2625 3974 profecturus
2665 3897 2836 3952 mox?
2885 3893 3084 3950 Verum
3138 3887 3420 3960 perficiam

1850 4001 2023 4074 prius,
2059 4000 2248 4067 sicque
2278 3991 2760 4066 pergam..Accidit
2789 3997 2972 4043 autem
2999 3986 3097 4040 tibi
3128 3984 3232 4038 alia
3266 3995 3427 4034 occu-

1851 4070 2039 4162 patio;
2074 4095 2128 4142 et
2156 4085 2297 4140 forte
2329 4095 2672 4154 nequaquam
2709 4079 2885 4133 vadis.
2937 4076 3094 4137 Item,
3141 4073 3281 4126 alius
3315 4070 3426 4152 frav-

1854 4150 1934 4237 ter
1957 4150 2088 4235 dicit
2138 4177 2279 4232 tibi:
2321 4150 2543 4245 Porrige
2580 4171 2712 4227 mihi
2777 4185 2995 4224 manum
3023 4207 3038 4233 ,
3099 4165 3288 4220 frater.
3339 4150 3424 4216 Tu

1851 4291 1983 4332 vero
2017 4276 2100 4331 ais
2128 4292 2142 4328 :
2183 4273 2433 4328 Debeoue
2467 4270 2739 4324 dimittere
2769 4281 2908 4339 Opus
2950 4279 3150 4328 meum,
3177 4269 3230 4316 et
3267 4261 3419 4314 abire
3487 4277 3492 4284 ι

1853 4367 1918 4422 ad
1966 4366 2300 4437 operandum
2335 4379 2460 4419 cum
2492 4362 2644 4418 isto?
2693 4359 2748 4415 Si
2778 4375 2907 4429 ergo
2939 4373 3047 4412 non
3084 4354 3310 4416 abieris.
3344 4366 3432 4410 re-

1855 4459 2057 4530 linquis
2088 4460 2403 4512 mandatum
2455 4457 2569 4518 Dei,
2603 4454 2749 4524 quod
2779 4459 2866 4507 est
2914 4450 3108 4504 animae
3158 4462 3317 4516 opus,
3377 4449 3436 4498 et

164 4561 191 4613 ὃ
217 4562 334 4611 ἐστι
371 4557 438 4609 τὸ
477 4557 639 4626 ἔργον
677 4553 777 4622 τῆς
809 4550 1006 4620 ψυχῆς,
1043 4548 1137 4601 xal
1165 4548 1336 4608 ποιεῖς
1365 4544 1426 4596 τὸ
1454 4543 1728 4614 πάρεργον

1859 4550 2214 4623 appendicem
2246 4547 2585 4619 exsequeris,
2615 4546 2824 4601 scilicet
2854 4559 2990 4613 Opus
3026 4552 3308 4594 manuum.

164 4652 192 4704 ὅ
212 4653 331 4704 ἐστι
351 4650 416 4702 τὸ
437 4648 599 4719 ἔργον
621 4645 728 4698 τῶν
751 4641 969 4715 χειρῶν.

239 4746 328 4812 ιβ’.
371 4735 545 4792 Εἶπεν
593 4740 622 4790 6
669 4735 840 4797 assa;
878 4731 1152 4802 Θεόδωρος
1189 4729 1218 4782 6
1253 4728 1352 4798 τῆς
1391 4726 1630 4797 Φέρμης,
1676 4724 1758 4777 ὅτι

165 4833 462 4904 ἄνθρωπος
494 4835 711 4901 στηκων
743 4829 822 4889 εἰς
859 4824 1166 4896 μετάνοιαν,
1213 4820 1272 4873 οὐ
1313 4818 1520 4871 δέδεται
1563 4818 1643 4878 εἰς
1673 4817 1760 4868 ἐν·

165 4927 354 4998 τολήν.

241 5027 336 5088 ιγ’.
385 5019 449 5070 '0
494 5015 658 5079 αὐτὸς
702 5007 886 5066 εἶπεν·
940 5007 1110 5078 Ἄλλη
1145 5005 1315 5077 ἀρετὴ
1346 5003 1447 5057 οὐκ
1480 5001 1648 5066 ἔστιν,
1683 4999 1760 5063 ὡς

170 5114 232 5168 τὺ
263 5114 341 5184 μὴ
363 5107 689 5175 ἐξουθενεῖν.

243 5207 330 5261 ιδ’.
372 5203 547 5258 Πάλιν
579 5196 768 5255 εἶπεν⁹
820 5195 1138 5267 Ἄνθρωπος
1192 5190 1375 5264 μαθὼν
1420 5191 1521 5262 τὴν
1560 5186 1762 5256 γλυκύ-

267 5394 292 5424 ¹
335 5390 423 5444 Al.
457 5386 660 5458 βαλεῖν.

246 5570 365 5640 (63)
395 5568 492 5635 Τίς
517 5568 556 5638 ἡ
604 5565 776 5640 χρεία
805 5559 916 5631 τῆς
936 5559 1530 5640 ρξαγῳγῆςταὺτηα
1564 5553 1756 5640 versit)

246 5583 365 5653 ((-55)
395 5583 492 5635 ῙΠς
517 5583 556 5638 η
586 5583 776 5690 ,ἒρεια
805 5583 916 5631 της
936 5583 1527 5646 ρζατωγηςπαυτης,
1577 5583 1756 5609 vcisiu

180 5652 410 5712 antiqua
440 5659 453 5694 :
489 5641 595 5706 Qui
667 5652 796 5706 opus
822 5644 900 5689 est
930 5643 1036 5689 ista
1063 5634 1335 5704 σάμιοιιοῖ
1365 5639 1455 5684 aut
1477 5625 1625 5700 quod
1657 5640 1770 5680 ma-

182 5709 598 5774 lim.'advectio.

256 5782 377 5855 (61)
423 5781 523 5835 Vit.
564 5781 717 5834 Pan.
756 5791 873 5842 vm,
905 5775 954 5828 7.

1929 4727 2016 4783 12.
2055 4725 2386 4782 Dixitahbas
2427 4723 2750 4778 Theouorus
2792 4735 2822 4775 e
2854 4718 3103 4778 Pherme,
3158 4711 3438 4766 hominem

1862 4820 1955 4889 qui
1987 4818 2054 4872 ad
2087 4816 2465 4888 pmnitentiain
2511 4821 2639 4877 stat,
2697 4825 2807 4865 non
2858 4806 3071 4877 alligari
3128 4804 3197 4858 ad
3239 4815 3440 4873 praace—

1864 4921 2038 4984 ptum.
3297 4898 3305 4908 ’

1941 5000 2027 5054 15.
2068 4997 2212 5053 ldem
2237 4997 2412 5052 dixit:
2446 4994 2604 5049 Nulla
2634 5001 2809 5046 Virtus
2841 4998 2926 5046 est
2949 4987 3097 5054 talis,
3138 5001 3202 5040 ac
3235 4998 3444 5056 nequa-

1869 5109 2031 5164 quam
2063 5097 2435 5145 contemnere.

1944 5183 2031 5238 14.
2069 5181 2227 5236 Hunc
2289 5181 2453 5235 etiam
2515 5191 2822 5234 sermonem
2853 5173 3088 5230 habuit:
3125 5170 3300 5226 Homo
3349 5164 3444 5238 qui

1937 5547 2048 5613 (65)
2101 5543 2203 5596 Vit.
2247 5541 2402 5613 Patr.
2439 5556 2490 5603 κ,
2520 5537 2612 5613 ‘25.

1945 5610 2058 5680 (66')
2100 5615 2205 5668 Vit.
2250 5611 2403 5665 Patr.
2448 5610 2644 5680 vm,’8.

1945 5679 2059 5759 (67)
2101 5685 2208 5741 Vit.
2253 5681 2404 5737 Patr.
2439 5697 2492 5747 ι,
2533 5679 2620 5734 ‘24.
2705 5763 2707 5766 γ
