3874 6360
447 325 540 384 191

1613 324 1959 382 APPENDIX
1998 323 2090 381 AD
2123 321 2539 379 PALLADIUM.

3606 318 3630 369 1
3639 313 3710 369 αἱ

440 444 629 500 didicit
664 444 819 499 cella:
849 444 1219 510 dulcedinem,
1246 445 1557 516 proximum
1590 462 1750 502 suum
1786 447 1942 519 fugit,
1966 458 2020 503 at

2154 463 2258 518 ητα
2281 444 2374 498 τοῦ
2389 444 2625 506 κελλίου,
2648 445 2746 516 οὐχ
2767 445 2842 507 ὡς
2872 443 3158 514 ἀτιμάζων
3175 441 3264 494 τὸν
3283 438 3511 510 πλησίον
3534 435 3711 492 αὐτοῦ

441 537 561 592 sine
585 537 994 604 aSpernatione.

509 629 597 684 15.
643 628 793 684 Dixit
816 630 1014 683 iterum
1044 648 1058 685 :
1085 627 1206 685 Nisi
1236 641 1438 687 memet
1466 631 1759 686 abscidero
1800 646 1830 686 a
1879 646 2022 688 com-

444 722 899 778 miserationibus
955 723 1062 790 liis,
1106 739 1216 778 non
1273 725 1458 780 sinent
1509 739 1596 779 me
1648 741 1772 782 esse
1830 741 2022 780 mona-

444 807 632 862 chum.

519 901 610 955 i6.
650 899 764 971 (68)
820 899 958 970 Ejus
1007 917 1228 972 quoque
1282 901 1485 958 dictum
1539 903 1677 959 fuit:
1738 904 1888 959 Multi
1922 906 2025 961 hoc

446 1001 692 1060 tempore
755 991 1000 1062 quietem
1057 995 1210 1063 prius
1271 1004 1663 1064 sumpserunt,
1723 1012 1885 1066 quam
1944 999 2024 1053 eis

449 1082 714 1151 praeberet
746 1083 911 1139 Deus.

520 1175 610 1229 17.
667 1174 799 1232 item
864 1177 1010 1233 hoc:
1062 1177 1184 1232 Noli
1241 1179 1483 1234 dormire
1537 1179 1593 1234 in
1633 1179 1754 1234 loco
1803 1179 1893 1234 ubi
1942 1188 2027 1236 est

451 1269 668 1326 mulier.

524 1362 613 1416 i8.
650 1362 843 1417 Frater
867 1363 1228 1434 interrogavit
1251 1363 1505 1418 abbatem
1543 1364 1916 1428 Theodorum,
1945 1365 2033 1420 di-

453 1471 624 1511 cens:
667 1455 800 1508 Volo
831 1453 1085 1509 mandata
1123 1456 1403 1525 perlicere.
1442 1455 1651 1512 Retulit
1675 1459 1724 1513 ei
1773 1474 1936 1514 senex
1963 1459 2030 1515 de

453 1548 651 1603 abbate
678 1547 924 1614 Theona,
949 1548 1095 1618 quod
1127 1549 1243 1619 ipse
1283 1565 1504 1620 quoque
1550 1550 1750 1605 dixerit
1783 1552 2032 1623 aliquan-

454 1640 563 1695 do:
595 1639 728 1696 Volo
760 1641 1059 1710 adimplere
1092 1643 1482 1712 cogitationem
1527 1658 1704 1698 meam
1739 1660 1862 1699 cum
1897 1644 2028 1700 Deo.

2166 555 2334 591 ευγει.

2166 555 2224 591 ευ
2265 555 2334 591 ει.

2124 555 2161 608 φ
2195 554 2276 684 ιέ.
2320 631 2489 685 Πάλιν
2531 626 2716 683 εἶπεν·
2773 628 2897 681 Ἐὰν
2947 627 3020 698 μὴ
3066 623 3285 694 ἐκκόψω
3318 621 3558 693 ἐμαυτὸν
3600 620 3712 673 amb

2122 723 2232 777 τῶν
2251 722 2554 796 οἰκτιρμῶν
2575 723 2800 785 τούτων,
2833 721 2934 773 οὐκ
2962 718 3093 771 ὲῶσὶ
3132 735 3198 787 με
3236 711 3373 769 εἶναι
3403 713 3666 785 μοναχόν.

2203 900 2294 967 ις’.
2339 897 2473 955 Εῐπε
2521 901 2714 955 πάλινο
2755 899 2949 954 Πολλοὶ
2992 900 3050 951 ὲν
3077 897 3158 968 τῷ
3200 895 3379 966 καιρῷ
3410 893 3594 962 τούτῳ
3626 893 3710 946 εἴ·

2126 995 2280 1049 λοντο
2301 995 2402 1066 τὴν
2433 993 2759 1057 ἀνάπαυσιν,
2787 992 2916 1063 πρὶν
2941 992 2970 1044 6
2995 990 3127 1054 Θεὸς
3154 989 3338 1051 αὐτοῖς
3361 987 3647 1058 παράσχῃ.

2203 1174 2288 1238 ιζ’.
2333 1169 2470 1226 Εῐπε
2499 1172 2662 1226 πάλιν
2681 1188 2693 1200 ·
2723 1170 2814 1242 Μὴ
2840 1169 3110 1242 κοιμηθῇς
3126 1148 3212 1233 εἰς
3233 1169 3398 1222 τόπον
3424 1169 3560 1222 ὅπου
3589 1169 3713 1221 ἐστὶ

2347 1355 2602 1421 Ἀδελφὸς
2640 1353 2892 1427 ἠρώτησε
2937 1353 3028 1406 τὸν
3069 1351 3244 1405 ἀϐϐᾶν
3275 1351 3576 1422 Θεόδωρον,
3614 1350 3711 1404 λέ-

2130 1467 2274 1518 γων’
2319 1448 2470 1501 Θέλω
2507 1447 2815 1500 ἐπιτελέσαι
2857 1446 2957 1509 τὰς
3001 1445 3239 1508 ἐντολάς.
3285 1444 3451 1513 Λέγει
3491 1445 3644 1515 αὑτῷ
3683 1446 3712 1498 6

2130 1539 2310 1611 γέρων
2357 1539 2486 1608 περὶ
2536 1536 2629 1590 τοῦ
2684 1536 2827 1590 ἀϐϐᾶ
2876 1536 3085 1599 Θεωνᾶ,
3120 1535 3200 1587 ὅτι
3243 1528 3365 1586 εἷπε
3417 1535 3513 1586 καὶ⁵
3546 1535 3714 1598 αὑτός

2135 1647 2298 1685 ποτε-’.ο
2344 1629 2494 1682 Θέλω
2539 1627 2824 1699 πληρῶσαι
2869 1627 2962 1680 τὸν
3008 1626 3266 1696 λογισμόν
3305 1644 3404 1696 μου
3446 1627 3588 1697 μετὰ
3614 1628 3714 1680 τοῦ

456 1731 523 1786 Ει
551 1739 776 1802 accepta
822 1732 877 1786 in
913 1733 1076 1786 furno
1119 1732 1293 1787 farina
1343 1734 1594 1799 subacta,
1628 1751 1798 1806 panes
1844 1736 2032 1793 confe-

2154 1722 2293 1786 θεοῦ,
2316 1722 2410 1774 καὶ
2437 1720 2618 1774 λαϐὼν
2645 1720 2820 1772 σιτξαν
2850 1721 2929 1782 εἰς
2962 1718 3022 1771 τὸ
3048 1719 3418 1790 ἁρτοκοπεῖον,
3453 1719 3715 1792 εποίησεν

456 1824 570 1889 cit;
631 1798 770 1892 quos
808 1824 1120 1892 petentibus
1157 1825 1489 1894 pauperibus
1516 1798 1683 1884 dedit.
1717 1829 1916 1885 lterum
1941 1845 2035 1900 pe-

2154 1814 2333 1885 ἱρτους
2351 1829 2365 1844 ⁸
2403 1813 2499 1867 καὶ
2529 1813 2872 1884 αἰτησάντων
2901 1811 3068 1866 αὐτὸν
3097 1812 3350 1883 πτωχῶν,
3384 1813 3555 1867 ἔδωκε
3586 1817 3716 1878 τοὺς

456 1914 697 1970 tentibus
723 1914 866 1980 aliis,
897 1914 1122 1969 tradidit
1169 1916 1478 1985 sportellas,
1504 1918 1759 1989 quodque
1787 1921 2035 1991 gestabat

464 2006 686 2075 pallium
714 2023 729 2071 ;
759 2017 813 2062 et
837 2007 1062 2061 intravit
1105 2008 1158 2062 in
1189 2009 1384 2063 cellam
1419 2009 1652 2066 maforte
1678 2013 2031 2082 praecinctus.

459 2098 590 2154 Post
620 2099 735 2153 haec
764 2107 950 2155 tamen
985 2097 1051 2154 de
1084 2113 1144 2154 se
1173 2099 1354 2155 adhuc
1381 2102 1842 2173 conquerebatur,
1875 2105 2034 2176 quasi

459 2207 567 2246 non
598 2191 954 2262 adimplesset
990 2191 1084 2248 Dei
1114 2193 1455 2250 mandatum.

531 2368 620 2423 i9.
660 2368 969 2440 Egrotavit
1000 2373 1298 2444 aliquando
1327 2375 1498 2432 abbas
1517 2375 1744 2449 Josepb,
1775 2387 1830 2436 et
1888 2378 2039 2436 misit

459 2455 529 2510 ad
558 2457 809 2514 abbatem
841 2460 1211 2531 Theodorum,
1268 2465 1496 2523 dicens:
1533 2465 1688 2534 Veni,
1724 2477 1782 2523 ut
1825 2471 2037 2526 videam

458 2557 514 2603 te
539 2549 695 2619 prius
723 2567 887 2621 quam
919 2570 950 2609 e
979 2569 1212 2627 corpore
1236 2560 1523 2629 egrediar;
1565 2570 1684 2616 erat
1712 2571 1892 2617 autem
1926 2580 2040 2618 me-

457 2638 550 2692 dia
582 2639 941 2696 liebdomada.
975 2643 1068 2700 Ille
1096 2661 1204 2700 non
1237 2647 1517 2716 profectus
1545 2660 1630 2703 est
1659 2667 1674 2715 ;
1720 2652 1815 2706 sed
1864 2652 2036 2716 misit,

460 2731 656 2786 aiens:
692 2731 747 2786 Si
801 2735 1005 2791 vixeris
1053 2753 1227 2808 usque
1261 2739 1329 2794 ad
1368 2739 1515 2795 diem
1563 2738 1809 2805 Sabbati,
1841 2743 2038 2812 adibo;

463 2824 551 2878 sin
580 2825 911 2894 decesseris,
939 2829 993 2882 in
1023 2830 1117 2883 illo
1147 2832 1349 2886 saeculo
1377 2832 1688 2888 videbimus
1713 2833 1966 2890 invicem.

533 2915 625 2970 20.
652 2916 848 2974 Frater
871 2922 1010 2976 dixit
1040 2923 1223 2977 abbati
1257 2922 1548 2979 Theodoro
1575 2943 1589 2979 :
1633 2925 1852 2996 Aliquid
1886 2927 2040 2982 verbi

464 3008 600 3062 mihi
638 3009 862 3079 profer;
894 3029 1018 3067 nam
1051 3029 1235 3084 pereo.
1269 3014 1348 3068 Ac
1408 3031 1552 3087 aegre
1606 3019 1890 3087 respondit
1935 3019 1986 3074 ei
2022 3037 2037 3074 :

465 3099 578 3173 Ego
609 3103 910 3172 periclitor,
934 3114 988 3161 et
1021 3106 1151 3176 quid
1183 3108 1278 3162 tibi
1315 3107 1489 3164 habeo
1518 3109 1767 3178 proloqui
1793 3109 1818 3162 ?

533 3194 624 3250 2L
663 3194 823 3252 Vertit
857 3197 1028 3253 frater
1053 3201 1119 3254 ad
1151 3201 1404 3256 abbatem
1435 3201 1803 3268 Theodorum,
1834 3211 1892 3257 ut
1915 3219 2040 3259 eum

465 3281 689 3339 doceret
735 3295 1047 3352 contexere,
1104 3292 1395 3361 attulitque
1431 3294 1688 3361 plectam.
1727 3293 1900 3350 Senex
1945 3311 2042 3350 au-

467 3377 578 3422 tem
607 3370 745 3426 dixit
778 3373 828 3428 ei
856 3391 870 3427 :
904 3375 1026 3442 Abi,
1060 3387 1113 3432 et
1147 3394 1305 3433 mane
1329 3380 1610 3457 hucqveni.
1648 3383 1888 3454 Surgens
1913 3401 2042 3457 ergo

467 3477 660 3528 senex,
695 3464 929 3533 plectam
964 3469 1014 3522 ei
1064 3471 1313 3542 irrigavit
1337 3513 1352 3537 ,
1386 3455 1708 3547 paravitque
1752 3455 2044 3546 praetextu-

466 3569 604 3619 ram,
638 3557 862 3613 dicens:
893 3559 969 3614 Ita
1000 3570 1163 3632 atque
1192 3564 1264 3618 ita
1295 3565 1460 3621 facito
1490 3586 1504 3631 ;
1553 3577 1608 3625 et
1643 3571 1864 3640 reliquit
1893 3586 2041 3626 eum.

467 3645 756 3717 Ingressus
819 3659 1002 3706 autem
1057 3655 1114 3709 in
1166 3658 1358 3711 cellam
1422 3675 1576 3715 suam
1631 3677 1796 3717 senex
1860 3663 2042 3732 sedit;

468 3754 706 3810 cumque
765 3751 981 3815 tempus
1020 3747 1369 3818 advenisset,
1427 3752 1612 3807 cibum
1653 3755 1932 3824 apposuit,
1982 3770 2046 3810 ac

468 3833 749 3889 hominem
783 3838 1016 3894 remisit.
1060 3837 1220 3896 Venit
1252 3843 1450 3898 iterum
1498 3861 1658 3901 mane
1684 3886 1700 3912 ,
1772 3857 1826 3902 et
1857 3848 1933 3902 ait
1967 3848 2046 3903 illi

471 3945 681 3986 senex:
724 3931 877 3988 Tolle
907 3934 1036 3988 hinc
1067 3937 1296 4006 plectam
1342 3949 1513 4002 tuam,
1547 3948 1714 4012 atque
1769 3941 1881 3996 abi.
1941 3939 2048 3996 Vc-

471 4024 604 4079 nisti
638 4024 808 4090 enim,
838 4034 898 4080 ut
938 4043 1024 4082 me
1058 4028 1111 4081 in
1143 4031 1498 4086 tentationem
1535 4047 1597 4086 ac
1623 4031 2046 4098 sollicitudinem

472 4119 741 4175 mitteres.
778 4117 891 4176 Nec
924 4123 1160 4193 amplius
1195 4125 1444 4194 permisit
1472 4141 1598 4180 cum
1630 4127 1774 4182 intro
1805 4142 2045 4182 manere.
2099 4137 2102 4140 ’

540 4299 633 4354 22.
689 4297 897 4356 Retulit
947 4303 1164 4358 abbatis
1212 4302 1485 4356 Theodori
1541 4303 1891 4372 discipulus:
1938 4304 2054 4358 Ali-

471 4392 697 4461 quando
724 4396 872 4449 venit
929 4394 1094 4450 homo
1152 4394 1398 4450 vendens
1455 4409 1642 4464 cepas,
1708 4401 1764 4449 et
1807 4394 2054 4464 implevit

479 4485 611 4540 mihi
642 4497 938 4542 craterem.
990 4488 1133 4544 Dicit
1191 4504 1403 4544 senex:
1438 4489 1606 4559 Imple
1663 4486 1961 4554 frumento,
1996 4496 2050 4543 et

470 4578 540 4632 da
577 4579 648 4634 ei.
712 4580 881 4636 Erant
914 4589 1098 4636 autem
1155 4581 1266 4636 duo
1325 4582 1506 4636 acervi
1558 4579 1861 4640 frumenti,
1905 4597 2049 4636 unus

474 4671 739 4736 mundus,
796 4675 934 4728 alter
986 4688 1096 4728 non
1139 4678 1442 4743 purgatus;
1481 4686 1546 4726 ac
1611 4672 1831 4743 implevi
1880 4672 1930 4726 ei
1983 4685 2047 4725 ex

471 4764 779 4820 immundo.
816 4764 993 4820 Senex
1028 4777 1157 4817 vero
1185 4763 1375 4817 oculos
1418 4765 1472 4818 in
1528 4779 1616 4818 me
1645 4764 1877 4819 intendit
1905 4764 2051 4818 acri-

475 4869 557 4910 Ier
581 4864 636 4912 et
683 4871 808 4910 cum
844 4856 1113 4910 tristitia:
1170 4855 1315 4911 unde
1384 4871 1453 4911 ex
1509 4856 1706 4911 timore
1761 4856 2051 4926 prolapsus

473 4965 617 5014 sum,
649 4956 815 5020 atque
843 4957 1112 5002 craterem
1161 4947 1316 5021 fregi.
1353 4946 1491 5004 Tum
1528 4948 1742 5004 veniam
1794 4964 2051 5018 procum-

474 5041 614 5097 bens
647 5041 800 5110 petii.
839 5040 927 5094 Ait
959 5056 1170 5096 senex:
1208 5041 1406 5111 Surge,
1449 5052 1539 5097 tua
1579 5056 1689 5095 non
1739 5049 1824 5096 est
1867 5044 2050 5112 culpa,

474 5133 569 5189 sed
600 5147 700 5203 ego
757 5131 986 5202 deliqui,
1046 5133 1192 5204 quod
1259 5133 1358 5187 tibi
1416 5131 1813 5187 mandaverint.
1865 5129 2052 5201 Itaque

476 5227 760 5295 ingressus
798 5240 986 5290 senex,
1047 5225 1277 5295 replevit
1339 5225 1524 5279 sinum
1565 5239 1725 5280 suum
1771 5222 2051 5278 frumento

473 5325 725 5388 purgato,
758 5316 1016 5387 deditque
1055 5318 1105 5372 ei
1149 5331 1257 5371 una
1287 5332 1411 5372 cum
1445 5317 1614 5386 cepis.

543 5407 636 5462 2'5.
676 5407 825 5462 Abiit
849 5408 1146 5478 aliquando
1169 5407 1338 5462 abbas
1357 5406 1680 5463 Theodorus
1705 5419 1830 5460 cum
1857 5403 2047 5473 fratre,

473 5503 541 5557 ad
573 5503 930 5559 hauriendam
961 5519 1191 5576 aquam;
1221 5516 1275 5561 et
1319 5509 1656 5576 praeveniens
1684 5505 1852 5562 frater
1874 5503 1942 5558 ad
1971 5502 2050 5556 la-

474 5613 598 5652 cum
620 5636 634 5661 ,
667 5598 802 5654 vidit
837 5600 1155 5654 draconem.
1189 5599 1332 5656 Dicit
1368 5601 1416 5657 ei
1455 5616 1620 5658 senex
1657 5618 1671 5657 :
1704 5597 1885 5665 Vade,
1917 5611 2052 5654 con-

549 5762 658 5837 (68)
708 5761 813 5818 ιίι.
850 5761 1002 5817 Patr.
1042 5778 1096 5822 ι,
1121 5760 1208 5814 ‘26.

2136 1905 2364 1974 ἄρτους*
2417 1905 2514 1958 καὶ
2557 1905 2720 1959 πάλιν
2762 1906 3104 1978 αἰτησάντων
3156 1907 3351 1974 ἄλλων,
3410 1909 3581 1963 ἔδωκε
3643 1911 3716 1962 τά

2138 1998 2394 2068 σπυρίδια
2433 1998 2614 2052 καὶτὸ
2655 1998 2868 2068 ἱμάτιον
2896 1998 2924 2052 6
2958 1999 3174 2070 ἐφόρει,
3210 2002 3306 2052 καὶ
3336 2001 3592 2070 εἰσῆλθεν
3633 2005 3716 2063 εἰς

2135 2090 2198 2144 τὸ
2228 2090 2459 2154 κελλίον,
2496 2091 2943 2162 περιζωσάμενος
2972 2091 3033 2144 τὸ
3070 2093 3355 2164 μαφόριον.
3396 2094 3506 2147 Kal.
3539 2093 3716 2158 οὕτως

2138 2183 2301 2237 πάλιν
2344 2182 2624 2253 ἐμέμφετο
2674 2183 2862 2237 ἑαυτὸν
2903 2183 3095 2252 λέγων,
3141 2183 3223 2236 ὅτι
3264 2185 3378 2238 Οὐκ
3419 2184 3717 2257 ὲπλήρωσα

2137 2272 2234 2343 τὴν
2261 2272 2482 2344 ἐντολὴν
2514 2273 2608 2326 τοῦ
2637 2271 2792 2329 Θεοῦ.

2213 2365 2297 2419 ιθ’.
2350 2364 2645 2434 Ἦσθένησέ
2677 2368 2853 2418 ποτεὸ
2882 2365 3054 2430 άϐϐᾶς
3100 2366 3318 2438 Ἰωσὴφ,
3363 2369 3458 2422 καὶ
3501 2367 3718 2439 ἔπεμψε

2138 2455 2278 2527 πρὸς
2307 2454 2400 2508 τὸν
2428 2453 2602 2509 ἁϐϐἄν
2632 2455 2925 2527 Θεόδωρον,
2957 2455 3162 2525 λέγων·
3193 2457 3385 2527 Δεῦρο,
3419 2459 3506 2510 ἵνα
3535 2475 3596 2512 σε
3623 2460 3719 2513 Boi

2139 2547 2246 2616 πρὸ
2282 2547 2375 2599 τοῦ
2417 2563 2483 2617 με
2529 2546 2764 2611 ἐξελθεῖν
2795 2549 2859 2600 ὲκ
2901 2546 2997 2600 τοῦ
3038 2547 3316 2619 σώματος’
3348 2545 3416 2621 ἦν
3452 2551 3509 2603 δὲ
3553 2550 3718 2622 μέσον

2139 2637 2238 2707 τῆς
2261 2637 2572 2709 ἑϐδομάδος.
2603 2641 2711 2693 Kal.
2733 2640 2834 2693 οὐκ
2863 2639 3130 2711 ἀπῆλθεν·
3158 2641 3372 2712 έπεμψε
3399 2643 3478 2707 δὲ,
3510 2634 3718 2712 λέγων·

2154 2729 2279 2782 Ἐὰν
2332 2729 2520 2803 μείνῃς
2575 2729 2683 2793 ἓως
2739 2729 2834 2784 τοῦ
2884 2730 3178 2796 σαϐϐάτου,
3239 2731 3503 2804 ἔρχομαιο
3567 2737 3617 2787 ει
3663 2735 3719 2788 δὲ

2142 2820 2395 2890 ὑπάγεις,
2425 2824 2505 2886 εἰς
2535 2824 2742 2877 ἐκεῖνον
2771 2823 2863 2877 τὸν
2892 2824 3098 2894 κόσμον
3133 2825 3404 2897 βλέπομεν
3432 2827 3720 2899 ἀλλήλους.

2212 2921 2280 2967 κ’.
2345 2915 2596 2983 Ἀδελφὸς
2637 2910 2756 2968 εἷπε
2791 2915 2868 2986 τῷ
2901 2916 3048 2987 άϐϐᾷ
3090 2916 3386 2992 Θεοδώρῳ⁹
3439 2921 3582 2974 Εἰπέ
3631 2940 3720 2992 μοι

2146 3005 2318 3075 ῥῆμα,
2347 3005 2428 3059 ὅτι
2465 3006 2794 3077 ἀπόλλυμαι.
2829 3009 2939 3061 Kal.
2973 3009 3113 3079 μετὰ
3143 3010 3312 3063 κόπου
3349 3007 3504 3066 εἶπεν
3532 3015 3685 3085 αὐτῷ
3705 3032 3718 3044 ·

2065 3137 2109 3195 c
2155 3096 2297 3167 Ἐγὼ
2326 3097 2640 3162 κινδυνεύω,
2674 3099 2766 3152 καὶ
2793 3100 2843 3152 τί
2870 3117 2949 3153 σοι
2976 3103 3085 3171 ἔχω
3112 3105 3319 3169 εἰπεῖν;

2216 3196 2316 3243 κα’.
2369 3189 2618 3259 Ἀδελφδς
2647 3187 2775 3262 ἦλθε
2805 3191 2940 3264 πρὸς
2970 3193 3061 3245 τὸν
3095 3193 3268 3248 άϐϐᾶν
3301 3195 3601 3267 Θεόδωρον,
3635 3197 3721 3250 ἵνα

2142 3281 2325 3355 διδάξῃ
2354 3284 2514 3337 αὐτὸν
2554 3285 2800 3354 ῥάπτειν,
2839 3285 3066 3352 ἐνέγκας
3104 3287 3196 3340 καὶ
3232 3287 3327 3359 τὴν
3365 3289 3553 3359 σειρὰν
3589 3290 3724 3361 πρὸς

2144 3378 2324 3434 αὐτόν.
2369 3379 2426 3431 Ὀ
2464 3379 2520 3431 δὲ
2555 3379 2731 3450 γέρων
2779 3379 2927 3448 λέγει
2971 3381 3148 3451 αὐτῷ·
3181 3382 3420 3451 ⁶¹Υπαγε,
3448 3383 3543 3435 καὶ
3579 3383 3724 3455 πρωῒ

2143 3469 2303 3542 δεῦρο
2333 3464 2455 3523 ὧδε.
2493 3471 2601 3523 Kal.
2636 3470 2874 3534 ἀναστὰς
2903 3472 2931 3522 6
2961 3471 3159 3541 γέρων,
3196 3472 3417 3544 ἔϐρεξεν
3444 3474 3598 3545 αὐτῷ
3625 3476 3725 3544 τὴν

2147 3563 2355 3634 σειρὰν,
2419 3563 2513 3616 καὶ
2570 3562 2866 3634 ἡτοίμασεν
2915 3563 3064 3635 αὐτῷ
3123 3557 3221 3636 τὴν
3264 3569 3721 3639 προκαταραφὴν,

2146 3642 2348 3722 λέγων’
2375 3653 2564 3717 Οὕτως
2590 3658 2680 3708 καὶ
2705 3654 2878 3716 οὕτως
2904 3655 3127 3727 ποίησον
3145 3671 3159 3686 °
3188 3657 3280 3709 καὶ
3304 3659 3514 3730 ἀφῆκεν
3535 3661 3719 3714 αὐτόν.

2146 3748 2257 3801 Καὶ
2278 3744 2534 3819 εέσελθὼν
2557 3749 2634 3809 εἰς
2663 3747 2722 3799 τὸ
2751 3746 2957 3799 κελλίον
2977 3747 3165 3810 αὑτοῦ,
3186 3749 3436 3802 ἐκάθισεν
3461 3752 3489 3802 6
3508 3751 3690 3823 γέρων
3705 3770 3717 3781 ο

2147 3845 2242 3896 καὶ
2276 3845 2356 3906 εἰς
2383 3843 2482 3913 τὴν
2516 3842 2685 3914 ὥραν,
2734 3843 2989 3914 ἐποίησεν
3045 3844 3206 3898 αὐτὸν
3239 3848 3451 3914 φαγεῖν,
3488 3848 3584 3900 καὶ
3625 3848 3726 3900 ἀπο

2149 3937 2412 4008 ἐπεμψεν.
2444 3931 2616 3989 *Ηλθε
2637 3936 2691 3989 δὲ
2721 3936 2879 3989 πάλιν
2911 3936 3083 4009 πρωῒ·
3111 3938 3203 3990 καὶ
3225 3935 3368 4006 λέγει
3401 3937 3548 4009 αὐτῷ
3577 3941 3607 3993 6
3633 3941 3724 4010 γέ-

2152 4046 2289 4101 ρωνο
2325 4025 2494 4100 Ἀρον
2522 4028 2617 4100 τὴν
2661 4029 2847 4100 σειράν
2878 4047 2970 4082 σου
2999 4029 3170 4092 ἔνθεν,
3195 4031 3289 4082 καὶ
3318 4031 3590 4104 άναχώρει
3608 4050 3620 4062 ·
3649 4036 3726 4095 εἰς

2151 4119 2454 4190 πειρασμὸν
2496 4119 2603 4191 γάρ
2646 4115 2808 4190 ἦλθες
2852 4119 3032 4189 βαλεῖν
3089 4136 3156 4189 με
3204 4119 3296 4172 καὶ
3331 4123 3411 4184 εἰς
3447 4123 3722 4193 φροντίδα.

2151 4215 2260 4266 Kal
2279 4213 2379 4266 οὐκ
2405 4213 2483 4266 ἔτι
2510 4213 2722 4282 άφῆκεν
2752 4213 2911 4265 αὑτὸν
2941 4212 3062 4266 ἔσω.

2225 4302 2328 4373 κβ’.
2367 4300 2534 4357 Εἶπεν
2584 4305 2612 4356 6
2664 4304 2913 4375 μαθητὴς
2961 4304 3071 4357 τοῦ
3104 4305 3248 4359 assa
3291 4304 3590 4378 Θεοδώρου,
3647 4309 3727 4362 ὅτι

2153 4389 2324 4448 Ἧλθέ
2350 4396 2574 4460 ποτέτις
2609 4395 2801 4449 πωλῶν
2818 4397 3096 4467 κρόμμυα,
3119 4397 3211 4450 καὶ
3238 4380 3458 4469 ἐγέμισέ
3481 4415 3569 4468 μοι
3597 4417 3728 4470 κρα-

2085 4477 2128 4532 Ῐ)
2154 4491 2315 4562 τῆρα.
2354 4491 2463 4544 Kal.
2498 4490 2644 4560 λέγει
2681 4494 2709 4544 6
2748 4493 2954 4563 γέρων·
2987 4492 3218 4561 Γέμισον
3253 4492 3402 4562 αὐτῷ
3437 4496 3600 4555 σῖτον,
3638 4494 3728 4547 καὶ

2153 4581 2239 4644 δὸς
2278 4582 2443 4652 αὐτῷ.
2478 4578 2657 4636 Ἦσαν
2689 4582 2745 4635 δὲ
2781 4582 2874 4634 δύο
2916 4582 3094 4652 βουνόὶ
3136 4583 3304 4644 σίτου,
3347 4579 3427 4647 εἷς
3464 4583 3723 4655 καθαρὸς,

2154 4675 2248 4726 καὶ
2277 4668 2356 4738 εἷς
2389 4674 2695 4746 άκαθάρτος
2714 4692 2728 4705 ο
2762 4675 2995 4746 ὲγέμισα
3014 4676 3070 4729 δὲ
3101 4678 3248 4748 αὑτῷ
3272 4681 3334 4730 ὲκ
3360 4676 3454 4730 τοῦ
3480 4677 3725 4750 ἀκαθάρο

2153 4783 2268 4818 του.
2315 4755 2426 4817 Kal
2462 4757 2730 4835 προσέσχε
2769 4782 2858 4836 μοι
2885 4768 2913 4820 ὁ
2943 4766 3121 4837 γέρων
3148 4767 3285 4837 μετὰ
3329 4765 3492 4831 ἕξεως
3524 4769 3618 4820 καὶ
3639 4767 3727 4820 λύε

2154 4872 2292 4926 πηςο
2336 4856 2429 4908 καὶ
2475 4856 2583 4910 ἀπὸ
2616 4857 2709 4908 τοῦ
2761 4857 2926 4926 φόϐου
2971 4857 3187 4919 ἔπεσον,
3250 4859 3345 4911 καί
3389 4857 3594 4912 ἔκλασα
3640 4861 3726 4912 τὸν

2154 4948 2407 5019 κρατῆρα
2426 4965 2448 4979 ·-
2483 4948 2578 5001 καὶ
2619 4947 2810 5000 ἔϐαλον
2844 4948 2992 5020 αὐτῷ
3038 4949 3343 5020 μετάνοιαν.
3377 4951 3486 5003 Kal.
3515 4949 3666 5020 λέγει
3702 4954 3727 5004 6

2153 5041 2366 5111 γέρωνο
2428 5038 2693 5110 Ἐγείρου,
2746 5040 2844 5092 οὐκ
2890 5039 3034 5109 ἔχεις
3072 5041 3135 5093 σὺ
3173 5042 3428 5110 πρᾶγμα,
3462 5041 3578 5094 ἀλλ’
3621 5043 3726 5112 ἐγὼ

2151 5133 2420 5205 ἥμαρτον,
2451 5133 2533 5185 ὃτι
2563 5127 2716 5184 εἶπόν
2747 5148 2849 5187 σοι.
2889 5131 2999 5185 Καὶ
3038 5131 3292 5186 εἰσελθὼν
3323 5134 3350 5185 6
3379 5133 3558 5205 γέρων
3611 5135 3726 5204 ὲγέ-

2157 5240 2280 5294 μισε
2329 5221 2420 5276 τὸν
2467 5222 2664 5276 κόλπον
2699 5221 2862 5275 αὑτοῦ
2905 5225 3050 5274 σῖτον
3094 5223 3352 5295 καθαρὸν,
3395 5225 3490 5277 καὶ
3532 5223 3726 5279 ἔδωκεν

2120 5382 2121 5385 η
2153 5314 2302 5386 αὐτῴ
2337 5316 2474 5385 μετὰ
2503 5314 2610 5367 τῶν
2635 5313 2953 5386 κρομμύων.

2225 5408 2330 5476 κγ’.
2395 5405 2631 5477 Ἀπῆλθέ
2665 5423 2793 5459 ποτε
2828 5407 2857 5458 6
2885 5405 3059 5469 ἁϐϐἄς
3100 5405 3374 5477 Θεόδωρος
3408 5406 3546 5476 μετὰ
3580 5406 3727 5458 ἀδελ-

2155 5501 2255 5572 φοῦ
2281 5501 2507 5572 γεμίσαι
2530 5499 2675 5573 ὕδωρ
2698 5517 2712 5530 °
2742 5499 2838 5553 καὶ
2877 5499 3165 5573 προλαϐὼν
3197 5501 3226 5554 ό
3267 5498 3495 5568 ἁδελφὸς
3532 5501 3613 5563 εἰς
3642 5499 3725 5552 τὶν

2163 5593 2364 5648 λάκκον
2405 5583 2511 5646 εἶδε
2559 5590 2845 5662 δράκοντα.
2906 5592 3020 5646 Ka‘.
3063 5590 3209 5659 λέγει
3259 5588 3408 5662 αὐτῷ
3440 5592 3468 5643 6
3515 5591 3687 5662 γέρων
