3874 6316
145 327 241 384 ιοό

1319 320 1931 379 ΑΡΟΡΗΤΠΕΟΜᾹΤΑ
1972 319 2282 375 PATRUIJ.

3313 316 3416 373 £94

143 446 383 511 ‘l‘mye,
432 442 677 511 πάτησον
704 443 805 512 τὴν
839 441 1080 513 κεφαλὴν
1114 439 1299 495 αὑτοῦ.
1344 443 1453 495 Kal
1483 440 1738 511 φοϐηθεὶς

1864 438 1998 492 :ulca
2029 438 2205 508 ipsius
2235 444 2419 506 caput.
2448 435 2540 491 Ille
2571 434 2801 490 territus
2831 449 2942 489 non
2973 434 3236 505 perrexit.
3256 431 3416 490 Venit

144 535 234 587 σῦκ
271 532 545 604 ἀπῆλθεν.
578 529 751 586 Ἦλθε
784 534 842 587 δὲ
880 535 908 585 6
941 534 1142 605 γέρων,
1177 534 1271 586 καὶ
1305 527 1444 585 εἶδεν
1481 532 1644 585 αὑτὸν
1672 531 1734 584 τὸ

146 631 351 701 θηρίον,
381 631 476 683 καὶ
512 629 912 700 καταισχυνθὲν
944 629 1144 697 ἔφυγεν
1167 630 1245 691 είς
1273 630 1371 699 τὴν
1398 628 1624 699 ἔρημον.

210 722 307 776 κδ’.
349 720 642 793 Ἦρώτησέ
668 739 753 785 τις
773 722 863 774 τὸν
890 721 1063 774 ἀϐϐᾶν
1087 719 1358 790 Θεόδωρον
1376 737 1392 752 ο
1426 720 1551 773 Ἐὰν
1580 717 1734 786 ἄφνω

144 815 365 885 γένηταί
400 833 486 878 τις
517 815 745 877 πτῶσις,
770 815 864 868 καὶ
897 815 961 867 σὺ
994 814 1154 884 φοϐῇ,
1179 813 1351 879 esse;
1387 813 1548 879 Λέγει
1585 810 1734 881 αῦτῷ

140 908 167 957 6
213 905 434 977 γέρωνο
488 905 619 959 Ἐὰν
658 904 894 975 κολληθῇ
936 890 971 957 6
1004 904 1231 975 οὐρανὸς
1261 906 1324 974 τῇ
1374 906 1481 974 γῇ,
1532 903 1736 957 8:660)-

144 1011 233 1064 ρος
286 995 349 1047 οῦ
396 993 668 1064 φοϐεῖται.
712 990 822 1046 Ἦν
879 994 987 1064 γὰρ
1040 993 1248 1063 δεηθεὶς
1302 994 1394 1047 τοῦ
1433 994 1601 1058 Θεοῦ,
1647 995 1735 1048 ἴνα

142 1083 283 1153 ἀρθῇ
331 1085 436 1136 ἀπ’
485 1082 654 1137 αὑτοῦ
688 1085 721 1154 ἡ
760 1084 949 1137 δειλία.
990 1084 1088 1137 Διὰ
1123 1082 1280 1137 τοῦτο
1323 1084 1417 1136 καὶ
1448 1083 1736 1156 ἠρώτησεν

142 1177 332 1229 αὐτόν.

207 1273 310 1319 κε’.
360 1266 617 1335 Ἐλέγετο
657 1266 789 1337 περὶ
817 1266 1004 1328 αὐτοῦ,
1032 1266 1114 1318 ὅτι
1156 1266 1448 1337 γενόμενος
1491 1266 1737 1330 διάκονος

143 1361 221 1422 εἰς
261 1359 467 1429 Σκῆτιν
514 1360 617 1413 οῦκ
681 1357 841 1429 ἡθελε
890 1356 1281 1422 καταδέξασθαι
1320 1358 1605 1423 διακονεῖν,
1645 1358 1739 1410 καὶ

144 1453 221 1514 είς
272 1450 512 1514 πολλοὺς
548 1450 749 1514 τόπους
794 1450 979 1519 ἔφυγε.
1023 1450 1134 1503 Kal
1182 1448 1342 1502 πάλιν
1388 1450 1437 1502 οἱ
1484 1450 1738 1521 γέροντες

145 1546 340 1615 ἔφερον
382 1543 569 1608 αὑτὸν,
622 1542 904 1611 λέγοντες⁸
934 1542 1025 1611 Μὴ
1072 1541 1378 1613 καταλίπῃς
1409 1541 1507 1613 τὴν
1557 1542 1739 1595 διακο-

146 1638 263 1688 νίαν
300 1653 423 1688 σου.
465 1636 632 1704 Λέγει
678 1636 864 1699 αὐτοῖς
898 1638 927 1689 6
962 1634 1137 1698 ἁϐϐἄς
1165 1635 1467 1706 Θεόδωρος·
1507 1634 1739 1689 Ἐἁσατέ

150 1744 236 1795 με.
271 1728 371 1779 καὶ
400 1727 598 1797 δέομαι
628 1725 724 1779 τοῦ
750 1726 907 1790 Θεοῦ,
937 1728 985 1778 εί
1011 1726 1420 1796 πληροφορήσει
1451 1742 1518 1795 με
1552 1727 1739 1797 στῆναι

149 1822 226 1882 εἰς
252 1820 348 1871 τὸν
376 1818 547 1871 τόπον
576 1818 678 1889 τῆς
703 1817 1046 1890 λειτουργίας
1075 1836 1196 1887 μου.
1228 1819 1337 1871 Kal
1372 1818 1622 1888 δεόμενος
1646 1818 1738 1872 τοῦ

148 1910 302 1977 Θεοῦ,
338 1912 567 1981 ἔλεγεν⁸
608 1914 668 1965 Ei
702 1912 916 1983 θέλημά
954 1912 1045 1965 σού
1086 1915 1236 1965 ἐστιν
1267 1913 1353 1965 ἵνα
1396 1912 1507 1965 στῶ
1533 1916 1613 1976 εἰς
1650 1914 1740 1966 τὸν

147 2005 353 2057 τόπον³
397 2022 526 2075 μου,
578 2004 994 2076 πληροφόρησον
1039 2021 1127 2075 με.
1182 2005 1289 2057 Καὶ
1332 2004 1541 2075 ἐδείχθη
1592 2003 1742 2075 αὐτῷ

150 2096 345 2160 στύλος
382 2097 557 2168 πυρὸς
602 2096 713 2150 ἀπὸ
757 2096 857 2165 τῆς
884 2095 989 2165 γῆς
1041 2097 1146 2160 ἓως
1188 2095 1284 2149 τοῦ
1331 2098 1596 2170 οὐρανοῦ,
1648 2100 1742 2150 καὶ

146 2189 303 2259 φωνὴ
328 2189 354 2219 δ
387 2188 656 2257 λέγουσιν
710 2189 774 2241 El
815 2190 1041 2242 δύνασαι
1065 2190 1318 2257 γενέσθαι
1359 2190 1434 2253 ὡς
1479 2193 1507 2244 6
1553 2192 1744 2255 στύλος

144 2274 337 2345 οὗτος,
389 2280 605 2352 ὕπαγε,
652 2281 991 2351 διακόνησον.
1052 2282 1110 2335 ’0
1158 2282 1215 2335 δὲ
1270 2282 1510 2346 ἀκούσας
1562 2285 1743 2356 ἔκρινε

154 2374 357 2445 μηκέτι
398 2372 821 2440 καταδέξασθαι.
872 2373 1150 2437 Ἐλθὸντος
1190 2370 1283 2428 οῦν
1314 2376 1478 2429 αὐτοῦ
1520 2378 1599 2439 εἰς
1647 2377 1743 2449 τὴν

150 2467 480 2537 ἐκκλησίαν,
510 2467 701 2519 ἔϐαλον
730 2465 879 2536 αὐτῷ
904 2469 1197 2536 μετάνοιαν
1218 2471 1267 2520 οί
1294 2469 1532 2538 ἀδελφοὶ,
1562 2471 1746 2538 λέγον-

151 2577 273 2623 τες·
314 2561 384 2613 El
408 2561 473 2613 οὐ
517 2559 692 2621 Θέλεις
722 2561 1010 2622 διακονεῖν,
1043 2561 1147 2614 κᾶν
1187 2563 1248 2615 τὸ
1291 2564 1550 2633 ποτήριον
1578 2564 1749 2617 κατά-

155 2669 268 2720 σχε.
323 2650 438 2704 Kal
491 2652 590 2704 οῦκ
627 2651 913 2721 ἠνέσχετο,
969 2652 1176 2721 λέγων’
1242 2655 1365 2708 Ἐὰν
1426 2655 1499 2726 μὴ
1549 2657 1745 2727 ἀφῆτε,

155 2742 434 2814 ἀναχωρῶ
466 2744 531 2797 ὲκ
559 2743 654 2797 τοῦ
703 2744 869 2797 τόπου
899 2744 1114 2799 τούτου.
1160 2746 1269 2800 Kal
1308 2746 1485 2811 οὕτως
1528 2748 1748 2819 ἀφῆκαν

154 2836 342 2889 αὐτόν.

224 2928 346 2993 κζ’.
398 2927 629 2997 Ἔλεγον
667 2927 725 2982 δὲ
783 2931 910 3001 περὶ
952 2931 1143 2996 αὐτοῦ,
1173 2933 1255 2986 ὅτι
1296 2933 1375 2997 ὼς
1410 2933 1681 3006 ἠρημώθη
1714 2937 1747 3006 ἡ

157 3020 398 3090 Σκῆτις,
480 3016 613 3090 ἦλθε
678 3026 857 3092 μεῖναι
912 3025 993 3087 είς
1044 3025 1298 3096 Φέρμην·
1354 3027 1449 3080 καὶ
1501 3027 1753 3099 γηράσας

158 3110 457 3183 ἠσθένησε.
494 3113 837 3185 Προσέφερον
870 3109 963 3168 οῦν
990 3114 1141 3185 αὐτῷ
1174 3115 1444 3187 ἐδέσματά
1468 3134 1611 3171 τινα.
1642 3116 1754 3171 Kal

158 3204 193 3256 ἃ
217 3203 422 3274 ἔφερεν
459 3206 488 3257 6
520 3204 776 3275 πρῶτος,
816 3207 993 3260 ἐδίδου
1023 3206 1101 3278 τῷ
1147 3208 1418 3280 δευτέρῳ.
1453 3208 1546 3262 καὶ
1584 3208 1754 3274 οὕτως

162 3296 305 3349 κατὰ
356 3296 464 3367 τὴν
505 3297 694 3361 τάξιν,
732 3296 769 3351 ἃ
813 3298 1120 3370 ἐλάμϐανεν
1168 3300 1319 3371 παρὰ
1364 3300 1457 3353 τοῦ
1513 3299 1753 3371 πρώτου,

166 3388 396 3455 παρεῖχε
427 3384 507 3455 τῷ
528 3386 703 3457 ἄλλῳ·
740 3389 818 3451 εἰς
843 3388 899 3441 δὲ
938 3389 1035 3459 τὴν
1066 3389 1212 3461 ὥραν
1249 3389 1343 3443 τοῦ
1369 3390 1689 3456 γεύσασθαι,
1729 3391 1757 3444 ὃ

164 3477 364 3549 ἔφερεν
396 3479 427 3531 6
469 3478 787 3549 ἐρχόμενος,
827 3479 983 3533 τοῦτο
1020 3481 1223 3552 ἤσθιεν.

233 3653 342 3717 κζ’.
382 3652 617 3722 Ἔλεγον
666 3653 796 3726 περὶ
849 3652 945 3707 τοῦ
990 3654 1133 3708 esea
1182 3653 1494 3726 Θεοδώρου,
1548 3656 1630 3708 ὅτι
1669 3657 1758 3709 ὅτε

162 3746 409 3817 ἐκάθητο
448 3746 508 3798 ὲν
545 3747 772 3817 Σκήτει,
809 3741 939 3817 ἦλθε
975 3747 1109 3817 πρὸς
1146 3747 1307 3801 αὑτὸν
1350 3748 1558 3818 δαίμων
1591 3748 1759 3801 οὲλων

165 3838 474 3892 εἰσελθεῖν·
512 3840 607 3892 καὶ
655 3838 1040 3910 ἑδησεν“αῦτὸν
1091 3839 1195 3904 ἔξω
1246 3839 1341 3910 τῆς
1388 3840 1605 3907 κέλλης.
1648 3840 1759 3893 Kal

165 3933 333 3986 πάλιν
384 3932 550 3996 ἄλλος
601 3932 811 4004 δαίμων
862 3928 1025 4004 ἦλθεν
1079 3932 1377 3987 εἰσελθεῖν·
1440 3936 1533 3988 καὶ
1569 3935 1757 3988 τοῦτον

166 4027 347 4095 ἐδησε.
386 4027 500 4079 Kal
540 4025 801 4096 προσθεὶς
821 4027 849 4078 6
874 4026 1056 4097 τρίτος
1076 4026 1304 4097 δαίμων,
1334 4020 1486 4096 ἦλθε,
1512 4028 1604 4079 καὶ
1632 4024 1757 4099 εὗρε

164 4120 494 4190 δεδεμένους
522 4120 650 4183 τοὺς
677 4119 791 4173 δύο·
837 4120 932 4172 καὶ
961 4120 1109 4189 λέγει
1139 4122 1345 4185 αὐτοῖς·
1391 4122 1455 4175 Τί
1493 4123 1761 4192 ἑστήκατε

165 4208 269 4268 ὦδε
302 4215 444 4280 ἐξως
488 4214 598 4266 Kal
639 4213 889 4282 λέγουσιν
918 4213 1087 4283 αὐτῷ,
1133 4214 1215 4267 ὅτι
1262 4215 1418 4267 Ἔστι
1460 4214 1765 4286 καθήμενος

164 4307 298 4370 ἕω,
327 4306 427 4359 καὶ
457 4305 538 4375 μὴ
556 4305 666 4359 ἑῶν
694 4308 843 4377 ἡμᾶς
868 4305 1279 4360 είσελθεῖν.Καὶ
1313 4307 1474 4371 αὐτὸς
1498 4308 1767 4380 τυραννή-

170 4416 270 4463 σας
322 4398 688 4469 ἐπεχείρησεν
746 4397 1026 4453 εἰσελθεῖν.
1072 4400 1129 4453 '0
1161 4399 1218 4453 δὲ
1258 4400 1439 4471 γέρων
1484 4400 1640 4472 ἔδησε
1673 4401 1767 4455 καὶ

1842 538 2027 583 autem
2057 544 2256 593 senex;
2285 527 2378 582 sed
2402 527 2495 581 ubi
2521 525 2811 596 conspexit
2836 541 2960 581 eum
2985 541 3233 595 serpens,
3259 528 3417 595 quasi

1838 623 2046 689 pudore
2074 620 2339 680 sulTusus,
2369 618 2583 688 aufugit
2611 619 2665 672 in
2696 618 3071 673 solitudinem.

1906 714 1999 768 24.
2041 712 2153 782 (69)
2196 712 2406 774 Aliquis
2444 712 2697 765 abbatem
2731 708 3080 765 Theodorum
3119 710 3422 781 interroga-

1836 805 1913 859 vit
1952 824 1963 858 :
2007 805 2064 857 Si
2105 804 2287 859 subito
2329 804 2484 856 ruina
2533 801 2864 871 contigerit,
2902 808 2955 855 et
2994 808 3053 853 tu
3090 802 3418 864 terreberis.

1839 896 2013 949 abba?
2046 893 2459 966 Responditque
2490 908 2657 948 senex
2687 910 2701 947 ε
2734 891 2997 958 Quamvis
3032 894 3231 947 cmlum
3264 904 3423 950 terra:

1838 987 2156 1051 misceatur,
2194 984 2519 1040 Theodorus
2561 997 2669 1038 non
2713 984 3030 1039 terrebitur.
3074 984 3415 1055 Deprecatus

1838 1080 2040 1149 quippe
2073 1077 2240 1131 Deum
2280 1077 2479 1141 fuerat,
2513 1084 2573 1129 ut
2608 1077 2678 1130 ab
2709 1090 2775 1129 eo
2810 1077 3097 1132 tolleretur
3130 1078 3421 1134 timiditas.

1840 1170 2074 1239 Ideoque
2110 1185 2237 1222 eum
2276 1169 2366 1222 ille
2401 1168 2853 1237 interrogaverat.

1907 1262 2001 1315 ‘15.
2044 1261 2160 1329 (70)
2202 1260 2498 1315 Dicebatur
2526 1260 2596 1314 de
2628 1276 2695 1315 eo
2716 1301 2730 1325 ,
2766 1259 2913 1330 quod
2947 1259 3214 1316 diaconus
3248 1260 3427 1315 factus

1842 1354 1896 1408 in
1939 1354 2116 1417 Secti,
2156 1354 2334 1408 noluit
2377 1354 2731 1423 acquiescere
2772 1360 2832 1407 ιιι
2874 1351 3198 1408 diaconatus
3239 1354 3429 1408 munia

1841 1443 2153 1509 exerceret,
2201 1445 2295 1501 sed
2341 1446 2408 1499 ad
2448 1447 2598 1500 varia
2643 1448 2763 1501 loca
2806 1445 3067 1516 profugit.
3111 1445 3175 1498 Et
3222 1446 3421 1500 iterum

1843 1559 2007 1598 senes
2046 1542 2397 1597 adducebant
2433 1559 2557 1597 eum
2579 1584 2593 1606 ,
2626 1544 2876 1599 dicentes
2908 1563 2923 1597 :
2958 1543 3076 1597 Noli
3119 1544 3432 1614 relinquere

1842 1636 2207 1691 ministerium
2247 1643 2423 1689 tuum.
2462 1637 2551 1688 Ait
2585 1636 2694 1691 illis
2728 1637 2900 1692 abbas
2931 1636 3252 1691 Theodorus
3292 1655 3304 1691 ε
3346 1636 3429 1691 Si-

1844 1729 1957 1782 nite
1992 1744 2106 1789 me.
2143 1736 2197 1782 et
2236 1728 2407 1782 orabo
2444 1728 2645 1792 Ileum,
2682 1731 2729 1784 si
2767 1737 2974 1783 certum
3014 1745 3099 1784 me
3134 1729 3432 1785 reddiderit

1773 1816 1813 1871 Β
1842 1829 1903 1872 ιιι
1942 1828 2081 1872 stem
2130 1820 2185 1873 in
2236 1820 2356 1873 loco
2400 1820 2694 1875 ministerii
2738 1820 2867 1875 mei.
2912 1822 3100 1892 Itaque
3142 1820 3309 1877 Deum
3356 1823 3431 1876 ita

1846 1921 2104 1982 precatus
2142 1920 2225 1966 est
2262 1930 2275 1965 :
2318 1911 2373 1965 Si
2411 1914 2663 1968 voluntas
2700 1921 2793 1966 tua
2828 1923 2911 1969 cst
2949 1921 3006 1967 ut
3042 1922 3179 1969 stem
3217 1915 3272 1967 in
3310 1915 3433 1967 Ιοου

1848 2019 2003 2067 meo,
2048 2006 2340 2059 certiorem
2386 2021 2471 2059 me
2514 2004 2616 2059 fac.
2656 2005 2792 2059 Tum
2833 2014 3055 2060 ostensa
3095 2015 3179 2060 est
3224 2007 3299 2060 illi
3339 2022 3432 2059 co-

1848 2096 2033 2151 lumna
2074 2099 2251 2168 ignis,
2289 2114 2318 2151 a
2356 2108 2501 2153 terra
2534 2097 2598 2151 ad
2640 2098 2839 2152 caalum
2876 2114 3051 2168 usque
3084 2098 3431 2168 pertingens.

1851 2189 2171 2259 audivitque
2204 2206 2392 2244 vocem
2435 2188 2751 2257 liujusmodi
2792 2210 2804 2244 :
2845 2189 2901 2243 Si
2942 2198 3097 2258 potes
3138 2190 3254 2245 fieri
3291 2191 3434 2245 sicut

1848 2279 2103 2333 columna
2146 2278 2292 2342 haec,
2330 2279 2498 2343 vade,
2538 2293 2736 2333 exerce
2774 2277 3147 2332 diaconatum.
3187 2278 3308 2345 Quo
3344 2280 3434 2334 illis

1852 2371 2070 2435 audito,
2110 2370 2353 2425 decrevit
2392 2385 2673 2440 nunquam
2718 2373 3087 2441 acquiescere.
3124 2372 3262 2425 Cum
3303 2387 3434 2443 ergo

1849 2465 2090 2519 venisset
2122 2464 2189 2517 ad
2219 2465 2510 2519 ecclesiam
2530 2506 2544 2528 ,
2578 2462 2776 2519 fratres
2810 2464 3218 2518 inclinaverunt
3250 2480 3311 2519 se
3338 2480 3424 2519 co-

1851 2572 1967 2610 ram
2005 2572 2100 2621 eo,
2134 2556 2500 2627 dixeruntque
2541 2576 2554 2611 :
2591 2556 2648 2610 Si
2688 2556 3002 2611 ministrare
3036 2572 3143 2610 non
3176 2558 3290 2621 vis,
3326 2559 3427 2611 sa|~

1854 2661 1961 2703 tem
1991 2648 2216 2702 calicem
2249 2657 2391 2702 tene.
2423 2647 2531 2703 Sed
2572 2663 2751 2717 neque
2784 2647 2887 2701 hoc
2921 2646 3217 2713 sustinuit,
3253 2649 3403 2718 profa

1853 2750 1945 2797 tus
1988 2760 2003 2800 ;
2045 2740 2157 2796 Nisi
2202 2740 2529 2796 diiniseritis
2573 2757 2691 2807 me,
2731 2757 2797 2796 ex
2844 2742 2947 2795 hoc
2994 2742 3116 2795 loco
3160 2741 3430 2797 recedam.

1856 2834 2127 2902 Quocirca
2158 2822 2499 2904 reliquerunt
2531 2850 2678 2889 eum.

1928 2926 2019 2983 ‘26.
2059 2926 2325 2980 Caeterum
2364 2926 2665 2980 narrabant
2707 2925 2774 2981 de
2813 2926 2927 2991 illo,
2968 2927 3112 2997 quod
3153 2934 3438 2998 postquam

1858 3025 2074 3071 vastata
2106 3017 2207 3070 fuit
2238 3015 2435 3081 Scetis,
2465 3018 2613 3072 venit
2644 3025 2703 3070 ut
2736 3026 2981 3072 maneret
3012 3020 3065 3072 in
3099 3017 3360 3081 Plierine;
3390 3030 3444 3073 et

1859 3125 1985 3163 cum
2027 3110 2337 3173 senuisset,
2383 3111 2438 3164 in
2481 3110 2734 3164 morbum
2779 3111 2991 3166 incidit.
3030 3109 3201 3181 Igitur
3240 3110 3443 3165 fratres

1860 3200 2163 3257 all‘erebant
2188 3202 2390 3257 edulia.
2419 3200 2527 3257 Sed
2555 3219 2675 3273 quae
2701 3201 2910 3258 ferebat
2936 3205 3168 3268 primus,
3198 3201 3443 3258 secundo

1860 3296 2055 3362 dabat;
2086 3306 2251 3366 atque
2278 3297 2352 3351 ita
2379 3312 2447 3351 ex
2477 3297 2700 3363 ordine,
2731 3313 2853 3368 quae
2886 3313 2915 3351 a
2950 3313 3127 3368 primo
3152 3298 3440 3368 capiebat,

1860 3388 2140 3459 praebebat
2182 3388 2364 3443 alteri.
2410 3389 2753 3446 Adventante
2800 3399 2982 3445 autem
3030 3390 3164 3444 liora
3209 3390 3446 3445 mandu-

1860 3479 2043 3544 candi,
2072 3480 2219 3551 quod
2250 3482 2462 3551 primus
2492 3497 2560 3537 ex
2591 3483 2983 3538 accedentibus
3012 3483 3347 3555 porrigebat,
3379 3499 3446 3539 eo

1860 3574 2207 3630 vescebatur.

1931 3667 2021 3721 27.
2065 3668 2296 3721 Aiebant
2333 3666 2401 3723 de
2445 3666 2641 3723 abbate
2675 3667 2999 3733 Theodoro,
3038 3669 3185 3738 quod
3225 3670 3446 3740 quando

1863 3758 1920 3813 in
1955 3755 2102 3812 Sceti
2132 3756 2441 3825 residebat,
2472 3758 2620 3812 venit
2651 3758 2719 3812 ad
2752 3759 2928 3829 ipsum
2957 3759 3204 3826 dromon,
3238 3756 3447 3817 intrare

1866 3849 2056 3905 volens
2084 3868 2097 3904 :
2124 3856 2179 3904 ct
2206 3849 2393 3919 ligavit
2422 3865 2544 3902 eum
2570 3858 2725 3903 extra
2749 3850 2961 3905 cellam.
2985 3849 3183 3905 Iterum
3212 3853 3447 3908 accessit

1868 3942 2011 3996 alius
2042 3940 2279 4007 dmmon,
2312 3948 2367 3994 ut
2400 3940 2809 4011 ingrederetur;
2844 3941 2990 3997 hunc
3017 3959 3234 4014 quoque
3259 3945 3448 4016 alliga-

1864 4034 1964 4090 vit.
1989 4036 2055 4088 Et
2083 4034 2349 4104 adjiciens
2378 4035 2573 4090 tertius
2597 4035 2836 4099 daamon,
2859 4037 3103 4102 advenit,
3132 4039 3451 4109 invenitque

1867 4128 2009 4180 duos
2040 4124 2252 4195 priores
2279 4126 2524 4188 vinctos,
2558 4133 2725 4195 atque
2754 4126 2891 4179 dixit
2919 4127 3001 4182 eis
3034 4146 3046 4181 :
3081 4127 3192 4181 Cur
3216 4128 3325 4182 huc
3355 4143 3452 4181 cx-

1866 4226 1951 4271 tra
1995 4216 2194 4272 statis?
2237 4214 2594 4286 Respondent
2633 4236 2646 4272 :
2690 4217 2795 4283 Qui
2842 4218 2985 4272 intra
3026 4219 3218 4273 cellam
3262 4218 3448 4279 sedet,

1868 4324 1980 4363 non
2009 4309 2140 4362 sinit
2172 4323 2272 4362 nos
2305 4309 2532 4362 intrare.
2560 4308 2679 4379 Ipse
2705 4325 2833 4364 vero
2859 4310 2908 4364 vi
2940 4310 3082 4364 facta
3115 4320 3346 4365 conatus
3369 4321 3454 4365 est

1870 4401 2120 4455 introire.
2162 4401 2229 4454 At
2274 4416 2437 4455 senex
2479 4401 2625 4454 hunc
2664 4402 2828 4456 etiam
2874 4403 3224 4458 constrinxit.
3264 4400 3454 4471 Itaque

169 4489 382 4543 τοῦτον.
413 4489 753 4559 Μϐηθέντες
787 4489 844 4544 δὲ
867 4490 965 4554 τὰς
997 4490 1161 4561 εὐχὰς
1190 4490 1285 4544 τοῦ
1314 4492 1587 4563 γέροντος,
1623 4508 1748 4563 παρ·

1871 4494 2030 4549 veriti
2077 4494 2226 4550 senis
2272 4509 2495 4563 preces,
2548 4504 2877 4568 rogaverunt
2918 4497 3101 4562 illum,
3146 4495 3393 4550 dicentes
3436 4512 3450 4547 :

168 4583 408 4635 εκάλουν
454 4582 663 4645 αὑτὸν,
716 4582 997 4651 λέγοντες·
1077 4583 1368 4638 Ἀπόλυσον
1426 4586 1593 4655 ἡμᾶς.
1654 4588 1766 4640 Kal

170 4676 322 4741 λέγει
343 4677 539 4737 αὐτοῖς
566 4677 595 4728 6
618 4675 799 4746 γέρων
819 4693 834 4707 ο
868 4677 1160 4746 Ὑπάγετε.
1187 4678 1298 4732 Kal
1328 4678 1514 4732 λοιπὸν
1543 4682 1767 4751 αἰσχυν-

171 4766 358 4832 θέντες
417 4766 797 4838 ἀνεχώρησαν.

242 4866 353 4930 κη’.
398 4859 715 4929 Διηγήσατό
742 4877 825 4923 τις
854 4859 962 4914 τῶν
1001 4862 1291 4933 Πατέρων,
1328 4865 1455 4937 περὶ
1484 4864 1577 4918 τοῦ
1624 4864 1770 4919 esse

168 4948 460 5021 Θεοδώρου
494 4948 592 5003 τοῦ
629 4950 729 5020 τῆς
754 4951 996 5023 Φέρμης,
1037 4954 1119 5007 ὃτι
1166 4950 1370 5008 Ἦλθὸν
1404 4973 1535 5009 ποτε
1589 4957 1769 5028 δείλης

172 5044 315 5115 πρὸς
350 5042 554 5107 αὑτὸν,
590 5042 685 5095 καὶ
729 5036 888 5116 εὖρον
923 5046 1086 5099 αὐτὸν
1130 5047 1401 5119 φοροῦντα
1432 5051 1770 5121 κεκομμένον

172 5139 473 5203 λεϐίτωνα,
509 5138 601 5191 καί
641 5138 703 5191 τὸ
740 5139 937 5210 στῆθος
971 5140 1137 5194 αὑτοῦ
1178 5142 1405 5211 γυμνὸν,
1443 5144 1535 5197 καὶ
1568 5145 1629 5198 τὸ
1674 5154 1824 5198 κον-

174 5230 395 5283 κούλιον
434 5229 605 5282 αὐτοῦ
634 5230 963 5301 ἔμπροσθεν.
1003 5233 1112 5285 Kal
1142 5232 1250 5286 ἰδού
1268 5251 1355 5298 τις
1393 5236 1586 5308 Κύμης
1610 5233 1773 5308 ἦλθεν

178 5323 307 5375 ἰδεῖν
331 5321 520 5376 αὐτόν.
553 5322 663 5375 Kal
702 5321 1030 5394 κρούσαντος
1054 5325 1241 5388 αὑτοῦ,
1277 5326 1500 5398 ἐξῆλθεν
1538 5331 1566 5382 6
1594 5330 1773 5401 γέρων

176 5415 411 5481 ἀνοῖξαι,
449 5414 548 5467 καὶ
576 5415 901 5485 ἀπαντήσας
935 5415 1084 5487 αὐτῷ
1137 5418 1391 5472 ἐκάθισεν
1430 5422 1508 5485 εἰς
1549 5422 1647 5494 τὴν
1682 5423 1776 5477 θύ-

180 5524 284 5578 ίεν
316 5506 508 5559 λαλεῖν
536 5506 713 5578 αὐτῷ.
755 5508 867 5563 Kal
906 5508 1098 5564 ἔλαϐον
1126 5512 1319 5584 κόμμα
1357 5515 1647 5587 μαφορίου,
1680 5518 1774 5570 καὶ

286 5662 405 5719 ‘AI.
436 5668 609 5721 inser.
644 5664 1007 5738 λειτουργίας.
1086 5668 1220 5727 ‘Al.
1250 5670 1419 5726 inser.
1449 5671 1663 5740 γέγονε.

255 5812 367 5881 (69)
405 5807 517 5863 Vit.
553 5764 703 5863 Patri.
738 5825 835 5875 vn,
870 5813 921 5865 6.

1876 4587 2039 4642 Solve
2072 4603 2193 4642 nos.
2233 4587 2371 4642 Tum
2410 4589 2476 4643 ad
2515 4605 2611 4645 eos
2645 4605 2811 4644 senex
2853 4608 2867 4644 :
2903 4589 3084 4643 Abite.
3122 4587 3258 4642 Dein
3296 4587 3453 4657 igno-

1873 4677 2043 4731 minia
2077 4677 2278 4745 affecti,
2308 4680 2704 4735 discesserunt.

1944 4875 2035 4930 28.
2076 4874 2331 4931 Narravit
2358 4876 2582 4932 Patrum
2607 4879 2809 4949 aliquis
2831 4878 2900 4934 de
2923 4879 3121 4935 abbate
3144 4878 3454 4945 Theodoro.

1856 4967 1972 5043 .illo
2004 4984 2034 5022 e
2068 4967 2301 5024 Plierme
2334 4988 2346 5024 :
2379 4969 2511 5025 Veni
2543 4972 2840 5042 aliquando
2873 4974 2940 5028 ad
2976 4989 3101 5029 eum
3136 4974 3240 5029 sub
3266 4990 3457 5046 vespe-

1880 5073 2020 5123 ram,
2059 5066 2114 5113 et
2158 5059 2339 5114 inveni
2386 5059 2637 5115 indutum
2682 5062 2921 5118 levitone
2962 5063 3164 5128 lacero,
3204 5066 3461 5136 nudoque

1879 5161 1999 5207 erat
2037 5158 2287 5222 pectore,
2324 5154 2597 5208 cucullam
2640 5155 2850 5211 habens
2883 5165 3012 5212 ante
3046 5173 3124 5213 se.
3159 5157 3297 5214 Tum
3332 5174 3464 5214 ecce

1880 5256 2067 5296 comes
2110 5242 2331 5312 quidam
2378 5247 2632 5313 accessit,
2678 5257 2737 5300 ut
2776 5249 2987 5303 videret
3026 5266 3171 5306 eum.
3218 5254 3460 5322 Cumque

1881 5338 2191 5404 pulsasset,
2222 5337 2391 5390 exivit
2426 5354 2592 5393 senex
2628 5341 2693 5393 ad
2734 5343 3115 5411 aperiendum.
3148 5342 3211 5398 Et
3246 5345 3458 5399 obviam

1882 5427 2090 5495 factus,
2146 5431 2289 5485 sedit
2348 5432 2402 5484 in
2456 5443 2610 5502 porta
2663 5452 2788 5489 cuni
2845 5438 2937 5491 illo
2992 5439 3292 5494 locuturus.
3348 5438 3460 5510 Ego

1882 5524 2098 5593 sumpsi
2130 5540 2354 5595 segmen
2383 5526 2656 5589 niafortis,
2683 5532 3009 5599 contcxique
3035 5531 3296 5588 humeros
3317 5534 3459 5603 ejus.

1961 5821 2072 5893 (70)
2122 5820 2226 5876 γει.
2273 5822 2421 5878 Patr.
2452 5841 2539 5892 xv,
2568 5824 2671 5888 2|,
2711 5839 2806 5882 vn.
2834 5824 2921 5892 35,
2962 5826 3010 5879 I.
