3874 6298
481 269 587 330 195

1653 279 1995 337 APPENDIX
2038 315 2047 337 λ

2168 284 2389 342 PALLA
2399 289 2582 346 DIUM.
3151 301 3164 308 “
3573 328 3575 330 ·
3657 305 3756 360 19ίῖ

482 387 554 437 At
593 397 758 438 senex
797 390 1028 441 extensa
1066 402 1266 454 manu,
1307 389 1439 445 illud
1473 390 1728 463 projecit.
1760 393 2047 466 Postquam

2165 401 2446 456 ὲσκέπασα
2481 406 2606 467 τοὺς
2649 405 2833 476 ὤμους
2869 411 3060 466 αὑτοῦ.
3096 413 3154 467 Ὀ
3188 413 3246 468 δέ
3282 415 3459 488 γέρων
3515 417 3756 484 ἐξέτεινε

479 484 661 529 autem
689 475 1037 534 discessisset
1063 494 1271 544 comes,
1295 483 1410 538 dixi
1435 483 1485 539 ei
1512 503 1526 540 :
1550 485 1727 552 Abba,
1750 502 1924 557 quare
1940 485 2056 544 hoc

476 568 672 638 egisti?
695 567 853 623 Venit
883 570 1076 638 homo,
1107 580 1166 628 ut
1193 575 1483 644 proliceret
1518 596 1532 632 :
1565 579 1811 650 nunquid
1840 596 1971 636 vero
2001 589 2075 652 ut,

410 693 412 695 ›
477 660 796 714 scandalum
841 667 1150 732 pateretur?
1183 665 1489 737 Respondit
1525 685 1692 726 senex
1732 689 1747 727 :
1785 671 1927 740 Quid
1967 675 2057 731 ais

477 750 632 815 mihi,
666 752 840 805 abba?
873 753 1188 811 Etiamnum
1223 759 1540 816 hominibus
1567 763 1873 819 servimus?
1902 763 2057 820 Feci-

477 857 603 896 mus
651 843 798 911 quod
848 844 993 899 facto
1035 862 1173 916 opus
1215 855 1366 913 erat;
1408 848 1476 905 de
1519 851 1732 922 reliquo
1776 855 2056 920 praeteriit.

476 931 578 998 Qui
616 936 732 988 vult
774 938 1077 1006 prolicere,
1119 941 1406 1010 proﬁciat;
1443 945 1539 1014 qui
1577 947 1692 1000 vult
1736 947 2057 1002 scandalum

478 1027 627 1095 pati,
671 1031 930 1098 patiatur.
971 1033 1082 1102 Ego
1115 1050 1245 1088 vero
1277 1051 1388 1105 quo
1427 1036 1481 1091 in
1525 1038 1710 1093 habitu
1747 1038 1936 1104 fuero,
1982 1041 2057 1094 ita

475 1134 780 1177 occurram.
835 1122 1183 1181 Denuntiavit
1235 1139 1417 1183 autem
1469 1130 1742 1201 discipulo
1786 1148 1922 1196 suo,
1970 1131 2060 1187 di-

474 1228 606 1267 cens
638 1233 650 1267 :
688 1213 745 1268 Si
781 1217 904 1285 quis
938 1216 1241 1285 advenerit,
1272 1220 1457 1277 videre
1492 1239 1578 1279 me
1607 1224 1950 1290 desiderans,
1983 1242 2052 1281 ne

475 1306 579 1376 ipsi
624 1308 868 1377 loquaris
907 1310 1188 1381 quidpiam
1235 1329 1426 1370 eorum
1467 1331 1590 1387 quae
1632 1317 1882 1374 homines
1925 1335 2054 1388 pro-

474 1396 617 1452 ferre
657 1401 866 1466 solent;
915 1401 1012 1456 sed
1055 1402 1102 1457 si
1150 1405 1469 1473 comedero,
1519 1407 1641 1472 dic,
1686 1408 1962 1478 Comedit;
2006 1411 2056 1468 si

471 1490 769 1554 dormiero,
806 1491 1037 1550 Dormit.

541 1582 634 1638 29.
679 1584 960 1638 Iri-uerunt
1001 1585 1295 1656 aliquando
1328 1587 1383 1642 in
1419 1588 1574 1643 illum
1610 1589 1854 1647 latrones
1887 1601 2002 1648 tres
2036 1610 2052 1648 :

470 1691 706 1745 quorum
743 1678 854 1730 duo
889 1679 1149 1733 tenebant
1180 1695 1328 1748 eum,
1359 1683 1554 1739 tertius
1583 1699 1712 1738 vero
1742 1685 2058 1754 supellecti-

468 1767 574 1821 lem
605 1769 725 1836 ejus
754 1769 1055 1826 auferebat.
1086 1770 1382 1843 Postquam
1414 1783 1596 1830 autem
1627 1778 1822 1831 extulit
1851 1778 2048 1844 libros,
2086 1759 2128 1813 Β

467 1860 642 1914 voluit
684 1862 972 1916 levitonem
1011 1880 1228 1934 quoque
1265 1881 1502 1921 sumere.
1545 1867 1699 1923 Tunc
1739 1869 1878 1923 dixit
1923 1871 2002 1925 eis
2037 1888 2052 1925 :

470 1952 587 2008 lloc
617 1953 896 2010 dimittite.
926 1956 994 2009 At
1026 1956 1103 2010 illi
1133 1958 1451 2012 noluerunt.
1487 1958 1652 2014 Motis
1684 1961 1848 2031 igitur
1877 1963 2055 2017 mani-

468 2046 575 2102 bus
603 2049 742 2110 suis,
772 2048 894 2103 illos
921 2049 1060 2105 duos
1086 2049 1303 2118 dejecit.
1328 2049 1485 2116 Quod
1513 2061 1826 2116 cernentes,
1855 2055 2051 2110 timore

468 2140 704 2208 correpti
739 2147 888 2194 sunt.
921 2139 1012 2194 Ait
1045 2155 1212 2195 senex
1249 2160 1262 2196 :
1304 2141 1446 2195 Nihil
1482 2142 1758 2210 timeatis;
1796 2142 1958 2199 facite
1990 2161 2056 2200 ex

406 2219 415 2241 ’
466 2232 792 2300 supellectili
885 2241 1067 2302 partes
1115 2241 1370 2302 quatuor,
1419 2242 1532 2290 tres
1581 2235 1836 2305 accipite,
1881 2237 2056 2292 relin-

465 2322 618 2390 quite
645 2337 838 2389 unam.
865 2322 1044 2390 Atque
1075 2323 1148 2376 ita
1182 2321 1447 2381 fecerunt.
1479 2332 1538 2379 ut
1567 2333 1811 2380 sumeret
1844 2335 2055 2398 partem

465 2428 644 2478 suam,
679 2413 969 2468 levitonem
1006 2429 1116 2483 quo
1149 2414 1204 2467 in
1238 2414 1431 2485 synaxi
1466 2415 1740 2472 utebatur.

820 2527 897 2582 De
931 2527 1119 2582 abbate
1148 2527 1418 2582 Theodoro
1451 2545 1479 2582 e
1515 2527 1693 2583 Nono.

537 2640 590 2696 l.
634 2640 785 2694 Dixit
833 2642 1005 2696 abbas
1044 2641 1391 2709 Theodorus,
1440 2642 1529 2696 ille
1577 2642 1643 2695 de
1697 2641 1912 2695 Ennato
1959 2656 2052 2695 seu

463 2732 621 2786 Nono
659 2752 672 2787 :
709 2733 938 2799 Quando
978 2748 1128 2788 erant
1166 2732 1418 2803 jui/enis,
1459 2735 1512 2786 in
1558 2734 1855 2788 solitudine
1889 2733 2056 2803 dege-

462 2824 613 2879 batn.
651 2825 774 2878 Abii
811 2839 943 2895 ergo
983 2824 1048 2878 ad
1093 2824 1346 2888 furnum,
1385 2833 1443 2880 ut
1487 2825 1722 2880 facerem
1765 2825 1902 2880 duas
1944 2824 2056 2879 fru-

465 2917 769 2972 mentarias
801 2925 1090 2984 cocturas;
1128 2918 1308 2971 inveni
1346 2917 1418 2972 ibi
1457 2918 1676 2973 fratrem
1711 2919 1802 2988 qui
1839 2918 2055 2972 volebat

464 3025 636 3080 panes
665 3009 960 3073 coullcere,
983 3025 1083 3064 nec
1109 3009 1340 3065 habebat
1365 3025 1691 3080 quemquam
1719 3010 1786 3064 ad
1812 3009 2050 3064 dandam

2164 492 2264 562 τὴν
2290 497 2465 565 χεῖρα,
2498 496 2590 548 καὶ
2619 495 2809 568 ἔρριψε
2849 501 3004 556 αὐτό.
3041 503 3150 556 Καὶ
3183 504 3260 570 ὡς
3300 506 3545 579 ἀπῆλθεν
3589 510 3622 563 ὁ
3654 509 3759 563 Κό-

2168 599 2296 653 μης,
2331 581 2484 639 εἶπον
2517 587 2700 659 αὐτῷ’
2751 590 2940 656 ’Δϐϐἄ,
2972 593 3026 647 τί
3062 593 3224 651 τοῦτο
3251 598 3555 670 ἐποίησαςς
3587 596 3757 673 ἦλθεν

2163 678 2192 728 ὁ
2217 676 2503 749 ἄνθρωπος
2539 681 2922 753 ὠφεληθῆναιο
2956 685 3030 758 μὴ
3065 688 3156 740 ἵνα
3200 691 3564 765 σκανδαλισθῇ
3595 711 3610 759 ;
3645 695 3757 750 Kal.

2162 769 2309 838 λέγει
2340 789 2429 840 μοι
2455 775 2483 826 ὁ
2515 774 2692 844 γέρων
2712 793 2726 807 ·
2758 775 2823 830 Τί
2858 778 3038 847 λέγεις
3064 798 3175 850 μοι.
3199 783 3379 848 esse;
3415 786 3605 857 ἀκμὴν
3637 790 3755 854 τοῖς

2161 862 2472 934 ἀνθρώποις
2530 867 2900 941 δουλεύομεν;
2961 873 3301 945 ἐποιήσαμεν
3361 876 3458 950 τὴν
3519 881 3748 950 χρείαν

2161 955 2411 1026 παρῆλθε
2462 956 2667 1014 λοιπόν.
2707 961 2765 1013 Ὀ
2816 962 2986 1016 θέλων
3031 965 3401 1038 ὠφεληθῆναι.
3447 969 3747 1042 ὠφεληθῇ·

2159 1049 2188 1100 ὁ
2215 1048 2383 1104 θέλων
2397 1053 2870 1126 πανδαλισθῆναι,
2890 1059 3272 1131 σκανδαλισθῇο
3302 1055 3413 1130 ἐῨὼ
3435 1063 3492 1116 δέ
3517 1063 3595 1126 ὠς
3615 1065 3664 1117 δ’
3689 1065 3751 1118 ἂν

2160 1140 2388 1210 εὑρεθῶ,
2428 1143 2602 1210 οὕτως
2641 1148 2888 1202 ἀπαντῶ.
2928 1151 3272 1222 Παρήγγειλε
3306 1154 3364 1207 δὲ
3409 1155 3487 1224 τῷ
3525 1157 3748 1230 μαθητῇ

2159 1231 2360 1299 αὐτοῦ,
2413 1234 2623 1304 λέγων·
2679 1239 2806 1292 Ἐάν
2834 1257 2918 1304 τις
2959 1240 3086 1314 ἔλθῃ
3133 1243 3260 1298 ίδεῖν
3307 1263 3375 1316 με
3415 1246 3620 1310 θέλων,
3670 1254 3744 1322 μὴ

2159 1323 2320 1398 εἴπῃς
2359 1327 2506 1398 αὐτῷ
2548 1329 2600 1381 τί
2651 1347 2782 1384 ποτε
2813 1331 3152 1404 ἀνθρώπινον
3175 1353 3188 1366 ·
3225 1336 3339 1390 ἀλλ’
3378 1339 3475 1394 ἐὰν
3521 1341 3746 1412 τρώγω,

2158 1417 2303 1483 εἰπὲ,
2334 1418 2589 1491 Τρώγειο-
2605 1422 2700 1477 ἐὰν
2729 1425 3033 1497 κοιμῶμαι,
3060 1430 3210 1495 εἰπὲ,
3224 1431 3516 1503 Κοιμᾶται.

2229 1593 2330 1649 κθ¹.
2372 1591 2574 1651 Ἦλθάν
2605 1616 2736 1654 ποτε
2777 1603 2962 1656 ἐπάνω
2996 1605 3160 1659 αὐτοῦ
3197 1611 3346 1678 τρεῖς
3379 1608 3608 1680 λῃσταίο
3639 1613 3740 1666 καὶ

2157 1687 2206 1738 οἱ
2238 1686 2330 1740 δύο
2361 1689 2622 1759 ἐκράτουν
2655 1694 2838 1760 αὐτὸν,
2872 1697 2900 1748 ὁ
2937 1695 2994 1748 δὲ
3037 1691 3117 1762 εἷς
3152 1700 3436 1754 ἐκουϐἀλει
3459 1696 3530 1755 τὰ
3569 1705 3739 1778 σκεύη

2158 1780 2344 1836 αὑτοῦ.
2389 1784 2476 1848 Ὠς
2503 1785 2559 1838 δέ
2586 1786 2843 1857 ἐξήνεγκε
2873 1788 2941 1842 τὰ
2957 1788 3171 1859 βιϐλία,
3200 1793 3295 1847 καὶ
3317 1794 3406 1847 τὸν
3427 1781 3695 1852 λεϐίτωνα
3717 1799 3739 1831 ⁵

2157 1871 2315 1942 ἤθελε
2364 1874 2580 1930 λαϐεῖν·
2610 1877 2729 1930 τότε
2765 1879 2914 1949 λέγει
2954 1882 3137 1948 αὐτοῖς
3165 1901 3180 1915 ·
3222 1885 3392 1941 Τοῦτο
3431 1889 3644 1957 ἀφίετε.
3679 1894 3741 1947 Ui

2156 1964 2213 2018 δέ
2245 1968 2343 2020 οὐκ
2367 1968 2574 2040 ἤθελον.
2605 1974 2714 2027 Kal.
2735 1977 2964 2047 κινήσας
2992 1977 3091 2042 τὰς
3122 1981 3312 2052 χεῖρας
3338 1981 3502 2035 αὑτοῦ
3550 1983 3738 2056 ἔρριψε

2156 2061 2282 2124 τοὺς
2308 2061 2419 2115 δύο.
2447 2064 2556 2117 Kal.
2589 2065 2787 2132 ἰδόντες
2818 2069 3185 2142 ἐφοϐήθησαν.
3223 2074 3334 2127 Καὶ
3361 2073 3509 2142 λέγει
3550 2079 3739 2143 αὐτοῖς

2157 2152 2186 2204 ὁ
2221 2151 2398 2223 γέρων
2417 2170 2430 2183 ·
2466 2155 2647 2225 Μηδὲν
2677 2157 2975 2230 δειμάσητε
2997 2176 3014 2192 ο
3043 2163 3306 2234 ποιήσατε
3339 2164 3480 2220 αὐτὰ
3514 2169 3596 2230 εἰς
3617 2169 3740 2222 τέσ-

2160 2257 2301 2314 σαρα
2331 2243 2495 2314 μέρη,
2519 2247 2613 2300 καὶ
2638 2246 2832 2302 λάϐετε
2853 2249 2922 2303 τὰ
2945 2252 3094 2322 τρία,
3127 2253 3222 2307 καὶ
3245 2256 3410 2324 ἄφετε
3438 2257 3500 2311 τὸ
3531 2259 3612 2314 ἐν.
3631 2262 3741 2314 Kal.

2156 2332 2329 2398 οὕτως
2375 2337 2668 2408 ἐποίησαν·
2714 2339 2804 2393 διὰ
2836 2341 2898 2394 τὸ
2922 2340 3106 2396 λαϐεῖν
3150 2344 3214 2398 τὸ
3255 2346 3419 2418 μέρος
3458 2349 3626 2404 αὐτοῦ
3649 2351 3740 2405 τὸν

2156 2424 2420 2481 λεϐίτωνα
2442 2429 2487 2459 ⁵⁵
2516 2430 2607 2483 τὸν
2627 2434 2948 2488 συνακτικόν
2976 2435 3115 2508 (72).

2305 2540 2445 2606 Περὶ
2487 2540 2593 2594 τοῦ
2623 2542 2773 2598 ἁόϐᾶ
2808 2544 3110 2616 Θεοδώρου
3142 2549 3251 2604 τοῦ
3289 2551 3601 2610 Ἐννάτου.

2228 2659 2296 2706 a'.
2335 2649 2501 2707 Εἶπεν
2536 2656 2565 2708 ὁ
2610 2657 2782 2722 ἀϐϐἄς
2819 2659 3096 2734 Θεόδωρος
3131 2665 3160 2718 ὁ
3187 2663 3281 2718 τοῦ
3325 2665 3574 2722 Ἐννάτου
3606 2669 3740 2742 (73),

2158 2743 2240 2797 ὅτι
2287 2745 2414 2798 Ὅτε
2465 2747 2615 2818 ἥμην
2664 2750 2961 2825 νεώτερος,
2997 2758 3079 2820 είς
3137 2758 3238 2830 τὴν
3280 2758 3483 2831 ἔρημον
3525 2762 3738 2832 ἔμενον.

2173 2836 2434 2907 Ἀτήλθον
2464 2835 2556 2892 οὖν
2584 2843 2662 2906 εἰς
2693 2843 2752 2897 τὸ
2781 2845 3135 2916 ἀρτοκοπεῖον
3169 2851 3391 2920 ποιῆσαι
3415 2851 3509 2906 δύο
3543 2855 3734 2920 σιτίας,

2158 2929 2252 2981 καὶ⁹
2289 2922 2450 3002 εὖρον
2479 2934 2596 2986 ἐκεῖ
2637 2934 2864 3005 ἀδελφὸν
2902 2937 3123 2993 θέλοντα
3151 2943 3371 3014 ποιῆσαι.
3401 2945 3617 3016 ἄρτους,
3647 2950 3732 3002 καὶ

2158 3019 2258 3073 οὐκ
2285 3017 2397 3094 εἶχέ
2428 3040 2552 3079 τινα
2577 3024 2761 3081 δοῦναι
2791 3028 2939 3100 αὑτῷ
2969 3033 3151 3103 χεῖρα.
3193 3033 3333 3103 Ἐγὼ
3369 3036 3425 3090 δὲ
3459 3038 3647 3108 ἀφῆκα
3673 3040 3732 3092 τὰ

463 3103 515 3160 ei
563 3119 808 3160 manum.
847 3101 960 3175 Ego
1004 3114 1186 3158 autem
1229 3119 1344 3158 mea
1388 3103 1605 3175 reliqui,
1641 3111 1694 3158 et
1739 3120 1960 3158 manum
2000 3102 2047 3158 ei

2158 3109 2288 3180 ἐμὰ,
2319 3114 2413 3167 καὶ
2443 3114 2621 3169 ἔδωκα
2647 3116 2794 3189 αὐτῷ
2828 3101 3008 3190 χεῖρα.
3055 3101 3142 3185 Ὦς
3174 3122 3231 3175 δὲ
3263 3101 3736 3199 ἐσχόλασαξῆλθεν
3763 3125 3768 3129 ’

465 3194 708 3264 porrexi.
739 3193 808 3249 Ut
834 3209 964 3249 vero
991 3193 1060 3248 ab
1086 3194 1176 3248 illa
1205 3194 1567 3264 occupatione
1598 3192 1863 3248 liberatus
1895 3209 2046 3257 sum,

463 3290 612 3343 venit
657 3289 798 3342 alius
841 3286 1043 3353 frater;
1086 3287 1392 3358 iterumque
1433 3287 1482 3341 ei
1525 3286 1650 3339 dedi
1695 3301 1939 3371 manum,
1986 3301 2050 3341 ac

464 3377 564 3434 feci
598 3394 789 3448 panes.
815 3375 1034 3432 Tertius
1067 3384 1252 3447 postea
1288 3376 1549 3440 accessit;
1581 3375 1854 3445 similique
1886 3375 2050 3431 modo

459 3472 564 3541 egi.
590 3470 768 3540 Atque
789 3470 874 3525 sic
894 3470 960 3525 ad
986 3469 1233 3540 singulos
1261 3467 1618 3522 adventantes
1643 3483 1726 3521 me
1748 3467 2002 3537 gerebam
2026 3483 2042 3534 ;

459 3569 515 3615 et
545 3575 641 3617 sex
672 3567 931 3616 cocturas
962 3560 1199 3615 confeci.
1227 3558 1468 3613 Tandem
1496 3557 1636 3612 duas
1668 3558 1818 3612 meas
1848 3565 2043 3613 coctu-

462 3653 794 3724 rasvperegi,
822 3669 946 3708 cum
977 3667 1141 3707 nemo
1172 3651 1410 3722 amplius
1435 3652 1668 3706 veniret.

533 3745 588 3802 2.
619 3746 733 3817 (73)
767 3744 1142 3800 Memorabant
1162 3743 1229 3799 de
1252 3743 1448 3798 abbate
1464 3740 1758 3797 Theodoro
1778 3749 1832 3796 et
1853 3741 2050 3798 abbate

457 3835 653 3904 Lucio,
706 3836 907 3892 Ennati
961 3835 1180 3901 incolis,
1227 3835 1374 3906 quod
1425 3835 1822 3908 quinquaginta
1871 3849 2049 3894 annos

458 3991 482 4025 ⁸
520 3991 928 4063 Α1.λεϐήτωνα.
1004 3993 1050 4024 δ’
1081 3991 1166 4045 Al.
1199 3990 1482 4063 λεϐήτονα.

530 4122 644 4193 (71)
687 4119 796 4193 ἷξε.
835 4121 985 4175 Patr.
1017 4139 1116 4183 vn,
1160 4122 1192 4175 7

531 4191 645 4265 (Ἰέ)
683 4191 1119 4265 Τρνλεϐίτωνςι
1156 4191 1686 4265 τὸῂ-συῂακτικόν.
1730 4197 1888 4265 Apud
1920 4198 2048 4254 Bol-

459 4263 702 4328 landum,
726 4261 1009 4316 Februarii
1044 4263 1128 4325 ll,
1154 4262 1209 4316 in
1245 4262 1365 4317 Vita
1385 4262 1540 4318 Jonas
1569 4261 1814 4320 monac/ii
1837 4268 2049 4326 :Habe-

458 4335 563 4410 bat
600 4349 718 4387 uero
757 4349 920 4410 unum
967 4332 1267 4397 lebitonem,
1297 4351 1398 4404 quo
1453 4335 1773 4389 induebatur
1819 4347 2048 4410 tempore

456 4404 754 4458 divinorum
783 4412 831 4458 et
859 4405 1294 4479 intemeratarum
1316 4416 1770 4479 sacramentorum
1802 4404 2039 4479 corporis

461 4475 674 4530 Domini
701 4475 870 4530 nostri
891 4472 1022 4528 Iesu
1045 4472 1290 4529 Christi:
1323 4485 1373 4529 et
1400 4493 1516 4530 cum
1541 4477 1773 4544 primum
1800 4472 2038 4536 comma-

457 4547 707 4611 nicasset,
741 4562 861 4600 eum
897 4562 1082 4599 rursus
1112 4545 1416 4601 exuebatet
1445 4548 1744 4616 reponebat,
1781 4553 2035 4607 mundum

453 4634 666 4672 servans
689 4618 956 4688 octoginta
984 4617 1208 4687 quinque
1230 4634 1417 4688 annos.
1447 4617 1656 4684 Quibus
1684 4619 1823 4677 adde
1855 4623 2037 4679 locum

455 4689 685 4746 inferius
710 4687 946 4752 positum
973 4688 1026 4741 in
1059 4688 1255 4742 abbate
1278 4687 1479 4752 Phoca,
1499 4705 1649 4742 num.
1672 4689 1724 4745 1.
1749 4692 1826 4746 Ac
1849 4695 2038 4749 nescio

455 4775 524 4814 an
564 4759 670 4814 huc
703 4757 904 4814 faciant
924 4759 1160 4814 obscura
1183 4760 1343 4813 verba
1375 4759 1429 4813 in
1466 4757 1588 4813 Vita
1617 4758 1866 4817 Cuthlaci
1889 4764 2038 4818 Ana-

454 4830 701 4897 chorette,
732 4845 853 4900 cap.
871 4830 963 4895 51,
981 4832 1182 4900 suacqu
1201 4844 1282 4895 ιιι,
1307 4828 1374 4884 de
1390 4831 1599 4886 sanctis
1622 4831 1835 4889 ordinis
1861 4834 1918 4889 S.
1938 4834 2041 4890 Be-

454 4901 683 4966 nedicti,
717 4899 872 4971 parte
907 4915 945 4964 ι,
981 4917 1037 4970 p.
1059 4899 1166 4956 278
1193 4919 1206 4955 :
1240 4903 1317 4955 Ac
1349 4900 1536 4956 deinde
1563 4918 1683 4955 cum
1710 4919 1928 4959 causam
1955 4922 2040 4959 ve-

452 4973 685 5024 xationis
717 4987 826 5024 suw
857 4988 891 5024 a
931 4971 1220 5038 primordio
1255 4982 1521 5036 narraret,
1561 4974 1641 5026 vir
1680 4971 1778 5028 Dei
1813 4974 2039 5030 Gut/ila-

454 5057 546 5114 cus
565 5057 758 5095 exuens
772 5041 1033 5114 se'luterio
1052 5043 1317 5114 ntelotina:
1338 5045 1394 5097 in
1416 5043 1624 5114 quoille
1644 5060 1797 5100 orare
1813 5047 2035 5111 solebat,

454 5112 626 5186 ipsum
651 5113 1044 5186 circumdedit.
1082 5111 1227 5186 Legi,
1261 5111 1541 5170 enim'aut
1570 5115 1818 5186 intelligi
1861 5125 2041 5186 potest

455 5182 782 5257 let-(ilorium,
815 5183 962 5257 quod
999 5198 1098 5254 pro
1133 5182 1452 5257 levitonario
1493 5185 1724 5240 habetur
1756 5182 1810 5240 iit
1849 5182 2036 5257 Papia.

455 5251 583 5307 Scio
621 5253 690 5307 ab
723 5251 1043 5309 auctoribus
1073 5255 1240 5317 tradi,
1285 5257 1587 5311 lebetonem
1620 5271 1715 5310 seu
1745 5251 2038 5314 levitonem

451 5333 507 5379 et
548 5324 920 5378 libitonarium
965 5334 1169 5381 vestem
1210 5327 1380 5382 fuisse
1417 5325 1793 5381 monachicam
1835 5344 1902 5383 ex
1930 5331 2041 5384 lino

451 5405 544 5469 aut
580 5397 744 5449 etiam
790 5411 866 5469 e_x_
904 5396 1399 5469 pilisicontextam.
1447 5397 1554 5452 Sed
1602 5397 1732 5469 quid
1792 5398 2039 5469 impedit,

451 5467 582 5537 quin
624 5467 873 5522 nonnulli
907 5467 1088 5522 simile
1119 5468 1502 5524 indumentum
1531 5483 1561 5524 e
1587 5468 1823 5537 pellibus
1852 5467 2042 5527 confe-

450 5536 663 5591 cerint?

520 5606 634 5679 (73)
666 5608 777 5664 Τοῦ
823 5608 1130 5664 Ἐννάτου.
1181 5610 1535 5679 Interpretes,
1566 5608 1646 5665 De
1675 5610 1909 5667 Ennato.
1965 5611 2042 5668 De

452 5674 623 5753 Nono;
662 5679 1163 5753 Alexandria’thoc
1192 5687 1278 5735 est
1323 5674 1659 5753 monasterio
1695 5685 1839 5753 quod
1871 5683 2041 5738 situm

449 5756 567 5804 erat
597 5749 650 5805 in
675 5749 887 5808 Ennato
909 5766 1004 5809 seu
1031 5749 1205 5819 Nono,
1231 5765 1376 5807 nona
1407 5752 1629 5824 regione
1657 5749 2042 5813 Alexandrinae

2153 3201 2315 3267 ἄλλος
2367 3205 2618 3276 ἀδελφὸς,
2672 3209 2767 3261 καὶ
2814 3210 2975 3264 πάλιν
3019 3211 3194 3267 ἔδωκα
3231 3215 3379 3287 αὐτῷ
3419 3221 3599 3289 χεῖρα,
3648 3222 3737 3273 καὶ

2154 3293 2388 3365 ἐποίησα
2437 3296 2505 3350 τὰ
2544 3297 2753 3368 ψωμία.
2803 3301 2914 3353 Καὶ
2972 3302 3136 3357 πάλιν
3189 3305 3373 3377 τρίτος
3420 3303 3594 3378 ἦλθε,
3646 3313 3737 3364 καὶ

2153 3385 2383 3458 ἐποίησα
2432 3388 2633 3459 ὁμοίως
2655 3407 2669 3420 °
2692 3383 2803 3444 ’καὶ
2826 3391 3001 3457 οὕτως
3029 3395 3263 3450 ἕκαστον
3291 3397 3400 3452 τῶν
3428 3400 3735 3472 ἐρχομένων

2153 3477 2371 3531 ἐποίουν
2391 3494 2404 3507 ·
2432 3481 2528 3533 καὶ
2556 3481 2789 3554 ἐποίησα
2816 3483 2876 3550 ἒξ
2906 3486 3104 3551 σιτίας.
3131 3488 3396 3560 ’Ὕστερον
3427 3491 3484 3544 δὲ
3508 3493 3734 3565 ἐποίησα

2149 3567 2251 3632 τὰς
2294 3569 2388 3624 δύο
2435 3572 2612 3638 σιτίας
2662 3575 2760 3639 τὰς
2809 3576 2988 3649 ἐμὰς,
3037 3580 3386 3652 ἀποσχόντων
3429 3583 3538 3639 τῶν
3586 3588 3736 3658 ἐρχο-

2155 3661 2354 3733 μένων.

2224 3753 2291 3825 β’.
2352 3754 2581 3827 Ἔλεγον
2605 3759 2735 3832 περὶ
2764 3760 2859 3815 τοῦ
2891 3761 3037 3836 esse
3060 3764 3333 3838 Θεοδώρου
3363 3769 3571 3824 καὶτοῦ
3596 3769 3736 3825 ἀϐϐἆ

2149 3846 2380 3902 Λουκίου
2408 3849 2519 3904 τῶν
2549 3851 2645 3906 τοῦ
2681 3853 2957 3923 Ἐννάτου,
2989 3858 3074 3912 ὅτι
3107 3860 3371 3932 ἐποίησαν
3401 3865 3736 3935 πεντήκοντα

2151 4133 2413 4214 civitatis.
2445 4133 2661 4214 Praeter:
2677 4136 2941 4214 Joannen.
2984 4140 3268 4198 Moschum
3297 4158 3417 4214 cap.
3459 4143 3728 4211 “5,177,

2150 4205 2275 4286 illi,
2318 4205 2578 4286 Leontius
2618 4208 2698 4286 De
2733 4213 3156 4286 sectisj‘aclione
3186 4215 3260 4286 5A:
3289 4205 3550 4286 Φοϐηθεὶς
3571 4205 3607 4269 ’ὁ
3641 4205 3732 4271 Σεὲ

2150 4274 2338 4372 ϐῇρος,
2387 4279 2580 4372 (fatifer.
2627 4282 2709 4372 sic
2735 4281 3176 4372 I’Aleﬁavb'pls‘tav,
3210 4284 3382 4366 ἔχων-
3398 4274 3731 4372 μίεθίέαυτοῦ

2163 4345 2447 4426 ςιουλιανᾷν
2494 4345 2615 4426 τινα
2654 4345 2954 4426 ἐπίσκοπον
2986 4345 3417 4426 Ἁλικαρνασοῧ
3465 4351 3610 4412 οὗτοι
3651 4359 3734 4412 ἐλ-

2151 4415 2354 4483 θόντες,
2387 4419 2707 4486 ἐκαθέζοντο
2754 4423 2835 4487 εἰς
2880 4423 2941 4476 τὸ
2982 4415 3261 4479 Ἐννατὸν.
3327 4425 3547 4482 Severus
3598 4443 3733 4483 metu

2145 4487 2401 4569 impulsus
2420 4529 2435 4553 ,
2465 4491 2844 4569 Alexandriam
2868 4493 3122 4566 profugit,
3151 4493 3430 4569 lulianum
3459 4499 3732 4569 quemdam

2147 4557 2696 4638 Halicarnassensem,
2724 4557 3224 4638 episcopum'secum
3253 4557 3483 4624 habens:
3502 4568 3578 4623 Hi
3601 4581 3736 4638 post-

2145 4645 2368 4709 eaquam
2382 4647 2441 4709 eo
2458 4632 2736 4709 venissent,
2755 4632 3012 4709 sedebant
3043 4637 3112 4690 ad
3144 4635 3437 4709 Ennatum.
3471 4641 3554 4694 Ad
3575 4632 3731 4709 quem

2148 4700 2328 4753 locum
2370 4702 2656 4757 observari
2691 4703 2853 4760 debet
2887 4706 3124 4762 varietas
3156 4723 3220 4761 ex
3263 4707 3484 4764 Scholia
3505 4700 3732 4766 Anasta-

2148 4770 2286 4850 εἰοιιὶ
2334 4769 2557 4850 Hodegi,
2587 4789 2709 4850 cap.
2745 4775 2836 4850 22,
2867 4791 2922 4846 p.
2945 4776 3049 4831 546
3071 4794 3088 4832 ι
3120 4779 3356 4850 Σευῆρος
3385 4782 3478 4834 καὶ
3508 4781 3732 4845 Γαῖανδς

2145 4841 2459 4921 ὁρόφρονες.
2486 4841 2714 4921 τὸ-πρὶν
2747 4841 3061 4921 ἐτύῇχανον,
3102 4849 3196 4921 καὶ
3225 4841 3282 4921 ἐν
3320 4841 3398 4920 τῷ
3435 4852 3550 4921 ἅμα
3585 4854 3646 4913 (f.
3680 4841 3732 4905 ἐν

2147 4910 2226 4992 τῷ
2245 4910 2424 4982 vacat)
2443 4913 2602 4992 ἐντῷ.
2633 4910 3077 4992 ὂκτοκαιδεκάτφ
3101 4910 3507 4992 Ἀλεξανδρείας
3524 4910 3728 4991 διῆγον.

2149 4980 2368 5036 Severus
2409 4980 2459 5038 et
2489 4980 2738 5061 Δ(ιῖἁὶιιηιιιι
2769 4988 2925 5061 initio
2956 4980 3254 5061 concordes
3273 4980 3446 5054 era'ul,
3471 4980 3732 5061 eiusdem—

2147 5068 2248 5122 que
2277 5055 2584 5117 sententiis;
2614 5068 2660 5110 et
2689 5058 2849 5111 simul
2869 5059 2924 5112 in
2951 5058 3168 5115 Decimo
3193 5072 3374 5116 octavo
3395 5055 3733 5118 Alexandria

2148 5125 2422 5204 degebant.
2456 5125 2599 5191 Quid
2641 5143 2769 5204 vero
2797 5129 2902 5184 sibi
2932 5133 3148 5204 _v_olunt
3182 5131 3288 5185 ista
3318 5131 3558 5187 Liberati
3610 5149 3728 5204 cap.

2150 5193 2260 5273 19:
2301 5193 2402 5273 Εο-
2414 5206 2656 5273 tempore
2702 5199 3066 5273 Alexandria,
3098 5210 3306 5257 mortuo
3351 5203 3603 5259 Ilioscoro
3643 5193 3732 5273 ju-

2149 5266 2318 5329 niore,
2361 5265 2664 5324 Timotheus
2709 5271 2943 5326 ecclesia:
2983 5273 3149 5341 ipsius
3201 5283 3500 5342 susceperat
3542 5265 3733 5342 episco-

2148 5346 2366 5412 patum;
2396 5354 2429 5392 a
2450 5355 2552 5412 quo
2573 5342 2878 5412 gratissime
2895 5344 3126 5412 suscepti
3152 5343 3371 5398 Set-erus
3395 5355 3443 5398 et
3458 5343 3730 5408 Julianus,

2150 5406 2399 5478 sedebant
2430 5406 2496 5462 ait
2523 5406 2755 5465 laborem
2779 5421 2872 5465 aut
2902 5406 3203 5478 labranum,
3232 5413 3522 5478 labronem,
3556 5406 3731 5469 labraé

2151 5493 2255 5554 non
2274 5480 2300 5534 7
2325 5477 2721 5554 Conjiciebam,
2753 5482 2961 5536 labrum
2989 5485 3093 5539 hoc
3133 5477 3218 5541 est
3249 5484 3461 5539 lauram
3495 5477 3727 5554 Nonum,

2150 5548 2235 5617 vel
2291 5565 2397 5602 una
2431 5565 2584 5617 voce,
2638 5553 3012 5609 labranonum.
3063 5554 3336 5611 Caeterum
3382 5557 3587 5612 nollem
3636 5548 3728 5611 hoé

2150 5616 2483 5699 [ﬁrmamina
2511 5616 2644 5699 viris
2676 5623 3163 5699 doctis_confusum
3189 5627 3361 5699 fuisse
3387 5642 3529 5699 ﬁcum
3565 5629 3733 5699 ἐνάτῳ

2153 5690 2365 5763 σημείῳ
2394 5691 2821 5766 Ἀλεξανδρείας,
2858 5695 3001 5753 infra
3026 5697 3118 5754 ubi
3131 5695 3200 5755 de
3225 5695 3497 5766 Lonttino,
3521 5714 3581 5758 ιι.
3613 5700 3669 5756 5.
