3874 6302
241 299 345 354 197

1419 296 2050 354 APOPHTIIEGMATA.
2079 295 2390 352 PATRUM.

3421 289 3522 346 198

233 413 358 484 ἔτη,
376 413 738 482 χλευάζοντες
752 413 879 478 τοὺς
900 413 1195 484 λογισμοὺς
1217 413 1420 477 αὐτῶν,
1442 415 1538 468 καὶ
1555 414 1807 483 λέγοντες
1822 430 1838 445 ο

1965 415 2180 483 :gerint,
2212 411 2450 466 cavillati
2485 407 2849 482 cogitationes
2882 423 3034 470 suas,
3066 421 3192 461 cum
3226 406 3475 462 dicerent
3503 425 3520 462 τ
3567 411 3577 422 ‘

233 502 394 556 Μετὰ
445 504 543 556 τὸν
595 503 842 574 χειμῶνα
879 502 1090 566 τοῦτον,
1129 501 1528 574 μεταϐαίνομεν
1569 500 1837 555 ἐντεῦθεν.

238 595 372 648 Ὅτε
411 594 471 648 δὲ
510 596 678 648 πάλιν
707 595 909 667 ήρχετο
944 597 1006 648 τὸ
1045 593 1226 667 θέρος,
1258 593 1466 664 ἔλεγον,
1491 595 1572 648 ὅτι
1611 593 1766 648 Μετὰ
1781 591 1842 646 τὸ

233 686 401 758 Θέρος
433 687 600 741 τοῦτο
629 685 987 759 ἀπερχόμεθα
1016 687 1288 741 ἐντεῦθεν.
1326 687 1437 740 Καὶ
1457 685 1630 750 οὕτως
1655 685 1843 754 εποίη-

235 795 342 832 σαν
365 781 555 834 πάντα
588 781 681 834 τὸν
714 782 908 851 χρόνον
935 783 984 833 οί
1018 779 1616 852 ἁείμνηστοιΠατέρες.

308 966 383 1027 γ’.
418 955 594 1014 Εἶπεν
608 962 637 1013 6
652 959 828 1024 ἀϐϐἄς
843 959 1115 1031 Θεόδωρος
1133 961 1161 1012 6
1177 958 1283 1012 τῶν
1312 957 1585 1020 Ἐννάτου,
1607 958 1688 1012 ὅτι
1716 956 1842 1011 Ἐὰν

235 1051 533 1122 λογίσηται
568 1054 703 1123 ἡμῖν
736 1055 765 1106 6
789 1052 922 1116 Θεὸς
943 1053 1044 1116 τὰς
1083 1053 1141 1104 ἐν
1175 1054 1295 1114 ταῖς
1329 1050 1516 1120 εὐχαῖς
1556 1049 1839 1120 ἀμελείας,

235 1146 335 1195 καὶ
383 1145 489 1205 τὰς
547 1144 927 1214 αἰχμαλωσίας
962 1143 1062 1208 τὰς
1112 1144 1172 1195 ὲν
1216 1145 1336 1206 ταῖς
1368 1142 1741 1214 ψαλμῳδίαις,
1779 1143 1841 1196 οὐ

232 1234 527 1306 δυνάμεθα
555 1237 820 1308 σωθῆναι.
1009 1223 1014 1229 ”

352 1368 502 1438 Περὶ
539 1369 649 1423 τοῦ
691 1366 843 1424 ἀϐϐᾶ
877 1367 1184 1438 Θεοδώρου
1221 1369 1327 1424 τοῦ
1370 1372 1458 1436 είς
1489 1370 1736 1440 Σκῆτιγ.

313 1475 491 1534 Εἶπεν
522 1483 553 1535 6
593 1480 770 1545 ἁϐϐᾶς
811 1481 1089 1553 Θεόδωρος
1136 1485 1166 1536 6
1204 1485 1284 1548 είς
1323 1485 1550 1552 Σκῆτιν·
1586 1485 1845 1555 Ἔρχεται

238 1576 269 1627 6
289 1573 586 1646 λογισμὸς,
617 1576 712 1628 καὶ
737 1575 1002 1645 ταράσσει
1030 1592 1119 1646 με,
1141 1577 1234 1628 καὶ
1255 1576 1476 1646 ἀσχολεῖ
1508 1594 1594 1647 με,
1625 1578 1720 1630 καὶ
1748 1577 1846 1650 τὴν

238 1665 452 1738 πρᾶξιν
499 1667 601 1718 οὐκ
653 1664 829 1736 ίσχύει
869 1666 1127 1736 ποιῆσαι,
1179 1667 1319 1721 ἀλλὰ
1364 1668 1524 1738 μόνον
1567 1668 1846 1739 ἐμπώίζει

1944 503 2075 559 Post
2111 503 2346 558 hiemem
2386 503 2550 567 hanc,
2585 500 2945 572 migrabimus
2979 498 3126 553 hinc.
3161 496 3391 564 Quando
3424 513 3525 553 au-

1943 603 2052 651 tem
2091 597 2290 651 iterum
2329 595 2653 650 adveniebat
2689 600 2876 657 aestas,
2914 591 3134 646 aiebant
3170 609 3184 646 :
3222 589 3540 646 Transacta-

1945 686 2048 742 hac
2087 695 2308 751 aestate,
2352 686 2479 740 hinc
2523 684 2894 740 discedemus.
2933 682 3113 753 Atque
3159 683 3232 736 ita
3278 681 3524 736 fecerunt

1944 780 2093 833 omni
2150 780 2274 834 vita:
2327 785 2596 848 tempore,
2657 776 2992 847 sempiterna
3050 778 3316 830 memoria
3377 773 3526 844 digiti

1943 871 2156 926 Patres.
3527 907 3530 911 ι

2015 962 2067 1016 5.
2099 962 2209 1034 (74)
2238 959 2394 1015 llunc
2413 972 2723 1016 sermonem
2746 957 2936 1014 habuit
2963 957 3132 1014 abbas
3149 955 3474 1011 Theodorus
3497 969 3529 1010 e

1943 1054 2099 1111 Nono
2138 1073 2152 1109 :
2197 1053 2255 1110 Si
2294 1054 2454 1110 nobis
2495 1052 2848 1122 imputaverit
2891 1051 3034 1106 Deus
3075 1049 3432 1121 negligentiae
3471 1047 3526 1101 in

1945 1148 2222 1218 precibus,
2255 1156 2309 1202 et
2350 1145 2734 1214 subreptioues
2765 1144 2822 1199 in
2857 1143 3202 1216 psalmodiis,
3237 1141 3374 1197 salvi
3409 1139 3529 1196 ﬁeri

1946 1254 2055 1294 non
2089 1253 2406 1310 possumus.

2335 1371 2413 1426 De
2450 1371 2639 1426 abbate
2672 1368 2944 1424 Theodoro
2979 1366 3209 1423 Sceteos.

2019 1487 2133 1559 (75)
2177 1486 2319 1541 Dixit
2349 1487 2518 1541 abbas
2545 1485 2868 1540 Theodorus
2898 1500 2927 1540 e
2957 1482 3102 1537 Secti
3137 1499 3153 1540 ;
3189 1480 3348 1535 Subit
3382 1477 3531 1550 cogi—
3645 1475 3649 1478 ’

1947 1581 2116 1644 talio,
2152 1589 2206 1635 et
2242 1581 2537 1634 conturbat
2574 1595 2660 1635 me
2694 1587 2858 1649 atque
2892 1584 3160 1646 occupat,
3197 1591 3305 1628 non
3345 1581 3529 1628 tamen

1947 1671 2015 1725 ad
2047 1672 2296 1726 eﬂ'ectum
2330 1669 2581 1741 progredi
2618 1670 2792 1733 valet,
2827 1668 2922 1724 sed
2956 1676 3167 1721 tantum
3203 1663 3429 1735 impedit
3462 1664 3530 1718 ad

239 1759 386 1829 πρὸς
413 1759 518 1830 τὴν
555 1762 783 1831 ἀρετήν·
802 1761 829 1813 6
863 1758 919 1811 δὲ
949 1759 1208 1832 νηφάλιος
1237 1760 1398 1830 ἀνὴρ,
1433 1760 1848 1828 ἐκτιναξάμενος

1965 1763 2248 1828 virtutem;
2290 1763 2374 1815 vir
2411 1773 2591 1816 autem
2634 1762 2866 1834 vigilans
2909 1759 3150 1832 seipsum
3191 1757 3436 1822 excutit,
3477 1767 3532 1811 et

238 1851 430 1914 αὐτὸν,
464 1849 742 1920 ἐγείρεται
776 1851 856 1912 εἰς
891 1851 1225 1920 προσευχήν,

242 1963 392 2030 Περὶ
438 1961 550 2016 τοῦ
583 1960 734 2016 ἀδεᾶ
770 1960 1072 2030 Θεοδώρου
1103 1961 1212 2016 τοῦ
1247 1963 1840 2030 Ἐλευθεροπολίτου.

312 2084 386 2131 α’.
433 2078 500 2130 Ἦ
510 2075 760 2146 ρώτησεν
785 2078 814 2129 6
840 2075 1016 2138 ἁϐϐᾶς
1053 2075 1307 2146 Ἀϐραὰμ
1327 2077 1358 2129 6
1391 2075 1538 2148 Ἰϐὴρ
1562 2077 1652 2130 τὸν
1673 2076 1849 2131 ἁϐϐἇν

238 2168 529 2241 Θεόδωρον
560 2169 653 2222 τὸν
682 2168 1216 2240 Ἐλευθεροπολίτην,
1262 2168 1459 2247 λέγων’
1503 2169 1628 2232 Πῶς
1667 2169 1850 2234 καλῶς

241 2264 386 2323 ἔστι.
405 2262 594 2332 Πάτερ
609 2277 624 2326 ;
638 2261 796 2328 δόξαν
815 2265 1246 2332 περιποιήσομαι
1271 2259 1515 2332 ἐμαυτῷ,
1536 2262 1568 2331 ἢ
1587 2261 1809 2333 ἀτιμίαν
1832 2278 1848 2329 ;

252 2357 316 2408 ὐ
349 2357 410 2409 δὲ
445 2355 629 2426 γέρων
657 2354 840 2422 λέγει’
873 2355 1024 2417 Τέως
1057 2353 1168 2423 ἐγὼ
1217 2354 1357 2407 θέλω
1387 2355 1852 2425 περιποιήσασθαι

240 2447 428 2513 δόξαν,
468 2447 502 2518 ἢ
527 2448 776 2517 ἀτιμίαν.
816 2446 942 2499 Ἐὰν
970 2445 1079 2518 γὰρ
1110 2447 1322 2516 ποιήσω
1350 2446 1516 2500 καλὸν
1553 2446 1733 2517 ἔργον,
1759 2448 1854 2502 καὶ

241 2537 522 2605 δοξασθῶ,
547 2539 785 2610 δύναμαι
821 2541 1150 2610 κατακρῖναι
1189 2541 1281 2594 τὸν
1319 2539 1581 2610 λογισμόν
1613 2557 1736 2610 μου,
1767 2541 1850 2593 ὅτι

241 2632 350 2684 οὐκ
379 2631 502 2701 εἰμὶ
543 2631 695 2696 ἄξιος
732 2629 833 2702 τῆς
864 2629 1025 2700 δόξης
1073 2628 1308 2702 ταύτηςο
1346 2630 1379 2700 ὴ
1415 2629 1470 2682 δὲ
1503 2629 1696 2700 ἀτιμία
1743 2629 1850 2682 ἀπὸ

244 2723 481 2793 φαύλων
506 2723 850 2792 πραγμάτων
881 2722 1112 2790 γίνεται.
1137 2721 1261 2784 Πῶς
1285 2718 1379 2776 οὖν
1412 2722 1647 2793 δύναμαι
1676 2741 1852 2795 παραυ

243 2815 487 2869 καλέσαι
521 2815 621 2886 τὴν
665 2815 896 2886 καρδίαν
932 2831 1057 2886 μου,
1098 2815 1597 2869 σκανδαλισθέντων
1638 2817 1698 2868 ὲν
1729 2817 1854 2886 ἐμοὶ

242 2909 358 2962 τῶν
389 2905 738 2978 ἀνθρώπων,
788 2909 1040 2976 κρεῖσσον
1070 2902 1164 2959 οὖν
1206 2907 1266 2960 τὸ
1299 2907 1502 2976 ἀγαθον
1529 2910 1722 2972 ποιεῖν,
1757 2910 1854 2963 καὶ

242 2999 598 3067 δοξάζεσθαι.
631 3000 691 3052 ὐ
715 2999 774 3052 δὲ
800 2999 973 3063 ἁϐϐἄς
1005 2999 1259 3071 Ἀϐραὰμ
1283 2995 1425 3053 εἷπε·
1450 3000 1646 3065 Καλῶς
1666 2995 1849 3066 εἶπας,

245 3095 464 3166 Πάτερ.

323 3269 390 3339 β’.
441 3267 613 3323 Εἶπεν
646 3271 674 3323 6
707 3267 884 3333 ἁϐϐἄς
909 3269 1182 3333 Θεὸδοτος’
1221 3269 1282 3322 Ἦ
1322 3268 1495 3322 ἔνδεια
1529 3268 1621 3322 τοῦ
1682 3268 1850 3332 ἄρτου

243 3365 412 3434 τήκει
443 3362 504 3415 τδ
540 3362 702 3432 σῶμα
732 3361 828 3416 τοῦ
854 3360 1113 3432 μοναχοῦ.
1151 3361 1342 3425 ’Δλλος
1363 3361 1418 3414 δὲ
1442 3361 1620 3432 γέρων
1644 3359 1850 3430 ἔλεγεν,

246 3457 336 3508 ὅτι
369 3457 406 3526 ἡ
448 3454 732 3526 ἀγρυπνία
765 3453 926 3506 πλέον
959 3455 1116 3525 τήκει
1143 3454 1205 3508 τὸ
1244 3453 1426 3524 σῶμα.

695 3587 840 3657 Περὶ
875 3587 980 3641 τοῦ
1011 3585 1160 3642 ἀϐϐᾶ
1189 3586 1406 3643 Θεωνᾶ.

319 3701 495 3761 Εῖτεν
525 3707 554 3758 ὁ
582 3703 757 3768 ἁϐϐᾶς
783 3704 1001 3768 Θεωνᾶς
1020 3719 1032 3734 ·
1066 3703 1164 3756 Διὰ
1190 3702 1250 3756 τὸ
1292 3702 1734 3774 ἀπασχοληθῆναι
1761 3704 1851 3757 τὸν

249 3799 382 3854 νοῦν
407 3799 517 3852 ἀπὸ
543 3798 642 3869 τῆς
665 3799 745 3861 είς
774 3796 907 3849 Θεὸν
935 3796 1188 3866 Θεωρίας,
1209 3793 1725 3866 αἰχμαλωτιζόμεοα
1747 3794 1852 3848 ὑπὸ

246 3893 368 3949 τῶν
399 3891 594 3948 παθῶν
621 3891 732 3944 τῶν
760 3888 1062 3962 σαρκικῶν.

491 4005 636 4072 Περὶ
667 4001 968 4071 Θεοφίλου
991 4000 1097 4055 τοῦ
1117 3999 1618 4070 ἀρχιεπισκόπου.

325 4125 396 4172 α’.
441 4116 502 4170 '0
545 4116 814 4187 μακάριος
847 4113 1106 4184 Θεόφιλος
1162 4115 1191 4166 6
1227 4113 1660 4185 ἀρχιεπίσκοπος
1712 4129 1854 4185 παρ-

251 4210 427 4264 έϐαλέ
473 4225 607 4262 ποτε
658 4211 740 4271 εἰς
782 4208 842 4260 τὸ
877 4207 1002 4278 ὅρος
1047 4207 1146 4277 τῆς
1189 4205 1452 4278 Νιτρίας·
1495 4207 1588 4259 καὶ
1635 4201 1797 4277 ἦλθεν
1824 4207 1853 4259 6

250 4303 436 4366 ἁϐϐᾶς
461 4301 554 4356 τοῦ
577 4302 738 4373 ϐρους
765 4300 902 4372 πρὸς
927 4301 1108 4354 αὐτόν.
1136 4299 1248 4354 Καὶ
1279 4299 1428 4368 λέγει
1458 4299 1606 4371 αὐτῷ
1650 4302 1678 4353 6
1699 4299 1855 4370 ἀρχι-

249 4394 592 4456 επίσκοπος·
630 4388 868 4463 Τίεῦρες
901 4394 959 4446 ὲν
987 4393 1052 4462 τῇ
1081 4390 1186 4462 ὁδῷ
1219 4390 1394 4464 ταύτῃ
1427 4391 1610 4455 πλέον,
1635 4391 1850 4462 “deep;

1951 1855 2130 1927 surgit
2163 1862 2221 1908 ut
2253 1862 2532 1924 precetur.

2142 1968 2220 2023 De
2258 1967 2449 2023 abbate
2485 1966 2756 2022 Theodoro
2798 1965 3322 2035 Eleutltcropolitano

2024 2082 2077 2137 l.
2116 2079 2479 2152 Interrogavit
2523 2081 2693 2136 abbas
2727 2079 3001 2134 Abraham
3048 2075 3240 2132 Iberus
3280 2075 3532 2130 abbatem

1951 2174 2298 2232 Theodorum
2332 2172 2950 2242 Eleuthempolitanum,
2980 2167 3172 2223 dicens
3203 2186 3216 2221 :
3247 2163 3533 2231 Quomodo

1951 2277 2102 2323 recte
2148 2267 2335 2333 habet,
2383 2263 2579 2320 Pater?
2625 2263 2866 2318 Gloriam
2916 2261 3048 2315 mihi
3089 2258 3400 2323 vindicabo,
3448 2255 3532 2311 vel

1951 2359 2340 2431 ignominiam?
2369 2357 2548 2412 Senex
2577 2355 2862 2425 respondit
2893 2373 2906 2409 :
2941 2352 3052 2424 Ego
3080 2366 3215 2407 sane
3245 2352 3388 2404 malo
3415 2338 3532 2418 glo-

1951 2454 2126 2517 riam,
2178 2467 2342 2522 quam
2395 2450 2776 2520 ignominiam.
2829 2447 2887 2501 Si
2937 2447 3082 2501 enim
3139 2445 3344 2500 bonum
3395 2457 3533 2513 opus

1951 2560 2132 2615 egero,
2157 2553 2211 2599 et
2237 2544 2464 2614 gloriam
2493 2542 2644 2596 fuero
2672 2548 2980 2600 assecutus.
3015 2552 3240 2608 possum
3268 2536 3534 2591 damnare

1952 2637 2342 2707 cogitationem
2381 2649 2588 2697 meam,
2621 2633 2766 2702 quod
2802 2647 2913 2685 non
2948 2631 3050 2686 sim
3085 2631 3287 2698 dignus
3321 2643 3385 2683 ea
3419 2627 3528 2698 gloo

1952 2730 2055 2782 ria.
2082 2729 2150 2781 At
2177 2727 2476 2798 ignominia
2538 2741 2603 2780 ex
2632 2725 2817 2796 pravis
2847 2723 3163 2778 actionibus
3189 2723 3388 2776 oritur.
3414 2720 3534 2786 Quo

1953 2826 2112 2889 pacto
2146 2819 2312 2891 igitur
2345 2835 2444 2874 cor
2476 2835 2657 2874 meum
2696 2830 2886 2890 potero
2921 2818 3234 2880 consolari,
3271 2832 3396 2872 cum
3435 2816 3534 2871 ho-

1954 2914 2128 2967 mines
2173 2915 2226 2966 in
2271 2929 2356 2969 me
2399 2913 2721 2968 scandalum
2770 2920 2936 2981 atque
2979 2911 3338 2966 offensionem
3379 2923 3536 2979 cepe-

1955 3007 2096 3060 rint?
2117 3006 2350 3061 Praestat
2376 3023 2508 3078 ergo
2536 3007 2739 3062 bonum
2769 3005 2971 3069 facere,
2999 3020 3062 3059 ac
3087 3005 3315 3075 gloriam
3344 3018 3538 3072 repor-

1954 3107 2088 3153 tare.
2143 3099 2295 3152 Tunc
2349 3099 2518 3154 abbas
2571 3098 2846 3153 Abraham
2901 3095 3278 3168 pronuntiavit
3327 3113 3342 3150 :
3393 3093 3538 3150 Bene

1959 3192 2174 3245 locutus
2202 3207 2285 3256 cs,
2314 3189 2498 3246 Pater.

2030 3285 2083 3339 2.
2117 3283 2228 3354 (76)
2262 3284 2404 3337 Dixit
2437 3285 2607 3339 abbas
2629 3282 2952 3338 Theodorus
3006 3279 3346 3352 :Indigentia
3379 3278 3540 3350 panis

1959 3385 2204 3430 macerat
2238 3392 2438 3446 corpus
2475 3377 2752 3431 monachi.
2781 3376 2936 3431 Alius
2964 3390 3093 3430 vero
3125 3389 3294 3430 senex
3327 3387 3539 3428 assere-

1959 3469 2070 3534 bat,
2103 3483 2132 3522 a
2163 3470 2364 3540 vigiliis
2395 3470 2516 3538 plus
2550 3484 2751 3539 corpus
2785 3467 3072 3522 macerari.

2461 3602 2538 3659 De
2577 3604 2760 3658 abbate
2798 3601 3028 3658 Tlteona.

2031 3719 2144 3790 (77)
2186 3719 2331 3774 Dixit
2382 3718 2556 3773 abbas
2601 3716 2855 3771 Theonas
2901 3736 2914 3771 :
2962 3716 3232 3783 Quoniam
3282 3720 3540 3769 avocatur

1961 3829 2118 3867 mens
2147 3829 2175 3864 a
2207 3811 2670 3881 contemplatione
2702 3808 2819 3876 Dei,
2849 3808 2972 3865 ideo
2996 3808 3200 3879 captivi
3227 3807 3483 3863 ducimur
3508 3822 3540 3861 a

1957 3903 2146 3958 carnis
2178 3901 2484 3956 aﬁectibtis.

2332 4014 2404 4068 De
2444 4013 2726 4084 Thwplu'to
2765 4011 3175 4083 archiepiscopo.

2034 4131 2084 4183 ί.
2129 4119 2240 4198 (78)
2282 4128 2482 4182 Beatus
2516 4128 2856 4198 Theophilus
2928 4127 3381 4197 archiepiscopus
3415 4140 3542 4196 pro-

1965 4224 2139 4278 fectus
2167 4235 2249 4277 est
2279 4222 2576 4294 aliquando
2609 4224 2661 4274 in
2697 4230 2936 4274 montem
2969 4221 3184 4279 Nitrim:
3217 4233 3268 4275 et
3294 4222 3445 4274 venit
3475 4220 3539 4273 ad

1961 4331 2084 4367 eum
2129 4313 2331 4366 montis
2375 4312 2561 4368 abbas.
2600 4310 2737 4366 Dicit
2772 4313 2820 4365 ei
2859 4312 3312 4382 archiepiScOpus
3349 4330 3361 4365 :
3400 4310 3543 4377 Quid

1963 4406 2214 4460 invenisti
2253 4405 2306 4458 in
2336 4406 2423 4459 via
2460 4405 2560 4457 hac
2596 4406 2831 4474 amplius
2866 4405 3173 4475 majusque,
3211 4404 3407 4458 Pater?
3441 4402 3543 4458 Re-

247 4488 426 4554 Δέγει
455 4487 606 4556 αὑτῴ
639 4487 666 4538 6
713 4485 926 4556 γέρωνο
985 4485 1058 4537 Τὸ
1092 4483 1371 4538 αἰτιᾶσθαι
1406 4485 1498 4538 καὶ
1543 4485 1848 4555 μέμφεσθαι

1965 4499 2180 4569 spondit
2207 4513 2369 4552 senex
2395 4515 2408 4552 :
2430 4497 2660 4567 (lulpare
2686 4513 2746 4552 se
2770 4506 2824 4551 et
2851 4513 3113 4552 accusare
3135 4511 3368 4567 semper.
3390 4495 3544 4550 Tunc

250 4580 451 4634 ἑαυτὸν
482 4581 734 4634 πάντοτε.
764 4579 927 4647 Λέγει
958 4577 1103 4648 αὑτῷ
1129 4576 1343 4642 ὁὰϐϐἄς
1376 4576 1662 4648 Θεόφιλος
1684 4576 1852 4650 Ἀλλη

247 4674 374 4738 ὁδὸς
396 4675 502 4727 οὐκ
532 4673 702 4736 ἐστιν,
729 4674 776 4726 εί
803 4673 878 4744 μὴ
909 4672 1072 4743 αὕτη.

327 4768 397 4839 β’.
459 4769 521 4822 '0
576 4767 742 4830 αὐτὸς
798 4766 973 4830 ἀϐϐἄς
1013 4764 1272 4834 Θεόφιλος
1322 4766 1351 4816 6
1412 4763 1844 4835 ἁρχιεπίσκοπος

250 4858 542 4932 παρέϐαλέ
581 4875 714 4912 ποτε
759 4859 839 4920 είς
879 4857 979 4929 τὴν
1031 4857 1252 4927 Σκῆτιν.
1302 4856 1665 4926 Συναχθέντες
1706 4855 1763 4908 δὲ
1807 4859 1856 4910 οἱ

249 4952 481 5020 ἀδελφοὶ
513 4944 666 5002 εἷπον
710 4949 788 5020 τῷ
817 4949 964 5021 ἁϐϐᾷ
995 4949 1208 5021 Παμϐὠ
1228 4965 1240 4977 ·
1283 4948 1415 5002 Εἰπὲ
1448 4948 1544 5002 ἕνα
1591 4946 1748 5016 λόγον
1779 4947 1857 5018 τῷ

249 5047 450 5116 Ili-3;,
483 5045 636 5108 ὅπως
673 5042 933 5113 ὠφεληθῇ
960 5043 1002 5096 ⁸.
1048 5042 1213 5109 Λέγει
1265 5042 1445 5104 αὐτοῖς
1474 5043 1502 5094 6
1547 5041 1760 5110 γέρωνο
1795 5040 1858 5092 Ei

249 5145 356 5198 οὐκ
384 5141 686 5210 ὠφελεῖται
710 5141 768 5192 ὲν
794 5142 860 5210 τῇ
892 5141 1069 5210 σιωπῇ
1105 5155 1226 5209 μου,
1252 5136 1371 5190 οὐδὲ
1399 5137 1456 5189 ὲν
1481 5134 1558 5208 τῷ
1585 5133 1729 5206 λόγῳ
1756 5151 1856 5205 μου

249 5233 618 5306 ὠφεληθῆναι
652 5233 787 5302 ἔχει.

330 5435 353 5468 ⁸
393 5436 475 5490 Al.
505 5436 675 5489 inscr.
706 5435 787 5496 εἰς
813 5433 904 5486 τὸν
937 5433 1122 5492 τόπον,

323 5627 441 5694 (τι)
479 5624 586 5678 Vit.
621 5623 771 5677 Patr.
801 5639 875 5682 xl,
921 5625 1004 5676 ll.

322 5698 439 5754 (75)
487 5695 588 5747 Vit.
636 5695 786 5746 I’utr.
829 5712 899 5753 vt.
937 5694 1025 5748 90.

326 5762 442 5839 (ἶϋ)
487 5766 591 5820 Vit.
634 5765 781 5818 νων.
817 5781 889 5820 tv.
931 5767 1011 5818 18.

1963 4593 2130 4647 abbas
2160 4591 2500 4661 Theophilus
2532 4609 2546 4644 :
2578 4590 2697 4645 Alia
2726 4591 2812 4644 via
2848 4605 2956 4644 non
2989 4597 3093 4653 est,
3125 4597 3324 4671 praeter
3355 4587 3540 4642 istam.

2033 4768 2088 4822 2.
2132 4767 2244 4838 ('79)
2294 4767 2438 4822 Idem
2479 4768 2648 4823 abbas
2685 4767 3022 4837 TheOphilus
3063 4766 3542 4838 archiepiscopus,

1964 4858 2113 4913 venit
2154 4858 2453 4927 aliquando
2489 4857 2542 4910 in
2579 4856 2804 4912 Scetim.
2841 4857 3167 4928 Congrcgati
3210 4863 3390 4912 autem
3432 4858 3544 4912 fra-

1967 4956 2081 5003 tres
2136 4949 2395 5004 dixerunt
2443 4949 2627 5003 abbati
2678 4946 2884 5002 Pambo
2937 4967 2949 5003 :
2999 4949 3219 5020 Aliquid
3272 4953 3544 5008 sermonis

1963 5043 2104 5097 habe
2133 5042 2200 5096 ad
2235 5058 2450 5112 papam,
2481 5051 2540 5096 ut
2570 5043 2616 5096 ei
2649 5043 2844 5112 prosit.
2875 5042 2962 5095 Ait
2992 5042 3100 5096 illis
3131 5059 3298 5098 senex
3333 5062 3346 5098 :
3385 5041 3442 5097 Si
3475 5060 3541 5099 ex

1962 5137 2186 5193 silentio
2231 5151 2353 5190 meo
2397 5137 2688 5191 utilitatem
2733 5152 2844 5191 non
2886 5137 3065 5207 capit,
3105 5152 3286 5209 neque
3319 5153 3386 5194 ex
3423 5152 3544 5194 ser-

1959 5244 2122 5285 mone
2153 5230 2318 5285 hahet
2350 5229 2637 5301 proﬁcere.

2037 5616 2146 5680 (77)
2188 5613 2292 5668 Vit.
2332 5611 2481 5670 Patr.
2517 5629 2591 5673 χι.
2636 5612 2720 5666 12.

2036 5687 2144 5759 (78)
2184 5685 2291 5759 fit.
2341 5684 2493 5759 fair.
2533 5701 2620 5749 xv,
2647 5685 2745 5759 l9;
2788 5682 3012 5739 Dormit.
3055 5683 3235 5740 Doctr.
3274 5682 3298 5739 ’ἶ

2033 5753 2146 5828 (79)
2187 5755 2291 5810 Vit.
2328 5753 2480 5810 Patr.
2517 5771 2604 5823 xv,
2635 5755 2722 5824 ὀὴ.
