3874 6296
329 289 430 345 199

1498 279 1842 336 APPENDIX
1882 280 1973 334 AD
2010 275 2436 336 PALLADIUM.

3494 269 3612 330 200

307 387 317 395 ’
396 402 452 456 3.
490 399 600 469 (80;
640 396 916 454 Venerunt
947 394 1244 465 aliquando
1274 393 1466 450 Patres
1492 395 1904 460 Alexandriam,

2079 401 2149 464 γ’.
2182 388 2387 447 ’Ἦλθον
2430 409 2560 446 ποτε
2596 391 2958 463 Πατέρεςνείς
2997 386 3430 459 Ἀλεξάνδρειαν,
3471 384 3610 454 χλι,-

327 491 506 546 vocati
542 505 572 544 a
601 489 905 559 Theuphilo
940 487 1380 556 archiepiscopo,
1413 493 1473 540 ut
1508 501 1722 556 precem
1762 485 1908 541 face-

325 589 444 646 ret,
482 596 546 636 ac
590 581 715 634 fana
759 586 1045 634 everteret.
1084 577 1262 648 lisque
1297 578 1480 632 cibum
1516 593 1642 632 cum
1681 577 1777 632 illo
1812 594 1907 632 su-

326 673 605 728 mentibus
648 671 896 741 apposita
941 678 1024 726 est
1069 685 1203 724 caro
1244 671 1512 738 vitulina;
1555 680 1609 725 et
1653 668 1908 724 comede-

327 765 480 828 bant.
513 765 649 819 nihil
681 764 1078 818 discernentes.
1112 762 1282 818 Porro
1311 764 1591 833 accipiens
1617 763 1909 832 episcopus

327 875 498 914 unum
553 857 844 927 copadinui
896 873 992 911 seu
1041 857 1227 911 carnis
1277 855 1547 918 frustum,
1591 855 1741 910 dedit
1791 853 1908 907 seni

323 953 478 1023 juxta
512 967 570 1006 se
603 951 966 1014 recumbenti,
995 950 1186 1005 dicens
1218 967 1230 1003 :
1267 951 1428 1009 Ecce.
1458 950 1561 1002 hoc
1589 957 1675 1005 est
1704 948 1907 1002 bonum

325 1045 510 1100 carnis
547 1046 780 1098 frustum
804 1085 818 1106 ,
857 1044 1127 1098 manduca
1151 1082 1166 1104 ,
1203 1042 1364 1097 abba.
1406 1041 1484 1095 Illi
1519 1048 1857 1110 exceperunt
1894 1057 1907 1093 :

323 1135 435 1192 Nos
480 1137 765 1207 hucusque
813 1137 961 1191 olera
1011 1135 1257 1199 edimus;
1301 1135 1346 1190 si
1390 1145 1571 1189 autem
1615 1149 1746 1188 caro
1789 1143 1908 1196 est,

326 1245 436 1283 non
483 1228 906 1284 manducamus.
953 1226 1064 1282 Nec
1106 1227 1343 1298 amplius
1384 1241 1573 1280 eorum
1617 1226 1910 1295 quisquam

325 1321 457 1375 hinc
491 1320 822 1390 degustavit.

394 1412 450 1466 4.
503 1411 760 1482 Ejusdem
810 1411 1024 1465 abbatis
1071 1408 1358 1478 Theophili
1408 1423 1590 1463 sermo
1633 1406 1845 1462 exstitit
1893 1424 1907 1458 :

326 1505 551 1573 Qualem
587 1506 870 1566 timorem,
907 1513 1200 1557 tremorem
1234 1516 1298 1554 ac
1330 1501 1710 1555 necessitatem
1741 1498 1910 1552 visuri

327 1613 540 1658 sumus,
568 1599 790 1666 quando
816 1597 997 1649 anima
1028 1611 1058 1648 e
1086 1609 1316 1663 corpore
1345 1592 1724 1662 separabitur!
1757 1589 1914 1645 Tunc

325 1689 469 1744 enim
495 1687 561 1741 ad
591 1704 691 1742 nos
717 1689 1016 1742 adveniunt
1039 1686 1444 1741 contrariarum
1468 1685 1730 1738 virtutum
1753 1699 1911 1738 exer-

326 1780 472 1833 citus
503 1786 557 1833 et
591 1779 794 1848 cupiat.
833 1778 1106 1848 principes
1142 1777 1488 1830 tenebrarum
1509 1815 1522 1837 ,
1555 1775 1779 1828 malitiae
1809 1773 1914 1826 im-
1943 1757 1986 1812 Β

327 1882 638 1939 peratores,
674 1869 1048 1938 principatus,
1088 1874 1417 1935 potestates,
1457 1866 1684 1936 spiritus
1718 1865 1915 1936 nequi-

329 1963 451 2026 tim;
486 1968 541 2016 et
573 1961 758 2031 aliquo
785 1960 1016 2030 justitim
1047 1960 1208 2013 modo
1234 1959 1470 2013 animam
1505 1959 1782 2023 detinent,
1814 1958 1914 2012 ad-

325 2055 595 2109 ducentes
629 2061 828 2109 cuncta
855 2070 978 2123 quae
1007 2052 1250 2123 prudens
1277 2060 1331 2107 et
1362 2050 1604 2107 insciens
1633 2049 1916 2106 commisit

327 2154 550 2215 peccata
573 2185 588 2209 ,
622 2162 653 2200 a
685 2146 975 2216 iuventute
1003 2144 1071 2199 ad
1103 2152 1318 2200 mtatem
1349 2159 1458 2213 qua
1492 2151 1774 2214 assumpta
1803 2151 1910 2199 est.

323 2240 521 2292 Astant
552 2255 706 2309 ergo,
741 2246 1066 2293 accusantes
1100 2246 1300 2292 cuncta
1339 2253 1436 2306 per
1464 2251 1585 2293 eam
1620 2245 1798 2307 gesta.
1834 2235 1912 2292 De

325 2338 524 2386 czntero
556 2340 765 2401 quanto
799 2340 1038 2385 tremore
1075 2337 1235 2399 putas
1270 2329 1510 2382 animam
1548 2328 1603 2382 in
1642 2328 1732 2381 illa
1776 2328 1913 2383 hora

325 2423 562 2492 corripi,
599 2424 774 2478 donec
815 2423 920 2476 lata
961 2422 1123 2476 fuerit
1161 2421 1432 2476 sententia
1455 2462 1470 2486 ,
1510 2422 1913 2491 contigeritque

327 2515 574 2586 ejusdem
604 2517 801 2570 anima:
830 2514 1118 2570 liheratio?
1146 2513 1270 2568 llaec
1295 2521 1380 2570 est
1405 2513 1539 2567 hora
1568 2514 1912 2568 necessitatis

324 2608 480 2678 ejus,
528 2623 816 2677 usquequo
863 2606 1057 2661 viderit
1104 2606 1239 2676 quid
1290 2606 1395 2675 ipsi
1446 2605 1518 2660 sit
1562 2613 1910 2660 eventurum.

329 2702 543 2754 llnrsus
599 2699 799 2751 divina:
855 2701 1084 2752 virtutes
1138 2713 1169 2752 e
1224 2700 1447 2767 regione
1501 2697 1908 2750 contrariarum

327 2799 499 2853 stant,
536 2791 667 2858 ipsa:
699 2790 902 2858 pariter
931 2790 1068 2843 bona
1103 2789 1300 2842 anima-
1331 2786 1692 2856 proferentes.
1718 2786 1911 2856 Cogita

326 2897 458 2953 ergo
486 2881 798 2950 cujusmodi
835 2880 891 2934 in
927 2880 1124 2934 timore
1157 2896 1220 2934 ac
1253 2889 1491 2934 tremore
1522 2886 1772 2934 versetur
1799 2895 1914 2934 me-

328 2975 415 3030 dia
447 2974 745 3030 constituta
774 2973 956 3026 anima
981 3013 998 3038 ,
1029 2971 1208 3028 donec
1234 2971 1502 3042 judicium
1531 2970 1653 3041 ejus
1679 2986 1776 3040 per
1792 2971 1914 3040 jus-

2013 489 2201 552 θέντες
2231 487 2337 541 ὑπὸ
2369 487 2632 556 Θεοφίλου
2661 485 2757 538 τοῦ
2786 483 3241 556 ἀρχιεπισκόπου,
3281 480 3366 534 ἵνα
3399 480 3607 550 ποιήσῃ

2009 582 2195 652 εὐχὴν,
2210 581 2305 634 καὶ
2328 579 2530 654 καθέλῃ
2552 579 2623 634 τὰ
2652 579 2792 650 ίερά.
2815 578 2924 631 Kal
2948 575 3236 630 ἐσθιόντων
3261 573 3440 627 αὐτῶν
3477 575 3597 643 μετ’

2009 674 2194 737 αὐτοῦ,
2244 673 2512 746 παρετέθη
2565 671 2732 743 κρέας
2777 669 3017 741 μόσχων
3058 671 3150 723 καὶ
3181 671 3398 741 ἥσθιον.
3436 668 3604 740 μηδὲν
3669 743 3672 746 γ

2009 767 2432 837 διακρινόμενοι.
2468 766 2577 818 Kal
2624 763 2804 817 λαϐὼν
2867 764 2893 815 ὁ
2938 761 3234 827 ἐπίσκοπος
3269 763 3330 816 ἓν
3376 762 3605 816 κοπάδιν

2011 858 2180 912 ἔδωκε
2203 858 2281 928 τῷ
2309 857 2536 926 ἔγγιστα
2570 855 2735 910 αὑτοῦ
2773 854 3010 925 γέροντι,
3038 854 3239 922 λέγων⁹
3279 853 3404 908 Ἰδοὺ
3443 853 3604 908 τοῦτο

2012 951 2177 1004 καλὸν
2201 949 2426 1004 κοπάδιν
2457 949 2570 1020 (81)
2609 948 2747 1010 ἐστὶ,
2783 946 2946 1016 φάγε,
2970 946 3136 1000 ἀϐϐᾶ.
3173 949 3236 1001 Οἱ
3265 948 3321 1001 δὲ
3365 949 3601 1019 ἀποκρι-

2014 1039 2198 1102 θέντες
2230 1035 2382 1092 εἷπον
2405 1056 2420 1070 ⁸
2457 1038 2647 1108 Ἡμεῖς
2685 1037 2791 1100 ἕως
2826 1037 2949 1108 ἄρτι
2983 1036 3192 1106 λάχανα
3221 1037 3482 1109 ἡσθίομεν
3504 1053 3522 1068 ·
3553 1038 3602 1092 εί

2012 1129 2070 1182 δὲ
2103 1131 2272 1200 κρέας
2301 1131 2441 1195 ἐστὶ,
2477 1129 2539 1182 ού
2565 1128 2878 1200 τρώγομεν.
2924 1129 3033 1182 Kal
3058 1129 3160 1182 οὐκ
3193 1128 3274 1182 ἔτι
3303 1129 3605 1202 προσέθετο

2012 1222 2134 1276 οὐδὲ
2163 1217 2246 1286 εἷς
2271 1222 2330 1288 ἐξ
2360 1222 2544 1277 αὐτῶν
2576 1220 2876 1290 γεύσασθαι
2907 1221 3095 1276 αὐτοῦ.

2084 1399 2147 1453 δ’.
2192 1399 2251 1451 '0
2295 1397 2458 1462 αὐτὸς
2499 1397 2673 1462 ἁϐϐᾶς
2720 1399 2976 1468 Θεόφιλος
3015 1397 3233 1467 ἐλεγεν⁶
3280 1393 3404 1454 Οἷον
3439 1400 3604 1470 φόϐον

2014 1491 2110 1543 καὶ
2151 1490 2355 1562 τρόμον
2401 1489 2496 1542 καὶ⁵
2528 1489 2777 1560 ἀνάγκην
2809 1489 3006 1560 ἔχομεν
3059 1489 3208 1553 ἰδεῖν,
3250 1489 3337 1542 ὅτε
3387 1491 3422 1562 η
3454 1491 3603 1564 ψυχὴ

2014 1582 2110 1636 τοῦ
2181 1581 2435 1652 σώματος
2484 1581 2818 1653 χωρίζεταιί
2876 1582 3242 1654 Παραγίνεται
3294 1582 3405 1656 γάρ
3468 1585 3606 1656 πρὸς

2015 1676 2163 1746 ἡμᾶς
2204 1674 2432 1746 στρατιά
2465 1676 2557 1728 καὶ
2595 1674 2824 1746 δύναμις
2857 1675 2965 1728 τῶν
3003 1676 3260 1730 ἐναντίων
3296 1678 3606 1749 δυνάμεων,

2015 1771 2064 1822 οἱ
2112 1767 2206 1822 τοῦ
2265 1768 2490 1832 σκότους
2542 1767 2836 1838 ἄρχοντες,
2899 1771 2948 1822 ot
3003 1771 3446 1843 κοσμοκράτορες
3500 1771 3606 1843 τῆς

2017 1862 2302 1932 πονηρίας,
2350 1861 2445 1915 καὶ
2497 1862 2666 1932 ἀρχαὶ
2716 1862 2812 1915 καὶ
2857 1861 3117 1928 ἐξουσίαι,
3161 1861 3228 1917 τά
3255 1863 3540 1935 πνεύματα
3559 1865 3604 1896 ⁸⁸

2015 1955 2113 2026 τῆς
2143 1954 2448 2026 πονηρίας·
2483 1953 2579 2008 καὶ
2617 1953 2803 2025 τρόπῳ
2831 1956 2940 2008 τινὶ
2983 1955 3138 2025 δίκης
3171 1955 3461 2026 κατέχουσι
3503 1955 3606 2029 τὴν

2013 2048 2213 2120 ψυχὴν.
2251 2048 2605 2119 ἐπιφέροντες
2648 2048 2828 2102 πάντα
2858 2047 3027 2112 αὐτῆς
3064 2047 3133 2103 τά
3181 2049 3240 2102 ἐν
3268 2048 3466 2119 γνώσει
3505 2051 3606 2106 καὶ

2015 2141 2206 2212 ἀγνοίᾳ
2253 2141 2663 2211 ἁμαρτήματα,
2718 2138 2827 2194 ἀπὸ
2883 2140 3134 2210 νεότητος
3165 2142 3271 2205 ἕως
3327 2143 3425 2212 τῆς
3483 2143 3608 2213 ηλι-

2014 2240 2141 2302 κίας
2194 2232 2263 2309 ἧς
2314 2223 2653 2306 κατελήφθη.
2699 2236 2978 2290 Ἵστανται
3022 2231 3115 2291 οὖν
3171 2235 3608 2306 κατηγοροῦντες

2015 2331 2195 2383 πάντα
2244 2328 2312 2380 τὰ
2367 2328 2735 2398 πεπραγμένα
2791 2328 2883 2382 ὑπ’
2943 2328 3132 2399 αὐτῆς.
3171 2328 3376 2383 Λοιπὸν
3405 2323 3606 2383 ’ὁποῖον

2013 2425 2216 2494 τρόμον
2249 2422 2427 2484 δοκεῖς
2472 2422 2572 2491 τὴν
2605 2421 2782 2492 ψυχὴν
2833 2421 2978 2493 ἔχειν
3025 2423 3083 2474 ἐν
3115 2425 3182 2492 τῇ
3233 2422 3352 2494 ὥρᾳ
3397 2424 3604 2496 ἐκείνη,

2014 2515 2119 2577 ἕως
2149 2508 2209 2568 οὗ
2254 2513 2286 2582 ἡ
2337 2512 2613 2581 ἀπόφασις
2642 2511 2868 2584 ἐξέλθῃ,
2918 2513 3014 2566 καὶ
3061 2512 3342 2585 ἐλευθερία
3379 2514 3607 2584 γένηται

2014 2608 2220 2678 αὐτῆς;
2251 2605 2409 2660 τοῦτό
2437 2607 2584 2659 ἐστιν
2626 2608 2659 2676 ή
2691 2605 2811 2677 ὥρα
2838 2606 2940 2677 τῆς
2972 2606 3218 2677 ἀνάγκης
3266 2607 3455 2677 αὐτῆς,
3499 2607 3609 2670 ἓως

2014 2696 2076 2755 οὗ
2117 2699 2202 2771 ἴδῃ
2231 2699 2284 2753 τί
2324 2698 2386 2752 τὸ
2425 2697 2838 2770 ἀποϐησόμενον
2866 2697 3024 2769 αὐτῇ.
3053 2699 3165 2751 Ka‘t
3195 2698 3356 2752 πάλιν
3381 2700 3437 2752 al
3464 2698 3607 2752 θεῖαι

2013 2794 2272 2865 δυνάμεις
2303 2793 2551 2846 ἵστανται
2581 2792 2723 2846 κατά
2755 2791 3044 2864 πρόσωπον
3074 2791 3181 2845 τῶν
3205 2792 3482 2858 ἐναντίων,
3509 2791 3607 2845 καὶ

2017 2885 2190 2940 αύταὶ
2231 2885 2300 2940 τὰ
2343 2884 2486 2939 καλά
2514 2884 2684 2955 αὐτῆς
2727 2883 3104 2955 ἐπιφέρουσαι.
3147 2883 3416 2937 Κατανόει
3445 2879 3541 2938 οὖν
3570 2886 3604 2955 ἡ

2013 2973 2160 3045 ψυχὴ
2186 2975 2322 3044 μέση
2345 2973 2605 3044 ἱσταμένη
2622 2972 2759 3042 ποίῳ
2772 2972 2882 3044 ἄρα
2905 2973 3055 3044 φόϐῳ
3076 2973 3169 3028 καὶ
3185 2973 3370 3045 τρόμῳ
3392 2976 3604 3046 στήκει,

330 3076 446 3121 tum
487 3066 731 3136 judicent
782 3065 1054 3120 sententia
1099 3066 1445 3121 terminetur.
1485 3064 1550 3119 Et
1593 3066 1638 3121 si
1686 3065 1908 3136 quidem

2018 3066 2117 3130 ἕως
2132 3061 2243 3137 οὗὴ
2266 3065 2448 3136 κρίσις
2458 3065 2631 3136 αὐτῆς
2656 3063 2935 3135 ἀπόφασιν
2956 3064 3096 3139 λάϐῃ
3117 3065 3268 3138 παρά
3284 3066 3378 3119 τοῦ
3396 3065 3601 3122 δικαίοι

329 3159 490 3230 iligna
532 3156 720 3225 fuerit,
757 3157 1032 3213 dmmones
1072 3156 1428 3228 increpantur
1464 3163 1628 3228 atque
1670 3158 1911 3227 puniun-

328 3257 453 3318 tur;
500 3250 618 3320 ipsa
654 3264 785 3305 vero
829 3248 1042 3319 rapitur
1082 3248 1152 3303 ab
1194 3249 1400 3317 angelis
1439 3267 1452 3304 :
1493 3257 1608 3304 tum
1653 3248 1911 3317 deinceps

333 3342 449 3401 sine
482 3341 854 3398 sollicitudine
884 3355 974 3405 es,
1008 3339 1119 3395 imo
1155 3340 1371 3397 habitas
1400 3343 1558 3410 juxta
1589 3340 1733 3411 quod
1767 3339 1909 3396 scri-

328 3443 482 3506 ptum
511 3442 596 3490 est
628 3451 642 3488 :
676 3433 825 3488 Sicut
860 3434 1160 3488 lwtantium
1194 3435 1430 3488 omnium
1461 3433 1723 3486 [cubitalia
1751 3441 1829 3487 est
1859 3433 1913 3486 in

331 3527 441 3582 te".
466 3525 622 3580 Tunc
652 3526 910 3596 impletur
933 3526 1064 3580 illud
1098 3526 1394 3596 Scriptura:
1423 3543 1436 3578 :
1465 3523 1629 3594 Fugit
1661 3523 1836 3586 dolor.
1863 3534 1914 3578 et

331 3621 575 3686 tristitia,
597 3628 647 3674 et
673 3621 896 3692 gemitus
917 3619 961 3676 ⁸.
987 3618 1144 3674 Tunc
1176 3618 1403 3673 liberata
1433 3617 1642 3681 anima,
1666 3615 1736 3670 ad
1767 3617 1914 3670 illam

331 3713 668 3770 ineliabilem
696 3714 940 3768 laetitiam
964 3722 1019 3769 et
1047 3712 1277 3783 gloriam
1308 3710 1696 3781 proficiscitur,
1725 3710 1780 3764 in
1805 3724 1915 3780 qua

329 3807 719 3861 constituetur.
753 3805 910 3872 Quod
943 3804 989 3861 si
1022 3802 1362 3874 deprehensa
1394 3802 1560 3857 fuerit
1586 3802 1794 3857 vixisse
1821 3817 1920 3856 ne-

331 3897 618 3967 gligenter,
656 3898 810 3951 audit
853 3897 1156 3952 terribilem
1198 3895 1348 3950 illam
1386 3908 1576 3950 vocem
1615 3911 1629 3948 :
1671 3892 1920 3947 Tollatur

332 3989 546 4058 impius,
572 3996 627 4041 ut
657 4005 760 4042 non
785 3988 956 4042 uideat
983 3989 1210 4059 gloriam
1240 3987 1511 4041 Domini’.
1560 3985 1716 4040 Tunc
1742 3986 1919 4054 ipsam

333 4078 694 4150 apprehendit
725 4080 844 4134 dies
877 4081 993 4144 irae,
1019 4080 1138 4136 dies
1165 4078 1498 4142 aﬂlictionis,
1523 4078 1641 4134 dies
1669 4078 1920 4132 tenebra-

333 4187 455 4226 rum
487 4178 541 4225 et
572 4165 845 4242 caliginis.
877 4171 1103 4226 Tradita
1133 4173 1188 4226 in
1223 4172 1479 4226 tenebras
1509 4170 1838 4234 exteriores,
1867 4181 1923 4226 et

332 4262 401 4316 ad
437 4263 616 4332 ignem
653 4270 978 4332 perpetuum
1013 4261 1304 4329 damnata,
1335 4275 1434 4332 per
1465 4261 1681 4316 inﬁnita
1717 4261 1920 4318 saecula

335 4353 618 4424 punietur.
645 4351 823 4420 Tunc,
851 4353 942 4409 ubi
973 4353 1227 4424 gloriatio
1253 4352 1483 4407 mundi?
1509 4353 1602 4410 ubi
1628 4367 1766 4408 vana
1801 4353 1921 4424 glu-

2014 3157 2228 3230 κριτοῦ.
2269 3157 2378 3212 Kal
2430 3157 2525 3210 ἐὰν
2577 3152 2750 3227 μένῇ
2807 3155 2965 3221 ἀξία,
3015 3157 3213 3210 ἐκεῖνοι
3241 3157 3611 3227 λαμϐάνουσιν

2011 3249 2314 3320 ἐπιτιμίαν,
2359 3249 2454 3302 καὶ
2517 3248 2656 3320 αύτὴ
2719 3249 3023 3321 ἀρπάζεται
3085 3249 3180 3303 ἀπ’
3234 3249 3454 3302 αὐτῶν·
3509 3250 3610 3304 καὶ

2013 3339 2203 3395 λοιπον
2264 3340 2571 3412 ἀμέριμνος
2616 3335 2703 3406 εἷ,
2738 3340 2940 3411 μᾶλλον
2982 3339 3039 3394 δέ
3083 3343 3326 3395 κατοικεῖ
3357 3342 3423 3374 ⁸⁸⁸
3464 3341 3610 3396 κατά

2011 3438 2073 3490 τὸ
2130 3435 2563 3508 γεγραμμένονυ
2635 3436 2744 3502 Ὠς
2823 3435 3309 3505 εὐφραινομένων
3366 3434 3614 3490 πάντων

1985 3529 2052 3596 -ὴ
2084 3531 2353 3582 κατοικία
2373 3529 2443 3581 ἐν
2464 3527 2586 3583 σοί.
2613 3527 2748 3580 Τότε
2777 3527 3078 3600 πληροῦται
3099 3528 3159 3582 τὸ
3187 3528 3573 3600 γεγραμμένον
3591 3543 3609 3562 ο

2028 3621 2274 3690 Ἄπέδρα
2313 3620 2502 3688 ὀδύνη
2548 3621 2646 3674 καὶ
2693 3622 2860 3687 λύπη
2917 3622 3014 3674 καὶ
3067 3623 3437 3691 στεναγμός·
3485 3621 3611 3676 τότε

2017 3711 2395 3781 ἀπαλλαγεῖσα
2440 3710 2735 3782 πορεύεται
2773 3714 2854 3775 είς
2881 3712 3096 3782 ἐκείνην
3117 3713 3217 3784 τὴν
3247 3712 3611 3783 ἀνεκλά).ητον

2016 3805 2192 3876 χαρὰν
2214 3803 2504 3869 καὶδόξαν,
2523 3805 2605 3866 είς
2629 3804 2696 3874 ἣν
2725 3806 3146 3874 καταστήσεται.
3187 3804 3312 3858 Ἐάν
3333 3805 3388 3859 δὲ
3410 3805 3607 3877 εὑρεθῇ

2017 3902 2076 3953 ἐν
2105 3897 2335 3970 ἀμελείᾳ
2391 3897 2626 3968 ζήσασα,
2662 3895 2852 3951 ἀκούει
2900 3898 3000 3968 τὴν
3028 3897 3341 3968 δεινοτάτην
3387 3898 3608 3970 φωνήν·

2031 3987 2284 4058 Ἀρθήτω
2311 3992 2345 4043 ό
2373 3987 2626 4058 ἀσεϐὴς,
2650 3986 2858 4058 ἵναμὴ
2889 3987 2991 4057 ιδῃ
3021 3988 3136 4056 τὴν
3164 3989 3608 4058 δόξανΚυρίου.

2019 4082 2154 4134 Τότε
2181 4080 2353 4152 αὐτὴν
2384 4079 2793 4151 καταλαμϐάνει
2829 4081 3014 4152 ἡμέρα
3045 4081 3236 4152 ὀργῆς,
3276 4081 3463 4154 ἡμέρα
3497 4081 3612 4136 θλί-

2019 4173 2166 4244 ψεως
2195 4176 2258 4240 ¹¹,
2311 4175 2496 4247 ἡμέρα
2531 4173 2755 4238 σκότους
2795 4175 2888 4227 καὶ
2930 4175 3152 4245 γνόφου.
3198 4175 3609 4248 Παραδιδομένῃ

2019 4268 2100 4330 είς
2133 4266 2193 4319 τὸ
2229 4263 2496 4338 ἐξώτερον
2529 4267 2740 4331 σκότος,
2776 4266 2871 4319 καὶ
2906 4268 2986 4329 είς
3015 4267 3077 4320 τὺ
3115 4266 3330 4321 αἰώνιον
3369 4265 3480 4338 πῦρ
3515 4285 3612 4322 κα-

2023 4357 2363 4432 τακριθεῖσα,
2419 4360 2500 4423 είς
2552 4359 2894 4432 ἀπεράντους
2939 4359 3143 4423 αἰῶνας
3187 4359 3606 4430 κολασθήσεται.

333 4447 456 4501 ria?
496 4447 589 4500 ubi
629 4445 875 4502 deliciae?
916 4445 1011 4500 ubi
1050 4445 1398 4516 voluptates?
1437 4445 1528 4500 ubi
1573 4445 1789 4501 fastus?
1827 4444 1913 4499 ubi

2026 4451 2162 4505 Τότε
2208 4450 2311 4505 ποῦ
2342 4453 2376 4522 ἡ
2403 4452 2671 4523 καύχησις
2700 4451 2790 4504 τοῦ
2821 4451 3028 4520 κόσμου
3054 4467 3069 4516 ;
3101 4450 3204 4504 ποῦ
3233 4453 3266 4522 ἡ
3296 4449 3606 4518 κενοδοξία;

333 4539 593 4610 requies?
618 4538 714 4617 ubi
736 4537 1045 4608 jactantia?
1072 4537 1162 4593 ubi
1191 4537 1472 4608 pecuniae?
1501 4538 1594 4594 ubi
1621 4536 1919 4594 nobilitas?

334 4633 426 4688 ubi
459 4633 649 4704 pater?
675 4633 767 4688 ubi
796 4633 1008 4688 mater?
1035 4632 1126 4687 ubi
1158 4631 1368 4688 frater?
1392 4633 1527 4699 Quis
1551 4631 1918 4704 praesentibus

335 4726 494 4781 malis
521 4726 735 4796 eripere
767 4725 970 4796 poterit
998 4725 1120 4796 igne
1145 4724 1488 4796 ﬂagrantem,
1516 4734 1572 4781 et
1603 4725 1658 4780 in
1685 4723 1918 4779 amaris-

335 4819 494 4875 simis
533 4820 822 4875 tormentis
861 4818 1180 4875 detentam?
1213 4817 1310 4873 His
1345 4818 1419 4872 ita
1454 4834 1513 4874 se
1546 4815 1914 4880 habentibus,

333 4909 528 4981 quales
549 4925 676 4965 esse
697 4926 799 4965 nos
824 4916 1042 4980 oportet
1063 4908 1119 4964 in
1143 4909 1352 4965 sanctis
1376 4908 1686 4965 actionibus
1706 4915 1761 4964 et
1785 4921 1917 4978 ope-

334 5000 490 5057 ribus
516 5000 657 5070 piis?
681 4999 953 5066 Quantam
980 4998 1308 5054 charitatem
1341 4998 1610 5056 debemus
1643 4997 1924 5054 obtinere?

335 5100 597 5163 quantam
632 5091 1154 5164 conversationem?
1184 5091 1402 5163 qualem
1436 5090 1704 5147 cursum?
1735 5090 1926 5160 cujus-

335 5183 485 5238 modi
505 5182 867 5254 diligentiam,
887 5185 1217 5249 orationem,
1242 5182 1582 5240 cautionem?
1598 5181 1730 5238 Ηωσ
1750 5181 1922 5248 enim,

2020 4543 2122 4598 ποῦ
2157 4545 2190 4616 ὴ
2236 4545 2457 4615 τρυφῆς
2501 4543 2604 4598 ποῦ
2634 4547 2667 4615 η
2699 4544 3034 4608 ἀπόλαυσις;
3084 4543 3188 4596 ποῦ
3216 4544 3250 4612 ἡ
3298 4543 3606 4611 φαντασίας

2019 4635 2124 4688 ποῦ
2152 4637 2185 4706 ή
2219 4635 2562 4701 ἀνάπαυσις;
2597 4635 2700 4689 ποῦ
2727 4637 2756 4688 ὁ
2787 4635 3030 4707 κόμπος;
3067 4633 3170 4688 ποῦ
3207 4635 3277 4688 τά
3307 4635 3607 4706 χρήματα;

2021 4726 2124 4780 ποῦ
2153 4729 2186 4799 ή
2220 4728 2498 4796 εὐγένεια;
2530 4727 2635 4781 ποῦ
2667 4729 2883 4799 πατηρ;
2921 4727 3024 4781 ποῦ
3055 4728 3269 4800 μήτηρ;
3316 4727 3418 4782 ποῦ
3455 4726 3611 4780 eaet-

2020 4818 2150 4888 φός;
2189 4819 2274 4883 τίς
2310 4819 2597 4891 δυνήσεται
2628 4819 2834 4873 τούτων
2863 4818 3141 4883 ἐξελέσθαι
3165 4819 3262 4890 τὴν
3299 4819 3404 4872 ὑπὸ
3436 4819 3610 4891 πυρὸς

2021 4906 2386 4979 φλεγομένην,
2419 4909 2514 4962 καὶ
2547 4909 2652 4962 ὑπὸ
2681 4910 2893 4981 πικρῶν
2927 4909 3176 4980 βασάνων
3205 4891 3609 4980 κατεχομένηνς

2022 4999 2244 5053 Τούτων
2298 4999 2472 5065 οὕτως
2511 5000 2843 5072 γινομένων,
2887 5003 3166 5065 ποταποὺς
3212 5001 3294 5054 δεῖ
3345 5001 3611 5072 ὑπάρχειν

2021 5091 2170 5161 ἡμᾶς
2193 5092 2250 5144 ἐν
2278 5091 2462 5161 ἁγίαις
2481 5091 2852 5162 ἀναστροφαῖς
2873 5093 2968 5146 καὶ
2996 5091 3338 5158 εὐσεϐείαις;
3363 5091 3611 5163 ποταπὴν

2023 5181 2246 5252 ἀγάπην
2302 5183 2590 5254 ὀφείλομεν
2639 5183 2981 5255 κτήσασθαι;
3043 5184 3294 5254 ποταπὴν
3343 5183 3608 5254 ἀγωγήνς

335 5343 358 5376 ⁹
379 5341 827 5406 Psal.uxxvr,7.
862 5341 1275 5410 'lsa.xxvt,10.
1314 5344 1334 5375 ’
1359 5341 1465 5398 lsa.
1485 5357 1634 5405 xxvi,
1659 5343 1744 5397 10.
1781 5342 1913 5398 "Al.

2018 5343 2308 5412 ευματικά.
2344 5343 2405 5373 ¹⁶⁶
2431 5340 2558 5413 Leg.
2586 5345 2884 5406 κατοικεῖς.
2925 5345 2966 5376 ⁸⁸
2986 5343 3612 5414 Α1.τιᾱι1.καὶὰνάγκης.

432 5502 522 5568 80)
565 5501 670 5556 νει.
705 5501 860 5556 Patr.
892 5518 966 5568 tv,
992 5503 1079 5558 63.

432 5516 502 5557 δυ
570 5516 670 5556 Vit.
705 5516 860 5556 Patr.
892 5518 966 5568 tv,
992 5516 1079 5558 uo.

408 5516 522 5644 ὶδιζ
559 5572 842 5629 Κοπάδιν.
871 5573 1193 5644 Cupailium.
1225 5571 1284 5644 Id
1326 5572 1561 5644 no_minis
1591 5589 1714 5628 cum
1749 5575 1915 5629 variis

341 5641 748 5714 eccep'tiOIiibus
768 5643 1042 5714 explicant
1064 5641 1358 5707 Meursius,
1388 5642 1724 5714 Roswcydns
1749 5686 1761 5708 ,
1789 5645 1918 5700 Ger-

340 5711 533 5774 manus
561 5726 610 5778 et
628 5711 867 5782 Pontius,
895 5714 949 5769 in
976 5711 1329 5769 Dictionariis
1354 5714 1490 5770 suis.
1514 5711 1668 5773 Adde
1690 5714 1915 5772 Huinel-

2024 5504 2268 5574 hergium
2321 5501 2703 5574 ad‘Apicium;
2755 5501 3153 5574 rCasanbonum
3187 5504 3241 5556 in
3270 5503 3610 5574 iit/centrum,

2024 5572 2648 5647 Froitt011e_m_l_)ttczeiuit
2692 5573 2761 5626 ad
2803 5573 3154 5647 Palladium;
3199 5573 3613 5647 necnonllesy-

2025 5647 2232 5773 chgum,
2285 5643 2535 5710 Suidant,
2569 5643 2817 5713 Glossas,
2862 5643 2930 5700 de
2985 5644 3186 5700 similis
3239 5645 3472 5715 originis
3519 5643 3614 5703 vt)-

2025 5732 2075 5774 Cl
2121 5732 2201 5772 us.
