3874 6304
121 331 223 390 201
1297 321 1904 380 APOPHTHEGMATA
1942 319 2251 378 PATRUM.
3269 317 3376 374 209

127 444 389 514 ππαπήν
426 443 736 508 πολιτείαν;
780 441 1020 498 ποταπὸν
1061 439 1288 513 δρόμον;
1319 442 1510 497 ὁποίαν
1555 443 1657 515 duty

1846 442 2011 512 nquit,
2039 447 2414 521 expectantes,
2433 428 2744 507 satagemus
2771 433 3104 488 immaculati
3131 442 3180 488 et
3211 435 3376 490 invio-

122 538 320 600 ϐειαν;
348 537 544 590 ὁποίαν
567 536 902 607 προσευχήνς
931 532 1123 587 ὁποίαν
1154 534 1487 603 ἁσφάλειαν;
1522 535 1652 590 Ταῦπ

1849 534 1917 588 ιιιί
1941 533 1988 587 ei
2013 531 2231 586 inveniri
2262 530 2315 582 in
2340 521 2548 597 pace“.
2584 525 2654 580 Ut
2682 524 2829 596 digiti
2859 526 3160 579 efﬁciamur
3187 525 3379 581 audire

122 626 258 698 γὰρ,
306 627 468 696 φησι,
507 625 998 696 προσδοκῶντες,
1039 623 1426 695 σπουδάσωμεν
1467 623 1652 678 dam.)

1849 623 2110 677 Dominum
2145 620 2412 674 dicentem
2447 634 2460 670 :
2503 614 2701 675 Venite.
2739 614 2994 670 benedicti
3031 612 3216 668 Patris
3254 613 3379 677 mei,

124 719 224 771 καὶ
248 719 560 788 ἀμώμητοι
589 719 908 789 εὑρεθῆναι
935 715 1098 781 αὺτῷ
1129 717 1200 769 ἐν
1226 717 1458 784 εἰρήνῃ,
1487 719 1654 772 ἴνακα

1851 713 2078 768 ossidete
2103 719 2350 777 paratum
2374 707 2513 762 vobis
2539 721 2752 776 regnum
2778 723 2810 759 a
2835 705 3206 760 constitutione
3231 720 3381 758 mnu-‘-

121 811 454 880 αξιωθῶμεν
493 811 659 865 αὐτοῦ
699 813 928 871 ἀκούσαι
967 817 1244 886 λέγοντος·
1279 817 1476 879 Δεῦτε,
1535 818 1588 868 οὶ
1619 829 1650 866 ε

1339 817 1476 879 τῦτε,
1535 818 1588 868 οὶ
1619 813 1717 866 εὑ-
1821 805 1939 860 di"
1965 824 1979 861 :
2005 807 2057 858 in
2084 803 2280 859 saecula
2307 801 2652 856 saeculorum.
2677 799 2869 853 Amen.

119 901 452 969 λογημέιόι
495 902 602 956 τοῦ
638 893 868 972 Πατρός
895 924 1038 976 μου,
1065 907 1566 978 κληρονομήσατε
1634 900 1747 970 τὴν
1782 894 2232 966 ἡτοιμασμένην
2310 891 2450 960 ὑμῖν
2494 889 2825 953 βασιλείαν
2868 889 2986 943 ἀπὸ
3047 885 3383 954 καταϐολῆς

123 995 385 1062 κόσμου,
413 995 498 1058 είς
531 997 658 1059 τοὺς
689 997 889 1062 αἰῶνας
911 999 1018 1054 τῶν
1051 1001 1282 1056 αἰώνων.
1329 1001 1522 1072 ’Δμήνα
1745 1001 1749 1006 ’
1896 1067 1924 1072 __
1998 1065 2091 1072 ___,
2133 1063 2151 1072 _
2173 1065 2186 1072 _
2349 1064 2363 1072 .
2387 1063 2402 1072 .
2536 1062 2598 1072 ....
2726 1063 2738 1072 .
2764 1063 2797 1072 ..
2966 1001 2971 1006 Ι

187 1084 255 1137 ε’.
272 1084 332 1135 ’0
348 1085 516 1146 αὐτὸς
535 1085 708 1150 deos;
727 1087 984 1157 Θεόφιλος
999 1092 1027 1144 ὁ
1047 1062 1492 1161 ἀρχιεπίσκοπος,
1519 1085 1717 1157 μέλλων

1857 1111 1862 1116 .
1893 1067 1946 1123 5.
1987 1065 2098 1136 (82)
2133 1063 2278 1120 Idem
2315 1063 2486 1120 abbas
2536 1062 2871 1135 Theophilus
2918 1063 3382 1136 archiepiscopus,

119 1178 403 1250 τελευτᾷν,
434 1173 578 1230 εἷπε·
607 1154 892 1250 Μακάριος
921 1177 990 1243 εί,
1011 1154 1156 1236 ἁϐϐἆ
1190 1183 1455 1254 ¹Λρσέν“ιε,
1485 1154 1568 1235 ὅτι
1595 1199 1649 1235 το

1857 1173 1946 1213 um
1980 1157 2281 1211 moriturus
2318 1163 2483 1219 esset,
2530 1155 2664 1210 dixit
2698 1173 2711 1210 :
2745 1154 2943 1212 Beatus
2989 1171 3071 1222 es,
3116 1157 3253 1211 abba
3284 1157 3387 1210 Ar-

135 1282 240 1337 της
259 1249 348 1322 ἀεῖ
369 1267 739 1337 ὲμνημόνευις
762 1249 859 1340 τῆς
886 1269 1055 1342 ὥρας.
1258 1249 1270 1254 ⁷

1856 1252 1957 1317 eni,
2011 1250 2138 1320 quia
2181 1249 2325 1304 hanc
2371 1250 2561 1303 horam
2616 1263 2828 1320 semper
2875 1249 2932 1302 in
2981 1250 3241 1304 memoria
3287 1251 3386 1304 ha-

1819 1343 2008 1399 bebas.

495 1484 631 1551 Περὶ
654 1483 757 1551 τῆς
783 1483 1010 1552 Ἀμμᾶς
1039 1485 1356 1553 Θεοδὼρας.

2303 1472 2376 1528 De
2415 1483 2582 1528 matre
2613 1473 2908 1528 Theodoro.
3388 1471 3401 1507 ¹

193 1593 266 1647 α’.
285 1593 354 1646 Ἥ
364 1593 611 1664 ρώτησεν
631 1595 664 1663 ἡ
684 1593 901 1663 Ἀμμᾶς
921 1594 964 1631 ιδ
985 1593 1234 1666 Θεοδώρα
1268 1597 1353 1648 τὸν
1387 1593 1577 1648 Πάπαν
1593 1595 1721 1649 Θεό-

1897 1590 1950 1644 i.
1994 1587 2352 1659 Interrogavit
2383 1587 2579 1642 Amma
2615 1587 2730 1641 sive
2775 1597 2944 1642 mater
2974 1585 3258 1643 Theodora
3296 1604 3390 1659 pa-

127 1687 282 1754 φιλον
301 1685 368 1738 τὸ
384 1687 550 1757 ῥητὸν
574 1683 668 1737 τού
696 1685 1039 1746 Ἀποστόλου,
1058 1686 1140 1749 τὸ,
1165 1687 1228 1738 Τί
1252 1687 1366 1739 ἐστι
1390 1687 1493 1740 τὸν
1515 1705 1657 1757 scalpi

1859 1697 1947 1736 iam
1968 1679 2326 1750 Theophilum
2349 1679 2416 1734 de
2440 1678 2685 1749 Apostoli
2714 1679 2884 1743 dicto,
2913 1679 3042 1750 quid
3068 1680 3140 1735 sit
3170 1680 3389 1748 Tempus

124 1775 656 1850 ἐξατορσζόέιενοιε
713 1778 773 1830 '0
827 1778 881 1831 δὲ
921 1777 1065 1846 λέγει
1113 1778 1272 1849 αὐτῇ⁹
1329 1779 1392 1832 Ἦ
1440 1781 1654 1851 ὲπωνυμ

1862 1775 2137 1827 adimente:
2158 1771 2222 1825 ’⁸.
2260 1770 2352 1826 Ille
2384 1785 2514 1824 vero
2541 1770 2823 1839 respondit
2855 1769 2904 1825 ei
2937 1786 2952 1823 :
2978 1769 3156 1826 Dictio
3181 1772 3392 1826 lucrum

124 1871 362 1924 δεικνύει
385 1869 447 1923 τὸ
479 1869 689 1941 κέρδος·
714 1865 849 1933 οἷον,
881 1869 1070 1940 καιρὸς
1095 1869 1304 1941 ὕϐρεώς
1333 1887 1416 1925 σοι
1436 1873 1654 1944 πάρεστι

1865 1866 2082 1927 stendit,
2114 1862 2265 1918 verbi
2298 1862 2494 1933 gratia,
2528 1869 2741 1933 tempus
2786 1878 2884 1918 seu
2933 1863 3154 1919 occasio
3199 1870 3395 1919 contu-

126 1967 404 2034 ἀγόρασον
428 1964 497 2033 τῇ
520 1961 991 2036 ταπεινοφροσύνῃ
1016 1963 1110 2015 καὶ
1141 1963 1492 2037 μακροθυμίᾳ
1520 1965 1612 2018 τὸν
1631 1983 1656 2018 τ

1862 1957 2008 2010 nelize
2045 1954 2144 2008 tibi
2171 1954 2366 2008 adest?
2395 1952 2699 2008 humilitate
2739 1959 2790 2007 et
2820 1952 3080 2023 patientia
3113 1969 3233 2010 eme
3259 1968 3392 2010 con-

83 2107 85 2109 .
131 2057 345 2128 ὓϐρεως
393 2054 622 2124 καιρὸν,
672 2055 766 2108 καὶ
810 2055 1039 2109 ’ἐλκυσον
1088 2055 1276 2126 κέρδος
1331 2056 1466 2127 πρὸς
1519 2059 1613 2110 ὲαυ

1905 2046 2068 2101 [nelias
2099 2053 2342 2115 tempus;
2375 2052 2428 2099 et
2457 2045 2522 2099 ad
2550 2053 2600 2099 te
2635 2045 2844 2099 lucrum
2876 2048 3050 2100 trahe.
3084 2044 3398 2116 Ignominia:
3432 2071 3435 2076 -

128 2149 338 2218 Καιρὸς
362 2147 628 2216 ὰτιμίαςς
651 2149 716 2216 τῇ
743 2143 1065 2217 ἀνεξικακίᾳ
1096 2146 1366 2216 ἀγόρασον
1396 2147 1487 2200 τὸν
1519 2147 1658 2216 καιρὲ

1867 2154 2046 2209 empus
2091 2138 2288 2193 adest?
2330 2152 2448 2191 eme
2486 2135 2619 2190 illud
2671 2152 2769 2206 per
2804 2137 3168 2202 tolerantiam,
3203 2151 3268 2192 ac
3313 2137 3397 2191 lu-

127 2240 221 2292 καὶ
247 2239 546 2309 κερδησον.
573 2239 614 2268 ¹⁶
642 2238 750 2290 Καὶ
781 2236 958 2290 πάντα
989 2238 1057 2291 τὰ
1083 2238 1321 2302 ἐναντία,
1345 2238 1439 2292 ὲάν
1468 2239 1657 2311 θέλωμε

1870 2249 2009 2289 rare.
2046 2231 2244 2302 Sicque
2283 2239 2482 2286 cuncta
2522 2231 2820 2295 contraria,
2869 2229 2915 2285 si
2947 2230 3196 2293 velimus.
3237 2229 3396 2286 nobis

128 2331 297 2404 κέρδη
340 2331 594 2398 γίνονται
628 2332 660 2399 ἡ
671 2333 783 2400 μίν.

1834 2330 1889 2383 in
1921 2329 2132 2384 lucrum
2165 2328 2383 2384 cedunt.

198 2421 267 2492 β’.
307 2419 484 2476 Εἶπεν
514 2423 546 2490 ἡ
577 2422 794 2492 Ἀμμᾶς
835 2419 1104 2492 Θεοδὼρα·
1155 2421 1518 2488 Ἀγωνίσασθε
1559 2420 1728 2473 εἰσελ·

1903 2420 1959 2476 2.
2008 2419 2156 2474 Dixit
2201 2427 2375 2474 mater
2434 2415 2720 2474 'l‘heodora
2754 2435 2768 2472 :
2800 2414 3129 2471 Contendite
3185 2414 3396 2490 ingredi

131 2515 242 2568 θεῖν
262 2515 356 2569 διὰ
377 2513 484 2584 τῆς
511 2515 702 2586 στενῆς
727 2515 920 2586 πύλης.
953 2511 1050 2568 ’ον
1082 2513 1279 2584 τρόπον
1300 2514 1408 2584 γὰρ
1428 2514 1496 2566 τά
1517 2514 1661 2586 δένδρ

1873 2529 1933 2569 er
1966 2520 2250 2583 angustam
2286 2520 2519 2582 portam.
2565 2509 3037 2576 Quemadmodum
3061 2507 3206 2566 enim
3239 2512 3399 2568 arboo

131 2609 224 2660 ἐὰν
259 2606 341 2676 μὴ
364 2604 577 2658 λάϐωσι
607 2604 880 2675 χειμῶνας
911 2605 1004 2658 καὶ
1033 2603 1242 2666 ὑετοὺς,
1275 2609 1648 2677 καρποφορεῖν

1871 2621 1949 2671 es,
1983 2606 2090 2661 nisi
2133 2604 2401 2660 imbribus
2430 2619 2494 2658 ac
2523 2603 2767 2658 hibernis
2789 2602 3206 2673 tempestatibus
3240 2617 3401 2674 expo-

126 2697 414 2751 δύνανται’
441 2696 618 2760 οὓτως
654 2699 748 2749 καὶ
780 2699 933 2768 ἡμῖν,
957 2697 986 2749 ὁ
1011 2695 1145 2749 αίὼν
1170 2690 1333 2760 οὗτος
1363 2697 1569 2767 χειμών
1593 2700 1656 2750 ὲσ

1869 2698 1954 2752 itas
1989 2695 2212 2762 fuerint,
2245 2694 2482 2751 fructum
2520 2693 2664 2749 ferre
2693 2701 3011 2765 nequeunt:
3046 2695 3121 2752 ita
3157 2704 3212 2751 et
3240 2696 3399 2752 nobis

131 2789 224 2842 καὶ
257 2788 358 2839 ἐὰν
401 2787 480 2858 μὴ
514 2787 603 2840 διά
642 2788 852 2840 πολλῶν
893 2787 1124 2858 θλίψεων
1159 2787 1256 2840 καὶ
1291 2789 1634 2860 πειρασμῶν,

1871 2791 2097 2846 malum
2130 2788 2235 2844 hoc
2261 2787 2436 2843 vicem
2483 2786 2680 2843 hiemis
2716 2786 2888 2858 gerit;
2921 2801 3026 2843 nec
3057 2789 3208 2859 regni
3232 2788 3401 2844 cteloa

131 2877 484 2949 δυνησόμεθα
512 2878 608 2948 τῆς
641 2877 916 2948 βασιλείας
942 2878 1049 2932 τῶν
1069 2879 1315 2950 ούρανῶν
1339 2880 1588 2949 γενέσθαι
1608 2881 1661 2934 κ)

1872 2900 1960 2940 um
1987 2884 2230 2940 haeredes
2258 2883 2519 2938 constitui
2555 2883 2875 2954 poterimus,
2916 2882 3023 2938 nisi
3059 2898 3156 2954 per
3178 2884 3402 2939 tribula-

137 2973 381 3042 ρονάμοι.

1837 2977 2020 3032 tiones
2045 2977 2245 3032 multas
2281 2985 2443 3047 atque
2475 2977 2825 3032 tentationes.

203 3063 276 3131 γ’.
326 3059 470 3116 Εἶπε
517 3061 700 3117 πάλιν·
749 3061 930 3116 Καλὸν
969 3061 1031 3116 τὸ
1076 3064 1401 3136 ἡσυχάζειν·
1445 3065 1584 3138 ἀνὴρ
1627 3067 1733 3139 γὰρ

1912 3063 1966 3126 3.
2007 3069 2154 3123 Dixit
2189 3069 2386 3124 iterum
2418 3088 2431 3124 :
2460 3068 2683 3124 Donum
2707 3078 2791 3124 est
2827 3068 3064 3140 quietam
3088 3065 3270 3120 vitam
3302 3065 3404 3121 du-‘

135 3156 408 3228 φρόνιμος
456 3153 688 3224 ἡσυχίαν
732 3154 873 3223 ἄγει.
908 3153 1068 3224 Μέγα
1101 3157 1209 3226 γὰρ
1241 3157 1455 3227 ἀληθῶς
1484 3157 1665 3229 παρθὲπ

1876 3175 1984 3216 ere.
2015 3158 2113 3214 Vir
2153 3158 2299 3214 enim
2328 3159 2593 3228 prudens,
2637 3160 2690 3214 in
2725 3159 2910 3228 quiete
2953 3157 3084 3229 agit.
3114 3155 3180 3210 Et
3213 3167 3406 3212 revera

135 3204 460 3317 regis,
479 3204 824 3315 asses:
841 3204 1085 3315 saga.
1113 3204 1203 3300 ’δῖ
1220 3204 1664 3311 τὲξέᾯὲὲιξῖῖιῌ

1876 3204 1984 3216 ν⁸ν’
2036 3204 2104 3214 ’⁵⁸
2155 3204 2299 3214 ""'"'
2331 3204 2593 3228 I""""""’
2638 3204 2690 3214 '"
2730 3204 2910 3228 'I“"‘""
2953 3204 3084 3229 ’“υ“⁷’
3115 3204 3180 3210 —'
3215 3204 3405 3212 """'

1876 3268 2099 3324 mgnum
2145 3251 2277 3322 quid
2313 3259 2399 3306 est
2446 3251 2642 3321 virgini
2689 3258 2783 3304 aut
2827 3249 3117 3314 monacho,
3164 3248 3406 3318 quietem

135 3337 400 3404 γίνωσκε,
436 3335 526 3388 ὅτι
556 3334 598 3365 ⁸⁷
635 3333 902 3405 προθῆται
933 3335 1240 3406 ήσυχάσαι,
1275 3335 1480 3399 εὐθέως
1510 3337 1538 3390 ὁ
1569 3353 1665 3391 πον

1881 3343 2082 3409 abere,
2133 3341 2408 3414 praecipue
2456 3333 2787 3411 junioribus.
2844 3339 3042 3395 Verum
3093 3351 3407 3410 cognosce,

141 3428 233 3498 ρος
265 3426 497 3498 ἔρχεται
539 3425 636 3479 κα)⁸
683 3424 841 3496 βαρεῖ
881 3425 980 3496 τὴν
1019 3425 1217 3497 ψυχὴν,
1265 3429 1323 3480 ἐν
1365 3426 1638 3498 ἀκηδίαις,

1883 3433 1989 3488 uod
2018 3434 2109 3488 ubi
2150 3433 2432 3504 proposita
2462 3431 2626 3487 fuerit
2677 3431 3000 3506 constitutio
3031 3431 3238 3502 quieta,
3293 3439 3407 3485 sta-

136 3519 544 3589 ὀλιγοψυχίαις,
593 3519 652 3571 ὲν
687 3517 986 3590 λογισμοῖςο
1037 3517 1196 3589 βαρεῖ
1236 3519 1329 3572 καὶ
1361 3518 1425 3572 τὸ
1457 3519 1636 3590 σῶμα,

1877 3526 1940 3579 im
1976 3525 2188 3580 accedit
2227 3525 2426 3590 malus,
2477 3523 2715 3578 animam
2753 3505 2942 3596 gravat
2985 3523 3039 3577 io
3094 3520 3320 3586 acediis,
3350 3520 3407 3576 in

138 3612 494 3674 ἀσθενείαις,
540 3614 600 3664 ἐν
642 3610 864 3682 ἀτονία,
908 3611 967 3663 ὲν
1009 3609 1161 3663 λύσει
1202 3612 1442 3678 γονάτων
1475 3613 1570 3666 καὶ
1598 3613 1668 3666 ὃλε

1878 3615 2425 3681 γυεὶιιοηὶιηίιοῑὶὴιιε,
2479 3613 2537 3670 in
2591 3615 3037 3686 cogitationibus.
3096 3612 3408 3683 Praegravat

139 3702 253 3758 τῶν
285 3701 496 3773 μελῶν,
523 3701 619 3755 καὶ
654 3699 769 3754 λύει
795 3700 896 3772 τὴν
929 3700 1157 3772 δύναμιν
1186 3701 1287 3772 τῆς
1312 3701 1490 3772 ψυχῆς
1521 3703 1616 3757 καὶ
1642 3720 1669 3756 τ

1957 3723 2009 3762 m
2039 3721 2241 3778 corpus
2272 3708 2326 3762 in
2355 3705 2791 3773 infirmitatibus,
2820 3708 2876 3762 in
2921 3707 3201 3776 languore,
3230 3705 3287 3758 in
3319 3719 3409 3775 ges
3477 3751 3479 3755 .

146 3795 426 3865 σώματος’
471 3792 572 3846 καὶ
599 3793 682 3846 ὅτι
718 3790 932 3846 ἀσθενῶ
964 3792 1058 3846 καὶ
1086 3793 1183 3846 οὐκ
1225 3791 1395 3863 ίσχύω
1426 3792 1608 3863 βαλεῖν
1639 3812 1676 3848 τί

1877 3817 2016 3857 unum
2049 3808 2490 3872 cunctarumque
2538 3801 2908 3857 membrorum
2949 3798 3303 3863 remissione;
3351 3802 3407 3852 et

144 3887 399 3952 Σύναξιν.
431 3884 578 3938 Ἀλλ’
600 3882 696 3937 ἐὰν
721 3885 999 3954 νήφωμεν,
1025 3884 1205 3940 πάντα
1221 3883 1392 3939 ταῦτα
1410 3885 1674 3942 διαλύοντε

1883 3895 1955 3949 im
1996 3909 2120 3949 eum
2165 3893 2381 3960 animae,
2411 3902 2526 3948 tum
2559 3892 2806 3963 corporis
2856 3891 3144 3947 dissolvit:
3171 3889 3409 3960 hincque

145 3973 257 4033 Ἦν
277 3978 393 4047 γάρ
425 3993 513 4039 τις
541 3975 790 4046 μοναχόςο
824 3977 919 4028 καὶ
951 3974 1028 4040 ὡς
1055 3973 1254 4046 ἤρχετο
1279 3973 1461 4045 βαλεῖν
1486 3975 1584 4048 τὴν
1607 3975 1675 4030 Σύ

1879 3985 1983 4041 lla:
2019 3982 2272 4040 Infirmus
2305 3998 2451 4049 sum,
2478 3967 2589 4040 'nec
2622 3983 2779 4038 valeo
2809 3980 3054 4038 Ofﬁcium
3098 3997 3278 4038 meum
3322 3995 3409 4037 red

149 4071 292 4139 αξιν,
324 4069 642 4154 ἐλάμϐανεν
669 4067 830 4121 αὐτὸν
865 4069 1014 4140 ῥῖγος
1043 4069 1140 4121 καὶ
1167 4067 1424 4140 πυρετὸς,
1459 4071 1554 4124 καὶ
1589 4071 1622 4142 ἡ
1648 4087 1679 4124 κ

1881 4077 2039 4132 itare.
2071 4075 2326 4131 Attamen
2357 4075 2405 4132 si
2430 4075 2797 4148 invigilemus,
2819 4075 3188 4131 discutientur
3209 4081 3409 4129 cuncta

151 4165 299 4234 φαλὴ
339 4158 488 4232 τόνῳ
528 4159 774 4232 ὡχλεῖτο·
828 4159 924 4215 καὶ
973 4157 1145 4224 οὕτως
1192 4159 1376 4230 ἔλεγεν
1415 4160 1611 4233 ἑαυτῷ,
1659 4162 1681 4216 ὃ

1879 4185 1984 4227 me.
2011 4168 2144 4226 Erat
2169 4169 2314 4224 enim
2344 4167 2545 4241 aliquis
2577 4168 2904 4231 monachus,
2938 4167 3030 4238 qui
3063 4181 3186 4222 cum
3217 4166 3284 4221 ad
3313 4163 3409 4221 Of-

151 4254 287 4308 ’ῐδου
341 4253 584 4315 ἀσθενῶ,
639 4251 734 4304 καὶ
782 4250 950 4304 ἐνίοτε
1003 4250 1346 4322 ἀποθνήσκω·
1395 4251 1605 4322 ὲγερθῶ
1648 4253 1681 4305 o“

1879 4262 1957 4316 icii
2002 4260 2376 4316 recitatiOnem
2413 4260 2643 4327 veniret,
2689 4274 2720 4314 a
2767 4259 2969 4332 frigore
3007 4273 3071 4313 ac
3100 4256 3253 4313 febre
3285 4270 3409 4311 cor-

155 4347 286 4416 πρὶν
321 4341 620 4407 ἀποθάνω,
659 4341 754 4395 καὶ
789 4341 938 4412 βάλω
972 4343 1072 4414 τὴν
1115 4337 1354 4408 σύναξιν.
1386 4345 1498 4399 Καὶ
1535 4345 1613 4416 τῷ
1652 4343 1685 4397 λη

1883 4353 2170 4423 ipiebatnr,
2198 4357 2254 4408 et
2288 4350 2582 4424 gravedine
2619 4351 2934 4418 laborabat;
2970 4359 3083 4404 tum
3119 4351 3193 4404 ita
3221 4349 3413 4417 loquea

153 4438 339 4509 γισμῷ
359 4435 542 4507 τούτῳ
561 4433 813 4498 ἐϐιάζετο
836 4431 1049 4500 ἑαυτὸν,
1066 4437 1160 4491 καὶ
1184 4435 1342 4490 ἔϐαλε
1363 4437 1463 4510 τὴν
1487 4437 1683 4506 Σύναξι

1879 4452 2013 4498 tatur
2049 4458 2232 4499 secum
2263 4463 2277 4498 :
2313 4441 2453 4500 Ecce
2497 4443 2726 4500 adversa
2769 4450 2893 4497 utor
2934 4441 3266 4505 valetudine,
3295 4441 3409 4507 jam

152 4531 249 4584 καὶ
270 4530 349 4593 ὡς
370 4527 688 4582 κατέπαυεν
709 4528 744 4598 ἡ
770 4525 1006 4591 σύναξις,
1032 4525 1305 4582 κατέπαυε
1329 4529 1419 4582 καὶ
1439 4531 1469 4584 ὁ
1487 4530 1682 4602 πυρετά

1878 4535 2089 4601 norior;
2142 4549 2361 4604 surgam
2404 4533 2571 4606 igitur
2612 4541 2739 4589 ante
2796 4541 3025 4588 mortem
3051 4573 3064 4595 ,
3104 4547 3169 4586 ac
3223 4545 3408 4600 preces

154 4622 265 4674 Καὶ
292 4621 464 4675 πάλιν
490 4617 669 4690 τούτῳ
699 4617 778 4688 τῷ
806 4617 1048 4689 λογισμῷ
1066 4617 1291 4688 ἀδελφὸς
1315 4619 1634 4694 ἀνθέστηκε,
1651 4639 1684 4674 κ

1880 4639 2000 4680 neas
2035 4625 2334 4680 absolvam.
2368 4626 2546 4694 Atque
2568 4640 2630 4680 ea
2673 4623 3003 4693 cogitatione
3045 4622 3149 4676 sibi
3185 4622 3293 4674 vim
3326 4621 3410 4672 in-

152 4713 318 4767 ἐϐαλι
343 4713 448 4782 τὴν
483 4710 724 4775 σύναξιν,
753 4709 849 4764 καὶ
885 4709 1102 4779 ἐνίκησε
1127 4709 1218 4765 τὸν
1250 4711 1508 4783 λογισμόν
1539 4714 1604 4769 ¹⁸.

1881 4718 2080 4783 arebat,
2121 4717 2496 4787 recitabatque
2519 4714 2786 4770 Ofﬁcium.
2817 4713 2880 4767 Et
2908 4729 3034 4769 cum
3064 4712 3222 4767 tinem
3254 4723 3411 4765 acce-

154 4807 331 4879 pisset
372 4805 644 4877 precatio,
676 4802 964 4860 desinebat
1026 4805 1190 4862 etiam
1242 4805 1431 4862 febris.
1474 4805 1784 4880 lterumque
1852 4809 1982 4866 huic
2026 4811 2340 4882 cogitationi
2385 4811 2586 4866 restitit
2635 4807 2822 4872 frater,
2866 4821 2930 4860 ac
2980 4818 3172 4878 preces
3221 4804 3413 4860 solitas

154 4903 565 4977 pronuntiavit,
591 4901 835 4972 vicitque
862 4901 1271 4973 cogitationem.
3114 4891 3120 4900 ’

225 4997 293 5051 ε.
329 4995 527 5064 Ἔλεγε
551 4992 715 5047 πάλιν
740 4993 773 5065 ἡ
801 4992 938 5065 αύτὴ
979 4993 1197 5066 Ἀμμᾶς
1224 4993 1493 5067 Θεοδὼρα,
1526 4997 1609 5050 ὅτι
1642 4990 1748 5052 [1ο-

1920 4998 1974 5052 4.
2009 4996 2211 5053 Retulit
2240 5007 2500 5067 praeterea
2526 4995 2710 5052 eadem
2741 5000 2914 5049 mater
2937 4989 3222 5048 Theodora
3244 5012 3257 5048 :
3278 4991 3409 5059 Qui-

151 5088 218 5141 τέ
248 5105 338 5150 τις
374 5083 613 5156 εὐλαϐὴς
638 5084 892 5156 ὑϐρίζετο
922 5085 1075 5158 παρὰ
1098 5076 1265 5151 τινός·
1295 5087 1389 5141 καὶ⁸
1417 5085 1564 5157 λέγει
1608 5105 1681 5160 πρ

1882 5091 1976 5143 lam
2027 5089 2112 5142 vir
2153 5088 2442 5160 religiosus
2483 5087 2550 5142 ab
2587 5087 2772 5156 aliquo
2817 5085 3080 5140 conviciis
3117 5085 3412 5156 impcteha-

157 5178 346 5232 αὐτόν’
398 5175 712 5248 Ἣδυνάμην
741 5173 897 5244 κάγὼ
921 5173 990 5229 τὰ
1013 5175 1175 5246 ὅμοιά
1203 5193 1286 5231 σοι
1316 5176 1516 5248 λέγειν’
1550 5179 1665 5233 ἀλλ’

1882 5195 1980 5246 υι·;
2027 5186 2082 5235 et
2118 5177 2251 5236 dicit
2297 5179 2366 5233 ad
2402 5193 2524 5233 eum
2553 5195 2568 5231 :
2596 5175 2852 5248 Poteram
2900 5177 3064 5234 etiam
3114 5190 3217 5246 ego
3266 5174 3412 5239 simi:

158 5275 329 5342 νόμος
365 5268 464 5324 τοῦ
491 5268 630 5323 Θεοῦ
674 5259 842 5321 κλείει
872 5284 976 5339 μου
1017 5268 1079 5321 τὸ
1111 5267 1301 5339 στόμα.
1339 5267 1534 5339 Ἔλεγε
1562 5270 1618 5324 δὲ
1649 5286 1688 5323 κι

1882 5272 1926 5340 ia
1987 5285 2268 5343 regerere;
2303 5269 2397 5328 sed
2431 5269 2524 5325 Dei
2560 5270 2644 5324 lex
2689 5269 2823 5324 mihi
2869 5269 3106 5324 occludit
3132 5283 3216 5325 os.
3274 5267 3412 5323 Nar-

237 5513 287 5546 ¹⁸
313 5511 354 5566 Il
386 5511 534 5567 Petr.
562 5528 649 5570 ιιι.
679 5510 764 5566 id.
842 5509 890 5543 “
922 5509 1113 5565 Matth.
1141 5527 1268 5567 xxv.
1300 5511 1390 5566 54.
1468 5512 1516 5544 ⁸⁸
1545 5512 1630 5568 Al.
1673 5510 1731 5564 ’Δ

237 5602 268 5638 ν
288 5583 439 5638 ἔλθη.
464 5585 528 5638 τῆ
553 5583 799 5638 ὑπομονῆ
828 5581 924 5635 καὶ
949 5583 1015 5638 τῇ
1040 5581 1214 5636 ἐλπίδι
1235 5581 1517 5638 κέοδησον.
1613 5582 1658 5615 ⁸⁷
1687 5530 1767 5638 ΑΕ

1986 5513 2030 5546 ¹⁶
2056 5512 2173 5569 Col.
2201 5528 2276 5579 tv,
2309 5514 2362 5569 5.
2439 5499 2483 5548 ¹’⁶
2515 5511 2596 5569 ΑΙ.
2637 5515 2804 5571 inser.
2832 5512 3304 5586 ψευδοκατηγορία
3331 5526 3417 5568 σοι

1887 5597 1974 5638 εον.
2009 5585 2108 5638 ἐάν
2138 5601 2242 5638 τις.
2320 5587 2362 5619 ⁸⁸
2388 5585 2472 5638 Al.
2504 5587 2756 5638 πονηρόν.

162 5582 268 5639 δᾶν
288 5583 439 5658 ἔλθῃ,
464 5585 529 5653 τῇ
553 5583 800 5653 ὑπομονῇ
828 5581 924 5635 καὶ
949 5583 1015 5652 τῇ
1040 5581 1214 5636 ἐλπίδι
1235 5581 1517 5654 κέρδησον.
1613 5582 1658 5615 ⁸⁷
1687 5581 1974 5640 ALinser.
2009 5585 2108 5640 ἐάν
2138 5601 2242 5650 τις.
2320 5587 2362 5619 ¹⁸
2388 5585 2472 5640 ΑΙ.
2504 5587 2756 5658 πονηρόν.

244 5736 359 5809 (82)
397 5735 506 5792 Vit.
544 5735 702 5793 Patr.
736 5752 819 5799 ιιι,
847 5735 898 5789 5.

373 5830 651 5891 Ριτιιοι..
685 5832 802 5887 Gn.
839 5828 1028 5889 LXV.
3151 5833 3199 5900 7
