3874 6300
503 333 610 388 203

1650 323 1990 382 APPENDIX
2028 318 2117 374 AD
2151 319 2487 382 PALLADIU
2499 325 2567 380 Μ.

3643 326 3753 381 9M

508 447 645 502 ravit
694 446 856 499 etiam
915 441 1430 499 bocszristianus
1460 441 1678 510 quidam
1726 457 1846 494 cum
1898 439 2062 492 Mani-

2177 441 2339 505 τοῦτο,
2371 444 2452 495 ὅτι
2475 443 2800 512 Χριστιανός
2821 460 2924 506 τις,
2961 443 3099 513 μετά
3125 443 3456 512 Μαννιχαίου
3490 443 3533 475 ¹⁹
3559 443 3750 497 διαλε-

507 540 657 592 chazo
705 535 774 590 de
827 548 1056 603 corpore
1102 533 1401 593 disserens,
1447 531 1521 584 ita
1570 530 1784 584 locutus
1831 539 1956 584 est:
1990 527 2067 580 Da

509 629 678 697 legem
708 625 947 695 corpori,
973 631 1027 679 et
1056 623 1262 678 videbis
1284 635 1481 692 corpus
1511 622 1576 676 ad
1607 623 1917 676 Creatorem
1941 636 2067 692 per-

507 721 700 772 tinere.

579 809 631 861 5.
685 805 886 858 Eadem
938 804 1133 858 iterum
1181 803 1358 857 dixit:
1393 801 1699 868 Praeceptor
1735 801 1893 855 debet
1947 815 2069 855 esse

511 901 706 969 hospes
743 899 794 950 in
827 912 1012 952 amore
1045 896 1383 961 dominandi,
1429 897 1638 950 alienus
1673 896 1739 949 ah
1771 895 1917 948 inani
1954 895 2069 963 glo-

509 992 612 1053 ria.
647 991 805 1059 longe
841 1004 870 1042 a
921 987 1196 1057 superbia,
1231 1003 1328 1057 per
1376 986 1738 1041 adulationem
1785 1001 1893 1039 non
1930 985 2069 1037 ludi-

505 1083 626 1138 brio
660 1082 898 1141 habitus.
932 1095 1040 1134 non
1072 1087 1375 1134 exact-atus
1399 1094 1494 1148 per
1514 1078 1676 1141 dona,
1709 1093 1805 1133 nec
1823 1077 2067 1132 devictus

508 1189 537 1228 a
581 1183 790 1237 ventre,
832 1190 936 1228 non
969 1174 1046 1226 ira
1076 1172 1366 1228 detentus:
1396 1171 1490 1226 sed
1537 1172 1772 1241 patiens,
1815 1183 2068 1224 mansum

506 1275 618 1331 tus,
661 1275 921 1337 quantum
952 1265 1066 1318 fieri
1105 1272 1287 1336 potest
1321 1263 1576 1329 humiiis;
1619 1263 1776 1318 debet
1803 1277 1924 1317 esse
1946 1277 2069 1332 pro-

505 1359 608 1413 bus
643 1373 704 1409 ac
737 1357 997 1417 tolerans.
1029 1354 1251 1410 sedulus
1277 1362 1332 1407 et
1366 1359 1575 1406 amator
1599 1352 1923 1406 animarum.

540 1469 544 1477 ν
587 1450 639 1503 6.
677 1449 753 1502 lla
791 1463 983 1501 rursus
1029 1446 1208 1500 locuta
1243 1453 1326 1500 est
1359 1463 1373 1498 :
1405 1441 1590 1512 Neque
1623 1443 1958 1497 monasticus
1993 1421 2096 1495 ri-I

507 1556 625 1611 gor,
656 1555 831 1609 neque
853 1537 1068 1608 vigiliae,
1118 1550 1221 1590 nec
1247 1535 1474 1605 quilibet
1514 1533 1667 1586 labor
1703 1533 1929 1587 salutem
1970 1535 2093 1601 pa;

511 1633 615 1697 rit;
651 1631 742 1686 sed
775 1630 888 1685 sola
920 1629 1133 1683 sincera
1160 1626 1457 1680 humilitas.
1488 1623 1616 1677 Erat
1650 1624 1792 1677 enim
1826 1625 2064 1677 anacho-

508 1730 621 1778 reta
645 1722 863 1793 quidam
903 1721 993 1790 qui
1021 1721 1295 1774 dmmones
1321 1717 1571 1787 ejiciebat
1593 1759 1606 1783 ,
1641 1725 1694 1770 et
1723 1717 1968 1786 quaesivit
1995 1718 2062 1772 ab

465 1813 467 1816 ⁴
507 1815 615 1870 iis:
650 1815 706 1868 lu
746 1828 980 1884 quonam
1014 1810 1214 1866 exitis?
1249 1809 1303 1862 In
1341 1807 1576 1878 jejunio?
1607 1805 2056 1877 Responderunt:

507 1905 615 1960 Nos
660 1920 836 1974 neque
882 1903 1273 1956 manducamus
1312 1915 1486 1969 neque
1537 1899 1792 1955 bibimus.
1844 1900 1898 1954 In
1930 1902 2062 1971 vigi-

507 1995 626 2050 liis?
653 1992 914 2048 Dixerunt
949 2009 961 2045 :
996 1990 1102 2044 Nos
1147 2004 1397 2043 somnum
1435 2002 1544 2039 non
1573 1985 1844 2040 videmus.
1879 1986 1935 2039 In
1969 2002 2058 2040 se-

507 2080 786 2136 cessione?
833 2078 942 2133 Nos
993 2079 1047 2132 in
1103 2075 1487 2131 solitudinibus
1529 2073 1792 2141 degimus.
1841 2073 1896 2127 In
1951 2090 2061 2144 quo

506 2175 673 2245 igitur
717 2170 1078 2243 egredimini?
1121 2169 1462 2237 Exceperunt
1495 2185 1508 2220 :
1540 2166 1682 2220 Nihil
1731 2182 1830 2220 nos
1871 2166 2058 2231 vincit,

506 2264 608 2320 nisi
636 2263 932 2317 humilitas.
961 2261 1155 2316 Cernis
1194 2267 1254 2315 ut
1279 2259 1580 2322 humilitas,
1612 2259 1839 2312 victoria
1876 2258 1948 2314 sit
1977 2259 2063 2313 ad-

503 2368 696 2409 versus
722 2351 1027 2406 daemones?

577 2443 626 2498 7.
665 2439 920 2497 Narratio
961 2456 1179 2512 quoque
1234 2441 1349 2496 haec
1399 2443 1611 2499 exstitit
1653 2441 1845 2496 matris
1887 2439 2064 2493 Theo-

503 2532 848 2590 doraazErat
906 2533 1126 2604 quidam
1179 2534 1519 2602 monachus,
1570 2533 1665 2604 qui
1718 2531 2064 2586 multitudine

503 2625 863 2681 tentationum
895 2639 1211 2693 Oppressus,
1240 2623 1377 2676 dixit
1408 2642 1420 2677 :
1467 2623 1681 2677 Recedo
1723 2623 1870 2676 hinc.
1897 2621 2065 2676 Cum-

505 2732 612 2787 que
663 2724 905 2770 sumeret
956 2714 1198 2769 sandalia
1245 2729 1364 2778 sua,
1412 2715 1548 2770 vidit
1588 2715 1751 2768 alium
1791 2700 2063 2768 hominem

506 2815 810 2864 sumentem
859 2807 1020 2861 etiam
1072 2822 1168 2860 sua
1217 2807 1480 2873 sandalia,
1529 2807 1618 2876 qui
1676 2808 1750 2860 ait
1787 2808 1884 2862 ei:
1927 2805 2063 2860 Num

505 2905 729 2972 propter
781 2913 867 2953 me
919 2897 1230 2969 egrederis?
1293 2897 1434 2954 Ecce
1471 2914 1796 2970 quocunque
1841 2899 2060 2962 abieris,

505 3005 606 3064 ego
630 2997 684 3046 te
714 2987 1036 3062 praecedam.

959 3097 1291 3170 Principium
1335 3099 1527 3155 littera:
1562 3098 1604 3154 1.

748 3209 826 3267 De
856 3210 1041 3266 abbate
1059 3209 1261 3266 Joanne
1287 3209 1480 3267 Colobo
1514 3214 1616 3268 sive
1647 3212 1833 3270 Curta.

575 3327 629 3381 1.
671 3326 784 3396 (84)
819 3323 1188 3380 Narraverunt
1239 3325 1307 3381 de
1355 3326 1548 3382 abbate
1593 3326 1802 3383 Joanne
1855 3327 2060 3392 Curto,

505 3417 649 3489 quod
680 3417 938 3472 secedens
979 3417 1045 3470 ad
1082 3416 1372 3473 Thebarum
1405 3433 1589 3474 senem
1615 3420 1670 3474 in
1710 3419 1877 3486 Sceti,
1906 3422 2063 3478 sede-

507 3513 601 3568 bat
644 3513 700 3566 in
728 3511 968 3566 deserto.
1009 3509 1243 3565 Sumens
1289 3517 1469 3564 autem
1498 3511 1618 3580 ejus
1651 3513 1821 3566 abbas
1851 3513 2061 3566 aridum

505 3605 731 3676 lignum,
788 3602 1068 3672 plantavit,
1125 3615 1188 3654 ac
1236 3601 1489 3671 praecepit
1537 3602 1908 3668 eizQuolidie
1961 3605 2064 3658 hoc

506 3696 671 3765 irriga
701 3707 809 3747 una
831 3706 984 3762 aqua:
1014 3690 1280 3761 lagenula,
1321 3691 1496 3745 donec
1533 3690 1767 3745 fructum
1795 3693 2064 3763 produxe-

504 3791 598 3843 rit.
629 3785 825 3840 Procul
858 3791 1039 3838 autem
1068 3783 1136 3837 ab
1161 3782 1228 3836 iis
1247 3792 1364 3836 erat
1390 3798 1549 3853 aqua.
1581 3783 1716 3838 adeo
1750 3794 1802 3838 ut
1839 3800 2066 3854 vespere

503 3885 750 3951 pergeret
795 3891 860 3932 ac
913 3891 1072 3930 mane
1119 3883 1503 3930 reverteretur.
1549 3874 1734 3944 Itaque
1779 3889 1901 3946 post
1953 3887 2064 3934 tres

506 3986 679 4025 annos
719 3970 871 4030 vixit,
928 3967 1113 4027 viruit.
1160 3967 1383 4036 protulit
1427 3967 1684 4020 fructum.
1739 3965 1908 4032 Quem
1949 3968 2063 4021 fru-

505 4069 652 4112 ctum
686 4072 848 4112 senex
879 4056 1173 4124 accipiens.
1202 4054 1436 4125 portavit
1463 4054 1529 4107 ad
1556 4054 1862 4119 ecclesiam,
1900 4055 2063 4110 dixit-

508 4163 614 4217 que
656 4146 919 4200 fratribus
950 4163 963 4198 :
994 4145 1205 4198 Sumite
1233 4185 1247 4208 ,
1297 4143 1618 4200 manducate
1657 4146 1891 4200 fructum
1931 4148 2069 4220 obev-

507 4239 743 4294 dientiae.

574 4330 628 4382 2.
680 4328 790 4396 (85)
842 4325 1166 4380 Referebant
1223 4326 1290 4383 de
1344 4326 1538 4380 abbate
1619 4325 1825 4382 Joanne
1871 4327 2059 4391 Curto,

2167 533 2394 603 γόμενος
2424 535 2551 604 περὶ
2577 533 2666 585 τοῦ
2703 533 2969 602 σώματος,
3003 531 3155 587 εἶπεν
3186 535 3375 597 οὕτως·
3411 535 3512 600 Δὸς
3539 536 3640 589 τὸν
3664 538 3756 589 v6-

2171 641 2268 695 μον
2291 625 2368 695 τῷ
2395 624 2624 695 σώματι,
2655 627 2750 678 καὶ
2775 627 2901 695 ὄψει
2929 626 2989 678 τὸ
3024 627 3179 695 σῶμα
3204 626 3282 697 τῷ
3307 627 3601 681 πλάσαντι.

2237 807 2298 859 ε’.
2325 801 2459 859 Εἶπε
2481 806 2692 876 πάλινή
2716 804 2873 873 αὑτὴ,
2894 807 2980 858 ὅτι
2999 806 3026 857 ὁ
3046 805 3360 868 διδάσκαλος
3375 806 3582 875 ὀφείλει
3601 800 3746 859 εἶναι

2168 897 2313 963 ξένος
2339 897 2702 968 φιλαρχίαςεο,
2731 898 2824 950 καὶ
2851 896 3124 966 ἀλλότριος
3151 897 3470 961 κενοδοξίας,
3518 899 3743 970 μακράν

2169 985 2562 1055 ὑπερηφανίας,
2606 983 2678 1054 μὴ
2727 983 2832 1036 ὑπὸ
2863 984 3147 1047 κολακείας
3187 987 3616 1056 ἐμπαιζόμενος,
3674 991 3748 1059 μὴ

2168 1078 2270 1131 ὑπὸ
2297 1077 2481 1146 δώρων
2513 1075 2892 1146 τυφλούμενος,
2917 1077 2990 1146 μὴ
3021 1077 3124 1129 ὑπὸ
3155 1077 3387 1147 γαστρὸς
3411 1078 3744 1148 νικώμενος.

2169 1169 2244 1240 μὴ
2273 1169 2376 1222 ὑπὸ
2395 1169 2562 1241 ὀργῆς
2601 1167 2984 1238 κρατούμενος·
3030 1166 3164 1219 ἀλλὰ
3210 1167 3582 1237 μακρόθυμος,
3622 1172 3746 1222 ἐπι-

2166 1261 2337 1332 εικὴς,
2367 1261 2513 1333 πάσῃ
2544 1261 2586 1290 ’ί
2629 1259 2852 1328 δυνάμει
2881 1258 3276 1328 ταπεινόφρων·
3319 1259 3572 1328 ἔγκριτος
3601 1257 3748 1312 εἶναι

2167 1355 2258 1408 καὶ
2285 1353 2579 1416 ἀνεκτικόςο
2621 1350 2972 1421 ηδεμονικὸς
3000 1351 3094 1404 καὶ
3116 1350 3422 1420 φιλόψυχος.

2237 1451 2308 1509 ς’.
2342 1444 2532 1512 Ἔλεγε
2575 1443 2795 1513 πάλινή
2839 1442 2995 1513 αὑτὴ.
3031 1443 3114 1495 ὅτι
3156 1443 3256 1495 οὑκ
3309 1444 3566 1514 ἄσκησις,
3619 1443 3746 1495 οὕτε

2165 1536 2457 1608 ἀγρυπνία,
2491 1535 2613 1588 οὔτε
2661 1537 2912 1597 παντοῖος
2945 1535 3104 1596 πόνος
3132 1532 3312 1596 σώζει·
3349 1536 3396 1586 εἰ
3434 1534 3511 1605 μὴ
3543 1540 3748 1604 γνησία

2165 1627 2646 1699 ταπεινοφροσύνή.
2678 1623 2787 1679 Ἦν
2813 1626 2920 1697 γάρ
2949 1643 3031 1689 τις
3048 1626 3400 1697 ἀναχωρήτὴς
3417 1626 3746 1679 ἀπελαύνων

2164 1721 2438 1792 δαίμονας
2474 1720 2567 1772 καλ⁸
2616 1717 2872 1788 ἐξήταζεν
2904 1715 3118 1779 αὐτούς’
3171 1717 3256 1768 Ἐν
3289 1718 3391 1769 τίνι
3422 1717 3743 1787 ἐξέρχεσθε,

2169 1816 2224 1866 ἐν
2257 1812 2501 1884 νηστείᾳ;
2551 1811 2658 1862 Καὶ
2686 1810 2884 1876 ἔλεγον·
2925 1808 3114 1877 Ἦμεῖς
3154 1807 3276 1860 οὕτε
3307 1808 3586 1877 ἐσθίομεν,
3618 1808 3746 1861 οὗτε

2169 1907 2412 1974 πίνομεν.
2452 1905 2540 1956 Ἐν
2567 1901 2866 1973 ἀγρυπνίᾳ;
2902 1901 3014 1954 Καὶ
3051 1899 3253 1968 ἔλεγον·
3305 1900 3497 1970 Ἡμεῖς
3531 1902 3594 1953 οὑ
3626 1918 3747 1953 κοι-

2173 1996 2417 2068 μώμεθα.
2471 1996 2557 2047 Ἐν
2587 1995 2928 2064 ἀναχωρήσει
2959 1993 3238 2061 ”;”ημεῖς
3265 1993 3341 2054 εἰς
3368 1993 3465 2055 τὰς
3495 1993 3747 2063 ἐρήμους

2168 2087 2444 2157 διάγομεν.
2486 2084 2573 2137 Ἐν
2613 2084 2718 2136 τίνι
2764 2080 2856 2137 οὖν
2895 2082 3220 2152 ἐξὲρχεσθε;
3254 2083 3362 2135 Καὶ
3389 2082 3599 2150 ἔλεγον,
3663 2085 3748 2136 ὃτι

2171 2179 2333 2231 Οὐδὲν
2359 2179 2503 2248 ἡμᾶς
2521 2180 2664 2248 νικᾷ,
2688 2178 2734 2230 εί
2769 2178 2842 2248 μὴ
2864 2175 3348 2247 ταπεινοφροσύνη.
3392 2174 3558 2247 Ὁρᾷς
3593 2178 3683 2230 δτι
3711 2180 3745 2247 ἡ

2168 2269 2630 2340 ταπεινοφροσύνῃ
2657 2269 2970 2340 νικητήριόν
2996 2269 3111 2320 ἐστι
3146 2267 3413 2338 δαιμόνων
3439 2286 3454 2336 ;

2241 2445 2303 2509 ζ’.
2357 2440 2492 2497 Εῖπε
2529 2443 2690 2498 πάλιν
2730 2445 2762 2513 ἡ
2805 2443 3018 2513 Ἀμμᾶς
3063 2441 3332 2514 Θεοδὼρα,
3372 2443 3452 2496 ὃτι
3499 2438 3612 2496 τΗν
3661 2461 3749 2507 τις

2173 2537 2423 2610 μοναχὸς·
2455 2537 2548 2590 καὶ
2606 2536 2712 2590 ἀπὸ
2770 2536 3008 2607 πλήθους
3043 2536 3151 2588 τῶν
3205 2536 3528 2606 πειρασμῶν
3568 2537 3743 2604 λέγει·

2180 2629 2407 2697 Ὑπάγω
2439 2628 2608 2682 ἔνθεν.
2643 2627 2752 2680 Καὶ
2795 2627 2870 2690 ὡς
2900 2626 3088 2681 ἔϐαλεν
3147 2627 3335 2681 ἑαυτοῦ
3363 2628 3429 2682 τὰ
3457 2628 3747 2691 σανδάλια,

2169 2721 2272 2790 δρᾷ
2296 2718 2578 2790 ἄνθρωπον
2611 2717 2765 2771 ἄλλον
2789 2717 3046 2788 βάλλοντα
3067 2733 3161 2770 και
3190 2719 3348 2770 αὑτὸν
3379 2717 3448 2770 τά
3481 2719 3750 2772 σανδάλια

2171 2809 2355 2876 αὑτοῦ,
2399 2811 2491 2863 καὶ
2521 2809 2748 2878 λέγοντα
2795 2809 2963 2880 αὑτῷ·
3015 2809 3089 2862 Ui:
3131 2808 3198 2862 δι’
3240 2809 3338 2880 ἐμὲ
3370 2809 3601 2884 ἐξέρχῃ;
3635 2810 3749 2865 ἰδοὺ

2170 2899 2280 2970 ἐγώ
2311 2917 2369 2954 σε
2392 2902 2614 2973 προάγω
2638 2901 2770 2954 ὅπου
2792 2900 2886 2953 ἐὰν
2902 2899 3137 2972 ἀπέρχῃ.

2620 3097 2787 3171 Ἀρχὴ
2818 3096 2912 3152 τοῦ
2947 3098 2967 3150 I
2995 3096 3280 3168 στοιχείου.

2268 3221 2407 3286 Περι
2433 3215 2540 3270 τοῦ
2567 3212 2714 3269 ἀόϐᾶ
2754 3211 3022 3266 Ἰωάννου
3053 3210 3159 3270 τοῦ
3191 3210 3458 3265 Κολοόοὗ
3489 3210 3632 3280 (85).

2232 3338 2302 3385 at'.
2335 3329 2675 3400 Διηγήσαντο
2707 3343 2775 3378 πε
2787 3325 2839 3394 ρ).
2869 3323 2963 3377 τοῦ
3008 3322 3153 3376 esse
3195 3323 3438 3376 Ἰωάννου
3467 3322 3565 3375 τοῦ
3588 3323 3752 3376 κολο-

2158 3421 2283 3484 605,
2311 3423 2394 3474 ὅτι
2417 3419 2774 3489 ἀναχωρήσας
2803 3415 2937 3485 πρὸς
2976 3413 3206 3484 Θηϐαῖον
3235 3413 3463 3483 γέροντα
3485 3414 3569 3476 εἰς
3599 3415 3751 3482 Σκῆ-

2163 3535 2268 3579 τιν,
2296 3513 2530 3581 ἐκάθητο
2557 3513 2615 3564 ὲν
2639 3511 2705 3580 τῇ
2737 3510 2945 3580 ἐρήμῳ.
2983 3505 3177 3560 Λαϐὼν
3206 3507 3261 3560 δὲ
3297 3507 3326 3558 ό
3347 3505 3520 3567 ἀϐϐἄς
3570 3507 3747 3559 αὑτοῦ

2165 3608 2320 3674 ξύλον
2344 3604 2526 3676 ξηρὸν,
2551 3602 2812 3672 ἐφύτευσε
2856 3600 2950 3653 καὶ
2976 3595 3128 3651 εἶπεν
3163 3597 3327 3668 αὐτῷ·
3357 3597 3492 3651 Καθ’
3518 3598 3750 3668 ἡμέραν

2165 3703 2349 3768 πότιζε
2388 3700 2547 3754 τοῦτο
2571 3698 2824 3766 λαγύνιον
2847 3697 3066 3759 ὓδατος.
3092 3696 3196 3758 ἕως
3243 3693 3450 3764 καρπὸν
3495 3698 3745 3757 ποιήσει.

2163 3778 2271 3848 Ἦν
2303 3794 2359 3846 δὲ
2383 3791 2597 3863 μακρὰν
2615 3788 2707 3843 ἀπ’
2737 3787 2914 3840 αὑτῶν
2939 3786 2999 3838 τὸ
3035 3785 3197 3856 ὕδωρ,
3219 3785 3295 3846 ὡς
3322 3784 3428 3836 ἀπὸ
3455 3783 3553 3851 ὀψὲ
3577 3783 3752 3835 ἁπελο

2165 3886 2275 3937 θεῖν
2315 3881 2408 3936 καὶ
2449 3880 2622 3932 ἐλθεῖν
2667 3877 2831 3947 πρωῒ.
2874 3874 3026 3928 Μετά
3049 3874 3105 3926 δὲ
3139 3871 3261 3943 τρία
3301 3871 3600 3941 ἔτη,ἕζησε
3649 3875 3749 3923 καὶ

2164 3975 2373 4046 καρπὸν
2401 3972 2641 4042 ἐποίησε·
2673 3969 2765 4023 καὶ
2809 3966 3043 4040 λαϐὼνρ
3076 3965 3251 4035 γέρων
3272 3964 3362 4016 τὸν
3387 3962 3597 4033 καρπὸν
3647 3963 3749 4016 οιὺ⁸

2165 4069 2280 4130 τοῦ,
2323 4068 2552 4138 ἤνεγκεν
2607 4065 2687 4126 εἰς
2740 4061 2839 4132 τὴν
2891 4057 3202 4128 ἐκκλησίαν,
3240 4057 3409 4124 λέγων
3441 4058 3556 4118 τοῖς
3583 4055 3749 4108 ἀδελ-

2165 4165 2304 4230 φοῖς·
2329 4158 2556 4221 Λάϐετε,
2574 4159 2773 4225 φάγετε
2803 4151 3012 4222 καρπὸν
3042 4150 3305 4218 ὑπακοῆς.

2243 4335 2306 4404 β’.
2341 4331 2565 4400 Ἔλεγον
2616 4330 2744 4401 περὶ
2774 4328 2868 4383 τοῦ
2899 4329 3042 4382 ἁϐϐἄ
3077 4328 3322 4381 Ἰωάννου
3365 4325 3456 4379 τοῦ
3486 4327 3746 4386 κολοϐοῦ,

507 4418 651 4489 quod
679 4417 967 4486 aliquando
999 4416 1152 4469 fratri
1181 4432 1281 4471 suo
1309 4417 1499 4485 majori
1531 4418 1724 4472 dixerit
1757 4439 1770 4474 :
1800 4419 2063 4490 Cuperem

2177 4428 2245 4479 Str.
2284 4421 2404 4478 εἶπέ
2426 4441 2556 4476 ποτε
2579 4423 2657 4492 τῷ
2687 4421 2898 4492 ἀδελφῷ
2922 4419 3086 4475 αὑτοῦ
3118 4419 3195 4490 τῷ
3235 4418 3551 4489 μειζοτέρῳ·
3583 4419 3752 4472 Ἱὶθε-

506 4525 629 4566 esse
659 4510 807 4564 curis
841 4522 1061 4572 vacuus,
1093 4505 1238 4561 sicut
1269 4508 1440 4576 angeli
1476 4516 1621 4570 sunt,
1659 4510 1790 4562 nihil
1836 4527 2066 4581 operan-

507 4610 611 4666 tes,
642 4599 734 4656 sed
767 4600 971 4668 absque
1000 4598 1401 4654 intermissione
1430 4597 1536 4654 lleo
1569 4602 1886 4657 servientes.
1922 4602 2064 4658 Exu-

506 4703 668 4764 toque
695 4691 874 4762 pallio,
905 4705 1158 4760 egressus
1179 4697 1263 4744 est
1285 4690 1339 4744 in
1361 4691 1725 4748 solitudinem.
1745 4691 1876 4748 Post
1903 4712 2063 4750 unam

505 4793 684 4839 autem
714 4780 1104 4839 hebdomadam
1135 4780 1294 4834 rediit
1319 4781 1386 4834 ad
1417 4780 1636 4836 fratrem
1666 4799 1843 4839 suum.
1889 4781 2066 4856 thue

506 4874 648 4929 fores
689 4874 940 4943 pulsavit,
972 4871 1190 4941 agnovit
1212 4886 1335 4924 eum
1369 4869 1536 4926 frater
1564 4881 1853 4943 antequam
1888 4879 2066 4946 aperi-

504 4973 608 5027 ret,
641 4960 822 5034 aitque
856 4982 870 5018 :
903 4963 986 5017 'l‘u
1017 4962 1140 5031 quis
1177 4961 1272 5017 es?
1309 4961 1606 5033 Respondit
1635 4965 1722 5020 ille
1749 4985 1762 5020 :
1795 4966 1904 5037 Ego
1937 4985 2059 5024 sum

500 5056 737 5109 Joannes
766 5054 932 5107 frater
960 5063 1104 5108 tuus.
1131 5051 1266 5106 Tum
1302 5053 1368 5107 ad
1403 5053 1552 5109 illum
1583 5055 1749 5113 frater
1781 5079 1792 5112 :
1822 5059 2059 5115 Joannes

2167 4518 2256 4570 λον
2279 4515 2579 4587 ἀμέριμνος
2609 4510 2764 4576 εἶναι,
2801 4513 2875 4576 ὡς
2930 4514 2978 4565 οἱ
3025 4510 3243 4580 ἄγγελοι
3284 4509 3577 4580 ἀμέριμνοί
3607 4513 3748 4569 εισι,

2173 4607 2335 4678 μηδὲν
2369 4605 2744 4676 ἐργαζόμενοι,
2764 4603 2877 4657 ἀλλ’
2905 4601 3258 4664 ἀδιαλείπτως
3279 4599 3629 4671 λατρεύοντες
3667 4600 3753 4670 τῷ

2169 4698 2305 4768 Θεῷ.
2343 4698 2452 4750 Καὶ
2481 4695 2887 4764 ἀποδυσάμενος
2915 4693 2976 4746 τὸ
3016 4691 3247 4763 ἱμάτιον,
3288 4689 3505 4760 ἐξῆλθεν
3538 4692 3620 4752 εἰς
3643 4691 3752 4760 τὴν

2169 4788 2388 4861 ἔρημον·
2428 4789 2520 4841 καὶ
2550 4788 2781 4857 ποιήσας
2819 4785 3086 4856 ἑϐδομάδα
3120 4783 3246 4853 μίαν
3293 4783 3421 4852 (86),
3452 4781 3753 4851 ἀνέκαμψε

2171 4880 2304 4951 πρὸς
2334 4880 2421 4932 τὸν
2452 4879 2674 4946 ἀδελφὺν
2721 4877 2906 4931 αὑτοῦ.
2933 4878 3038 4930 Καὶ
3065 4876 3138 4938 ὡς
3153 4875 3378 4946 ἔκρουσε
3413 4875 3513 4943 τὴν
3545 4874 3750 4943 θύραν,

2169 4972 2475 5041 ὑπήκουσεν
2503 4969 2652 5040 αὑτῷ
2683 4970 2810 5039 πρὶν
2863 4967 3084 5030 ἀνοίξει,
3115 4967 3304 5034 λέγων’
3336 4967 3405 5018 Σὺ
3433 4966 3518 5027 τίς
3550 4961 3636 5030 εἷς
3684 4968 3748 5019 Ὀ

2165 5063 2220 5116 δὲ
2245 5059 2414 5116 εἶπεν·
2461 5063 2601 5130 Ἐγώ
2621 5065 2734 5132 εἰμι
2749 5062 2999 5131 Ἰωάννης
3023 5062 3052 5113 ὁ
3075 5060 3296 5129 ἀδελφός
3321 5077 3432 5112 σου.
3466 5059 3580 5113 Καὶ
3605 5061 3756 5113 ἁπο-

573 5211 616 5244 ¹⁹
647 5210 707 5264 F.
729 5210 1049 5279 Μανιχαίου.
1124 5211 1167 5244 ¹⁰
1201 5213 1283 5266 ΑΙ.
1316 5214 1672 5285 φιλαργυρίας
1753 5217 1795 5246 ’⁸
1833 5215 1917 5269 Al.
1946 5217 2063 5286 ὑπὲ;

2177 5219 2314 5272 ἱντα.
2390 5221 2434 5250 ’⁸
2463 5218 2546 5272 AI.
2574 5219 2738 5272 inser.
2772 5218 2865 5270 καὶ
2893 5216 3097 5285 ἔλεγον.

569 5322 678 5387 (85)
709 5321 989 5376 Ἰωάννου
1026 5321 1129 5376 τοῦ
1185 5323 1468 5377 Κολοϐοῦ.
1510 5322 1748 5379 Joannes
1790 5325 2048 5387 (lolobus,

501 5409 598 5448 seu
636 5407 857 5461 parvus,
890 5406 1180 5460 pygmmus,
1208 5408 1402 5454 uanus,
1449 5401 1659 5456 curtus,
1694 5394 1895 5454 brevis,
1942 5408 2052 5447 sta-

498 5471 619 5516 tura
651 5461 820 5519 brevi.
854 5467 1076 5514 statura:
1107 5463 1299 5515 brevis.
1343 5463 1622 5530 Appendix
1659 5463 1725 5516 ad
1761 5462 1906 5516 Vitas
1942 5463 2052 5516 Pa-

500 5543 637 5586 trum
686 5547 746 5601 ρ.
778 5530 901 5593 994,
935 5545 1054 5599 cap.
1093 5531 1149 5582 Η
1185 5549 1197 5583 :
1242 5531 1491 5583 Dicebant
1534 5535 1704 5584 sancti
1756 5533 1940 5585 Patres
1988 5534 2050 5586 de

499 5599 936 5664 sancto'loanne,
963 5602 1050 5669 qui
1074 5601 1540 5669 cgguomiuabatur
1558 5602 1740 5666 Colob,
1772 5603 2050 5658 dccurtate

499 5685 602 5745 pro
626 5669 877 5745 Calobus.
899 5666 1053 5745 Apud
1087 5666 1392 5745 Fulbertum
1417 5688 1430 5724 :

567 5740 797 5796 Joannes
824 5739 958 5793 abba
987 5740 1230 5798 parvulus
1268 5748 1494 5802 statura.
1519 5760 1618 5796 non
1644 5745 1939 5798 virtutibus.

2162 5326 2297 5381 Male
2341 5327 2394 5380 in
2443 5327 2726 5396 lﬁphrmmo
2768 5327 3037 5383 Vossius:
3077 5329 3104 5378 ὁ
3134 5325 3408 5396 Κολόϐιος,
3448 5325 3748 5396 βοιοὺεμη,

2158 5395 2408 5464 Calybita
2440 5394 2580 5450 aiiis.
2608 5399 2689 5451 Ad
2721 5415 2878 5464 quem
2922 5399 3096 5450 locum
3137 5398 3249 5449 vise
3283 5395 3398 5448 Nili
3439 5394 3755 5452 Rossauen-

2157 5467 2230 5520 sis
2259 5467 2449 5538 Vitam
2473 5487 2501 5520 a
2531 5468 2859 5538 Caryophilo
2883 5468 3104 5532 editam,
3141 5483 3194 5535 p.
3241 5467 3325 5520 78.

2229 5535 2340 5602 (84)
2388 5536 2494 5590 Vit.
2529 5535 2681 5592 Patr.
2715 5535 2826 5599 inv,
2855 5539 2908 5591 5.

2231 5607 2340 5672 (85)
2391 5606 2496 5660 Vit.
2543 5607 2694 5662 Patr.
2733 5624 2788 5669 Χ,
2813 5607 2922 5669 27;
2956 5605 3192 5660 Fulbert.
3220 5604 3256 5657 f.
3293 5603 3412 5658 185.

2228 5678 2341 5748 (dli)
2374 5678 2482 5729 Καὶ
2513 5677 2773 5742 ποιήσας
2802 5676 3095 5742 ἑϐδομάδα
3121 5677 3301 5748 μίαν.-
3321 5673 3661 5748 Fulbertus:

2232 5745 2437 5814 Septem
2467 5748 2575 5801 dies
2596 5749 2863 5816 gramineo
2889 5748 2980 5801 uix
3006 5749 3062 5815 (Ἰ.
3095 5747 3198 5815 vix)
3216 5745 3303 5798 ubi
3322 5745 3486 5800 durat
3511 5749 3746 5817 pabulo.
