3874 6318
109 377 208 433 εδδ

1276 379 1882 438 APOPHTHEGMATA
1921 383 2227 439 PATRUM.

3243 382 3350 441 203

110 489 315 557 κριθεὶς
342 484 497 542 εἴπεν
523 487 693 558 αὐτῷ’
738 489 992 559 Ἰωάννης
1030 491 1252 559 γέγονεν
1283 495 1533 564 ἄγγελος,
1589 496 1686 550 καὶ

1804 497 2014 568 ingelus
2047 497 2227 555 factus
2256 510 2357 568 est,
2390 517 2489 557 nec
2521 503 2754 572 amplius
2800 503 2940 558 inter
2971 503 3219 559 homines
3254 504 3352 558 de—

109 587 196 636 οὺκ
222 581 307 634 ἔτι
325 582 386 632 ἐν
417 579 729 650 ἀνθρώποις
756 581 922 633 ἐστίν.
971 581 1028 634 ’0
1053 583 1110 635 δὲ
1136 587 1455 656 παρεκάλει,
1488 586 1682 656 λέγων·

121 677 256 743 Ἐγώ
283 679 424 744 εἰμι.
455 676 566 727 Καὶ
595 674 694 726 οὐκ
723 675 930 744 ἤνοιξεν
954 676 1122 746 αὐτῷ.
1153 677 1267 730 ἀλλ’
1287 679 1500 750 ἀφῆκεν
1527 679 1692 732 αὑτὸν

109 768 199 829 ἓως
233 767 384 837 πρωῒ
410 765 712 819 θλίϐεσθαι⁹
749 765 972 837 ὕστερον
1000 766 1056 818 δὲ
1088 770 1304 836 ἀνοίξας
1319 770 1486 841 αὐτῷ,
1517 771 1685 839 λέγει’

112 859 426 929 Ἄνθρωπος
458 855 528 921 εἷ,
580 859 768 929 χρείαν
820 858 964 928 ἔχεις
1010 860 1172 914 πάλιν
1218 863 1544 932 ἐργάζεσθαι
1601 863 1688 916 ἵνα

107 954 338 1021 τραφῇς.
376 953 488 1004 Καὶ
525 951 681 1004 ἔϐαλε
733 952 1044 1021 μετάνοιαν,
1095 954 1286 1024 λέγων·
1327 956 1688 1026 Συγχώρησόν

111 1058 188 1110 μοι
201 1080 216 1091 .

165 1135 239 1198 γλ.
270 1125 444 1182 Εἶπεν
470 1129 498 1180 ὁ
525 1129 700 1193 ἀϐϐᾶς
739 1130 993 1201 Ἰωάννης
1013 1133 1042 1184 ὁ
1081 1131 1320 1197 κολοϐὸς,
1361 1133 1441 1185 ὅτι
1473 1132 1565 1186 ἐὰν
1602 1133 1689 1186 θε-

107 1223 244 1296 λήσῃ
294 1221 559 1290 βασιλεὺς
607 1222 760 1273 πόλιν
812 1222 1147 1293 παραλαϐεῖν
1191 1224 1418 1295 ἐχθρῶν,
1444 1225 1504 1277 τὸ
1546 1223 1688 1296 ὕδωρ

108 1313 320 1386 πρῶτον
357 1316 553 1384 κρατεῖ
582 1313 676 1366 καὶ
703 1313 801 1383 τὴν
841 1314 1063 1384 τροφὴν,
1099 1316 1194 1368 κα)¹
1220 1315 1392 1380 οὕτως
1416 1318 1466 1369 οἱ
1501 1317 1687 1388 ἐχθροὶ

106 1409 159 1460 ἐκ
187 1405 289 1459 τοῦ
315 1405 482 1476 λιμοῦ
506 1405 868 1475 ἀπολλύμενοι
895 1406 1289 1461 ὑποτάσσονται
1315 1408 1480 1479 αὐτῷ.
1503 1407 1688 1471 Οὕτως

107 1501 190 1553 καὶ
244 1501 316 1553 τὰ
347 1499 499 1568 πάθη
547 1501 646 1569 τῆς
676 1499 897 1569 σαρκός·
950 1499 1044 1552 ἐὰν
1079 1502 1135 1552 ἐν
1161 1500 1383 1571 νηστείᾳ
1419 1500 1513 1553 καὶ
1544 1499 1688 1570 λιμῷ

109 1593 494 1660 πολιτεύσηται
538 1592 843 1662 ἄνθρωπος,
874 1593 923 1643 οἱ
956 1592 1142 1663 ἐχθροὶ
1173 1592 1551 1659 ὲξασθενοῦσιν
1582 1593 1688 1646 ἀπὸ

104 1687 192 1754 τῇς
223 1685 412 1754 ψυχῆς
443 1683 632 1739 αὐτοῦ.

161 1777 225 1830 ἃ.
259 1773 403 1829 Eine
431 1776 620 1838 πάλιν,
651 1776 732 1829 ὅτι
766 1777 798 1828 ὁ
827 1775 1220 1847 χορταζόμενος
1258 1777 1351 1830 καὶ
1384 1775 1560 1829 λαλῶν
1590 1793 1684 1846 με-

105 1869 163 1921 τα
191 1869 438 1934 παιδίου,
467 1868 569 1938 ἤδη
592 1868 891 1946 ἐπόρνευσε
923 1868 1003 1938 τῷ
1025 1868 1268 1940 λογισμῷ
1288 1869 1401 1939 μετ’
1429 1868 1613 1922 αὑτοῦ.

164 2055 224 2101 ε’.
259 2043 404 2099 Eine
457 2044 642 2106 πάλιν,
682 2045 764 2097 ὅτι
811 2045 1200 2116 Ἀνερχόμενός
1247 2062 1377 2098 ποτε
1420 2045 1520 2117 τὴν
1571 2046 1688 2099 ὁδὸν

106 2142 193 2210 τῆς
221 2141 485 2209 Σκὴτεως
519 2137 660 2208 μετὰ
701 2137 800 2206 τῆς
835 2139 1050 2209 σειρᾶς,
1080 2133 1217 2190 εἶδον
1262 2137 1353 2191 τὸν
1382 2137 1688 2208 καμηλίτην

104 2233 386 2294 λαλοῦντα,
429 2232 522 2283 καὶ
556 2229 810 2283 κινοῦντά
846 2246 913 2299 με
943 2231 1022 2292 είς
1064 2230 1256 2300 ὀργήνο
1285 2230 1378 2284 καὶ
1407 2231 1573 2292 ἐάσας
1619 2229 1687 2282 τά

105 2324 289 2396 σκεύη,
321 2323 552 2392 ἔφυγον.

168 2424 239 2481 ς’.
278 2417 514 2468 Ἀλλοτε
559 2413 719 2468 πάλιν
755 2415 833 2478 εἰς
874 2413 934 2467 τὸ
976 2413 1153 2484 Θέρος,
1187 2413 1418 2484 ἤκουσεν
1457 2410 1686 2482 ἀδελφοῦ

102 2507 390 2569 λαλοῦντος
417 2505 496 2575 τῷ
535 2504 763 2574 πλησίον
799 2504 916 2574 μετ’
949 2505 1138 2573 ὀργῆς,
1175 2505 1266 2557 καὶ
1297 2504 1565 2572 λέγοντος,
1601 2500 1686 2569 Ai,

105 2601 190 2652 καὶ
221 2599 324 2660 ad;
357 2599 474 2651 Kal.
507 2598 676 2658 ἐάσας
715 2595 804 2648 τὸν
839 2593 1116 2665 θερισμὸν,
1149 2593 1368 2664 ἔφυγεν.

165 2690 228 2754 ζν.
256 2687 621 2758 Εὑκαίρησάν
643 2702 788 2748 τινες
816 2683 1069 2755 γέροντες
1099 2685 1178 2748 είς
1203 2685 1399 2753 Σκῆτιν
1422 2682 1690 2744 ἐσθίοντες

107 2781 212 2849 μετ’
235 2778 511 2850 αλλήλων*
541 2772 611 2848 ἦν
639 2777 696 2829 δὲ
725 2775 838 2846 μετ’
861 2775 1039 2828 αὐτῶν
1058 2776 1151 2828 καὶ
1173 2775 1202 2826 ὁ
1225 2775 1400 2838 assa;
1415 2774 1686 2843 Ἰωάννης.

104 2875 206 2927 Καὶ
229 2873 438 2942 ἀνέστη
463 2887 546 2933 τις
580 2868 950 2940 πρεσϐύτερος
977 2869 1147 2936 μέγας
1177 2867 1361 2920 δοῦναι
1387 2867 1448 2920 τὸ
1483 2866 1692 2921 καυκὰ-

103 2967 206 3018 ium
230 2966 346 3032 {‘92)
368 2963 466 3017 τοῦ
500 2961 683 3033 νεροῦ⁹
717 2962 812 3015 καὶ
842 2963 1015 3025 οὐδεὶς
1049 2958 1370 3024 κατεδέξατο
1401 2959 1584 3014 λαϐεῖν
1597 2964 1692 3016 αὐ-

103 3061 159 3112 τὸ
213 3058 350 3128 παρ’
389 3053 586 3118 αὑτοῦ,
651 3055 698 3106 εἰ
747 3053 822 3123 μὴ
878 3052 1035 3122 μόνος
1073 3050 1322 3121 Ἰωάννης
1369 3053 1398 3104 ὁ
1445 3051 1690 3117 κολοϐός.

1787 589 1883 658 git.
1914 589 1982 644 At
2011 589 2100 646 ille
2125 592 2344 660 orabat,
2379 595 2664 665 proferens
2699 613 2712 647 :
2750 594 2860 666 Ego
2897 610 3037 650 sum.
3071 593 3182 649 Nec
3223 611 3353 665 ape-

1789 681 1931 748 ruit,
1970 683 2064 738 sed
2103 684 2321 754 reliquit
2377 700 2501 739 eum
2534 687 2598 740 ad
2633 697 2906 756 posterum
2948 704 3105 743 mane
3163 685 3355 743 conﬂi.-

1790 774 1945 828 ctari.
1981 773 2174 830 Postea
2201 791 2330 831 vero
2358 777 2628 846 aperiens,
2648 778 2765 832 iniit
2795 778 3003 834 :liomo
3029 796 3110 840 es.
3131 796 3353 835 necesse

1789 872 1873 919 est
1899 874 1956 918 ut
1985 866 2178 920 iterum
2209 867 2470 937 opereris,
2502 868 2641 922 unde
2678 870 2791 923 alas
2822 879 2892 924 te.
2926 867 3110 940 itaque
3140 870 3350 923 veniam

1791 955 2015 1025 supplex
2045 957 2215 1026 petiit,
2245 957 2432 1012 dicens
2461 977 2474 1011 :
2509 958 2731 1026 Ignosce
2767 959 2920 1015 mihi.

1860 1137 1912 1191 '5.
1948 1137 2063 1206 (87)
2097 1137 2240 1193 Dixit
2279 1140 2448 1194 abbas
2488 1139 2726 1197 Joannes
2755 1141 2957 1198 Curtus
2990 1163 3003 1197 :
3039 1143 3092 1197 Si
3125 1142 3356 1197 voluerit

1791 1227 2086 1298 imperator
2118 1233 2303 1286 urbem
2349 1233 2584 1287 hostium
2619 1250 2922 1306 occupare,
2969 1237 3120 1308 priUs
3158 1251 3351 1305 aquam

1790 1329 1843 1374 et
1875 1321 2131 1375 alimenta
2177 1324 2407 1390 retinet,
2433 1325 2619 1394 sicque
2653 1326 2859 1381 inimici
2902 1327 3042 1383 fame
3067 1337 3354 1397 pereuntes

1791 1411 2155 1479 subjiciuntur
2185 1416 2254 1470 ei.
2305 1414 2382 1468 lta
2427 1430 2643 1484 quoque
2682 1416 2908 1474 allectus
2953 1419 3168 1483 carnis;
3209 1419 3254 1472 si
3299 1418 3353 1472 in

1784 1503 1995 1572 jejunio
2023 1514 2076 1560 et
2103 1505 2243 1562 fame
2279 1506 2443 1560 homo
2472 1508 2684 1572 vixerit,
2723 1510 2928 1564 inimici
2959 1525 3086 1581 erga
3113 1510 3353 1565 animam

1790 1597 1908 1666 ejus
1936 1599 2232 1654 imbecilles
2261 1601 2515 1654 evadunt.

1861 1775 1916 1829 4.
1955 1776 2067 1842 (88)
2106 1777 2250 1830 Dixit
2287 1777 2480 1832 iterum
2514 1795 2528 1830 :
2564 1778 2662 1844 Qui
2703 1788 2856 1832 satur
2887 1789 3000 1844 est,
3035 1789 3084 1834 et
3116 1779 3362 1848 loquitur

1719 1850 1761 1904 Β
1789 1884 1913 1922 cum
1963 1885 2166 1940 puero.
2211 1869 2324 1939 jam
2371 1870 2704 1940 cogitatione
2754 1871 3055 1926 fornicatus
3103 1881 3186 1927 est
3233 1885 3360 1926 cum

1788 1976 1929 2031 lpSO.

1859 2054 1912 2108 5.
1951 2052 2063 2123 (89)
2091 2051 2283 2106 Adhuc
2321 2051 2537 2105 retulit:
2563 2050 2880 2107 Ascendens
2911 2052 3203 2123 aliquando
3231 2068 3358 2107 cum

1791 2145 1964 2216 plecta
1998 2160 2096 2216 per
2132 2145 2272 2197 viam
2307 2142 2554 2204 Sceteos,
2592 2142 2789 2197 offendi
2831 2146 3212 2209 camelarium,
3263 2145 3358 2214 qui

1791 2250 2044 2291 sermone
2087 2251 2188 2289 suo
2230 2249 2318 2288 me
2358 2235 2425 2288 ad
2478 2235 2615 2288 iram
2664 2235 3040 2302 provocabat:
3075 2244 3129 2291 et
3168 2235 3359 2289 relicta

1790 2322 2122 2398 supelle‘ctile
2151 2325 2283 2396 fugi.

1860 2417 1914 2472 6.
1954 2418 2066 2489 (90)
2104 2418 2222 2472 Alia
2265 2418 2402 2480 vice,
2434 2431 2558 2470 cum
2599 2424 2762 2471 aestas
2798 2427 2964 2478 esset,
3008 2413 3214 2469 audivit
3249 2414 3358 2470 fra-

1791 2515 1928 2564 trem
1974 2510 2281 2580 loquentem
2315 2523 2383 2561 ex
2423 2506 2503 2560 ira
2542 2507 2789 2576 proximo
2815 2522 2936 2571 suo,
2969 2522 3032 2561 ac
3056 2505 3354 2562 dicentem:

1791 2595 1910 2661 llei,
1946 2604 2002 2648 tu
2032 2595 2286 2666 quoque?
2317 2593 2381 2647 Et
2408 2594 2595 2648 relicta
2626 2595 2802 2650 messe
2833 2595 2989 2666 fugit.

1863 2686 1914 2739 7.
1950 2686 2062 2757 (9|)
2094 2683 2171 2740 Ex
2194 2685 2307 2740 otio
2332 2694 2597 2740 venerunt
2621 2686 2674 2740 in
2707 2685 2909 2742 Scetim
2935 2686 3154 2757 quidam
3178 2703 3358 2755 senes,

1779 2788 1845 2833 .et
1889 2778 2053 2834 simul
2096 2778 2279 2832 cibum
2333 2778 2654 2840 sumebant;
2701 2788 2817 2833 erat
2854 2787 3034 2833 autem
3077 2795 3201 2833 cum
3252 2781 3361 2835 illis

1791 2872 1954 2926 etiam
1988 2869 2154 2926 abbas
2178 2868 2436 2925 Joannes.
2469 2869 2717 2924 Surrexit
2751 2886 2882 2940 ergo
2911 2870 3111 2940 aliquis
3153 2887 3362 2942 magnae

1791 2961 2010 3016 virtutis
2029 2961 2332 3031 presbyter,
2354 2968 2412 3015 ut
2433 2975 2589 3030 aqua;
2614 2976 2841 3014 caucum
2865 2963 3049 3027 daret;
3084 2962 3178 3017 sed
3202 2977 3364 3018 nemo

1793 3053 1964 3107 voluit
2009 3054 2077 3107 ab
2107 3069 2172 3108 eo
2211 3055 2485 3123 accipere,
2527 3054 2635 3108 nisi
2678 3056 2829 3110 solus
2854 3054 3091 3111 Joannes
3126 3055 3356 3113 Curtus.

116 3149 472 3220 Ἐθαύμασαν
513 3141 628 3208 οὖν,
665 3146 760 3198 καὶ
794 3141 944 3197 εἶπον
982 3143 1148 3214 αὐτῷ’
1178 3143 1300 3206 Πῶς
1343 3145 1406 3197 σὺ
1442 3147 1687 3216 μικρότε-

1804 3146 1964 3216 lgitur
1993 3145 2245 3200 admirati
2278 3155 2426 3210 sunt,
2457 3145 2818 3216 dixeruntque
2844 3147 2892 3202 ei
2923 3165 2936 3201 :
2971 3147 3257 3213 Quomodo
3301 3158 3362 3204 tu

105 3259 195 3313 ρος
221 3241 362 3301 ὅλως
394 3239 441 3268 ⁸³
470 3235 567 3301 ὢν,
603 3235 907 3304 ἐτόλμησας
945 3231 1354 3304 ὐπρετηθῆναι
1387 3233 1538 3303 παρὰ
1590 3233 1684 3286 τοῦ

106 3330 483 3406 πρεσϐυτέρου
503 3345 517 3394 ;
540 3327 652 3382 Kal.
677 3327 827 3395 λέγει
857 3327 1059 3388 αὐτοῖς*
1109 3324 1248 3394 Ἐγὼ
1277 3326 1366 3378 ὅτε
1403 3327 1686 3398 ἐγείρομαι

104 3426 283 3479 δοῦναι
303 3424 367 3475 τὸ
395 3420 713 3491 βαυκὰλιον,
739 3419 912 3489 χαίρω
944 3417 1038 3471 ἐὰν
1077 3417 1277 3479 πάντες
1314 3417 1570 3480 λάϐωσιν,
1601 3418 1688 3470 ἵνα

106 3517 212 3586 ἔχω
243 3512 459 3585 μισθόν⁸
485 3509 644 3578 κάγὼ
665 3504 754 3563 οὖν
782 3508 869 3562 διὰ
893 3508 1046 3560 τοῦτο
1071 3506 1358 3578 ἐδεξάμην,
1378 3508 1465 3561 ἵνα
1480 3509 1688 3580 ποιήσω

109 3610 252 3680 αὐτῷ
280 3606 496 3679 μισθόν·
543 3605 741 3674 μήπως
764 3601 1003 3672 λυπηθῇ,
1037 3600 1112 3664 ὠς
1142 3599 1365 3670 μηδενὸς
1396 3599 1688 3671 δεξαμένου

109 3703 235 3770 παρ’
258 3697 454 3753 αὐτοῦ.
481 3696 596 3750 Kal.
634 3693 808 3748 ταῦτα
839 3691 1003 3746 αὐτοῦ
1048 3691 1312 3755 εἰπόντος,
1346 3691 1686 3763 ἐθαύμασαν,

108 3795 203 3848 καὶ
225 3789 600 3862 ὠφελήθησαν
637 3788 731 3840 ἐπὶ
759 3788 825 3858 τῇ
845 3785 1115 3856 διακρίσει
1135 3783 1322 3838 αὑτοῦ.

176 3981 244 4046 η’.
273 3971 609 4043 Καθημένου
653 3967 819 4022 αὐτοῦ
867 3984 997 4021 ποτε
1026 3965 1332 4038 ἔμπροσθεν
1369 3967 1468 4037 τῆς
1491 3965 1689 4037 ἐκκλη-

112 4067 248 4130 σίας,
279 4064 604 4118 ἐκύκλωσαν
634 4060 796 4114 αὑτὸν
825 4060 871 4113 οἱ
897 4059 1144 4127 ἀδελφοὶ,
1175 4059 1268 4112 καὶ
1298 4057 1556 4127 ἐξήταζον
1590 4057 1689 4110 αὑ-

110 4159 195 4212 τὸν
221 4160 354 4219 τοὺς
392 4155 693 4224 λογισμοὺς
736 4151 933 4205 αὐτῶν.
961 4153 1072 4205 Kal.
1098 4150 1220 4204 ἰδών
1257 4168 1340 4213 τις
1368 4149 1476 4202 τῶν
1502 4148 1689 4218 γερόν-

108 4268 234 4315 των,
267 4251 368 4303 καὶ
396 4245 734 4316 πολεμηθεὶς
763 4246 842 4307 εἰς
872 4242 1083 4313 φθόνον,
1115 4242 1263 4310 λέγει
1294 4241 1460 4312 αὐτῷ·
1482 4242 1553 4294 Τὸ
1571 4241 1693 4312 βαυ-

110 4343 292 4397 ιάλιὸν
331 4359 453 4405 σου,
499 4339 742 4407 Ἰωάννη,
769 4336 1058 4408 φάρμακον
1095 4335 1141 4366 ’⁸⁵
1171 4335 1352 4405 γέμει.
1392 4334 1557 4402 Λέγει
1595 4335 1693 4387 αὐ-

113 4435 228 4488 766
252 4432 437 4495 ἀϐϐἄς
481 4430 756 4498 Ἰωάννης·
797 4427 983 4491 Οὕτως
1017 4426 1185 4492 ἐστὶν,
1220 4426 1383 4480 ἀϐϐᾶο
1420 4426 1692 4480 καὶτοῦτο

114 4522 287 4589 εἶπα-ς,
325 4525 411 4578 ὅτι
448 4522 518 4575 τὰ
566 4520 671 4585 ἔξω
703 4519 920 4590 βλέπεις
950 4517 1128 4588 μόνον·
1162 4519 1212 4570 εἰ
1241 4518 1298 4571 δὲ
1343 4499 1578 4582 ’ἔϐλεπες
1625 4517 1692 4571 τὰ
1725 4541 1770 4596 ι)

115 4618 233 4680 ἔσω,
250 4618 304 4670 τί
330 4615 481 4686 εἶχες
501 4615 676 4666 εἰπεῖν
696 4628 711 4675 ;

179 4711 243 4762 θ’.
284 4708 522 4774 Ἔλεγον
560 4706 610 4757 οἱ
657 4702 923 4773 Πατέρες,
965 4700 1046 4753 ὅτι
1071 4699 1358 4753 ἐσθιόντων
1399 4699 1528 4752 ποτὲ
1588 4698 1696 4752 τῶν

114 4795 353 4864 amem
391 4796 453 4846 ἐν
488 4793 704 4862 ἀγάπῃ,
762 4789 1019 4857 ἐγέλασεν
1055 4782 1135 4852 εἷς
1186 4787 1413 4858 ἁδελφὸς
1460 4789 1552 4842 ἐπὶ
1597 4789 1697 4860 τῆς

113 4887 413 4957 τραπέζης.
449 4885 562 4937 Καὶ
594 4881 718 4936 ἰδὼν
735 4881 898 4934 αὐτὸν
927 4882 956 4934 ὀ
983 4880 1156 4944 esea;
1198 4879 1472 4951 Ἰωάννης,
1500 4879 1694 4932 ἔκλαυ-

115 4995 198 5041 at,
224 4979 422 5047 λέγων’
457 4976 524 5029 Ti.
553 4975 662 5045 ἄρα
689 4973 802 5043 ἔχει
827 4974 856 5025 ὁ
893 4971 1117 5041 ἀδελφὸς
1148 4963 1302 5035 οὗτος
1327 4973 1386 5026 ἐν
1407 4974 1472 5043 τῇ
1502 4971 1698 5044 καρδίᾳ

186 5155 231 5186 ³³
257 5153 344 5208 Al.
377 5153 621 5205 πάντων.
655 5149 757 5202 An.
787 5147 955 5202 ὄλωνῖ
1017 5147 1063 5179 ³⁸
1093 5145 1155 5202 F.
1179 5145 1492 5217 φαρμάκου.

189 5306 298 5374 (87)
337 5305 450 5358 Vir.
477 5303 630 5357 Patr.
660 5318 734 5362 iv.
765 5300 851 5374 ιε).

190 5371 298 5444 (88)
331 5374 686 5444 Ιη,Ερ1ηα.ἠι
715 5371 928 5444 νη587.

194 5441 298 5515 (8.0)
335 5445 442 5498 Vit.
477 5443 634 5515 Patr.
666 5441 862 5515 Iv,

195 5511 300 5583 (ἔλθ’)
334 5513 573 5583 Append.
611 5529 664 5583 p.
701 5513 860 5583 ιοοδ,
891 5529 944 5568 n.
975 5511 1063 5569 15.

197 5581 299 5653 (9|)
336 5581 445 5639 Vit.
491 5581 645 5653 Patr.
678 5601 731 5642 Χ.
762 5581 852 5635 28.

196 5647 299 5726 (92)
338 5656 408 5726 Τὸ
442 5652 800 5726 καυκᾴλιον,
839 5668 1055 5726 caricas.
1096 5649 1353 5726 Historia
1379 5647 1696 5726 translatio-

120 5727 212 5780 nis
243 5719 298 5781 S'.
327 5724 654 5787 Stremonii,
688 5724 740 5776 in
775 5723 929 5776 Actis
957 5722 1280 5776 Sanctorum
1315 5719 1697 5773 Benedictino-

121 5808 241 5850 tum
269 5797 469 5853 mulo
526 5808 613 5859 ιιι,
641 5809 693 5864 p.
727 5808 786 5860 ll,
831 5811 883 5864 p.
923 5792 1066 5848 £92:
1114 5790 1214 5845 Ubi
1267 5807 1361 5860 pro
1418 5788 1701 5845 reverentia

1794 3252 1918 3291 cum
1967 3239 2043 3292 sis
2090 3238 2334 3292 omnium
2370 3239 2652 3300 minimus,
2693 3254 2862 3294 ausus
2905 3255 2964 3296 es
2999 3241 3360 3298 ministerium

1794 3325 2100 3396 presbyteri
2144 3325 2471 3382 admittere?
2506 3326 2595 3380 Ait
2624 3326 2730 3382 illis
2757 3344 2770 3381 ε
2803 3326 2915 3397 Ego
2947 3330 3162 3398 quando
3195 3345 3362 3401 surgo

1795 3415 1863 3469 ad
1890 3415 2128 3471 dandum
2166 3416 2424 3483 baucale,
2465 3418 2673 3488 gaudeo
2701 3417 2747 3474 si
2781 3420 2964 3474 cuncti
3007 3423 3361 3490 sumpserint,

1796 3514 1856 3561 ut
1895 3507 2200 3564 mercedem
2237 3509 2482 3579 capiam;
2516 3516 2801 3579 prepterea
2842 3525 2973 3582 ergo
3013 3510 3216 3580 accepi,
3253 3525 3366 3580 quo

1794 3599 1844 3654 ei
1892 3598 2159 3655 mercedis
2197 3615 2361 3656 causa
2405 3601 2756 3666 exsisterem;
2803 3615 2874 3654 ne
2924 3600 3145 3657 tristitia
3187 3601 3366 3658 allice-

1795 3699 1969 3756 retur,
2001 3692 2146 3762 quod
2176 3693 2361 3747 nullus
2389 3691 2457 3748 ab
2495 3691 2614 3762 ipso
2642 3691 2994 3762 suscepisset.
3023 3691 3366 3763 Quibus-per

1795 3783 1950 3837 illum
1978 3782 2368 3853 pronuntiatis,
2393 3783 2576 3838 mirati
2609 3790 2758 3847 sunt,
2782 3796 2993 3838 necnon
3017 3782 3365 3852 profecerunt

1795 3890 1860 3931 ex
1891 3875 2011 3945 ejus
2040 3875 2389 3930 discretione.

1867 3965 1922 4022 8.
1959 3966 2071 4036 (95)
2107 3965 2244 4021 Cum
2281 3966 2492 4021 sederet
2521 3965 2756 4035 quodam
2785 3964 2873 4021 die
2903 3975 3029 4021 ante
3049 3966 3360 4032 ecclesiam,

1795 4054 1994 4114 fratres
2018 4057 2494 4113 circumdederunt
2519 4074 2666 4124 eum,
2695 4059 3160 4129 exquirebantque
3179 4059 3246 4114 de
3268 4074 3364 4114 co-

1796 4148 2150 4218 gitationibus
2182 4149 2319 4204 suis.
2349 4148 2504 4215 Quod
2541 4165 2773 4206 cernens
2803 4166 2834 4205 θ
2863 4151 3084 4206 senibus
3116 4151 3359 4221 quidam,

1797 4239 2001 4294 invidia
2038 4242 2308 4310 agitatus,
2334 4241 2471 4296 dixit
2498 4242 2547 4298 ei
2579 4261 2591 4297 :
2621 4241 2851 4296 Baucale
2896 4250 3069 4307 tuum,
3101 4239 3360 4306 Joannes,

1795 4347 2007 4387 veneno
2036 4334 2250 4402 plenum
2289 4341 2393 4389 est.
2432 4323 2731 4405 Respondit
2761 4333 2929 4390 abbas
2969 4332 3210 4389 Joannes
3240 4353 3254 4388 :
3288 4334 3363 4388 ita

1797 4422 1992 4486 habet,
2033 4424 2202 4486 abba;
2247 4433 2409 4495 atque
2441 4426 2522 4480 sic
2563 4426 2777 4480 locutus
2806 4441 2896 4492 es,
2943 4426 3198 4495 quoniam
3247 4426 3364 4478 sola

1797 4514 2065 4568 exteriora
2088 4515 2393 4584 conspicis;
2423 4517 2467 4570 si
2491 4521 2669 4570 autem
2694 4515 2906 4570 videres
2929 4514 3208 4576 interiora,
3231 4514 3364 4584 quid

1797 4605 2027 4659 haberes
2063 4606 2276 4675 eloqui?

1867 4696 1920 4750 9.
1955 4695 2065 4767 (94)
2105 4696 2409 4752 Narrabant
2454 4696 2673 4762 Patres,
2716 4697 2860 4766 quod
2906 4695 3363 4751 manducantibus

1798 4787 2090 4858 aliquando
2136 4787 2396 4843 fratribus
2422 4790 2476 4843 in
2507 4805 2692 4858 agape,
2717 4803 2859 4842 unus
2884 4803 2946 4841 ex
2982 4787 3089 4841 illis
3118 4786 3184 4840 ad
3213 4801 3364 4840 men-

1799 4893 1915 4932 sam
1951 4879 2091 4933 risit.
2132 4878 2300 4944 Quem
2346 4880 2572 4934 intuitus
2609 4879 2778 4933 abbas
2811 4877 3070 4941 Joannes,
3111 4877 3360 4947 ploravit,

1800 4971 2040 5042 dixitque
2066 4991 2078 5026 :
2113 4972 2380 5036 Quidnam
2427 4971 2588 5026 corde
2615 4971 2753 5041 gerit
2786 4969 2952 5025 frater
2982 4968 3092 5040 hic,
3118 4968 3262 5041 quod
3290 4969 3364 5024 ri-

1801 5297 1937 5351 beati
1974 5296 2227 5365 martyris
2254 5296 2484 5365 plurima
2526 5295 2736 5366 reliquit
2764 5296 3013 5366 insignia,
3046 5297 3245 5351 scilicet
3275 5313 3365 5350 ca-

1797 5371 1920 5422 chos
1955 5367 2314 5434 crystallinas.
2347 5376 2394 5420 et
2417 5366 2616 5434 lapides
2645 5369 2926 5434 pretiosos,
2950 5378 3000 5422 et
3039 5371 3158 5421 auri
3194 5366 3364 5434 pluri-

1797 5454 1963 5499 mum,
1994 5438 2057 5490 de
2086 5453 2185 5508 quo
2208 5438 2352 5505 ﬁeret
2382 5454 2492 5508 va_s,
2524 5438 2577 5491 in
2615 5453 2715 5508 quo
2747 5454 2934 5507 corpus
2968 5438 3106 5492 beati
3141 5440 3362 5493 Austra-

1797 5509 1962 5581 monii
2008 5506 2392 5562 recondantur.
2421 5506 2584 5563 Forte
2631 5506 2735 5581 leg.
2765 5506 2976 5577 caucos,
3008 5524 3206 5564 nomen
3243 5522 3366 5579 per-

1798 5579 2098 5644 vulgatum.

1871 5649 1981 5719 (93)
2025 5647 2132 5719 [ξι.
2168 5647 2321 5719 Patr.
2355 5649 2554 5719 “1.75.

1835 5787 1838 5789 Α
1873 5716 1984 5791 (94)
2023 5716 2127 5772 Vit.
2164 5717 2315 5772 Patr.
2354 5735 2434 5782 Ill,
2459 5718 2513 5775 6.
