3874 6304
421 384 428 389 '
447 366 566 421 187

1627 352 1970 410 APPENDIX
2007 353 2100 408 AD
2138 349 2560 407 PALLADIUM.

3619 341 3734 398 208

467 485 629 547 serit,
663 497 784 538 cum
833 480 1013 551 potius
1049 477 1328 534 debuisset
1369 474 1515 538 ﬂere,
1552 475 1646 546 qui
1691 490 1898 546 agapen
1945 487 2038 528 co-

2171 467 2324 529 ιὺτοῦ.
2378 468 2459 521 ὅτι
2507 465 2784 535 ἐγέλασεν,
2830 462 3058 533 ὀφείλων
3107 460 3308 532 μᾶλλον
3355 458 3610 524 κλαῦσαι,
3648 464 3735 517 ὅτι

467 578 775 742 ωῆὰθῖιῶὅ)
811 667 1042 734 Quidam
1083 680 1114 719 e
1146 663 1408 718 fratribus
1445 670 1708 718 venerunt
1755 659 2043 730 aliquando

469 773 532 820 ut
563 769 834 819 tentarent
861 775 1020 824 eum;
1050 757 1487 829 quandoquidem
1523 771 1630 809 non
1657 754 1868 808 sinebat
1893 769 2045 808 men-

470 868 582 913 tem
616 869 770 911 suam
797 851 1035 923 evagari,
1067 865 1167 904 nec
1193 848 1260 903 de
1292 849 1400 901 ullo
1425 846 1608 900 saeculi
1641 844 1804 914 hujus
1831 843 2045 914 negotio

470 947 823 1017 loquebatur;
861 951 916 998 et
945 941 1096 995 aiunt
1125 940 1175 993 ei
1205 961 1216 994 :
1245 939 1457 993 Gratias
1488 938 1697 1006 agimus
1731 935 1858 1000 Deo,
1899 933 2044 1004 quod

477 1041 579 1094 hoc
607 1053 749 1092 anno
779 1036 979 1107 pluerit
1014 1034 1266 1093 multum,
1301 1038 1354 1084 et
1384 1029 1574 1097 palmae
1609 1027 1888 1097 adaquata!
1914 1026 2044 1091 sint,

472 1133 835 1201 emittantque
873 1129 1138 1199 germina,
1178 1135 1339 1196 atque
1379 1119 1650 1177 inventuri
1693 1119 1804 1173 sint
1853 1117 2046 1172 fratres

474 1238 582 1293 quo
627 1236 726 1292 pro
767 1235 917 1274 more
968 1217 1218 1272 manibus
1262 1220 1571 1284 operentur.
1622 1207 1921 1279 Respondit
1967 1208 2048 1262 eis

474 1315 641 1370 abbas
677 1312 918 1368 Joannes
950 1330 962 1364 :
1005 1310 1083 1364 lta
1129 1318 1211 1364 est
1242 1306 1476 1376 Spiritus
1519 1312 1743 1358 sanctus
1777 1317 1792 1354 ε
1832 1299 2049 1370 quando

475 1407 816 1465 descenderit
846 1407 900 1460 in
931 1403 1096 1459 corda
1124 1400 1425 1463 hominum,
1462 1404 1818 1457 renovantur,
1853 1401 1906 1447 et
1932 1407 2050 1463 ger-

477 1501 620 1555 mina
658 1498 941 1570 proferunt
975 1497 1032 1550 in
1064 1496 1263 1548 timore
1289 1491 1404 1545 Dei.

552 1595 638 1648 11.
676 1592 786 1663 (96)
829 1589 903 1644 De
927 1603 992 1644 eo
1025 1586 1296 1647 dicebant,
1332 1579 1478 1653 quod
1506 1581 1739 1635 texuerit
1760 1576 2052 1650 aliquando

479 1686 711 1756 plectam
738 1682 970 1737 duarum
1006 1683 1340 1749 sportarum,
1377 1687 1609 1741 eamque
1649 1687 1754 1724 una
1785 1671 1837 1723 in
1867 1677 2052 1740 sporta

479 1776 814 1834 conficienda
847 1771 1278 1843 consumpserit,
1313 1784 1414 1824 nec
1457 1768 1751 1824 adverterit
1794 1775 2050 1827 mentem,

2147 563 2368 631 ἀγάπην
2395 559 2563 613 ἐσθίει
2584 578 2602 628 ;

2219 660 2271 709 ι’.
2297 649 2502 706 Ἧλθόν
2525 649 2655 704 ποτέ
2682 666 2825 714 τινες
2856 648 2965 702 τῶν
3003 646 3244 718 ἀδελφῶν
3261 647 3520 720 πειράσαι
3543 647 3732 700 αὐτόν·

2145 748 2228 801 ὅτι
2256 746 2356 800 οὐκ
2389 746 2518 815 ἦφιε
2545 745 2636 797 τὸν
2666 742 2924 813 λογισμὸν
2965 741 3126 794 αὐτοῦ
3163 739 3561 812 ῥεμϐασθῆναι,
3610 739 3736 793 οὐδὲ

2146 839 2324 892 ἐλάλει
2341 839 2574 909 πρᾶγμα
2593 836 2686 889 τοῦ
2717 835 2909 898 αἰῶνος
2933 835 3141 887 τούτου·
3160 834 3256 886 καὶ
3287 833 3535 902 λέγουσιν
3559 833 3730 902 αὐτῷ·

2147 929 2594 1002 Εὐχάριστοῦμεν
2627 927 2702 999 τῷ
2736 927 2876 999 Θεῷ,
2901 928 2982 980 ὃτι
3019 927 3238 998 ἔϐρεξεν
3273 926 3358 979 ἐπ’
3392 926 3511 990 ἔτος
3537 927 3733 990 πολλὰ,

2149 1025 2242 1076 καὶ
2273 1023 2423 1076 ἔπιον
2462 1024 2510 1075 οἱ
2543 1021 2802 1091 φοίνικες,
2834 1021 2926 1072 καὶ
2955 1019 3276 1073 ἐκϐάλλουσι
3320 1019 3610 1082 λευκάδας,
3644 1021 3738 1072 καὶ

2149 1116 2491 1187 εὑρίσκουσιν
2543 1115 2593 1166 οἱ
2643 1113 2861 1182 ἀδελφοὶ
2906 1113 2964 1166 τὸ
2994 1113 3304 1184 ἐργόχειρον
3338 1113 3536 1166 αὐτῶν.
3574 1111 3736 1180 Λέγει

2149 1208 2332 1269 αὐτοῖς
2360 1207 2388 1258 6
2436 1204 2613 1268 ἀϐϐἅς
2653 1203 2923 1276 Ἰωάννης·
2953 1203 3138 1267 Οὕτως
3167 1204 3283 1256 ἐστὶ
3313 1203 3374 1255 τὸ
3423 1201 3650 1272 Πνεῦμα
3677 1200 3740 1254 τὸ

2150 1297 2323 1367 ἅγιον·
2351 1298 2478 1350 ὅταν
2506 1296 2718 1368 καταϐῇ
2750 1298 2829 1360 εἰς
2854 1295 2952 1360 τὰς
2971 1296 3198 1368 καρδίας
3221 1296 3328 1348 τῶν
3348 1294 3444 1348 ἀνθ
3455 1293 3657 1366 ρώπων
3668 1291 3737 1358 ⁸⁵,

2148 1390 2517 1454 ἀνανεοῦνται,
2558 1391 2651 1444 καὶ
2672 1390 2992 1445 ἐκϐάλλουσι
3013 1390 3276 1453 λευκάδας
3293 1391 3350 1442 ἐν
3369 1387 3448 1458 τῷ
3468 1386 3620 1457 φόϐῳ
3643 1383 3742 1438 τοῦ

2150 1483 2304 1538 Θεοῦ.

2225 1584 2315 1631 ια’.
2345 1578 2574 1646 Ἔλεγον
2622 1577 2750 1648 περὶ
2783 1575 2972 1642 αὐτοῦ,
3008 1577 3090 1630 ὅτι
3141 1575 3330 1644 έπλεξέ
3365 1595 3493 1631 ποτε
3547 1581 3740 1652 σειρὸν

2151 1669 2246 1723 δύο
2272 1669 2567 1739 σπυρίδιον,
2596 1669 2688 1721 καὶ
2728 1668 2964 1740 ἔρῤαψεν
3009 1667 3177 1740 αὐτὴν
3209 1670 3336 1740 μίαν
3357 1672 3612 1742 σπυρίδα,
3646 1675 3741 1726 καὶ

2153 1763 2252 1814 οὐκ
2279 1762 2526 1831 ἐνόησεν,
2563 1762 2665 1824 ἕως
2694 1763 3034 1832 προσήγγισε
3082 1761 3160 1832 τῷ
3190 1761 3374 1833 τοίχῳ.
3409 1758 3516 1815 Ἦν
3543 1764 3655 1836 γάρ
3711 1767 3742 1819 6

421 1909 433 1918 ο
481 1871 656 1926 donec
692 1867 881 1939 parieti
916 1865 1426 1936 appropinquasset.
1454 1861 1585 1930 Ejus
1608 1859 1809 1931 quippe
1835 1860 2052 1914 animus

2171 1853 2411 1924 ιογισμὸς
2428 1853 2592 1907 αὐτοῦ
2620 1852 2894 1924 σχολάζων
2924 1857 2989 1925 τῇ
3021 1854 3267 1927 θεωωᾳη

482 1963 710 2018 vacabat
737 1957 1204 2028 contemplationi.

553 2055 642 2109 12.
675 2053 786 2123 (97)
823 2051 968 2106 Dixit
1000 2051 1168 2105 abbas
1200 2047 1440 2103 Joannes
1472 2066 1484 2103 :
1523 2045 1733 2101 Similis
1779 2060 1902 2100 sum
1949 2045 2052 2099 ho-

486 2147 617 2202 mini
650 2146 861 2202 sedenti
894 2143 996 2198 sub
1030 2157 1223 2212 magna
1257 2141 1475 2202 arbore,
1511 2155 1575 2194 ac
1608 2137 1874 2208 spectanti
1915 2136 2055 2193 feras

487 2240 688 2294 multas
721 2244 776 2291 et
798 2243 1083 2306 serpentes
1123 2233 1403 2288 venientes
1429 2231 1494 2285 ad
1528 2246 1622 2295 se;
1653 2230 1746 2299 qui
1786 2241 1934 2284 stare
1962 2229 2058 2283 ad-

485 2344 680 2386 versus
708 2343 834 2384 cum
870 2326 1206 2396 nequiverit,
1242 2323 1532 2378 confestim
1573 2322 1818 2377 ascendit
1862 2322 1917 2375 in
1963 2336 2056 2374 ar-

486 2421 694 2484 borem,
730 2434 794 2474 ac
831 2427 1102 2475 servatur.
1139 2416 1214 2469 lta
1252 2415 1415 2470 etiam
1459 2428 1594 2484 ego;
1628 2412 1792 2468 sedeo
1834 2411 1886 2465 in
1921 2411 2058 2466 cella

488 2527 639 2579 mea;
692 2508 976 2580 conspicio
1021 2507 1192 2560 malas
1240 2504 1600 2574 cogitationes
1654 2501 1920 2556 adversus
1974 2515 2060 2554 me

488 2599 870 2667 insurgentes;
930 2609 1167 2663 cumque
1231 2607 1341 2645 non
1397 2591 1618 2644 valuero
1669 2597 1860 2643 contra
1915 2587 2060 2651 illas,

490 2689 558 2742 ad
607 2686 774 2741 Deum
815 2700 912 2757 per
955 2698 1146 2755 preces
1191 2680 1468 2750 confugio,
1515 2679 1701 2750 sicque
1737 2680 1808 2734 ab
1839 2677 2062 2733 inimico

489 2777 711 2847 eripior.

564 2869 650 2923 15.
686 2867 798 2939 (98)
833 2866 1037 2922 Retulit
1079 2866 1250 2922 abbas
1279 2865 1500 2922 Ptemen
1528 2865 1595 2920 de
1637 2865 1831 2920 abbate
1854 2862 2064 2919 Joanne

493 2963 718 3028 Colobo,
745 2960 890 3032 quod
921 2961 1100 3015 oravit
1141 2960 1330 3025 Deum,
1361 2969 1417 3016 et
1465 2961 1666 3016 sublati
1714 2961 1783 3016 ab
1828 2975 1894 3016 eo
1937 2971 2066 3017 sunt

495 3053 741 3118 affectus,
762 3051 1076 3121 exstititque
1106 3051 1224 3106 sine
1253 3051 1638 3107 sollicitudine.
1658 3050 1796 3105 Tum
1833 3051 1967 3105 abiit
1996 3052 2064 3105 ad

494 3145 782 3218 quemdam
816 3158 1023 3208 senem,
1076 3143 1163 3197 cui
1191 3143 1329 3197 dixit
1359 3161 1371 3198 :
1399 3141 1570 3198 Video
1600 3159 1686 3199 me
1713 3145 1980 3214 quietum,
2011 3152 2065 3199 et

2229 2031 2318 2101 ιβ’.
2351 2026 2520 2084 Εἶπεν
2557 2033 2586 2084 6
2619 2030 2794 2094 ἁϐϐἄς
2833 2031 3106 2102 Ἰωάννης,
3128 2032 3209 2085 ὅτι
3245 2034 3470 2104 Ὀμοιός
3506 2037 3623 2107 ειμι
3652 2039 3742 2091 ἀν-

2157 2121 2359 2194 θρώπῳ
2372 2121 2666 2192 καθημένῳ
2694 2122 2952 2175 ὑποκάτω
2973 2122 3186 2193 δένδρου
3219 2124 3475 2194 μεγάλου,
3501 2129 3597 2180 καὶ
3615 2127 3746 2181 θεω-

2156 2215 2340 2286 ροῦντι
2370 2214 2534 2284 θηρία
2550 2213 2720 2267 πολλὰ
2749 2216 2843 2266 καὶ
2871 2215 3078 2286 ἑρπετὰ
3105 2215 3371 2287 ἐρχόμενα
3395 2217 3530 2288 πρὸς
3553 2219 3739 2273 αὐτόν·

2159 2308 2252 2360 καὶ
2280 2308 2407 2361 ὅταν
2442 2308 2516 2378 μὴ
2563 2307 2765 2378 δυνηθῇ
2803 2307 2997 2376 στῆναι
3030 2308 3150 2360 κατ’
3183 2309 3383 2367 αὐτῶν.
3416 2312 3597 2382 τρέχει
3627 2313 3744 2365 ἂνω

2159 2401 2240 2463 εἰς
2259 2399 2319 2453 τὸ
2342 2399 2576 2470 δένδρον,
2604 2398 2702 2452 καὶ
2731 2397 2984 2462 σώζεται.
3016 2398 3202 2463 Οὕτως
3230 2401 3408 2470 κάγώ·
3437 2401 3742 2472 καθέζομαι

2161 2493 2218 2545 ἐν
2240 2491 2317 2563 τῷ
2337 2491 2531 2562 κελλίῳ
2550 2509 2673 2562 μου,
2689 2492 2783 2545 καὶ
2808 2491 2998 2563 θεωρῶ
3023 2494 3149 2555 τοὺς
3167 2495 3431 2564 πονηροὺς
3449 2493 3746 2563 λογισμοὺς

2163 2585 2350 2638 ἐπάνω
2381 2601 2502 2655 μου·
2535 2585 2629 2636 καὶ
2657 2585 2744 2636 ὅτε
2785 2582 2858 2654 μὴ
2916 2585 3118 2655 ἰσχύσω
3158 2586 3296 2657 πρὸς
3328 2587 3544 2651 αὐτοὺς,
3575 2604 3748 2640 κατα.

2164 2675 2350 2744 φεύγω
2380 2677 2514 2748 πρὸς
2543 2675 2635 2729 τὸν
2668 2675 2800 2729 Θεὸν
2823 2675 2912 2730 διὰ
2962 2676 3065 2748 τῆς
3095 2680 3423 2752 προσευχῆς,
3451 2684 3545 2738 καὶ
3572 2682 3746 2749 σώζο-

2167 2786 2265 2840 μαι
2294 2771 2358 2822 ἐκ
2382 2768 2476 2822 τοῦ
2508 2770 2728 2844 ἐχθροῦ.

2237 2869 2324 2932 ιγ’.
2361 2858 2529 2918 Εἶπεν
2557 2867 2584 2918 6
2613 2866 2786 2930 ἀϐϐᾶς
2815 2866 3028 2938 Ποιμὴν
3050 2867 3177 2940 περὶ
3191 2865 3286 2921 τοῦ
3314 2867 3458 2920 ἀϐϐἇ
3491 2869 3747 2923 Ἰωάννου

2165 2952 2259 3005 τοῦ
2291 2954 2535 3021 κολοϐοῦ,
2563 2958 2645 3010 ὅτι
2668 2959 3006 3029 παρεκάλεσε
3037 2959 3129 3012 τὸν
3158 2961 3312 3022 Θεὸν,
3349 2962 3441 3013 καὶ
3471 2960 3613 3032 ἤρθη
3679 2963 3748 3015 τὰ

2169 3048 2314 3119 πάθη
2341 3049 2436 3101 ἀπ’
2459 3049 2646 3113 αὑτοῦ,
2695 3053 2789 3104 καὶ
2818 3052 3042 3122 γέγονεν
3083 3053 3412 3124 ἀμέριμνος,
3441 3055 3552 3107 Καὶ
3581 3056 3752 3108 ἀπελο

2170 3139 2297 3205 θὼν,
2323 3135 2442 3194 εἶπέ
2464 3159 2570 3194 τινι
2591 3142 2826 3214 γέροντι·
2875 3145 3014 3217 Ὀρῶ
3038 3145 3273 3216 ἐμαυτὸν
3316 3147 3747 3216 ἀναπαυόμενον,

495 3238 645 3292 omni
685 3235 1090 3304 impugnatione
1119 3248 1368 3288 vacuum.
1409 3232 1583 3288 Senex
1619 3240 1799 3287 autem
1834 3233 1910 3286 ait
1944 3234 2019 3287 illi
2048 3252 2059 3289 :

2171 3235 2260 3287 καὶ
2290 3234 2497 3306 μηδένα
2522 3235 2755 3306 πόλεμον
2770 3237 2979 3306 ἔχοντα.
3006 3239 3116 3290 Καὶ
3141 3237 3286 3306 λέγει
3305 3238 3452 3309 αὐτῷ
3486 3239 3513 3290 ὁ
3542 3240 3748 3308 γέρων·

498 3325 665 3391 Vade,
695 3341 824 3395 roga
845 3324 1034 3391 Deum,
1065 3333 1124 3378 ut
1155 3323 1249 3378 tibi
1277 3338 1453 3394 pugna
1487 3325 1788 3392 contingat,
1814 3331 1868 3378 et
1897 3339 2062 3394 quam

497 3418 650 3492 prius
690 3416 983 3480 sentiebas,
1024 3416 1302 3470 tribulatio
1347 3423 1510 3484 atque
1555 3415 1880 3469 humiliatio.
1927 3413 2062 3469 Nam

498 3527 596 3582 per
643 3511 961 3575 certamina,
1007 3510 1186 3564 anima
1231 3511 1464 3581 prolicit.
1513 3508 1591 3563 ita
1632 3525 1762 3580 ergo
1812 3519 2065 3580 precatus

497 3608 601 3655 est.
633 3599 695 3653 Ει
733 3600 1014 3654 aceidente
1038 3599 1247 3669 proelio,
1279 3614 1386 3652 non
1420 3599 1654 3668 amplius
1701 3599 1908 3668 rogavit
1947 3597 2000 3651 id
2035 3611 2065 3650 a

501 3709 562 3750 se
607 3692 844 3760 auferri;
887 3691 983 3748 sed
1035 3691 1207 3746 dixit:
1245 3690 1492 3756 Domine,
1537 3692 1606 3744 da
1649 3691 1782 3745 mihi
1821 3695 1872 3744 in
1910 3691 2066 3745 bellis

498 3787 863 3842 tolerantiam.

570 3877 656 3932 14.
684 3876 794 3947 (99)
829 3874 942 3930 Hoc
970 3873 1232 3931 relatione
1256 3874 1467 3929 abbatis
1486 3873 1713 3930 Joannis
1734 3874 2061 3929 didicimus:

499 3968 544 4023 E
583 3969 806 4023 senibus
845 3966 1042 4037 aliquis
1079 3965 1344 4020 visionem
1390 3966 1579 4020 habuit
1626 3966 1680 4021 in
1722 3967 1928 4022 exstasi
1969 3981 2066 4021 seu

500 4059 701 4114 mentis
735 4073 968 4114 excessu
999 4075 1012 4109 :
1046 4058 1186 4111 Ecce
1209 4065 1319 4111 tres
1344 4058 1595 4112 monachi
1623 4065 1893 4113 steterunt
1915 4067 2068 4114 trans

500 4164 681 4217 mare;
718 4151 972 4221 venitque
999 4149 1068 4204 ad
1101 4165 1197 4205 eos
1223 4165 1290 4204 ex
1322 4149 1552 4205 adverso
1577 4151 1759 4206 littore
1782 4167 1884 4205 vox
1917 4151 2065 4220 ejus-

503 4240 650 4296 modi
685 4259 698 4295 :
730 4239 940 4296 Sumite
967 4242 1080 4296 alas
1101 4241 1264 4311 ignis,
1296 4248 1350 4295 et
1379 4241 1618 4296 accedite
1641 4243 1708 4297 ad
1731 4258 1834 4297 me.
1865 4243 1939 4297 Ac
1960 4243 2069 4297 duo

502 4333 720 4403 quidem
763 4348 829 4387 ex
877 4333 981 4388 illis
1017 4328 1373 4402 acceperunt,
1409 4342 1570 4403 atque
1619 4334 1686 4387 ad
1727 4335 1875 4388 aliud
1918 4336 2070 4390 littus

499 4425 733 4481 volando
781 4433 1178 4495 pervenerunt;
1215 4426 1406 4481 tertius
1445 4441 1576 4480 vero
1626 4429 1857 4493 mansit;
1903 4428 2068 4482 vehe-

455 4518 468 4532 '
500 4527 821 4589 menterque
839 4517 1024 4582 flebat,
1052 4526 1107 4574 et
1145 4518 1436 4573 clamabat.
1472 4518 1668 4574 Postea
1709 4527 1887 4574 autem
1929 4519 2068 4576 datae

499 4612 662 4668 etiam
687 4612 788 4682 ipsi
820 4619 949 4667 sunt
973 4611 1091 4678 alae,
1119 4626 1225 4666 non
1257 4612 1473 4682 quidem
1501 4611 1691 4682 igneae,
1715 4612 1810 4668 sed
1841 4612 2068 4669 infirmae

500 4721 565 4760 ac
607 4704 854 4762 debiles:
883 4705 1018 4760 adeo
1065 4713 1126 4759 ut
1167 4705 1440 4761 interdum
1486 4704 1791 4770 demersus,
1839 4705 1966 4761 dein
1999 4723 2066 4762 ex

497 4795 657 4864 aquis
696 4811 1015 4866 emergens,
1050 4811 1173 4851 cum
1217 4796 1403 4851 labore
1441 4803 1496 4850 et
1537 4795 1855 4853 difﬁcultate
1893 4800 2064 4853 multa

500 4887 949 4945 transfretaverit.
995 4888 1118 4943 Pari
1148 4889 1310 4943 modo
1341 4898 1472 4944 :etas
1502 4889 1646 4952 haec;
1676 4892 1924 4960 quamvis
1951 4892 2064 4946 alas

499 4981 752 5052 accipiat,
775 4998 884 5037 non
913 4990 1094 5038 tamen
1117 4986 1336 5054 igneas;
1365 4981 1462 5039 sed
1483 4983 1729 5040 infirmas
1751 4985 2064 5055 debilesque

497 5073 588 5128 vix
620 5075 834 5143 accipit.

570 5163 655 5218 15.
673 5164 748 5235 (1)
762 5164 1312 5240 Fraterinterrogavit
1330 5169 1579 5225 abbatem
1595 5169 1856 5227 Joannem
1885 5189 1897 5225 :
1916 5170 2066 5237 Quo-

497 5254 660 5311 modo
687 5255 868 5310 anima
902 5272 1022 5313 mea
1058 5260 1372 5316 vulneribus
1406 5261 1618 5327 affecta,
1653 5279 1760 5315 non
1793 5263 2070 5319 erubescit

497 5349 717 5421 obloqui
755 5350 824 5407 de
846 5351 1134 5422 proximo?
1163 5353 1303 5408 Dicit
1331 5354 1380 5409 ei
1413 5369 1582 5411 senex
1611 5353 1949 5424 parabolam,
1972 5353 2068 5408 de-

569 5511 617 5543 ”
639 5509 724 5564 Al.
755 5510 944 5578 ἁγίων.
1022 5512 1066 5542 ¹⁶
1089 5511 1174 5565 Al.
1212 5511 1430 5583 μέρους.

567 5621 679 5691 (95)
719 5621 828 5676 Vit.
867 5621 1015 5677 Patr.
1040 5640 1115 5686 XI,
1151 5624 1237 5680 15.

591 5637 679 5760 UO;
726 5637 828 5706 V1.1.
867 5637 1015 5677 l’aﬂ'.
1040 5640 1115 5686 XI,
1151 5637 1237 5680 15.

591 5691 658 5745 96
721 5692 822 5746 νει.
863 5693 1015 5746 Patr.
1057 5710 1132 5756 Il,
1170 5696 1251 5749 14.

590 5762 680 5832 97)
718 5762 822 5821 γει.
860 5765 1012 5818 ιιαιν.
1044 5781 1123 5829 ιιι,
1158 5764 1282 5821 eos.

567 5829 678 5897 (98)
722 5834 826 5887 Vit.
860 5834 1009 5892 Patr.
1045 5837 1225 5902 vu,8;
1256 5838 1314 5891 L.
1345 5834 1570 5891 Climac.
1605 5830 1771 5888 Grad.
1793 5829 1862 5884 29
1891 5841 1941 5886 et
1961 5829 2061 5886 Do-

2167 3326 2406 3394 ”Υπαγε,
2431 3327 2806 3398 παρακάλεσον
2822 3330 2912 3382 τὸν
2937 3329 3092 3392 Θεὸν,
3114 3328 3254 3383 ὥστε
3283 3331 3372 3383 τὸν
3402 3331 3636 3400 πόλεμόν
3668 3349 3752 3385 σοι

2166 3418 2360 3482 ἐλθεῖν,
2388 3421 2483 3473 καὶ
2515 3420 2582 3492 ἣν
2615 3417 2759 3492 εἶχες
2790 3423 3052 3494 πρότερον
3085 3423 3376 3494 συγτριϐὴν
3412 3425 3506 3478 καὶ
3553 3425 3751 3478 ταπεί-

2166 3526 2348 3562 νωσιν·
2367 3509 2455 3564 διὰ
2473 3510 2581 3582 γὰρ
2601 3511 2710 3564 τῶν
2732 3513 2982 3584 πολέμων
3003 3516 3300 3585 προκόπτει
3321 3518 3353 3586 ἡ
3382 3516 3549 3587 ψυχή.
3570 3518 3753 3590 Παρε-

2166 3600 2394 3654 κάλεσεν
2427 3597 2541 3669 οὖν,
2572 3605 2665 3656 καὶ
2701 3604 2947 3669 ἐλθόντος
2979 3605 3074 3659 τοῦ
3106 3607 3370 3676 πολέμου,
3420 3609 3518 3660 οὐκ
3545 3610 3626 3663 ἔτι
3659 3611 3753 3662 εῦ-

2167 3694 2296 3759 ξατο
2326 3694 2556 3767 ἀρθῆναι
2582 3697 2744 3751 αὐτὸν
2784 3699 2879 3752 ἀπ’
2918 3698 3106 3764 αὐτοῦ,
3137 3700 3251 3755 ἀλλ’
3294 3702 3465 3768 ἔλεγε·
3504 3703 3604 3766 Δός
3637 3721 3751 3774 μοι,

2171 3787 2360 3862 Κύριε.
2384 3789 2660 3861 ὑπομονὴν
2690 3793 2747 3844 ἐν
2778 3794 2890 3855 τοῖς
2913 3793 3184 3864 πολέμοις.

2241 3881 2320 3936 ιδ’.
2355 3878 2521 3936 Εἶπεν
2552 3886 2581 3937 6
2613 3884 2788 3947 άϐϐᾶς
2825 3884 3097 3955 Ἰωάννης,
3135 3886 3217 3938 ὅτι
3249 3883 3357 3938 εἶδέ
3397 3902 3480 3948 τις
3503 3885 3613 3938 τῶν
3658 3903 3752 3954 γεο

2172 3973 2370 4045 ρόντων
2397 3976 2455 4027 ἐν
2489 3975 2761 4028 ἐκστάσει·
2787 3977 2896 4028 Καὶ
2928 3975 3035 4029 ἰδοὺ
3071 3979 3221 4048 τρεῖς
3259 3976 3482 4047 μοναχοὶ
3507 3976 3752 4048 ἒστηκαν

2169 4065 2346 4136 πέραν
2382 4065 2482 4136 τῆς
2510 4066 2805 4137 θαλάσσης·
2837 4065 2932 4120 καὶ
2963 4066 3178 4136 ἐγένετο
3198 4067 3348 4136 φωνὴ
3378 4067 3511 4138 πρὸς
3550 4068 3752 4132 αὐτοὺς

2169 4159 2235 4212 ἐκ
2255 4158 2347 4212 τοῦ
2366 4159 2524 4213 ἄλλου
2547 4161 2720 4231 πέραν
2751 4160 2817 4218 ⁸⁸,
2838 4158 3091 4227 λέγουσα·
3116 4158 3323 4212 Λάϐετε
3350 4158 3528 4230 πτερὰ
3552 4176 3625 4211 πυ
3636 4158 3751 4230 ρος,

2170 4253 2264 4304 καὶ
2291 4249 2442 4303 δεῦτε
2466 4251 2602 4322 πρὸς
2642 4250 2730 4320 μέ.
2772 4251 2882 4304 Καὶ
2910 4251 2958 4303 οἱ
2997 4251 3095 4321 μὲν
3133 4250 3226 4304 δύο
3252 4250 3462 4314 ἔλαϐον,
3494 4251 3591 4303 καὶ
3615 4252 3754 4303 ἐπε-ο

2169 4343 2444 4414 τάσθησαν
2471 4347 2550 4408 εἰς
2577 4344 2638 4396 τὸ
2679 4344 2806 4398 ἄλλο
2851 4344 3044 4416 πέραν·
3081 4345 3108 4397 6
3132 4343 3188 4396 δὲ
3215 4343 3371 4406 ἄλλος
3396 4344 3603 4412 ἔμεινε,
3655 4344 3754 4396 καὶ

2170 4435 2352 4488 ἔκλαιε
2395 4437 2600 4506 σφόδρα
2646 4435 2741 4490 καὶ
2795 4435 3047 4506 ἔκραζεν.
3090 4436 3355 4507 ’Ύστερον
3381 4434 3437 4488 δὲ
3484 4435 3752 4506 ἐδόθησαν

2171 4527 2264 4579 καὶ
2284 4526 2432 4597 αὐτῷ
2457 4525 2653 4598 πτερὰ,
2703 4527 2765 4580 οὐ
2807 4527 2990 4598 μέντοι
3032 4526 3222 4599 πυρὸς,
3251 4527 3366 4579 ἁλλ’
3409 4525 3612 4597 ἀσθενῆ
3657 4529 3755 4581 καὶ

2171 4619 2437 4691 ἁδύναμα·
2470 4619 2566 4672 κοιλ⁸
2607 4618 2742 4690 μετά
2797 4619 3045 4691 καμάτου
3079 4618 3604 4689 καταποντιςόμενος
3655 4620 3755 4673 καὶ

2170 4711 2548 4782 ἀνιστάμενος,
2586 4713 2723 4782 μετὰ
2755 4712 2988 4782 θλίψεως
3023 4711 3225 4782 πολλῆς
3259 4707 3421 4782 ἦλθεν
3449 4714 3528 4777 εἰς
3565 4711 3628 4766 τὺ
3661 4714 3756 4766 πέρ

2174 4820 2288 4874 ραν.
2327 4803 2510 4868 Οὕτως
2547 4807 2640 4858 καὶ
2664 4807 2698 4876 ἡ
2729 4805 2894 4874 γενεὰ
2919 4803 3080 4875 αὕτη,
3118 4804 3280 4857 sint
3305 4803 3572 4874 λαμϐάνει
3619 4823 3754 4858 πτε-

2174 4891 2262 4964 ρὰ,
2284 4893 2344 4946 οὐ
2399 4895 2580 4964 μέντοι
2609 4895 2802 4967 πυρὸς,
2843 4895 2976 4950 ἀλλὰ
3008 4895 3163 4965 μόλις
3194 4894 3394 4965 ἀσθενῆ
3419 4895 3511 4948 καὶ
3544 4895 3748 4951 ἀδύνα-

2177 5002 2252 5055 μα
2277 4985 2560 5056 λαμϐάνει.

2244 5177 2323 5224 ιε’.
2375 5168 2626 5240 ’Ᾱδελφὸς
2649 5168 2901 5243 ἠρώτησε
2921 5173 3012 5226 τὸν
3035 5172 3210 5226 ἀϐϐᾶν
3245 5171 3518 5242 Ἰωάννην,
3546 5171 3748 5240 λέγων·

2175 5262 2352 5332 Πῶςὴ
2377 5263 2520 5334 ψυχή
2561 5282 2662 5333 μου
2691 5264 2890 5335 ἔχουσα
2929 5265 3251 5337 τραύματα,
3297 5267 3397 5319 οὐκ
3428 5266 3752 5335 αἰσχύνεται

2175 5355 2498 5409 καταλαλεῖν
2526 5355 2621 5409 τοῦ
2639 5355 2897 5426 πλησίονς
2929 5358 3092 5426 Λέγει
3124 5356 3272 5426 αὐτῷ
3302 5357 3329 5407 6
3358 5354 3536 5426 γέρων
3566 5371 3752 5428 παρα·-

2172 5621 2316 5677 roth.
2351 5619 2533 5674 Doctr.
2565 5620 2652 5675 15.

2243 5690 2494 5761 (99)]ἰι.
2529 5691 2675 5745 Patr.
2708 5706 2861 5750 xvm.
2893 5691 2941 5745 8.

2241 5765 2317 5830 (1)
2357 5760 2460 5818 Vit.
2501 5761 2651 5816 Patr.
2684 5778 2758 5830 Iv,
2783 5761 2865 5817 10.
