3874 6300
141 299 243 356 209

1315 302 1923 360 APOPHTHEGM’AT‘A
1962 303 2268 360 PATRUM.

3288 307 3394 363 210

140 422 303 490 ϐολὴν
321 420 418 474 διὰ
436 422 538 492 τὴν
568 419 916 477 καταλαλιάν·
949 422 1269 494 Ἄνθρωπός
1296 439 1378 487 τις
1401 419 1468 494 ἦν
1493 424 1725 493 πτωχὸς,

1848 424 2125 478 Lractionis
2151 437 2280 494 ergo
2302 439 2314 474 :
2335 420 2463 476 Erat
2499 421 2660 476 homo
2685 420 2904 492 quidam
2934 437 3158 493 pauper,
3181 433 3233 475 et
3261 437 3393 475 uxo-

137 515 230 565 καὶ
276 509 395 583 εἶχε
427 518 662 581 γυναῖκα
685 532 699 546 ’
752 511 859 568 εἶδε
891 515 948 568 δὲ
983 515 1076 596 καὶ
1102 513 1268 586 ἄλλην
1313 514 1595 586 πειθανὴν,
1628 515 1724 569 καὶ

137 603 294 657 ἔλαϐε
325 605 567 675 ταύτηνο
590 602 729 677 ἦσαν
754 607 809 659 δὲ
840 607 1145 679 ἀμφότεραι
1167 605 1390 677 γυμναί.
1425 606 1725 678 Γενομένης

136 693 193 746 δὲ
245 697 621 767 πανηγύρεως
658 699 716 750 ὲν
763 698 870 752 τινὶ
905 699 1084 769 τόπῳ,
1144 698 1519 768 παρεκάλεσαν
1567 697 1725 750 αὑτὸν

139 785 404 854 λέγουσαι
425 805 439 818 ⁸
465 785 535 840 Ἀ
546 806 636 859 ρον
662 791 810 859 ἡμᾶς
837 790 974 860 μετὰ
1003 788 1118 842 σοῦ.
1143 791 1254 843 Kal.
1285 788 1464 842 λαϐὼν
1486 789 1584 852 τὰς
1609 787 1723 850 δύο,
1751 837 1756 841 ,

139 878 332 930 ἔϐαλεν
381 881 463 941 εἰς
497 880 652 932 πίθον
678 896 692 908 ·
728 880 822 932 καὶ
861 880 1033 950 ἐμϐὰς
1073 880 1153 943 εἰς
1201 879 1403 942 πλοῖον,
1453 875 1616 950 ἦλθεν
1647 879 1726 942 εἰς

140 973 232 1024 τὸν
257 973 456 1025 τόπον.
491 973 622 1026 Ὅτε
652 973 708 1026 δὲ
753 973 943 1041 γέγονε
993 973 1204 1044 καῦμα,
1241 973 1337 1027 καὶ
1367 972 1646 1042 ἡσύχασαν
1678 973 1727 1025 οἰ

138 1061 460 1134 ἄνθρωποι,
497 1062 847 1132 ἁναϐλέψασα
895 1065 929 1136 ἡ
977 1065 1092 1134 μία,
1132 1065 1226 1118 καί
1263 1063 1468 1134 μηδένα
1515 1062 1725 1125 ἰδοῦσα,

141 1152 488 1223 ἐξεπήδησεν
519 1155 599 1218 εἰς
635 1155 732 1223 τὴν
769 1156 1020 1227 κοπρίαν,
1055 1157 1150 1210 καὶ
1197 1155 1470 1220 συνάξασα
1515 1156 1716 1210 παλαιὰ

147 1245 326 1314 ῥάκη,
373 1244 632 1316 ἐποίησεν
668 1248 834 1318 ἑαυτῇ
874 1248 1199 1319 περίζωμα.
1243 1249 1337 1302 καὶ
1376 1247 1558 1301 λοιπὸν
1594 1247 1730 1318 μετὰ

142 1335 466 1405 παρρησίας
512 1336 855 1406 περιεπάτει.
923 1338 988 1392 Ἡ
1031 1338 1088 1391 δὲ
1121 1337 1254 1410 ἄλλη
1301 1338 1410 1391 ἔσω
1443 1337 1756 1409 καθημένη,

143 1425 354 1496 γυμνὴ.
383 1427 575 1496 ἔλεγεν
595 1442 609 1458 ·
654 1428 784 1480 Ἰδοὺ
833 1427 988 1500 αὕτη⁸
1017 1431 1051 1500 ἠ
1085 1429 1256 1500 πόρνη
1291 1429 1390 1482 οὐκ
1420 1427 1731 1498 αἰσχύνεται

143 1505 534 1588 περιπατοῦσα
569 1521 769 1590 γυμνή.
807 1520 1160 1591 Διαπονηθεὶς
1211 1520 1267 1573 δὲ
1311 1521 1340 1574 6
1377 1522 1515 1592 ἀνὴρ
1562 1519 1732 1590 αὐτῆς

143 1605 298 1662 εἶπεν
320 1627 337 1641 ο
373 1607 446 1663 Ὦ
478 1610 696 1682 θαῦμαο
744 1612 884 1684 αὕτη
911 1613 1015 1668 κᾶν
1063 1614 1258 1668 σκέπει
1286 1615 1384 1685 τὴν
1421 1613 1734 1683 ἀσχημοσύ-

143 1719 243 1772 νην
287 1703 466 1772 αὐτῆς
490 1720 503 1732 ·
540 1704 604 1757 σὺ
632 1704 687 1756 δὲ
715 1703 810 1775 ὅλη
852 1704 1035 1776 γυμνὴ
1069 1700 1139 1768 εἴ,
1173 1705 1268 1759 καί
1313 1705 1486 1758 ταῦτα
1513 1707 1613 1758 οὐκ
1649 1705 1734 1757 αἰ-

1827 524 2002 579 ratus,
2033 514 2126 584 qui
2161 514 2318 568 aliam
2358 512 2638 568 mulierem
2667 515 2968 584 speciosam
3002 514 3249 579 intuitus,
3272 530 3392 570 eam

1826 621 2043 676 quoque
2080 607 2353 660 connubio
2390 606 2492 661 sibi
2532 607 2841 676 copulavit;
2879 607 3050 661 amba:
3079 625 3206 662 vero
3235 615 3394 664 erant

1827 697 2004 751 nudae.
2041 696 2178 751 Cum
2209 705 2389 751 autem
2423 695 2680 750 nundinae
2725 697 3127 752 celebrarentur
3163 697 3389 761 alicubi,

1827 797 2158 858 rogaverunt
2205 789 2418 853 virum,
2473 788 2754 844 dicentes:
2790 788 2900 844 Nos
2959 799 3134 844 tecutn
3186 775 3390 844 ducito.

1830 880 2006 946 Quare
2064 891 2349 950 utramque
2399 887 2730 950 assumptam
2778 882 2832 935 in
2889 881 3034 934 dolio
3075 879 3394 944 collocavit;

1829 972 2062 1039 navique
2114 986 2415 1026 conscensa
2466 970 2533 1025 ad
2579 979 2854 1026 mercatus
2907 972 3082 1024 locum
3130 967 3392 1039 pervenit.

1830 1061 2122 1131 Postquam
2179 1070 2359 1115 autem
2407 1069 2572 1116 mstus
2617 1061 2725 1116 diei
2775 1061 3010 1124 advenit,
3055 1066 3109 1114 et
3149 1059 3396 1116 homines

1830 1154 1996 1224 quieti
2046 1170 2104 1207 se
2151 1153 2450 1219 dederunt,
2511 1170 2615 1208 una
2666 1169 2852 1210 earum
2903 1152 3235 1222 respiciens,
3297 1165 3398 1206 nec

1830 1261 2158 1317 quemquam
2192 1246 2406 1307 intuita,
2439 1247 2610 1301 exiliit
2653 1247 2707 1301 in
2752 1247 3174 1316 Sterquilinium,
3199 1245 3398 1299 veteri-

1831 1340 2043 1409 busque
2082 1338 2276 1408 pannis
2306 1340 2570 1401 collectis,
2597 1338 2699 1394 sibi
2724 1338 3116 1407 subligaculum
3140 1335 3396 1399 confecit,

1832 1445 1897 1485 ac
1924 1430 2123 1485 deinde
2150 1444 2272 1482 cum
2303 1429 2498 1482 fiducia
2521 1429 2857 1484 ambulabat.
2891 1431 3074 1483 Altera
3100 1443 3227 1483 vero
3252 1429 3396 1482 intus

1833 1512 2034 1576 sedens
2085 1520 2263 1580 nuda,
2313 1517 2657 1573 dixitzEcce
2700 1523 3032 1573 meretricem
3077 1518 3234 1581 hanc,
3288 1533 3398 1571 non

1833 1612 2106 1666 erubescit
2151 1610 2296 1664 nuda
2341 1610 2609 1664 incedere.
2666 1611 2740 1663 At
2776 1625 2916 1681 aegre
2954 1611 3130 1665 ferens
3169 1611 3398 1666 maritus

1834 1705 2050 1773 excepit
2081 1722 2093 1756 :
2124 1701 2257 1755 Rem
2291 1702 2514 1754 miram!
2554 1700 2670 1771 Ipsa
2703 1703 2892 1756 saltem
2929 1701 3242 1756 inbonestas
3273 1716 3400 1755 cor-

148 1795 321 1869 σχύνῃ
347 1797 626 1862 λαλοῦσα;
659 1797 845 1862 Οὕτως
881 1798 999 1850 ἐστὶ
1022 1796 1118 1851 καί⁹
1146 1797 1208 1850 τὸ
1248 1796 1348 1867 τῆς
1377 1796 1728 1860 καταλαλιᾶς.

1848 1772 1988 1865 poris
2021 1795 2102 1847 sui
2138 1802 2319 1862 partes
2354 1793 2590 1862 obtegit;
2618 1801 2675 1846 tu
2705 1808 2832 1846 vero
2862 1801 2969 1846 tota
3012 1790 3152 1846 nuda
3187 1807 3265 1857 es,
3300 1807 3400 1848 nec

217 2066 319 2123 ις’.
362 2058 559 2125 Ἔλεγε
583 2057 639 2110 δὲ
671 2056 832 2111 πάλιν
860 2055 937 2128 τῷ
971 2057 1184 2128 ἀδελφῷ
1216 2059 1244 2110 6
1274 2059 1452 2130 γέρων
1481 2060 1608 2131 περὶ
1633 2060 1735 2130 τῆς

146 2149 329 2220 ψυχῆς
357 2150 457 2220 τῆς
484 2149 747 2220 θελούσης
775 2149 1102 2220 μετανοῆσαι
1122 2166 1137 2181 ο
1173 2150 1352 2222 Πόρνη
1380 2147 1446 2222 ἦν
1477 2151 1652 2222 ὡραῖα
1677 2153 1736 2204 ὲν

147 2244 252 2296 τινὶ
283 2242 466 2304 πόλει,
492 2242 588 2295 καὶ
610 2242 837 2306 πολλοὺς
865 2242 1048 2310 φίλους
1076 2238 1267 2313 εῖχεν..
1287 2242 1485 2296 Ἐλθὼν
1515 2243 1569 2296 δὲ
1598 2242 1736 2314 πρὸς

148 2335 317 2406 αὐτὴν
347 2330 430 2398 εἷς
454 2335 659 2406 ἄρχων,
689 2331 842 2388 εἶπεν
868 2335 1003 2406 αὐτῇ
1025 2350 1038 2364 ·
1067 2334 1269 2387 Σύνθου
1302 2352 1391 2405 μοι
1417 2337 1732 2406 σωφρονεῖν,

149 2427 308 2494 κάγώ
347 2443 407 2479 σε
441 2425 705 2497 λαμϐάνω
729 2429 807 2490 εἰς
827 2431 1081 2494 γυναῖκα.
1117 2428 1181 2480 Ἦ
1205 2426 1261 2480 δὲ
1285 2426 1536 2480 συνέθετο
1562 2426 1730 2497 αὐτῷ.

149 2520 258 2572 Καὶ
293 2518 484 2572 λαϐὼν
517 2518 687 2594 αὐτὴν
720 2518 1004 2590 ἀπήγαγεν
1031 2520 1110 2582 εἰς
1136 2519 1224 2572 τὸν
1254 2515 1402 2572 οἷκον
1430 2517 1617 2572 αὑτοῦ.
1670 2518 1734 2570 Oi

148 2611 202 2663 δὲ
233 2610 385 2678 φίλοι
433 2609 640 2678 αὐτῆς,
676 2610 963 2680 ζητοῦντες
995 2611 1186 2679 αὐτὴν,
1233 2609 1414 2679 ἔλεγον
1436 2628 1447 2641 ·
1493 2610 1551 2662 '0
1592 2609 1736 2663 δεῖνα

150 2704 179 2757 ό
209 2704 403 2773 ἄρχων
434 2700 624 2754 ἔλαϐεν
659 2701 827 2772 αὐτὴν
861 2703 940 2764 εἰς
970 2702 1062 2754 τὸν
1095 2698 1242 2755 οἷκον
1281 2702 1446 2754 αὑτοῦ
1465 2719 1478 2733 ·
1509 2701 1604 2755 ἐὰν
1643 2698 1734 2758 οὖν

151 2790 485 2860 ἀπέλθωμεν
513 2793 594 2853 εἰς
617 2791 708 2842 τὸν
741 2787 886 2842 οἶκον
916 2791 959 2822 ¹⁷
1007 2789 1195 2854 αὑτοῦ,
1231 2792 1325 2844 καί⁵
1361 2790 1530 2862 μάθῃ,
1564 2807 1737 2861 τιμω-

157 2887 335 2954 ρεῖται
361 2883 531 2952 ἡμᾶς.
579 2882 737 2934 Ἀλλὰ
763 2882 915 2934 δεῦτε
942 2882 1115 2934 ὀπίσω
1152 2885 1252 2952 τῆς
1277 2882 1473 2945 οἰκίας.
1505 2882 1600 2935 καί⁴
1639 2897 1736 2933 συ-

159 2978 404 3044 ρίσωμεν
432 2976 571 3045 αὐτῇ
594 2991 607 3004 ·
639 2975 731 3026 καί
759 2975 1095 3047 γνωρίζουσα
1123 2974 1221 3045 τὴν
1248 2976 1430 3047 φωνὴν
1457 2975 1549 3028 τοῦ
1590 2992 1738 3046 συρι-

155 3067 325 3136 γμοῦ,
353 3067 674 3120 καταϐαίνει
710 3067 846 3138 πρὸς
870 3068 1038 3136 ἡμᾶς,
1070 3067 1163 3119 καί
1192 3068 1349 3137 ἡμεῖς
1391 3067 1618 3120 ἀναίτιοι
1651 3068 1739 3120 εύ-

159 3160 489 3232 ρισκόμεθα.
535 3159 840 3213 Ἀκούσασα
867 3155 957 3212 οὖν
985 3158 1078 3211 τοῦ
1110 3157 1413 3229 συριγμοῦ,
1441 3158 1737 3229 ὲσφρὰγισε

157 3256 226 3306 τὰ
252 3247 372 3306 ὦτα
398 3253 590 3320 αὐτῆς,
615 3251 710 3304 καὶ
738 3252 1093 3321 εἰσεπήδησεν
1119 3253 1196 3314 εἰς
1216 3252 1306 3304 τὸν
1335 3252 1608 3323 ἐνδότερον
1633 3269 1739 3304 κοι-

159 3347 329 3409 τῶνα,
363 3346 462 3397 καί
494 3343 702 3396 ἔκλεισε
731 3343 826 3401 τὰς
859 3342 1045 3414 θύρας.
1085 3344 1279 3412 Ἔλεγε
1311 3342 1386 3409 δὲ,
1415 3344 1512 3412 τὴν
1536 3344 1739 3414 πόρνην

162 3433 304 3491 εἶναι
351 3437 454 3507 τὴν
485 3437 662 3506 ψυχήν
687 3452 704 3467 ⁵
742 3435 791 3487 οἰ
835 3433 892 3486 δὲ
941 3434 1082 3501 φίλοι
1128 3434 1298 3504 αὐτῆς
1344 3437 1448 3487 εἰσι
1490 3434 1558 3487 τὰ
1593 3434 1738 3506 πάθη

163 3533 256 3582 καὶ
284 3532 332 3582 οἰ
380 3528 696 3600 ἄνθρωποι·
743 3529 771 3580 6
813 3526 868 3579 δὲ
915 3526 1095 3596 ἄρχων
1137 3527 1282 3579 ἐστὶν
1313 3528 1341 3579 6
1399 3527 1667 3598 Χριστόςο
1707 3529 1740 3596 ἡ

163 3623 220 3676 δὲ
253 3624 403 3675 οἰκία
435 3625 468 3692 η
501 3620 742 3691 ὲσωτέρα
769 3621 968 3690 ὲστίνή
998 3619 1187 3672 αἱωνία
1221 3621 1375 3689 μονή.
1410 3622 1471 3672 υἱ
1501 3619 1557 3671 δὲ
1595 3619 1743 3690 συρί-

167 3716 352 3779 ζοντες
378 3716 519 3784 αὐτῇ
549 3716 683 3766 εἰσιν
708 3714 759 3766 οἰ
795 3713 1018 3782 πονηροὶ
1042 3712 1293 3781 δαίμονες
1316 3726 1329 3739 °
1365 3711 1502 3782 αὐτὴ
1545 3710 1602 3763 δὲ
1631 3710 1746 3764 δια-

168 3807 371 3868 παντὸς
408 3804 600 3872 φεύγει
640 3804 774 3875 πρὸς
806 3803 896 3856 τὸν
930 3802 1146 3873 Κύριον.

244 3895 333 3958 ιζ’.
383 3895 791 3958 Ἀναϐαἰνοντός
839 3911 966 3946 ποτε
1007 3892 1104 3945 τοῦ
1149 3891 1293 3945 sese
1349 3892 1593 3946 Ἰωάννου
1637 3893 1747 3947 ἀπὸ

169 3988 429 4055 Σκήτεως
480 3985 596 4053 μετ’
642 3982 816 4036 ἄλλων
857 3981 1120 4051 ἀδελφῶν,
1165 3981 1440 4051 ἐπλανήθη
1470 3983 1498 4035 6
1538 3981 1746 4052 ὁδηγῶν

171 4076 408 4138 αὐτούς·
448 4070 515 4144 ἦν
546 4073 655 4142 γὰρ
699 4071 815 4138 νύξ.
872 4073 983 4124 Καὶ
1035 4071 1278 4138 λέγουσιν
1311 4072 1360 4122 οἰ
1413 4070 1628 4138 ἀδελφοί
1670 4069 1748 4140 τῷ

175 4166 323 4220 ἁϐϐἱ
363 4165 587 4235 Ἰωάννῃ
607 4180 620 4192 ·
669 4161 734 4214 Τί
769 4163 1084 4232 ποιήσομεν,
1115 4160 1277 4223 assa,
1308 4160 1388 4212 ὃτι
1417 4157 1690 4230 ἐπλανήθη
1721 4161 1749 4212 6

175 4260 406 4326 ἁδελφὸς
437 4258 537 4328 τὴν
566 4256 704 4319 ὁδὸν,
758 4255 952 4324 μήπως
980 4253 1338 4322 ἀποθάνωμεν
1375 4249 1748 4323 πλανώμενοι;

175 4352 340 4418 Λέγει
391 4351 577 4410 αὐτοῖς
615 4349 644 4399 6
680 4346 891 4417 γέρων·
935 4344 1059 4396 Ἐὰν
1099 4343 1341 4413 εἴπωμεν
1370 4342 1540 4412 αὐτῷ,
1571 4342 1752 4396 λυπεῖ-

177 4461 264 4496 ται
295 4442 396 4495 καὶ
437 4439 774 4509 αἰσχύνεται.
821 4436 958 4488 Ἀλλ’
1005 4435 1110 4488 ἰδοὺ
1153 4433 1290 4486 ποιῶ
1327 4434 1560 4502 ἐμαυτὸν
1588 4433 1751 4487 ἀσθε-

177 4535 375 4588 νοῦντα
395 4573 411 4598 ,
447 4533 540 4584 καί
570 4529 744 4598 λέγω,
790 4529 864 4581 Οὐ
901 4526 1137 4596 δύναμαι
1165 4524 1418 4589 ὁδεῦσαι,
1447 4524 1580 4578 ἀλλὰ
1608 4524 1752 4594 μένω

179 4622 280 4680 ὧδε
321 4627 432 4688 ἓως
473 4624 638 4692 πρωῒ.
672 4620 780 4674 Καὶ
829 4618 1094 4689 ἐποίησεν
1132 4617 1322 4680 οὓτως.
1369 4618 1431 4669 υἱ
1479 4617 1536 4669 δὲ
1580 4615 1754 4669 λοιποὶ

181 4719 367 4777 εἷπονο
401 4720 538 4772 Οὐδὲ
577 4719 738 4788 ἡμεῖς
771 4714 1077 4782 ὑπάγομεν,
1115 4710 1250 4764 ἀλλὰ
1287 4709 1572 4779 καθήμεθα
1621 4709 1756 4780 μετὰ

186 4817 298 4873 σοῦ,
343 4815 458 4867 Καὶ
496 4811 755 4864 ἐκάθισαν
796 4807 901 4868 ἓως
937 4805 1113 4875 πρωῒ)
1145 4803 1354 4856 καὶτὸν
1395 4802 1616 4870 ἀδελφὸν
1657 4801 1757 4854 οὐκ

184 4906 598 4963 ὲσκανδάλισαν.

255 5007 346 5069 ιη’.
389 4997 570 5068 Γέρων
621 5010 704 5056 τις
737 4988 804 5064 ἦν
849 4995 906 5045 ὲν
951 4992 1165 5060 Σκήτει,
1204 4985 1421 5048 πονικὸς
1457 4985 1554 5055 μὲν
1594 4985 1650 5037 ὲν
1679 4983 1759 5054 τῷ

189 5087 510 5162 σωματικῷ,
544 5086 643 5138 οὐκ
671 5083 901 5154 ἀκριϐὴς
924 5082 979 5135 δὲ
1007 5084 1063 5134 ὲν
1085 5082 1194 5142 τοῖς
1225 5078 1519 5146 λογισμοῖς.
1561 5075 1758 5144 Ἀπῆλ-

190 5187 277 5238 θεν
312 5180 407 5239 οὖν
449 5179 586 5251 πρὸς
618 5178 708 5230 τὸν
748 5176 921 5230 ἀϐϐἱν
977 5172 1248 5242 Ἰωάννην,
1286 5169 1556 5241 ἐρωτῆσαι
1598 5166 1770 5220 αὐτὸν.

191 5278 317 5345 περὶ
361 5275 462 5344 τῆς
508 5271 714 5343 λήθηςο
765 5271 858 5321 καὶ
906 5265 1144 5329 ἀκούσας
1194 5262 1322 5334 παρ’
1376 5259 1540 5315 αὑτοῦ
1581 5260 1756 5328 λόγον,

195 5365 534 5437 ὑπέστρεψεν
573 5363 654 5426 εἰς
696 5361 794 5432 τὴν
824 5358 1017 5411 κελλαν
1057 5355 1243 5419 αὑτοῦ,
1282 5354 1375 5408 καὶ
1411 5350 1702 5407 ἐπελάθετο
1731 5350 1759 5402 ὃ

265 5522 304 5549 ’⁷
329 5520 415 5572 ΑΙ.
446 5516 544 5584 τὴν
566 5514 753 5583 θύραν.

265 5657 341 5724 (ἓν
539 5649 688 5724 fair.
731 5665 799 5708 tv,

266 5717 344 5796 (ὅ)
381 5721 491 5778 Vit.
530 5717 687 5772 Patr.
710 5734 845 5781 xm,
877 5719 925 5768 7.

1835 1887 2114 1943 erubescis
2144 1888 2247 1943 ista
2273 1886 2558 1958 proloqui?
2589 1886 2667 1940 ita
2703 1885 2863 1940 habet
2891 1885 3242 1940 detractionis
3275 1898 3401 1954 pec-

1835 1985 2038 2032 catum.

1906 2071 1993 2124 16.
2033 2069 2108 2140 (2)
2148 2068 2319 2125 Porro
2365 2085 2526 2126 senex
2572 2069 2840 2126 referebat
2887 2068 3059 2124 adhuc
3100 2067 3292 2132 fratri,
3334 2069 3402 2126 de

1837 2161 2017 2216 anima
2053 2177 2176 2232 quae.
2209 2163 2583 2232 paenitentiam
2619 2177 2778 2232 agere
2821 2162 2937 2216 vult
2967 2181 2980 2216 :
3008 2159 3155 2227 Erat,
3202 2161 3400 2230 inquit,

1834 2253 1889 2307 in
1921 2253 2152 2323 quadam
2196 2254 2414 2309 civitate
2453 2255 2706 2309 meretrix
2748 2255 3007 2324 pulchra,
3043 2271 3163 2323 qua:
3200 2255 3403 2310 multos

1833 2344 2067 2399 habebat
2109 2354 2400 2400 amatores.
2431 2345 2709 2401 Accedens
2741 2355 2917 2400 autem
2961 2345 3028 2400 ad
3054 2362 3169 2401 eam
3201 2362 3344 2402 unus
3370 2363 3401 2402 e

1835 2433 2136 2489 rectoribus
2182 2434 2472 2504 provinciae
2518 2434 2652 2489 dixit
2697 2438 2747 2489 ei
2796 2452 2809 2488 :
2857 2433 3117 2489 Promitte
3166 2435 3296 2488 mihi
3348 2441 3404 2490 te

1841 2535 1991 2581 caste
2030 2527 2320 2591 victuram,
2351 2533 2404 2579 et
2437 2541 2537 2596 ego
2582 2534 2634 2579 te
2672 2526 2728 2579 in
2774 2540 2997 2580 uxorem
3037 2527 3265 2596 accipio.
3305 2526 3400 2579 Illa

1836 2617 2076 2690 pollicita
2101 2628 2203 2672 est.
2222 2615 2375 2671 Unde
2401 2626 2700 2687 acceptam,
2718 2616 2872 2670 duxit
2894 2617 2947 2671 in
2976 2616 3193 2670 domum
3223 2632 3398 2671 suam.

1835 2707 1906 2760 At
1948 2715 2220 2762 amatores
2263 2707 2413 2777 ejus,
2461 2717 2762 2777 quaerentes
2805 2723 2945 2771 eam,
2979 2707 3233 2762 dixerunt
3264 2725 3277 2761 :
3311 2706 3404 2763 Ille

1837 2812 2038 2867 praeses
2086 2795 2383 2868 assumpsit
2423 2813 2541 2852 eam
2584 2798 2639 2852 in
2677 2797 2896 2852 domum
2931 2813 3117 2862 suam;
3154 2799 3201 2853 si
3240 2799 3405 2868 igitur

1836 2905 1902 2942 eo
1937 2890 2256 2954 abierimus,
2287 2904 2350 2943 ac
2388 2887 2730 2954 intellexerit,
2761 2905 2863 2960 nos
2894 2889 3161 2959 supplicio
3189 2887 3401 2944 adiciet.

1839 2979 1943 3034 Sed
1992 2983 2191 3044 venite,
2233 2996 2422 3036 eamus
2468 2995 2606 3051 pone
2651 2964 2901 3046 domum,
2947 2981 3104 3036 sibilo
3145 2996 3404 3037 vocemus

1837 3088 1956 3127 eam
1994 3089 2007 3125 :
2045 3074 2227 3142 agnito
2267 3071 2411 3126 enim
2457 3071 2601 3126 sibili
2651 3086 2786 3128 sono
2821 3070 3114 3126 descendet
3171 3071 3238 3124 ad
3281 3087 3402 3138 nos,

1845 3163 2156 3234 erimusque
2204 3176 2344 3216 noxa
2389 3161 2568 3216 vacui.
2615 3160 2798 3232 Itaque
2847 3168 3133 3231 postquam
3187 3161 3404 3215 sibilum

1847 3255 2036 3319 audiit,
2065 3253 2367 3325 obsignatis
2395 3253 2619 3308 auribus
2650 3252 2787 3318 suis,
2830 3252 2894 3306 ad
2923 3252 3150 3307 interius
3175 3251 3404 3306 cubicu-

1848 3347 1957 3400 lum
1986 3347 2238 3416 prosiliit,
2268 3346 2517 3414 foresque
2542 3343 2792 3421 occlusit.
2815 3343 3006 3398 Aiebat
3034 3352 3212 3398 autem
3241 3356 3405 3397 senex

1848 3439 2186 3493 meretricem
2216 3453 2336 3492 esse
2367 3437 2636 3502 animam;
2670 3445 2959 3502 amatores,
2988 3435 3213 3490 allectus
3245 3443 3408 3504 atque

1850 3529 2132 3597 homines;
2162 3538 2452 3596 rectorem,
2500 3531 2818 3598 Christum;
2857 3532 3170 3586 interiorem
3211 3529 3404 3593 aedem,

1849 3628 2105 3675 aeternam
2135 3621 2510 3688 mansionem;
2549 3622 2854 3687 sibilantes,
2890 3621 3063 3677 malos
3092 3621 3404 3676 daemones:

1851 3712 1992 3766 hanc
2021 3727 2149 3767 vero
2179 3713 2416 3766 animam
2455 3728 2669 3783 semper
2695 3715 2760 3768 ad
2788 3712 2954 3768 Deum
2979 3712 3294 3782 confugere.

1925 3888 2011 3942 Π.
2049 3888 2125 3958 (5)
2148 3887 2281 3942 Cum
2315 3889 2606 3958 aliquando
2635 3890 2802 3946 abbas
2827 3889 3062 3945 Joannes
3091 3888 3410 3944 ascenderet

1852 3995 1882 4034 e
1919 3979 2062 4034 Sceti
2088 3994 2210 4033 cum
2248 3979 2372 4035 aliis
2405 3980 2690 4045 fratribus,
2718 3996 2748 4033 a
2779 3981 2867 4035 via
2897 3981 3166 4035 aberravit
3193 3981 3284 4050 qui
3313 3979 3411 4034 du-

1855 4071 2014 4125 cebat
2055 4085 2150 4124 eos
2188 4089 2201 4124 :
2237 4080 2354 4124 erat
2397 4071 2542 4125 enim
2594 4086 2722 4129 nox.
2771 4071 2940 4127 Aiunt
2992 4069 3188 4128 fratres
3229 4073 3411 4128 abbati

1853 4159 2049 4216 Joanni
2083 4180 2096 4216 :
2133 4161 2274 4228 Quid
2304 4162 2586 4229 faciemus,
2633 4164 2792 4227 abba,
2828 4164 2977 4234 quod
3020 4164 3188 4220 frater
3231 4166 3286 4220 in
3327 4168 3412 4220 ria

1856 4254 2096 4318 erravit,
2137 4269 2206 4308 ne
2254 4253 2394 4310 forte
2433 4263 2693 4325 vagantes
2740 4258 3074 4311 moriamur?
3114 4255 3415 4328 Respondit

1865 4345 1976 4400 illis
2006 4361 2169 4410 senex
2203 4363 2216 4400 :
2255 4345 2310 4401 Si
2345 4347 2806 4402 enuntiaverimus
2846 4347 2917 4412 ei,
2944 4348 3164 4402 tristitia
3210 4363 3272 4402 ac
3312 4364 3414 4418 pus

1859 4435 1991 4490 dore
2016 4435 2298 4493 afﬁcietur.
2325 4434 2520 4492 Verum
2545 4453 2693 4501 ecce,
2725 4453 2810 4492 me
2832 4446 3089 4510 aegrotum
3121 4439 3410 4506 simulabo,

1858 4526 2147 4596 dicamque
2175 4544 2188 4579 :
2219 4525 2337 4581 Non
2368 4543 2590 4598 possum
2634 4527 2904 4593 incedere,
2944 4528 3037 4582 sed
3072 4544 3266 4583 maneo
3302 4530 3412 4595 hic,

1861 4633 2037 4688 usque
2073 4617 2140 4671 ad
2179 4617 2502 4672 diluculum.
2544 4620 2721 4687 Atque
2759 4619 2832 4671 ita
2866 4616 3014 4673 fecit.
3053 4616 3244 4672 Caeteri
3285 4635 3414 4674 vero

1862 4711 2116 4764 dixerunt
2146 4728 2159 4764 :
2189 4708 2372 4780 Neque
2401 4725 2504 4764 nos
2531 4710 2825 4779 pergimus,
2848 4717 2902 4762 at
2935 4707 3185 4764 sedemus
3215 4719 3412 4764 tecum.

1862 4801 1930 4856 Et
1959 4814 2131 4869 usque
2163 4799 2230 4852 ad
2264 4801 2591 4852 matutinum
2621 4807 2834 4868 tempus
2861 4796 3214 4862 resederunt;
3242 4813 3419 4870 neque

1865 4888 2024 4943 fratri
2057 4888 2275 4942 fuerunt
2309 4887 2552 4941 scandali
2587 4894 2859 4942 auctores.

1940 4980 2026 5032 18.
2061 4979 2135 5049 (4)
2165 4978 2344 5033 Senex
2359 4978 2578 5048 quidam
2599 4976 2839 5045 Sceteos,
2859 4977 2912 5032 in
2931 4980 3420 5036 exercitationibus

1865 5069 2084 5141 quidem
2111 5067 2490 5137 corporalibus
2517 5064 2845 5132 laboriosus,
2871 5069 2964 5124 sed
2996 5069 3049 5123 in
3077 5068 3421 5140 cogitationi-

1864 5163 1970 5218 bus
2001 5161 2326 5232 imperitus,
2350 5159 2486 5212 abiit
2520 5157 2588 5212 ad
2630 5158 2879 5215 abbatem
2920 5157 3205 5225 Joannem,
3235 5170 3296 5215 ut
3334 5161 3421 5216 in-

1863 5261 2164 5324 terrogaret
2209 5268 2335 5308 eum
2370 5252 2437 5306 de
2475 5250 2765 5307 oblivione.
2811 5251 3117 5323 Auditoque
3164 5263 3261 5322 per
3299 5267 3421 5308 eum

1868 5363 2141 5410 sermone,
2163 5345 2325 5402 rediit
2359 5345 2415 5400 in
2449 5343 2639 5398 cellam
2667 5361 2842 5414 suam,
2869 5353 2923 5402 et
2945 5345 3146 5401 oblitus
3173 5352 3258 5400 est
3277 5344 3421 5415 quod

1943 5637 2016 5709 (1t)
2053 5633 2156 5689 Vit.
2185 5631 2339 5686 Patr.
2378 5647 2452 5697 XI,
2487 5628 2573 5684 i5.
