3874 6342
463 285 569 344 2η

1626 288 1971 345 APPENDIX
2007 290 2098 346 AD
2137 290 2551 347 PALLADIUM.

3603 288 3712 346 212

465 398 648 470 Ipsum
679 400 973 456 edocnerat
999 402 1167 459 abbas
1188 402 1447 458 Joannes.
1484 401 1652 474 Igitur
1684 404 1830 460 venit
1856 402 2024 459 adhuc

2137 399 2290 457 εἶπεν
2313 403 2457 476 αύτῷ
2479 404 2509 456 6
2534 401 2707 467 esse;
2742 401 3012 473 Ἰωάννης.
3035 401 3145 454 Καὶ
3167 399 3375 471 ἀπῆλθε
3398 401 3568 456 πάλιν
3589 404 3710 475 ἐρω-

465 492 537 548 a‘d
569 495 818 550 eumdem
861 495 1327 567 interrogandum.
1369 497 1615 567 Cumque
1657 497 1823 552 simili
1871 497 2035 552 modo

467 583 739 640 audiisset
774 602 1098 649 sermonem,
1133 587 1381 642 recessit.
1414 585 1484 642 Ut
1525 597 1703 642 autem
1743 589 1810 644 ad
1840 591 2034 644 cellam

466 691 624 730 suam
651 679 916 748 pervenit,
947 679 1142 733 iterum
1171 680 1248 734 rei
1281 681 1596 736 memoriam
1623 683 1827 737 amisit.
1856 684 2034 754 Atque

468 767 545 821 ita
571 767 884 838 frequenter
904 769 1202 838 profectus.
1224 772 1278 825 in
1303 774 1648 839 revertendo,
1666 773 1733 827 ab
1755 775 2033 832 oblivione

465 861 804 929 capiebatur.
869 858 1062 916 Postea
1109 877 1241 918 vero
1293 865 1411 919 seni
1463 880 1791 931 occurrens,
1844 867 2029 922 dixit:

461 949 698 1016 Nostin’,
744 950 904 1016 abba,
958 968 1154 1009 rursus
1196 969 1226 1008 e
1268 957 1531 1010 memoria
1585 973 1706 1012 mea
1755 959 2032 1015 efﬂuxisse

467 1041 614 1111 quod
649 1042 866 1098 locutus
902 1043 1119 1102 fueras?
1149 1046 1256 1103 Sed
1294 1064 1363 1104 ne
1401 1049 1500 1104 tibi
1534 1066 1710 1106 essem
1744 1052 2027 1118 molestus,

461 1131 612 1187 nolui
637 1136 842 1190 venire.
866 1135 956 1191 Ait
985 1137 1061 1192 illi
1086 1139 1257 1195 abbas
1285 1140 1522 1198 Joannes
1550 1163 1562 1194 :
1593 1142 1764 1211 Vade,
1790 1145 2032 1200 accende

460 1222 768 1280 lucernam.
809 1224 877 1279 Et
909 1230 1179 1284 accendit.
1210 1229 1426 1287 Rursus
1463 1232 1530 1286 ad
1565 1247 1687 1287 eum
1723 1250 1737 1285 :
1767 1232 1913 1288 Aﬁer
1945 1233 2028 1286 lu-

461 1330 658 1371 cernas
706 1317 866 1383 alias,
911 1329 965 1375 et
1005 1321 1242 1377 accende
1285 1338 1352 1378 ex
1395 1337 1480 1378 ea.
1516 1325 1632 1377 Hoc
1670 1323 1834 1378 etiam
1882 1322 2026 1378 fecit.

460 1405 598 1461 Tum
638 1408 809 1466 abbas
841 1395 1081 1468 Joannes
1110 1414 1227 1469 seni
1255 1430 1272 1468 :
1296 1413 1436 1468 Num
1474 1414 1819 1485 aliquatenus
1853 1415 2030 1470 obfuit

458 1499 719 1563 lucernae,
749 1503 894 1572 quod
915 1519 980 1559 ex
1009 1505 1103 1559 illa
1133 1506 1270 1562 alias
1296 1506 1654 1563 accenderis?
1685 1505 1861 1562 Senex
1889 1526 1902 1564 :
1926 1507 2030 1564 Ne-

458 1608 759 1664 quaquam.
807 1594 915 1660 lta,
959 1599 1204 1669 excepit,
1247 1614 1426 1670 neque
1465 1597 1737 1668 Joannes;
1779 1601 2029 1672 quamvis

457 1691 572 1738 tota
615 1685 791 1741 adiret
832 1702 920 1744 me
967 1687 1164 1754 Scetis,
1210 1705 1317 1745 non
1357 1705 1444 1747 me
1481 1699 1751 1748 averteret
1787 1707 1819 1746 a
1855 1693 2027 1760 gratia

2136 498 2297 568 τῆσαι
2327 497 2486 550 αὐτόν
2507 514 2518 525 ·
2547 495 2784 559 ἀκούσας
2815 495 2870 548 δὲ
2908 495 3036 566 παρ’
3069 493 3231 547 αὑτοῦ
3263 494 3464 564 ὁμοίως
3502 493 3599 548 τὸν
3626 496 3709 548 λό-

2135 606 2251 657 γον,
2287 589 2640 660 ὑπέστρεψεν,
2681 588 2768 650 Ὠς
2795 587 2851 640 δὲ
2881 586 3083 654 ἔφθασε
3111 585 3170 638 τὸ
3209 586 3337 638 ἴδιον
3362 585 3581 639 κελλίον
3612 589 3711 641 πά-

2133 680 2216 733 λιν
2247 680 2537 734 ἐπελάθετο
2555 722 2568 745 ,
2597 681 2691 734 καὶ
2717 679 2857 732 οὕτω
2881 678 2937 730 δὲ
2966 677 3284 740 πλειστάκις
3315 677 3707 749 ἀπερχόμενος,

2133 777 2193 828 ὲν
2237 775 2316 846 τῷ
2357 775 2712 846 ὑποστρέφειν
2763 769 3188 841 κατακυριεύετο
3233 769 3335 822 ὑπὸ
3379 769 3480 839 τῆς
3521 769 3705 840 λήθης.

2132 868 2286 923 Μετά
2313 867 2369 920 δὲ
2399 866 2567 920 ταῦτα
2585 865 2903 935 ἀπαντήσας
2930 863 3007 932 τῷ
3041 862 3279 933 γέροντι,
3304 856 3458 913 εἶπεν
3477 877 3492 890 ·
3527 857 3706 928 Οἶδας,

2132 959 2297 1024 ἀϐϐᾶ,
2325 959 2406 1011 ὅτι
2433 955 2773 1026 ἐπελαθόμην
2807 953 2969 1007 πάλιν
3003 954 3030 1006 ὅ
3059 970 3149 1024 μοι
3191 953 3450 1023 είρηκας;
3480 952 3601 1006 ἀλλ’
3629 955 3709 1006 ἵνα

2135 1051 2209 1122 μὴ
2252 1051 2464 1122 ὀχλήσω
2514 1067 2627 1113 σοι,
2677 1049 2776 1100 οὐκ
2828 1043 2990 1116 ἦλθον
3070 1045 3222 1112 Λέγει
3269 1044 3417 1114 αὐτῷ
3465 1046 3493 1096 6
3539 1044 3707 1108 ἀόὅᾶς

2145 1139 2394 1208 Ἰωάννης
2417 1155 2432 1170 ·
2459 1138 2696 1205 ”Υπαγε,
2731 1135 2862 1205 ἆψον
2887 1134 3098 1206 λύχνον.
3132 1135 3242 1188 Καὶ
3264 1130 3423 1206 ἦψεν.
3453 1130 3596 1187 Εἷπε
3618 1137 3707 1188 καὶ

2130 1231 2279 1302 αὐτῷ
2308 1230 2486 1285 πάλινο
2515 1229 2653 1301 Φέρε
2675 1228 2862 1290 ἄλλους
2885 1226 3132 1297 λύχνους,
3157 1227 3251 1279 καὶ
3269 1225 3404 1295 ἄκρον
3430 1226 3488 1292 ἐξ
3520 1227 3704 1280 αὑτοῦ.

2143 1323 2394 1392 Ἐποίησε
2422 1323 2479 1375 δὲ
2519 1321 2740 1392 ὁμοίιος.
2777 1321 2890 1372 Καὶ
2933 1316 3083 1371 εἶπεν
3121 1318 3296 1381 ἀ66ἄς
3347 1318 3605 1389 Ἰωάννης
3631 1319 3711 1388 τῷ

2129 1412 2371 1484 γέροντιο
2405 1413 2495 1482 Μή
2528 1411 2579 1464 τί
2604 1428 2732 1464 ποτε
2759 1409 2957 1481 ἐϐλάϐη
2989 1411 3017 1462 6
3049 1409 3260 1479 λύχνος,
3291 1410 3372 1461 ὅτι
3410 1409 3629 1479 ἁνήψας
3651 1410 3705 1475 ἐξ

2129 1507 2294 1560 αὑτοῦ
2326 1506 2451 1568 τοὺς
2488 1505 2679 1567 ἀλλους
2721 1502 2980 1574 λύχνους;
3013 1503 3202 1570 Λέγει·
3239 1501 3392 1571 Οὐχί.
3430 1499 3570 1554 Εἷπε
3598 1501 3654 1554 δὲ
3678 1502 3704 1553 ὁ

2130 1600 2308 1672 γέρων
2331 1616 2346 1629 ⁸
2380 1599 2566 1662 Οὕτως
2611 1595 2732 1650 οὐδὲ
2780 1596 3066 1667 ἰωάννηςο
3096 1593 3191 1648 ἐὰν
3231 1596 3266 1665 ἡ
3308 1593 3506 1662 Σκῆτις
3543 1592 3704 1664 ἔρχη-

2129 1709 2218 1745 ται
2247 1691 2380 1762 πρὸς
2404 1689 2471 1760 μὲ
2497 1689 2616 1759 ὅλη,
2642 1689 2705 1740 ού
2732 1687 2805 1759 μή
2835 1704 2901 1758 με
2926 1685 3205 1757 ὲμποδίσει
3231 1683 3340 1738 ἀπὸ
3360 1685 3461 1754 τῆς
3483 1684 3705 1754 χάριτος

461 1776 688 1834 Christi.
726 1779 995 1847 Quocirca
1030 1783 1250 1853 quando
1283 1784 1544 1845 volueris.
1570 1782 1717 1850 veni,
1744 1785 1881 1839 nihil
1916 1785 2024 1839 ha:-

2135 1781 2228 1835 τοῦ
2269 1779 2525 1852 Χριστοῦ.
2565 1777 2774 1844 Τοίνυν,
2807 1781 2896 1833 ὅτε
2937 1777 3131 1841 θέλεις,
3164 1777 3344 1847 ἔρχου,
3366 1771 3558 1846 μηδὲν
3592 1775 3704 1828 δια-

459 1869 654 1925 aitans.
681 1872 857 1942 Atque
890 1875 969 1928 sic
991 1890 1089 1945 per
1112 1876 1395 1946 utriusque
1430 1877 1775 1947 patientiam,
1805 1877 2031 1932 abstulit

457 1959 604 2016 Deus
642 1962 967 2019 oblivionem
1005 1981 1033 2019 a
1070 1982 1218 2022 sene.
1246 1967 1512 2022 Cmterum
1541 1968 1654 2023 haec
1680 1980 1796 2024 erat
1823 1969 2030 2024 Scetio-

456 2058 638 2105 tarum
689 2055 959 2125 operatio,
995 2057 1332 2112 alacritatem
1397 2059 1586 2114 indere
1630 2061 1702 2116 iis
1727 2061 1820 2131 qui
1851 2061 2028 2130 impu-

458 2146 769 2214 gnabantur
805 2166 818 2203 :
851 2147 918 2202 ad
943 2148 1057 2204 haec
1086 2150 1190 2206 sibi
1219 2149 1328 2205 vim
1358 2149 1654 2221 faciebant,
1673 2163 1732 2208 ut
1756 2169 1816 2212 se
1838 2161 2028 2210 mutuo

457 2234 806 2290 lucrarentur
843 2238 898 2291 in
932 2238 1155 2294 bonum.

530 2329 618 2384 i9.
656 2329 733 2402 (5)
758 2329 1116 2401 Interrogavit
1133 2331 1303 2402 frater
1323 2335 1570 2393 abbatem
1585 2333 1872 2404 Joannem,
1904 2339 1984 2394 sic
2008 2359 2027 2395 ε

456 2420 596 2488 Quid
631 2421 826 2492 agam?
858 2438 1000 2494 saepe
1022 2427 1170 2480 venit
1198 2424 1386 2490 frater,
1419 2435 1479 2482 ut
1502 2444 1589 2482 me
1612 2429 1680 2484 ad
1709 2445 1847 2500 opus
1871 2447 2027 2487 assu-

455 2523 598 2579 mat;
629 2530 730 2585 ego
767 2530 895 2571 vero
925 2516 1093 2572 miser
1125 2534 1245 2573 sum
1275 2533 1339 2575 ac
1364 2520 1634 2589 inﬁrmus,
1670 2531 1834 2592 atque
1871 2523 1938 2576 ad
1973 2523 2026 2578 id

457 2605 672 2662 fatisco.
698 2605 840 2673 Quid
863 2622 993 2680 ergo
1024 2609 1222 2665 faciam
1249 2611 1318 2667 ob
1343 2613 1697 2668 mandatum?
1725 2613 2027 2685 Respondit

456 2713 622 2754 senex
667 2697 755 2755 bis
801 2701 986 2756 verbis
1027 2721 1039 2755 :
1078 2702 1284 2758 Cbaleb
1324 2703 1462 2758 dixit
1514 2702 1641 2760 Jesu
1692 2706 1802 2760 lilio
1840 2705 2023 2762 Nave:

459 2789 831 2860 Quadraginta
870 2808 1132 2846 annorum
1164 2809 1332 2861 eram,
1363 2795 1572 2864 quando
1600 2793 1808 2865 Moyses
1847 2813 2025 2851 servus

456 2877 675 2936 Domini
710 2895 776 2934 ex
815 2880 1021 2937 deserto
1056 2885 1198 2938 misit
1233 2901 1313 2939 me
1349 2896 1397 2938 et
1436 2895 1483 2939 te
1519 2886 1576 2938 iu
1622 2897 1818 2940 terram
1853 2888 2026 2952 hanc;

455 2981 507 3026 et
548 2989 683 3026 nunc
714 2974 979 3044 octoginta
1007 2975 1232 3046 quinque
1265 2993 1524 3030 annorum
1551 2995 1689 3033 sum.
1721 2977 1872 3034 Sicut
1902 2990 2025 3033 tunc

455 3081 624 3132 erant,
653 3075 705 3121 et
746 3083 883 3121 nunc
923 3067 1070 3124 valeo
1103 3069 1310 3139 ingredi
1344 3080 1393 3124 et
1429 3070 1605 3142 egredi
1632 3071 1701 3126 ad
1733 3072 1926 3127 bellum
1955 3073 2020 3124 ³¹.

455 3157 644 3230 Itaque
683 3167 736 3215 et
770 3169 847 3224 tu,
883 3161 930 3216 si
963 3160 1176 3216 validus
1216 3178 1296 3227 es,
1325 3169 1384 3216 ut
1428 3163 1573 3218 sicut
1604 3164 1903 3234 egrederis,
1950 3165 2024 3219 ita

459 3254 628 3308 etiam
649 3253 992 3323 ingrediaris,
1019 3253 1155 3309 vade
1181 3273 1195 3306 :
1219 3253 1363 3323 quod
1394 3254 1437 3310 si
1471 3255 1546 3309 ita
1572 3271 1734 3326 agere
1761 3272 2020 3327 nequeas,

456 3343 517 3399 in
555 3352 647 3398 tua
678 3344 812 3398 cella
849 3345 974 3399 sede
1008 3346 1228 3415 plorans
1270 3358 1486 3416 peccata
1533 3359 1660 3412 tua;
1700 3354 1754 3402 et
1787 3362 1912 3402 cum
1944 3349 2026 3402 in-

454 3431 709 3487 venerint
743 3437 796 3487 te
834 3433 1129 3504 lugentem,
1161 3439 1270 3489 non
1295 3443 1491 3506 cogent
1521 3437 1590 3492 ad
1622 3439 1951 3494 exeundum.

529 3700 616 3754 20.
651 3698 909 3766 Quaesivit
940 3701 1105 3756 abbas
1125 3700 1362 3757 Joannes
1389 3721 1399 3755 :
1433 3702 1568 3768 Quis
1599 3701 1836 3757 vendidit
1858 3700 2028 3756 .Iose-

459 3791 667 3862 plnum?
698 3791 761 3845 Et
797 3793 1074 3863 respondit
1109 3794 1327 3863 quidam
1355 3812 1384 3849 e
1415 3794 1675 3848 fratribus
1705 3812 1718 3848 :
1749 3793 1881 3864 Ejus
1919 3793 2027 3847 fra-

461 3893 591 3940 tres.
614 3884 704 3938 Ait
729 3885 803 3938 illi
833 3900 996 3940 senex
1030 3904 1043 3941 :
1069 3884 1457 3957 Nequaquam;
1488 3885 1582 3941 sed
1604 3902 1725 3942 eum
1753 3886 2027 3941 humilitas

459 3977 580 4047 ejus
628 3977 888 4032 vendidit.
950 3977 1168 4032 Poterat
1217 3980 1359 4034 enim
1412 3981 1646 4049 allegare
1701 3996 1761 4034 sc
1807 3982 2028 4034 fratrem

457 4082 647 4124 eorum
689 4083 838 4135 esse;
878 4079 1090 4139 poterat
1138 4071 1544 4138 contradicere;
1591 4088 1780 4126 verum
1818 4083 2026 4137 tacens,

459 4173 556 4227 per
587 4159 946 4213 humilitatem
981 4170 1153 4215 semet
1184 4164 1458 4227 vendidit;
1497 4179 1561 4217 ac
1591 4164 1868 4220 humilitas
1896 4180 2030 4218 con-

459 4245 638 4299 stituit
661 4260 782 4299 eum
807 4245 1026 4317 AZgypti
1056 4257 1344 4304 rectorem.

2133 1873 2467 1944 κρινόμενος.
2496 1871 2608 1924 Καὶ
2648 1869 2792 1924 οὕτω
2818 1869 2885 1922 δι’
2917 1869 3192 1940 ὑπομονῆς
3215 1867 3568 1938 ἀμφοτέρων,
3607 1861 3706 1937 ἦρε

2131 1965 2227 2034 τὴν
2253 1963 2420 2034 λήθην
2441 1965 2469 2016 6
2488 1962 2617 2026 Θεὸς
2642 1961 2748 2015 ἀπὸ
2769 1959 2863 2014 τοῦ
2889 1961 3162 2032 γέροντος.
3196 1958 3342 2030 Αὕτη
3364 1959 3421 2012 δὲ
3446 1954 3514 2028 ἦν
3545 1959 3707 2029 ἐργα-

2133 2056 2222 2108 σία
2246 2055 2352 2108 τῶν
2378 2053 2723 2125 Σκητιωτῶν,
2745 2053 2955 2106 διδόναι
2971 2051 3283 2123 προθυμίαν
3304 2053 3418 2114 τοῖς
3440 2049 3705 2120 πολεμου-

2133 2148 2340 2217 μένοις·
2375 2147 2469 2200 καὶ
2495 2145 2848 2216 βιαζομένους
2890 2145 2936 2177 ²⁹
2977 2145 3204 2209 ἑαυτοὺς
3234 2145 3314 2207 εἰς
3341 2143 3402 2195 τὸ
3443 2141 3706 2213 κερδῆσαι

2129 2239 2392 2312 ἀλλήλους
2423 2241 2503 2303 εἰς
2523 2238 2584 2292 τὸ
2615 2238 2840 2307 ἀγαθόν.

2203 2333 2286 2386 ιϐ’.
2332 2332 2394 2384 Ἡ
2402 2329 2642 2404 ρώτησεν
2660 2329 2886 2398 ἀδελφὸς
2907 2328 2997 2382 τὸν
3013 2327 3187 2382 ἀὸϐᾶν
3207 2325 3483 2397 Ἰωάννην,
3507 2324 3702 2395 λέγων·

2127 2423 2194 2476 Τί
2225 2424 2470 2494 ποιήσω;
2502 2422 2582 2475 ὅτι
2608 2420 2866 2484 πολλάκις
2893 2419 3114 2490 ἔρχεται
3158 2419 3386 2486 ἀδελφὸς
3424 2417 3614 2470 λαϐεῖν
3641 2433 3705 2487 με

2128 2516 2209 2578 είς
2249 2513 2429 2584 ἔργον,
2474 2513 2568 2565 καὶ
2609 2511 2719 2581 ἐγὼ
2755 2511 3099 2582 ταλαίπωρός
3141 2513 3254 2581 εἰμι
3301 2511 3395 2563 καὶ
3430 2508 3702 2580 ἀσθενὴς,

2128 2606 2225 2659 καὶ⁸
2275 2603 2451 2658 κοπιῶ
2506 2606 2587 2669 είς
2663 2604 2725 2658 τὸ
2779 2605 3046 2675 πρᾶγμα·
3100 2604 3153 2656 τί
3209 2598 3301 2656 οὖν
3351 2603 3568 2671 ποιήσω
3621 2602 3706 2655 διὰ

2125 2699 2226 2769 τὴν
2280 2698 2528 2769 ὲντολήνς
2582 2699 2690 2752 Καὶ
2734 2698 3052 2770 ἀποκριθεὶς
3101 2698 3132 2749 6
3171 2696 3346 2767 γέρων
3381 2692 3543 2748 εἷπε·
3593 2696 3704 2748 Χάρ

2125 2791 2221 2843 λεδ
2247 2786 2370 2843 εἶπε
2403 2790 2482 2861 τῷ
2519 2790 2689 2862 Ἰησοῦ
2717 2789 2819 2860 υἱῷ
2849 2791 3024 2860 Ναυῆ·
3068 2789 3524 2857 Τεσσαρὰκοντα
3557 2785 3706 2840 ἑτῶν

2125 2881 2308 2951 ἤμην,
2359 2882 2456 2937 ὅτε
2495 2882 2813 2936 ἀπέστειλε
2846 2879 3112 2949 Μωῦσῆς
3145 2884 3178 2935 ό
3219 2880 3440 2946 δοῦλος
3481 2878 3704 2946 Κιιριου

2125 2974 2194 3027 ἐκ
2225 2973 2335 3042 τῆς
2358 2974 2582 3043 ἐρήμου
2610 2976 2655 3006 ³ο
2690 2975 2796 3044 ἐμὲ
2826 2975 2923 3028 καὶ
2949 2973 3136 3040 σὲ-εὶς
3162 2972 3277 3040 τὴν
3302 2971 3419 3042 γῆν
3453 2973 3701 3039 ταύτην·

2127 3065 2226 3119 καὶ
2262 3065 2377 3120 νῦν
2401 3068 2518 3136 εἰμι
2557 3066 2706 3120 ἐτῶν
2744 3065 3112 3137 ὀγδοήκοντα
3167 3065 3363 3119 πέντε.
3429 3064 3531 3128 Ὠς
3576 3065 3704 3117 τότε

2127 3155 2308 3225 ἥμην,
2344 3156 2442 3210 καὶ
2475 3156 2592 3210 νῦν
2626 3157 2815 3226 ἰσχύω
2847 3156 3145 3212 εἰσελθεῖν
3170 3158 3264 3210 καὶ
3319 3155 3592 3220 ἐξελθεῖν
3622 3158 3706 3220 εὶς

2124 3245 2234 3299 τὸν
2261 3247 2546 3314 πόλεμον
2597 3245 2738 3299 ὥστε
2775 3243 2866 3300 οὖν
2909 3249 3003 3301 καὶ
3034 3249 3099 3301 σὺ
3121 3287 3135 3312 ,
3165 3249 3214 3300 εί
3245 3247 3467 3300 δύνασαι
3501 3247 3594 3300 ἵνα
3633 3246 3704 3310 ὡς

2126 3338 2327 3408 ἐξέρχῃ
2367 3337 2541 3401 οὕτως
2572 3340 2665 3391 καὶ
2693 3338 2938 3412 εἰσέρχῃ,
2971 3338 3178 3407 ὕπαγε·
3209 3341 3258 3391 εἰ
3300 3338 3358 3391 δὲ
3389 3339 3449 3390 ού
3477 3337 3702 3392 δύνασαι

2126 3431 2296 3493 οὕτως
2325 3431 2580 3500 ποιῆσαι,
2613 3432 2780 3485 κάθου
2810 3433 2890 3493 είς
2917 3432 2977 3484 τὸ
3008 3431 3214 3484 κελλίον
3243 3448 3336 3484 σου
3364 3430 3572 3483 κλαίων
3609 3428 3704 3490 τὰς

2126 3524 2403 3594 ἁμαρτίας
2443 3540 2536 3576 σου
2563 3541 2575 3553 ·
2622 3526 2716 3577 καὶ
2761 3525 2854 3578 ἐὰν
2893 3525 3094 3596 εύρῶσί
3137 3543 3196 3577 σε
3242 3523 3566 3588 πενθοῦντα,
3609 3523 3705 3577 οὐκ

2127 3613 2498 3683 ἀναγκάζουσί
2532 3631 2592 3667 σε
2622 3614 2874 3680 ἐξελθεῖν.

2199 3714 2266 3759 κ’,
2309 3703 2474 3760 Εἶπεν
2521 3708 2556 3759 6
2597 3706 2775 3771 ἀϐϐᾶς
2827 3708 3104 3779 Ἰωάννης⁹
3157 3707 3254 3771 Τίς
3301 3708 3557 3777 πέπρακε
3609 3707 3697 3760 τὸν

2141 3798 2374 3868 ’1ωσὴφ;
2426 3797 2536 3850 Καὶ
2595 3798 2866 3870 ἀπεκρίθη
2922 3817 3008 3862 τις
3061 3799 3319 3865 ἀδελφὸς,
3382 3798 3591 3866 λέγων·
3643 3799 3701 3851 Oi

2129 3889 2346 3956 ἀδελφοὶ
2392 3887 2578 3942 αὐτοῦ.
2620 3889 2782 3956 Λέγει
2828 3889 2973 3960 αὐτῷ
3002 3893 3031 3944 ὁ
3073 3891 3276 3962 γέρων·
3324 3889 3488 3959 Οὐχί·
3527 3889 3702 3960 ἀλλ’ἢ

2127 3977 2457 4041 ταπείνωσις
2507 3978 2673 4030 αὐτοῦ
2737 3979 3016 4050 πέπρακεν
3064 3981 3250 4034 αὐτόν.
3297 3981 3554 4034 Ἦδύνατο
3599 3980 3702 4052 γάρ

2129 4070 2320 4132 εἰπεῖν,
2349 4069 2430 4122 ὃτι
2463 4069 2712 4138 Ἀδελφὺς
2739 4071 2914 4122 αὐτῶν
2947 4073 3083 4142 εἰμι,
3111 4073 3204 4124 καὶ
3231 4071 3503 4136 ἀντιλέξαι
3521 4089 3537 4102 ·
3571 4073 3704 4126 ἀλλά

2133 4161 2374 4226 σιωπῶν,
2403 4164 2468 4233 τῇ
2503 4161 2828 4215 ταπεινώσει
2860 4163 3052 4216 ἑαυτὸν
3081 4163 3332 4234 πέπρακε
3353 4179 3367 4193 ·
3409 4164 3503 4216 καὶ
3541 4165 3576 4234 ἡ
3616 4181 3705 4215 τα-

2131 4255 2389 4317 πείνωσις
2446 4255 2781 4326 κατέστησεν
2841 4255 3000 4308 αὑτὸν
3049 4256 3350 4327 ἡγούμενον
3405 4256 3484 4319 είς
3535 4257 3702 4322 Αἰγυ-

2130 4360 2262 4395 πτον
2271 4384 2283 4397 .

527 4419 617 4472 2!.
651 4421 727 4487 (t5)
764 4419 909 4474 Dixit
954 4423 1123 4478 abbas
1167 4422 1406 4482 Joannes
1440 4447 1452 4482 :
1488 4426 1629 4482 Leve
1677 4445 1817 4485 onus
1861 4431 2024 4485 relin-

2201 4443 2307 4490 καί.
2344 4431 2510 4488 Εἶπεν
2539 4439 2568 4488 ὀ
2599 4436 2772 4498 ἀϐὅᾶς
2809 4435 3085 4506 Ἰωάννηςο
3119 4436 3192 4488 Τὸ
3222 4433 3454 4504 ἐλαφρὸν
3487 4432 3706 4502 φορτίον

456 4517 707 4579 quentes,
728 4512 829 4566 hoc
851 4521 955 4576 est,
971 4514 1117 4584 ipsos
1140 4531 1198 4570 se
1218 4533 1496 4584 accusare,
1514 4536 1676 4589 grave
1696 4523 2022 4590 portandum

455 4603 824 4673 suscepimus,
846 4605 993 4676 quod
1021 4615 1105 4662 est
1135 4623 1192 4663 se
1213 4610 1393 4676 justos
1423 4609 1622 4667 facere.

521 4693 612 4748 22.
639 4693 714 4765 (7)
743 4695 887 4751 Idem
915 4697 1014 4752 hoc
1043 4700 1265 4767 protulit
1297 4719 1309 4754 :
1339 4698 1626 4757 Humilitas
1651 4709 1703 4757 et
1737 4700 1830 4758 Dei
1858 4703 2021 4760 timor

449 4801 612 4854 supra
645 4795 877 4845 caeteras
902 4791 1132 4845 virtutes
1163 4791 1424 4846 eminent.

518 4877 608 4933 25.
643 4878 720 4951 (9)
771 4881 914 4936 Idem
963 4884 1185 4938 sedebat
1235 4886 1527 4954 aliquando
1570 4889 1622 4943 in
1670 4890 1922 4956 ecclesia,
1968 4900 2023 4946 et

449 4973 746 5041 suspirium
779 4973 958 5039 duxit,
986 4977 1240 5032 nesciens
1277 4980 1584 5050 quempiam
1613 4996 1753 5051 pone
1780 4999 1841 5038 se
1878 4999 2020 5039 esse.

2129 4529 2404 4592 ἐάσαντες,
2447 4531 2692 4582 τουτέστι
2720 4530 2779 4583 τὸ
2829 4529 3052 4592 ἑαυτοὺς
3098 4527 3424 4599 μέμφεσθαι,
3459 4525 3521 4579 τὸ
3567 4523 3704 4594 βαρὺ

2125 4620 2529 4691 ἐϐαστάσαμεν,
2557 4622 2802 4674 τουτέστι
2828 4622 2889 4674 τὸ
2917 4619 3162 4674 δικαιοῦν
3196 4617 3438 4680 ἑαυτούς.

2196 4708 2300 4779 κβ’.
2348 4710 2404 4760 Ὁ
2453 4710 2617 4772 αὐτὸς
2649 4709 2725 4779 (8)
2751 4707 2902 4764 εἶπεν
2924 4727 2939 4740 ο
2985 4709 3052 4764 Ἦ
3073 4703 3536 4780 ταπεινοφροσύνῆ
3560 4708 3653 4760 καὶ
3677 4709 3704 4760 6

2123 4801 2285 4870 φόϐος
2311 4800 2411 4854 τοῦ
2443 4801 2601 4863 Θεοῦ,
2633 4803 2888 4872 ὑπεράνω
2916 4805 3023 4856 εἰσὶ
3057 4803 3244 4856 πασῶν
3273 4802 3380 4854 τῶν
3412 4799 3648 4872 ἀρετῶν.
3727 4841 3730 4860 .

2198 4899 2302 4961 κγ’.
2353 4893 2412 4946 Ὀ
2457 4895 2620 4957 αὐτὸς
2673 4895 2908 4966 ὲκάιθητό
2955 4913 3085 4950 ποτε
3117 4897 3196 4958 εἰς
3237 4894 3334 4965 τὴν
3385 4893 3699 4963 ἐκκλησίαν.

2125 4987 2218 5038 καὶ
2249 4984 2554 5051 ἐστέναξεν,
2583 4987 2794 5055 ἀγνοῶν
2840 4990 2921 5042 ὃτι
2972 4989 3090 5041 ἐστί
3122 5005 3206 5051 τις
3242 4986 3463 5040 ὄπισθεν
3514 4985 3699 5040 αὑτοῦ.

421 5233 424 5236 .
519 5155 564 5186 ’³
593 5153 677 5208 AL
704 5155 958 5225 ἤλεγξαν.
1029 5160 1074 5190 ’³
1107 5159 1192 5212 ΑΙ.
1221 5159 1524 5229 βιάζεσθαι.
1597 5163 1642 5194 ³⁰
1675 5161 1819 5231 Haec,
1846 5165 1910 5218 ἐκ
1943 5165 2024 5235 τῆς

2135 5168 2296 5237 ήμου,
2322 5184 2428 5223 non
2465 5150 2680 5225 suntin
2711 5170 2786 5225 al.
2862 5168 3046 5224 “Jos.
3083 5186 3194 5233 m,
3228 5169 3282 5233 τ,
3327 5169 3392 5223 ιο
3427 5169 3507 5222 ιι.

519 5309 595 5378 (3)
637 5307 744 5364 Vit.
781 5311 937 5366 Patr.
974 5327 1051 5371 xr,
1091 5312 1177 5367 16.

517 5381 596 5449 (6)
640 5379 744 5434 Vit.
781 5379 937 5436 Patr.
972 5398 1052 5446 ιιι,
1087 5383 1210 5439 135.

517 5452 595 5518 (7)
639 5449 740 5506 Vit.
772 5451 924 5506 Patr.
957 5469 1046 5515 xv,
1073 5453 1164 5508 2'2.
1377 5472 1382 5479 ’
1781 5508 1786 5515 .

520 5522 596 5591 (3)
631 5522 701 5598 _'0
723 5523 905 5598 αὺτρς
930 5520 1116 5598 εἶπεν.
1144 5525 1488 5598 Praeponitur
1517 5528 1571 5583 in
1602 5527 1806 5598 Pelagii
1848 5527 2020 5584 inter-

487 5593 753 5666 rotatione
783 5592 966 5666 τρίτη
995 5594 1226 5652 Joannes
1258 5592 1437 5652 Brevis
1475 5599 1618 5666 (cod.
1651 5592 2016 5661 Fossaterisis.

507 5662 690 5728 anus),
736 5665 858 5733 quia
898 5665 1067 5732 janua
1110 5667 1207 5721 Dei
1238 5679 1314 5722 est
1361 5662 1672 5730 humilitas;
1720 5680 1768 5722 et
1827 5668 2016 5724 Patres

413 5793 422 5799 ,
451 5736 621 5786 nostri
650 5751 740 5804 per
771 5735 964 5790 multa;
1006 5741 1345 5794 contumelias
1374 5741 1500 5806 acti,
1531 5745 1813 5812 gaudentes
1849 5743 2015 5796 intra-

2128 5333 2310 5376 verunt
2341 5324 2392 5376 in
2423 5325 2684 5378 civitatem
2721 5324 2832 5380 Dei.
2864 5324 2933 5378 At
2962 5324 3152 5380 Graece
3180 5324 3438 5379 exhibent
3458 5321 3696 5378 Colbcrt.

2127 5409 2281 5467 ms_s._
2299 5391 2466 5467 Εἶπεν
2495 5397 2524 5448 6
2566 5396 2740 5458 ἀϐϐἇς
2771 5396 3022 5467 Ἰωάννης
3043 5398 3070 5448 6
3102 5395 3355 5457 Κολοϐὸς.
3387 5396 3467 5467 ὅτι
3504 5396 3536 5464 ἡ
3562 5393 3700 5467 πύλη

2125 5463 2219 5536 τοῦ
2250 5464 2572 5536 Θεοῦηὲστιν
2606 5467 2638 5536 ἡ
2677 5463 3023 5531 ταπείνωσις,
3059 5467 3153 5519 καὶ
3184 5468 3232 5518 οἱ
3278 5463 3702 5536 πατέρεςὴμῶν

2250 5534 2458 5609 πολλῶν
2503 5533 2840 5609 ὕβρεωνᾼκαὶ
2874 5537 3102 5609 θλίψεων
3135 5538 3413 5609 χαίροντες
3458 5533 3707 5606 εἰσῆλθον

2125 5563 2213 5586 υιιι
2250 5563 2458 5587 τιιυιυιων
2504 5563 2714 5606 υυρεων
2749 5563 2840 5590 και
2875 5563 3102 5590 υΑιηξων

2125 5603 2192 5657 δι’
2223 5605 2389 5677 αὐτῆς
2414 5607 2492 5667 είς
2523 5605 2620 5677 τὴν
2649 5607 2799 5661 πόλιν
2826 5607 2918 5660 τοῦ
2948 5563 3107 5662 ὄεοῦ.

2197 5676 2273 5745 (9)
2311 5674 2408 5730 lnl'.
2443 5678 2499 5732 in
2531 5674 2730 5732 Titii-oc.
2765 5696 2820 5733 ιι.
2843 5677 2895 5732 6.
