3874 6306
138 281 250 339 913

1321 284 1928 342 APOPHTIIEGM-ATA
1962 284 2265 340 PATRUM.

3280 277 3390 334 εει

135 395 301 458 Γνοὺς
319 388 439 458 οὖν,
471 393 630 448 ἔϐαλε
660 393 965 465 μετάνοιαν,
995 393 1195 462 λέγων·
1223 393 1581 467 Συγχὼρησόν
1610 411 1721 466 μοι,

1850 394 1983 462 )uod
2014 394 2105 448 ubi
2137 392 2408 463 cognovit,
2443 389 2854 460 proclinavitse
2892 405 3076 444 coram
3110 407 3196 455 eo,
3227 394 3390 446 dixit-
3462 454 3464 456 τ

137 486 312 538 ἀῦεᾶ·
345 485 506 538 οὔπω
536 486 646 555 γάρ
677 483 1016 554 κατηχήθην.

204 663 304 716 κδ’.
357 664 421 716 Ὀ
465 664 629 726 αὐτὸς
677 662 829 730 ἔλεγε
872 661 951 732 τῷ
989 662 1204 734 μαθητῇ
1235 661 1432 716 αὐτοῦ’
1469 663 1730 734 Τιμήσιο-

142 771 238 823 μεν
275 754 374 805 τὸν
409 752 530 814 ἕνα,
561 754 655 806 καὶ
699 755 899 816 πάντες
937 754 1169 823 τιμῶσιν
1199 755 1375 823 ἡμᾶς’
1404 753 1498 805 ἐάν
1542 753 1598 805 δὲ
1629 771 1727 806 κα-

138 848 382 915 ταφρονή
394 863 577 914 σωμεν
604 845 698 898 τοῦ
724 845 863 908 ἑνὸς,
888 847 946 907 ὃς
974 847 1091 898 ἐστι
1117 845 1266 906 Θεὸς,
1296 843 1724 914 καταφρονοῦσιν

138 936 294 1006 ἡμῶν
331 936 561 999 πάντες,
595 937 688 988 καὶ
713 938 793 999 είς
823 935 1098 989 ἀπώλειαν
1127 936 1430 1006 ὑπάγομεν.

206 1026 304 1080 κε’.
345 1027 576 1095 Ἔλεγον
620 1028 750 1098 περὶ
793 1025 885 1080 τοῦ
932 1027 1076 1080 ἀϐϐᾶ
1121 1026 1404 1090 Ἰωάννου,
1436 1025 1518 1077 ὅτι
1563 1019 1728 1095 ἦλθεν

141 1119 219 1180 εἰς
247 1118 352 1187 τὴν
389 1117 690 1188 ἐκκλησίαν
728 1119 808 1180 είς
840 1118 1034 1187 Σκῆτιν
1057 1134 1070 1147 ⁸
1103 1121 1197 1170 καὶ
1244 1116 1482 1178 ἀκούσας
1515 1115 1726 1168 ἀντιλοιρ

141 1210 263 1276 γίας
293 1207 463 1262 τινῶν
497 1207 759 1276 ἀδελφῶν,
791 1209 1126 1279 ὑπέστρεψεν
1163 1211 1242 1272 εἰς
1273 1209 1371 1280 τὴν
1405 1207 1599 1261 κέλλαν
1631 1209 1721 1260 αῦ-

142 1299 272 1353 τοῦ·
312 1300 413 1352 καὶ
449 1300 758 1363 κυκλεύσας
797 1301 965 1370 αὐτὴν
997 1302 1201 1371 τρίτον,
1247 1299 1417 1363 οὕτως
1460 1299 1726 1371 εἰσῆλθεν.

153 1390 410 1459 Ἀδελςροὶ
455 1391 513 1444 δέ
564 1408 708 1454 τινες
763 1391 959 1454 ἰδόντες
1013 1392 1198 1455 αὑτὸν,
1251 1391 1536 1462 ἠπόρησαν
1591 1390 1731 1444 διατί

139 1482 294 1536 τοῦτο
339 1483 597 1553 ἐποίησε,
642 1483 734 1535 καὶ
782 1483 1028 1547 ἐλθόντες
1075 1484 1302 1555 ἠρώτων
1351 1484 1532 1537 αὐτόν.
1579 1483 1637 1536 '0
1675 1483 1732 1535 δὲ

139 1571 287 1639 λέγει
315 1574 542 1636 αὐτοῖς’
578 1571 658 1626 Τά
690 1567 806 1626 ὦτά
841 1592 939 1644 μου
979 1570 1126 1644 εἶχον
1150 1575 1258 1628 ἀπὸ
1294 1575 1392 1645 τῆς
1427 1573 1733 1642 ἀντιλογίας

143 1665 318 1732 μεστά
338 1681 351 1691 ⁸
379 1663 669 1716 ὲκύκλωσα
696 1660 810 1726 οὖν,
838 1665 923 1717 ἵνα
946 1665 1229 1735 καθαρίσω
1255 1665 1414 1724 αὐτὰ,
1445 1666 1539 1718 καὶ
1565 1664 1734 1728 οὕτως

1822 500 1929 556 que
1961 503 1976 538 :
2006 483 2174 542 Parce
2211 485 2368 547 mihi,
2404 483 2577 549 abba;
2627 481 2868 537 nondum
2900 481 3098 552 quippe
3145 483 3393 538 initiatus

1823 575 1923 632 fui.

1895 667 1986 721 24.
2027 665 2172 720 Dixit
2201 666 2340 721 idem
2371 666 2640 735 discipqu
2671 679 2771 719 suo
2799 679 2812 716 :
2840 661 3016 717 Unum
3043 663 3392 729 lionoremus,

1825 761 1882 810 et
1903 755 2084 808 cuncti
2119 755 2430 809 Itonoraturi
2465 763 2592 810 sunt
2621 768 2719 807 nos
2753 771 2766 807 :
2800 753 2943 821 quod
2975 753 3022 808 si
3055 761 3396 822 contempse-

1829 847 2001 900 rimus
2022 861 2210 909 unum,
2237 845 2340 898 hoc
2361 855 2446 900 est
2471 843 2660 910 Deum,
2686 859 2784 900 nos
2813 845 2994 897 cuncti
3026 851 3395 905 conteninent,

1828 951 1893 990 ac
1924 936 2240 1005 peribimus.

1898 1027 1988 1081 25.
2022 1027 2257 1082 Aiebant
2289 1028 2356 1082 de
2389 1028 2582 1083 abbate
2617 1024 2844 1090 Joanne,
2873 1026 3016 1095 quod
3049 1025 3105 1078 in
3149 1022 3293 1078 Sceti
3330 1023 3399 1077 ad

1831 1119 2114 1173 ecclesiam
2147 1119 2410 1189 perrexit;
2438 1118 2746 1187 auditisque
2785 1115 3142 1186 quorumdam
3168 1115 3399 1168 fratrum

1832 1211 2299 1274 altercationibus,
2330 1225 2584 1265 reversus
2615 1208 2787 1264 estad
2822 1209 3013 1262 cellam
3055 1221 3244 1270 suam;
3287 1213 3400 1259 ter-

1832 1316 1937 1370 que
1981 1301 2306 1356 circumiens
2348 1317 2502 1366 eam,
2546 1301 2618 1354 ita
2654 1300 2880 1354 introiit.
2945 1297 3164 1353 Fratres
3218 1306 3399 1350 autem

1834 1392 2056 1459 quidam
2090 1391 2336 1446 videntes
2365 1391 2539 1452 illum,
2586 1390 2900 1444 nesciebant
2929 1406 3026 1443 cur
3060 1389 3114 1444 id
3160 1387 3400 1442 fecisset.

1835 1481 2128 1539 Venientes
2162 1499 2290 1554 ergo
2324 1483 2624 1554 percontati
2656 1490 2802 1536 sunt.
2823 1482 2916 1536 Ille
2949 1483 3012 1535 ad
3041 1496 3135 1536 eos
3165 1497 3176 1533 :
3205 1481 3401 1541 Aures,

1835 1575 2036 1645 inquit,
2063 1590 2194 1630 mea:
2221 1575 2567 1629 contentione
2592 1575 2763 1644 plenae
2785 1581 2971 1638 erant;
3003 1573 3228 1627 circuivi
3250 1590 3400 1645 ergo.

1837 1677 1895 1720 ut
1922 1681 2212 1736 purgarem
2239 1680 2366 1727 eas,
2400 1673 2562 1734 atque
2591 1665 2670 1718 sic
2704 1681 2826 1718 eum
2864 1665 3061 1718 mentis
3095 1664 3284 1734 requie
3315 1667 3402 1718 in-

140 1755 374 1808 εἰσέλθω
404 1756 465 1807 ὲν
511 1755 712 1825 ἠσυχίᾳ
740 1754 832 1806 τοῦ
860 1755 975 1818 νοός
1011 1772 1111 1826 μου
1147 1756 1228 1818 εἰς
1258 1754 1321 1808 τὸ
1351 1755 1560 1808 κελλίον
1610 1773 1733 1826 μου.

1850 1755 2092 1825 grederer
2125 1755 2176 1808 in
2211 1757 2402 1809 cellam
2437 1770 2632 1811 meam.

207 1845 328 1911 κς⁹.
364 1842 541 1900 Ἦ).θὲ
576 1865 704 1901 ποτε
734 1847 960 1916 ἀδελφὸς
988 1849 1066 1910 εἰς
1095 1846 1198 1917 τὴν
1237 1845 1428 1900 κέλλαν
1460 1845 1551 1899 τοῦ
1591 1847 1738 1900 ἀϐϐἆ

153 1931 405 1988 Ἰωάννου
438 1936 558 2005 ἀψὲ,
605 1935 921 2001 σπουδάζων
963 1935 1244 1990 ἀπελθεῖν·
1289 1937 1384 1989 καὶ
1431 1935 1735 1990 λαλούντων

142 2027 323 2080 αὐτῶν
364 2029 497 2098 περὶ
525 2027 756 2098 ἀρετῶν,
785 2027 974 2096 γέγονε
1018 2026 1188 2098 πρωῒ,
1212 2027 1307 2080 καὶ
1333 2027 1432 2081 οὐκ
1471 2026 1732 2096 ἔγνωσαν.

141 2120 248 2172 Καὶ
284 2118 481 2188 ἐξῆλθε
509 2118 828 2189 προπέμψαι
854 2118 1012 2171 αὐτόν
1032 2134 1046 2148 ο
1079 2119 1171 2171 καὶ
1197 2117 1414 2189 ἔμειναν
1441 2118 1734 2184 λαλοῦντες

141 2208 243 2268 ἕως
285 2210 462 2277 ἓκτης
499 2207 668 2279 ὥρας.
704 2209 814 2261 Καὶ
850 2210 1163 2279 εἰσήνεγκεν
1185 2225 1199 2238 ·
1238 2208 1333 2262 καὶ
1375 2209 1731 2281 γευσάμενος,

139 2295 320 2359 οὕτως
349 2297 620 2366 ἀπῆλθεν.
1471 2343 1476 2349 .

209 2386 317 2451 κζ’.
362 2387 595 2454 Ἔλεγεν
639 2387 668 2439 6
703 2387 878 2449 eaea;
910 2386 1186 2458 Ἰωάννης,
1231 2387 1312 2442 ὅτι
1361 2388 1571 2457 φυλακή
1600 2389 1734 2453 ἐστι,

139 2475 199 2531 τὸ
221 2477 459 2530 καθίσαι
488 2481 548 2531 ἐν
576 2478 652 2548 τῷ
679 2479 894 2550 κελλίῳ,
923 2479 1016 2531 καὶ
1057 2478 1415 2549 μνημονεύειν
1462 2479 1554 2532 τοῦ
1599 2479 1735 2533 Θεοῦ

141 2571 378 2623 πάντοτε
402 2571 470 2624 ³⁸.
519 2573 630 2625 Καὶ
673 2571 838 2625 τοῦτὰ
876 2574 990 2626 ἐστι
1019 2571 1103 2636 τὸ,
1144 2573 1241 2626 Ἐν
1271 2571 1520 2642 φυλακῇ
1551 2573 1732 2643 ἥμην,

142 2663 236 2716 καὶ
274 2663 499 2730 ἤλθετε
531 2661 681 2731 πρὸς
705 2662 803 2732 μέ.

209 2752 325 2824 κηί.
364 2749 503 2806 Εἷπε
533 2753 723 2807 πάλιν·
767 2753 864 2816 Τίς
907 2753 1124 2824 ἰσχυρὸς
1157 2752 1230 2817 ὡς
1266 2752 1295 2804 6
1325 2752 1492 2818 λέων;
1529 2752 1623 2806 καὶ
1651 2751 1737 2806 διὰ

143 2850 245 2919 τὴν
275 2849 494 2902 κοιλίαν
523 2846 691 2902 αὑτοῦ
722 2848 986 2918 ἐμπίπτει
1034 2850 1112 2910 εἰς
1156 2847 1378 2915 παγίδα,
1409 2847 1504 2900 καὶ
1553 2845 1649 2917 ὅλη
1702 2847 1736 2916 ἡ

145 2941 302 3011 ἰσχὺς
328 2940 498 2993 αὑτοῦ
527 2939 899 2993 ταπεινοῦται.

213 3033 324 3086 κθ’.
365 3031 566 3099 Ἔλεγε
613 3030 798 3094 πάλιν,
839 3031 922 3082 ὅτι
952 3031 1225 3094 ἐσθίοντες
1251 3031 1311 3112 ,οἱ
1352 3029 1593 3100 Πατέρες
1637 3029 1736 3099 τῆς

145 3125 405 3194 Σκήτεως
449 3122 613 3194 ἄρτον
641 3121 733 3175 καὶ
758 3121 889 3184 ἃλας
907 3165 918 3182 ,
960 3121 1142 3190 ἔλεγον
1161 3141 1188 3151 ἠ
1207 3122 1300 3192 Μὴ
1339 3122 1735 3192 ἀναγκάσωμεν
1764 3119 1805 3140 “

147 3217 380 3278 ἑαυτοὺς
408 3217 490 3277 είς
526 3214 661 3278 ἃλας
686 3215 781 3268 καὶ
807 3216 986 3283 ἄρτον.
1023 3215 1130 3267 Καὶ
1162 3213 1334 3277 οὕτως
1367 3214 1574 3284 ἰσχυροὶ
1596 3209 1736 3284 ἦσαν

147 3309 286 3377 πρὸς
313 3307 374 3358 τὸ
405 3306 570 3375 ἔργον
597 3304 691 3358 τοῦ
723 3304 878 3358 Θεοῦ.

216 3400 283 3454 λ’.
319 3395 528 3450 Ἦλθεν
556 3397 781 3465 ἀδελφός
808 3415 893 3460 τις
936 3395 1118 3449 λαϐεῖν
1161 3396 1422 3468 σπυρίδας
1449 3397 1597 3466 παρά
1641 3395 1733 3448 τοῦ

149 3491 298 3544 ἀδεᾶ
334 3491 610 3543 Ἰωάννου.
649 3489 758 3541 Καὶ
785 3488 1014 3554 ἐξελθὼν
1046 3488 1193 3557 λέγει
1223 3489 1397 3559 αύτῴο
1433 3489 1495 3540 Τί
1541 3489 1733 3552 θέλεις,

150 3579 384 3648 ἀδελφὰ
427 3579 486 3630 'U
517 3578 572 3630 δὲ
613 3573 763 3630 εἷπε·
799 3577 1100 3646 Σπυρίδας,
1146 3577 1310 3630 ἀϐὅᾶ.
1359 3578 1627 3631 Εἰσελθὼν
1678 3578 1734 3632 δὲ

152 3673 431 3726 ἑκὸαλεῐν.
486 3669 806 3722 ἐπελάθετο’
860 3670 954 3722 καὶ
1003 3669 1221 3722 ἐκάθισε
1279 3671 1516 3739 ρἀτων.
1569 3669 1735 3722 Πάλιν

151 3765 423 3836 ἰκρουσεο
468 3764 562 3814 καὶ
617 3761 692 3824 ὡς
743 3761 965 3830 ἐξῆλθε,
1021 3761 1166 3828 λέγει
1221 3759 1397 3830 αὐτῷ’
1451 3761 1584 3830 Φέρε
1637 3760 1734 3830 τὴν

154 3855 416 3924 σπυρίδα,
447 3854 611 3906 ἀδεᾶ.
647 3851 912 3905 Εἰσελθὼν
946 3852 1002 3904 δὲ
1038 3853 1197 3904 πάλιν
1236 3851 1454 3904 ἐκάθισε
1487 3851 1730 3920 ῥάπτειν.

153 3947 265 3998 Καὶ
327 3944 494 3997 πάλιν
555 3945 760 4005 ἐκεῖνος
820 3943 1068 4012 ἔκρουσε.
1118 3943 1226 3994 Καὶ
1294 3941 1521 4006 ἐξελθὼν
1588 3941 1734 4009 λέγει

154 4038 338 4107 αὐτῷ’
370 4036 438 4088 Τί
495 4035 694 4100 θέλεις,
745 4035 976 4104 ἀδελφέ;
1033 4035 1091 4086 Ὀ
1125 4034 1182 4086 δὲ
1233 4029 1386 4086 εἷπε·
1441 4034 1551 4104 Τὴν
1602 4051 1738 4087 σπυ-

156 4130 318 4199 ρίδα,
364 4127 530 4180 ἀδεᾶ.
570 4129 676 4180 Καὶ
729 4129 1007 4197 κρατήσας
1055 4126 1218 4178 αὐτοῦ
1267 4125 1365 4196 τὴν
1411 4128 1597 4196 χεῖρα,
1633 4127 1735 4178 είσο

156 4225 392 4293 ἠνεγκεν
427 4221 588 4273 αὑτὸν
615 4220 740 4280 ἔσω,
765 4219 964 4287 λέγων’
997 4221 1058 4271 Εἰ
1091 4217 1354 4288 σπυρίδας
1385 4218 1578 4281 θέλεις.
1605 4216 1736 4271 λάϐε

157 4317 247 4367 καὶ
277 4313 609 4382 περιπάτει·
643 4309 752 4377 ἐγὼ
784 4312 891 4382 γὰρ
927 4311 988 4363 ού
1019 4309 1278 4379 σχολάζω.

1906 1846 1994 1899 26.
2031 1845 2260 1912 Quidam
2296 1845 2464 1901 frater
2504 1860 2629 1901 sero
2669 1844 2817 1899 venit
2862 1846 2926 1898 ad
2959 1845 3147 1900 cellam
3190 1846 3404 1903 abbatis

1834 1936 2089 2004 Joannis,
2115 1937 2264 1992 abire
2297 1936 2596 2004 festinans;
2632 1951 2867 2008 cumque
2892 1937 2959 1992 de
2994 1938 3287 1993 virtutibus
3330 1940 3406 1992 ιο·
3474 1964 3479 1974 -

1837 2037 2159 2099 querentur,
2182 2026 2300 2083 dies
2329 2034 2553 2082 exortus
2572 2037 2674 2092 est,
2703 2041 2802 2081 nec
2833 2027 3236 2081 intellexerunt.
3266 2027 3408 2082 Exiit

1837 2128 1898 2174 ut
1944 2119 2237 2174 deduceret
2267 2134 2430 2184 eum;
2472 2125 2526 2172 et
2569 2121 2986 2188 perseverarunt
3031 2132 3085 2172 111
3135 2118 3408 2186 colloquio

1835 2223 2011 2277 usque
2041 2207 2109 2261 ad
2141 2207 2328 2260 horam
2358 2214 2588 2261 sextam.
2641 2205 2944 2260 Introduxit
2981 2220 3112 2275 ergo
3153 2221 3312 2271 eum;
3345 2222 3408 2260 ac

1835 2304 2123 2368 postquam
2151 2297 2332 2349 cibum
2367 2297 2708 2364 sumpsisset,
2745 2297 2818 2350 ita
2852 2295 3125 2349 discessit.

1907 2388 1998 2442 27.
2038 2389 2150 2458 (I0)
2208 2387 2419 2442 Monuit
2459 2388 2630 2441 abbas
2675 2387 2912 2442 Joannes
2949 2405 2962 2441 :
2996 2386 3254 2441 Custodia
3301 2398 3405 2454 est,

1837 2480 2025 2536 sedere
2056 2481 2110 2533 in
2146 2480 2301 2547 cella,
2326 2489 2378 2534 et
2406 2479 2497 2532 Dei
2533 2496 2746 2549 semper
2774 2481 3108 2535 meminisse.
3138 2480 3310 2549 Atque
3335 2481 3408 2534 ita

1838 2571 2242 2644 intelligendum
2273 2579 2359 2626 est
2389 2571 2520 2624 illud
2562 2590 2574 2624 :
2616 2571 2675 2624 In
2701 2573 2944 2627 custodia
2984 2590 3150 2634 eram,
3185 2587 3230 2626 et
3266 2578 3408 2630 veni-

1836 2664 1932 2717 stis
1959 2663 2026 2715 ad
2045 2679 2126 2717 me
2147 2663 2213 2718 ⁸³.

1907 2754 1997 2807 28.
2026 2752 2139 2826 (II)
2175 2753 2321 2808 Dixit
2351 2755 2548 2809 iterum
2579 2773 2590 2808 :
2619 2755 2902 2822 Quodnam
2937 2757 3134 2809 animal
3165 2757 3304 2810 forte
3327 2767 3412 2813 est

1839 2851 1898 2897 ut
1934 2843 2058 2896 leo?
2101 2851 2154 2897 et
2185 2851 2364 2898 tamen
2408 2858 2631 2915 prepter
2669 2855 2913 2900 ventrem
2946 2848 3000 2900 in
3034 2848 3283 2916 laqueum
3326 2849 3414 2903 in-

1839 2933 1991 2996 cidit,
2023 2935 2311 3004 omnisque
2344 2935 2463 3003 ejus
2489 2937 2570 2988 vis
2605 2936 2948 3006 deprimitur.

1911 3030 2004 3083 ει).
2036 3029 2145 3098 (12)
2188 3030 2251 3083 Et
2281 3030 2480 3083 iterum
2522 3049 2533 3084 :
2568 3031 2791 3086 Sceteos
2817 3030 3006 3087 Patres
3032 3049 3224 3103 panem
3250 3044 3302 3088 et
3331 3033 3412 3089 sal

1848 3123 2214 3186 cmnedentcs,
2247 3124 2464 3177 aiebant
2499 3143 2510 3177 :
2541 3123 2617 3180 Ne
2649 3125 2992 3194 imponamus
3035 3128 3192 3183 nobis
3222 3143 3412 3183 neces-

1845 3215 2059 3268 sitatem
2083 3215 2340 3268 vescendi
2368 3219 2480 3269 sale
2503 3229 2565 3268 ac
2587 3231 2742 3285 pane.
2766 3217 2941 3285 Atque
2966 3218 3038 3271 ita
3069 3218 3235 3274 fortes
3256 3227 3412 3274 erant

1837 3306 1903 3358 ad
1938 3321 2075 3375 opus
2109 3307 2224 3361 Dei.
2586 3367 2598 3379 ο

1906 3398 1994 3451 51).
2040 3395 2197 3452 Venit
2244 3397 2416 3453 frater
2464 3400 2685 3468 quidam
2736 3408 2795 3454 ut
2840 3409 3056 3472 sportas
3101 3403 3170 3456 ab
3215 3402 3413 3458 abbate

1834 3484 2039 3540 Joanne
2071 3488 2356 3557 acciperet.
2389 3487 2489 3542 Hie
2521 3503 2774 3558 egressus
2815 3489 2952 3543 dixit
2979 3491 3030 3544 ei
3067 3507 3080 3542 :
3115 3487 3254 3555 Quid
3292 3488 3412 3555 vis,

1842 3575 2048 3630 frater?
2078 3577 2171 3632 Ille
2209 3577 2326 3632 ait:
2364 3575 2622 3648 Sportas,
2670 3580 2828 3632 abba.
2867 3578 3148 3649 Ingressus
3186 3594 3315 3634 vero
3355 3586 3416 3637 ut

1837 3667 2078 3731 afferret,
2107 3669 2310 3724 oblitus
2341 3680 2452 3734 est;
2488 3674 2648 3734 sedit,
2675 3673 2946 3739 erupitque
2974 3685 3259 3726 censuere.
3289 3668 3417 3722 Pul-

1837 3762 1976 3814 savit
2002 3762 2194 3816 iterum
2225 3762 2389 3817 frater
2417 3783 2426 3815 :
2454 3780 2686 3832 cumque
2707 3763 3221 3818 111³1111οεν8111εεθιε
3241 3762 3410 3824 All‘er,

1851 3852 2054 3920 inquit,
2099 3867 2344 3922 sportas,
2393 3855 2549 3906 alilia.
2597 3854 2811 3908 Intrans
2855 3863 3066 3918 autent,
3104 3868 3296 3908 rursus
3345 3855 3412 3907 ad

1837 3946 2103 3998 snendum
2145 3945 2306 3999 sedit.
2346 3943 2438 3998 Ille
2471 3946 2649 3998 denuo
2679 3947 2934 4015 pulsavit.
2977 3945 3241 4017 Egressus
3273 3944 3408 3999 dicit

1836 4037 1885 4088 ei
1921 4053 1936 4089 ι
1969 4035 2110 4100 Quid
2146 4038 2249 4100 vis,
2283 4037 2482 4090 frater?
2513 4037 2579 4090 At
2606 4036 2694 4091 ille
2727 4055 2740 4091 :
2773 4037 3050 4107 Sportam,
3077 4036 3414 4093 abba.Tunc

1837 4129 2176 4197 apprehensa
2226 4129 2345 4198 ejus
2393 4145 2591 4194 manu,
2631 4130 2932 4184 introduxit
2973 4130 3148 4193 illum,
3180 4129 3410 4185 dicens:

1840 4220 1896 4272 Si
1940 4230 2154 4289 sportas
2195 4221 2299 4286 vis,
2337 4236 2512 4287 sume,
2561 4238 2623 4276 ac
2669 4223 2894 4288 recede;
2939 4223 3071 4275 mibi
3116 4237 3261 4275 etum
3304 4236 3412 4276 non

1837 4319 2016 4364 vacat.

227 4413 328 4457 λα’.
373 4400 549 4456 τΗλθὲ
597 4419 725 4454 ποτε
760 4401 1099 4472 καμηλίτης,
1151 4402 1236 4453 ἵνα
1271 4401 1407 4470 λάϐῃ
1449 4401 1515 4454 τά
1567 4399 1733 4471 σκεύη

1914 4402 2004 4456 SI.
2050 4399 2211 4456 Venit
2241 4401 2534 4472 aliquando
2562 4405 2910 4468 camelarius,
2939 4412 2997 4458 ut
3025 4405 3411 4475 supellectilem

159 4497 345 4564 αὐτοῦ,
385 4497 484 4549 καὶ
531 4495 745 4564 ἀπε).οῃ
788 4497 864 4558 εἰς
892 4494 1050 4548 ἀλλον
1095 4493 1278 4546 τόπον.
1318 4493 1374 4545 '0
1401 4493 1457 4545 δὲ
1485 4491 1738 4545 εἰσελθὼν

159 4588 380 4655 ἐνέγκαι
405 4585 557 4655 αύτῷ
585 4585 681 4655 τὴν
713 4585 916 4656 σειρὰν,
947 4583 1253 4645 ὲπέλαθετο,
1277 4583 1574 4653 τεταμένην
1602 4582 1739 4652 ἔχων

163 4679 250 4750 τὴν
295 4679 545 4732 διάνοιαν
587 4677 723 4749 πρὸς
762 4677 852 4729 τὸν
889 4675 1038 4728 Θεόν.
1084 4675 1251 4727 Πάλιν
1296 4672 1386 4728 οὖν
1431 4675 1672 4746 ὣχλησεν
1713 4677 1741 4728 6

161 4771 472 4842 καμηλίτης
518 4771 729 4840 κρούων
771 4768 868 4838 τὴν
915 4767 1104 4839 θύραν,
1154 4769 1247 4820 καὶ
1301 4768 1458 4821 πάλιν
1497 4769 1525 4820 6
1569 4768 1740 4831 ἀδὸᾶς

171 4863 430 4930 Ἰωάννης
485 4860 896 4930 εἰσερχόμενος,
959 4856 1270 4911 ἐπελάθετο.
1322 4857 1394 4909 Τὸ
1445 4857 1502 4909 δὲ
1556 4859 1738 4928 τρίτον

161 4955 496 5024 κρούσαντος
563 4951 656 5004 τοῦ
714 4951 1048 5022 καμηλίτου,
1099 4950 1475 5021 εἰσερχόμενος
1548 4949 1736 5019 ἔλεγεο

161 5048 326 5120 Σειρά
354 5045 626 5117 κάμηλος,
664 5043 817 5115 σειρά
845 5043 1088 5114 κάμηλος
1109 5044 1175 5094 ³⁸.

235 5216 336 5290 λβ’.
385 5217 447 5272 Ὀ
501 5218 665 5282 αὐτὸς
711 5218 901 5287 γέγονε
951 5217 1088 5282 ζέων
1120 5216 1196 5288 τῷ
1233 5216 1519 5287 πνεύματι.
1563 5220 1744 5289 Παρα-

166 5308 343 5366 σαλὼν
373 5308 471 5365 οὖν
497 5329 583 5374 τις
617 5310 788 5381 αὐτῷ,
828 5309 1087 5380 ἐπῄνεσεν
1116 5309 1278 5364 αὐτοῦ
1315 5309 1376 5362 τὸ
1403 5309 1562 5380 ἔργον
1582 5327 1593 5339 °
1631 5313 1743 5383 εἰρ-

1843 4494 1963 4563 ejus
1995 4501 2254 4559 sumeret,
2287 4496 2567 4564 abirctque
2611 4497 2664 4549 111
2709 4497 2874 4550 alium
2909 4496 3108 4552 Iocutn.
3158 4495 3251 4552 Ille
3281 4513 3411 4554 vero

1842 4585 2124 4654 ingressus
2165 4585 2230 4639 ad
2281 4587 2703 4649 atferendanrei
2764 4589 3024 4657 plectam,
3073 4589 3276 4645 oblitus
3326 4598 3411 4645 est

1843 4673 1988 4742 quod
2024 4684 2256 4730 mentem
2289 4677 2346 4730 in
2393 4676 2555 4730 Deum
2597 4679 2861 4733 intentam
2903 4679 3150 4734 haberet.
3197 4677 3410 4734 Rursus

1846 4763 2010 4831 igitur
2050 4765 2432 4819 interturbavit
2473 4769 2830 4832 camelarius,
2880 4767 3026 4822 fores
3078 4768 3298 4823 feriens.
3346 4768 3412 4823 Et

1847 4853 2022 4908 adhuc
2049 4855 2332 4924 ingressus
2351 4857 2519 4910 abbas
2545 4856 2804 4921 Joannes,
2825 4873 2933 4911 non
2951 4866 3036 4913 est
3063 4858 3418 4916 recordatus.

1842 4941 2083 4998 Tertium
2107 4945 2286 5015 itaque
2312 4949 2564 5015 pulsante
2588 4947 2896 5012 camelario,
2923 4947 3136 5005 intrans
3171 4950 3408 5006 dicebat.

1839 5034 2045 5101 Plecta,
2089 5039 2362 5104 camelus;
2400 5041 2596 5108 plecta,
2630 5041 2889 5096 camelus.
2931 5039 2988 5094 Id
3036 5052 3212 5096 autem
3253 5058 3411 5112 repe-

1841 5129 2011 5189 tebat,
2044 5144 2110 5184 ne
2139 5129 2334 5186 iterum
2372 5147 2460 5187 res
2493 5131 2750 5186 memoria
2777 5133 3067 5188 excideret.

1912 5220 2000 5274 '52.
2043 5219 2186 5274 Idem
2219 5219 2325 5275 fuit.
2358 5224 2549 5292 spiritu
2589 5222 2848 5279 fervidus.
2889 5224 3072 5294 Itaque
3105 5226 3304 5294 aliquis
3331 5226 3410 5278 vi-

1845 5327 1972 5368 sens
1998 5328 2144 5378 eum,
2179 5314 2421 5370 laudavit
2457 5315 2578 5386 ejus
2603 5331 2772 5386 opus;
2802 5317 3032 5388 plectam
3063 5327 3242 5374 autem
3272 5331 3408 5372 con-

137 5495 149 5509 ο
237 5465 280 5498 ⁸¹
311 5465 396 5520 ΑΙ.
421 5465 553 5520 add.
634 5463 770 5534 μετά
792 5463 1023 5535 νήψεως.
1085 5463 1143 5502 ι³⁸
1170 5461 1358 5519 Matth.
1394 5479 1519 5530 xxv,
1549 5463 1638 5520 56.
1715 5466 1733 5498 ³

1855 5507 1866 5520 .
1894 5467 2018 5522 add.
2043 5469 2137 5522 καὶ
2167 5468 2322 5524 τοῦτο
2346 5471 2548 5539 ἔλεγεν,
2576 5472 2663 5526 ἴνα
2689 5472 2762 5544 μὴ
2785 5472 3128 5545 ἐπιλάθηται.

239 5651 347 5716 (10)
383 5650 644 5716 Latnliec.
677 5648 806 5703 Cod.
837 5653 958 5708 237.

241 5715 348 5792 (II)
397 5718 505 5774 Vit.
542 5715 700 5774 Patr.
731 5737 814 5790 111,
847 5723 934 5778 66.

1917 5656 2024 5733 (12)
2051 5655 2280 5727 Append.
2314 5673 2364 5727 ρ.
2409 5655 2563 5720 I002,
2589 5671 2642 5708 11.
2677 5653 2727 5709 1.
