3874 6308
485 272 594 329 ςὶδ

1648 278 1988 336 APPENDIX
2028 280 2118 336 AD
2153 280 2567 351 PALLADIUM.

3627 283 3736 342 216

491 385 727 455 ίὴιὲὶεὶοοι.
759 400 828 454 Ει
855 403 1042 459 tacuit.
1085 401 1284 458 lterum
1321 403 1411 457 ille
1447 417 1609 457 orsus
1636 410 1721 459 est
1753 417 2035 459 sermonem

2166 400 2365 474 γάζετο
2409 403 2469 458 δὲ
2519 405 2740 476 σειράν·
2803 406 2898 460 καὶ
2932 403 3252 476 ,ἐσιώπησε
3298 402 3466 457 Πάλιν
3527 403 3737 468 ἐκεῖνος

490 491 558 544 ad
585 507 728 548 eum.
777 491 845 548 Et
878 495 1056 549 adhuc
1093 495 1307 551 silebat.
1353 492 1538 550 Tertio
1576 494 1715 551 dixit
1756 494 2051 552 invisenti:

487 581 568 638 Ex
603 599 710 654 quo
735 583 841 640 huc
866 587 1147 657 ingressus
1171 602 1253 650 es,
1278 585 1446 643 Deum
1479 602 1511 640 a
1537 603 1622 643 me
1644 587 1876 658 ejecisti.

557 763 645 817 53.
685 759 844 820 Venit
871 763 1068 834 aliquis
1091 775 1255 825 senex
1281 767 1338 821 in
1360 767 1550 822 cellam
1572 768 1782 824 abbatis
1802 765 2052 836 Joannis,

487 863 543 907 et
566 854 768 910 invenit
790 871 917 912 eum
935 855 1314 923 dormientem,
1333 859 1580 929 angelum
1606 873 1736 915 vero
1762 869 2052 929 astantem,

485 947 580 1015 qui
609 955 830 1002 ventum
858 947 909 1004 ei
935 947 1188 1004 faciebat.
1232 948 1480 1020 Cumque
1525 951 1771 1016 vidisset,
1803 955 2050 1009 recessit.

486 1035 558 1093 Ut
589 1043 768 1093 autem
798 1049 1146 1108 experrectus
1174 1047 1280 1104 est,
1309 1043 1382 1095 ait
1410 1041 1676 1111 discipulo
1705 1058 1805 1098 suo
1831 1063 1844 1099 :
1867 1042 2056 1098 Venit-

484 1144 556 1183 ne
603 1129 877 1200 quispiam
917 1129 1222 1194 dormiente
1267 1133 1392 1189 me?
1439 1131 1752 1206 Respondet
1794 1154 1809 1192 :
1852 1136 2050 1204 Etiam,

486 1220 576 1278 ille
603 1236 768 1279 senex
799 1241 816 1278 :
843 1221 1218 1295 Cognovitque
1265 1225 1434 1281 abbas
1461 1223 1706 1281 Joannes
1730 1228 1875 1298 quod
1905 1230 2056 1298 paris

484 1328 667 1376 secum
704 1315 922 1382 virtutis
951 1324 1096 1372 esset
1127 1332 1312 1381 senex,
1350 1331 1414 1371 ac
1441 1317 1664 1374 vidisset
1702 1320 1977 1390 angelum.

551 1406 640 1460 54.
687 1405 799 1479 (15)
848 1406 975 1463 Haec
1022 1409 1185 1471 verba
1236 1409 1363 1464 fecit
1409 1410 1579 1466 abbas
1623 1409 1863 1468 Joannes
1898 1411 2054 1484 :Ego

483 1497 607 1553 volo
640 1508 699 1553 ut
725 1499 890 1555 homo
921 1516 1112 1572 parum
1147 1517 1214 1556 ex
1257 1503 1513 1559 omnibus
1549 1504 1843 1560 virtutibus
1872 1521 2052 1576 percr-

483 1589 616 1659 piat.
661 1587 849 1660 Itaque
893 1590 1124 1658 singulis
1155 1579 1346 1648 diebus
1377 1607 1536 1649 mane
1565 1609 1886 1663 exsurgens,
1918 1611 2053 1666 cape

479 1679 810 1750 principium
836 1680 902 1735 ad
927 1696 1141 1736 omnem
1171 1683 1441 1749 virtutem,
1469 1684 1891 1757 mandatumque
1931 1685 2047 1753 Dei,

2155 497 2404 566 ἐκίνησεν
2432 494 2580 567 αὐτῷ
2615 497 2802 564 λόγον·
2836 499 2932 551 καὶ⁷
2970 496 3130 550 πάλιν
3174 493 3403 551 ἐσιώπα.
3428 493 3500 546 Τδ
3529 493 3734 565 τρίτον,

2155 584 2300 654 λέγει
2343 585 2416 655 τῷ
2472 586 2861 656 παραϐαλόντι·
2920 585 3040 654 Ἀφ’
3084 580 3146 638 οὗ
3185 583 3434 654 εἰσῆλθες
3477 582 3732 650 ἐνταῦθα,

2155 673 2346 738 ἔϐαλες
2375 675 2421 706 ⁸⁸
2446 675 2537 729 τὸν
2569 675 2700 728 Θεὸν
2727 676 2821 729 ἀπ’
2847 675 3002 746 ἐμοῦ.

2225 761 2327 832 λγθ.
2360 759 2533 816 Ἦλθέ
2585 781 2669 828 τις
2713 765 2888 836 γέρων
2931 765 3014 827 είς
3058 762 3156 833 τὴν
3196 761 3390 818 κέλλαν
3438 761 3534 814 τοῦ
3588 758 3733 816 ἀϐὄᾶ

2165 855 2435 923 Ἰωάννου,
2467 858 2561 910 καὶ
2591 848 2750 928 εὗρεν
2780 858 2942 910 αὐτὸν
2979 855 3328 918 καθεύδοντα,
3373 857 3467 908 καὶ
3496 854 3730 922 ἄγγελον

2153 947 2557 1018 παριστάμενον
2583 949 2677 1003 καὶ
2715 947 2995 1018 ριπίζοντα
3020 947 3200 1001 αὐτόν.
3231 947 3340 1000 Καὶ
3377 943 3729 1021 ἀνεχώρησεν

2157 1035 2298 1090 ίδών.
2337 1038 2427 1101 Ὡς
2461 1038 2518 1092 δὲ
2545 1039 2767 1110 ἀνέστη.
2803 1039 2948 1108 λέγει
2975 1038 3051 1110 τῷ
3087 1037 3297 1109 μαθητῇ
3330 1036 3494 1092 αὑτοῦ
3517 1054 3530 1065 ·
3558 1033 3729 1090 Ἦλθέ

2149 1142 2235 1190 τις
2281 1120 2384 1180 ὧδε
2416 1128 2758 1200 κοιμωμένου
2806 1147 2941 1200 μους
2997 1130 3197 1196 Λέγει·
3253 1127 3392 1180 Ναί·
3429 1130 3458 1180 6
3504 1126 3660 1180 δεῖνα
3699 1126 3730 1178 6

2151 1218 2348 1290 γέρων.
2379 1220 2487 1273 Καὶ
2517 1219 2660 1288 έγνω
2685 1223 2714 1274 6
2738 1221 2912 1284 ἁϐϐᾶς
2951 1221 3224 1291 Ἰωάννης,
3254 1219 3336 1273 ὃτι
3363 1217 3473 1272 τῶν
3511 1218 3730 1291 μέτρων

2152 1309 2318 1363 αὐτοῦ
2348 1305 2416 1381 ἦν
2439 1312 2468 1364 6
2500 1313 2697 1383 γέρων,
2733 1313 2828 1366 καὶ
2858 1308 2968 1364 εἶδε
2997 1311 3088 1365 τὸν
3121 1309 3369 1379 ἄγγελον.

2220 1399 2312 1454 λδ’.
2347 1397 2514 1455 Εἶπεν
2539 1402 2758 1467 ossea;
2789 1403 3074 1474 Ἰωάννης·
3119 1399 3259 1470 Ἐγὼ
3303 1400 3443 1455 θέλω
3495 1397 3729 1469 μεταλαε

2151 1491 2266 1545 ϐεῖν
2296 1493 2386 1545 τὸν
2435 1491 2742 1564 ἄνθρωπον,
2777 1491 2971 1564 μικρὸν
3000 1495 3064 1545 ἐκ
3097 1491 3286 1545 πασῶν
3330 1491 3440 1543 τῶιν
3487 1491 3723 1560 ἀρετῶν,

2151 1583 2342 1636 Τοίνυν
2375 1585 2461 1652 ἐφ’
2483 1585 2719 1654 ἑκάστης
2747 1583 2980 1656 ἡμέρας,
3007 1583 3411 1654 διανιστάμενος
3443 1583 3521 1652 τῷ
3555 1580 3724 1652 πρωῒ,

2153 1675 2409 1729 ἐπιλαϐοῦ
2447 1677 2619 1747 ἀρχὴν
2655 1676 2700 1708 ⁸⁸
2745 1679 2824 1739 είς
2868 1677 3050 1735 πᾶσαν
3084 1676 3305 1746 ἀρετὴν,
3357 1675 3452 1728 καὶ
3501 1674 3724 1743 ἐντολὴν

480 1771 539 1824 in
566 1771 804 1825 maxima
833 1773 1113 1841 patientia.
1145 1788 1267 1828 cum
1307 1775 1503 1847 timore
1531 1790 1594 1830 ac
1623 1777 2035 1847 aequanimitate,

2154 1764 2310 1832 Θεοῦ,
2343 1769 2401 1819 ἐν
2436 1768 2667 1840 μεγίστῃ
2711 1768 2979 1838 ὑπομονῇ,
3013 1768 3148 1838 μετά
3188 1767 3352 1837 φόϐου
3398 1767 3492 1821 καί
3523 1783 3724 1836 μακρο-

479 1860 536 1917 in
566 1863 794 1919 caritate
819 1861 934 1929 Dei,
962 1881 1086 1919 cum
1119 1864 1267 1920 omni
1306 1866 1588 1923 alacritate
1622 1869 1819 1923 anima:
1840 1879 1894 1925 et
1922 1885 2048 1925 cor-

479 1950 652 2022 poris,
681 1967 915 2023 cumque
953 1953 1260 2012 humilitate
1300 1957 1493 2018 multa,
1516 1957 1571 2011 in
1615 1959 1902 2013 tolerantia
1932 1968 2047 2015 tum

481 2041 789 2100 aﬂlictionis
824 2045 1024 2113 cordis,
1055 2054 1170 2100 tum
1201 2047 1484 2114 custodiae,
1516 2048 1568 2102 in
1611 2051 1857 2106 oratione
1879 2053 2048 2107 multa

479 2145 534 2188 et
566 2135 1061 2205 deprecationibus,
1107 2153 1229 2191 cum
1276 2139 1502 2208 gemitu,
1547 2142 1782 2210 puritate
1828 2143 2044 2216 linguae,

478 2232 534 2284 et
573 2227 823 2284 custodia
852 2230 1135 2284 oculorum
1172 2249 1187 2287 :
1220 2230 1600 2297 inhonoratus,
1630 2248 1730 2288 nec
1766 2233 2045 2306 irascens;

477 2315 759 2385 paciﬁcus,
795 2333 894 2373 nec
935 2319 1168 2375 reddens
1214 2323 1414 2377 malum
1463 2338 1564 2394 pro
1605 2325 1786 2391 malo;
1820 2342 1930 2382 non
1961 2334 2046 2380 at-

475 2407 706 2464 tendens
735 2408 806 2476 ad
836 2407 1066 2464 aliorum
1099 2410 1325 2480 delicta;
1359 2430 1468 2468 non
1515 2416 1747 2486 tcipsum
1791 2421 2044 2484 metiens,

475 2498 573 2554 sed
607 2499 710 2555 sub
743 2502 893 2557 omni
921 2505 1192 2560 exsistens
1221 2515 1471 2562 creatura
1504 2527 1518 2562 :
1555 2525 1653 2578 per
1681 2514 2042 2568 renuntiatio-

474 2601 598 2643 nem
644 2588 886 2644 materiae
920 2605 1211 2661 rerumque
1254 2594 1589 2660 carnalium;
1625 2597 1681 2651 in
1715 2612 1900 2665 cruce,
1926 2615 2044 2654 cer-

475 2678 702 2742 tamine,
731 2688 1048 2750 paupertate
1079 2682 1327 2751 spiritus,
1362 2683 1416 2737 in
1447 2686 1725 2743 voluntate
1755 2699 1808 2744 et
1834 2690 2044 2744 exerci-

473 2768 680 2823 tatione
720 2768 1012 2837 spirituali,
1060 2769 1114 2823 in
1152 2769 1382 2840 jejunio,
1423 2777 1760 2842 poenitentia,
1803 2777 1949 2839 ﬂetu.
1987 2779 2042 2833 in

473 2871 644 2930 agone
671 2859 870 2929 proelii,
898 2859 954 2925 in
981 2861 1328 2929 discretione,
1364 2864 1421 2919 in
1446 2866 1639 2921 animae
1659 2870 2038 2933 sanctimonia,

473 2947 541 3001 in-
578 2951 924 3019 perceptione
970 2951 1142 3020 bona;
1187 2967 1311 3008 cum
1361 2957 1544 3025 quiete
1590 2973 1729 3029 opus
1782 2977 2039 3016 manuum

471 3039 810 3097 exercendo:
835 3042 888 3096 in
918 3045 1202 3101 nocturnis
1229 3047 1448 3118 vigiliis,
1484 3046 1642 3116 fame,
1674 3051 1787 3117 siti,
1817 3052 2037 3122 frigore,

469 3133 754 3201 nuditate,
802 3134 1136 3196 laboribus:
1187 3148 1350 3210 atque
1402 3144 1672 3200 occludito
1728 3147 2039 3214 sepulcrum

471 3234 663 3292 tuum,
703 3229 863 3298 quasi
903 3230 1015 3298 jam
1061 3240 1342 3300 mortuus;
1386 3236 1459 3292 ita
1508 3245 1565 3291 at
1609 3246 1769 3308 putes
1808 3248 2038 3296 mortem

468 3326 621 3370 tuam
653 3331 822 3388 prope
853 3334 975 3378 esse
1003 3323 1152 3376 omni
1182 3323 1335 3380 hora.

537 3487 628 3548 ‘55.
652 3491 884 3551 Aiebam
904 3495 972 3552 de
990 3497 1179 3552 eodem
1202 3499 1394 3556 abbate
1413 3500 1638 3569 Joanne,
1655 3505 1798 3575 quod
1815 3507 2036 3578 quando

466 3584 676 3640 redibat
701 3600 732 3640 e
760 3598 957 3651 messe,
994 3599 1142 3643 aute
1173 3603 1466 3662 congressu
1505 3610 1627 3650 cum
1662 3597 1908 3665 senibus,
1947 3614 2032 3653 va-

465 3675 626 3744 cabat
645 3679 901 3744 orationi,
937 3679 1269 3736 meditationi
1295 3691 1348 3738 et
1367 3685 1698 3753 psalmodiae,
1729 3705 1902 3758 usque
1923 3705 2034 3760 quo

463 3777 622 3823 mens
649 3767 770 3838 ejus
803 3767 859 3823 in
889 3768 1182 3841 pristinum
1212 3772 1455 3828 ordinem
1485 3773 1677 3846 fuisset
1710 3779 1981 3844 restituta.

534 3941 626 3995 '56.
667 3940 744 3998 De
770 3958 837 3998 eo
863 3945 1237 4016 pronuntiavit
1264 3947 1483 4003 Patrum
1517 3952 1812 4007 nonnullus
1841 3970 1854 4007 :
1893 3951 2030 4020 Quis

463 4043 546 4088 est
579 4031 818 4090 Joannes
841 4075 856 4100 ,
895 4037 1040 4105 quod
1075 4053 1170 4108 per
1210 4039 1564 4098 humilitatem
1607 4059 1760 4112 suam
1789 4061 1820 4102 e
1859 4063 2032 4118 parvo,

462 4125 632 4197 digito
654 4135 819 4182 totam
853 4127 1051 4183 Scetim
1083 4132 1408 4198 suspendit?

530 4299 622 4354 37.
661 4298 1019 4370 Interrogavit
1041 4301 1238 4371 aliquis
1263 4317 1294 4356 e
1314 4301 1569 4365 Patribus
1594 4307 1840 4362 abbatem
1866 4306 2024 4363 Joan-

2151 1857 2381 1924 θυμίας,
2434 1861 2492 1912 ἐν
2541 1860 2729 1932 ἀγάπῃ
2782 1858 2938 1924 Θεοῦ,
2993 1858 3131 1930 μετά
3185 1858 3364 1928 πάσης
3410 1857 3721 1928 προθυμίας

2147 1949 2328 2020 ψυχῆς
2373 1951 2467 2002 καὶ
2522 1949 2788 2020 σώματος,
2838 1951 2932 2003 καὶ
2980 1947 3356 2011 ταπεινώσεως
3393 1947 3614 2017 πολλῆς,
3661 1949 3719 2000 ἐν

2149 2042 2390 2111 ὑπομονῇ
2419 2039 2649 2109 θλίψεως
2685 2039 2908 2111 καρδίας
2943 2041 3036 2092 καὶ
3070 2039 3332 2108 φυλακῆς,
3361 2040 3418 2090 ἐν
3444 2040 3716 2108 προσευχῇ

2147 2133 2315 2204 πολλῇ
2358 2133 2451 2186 καὶ
2478 2131 2811 2204 πρεσϐείαις,
2849 2130 2986 2202 μετά
3020 2129 3318 2201 στεναγμοῦ
3341 2127 3407 2191 ³⁷,
3434 2131 3492 2182 ἐν
3528 2129 3720 2201 ἁγνείᾳ

2145 2223 2415 2294 γλώσσης,
2459 2225 2554 2278 καὶ
2592 2224 2802 2294 φυλακῇ
2841 2221 3134 2293 ὀφθαλμῶν
3172 2221 3592 2292 ἀτιμαζόμενος,
3627 2222 3718 2273 καὶ

2149 2315 2226 2387 μὴ
2269 2314 2650 2385 ὀργιζόμενος·
2699 2312 3016 2386 είρηνεύων,
3067 2313 3158 2366 καὶ
3210 2312 3283 2383 μὴ
3336 2311 3716 2374 ἀνταποδιδοὺς

2145 2407 2315 2460 κακὸν
2356 2405 2476 2459 ἀντὶ
2509 2402 2718 2456 κακοῦ·
2771 2403 2844 2474 μὴ
2879 2400 3164 2474 προσέχων
3218 2400 3556 2470 πταίσμασιν
3603 2399 3716 2452 ἐτέ-

2148 2515 2290 2570 ρων·
2327 2496 2401 2568 μὴ
2439 2496 2631 2550 ἑαυτὸν
2667 2495 2900 2566 μετρῶν,
2931 2485 3186 2547 ὑποκάτω
3229 2492 3407 2564 πάσης
3450 2492 3555 2561 τῆς
3601 2491 3715 2544 κτί-

2146 2603 2284 2649 σεως
2328 2587 2433 2638 ὧν·
2468 2587 2526 2638 ἐν
2558 2583 2827 2656 ἀποταξίᾳ
2876 2583 3009 2653 ὕλης
3039 2582 3134 2635 καὶ⁵
3175 2582 3286 2635 τῶν
3330 2581 3472 2635 κατὰ
3501 2581 3720 2648 σάρκα.¹

2144 2679 2202 2738 ἐν
2251 2675 2489 2748 σταυρῷ,
2536 2677 2593 2738 ἐν
2638 2675 2828 2744 ἀγῶνι,
2877 2676 2934 2726 ἐν
2981 2673 3224 2745 πτωχεία
3273 2671 3614 2742 πνεύματος,
3657 2673 3715 2724 ἐν

2144 2752 2456 2839 προαιρέσει
2483 2768 2576 2821 καὶ
2607 2768 2836 2838 ἀσκήσει
2878 2767 3242 2837 πνευματικῇ,
3285 2768 3342 2818 ἐν
3375 2765 3625 2835 νηστεία,
3658 2766 3720 2816 ἐν.

2145 2860 2398 2931 μετανοίᾳ
2421 2859 2514 2913 καὶ
2538 2858 2584 2891 ³⁸
2612 2857 2891 2929 κλαυθμῷ,
2923 2861 2980 2912 ἐν
3012 2857 3183 2926 ἀγῶνι
3221 2857 3477 2928 πολέμου,
3504 2857 3566 2908 ἐν
3600 2858 3713 2910 δια-

2142 2951 2342 3020 κρίσει,
2383 2953 2440 3004 ἐν
2480 2952 2672 3022 ἁγνείᾳ
2708 2951 2907 3021 ψυχῆς,
2952 2953 3010 3004 ἐν
3048 2949 3342 3021 μεταλήψει
3373 2951 3622 3021 χρηστῇ·
3654 2949 3710 3001 ἐν

2140 3037 2340 3110 ἡσυχίᾳ
2375 3038 2437 3091 τὸ
2468 3040 2778 3111 ὲργόχειρον
2799 3040 2874 3072 ³⁸·
2907 3041 2964 3092 ἐν
3006 3041 3126 3101 ταῖς
3166 3040 3500 3108 νυκτεριναίς
3535 3038 3707 3107 ἀγρυ-

2140 3129 2344 3193 πνίαις,
2377 3132 2434 3184 ἐν
2467 3132 2626 3204 πείνῃ
2658 3131 2750 3184 καὶ
2777 3130 2924 3203 δίψῃ,
2958 3132 3016 3184 ἐν
3049 3129 3208 3200 ψύχει
3245 3129 3338 3182 καὶ
3385 3128 3706 3198 γυμνότητι,

2141 3223 2199 3273 ἐν
2224 3223 2433 3285 πόνοις·
2465 3222 2766 3276 ἀποκλείων
2809 3239 2900 3274 σου
2949 3222 3040 3274 τὸν
3065 3221 3254 3290 τάφον,
3279 3220 3352 3283 ὡς
3390 3219 3492 3290 ἥδη
3519 3220 3707 3272 τελευ-

2136 3314 2341 3376 τήσας·
2381 3313 2456 3376 ὡς
2507 3312 2744 3382 νομίζειν
2793 3307 2931 3373 εἷναί
2978 3329 3071 3370 σου
3122 3312 3212 3367 τὸν
3266 3311 3492 3365 θάνατον
3544 3310 3708 3381 ἐγγὺς

2139 3406 2318 3476 πᾶσαν
2345 3405 2442 3474 τὴν
2467 3404 2614 3478 ὥραν
2640 3405 2706 3458 ⁸⁵.

2207 3496 2301 3548 λε’.
2328 3496 2550 3562 Ἔλεγον
2581 3498 2708 3566 περὶ
2754 3495 2921 3557 αὐτοῦ
2961 3496 3055 3550 τοῦ
3111 3496 3254 3551 ἀϐϐᾶ
3293 3496 3567 3556 Ἰωάννου,
3619 3497 3698 3548 ὅτι

2135 3586 2211 3650 ὼς
2242 3587 2439 3658 ἤρχετο
2472 3590 2536 3640 ἐκ
2566 3587 2658 3642 τοῦ
2703 3587 2918 3663 θέρους,
2955 3588 2987 3659 ἢ
3023 3587 3383 3658 παραϐάλλων
3424 3587 3700 3657 γέρουσιν,

2135 3680 2216 3742 εἰς
2242 3680 2340 3750 τὴν
2367 3681 2532 3749 εύχὴν
2563 3682 2652 3735 καὶ
2688 3683 2767 3744 εἰς
2788 3682 2886 3752 τὴν
2916 3680 3143 3753 μελέτην
3166 3681 3259 3733 καὶ
3286 3683 3366 3743 εἰς
3394 3679 3492 3750 τὴν
3517 3679 3700 3748 ψαλμ-

2140 3767 2306 3839 ῳδίαν
2359 3768 2679 3838 ἐσχόλαζεν,
2716 3769 2821 3834 ἕως
2865 3765 2924 3824 οὗ
2949 3769 3362 3838 ἀποκατεπάοη
3385 3770 3413 3820 6
3441 3769 3700 3839 λογισμὸς

2132 3859 2299 3914 αὑτοῦ
2329 3863 2408 3922 είς
2431 3859 2527 3932 τὴν
2547 3861 2699 3929 τάξιν
2723 3863 2819 3933 τὴν
2845 3862 3097 3934 ἀρχαίαν.

2203 3954 2309 4016 λς’.
2342 3947 2476 4005 Εἷπέ
2508 3969 2592 4016 τις
2649 3954 2755 4006 τῶν
2793 3957 3048 4024 Πατέρων
3097 3953 3225 4024 περὶ
3254 3952 3417 4014 αύτοῦ
3437 3995 3453 4020 ,
3487 3954 3571 4006 ὅτι
3604 3953 3698 4017 Τίς

2130 4045 2276 4098 ἐστιν
2311 4043 2340 4096 6
2378 4044 2652 4116 Ἰωάννης,
2689 4046 2769 4099 ὅτι
2827 4046 2913 4098 διὰ
2945 4047 3042 4117 τῆς
3080 4044 3457 4108 ταπεινώσεως
3507 4045 3693 4107 αὐτοῦ,

2132 4135 2438 4205 ἐκρέμασεν
2501 4136 2628 4208 ὅλην
2682 4139 2782 4209 τὴν
2851 4137 3048 4208 Σκῆτιν
3090 4139 3148 4190 ἐν
3183 4137 3262 4209 τῷ
3295 4135 3474 4210 μικρῷ
3531 4137 3694 4192 αύτοῦ

2130 4225 2377 4298 δακτύλῳ
2397 4246 2412 4294 ;
3532 4237 3541 4244 '

2201 4317 2300 4382 λζ’.
2347 4319 2618 4390 Ἐρώτησέ
2645 4338 2729 4386 τις
2754 4320 2861 4374 τῶν
2895 4321 3156 4392 Πατέρων
3183 4321 3273 4376 τὸν
3298 4321 3473 4376 ἀϐϐᾶν
3509 4322 3691 4376 Ἰωάν-

459 4405 587 4464 nem
617 4390 871 4457 Curtum,
901 4389 1034 4461 quid
1065 4399 1209 4446 esset
1237 4394 1558 4449 monachus.
1593 4394 1685 4452 Ille
1714 4396 1852 4451 dixit
1877 4417 1891 4452 :
1926 4398 2022 4456 Est

2150 4427 2224 4479 νην
2251 4409 2341 4463 τὸν
2366 4389 2606 4477 κολοϐὸν,
2651 4413 2704 4465 τί
2749 4413 2865 4466 ἐστι
2908 4389 3166 4482 μοναχός;
3213 4415 3271 4466 '0
3299 4413 3356 4466 δὲ
3391 4409 3546 4468 εἷπε·
3581 4415 3691 4468 Κό-

458 4483 632 4538 labor.
673 4482 808 4548 Quia
854 4484 1153 4539 monachus
1196 4486 1249 4539 in
1287 4486 1433 4557 omni
1472 4501 1636 4556 epere
1681 4487 1909 4545 laborat.
1945 4490 2026 4556 lta,

457 4586 541 4633 est
590 4579 916 4634 monachus.

524 4668 617 4726 38.
656 4668 1115 4726 Commemoravit
1155 4669 1258 4723 hoc
1303 4669 1470 4737 abbas
1513 4667 1749 4737 Joannes
1775 4671 2018 4730 Curtus:

455 4761 770 4830 Spiritualis
819 4762 1039 4833 quidam
1091 4776 1254 4817 senex
1302 4762 1522 4824 inclusit
1568 4778 1656 4831 se;
1708 4771 1930 4834 eratque
1961 4767 2018 4822 in

454 4853 676 4910 civitate
699 4853 951 4924 insignis,
977 4855 1172 4924 plenus
1202 4855 1374 4925 gloria
1404 4865 1458 4910 et
1501 4855 1680 4912 laude.
1713 4855 1852 4913 Huic
1879 4858 2023 4914 indi-

453 4949 635 4998 catum
687 4950 812 5005 est:
842 4944 1166 5000 Sanctorum
1214 4946 1411 5015 aliquis
1466 4945 1690 5012 dissolvi
1735 4963 1832 5004 seu
1879 4951 2025 5020 mori.

451 5031 651 5099 habet;
694 5034 858 5098 veni,
909 5036 1084 5089 saluta
1133 5053 1257 5091 eum
1304 5045 1601 5108 antequam,
1646 5039 1826 5102 obeat.
1875 5041 2018 5115 Ergo

452 5126 722 5192 reputavit
753 5126 895 5196 apud
922 5142 1014 5181 se:
1057 5127 1114 5182 Si
1141 5129 1208 5184 de
1235 5129 1322 5183 die
1353 5131 1558 5194 exiere,
1599 5143 1883 5191 accurrent
1914 5135 2016 5190 ho—

451 5217 648 5278 mines.
687 5219 964 5288 multaque
1002 5219 1131 5275 mihi
1165 5223 1267 5276 erit
1309 5222 1500 5292 gloria,
1536 5238 1637 5278 nec
1680 5224 1735 5278 in
1773 5225 1857 5280 his
1887 5241 2016 5281 con-

449 5309 694 5396 quiesco.
723 5309 876 5372 Unde
893 5327 1018 5372 sero
1038 5314 1139 5368 sub
1158 5315 1409 5372 tenebras
1431 5316 1611 5380 abibo,
1633 5317 1772 5373 clam
1799 5333 2018 5396 omnes.

2129 4519 2249 4565 πος.
2287 4503 2406 4555 Ὅτι
2434 4506 2462 4556 6
2493 4504 2722 4576 μοναχδς
2777 4507 2855 4566 εἰς
2903 4505 3010 4558 πᾶν
3044 4506 3213 4576 ἔργον
3241 4507 3423 4576 κοπιᾷ.
3449 4505 3636 4571 Οὕτως
3663 4509 3691 4559 6

2131 4595 2381 4666 μοναχὸς.
3074 4592 3077 4594 ’

2195 4686 2296 4758 λη’.
2325 4683 2493 4741 Εἶπεν
2521 4689 2551 4740 6
2575 4688 2748 4753 ἀϐϐᾶς
2787 4690 3040 4761 Ἰωάννης
3073 4691 3102 4743 6
3123 4687 3363 4752 κολοϐὸς,
3401 4688 3482 4742 δτι
3511 4689 3687 4762 γέρων

2122 4796 2207 4843 τις
2239 4781 2621 4851 πνευματικὸς,
2667 4782 2986 4837 ἀπέκλεισεν
3021 4783 3229 4848 ἑαυτὸν,
3264 4783 3358 4836 καὶ
3392 4776 3460 4852 ἦν
3498 4781 3688 4850 ἐπίση-

2127 4888 2226 4941 μος
2257 4873 2314 4925 ἐν
2340 4847 2407 4944 τῇ
2458 4873 2628 4936 πόλει,
2658 4875 2754 4928 καὶ
2784 4875 2941 4942 δόξαν
2986 4874 3185 4946 πολλὴν
3215 4875 3368 4944 ἔχων.
3416 4847 3721 4945 ζΕδηλὼθλη(

2121 4964 2178 5017 δὲ
2209 4963 2403 5036 τούτῳ,
2433 4963 2524 5035 ὅτι
2537 4967 2734 5022 Μέλλει
2766 4985 2850 5032 τις
2885 4967 2994 5022 τῶν
3011 4969 3180 5037 ἁγίων
3206 4967 3475 5031 ἀναλύειν,
3504 4966 3686 5037 δεῦρο,

2123 5053 2362 5108 άσπασαι
2411 5056 2572 5110 αὐτὸν
2623 5059 2750 5128 πρὶν
2803 5060 3060 5131 κοιμηθῇ.
3125 5061 3233 5113 Καὶ
3271 5057 3580 5130 ἐνεθυμήθη
3626 5059 3686 5113 ἐν

2121 5146 2317 5216 ἐαυτῷ,
2345 5149 2427 5201 ὅτι
2465 5149 2590 5202 Ἐὰν
2619 5149 2818 5214 ἐξέλθω
2855 5152 3085 5222 ἡμέρας,
3115 5151 3487 5222 ἐπιτρέχουσιν
3509 5151 3560 5203 οἱ
3593 5150 3683 5203 ἄν·

2121 5233 2346 5305 θρωποι,
2397 5237 2492 5291 καὶ
2524 5239 2690 5310 πολλή
2743 5257 2831 5310 μοι
2859 5221 2986 5307 δόξα
3023 5221 3251 5309 γίνεται,
3300 5241 3393 5292 καὶ
3425 5239 3525 5292 ούκ
3553 5239 3682 5290 ἀνα-

2118 5327 2359 5400 παύομαι
2412 5332 2492 5396 εἱς
2544 5330 2735 5389 ταῦτα.
2772 5333 3102 5406 Ἀπέρχομαι
3129 5329 3220 5388 οὖν
3245 5333 3342 5403 ὀψὲ
3365 5335 3431 5404 τῇ
3471 5333 3678 5406 σκοτία,

516 5492 565 5528 ³⁸
592 5490 680 5564 ΑΙ.
712 5492 924 5570 ἔλαϐες,
995 5497 1040 5528 ⁸⁸
1065 5497 1149 5550 Al.
1181 5497 1376 5569 ἀρχῆς.
1452 5499 1494 5530 ³⁷
1521 5500 1607 5555 Al.
1640 5503 1988 5582 crevaypé'w.

2150 5509 2208 5562 ll.
2240 5511 2316 5570 ἐν.
2395 5511 2440 5544 ³⁸
2463 5511 2546 5566 Al.
2582 5512 2704 5568 add.
2742 5514 2861 5585 e06.
2938 5514 2976 5562 ‘9
3008 5514 3074 5582 AI
3128 5514 3364 5600 ἡμέραν.

668 5670 773 5741 Vit,
810 5671 962 5738 Patr.
993 5689 1032 5744 ι,
1065 5677 1116 5730 8.
1144 5673 1364 5731 Doroth.
1396 5675 1572 5732 Doctr.
1609 5679 1692 5740 Η.
