3874 6336
189 334 304 392 21⁸1

1358 335 1966 395 APOPHTIIEGHATA
1995 337 2225 399 ΡΑΤιιι]
2233 341 2304 396 Μ.

3343 341 3454 398 Sis

185 455 281 508 καὶ
299 450 557 508 λανθάνω
577 451 806 515 πάντας.
837 451 966 522 Ὀψὲ
993 448 1088 506 οὖν
1105 451 1336 517 ἐξελθὼν
1363 455 1428 508 ὲκ
1455 453 1550 508 τοῦ
1565 455 1776 510 κελλίου

1882 455 2116 528 Vespere
2157 457 2326 528 igitur
2355 469 2618 527 egressus
2661 461 2744 512 est
2783 471 2816 512 e
2856 455 3013 525 cella,
3051 461 3110 511 ut
3154 457 3247 527 qui
3283 455 3454 517 latere

183 546 260 608 ὡς
289 543 468 598 θέλων
489 543 675 598 λαθεῖν
697 561 712 575 ·
738 543 834 597 καὶ
863 543 974 598 ίδοὺ
1013 545 1078 598 ἐκ
1105 542 1200 597 τοῦ
1229 543 1360 598 Θεοῦ
1390 545 1778 616 καταπέμπον-

185 652 274 690 ται
326 633 426 687 δύο
479 635 702 704 ἄγγελοι
761 635 901 706 μετά
952 634 1250 705 λαμπάδων
1271 675 1286 700 ,
1342 637 1776 708 παραφαίνοντες

187 725 340 794 αὺτῷ
360 741 376 756 ’
405 725 504 778 καὶ
529 725 714 790 λοιπὸν
742 727 893 778 πᾶσα
923 727 956 796 ή
981 725 1136 790 πόλις
1162 726 1473 798 κατέδραμε
1505 727 1776 796 βλέπουσα

187 817 284 886 τὴν
307 815 494 880 δόξαν.
537 817 648 870 Καὶ
678 817 803 869 ὅσον
847 815 992 882 ἔδοξε
1023 816 1244 886 φεύγειν
1277 817 1378 888 τὴν
1409 817 1587 882 δόξαν,
1615 817 1776 871 πλέον

189 905 480 977 ἐδοξάσθη.
526 907 614 960 Ἑν
670 906 880 970 τούτοις
923 907 1222 980 πληροῦται
1264 909 1327 962 τὸ
1359 911 1773 981 γεγραμμένον·

185 997 316 1060 Πᾶς
357 1001 392 1051 ὁ
424 995 726 1050 ταπεινῶν
751 999 990 1064 ἑαυτὸν,
1019 998 1428 1068 ὑψωθήσεται.

257 1087 360 1140 λθ’.
413 1087 644 1155 Ἔλεγεν
691 1089 721 1140 ὀ
777 1088 952 1150 ἀεὸἄς
991 1089 1240 1161 Ἰωάννης
1295 1093 1324 1144 ὁ
1381 1089 1632 1154 κολοϐός·
1698 1089 1776 1145 Οὐ

184 1175 412 1230 ᾶυνατὸν
456 1177 811 1247 οἰκοδομῆσαι
837 1179 930 1231 τὸν
959 1175 1106 1232 οἷκον
1139 1180 1342 1238 ἀνωθεν
1371 1179 1467 1232 ἐπὶ
1506 1181 1566 1234 τὸ
1601 1181 1774 1242 κάτω,

340 1272 408 1322 ἐκ
475 1271 572 1324 τοῦ
623 1269 872 1341 θεμελίου
916 1273 1008 1324 ἐπὶ
1034 1272 1098 1325 τὸ
1137 1271 1269 1326 ἄνω.
1304 1273 1564 1342 Λέγουσιν
1595 1271 1776 1343 αὐτῷ’

185 1361 282 1423 Τίς
321 1361 480 1412 ἐστιν
505 1363 536 1415 ὁ
565 1361 721 1430 λόγος
749 1355 934 1426 οὗτος;
961 1362 1125 1432 Λέγει
1165 1364 1380 1428 αὐτοῖς·
1419 1365 1480 1418 '0
1509 1362 1776 1431 θεμέλιος.

181 1451 212 1502 ὁ
259 1450 500 1522 πλησίον
544 1453 716 1519 ἐστὶν,
767 1453 854 1506 ἴνα
892 1454 1056 1509 αὐτὸν
1083 1454 1349 1528 κερδάνῃς
1372 1469 1388 1486 ·
1443 1457 1539 1509 καὶ
1573 1455 1780 1526 ὀφείλει

187 1543 412 1614 πρῶτον
449 1547 518 1601 ⁸³.
551 1546 646 1609 Εἰς
691 1545 852 1600 αὐτὸν
877 1546 987 1618 γὰρ
1028 1546 1334 1618 κρέμανται
1356 1548 1528 1602 πᾶσαι
1555 1547 1610 1601 αί
1641 1549 1782 1602 ἐντος-

186 1633 274 1688 λαὶ
300 1635 400 1689 τοῦ
427 1635 690 1708 Χριστοῦ.

259 1735 338 1798 μ’.
372 1729 608 1796 Ἔλεγον
662 1729 792 1800 περὶ
859 1728 954 1783 τοῦ
1009 1727 1154 1782 ἀϐϐἄ
1199 1728 1469 1792 Ἰωάννου,
1517 1729 1599 1782 ὅτι
1635 1729 1780 1793 τινὸς

1877 547 2070 614 vellet;
2113 555 2275 617 atque
2297 560 2426 602 ecce
2454 545 2628 616 angeli
2658 545 2768 600 duo
2796 560 2921 601 cum
2953 545 3296 616 lampadibus
3325 547 3454 602 mit-

1878 648 2072 694 tuntur
2102 655 2132 694 a
2167 638 2298 703 Deo,
2325 639 2508 693 lumen
2531 639 2580 694 ei
2611 638 2924 708 praebituri;
2957 647 3071 693 tum
3103 637 3298 694 deinde
3337 645 3450 696 tota

1877 730 2070 786 civitas
2113 731 2410 795 concurrit,
2463 737 2521 782 ut
2568 731 2774 784 videret
2824 731 3072 799 gloriam.
3129 729 3188 784 Et
3242 743 3452 802 quanto

1879 823 2104 892 gloriam
2145 822 2315 876 voluit
2344 821 2596 892 eﬂ'ugere,
2624 829 2772 875 tanto
2801 823 2972 892 magis
2995 830 3077 876 cst
3098 835 3450 879 consecutus.

1879 913 1936 968 In
1963 914 2050 968 his
2081 914 2407 984 adimpletur
2439 915 2582 984 quod
2611 915 2874 984 scriptum
2903 925 2983 969 est
3012 934 3024 970 :
3065 911 3250 971 Omnis
3277 919 3366 987 qui
3399 933 3453 972 se

1879 1005 2148 1067 hunn'lt'at,
2184 1005 2510 1060 excitabitur
2540 1005 2610 1057 “.

1949 1097 2036 1152 59.
2075 1095 2218 1149 Dixit
2251 1096 2422 1152 abbas
2447 1095 2686 1152 Joannes
2719 1096 2918 1154 (Iurtus
2939 1119 2951 1153 :
2976 1099 3093 1154 Non
3123 1107 3299 1169 potest
3320 1099 3452 1156 aedi-

1879 1184 2028 1240 ﬁcari
2077 1187 2275 1242 domus
2313 1202 2344 1240 a
2383 1203 2600 1243 sursum
2632 1189 2696 1243 ad
2731 1189 2992 1252 interius,
3047 1189 3138 1244 sed
3179 1206 3206 1244 a
3255 1191 3450 1245 funda-

1879 1283 2060 1338 mento
2093 1276 2160 1329 ad
2188 1277 2426 1332 culmen.
2459 1275 2672 1348 Rogant
2701 1295 2824 1334 eum
2849 1299 2860 1334 :
2886 1279 3027 1346 Quid
3059 1283 3160 1336 sibi
3202 1283 3316 1336 vult
3349 1285 3453 1342 iste

1879 1367 2095 1421 sermo?
2127 1367 2474 1439 Respondit:
2516 1369 2971 1435 Fundamentum,
3022 1374 3302 1444 proximus
3336 1385 3450 1442 est,

1877 1458 1954 1511 uti
1989 1473 2112 1512 eum
2155 1459 2418 1516 lucreris:
2471 1467 2632 1532 atque
2676 1462 2804 1516 hinc
2837 1463 3226 1533 incipiendum.
3278 1467 3360 1521 Ab
3390 1483 3454 1523 ea

1878 1552 2024 1606 enim
2062 1565 2122 1605 re
2149 1549 2387 1621 pendent
2415 1561 2612 1608 cuncta
2645 1551 2848 1610 Christi
2880 1566 3169 1628 praecepta.

1951 1727 2040 1781 40.
2082 1729 2453 1784 Memorabant
2487 1733 2553 1783 de
2583 1738 2780 1786 annale
2821 1745 3028 1788 Joanne
3066 1733 3211 1789 hunc
3243 1736 3296 1791 in
3341 1751 3457 1790 mo-

181 1821 462 1894 νεωτέρας
487 1819 844 1890 ἐτελεύτησαν
881 1820 930 1872 oi
962 1822 1156 1887 γονεῖς,
1211 1819 1306 1872 καὶ
1357 1818 1656 1889 ὑπελείφθη
1685 1818 1777 1890 ὀρ-

1882 1817 2007 1872 dum
2033 1817 2363 1888 :Cujusdam
2393 1821 2817 1878 adolescentulae
2853 1833 3102 1893 parentes
3133 1843 3163 1881 e
3195 1827 3328 1882 vivis
3361 1843 3454 1883 ex-

185 1913 332 1982 φανή
356 1927 372 1940 ·
401 1911 578 1981 ὄνομα
614 1911 670 1964 δὲ
692 1913 852 1982 αὐτῇ.
885 1911 1124 1982 Παησία.
1171 1910 1485 1979 Ἐλογίσατο
1508 1906 1602 1964 οὖν
1629 1911 1778 1983 ποιῆ-

185 2025 272 2060 σαι
301 2007 399 2060 τὸν
440 2003 592 2061 οἷκον
630 2007 804 2076 αὐτῆς
839 2007 1177 2078 ξενοδοχεῶν,
1219 2007 1297 2070 είς
1338 2007 1495 2076 λόγον
1524 2007 1633 2060 τῶν
1663 2007 1778 2060 Πα-

179 2097 361 2166 τέρων
383 2097 488 2166 τῆς
515 2096 790 2166 Σκήτεως.
819 2095 1074 2166 Ἔμεινεν
1113 2093 1204 2150 οὖν
1235 2096 1406 2161 οὕτως
1432 2095 1777 2168 ξενοδοχΟὖσα

181 2188 274 2239 ἐπὶ
309 2187 508 2258 χρόνον
547 2187 751 2254 ἱκανὸν,
792 2187 886 2240 καὶ
921 2187 1299 2259 θεραπεύουσα
1340 2191 1466 2253 τοὺς
1499 2189 1772 2261 Πατέρας.

183 2279 344 2332 Μετά
397 2280 458 2331 δὲ
487 2279 697 2350 χρόνον,
743 2279 818 2342 ὼς
851 2279 1102 2351 ἀνηλώθη
1135 2282 1202 2334 τὰ
1237 2281 1558 2352 πράγματα,
1601 2281 1776 2352 ἀρχὴν

183 2372 454 2441 ἐποίησεν
499 2370 861 2440 ὑστερεῖσθαι.
901 2371 1301 2442 Ἐκολλήθησαν
1347 2368 1441 2426 οὖν
1491 2372 1629 2444 αὐτῇ
1660 2372 1778 2424 διὰ-

185 2478 412 2532 στροφοι
451 2461 763 2532 ἄνθρωποι,
813 2461 908 2514 καὶ
957 2461 1297 2532 μετέστησαν
1335 2462 1504 2534 αὐτὴν
1541 2463 1649 2515 ἀπὸ
1679 2459 1774 2514 τοῦ

181 2554 398 2608 σκοποῦ
431 2553 526 2606 τοῦ
555 2551 762 2622 ἀγαθοῦ
799 2570 813 2584 ο
863 2553 958 2606 καὶ
988 2553 1174 2606 λοιπὸν
1215 2553 1415 2626 ἤρξατο
1447 2553 1652 2622 διάγειν
1675 2571 1777 2606 κα-

183 2647 320 2711 κῶς,
343 2647 490 2700 ὥστε
519 2647 724 2714 φθάσαι
753 2645 925 2716 αὐτὴν
963 2648 1042 2709 εἰς
1075 2646 1137 2699 τὸ
1155 2646 1458 2717 πορνεύειν.
1499 2647 1776 2700 ’Ἤκουσαν

179 2739 236 2794 δὲ
263 2741 316 2792 οἱ
349 2739 621 2810 Πατέρες,
651 2739 746 2792 καὶ
775 2740 917 2792 πάνυ
946 2737 1316 2812 ἐλυπήθησαν,
1350 2739 1444 2791 καὶ
1476 2737 1778 2808 προσκαλε-

183 2833 416 2902 σάμενοι
472 2833 566 2883 τὸν
624 2831 798 2884 ἁ66ᾶν
830 2829 1082 2901 Ἰωάννην
1114 2830 1202 2888 τὸν
1235 2829 1472 2892 κολοϐὸν,
1531 2830 1776 2900 λέγουσιν

181 2921 332 2993 αὐτῷ
356 2923 467 2986 ὅτι,
503 2921 845 2992 Ἢκούσαμεν
878 2923 1004 2993 περὶ
1036 2923 1133 2992 τῆς
1163 2922 1397 2994 ἀδελφῆς
1431 2922 1666 2994 ἐκείνης.
1693 2923 1774 2976 ὅτι

181 3018 364 3084 διάγει
389 3016 582 3080 κακῶς
613 3017 707 3068 καὶ
738 3015 876 3086 αὐτὴ
905 3017 991 3069 ὅτε
1025 3016 1275 3086 ἠδύνατο,
1298 3017 1396 3087 τὴν
1432 3017 1651 3086 ἀγάπην
1677 3017 1778 3069 αύ-

179 3113 282 3180 τῆς
307 3111 390 3172 είς
419 3110 572 3180 εί]μῄ
597 3109 897 3174 ἐνεδείξατο
916 3126 930 3139 ·
957 3110 1050 3162 καὶ
1073 3109 1166 3162 νῦν
1187 3110 1346 3180 ἡμεῖς
1379 3109 1776 3181 ὲπιδειξώμεθα

183 3205 264 3265 εἰς
296 3202 476 3272 αὐτὴν
511 3199 612 3270 τὴν
639 3202 882 3272 ἀγάπην,
909 3202 1004 3254 καὶ
1039 3201 1394 3273 βοηθήσωμεν
1419 3205 1572 3274 αὐτῇ.
1605 3203 1776 3257 Σκύλ-

185 3295 308 3364 θητι
339 3289 438 3346 οὖν
475 3293 612 3364 πρὸς
631 3293 800 3361 αὐτήν
825 3311 839 3325 ·
869 3295 962 3347 καὶ
992 3294 1132 3347 κατὰ
1155 3295 1256 3365 τὴν
1286 3295 1478 3364 σοφίαν
1511 3299 1576 3366 ἣν
1610 3295 1776 3349 ἔδωκέ

185 3405 269 3439 σοι
309 3389 341 3440 ὁ
387 3385 548 3448 Θεὸς,
587 3385 942 3457 οίκονόμησον
999 3385 1060 3439 τὰ
1085 3388 1205 3440 κατ’
1235 3387 1426 3456 αὐτήν.
1459 3383 1661 3440 Ἦλθεν
1686 3384 1778 3440 οὖν

184 3481 214 3530 ὁ
249 3477 433 3539 ἀϐϐἄς
468 3475 722 3546 Ἰωάννης
771 3477 908 3547 πρὸς
945 3476 1134 3546 αὐτὴν,
1171 3478 1264 3530 καὶ
1305 3477 1453 3546 λέγει
1485 3481 1550 3549 τῇ
1598 3479 1778 3549 γραῒδι

185 3573 252 3642 τῆ
281 3569 522 3640 θυρωρῷ
547 3584 562 3598 ·
597 3568 851 3638 Μήνυσόν
895 3586 962 3639 με
1006 3570 1142 3640 πρὸς
1168 3569 1268 3640 τὴν
1326 3569 1521 3642 κυρίαν
1554 3587 1666 3624 σου.
1711 3571 1779 3623 Ἡ

185 3661 244 3714 δὲ
303 3657 678 3728 ἀπεπέμψατο
724 3659 886 3713 αὐτὸν
939 3659 1207 3728 λέγουσα’
1249 3661 1438 3732 Ὑμεῖς
1491 3661 1549 3728 ἐξ
1607 3663 1780 3733 ἀρχῆς

185 3753 534 3821 κατεφάγετε
573 3749 643 3803 τὰ
671 3752 860 3819 αὐτῆς,
887 3752 980 3806 καὶ
1005 3751 1098 3822 ἥδε
1127 3752 1173 3784 ⁸³
1202 3755 1388 3823 πτωχὴ
1427 3755 1568 3806 ἐστι.
1613 3755 1778 3822 Λέγει

186 3845 324 3914 αὐτῇ
351 3845 382 3896 ὀ
417 3841 595 3904 ἀεὸᾶς
638 3843 891 3911 Ἰωάννης
913 3859 928 3878 ο
973 3843 1105 3896 Εἰπὲ
1140 3843 1300 3914 αὐτῇ.
1345 3843 1490 3897 "tivo
1517 3845 1624 3916 γὰρ
1671 3845 1778 3913 ἔχω

187 3935 356 4005 αὐτὴν
407 3932 718 4002 ὠφελῆσαι.
762 3935 823 3985 0i
851 3933 908 3986 δὲ
941 3925 1128 3996 παῖδες
1157 3935 1326 4004 αὐτῆς
1359 3935 1778 4004 ὑπομειδιῶντες

184 4027 444 4096 λέγουσιν
473 4026 624 4098 αὐτῷ
649 4043 662 4056 ·
697 4027 762 4078 Τί
792 4027 901 4098 γὰρ
929 4027 1074 4097 ἔχεις
1097 4027 1278 4081 δοῦναι
1303 4029 1461 4100 αὐτῇ,
1496 4029 1575 4082 ὅτι
1605 4028 1778 4094 θέλεις

185 4121 322 4190 αὐτῇ
359 4121 682 4188 συντυχεῖν;
717 4118 776 4172 '0
820 4120 876 4174 δὲ
926 4119 1197 4192 ἀπεκρίθη
1247 4119 1455 4189 λέγων·
1481 4121 1780 4194 Πύθενγὰρ

185 4212 362 4266 οίόατε
397 4208 454 4276 τί
487 4210 670 4281 μέλλω
699 4212 836 4282 αὐτῇ
887 4215 1220 4281 παρασχείν;
1259 4211 1581 4264 Ἀνελθοῦσα
1614 4208 1706 4265 οὖν
1743 4215 1774 4283 ή

186 4300 386 4372 γραῦς,
453 4295 612 4353 εἶπεν
660 4303 798 4372 αὐτῇ
839 4301 968 4370 περὶ
1009 4299 1195 4354 αὐτοῦ.
1235 4303 1344 4355 Καὶ
1390 4301 1537 4370 λέγει
1567 4303 1704 4373 αὐτῇ
1742 4305 1774 4374 ἡ

187 4393 436 4462 νεωτέρα
465 4406 480 4421 ·
515 4381 679 4442 Οὗτοι
713 4392 762 4443 οἱ
789 4393 1012 4461 μοναχοὶ
1049 4392 1468 4447 ἀεὶοδιακινοῢσι
1507 4396 1660 4464 παρὰ
1681 4394 1779 4464 τὴν

199 4483 474 4556 Ἐρυθρὰν
541 4481 852 4544 θάλασσαν,
899 4483 989 4536 καὶ
1045 4484 1358 4554 εὑρίσκουσι
1412 4486 1772 4556 μαργαρίτας.

186 4577 536 4646 Κοσμήσασα
595 4569 688 4626 οὖν
759 4573 957 4644 ἑαυτὴν
1006 4573 1174 4642 λέγει,
1207 4575 1444 4647 Θέλησον
1493 4577 1778 4647 ἀνενέγκαι

191 4670 324 4738 πρὸς
353 4669 448 4738 μέ.
494 4667 586 4730 Ὠς
619 4663 712 4720 οὖν
765 4667 986 4738 ἀνῆλθε,
1019 4667 1361 4738 προλαϐοῦσα
1393 4668 1660 4740 ὲκαθέσθη
1701 4672 1781 4734 εἰς

189 4761 284 4830 τὴν
313 4760 534 4828 κλίνην.
591 4757 790 4812 Ἐλθὼν
836 4759 1146 4823 δὲὸἁϐϐἄς
1193 4759 1463 4830 Ἰωάννης,
1510 4761 1780 4834 ἐκαθέσθη

191 4853 354 4920 ἐγγὺς
388 4852 588 4921 αὐτῆς.
645 4851 902 4922 Προσχὼν
941 4851 996 4908 δὲ
1029 4853 1106 4914 εἰς
1138 4852 1199 4904 τὸ
1254 4853 1544 4925 πρόσωπον
1589 4855 1778 4922 αὐτῆς,

191 4944 338 5011 λέγει
369 4944 514 5012 αὐτῇ
541 4959 556 4974 ·
581 4943 648 4994 Τί
691 4943 969 5012 κατέγνως
1010 4943 1101 4996 τοῦ
1149 4943 1348 5015 Ἰησοῦ,
1388 4946 1467 4998 ὅτι
1515 4948 1592 5008 είς
1624 4945 1782 4999 τοῦτο

193 5031 386 5106 ἦλθες
419 5034 728 5088 Ἀκούσασα
755 5035 834 5097 δὲ,
863 5036 1124 5104 ἀπεπάγη
1153 5037 1268 5107 ὅλη.
1285 5038 1395 5089 Καὶ
1417 5036 1603 5102 κλίνας
1628 5038 1777 5091 κάτω

195 5129 290 5198 τὴν
315 5127 570 5196 κεφαλὴν
587 5126 752 5178 αὐτοῦ
775 5128 804 5179 ὁ
837 5126 1010 5189 assa;
1049 5127 1322 5198 Ἰωάννης,
1352 5127 1554 5199 ἤρξατο
1575 5129 1778 5182 κλαίειν

201 5219 464 5288 σφοδρῶς.
501 5217 666 5284 Λέγει
697 5217 846 5287 αὐτῷ
875 5217 1011 5289 αὐτή
1037 5235 1051 5248 ·
1097 5217 1286 5282 Ἀϐδᾶ,
1323 5219 1374 5272 τί
1401 5219 1606 5283 κλαίεις
1633 5237 1648 5284 ;
1695 5220 1782 5284 Ὦς

197 5309 252 5362 δὲ
275 5309 560 5370 ἀνένευσε,
592 5307 754 5362 πάλιν
807 5307 1016 5370 έκλινεν
1045 5307 1232 5362 ἑαυτὸν
1267 5307 1488 5372 κλαίων,
1525 5311 1619 5362 καὶ
1639 5309 1784 5378 λέγει

199 5401 354 5470 αὐτῇ·
389 5397 586 5450 Βλέπω
619 5400 699 5452 ὅτι
726 5401 754 5452 ὁ
785 5399 1029 5462 Σατανᾶς
1057 5398 1237 5462 παίζει
1267 5399 1348 5462 εἰς
1389 5399 1488 5470 τὴν
1515 5399 1636 5470 ὄψιν
1665 5377 1783 5464 σού,

202 5493 292 5544 καὶ
321 5493 384 5544 οὐ
437 5490 516 5562 μὴ
547 5491 798 5556 κλαύσω;
845 5491 1149 5545 ’Λκούσασα
1178 5491 1234 5544 δὲ
1269 5491 1417 5560 λέγει
1451 5493 1600 5564 αὐτῷ
1624 5511 1637 5524 ·
1666 5495 1786 5547 "Evt.

211 5585 482 5652 μετάνοια,
512 5583 688 5660 ἀ66ᾶ;
715 5584 862 5654 λέγει
884 5587 1022 5658 αὐτῇ
1043 5604 1056 5618 ·
1081 5586 1208 5642 Ναί.
1241 5587 1404 5658 Λέγει
1423 5586 1572 5660 αὐτῷ
1592 5603 1607 5618 ·
1637 5585 1788 5642 Λάϐε

273 5761 318 5797 δ’
349 5761 484 5820 Luc.
518 5779 630 5830 xiv,
659 5763 744 5822 ll.
820 5766 866 5798 δ’
901 5765 994 5820 Al:
1019 5765 1219 5836 ὠφελεί
1246 5765 1482 5838 πρῶτος.

1876 1920 2202 1976 cesserunt;
2235 1913 2534 1982 relictaque
2557 1923 2642 1970 est
2664 1916 2899 1986 pupilla;
2935 1933 3126 1972 nomen
3162 1919 3210 1972 ei
3245 1919 3452 1977 Paesia.

1878 1999 2002 2056 llaec
2031 2003 2316 2058 constituit
2343 2018 2373 2058 e
2401 2006 2564 2060 domo
2593 2021 2694 2062 sua
2733 2007 2912 2062 facere
2939 2008 3354 2076 xenodocbium,
3387 2013 3454 2068 ad

1879 2107 2038 2148 usum
2083 2091 2308 2148 Patrum
2339 2093 2584 2151 Sceleos.
2631 2096 2724 2152 Sic
2772 2099 2954 2168 itaque
2983 2099 3073 2154 diu
3121 2103 3454 2170 permansit,

1877 2183 2116 2254 hospitio
2159 2185 2466 2254 suscipiens
2501 2199 2555 2242 et
2599 2187 2790 2245 fovens
2829 2188 3039 2246 Patres.
3089 2190 3280 2246 Postea
3323 2208 3456 2248 con-

1877 2279 2112 2348 sumptis
2142 2277 2513 2346 facultatibus,
2549 2283 2714 2350 cmpit
2739 2297 2917 2352 egere.
2956 2283 3212 2350 Adjuncti
3245 2299 3372 2356 ergo
3403 2285 3452 2340 ei
3551 2277 3558 2284 ’

1877 2375 2006 2422 sunt
2038 2368 2278 2438 perversi
2319 2369 2586 2434 homines,
2631 2370 2724 2440 qui
2762 2385 2882 2424 eam
2925 2386 2956 2425 a
2991 2373 3137 2426 bono
3173 2375 3454 2444 proposito

1877 2467 2222 2516 averterunt:
2251 2461 2484 2531 indeque
2516 2463 2682 2532 cmpit
2719 2477 2882 2534 prave
2913 2477 3090 2531 agere,
3126 2465 3262 2520 adeo
3293 2474 3352 2519 ut
3385 2466 3452 2522 ad

1877 2551 2260 2606 fornicandum
2279 2555 2602 2621 perveniret.
2637 2554 2755 2620 Quo
2779 2553 2988 2618 audito,
3022 2553 3212 2612 Patres
3241 2573 3454 2614 summa

1877 2641 2052 2698 all‘ecti
2086 2653 2212 2698 sunt
2249 2644 2494 2700 tristitia.
2532 2644 2598 2698 Et
2629 2647 2961 2700 advocantes
3001 2647 3248 2704 abbatem
3291 2647 3456 2704 Joan-

1875 2752 1998 2792 nem
2029 2735 2280 2800 Curtum,
2317 2737 2508 2791 dicunt
2543 2738 2632 2792 ei:
2667 2736 2742 2792 De
2781 2753 2968 2794 sorore
3002 2739 3092 2794 illa
3120 2743 3453 2810 accepimus,

1875 2829 2019 2884 male
2039 2843 2160 2883 eam
2201 2829 2414 2894 vivere;
2451 2830 2540 2883 illa
2575 2845 2704 2884 vero
2737 2845 2864 2884 cum
2893 2835 3091 2900 potuit,
3125 2833 3450 2888 charitatem

1877 2933 2032 2972 suam
2068 2933 2194 2988 erga
2243 2933 2343 2973 nos
2382 2919 2660 2983 exercuit;
2711 2934 2860 2974 nunc
2900 2921 3142 2976 vicissim
3190 2937 3288 2978 nos
3327 2937 3456 2994 erga

1877 3011 2023 3066 illam
2070 3010 2424 3066 ostendamus
2455 3012 2800 3078 cliaritatem,
2840 3013 3210 3068 succurrendo
3242 3018 3311 3070 ei.
3351 3015 3456 3069 Ita-

1877 3117 1980 3170 que
2001 3101 2056 3155 id
2079 3101 2278 3156 laboris
2309 3103 2548 3172 suscipe,
2577 3111 2634 3156 ut
2662 3102 2726 3156 ad
2753 3103 2897 3156 illam
2929 3105 3192 3161 accedas:
3217 3115 3270 3161 et
3291 3106 3450 3178 juxta

1879 3193 2200 3264 sapientiam
2241 3209 2403 3263 quam
2449 3195 2547 3248 tibi
2595 3193 2742 3249 dedit
2781 3193 2956 3259 Deus,
3005 3197 3072 3252 de
3113 3213 3171 3252 re
3207 3199 3454 3266 dispone.

1877 3285 2034 3340 Venit
2078 3286 2245 3340 abbas
2287 3286 2528 3342 Joannes
2567 3287 2632 3341 ad
2680 3287 2889 3356 ipsam,
2933 3287 3178 3360 dicitque
3229 3293 3460 3348 aniculae

1873 3378 2118 3448 janitrici
2148 3397 2160 3432 :
2197 3379 2376 3433 indica
2421 3379 2658 3434 dominre
2693 3388 2800 3434 tuae
2836 3397 2920 3436 me
2953 3381 3040 3435 hic
3070 3398 3212 3439 esse.
3241 3385 3332 3439 Illa
3372 3402 3460 3442 re-

1877 3469 2028 3524 misit
2067 3483 2216 3534 eum,
2253 3471 2477 3528 dicens:
2511 3469 2620 3524 Vos
2667 3471 2734 3524 ab
2779 3471 2936 3526 initio
2977 3473 3118 3528 bona
3151 3476 3296 3531 illius
3329 3492 3461 3531 con-

1879 3562 2229 3632 sumpsistis,
2279 3563 2390 3631 jam
2455 3563 2614 3633 inops
2667 3573 2769 3616 est.
2815 3564 2902 3618 Ait
2956 3567 3124 3622 abbas
3173 3565 3454 3624 Joannes:

1880 3649 2134 3720 Signilica
2160 3653 2228 3706 (3i.
2263 3651 2514 3721 Magnum
2543 3651 2687 3706 enim
2725 3653 2826 3721 η)ςὶ
2859 3664 3087 3724 apporto
3117 3658 3458 3710 θηιυιυηιρῃ-

1877 3751 2012 3798 tum.
2040 3743 2176 3797 Tum
2202 3743 2386 3797 famuli
2409 3745 2528 3812 ejus
2556 3742 2902 3798 subridentes
2927 3747 3262 3817 interrogant
3283 3768 3294 3802 :
3316 3748 3458 3813 Quid

1878 3836 2024 3890 enim
2067 3837 2168 3906 ipsi
2219 3837 2448 3892 daturus
2480 3852 2560 3896 es.
2593 3837 2738 3906 quod
2779 3837 2862 3890 vis
2907 3852 3028 3889 cum
3081 3853 3143 3891 ea
3180 3839 3462 3908 colloqui?

1877 3928 2179 4000 Respondit
2206 3947 2220 3982 :
2245 3928 2395 3984 Unde
2417 3928 2571 3982 scitis
2589 3928 2714 3997 quid
2741 3929 3066 3998 praebiturus
3086 3929 3222 3982 sint?
3251 3930 3459 3985 Ascen-

1877 4020 2012 4074 dens
2075 4021 2238 4090 igitur
2279 4034 2436 4080 anus,
2499 4021 2767 4078 nuntiavit
2821 4021 3051 4074 dominae
3098 4021 3164 4076 de
3226 4021 3456 4081 Joanne.

1879 4107 2020 4163 Dicit
2042 4109 2118 4161 illi
2159 4109 2372 4178 puella:
2405 4107 2467 4161 Hi
2492 4111 2740 4162 monachi
2769 4111 2835 4163 ad
2869 4123 3016 4163 mare
3049 4111 3291 4164 Rubrum
3326 4127 3461 4165 con-

1879 4203 2034 4258 tinuo
2069 4203 2347 4266 incedunt,
2378 4217 2442 4256 ac
2483 4203 2766 4256 inveniunt
2801 4204 3138 4273 margaritas.
3181 4203 3308 4258 Inde
3335 4220 3459 4258 cum

1881 4295 2114 4364 seipsam
2156 4305 2476 4350 exornnzsset
2514 4293 2688 4362 :Fac,
2733 4295 2929 4366 inquit,
2977 4295 3248 4350 hmninem
3279 4298 3344 4348 ad
3378 4313 3462 4350 uie

1882 4385 2140 4442 adducas.
2169 4385 2344 4457 thue
2362 4388 2628 4444 ascendit.
2659 4388 2996 4456 praeveniens
3022 4387 3110 4440 illa
3137 4403 3194 4441 se
3217 4391 3274 4441 ‘it
3299 4403 3464 4457 super

1881 4477 2100 4531 lectum.
2135 4476 2197 4530 Et
2229 4479 2495 4532 accedens
2527 4478 2694 4531 abbas
2727 4475 2965 4532 Joannes
2999 4477 3154 4545 juxta
3192 4477 3338 4529 illam
3372 4492 3464 4529 as-

1882 4575 2057 4634 sedit;
2107 4573 2507 4642 intendensquc
2559 4573 2610 4626 in
2661 4574 2866 4624 vultum
2919 4571 3074 4639 ejus,
3124 4571 3198 4624 ita
3247 4571 3462 4625 loculus

1883 4677 1968 4724 est
1993 4687 2004 4721 :
2032 4667 2169 4734 Quid
2203 4668 2254 4720 in
2282 4665 2410 4720 Jesu
2454 4664 2958 4734 reprehendendum
2995 4661 3270 4726 invenisti,
3305 4669 3364 4714 ut
3395 4660 3462 4714 ad

1884 4760 2030 4814 hunc
2065 4759 2389 4829 prot'edercs
2423 4757 2663 4810 statum?
2690 4753 2808 4820 Quo
2851 4754 3056 4816 audito,
3095 4760 3204 4805 tota
3237 4768 3465 4806 concre-

1883 4849 1982 4904 vit.
2034 4849 2216 4904 Abbas
2270 4845 2397 4904 vero
2444 4845 2683 4900 Joannes
2731 4845 2993 4899 inclinato
3042 4845 3241 4916 capite,
3299 4846 3465 4915 ιωρίι

1885 4941 2234 4996 vehementer
2272 4940 2420 4996 ﬂere.
2469 4941 2607 4994 Tum
2640 4941 2688 4992 ci
2733 4939 2860 4992 illa:
2909 4937 3092 5001 Abba,
3131 4954 3298 5008 quare
3331 4939 3468 4995 ﬂes?

1881 5033 1976 5090 llle
2015 5035 2281 5101 suspexit,
2325 5034 2632 5102 iterumque
2679 5031 2961 5086 inclinavit
2999 5045 3079 5090 se.
3123 5031 3369 5102 plorans,
3401 5045 3465 5086 ac

1885 5127 2064 5182 dixit:
2098 5124 2263 5178 Video
2313 5125 2570 5178 Satanam
2625 5122 2896 5177 ludentem
2958 5122 3011 5176 in
3071 5123 3220 5176 vultu
3266 5133 3380 5188 tuo,
3411 5129 3467 5178 et

1885 5233 1998 5274 non
2039 5215 2306 5272 deﬂeam?
2337 5216 2579 5270 Audiens
2623 5215 2736 5277 illa,
2791 5213 2991 5280 Estne,
3043 5215 3240 5283 inquit,
3287 5215 3460 5280 abba,

1887 5309 2222 5381 poenitentia:
2255 5309 2446 5362 locus?
2475 5305 2776 5378 Respondit
2801 5325 2814 5360 :
2843 5305 3036 5360 Etiam.
3077 5305 3167 5360 Illa
3193 5307 3260 5361 ad
3299 5321 3420 5360 eum
3447 5323 3462 5360 :

1888 5399 2004 5456 Duc
2059 5416 2146 5454 me
2187 5415 2520 5470 quocunque
2566 5401 2806 5455 libuerit.
2868 5399 3092 5454 Abbas:
3121 5398 3340 5453 Eatnus.
3403 5397 3468 5453 Et

1888 5495 2130 5550 surrexit
2161 5503 2218 5548 ut
2239 5505 2563 5564 sequeretur
2593 5510 2736 5551 eum.
2774 5493 2946 5549 Porro
2973 5493 3204 5548 advertit
3227 5489 3468 5547 Joannes

1889 5589 2035 5661 quod
2077 5589 2210 5644 nihil
2263 5588 2332 5645 de
2383 5589 2548 5645 domo
2600 5603 2699 5644 sua
2752 5587 3071 5644 mandasset
3127 5596 3219 5641 aut
3278 5585 3468 5644 fuisset

1585 5767 1628 5800 "
1657 5764 1744 5822 Al.
1781 5765 1881 5820 τδε.
