3874 6308
395 302 508 360 219

1518 305 1862 363 APPENDIX
1892 307 1984 363 AD
2022 306 2441 365 PALLADIUM'.

3536 301 3650 357 2'20

398 415 603 481 locuta,
649 422 703 471 et
747 415 1050 472 admiratus
1081 423 1185 471 est.
1229 414 1302 471 Ut
1330 431 1461 487 ergo
1500 428 1866 487 pervenerunt
1904 421 1971 474 ad

2095 439 2142 474 ιε
2161 422 2292 474 ὅπου
2315 420 2508 482 θέλεις.
2527 418 2687 484 Λέγει
2705 417 2864 488 αὐτῇ·
2889 418 3160 486 Ἄγωμεν.
3180 417 3286 470 Καὶ
3303 415 3499 488 ἀνέστη
3517 417 3653 470 ἁκο-

399 506 775 572 solitudinem,
799 507 1194 577 advesperavit.
1226 506 1376 561 Fecit
1394 510 1443 562 ei
1467 525 1532 563 ex
1554 525 1717 565 arena
1737 513 1969 566 cervical

396 611 664 668 parvum;
717 601 1004 668 crueisque
1048 600 1204 669 signo
1251 614 1416 669 super
1455 601 1601 654 illam
1647 601 1808 666 facto,
1850 605 1965 658 ait:

401 686 500 742 Hic
529 689 724 742 dormi.
752 687 998 758 Cumque
1025 688 1129 742 sibi
1164 690 1368 758 pariter
1393 689 1460 742 ad
1496 691 1770 744 modicum
1800 693 1970 747 inter-

399 781 603 835 vallum
645 779 882 847 fecisset,
911 789 1075 849 atque
1104 780 1434 834 absolvisset
1467 797 1654 851 preces
1697 798 1847 846 suas,
1881 799 1969 838 re-

401 871 608 927 cubuit.
648 870 807 924 Circa
852 870 1082 924 mediam
1115 887 1245 925 vero
1275 881 1486 927 noctem
1525 873 1969 943 expergefactus,

400 963 549 1016 videt
604 963 838 1015 lucidam
892 964 1036 1016 viam
1075 980 1196 1032 qua:
1234 979 1264 1016 a
1306 965 1444 1018 emlo
1475 965 1539 1017 ad
1585 967 1752 1033 ipsam
1802 981 1975 1034 usque

401 1051 716 1120 prostabat:
745 1051 976 1106 intuitus
1006 1068 1224 1122 quoque
1255 1062 1336 1108 est
1357 1054 1576 1122 angelos
1613 1054 1704 1107 Dei
1735 1056 1972 1108 animam

401 1140 596 1208 puella:
627 1141 1000 1196 sustollentes.
1029 1139 1272 1211 Surgens
1293 1158 1422 1213 ergo
1448 1151 1502 1198 et
1532 1143 1830 1213 profectus,
1856 1144 1980 1214 pul-

402 1232 543 1286 savit
584 1247 702 1287 eam
745 1235 898 1303 pede.
950 1235 1050 1289 Ubi
1089 1252 1218 1290 vero
1250 1244 1519 1289 mortuam
1563 1238 1803 1306 agnovit,
1851 1253 1978 1306 pro—

403 1324 593 1378 cubuit
624 1325 678 1378 in
708 1325 921 1392 faciem,
959 1343 1126 1382 orans
1158 1329 1348 1384 Deum.
1383 1329 1539 1383 Tunc
1570 1329 1799 1392 audivit,
1831 1331 1979 1400 quod

403 1428 514 1468 una
547 1415 678 1470 hora
703 1417 1035 1487 poenitentia:
1063 1421 1182 1488 ejus
1207 1420 1426 1489 praelata
1453 1420 1616 1474 luerit
1647 1422 1982 1490 pwnitentia:

403 1506 700 1560 multorum
737 1507 828 1560 diu
861 1509 1077 1577 quidem
1115 1511 1578 1578 perseverantium
1619 1511 1672 1563 in
1709 1511 1978 1580 pmniten-

405 1594 502 1660 tia,
535 1595 629 1649 sed
659 1610 767 1649 non
796 1604 1006 1650 tantum
1039 1599 1290 1652 ardorem
1320 1599 1751 1655 ostendentium.

2075 511 2334 580 λουθῆσαι
2349 510 2518 580 αὐτῷ.
2540 510 2812 580 Προσέσχε
2828 510 2884 562 δὲ
2906 511 2934 560 ὁ
2947 509 3117 572 ἀδϐᾶς
3132 509 3378 579 Ἰωάννης
3389 511 3472 562 ὅτι
3495 510 3662 562 οὐδὲν·

2074 602 2351 666 διετάξατο
2372 601 2404 671 ἤ
2423 601 2648 671 ἐλάλησε
2666 601 2902 672 περὶτοῦ
2919 603 3066 653 οἴκου
3094 600 3281 670 αὐτῆς,
3299 601 3390 652 καὶ
3408 601 3649 670 ἐθαύμιτ.⁴

2077 708 2188 743 σεν.
2206 693 2291 754 Ὠς
2316 687 2411 744 οὖν
2436 691 2674 759 ἔφθασαν
2712 693 2788 753 είς
2807 691 2904 761 τὴν
2927 690 3147 760 ἔρημον,
3173 690 3388 760 βράδιον
3406 691 3646 758 ἐγένετο.

2074 782 2184 834 Kal.
2196 783 2423 850 ποιήσας
2437 783 2499 834 ἐκ
2510 781 2607 849 τῆς
2633 782 2816 851 ἄμμου
2841 781 3032 851 μικρὸν
3050 783 3400 850 προσκὲιραλα
3424 784 3536 854 (ll)
3561 785 3651 838 αύ-

2075 873 2192 942 τῆς,
2214 873 2308 924 καὶ
2321 873 2779 943 σφραγισάμενος,
2826 871 2972 939 λέγει
3003 872 3134 942 αὐτῇ
3154 889 3166 902 ·
3192 874 3538 944 Καθεύδησον
3565 877 3650 927 ὲν-

2076 963 2270 1016 ταῦθα.
2289 965 2522 1035 Ποιήσας
2537 965 2594 1016 δέ
2618 965 2714 1016 καὶ
2733 964 2906 1034 ἐαυτῷ
2924 966 3032 1017 ἀπὸ
3049 966 3239 1036 μικροῦ
3261 967 3647 1038 διαστήματος,

2079 1055 2171 1106 καὶ
2198 1054 2487 1125 πληρώσας
2515 1056 2612 1118 τὰς
2635 1057 2798 1125 εὐχὰς
2818 1056 3004 1116 αὑτοῦ,
3046 1057 3319 1127 ἀνεκλίθη.
3349 1060 3484 1130 Περὶ
3513 1060 3568 1113 δὲ
3593 1061 3651 1114 τὸ
3717 1092 3719 1094 -

2083 1143 2431 1212 μεσονύκτιον
2475 1143 2824 1206 διῡπνισθεὶς,
2859 1144 3042 1214 βλέπει
3085 1147 3202 1199 ὁδόν
3232 1165 3352 1200 τινα
3382 1151 3653 1220 φωτεινὴν

2082 1234 2189 1286 ἀπὸ
2216 1233 2308 1286 τοῦ
2336 1233 2565 1306 ούρανοῦ
2601 1235 2705 1298 ἕως
2749 1236 2918 1304 αὐτῆς
2951 1237 3350 1308 ἐστηριγμένην
3369 1255 3386 1270 ο
3425 1241 3518 1292 καὶ
3546 1236 3650 1293 εἶδε

2080 1327 2205 1389 τοὺς
2236 1325 2498 1393 ἀγγέλους
2543 1326 2638 1379 τοῦ
2665 1327 2800 1379 Θεοῦ
2831 1329 3202 1399 ἀναφέροντας
3223 1330 3318 1400 τὴν
3345 1330 3522 1401 ψυχὴν
3557 1333 3654 1384 αὑ-

2079 1419 2198 1488 τῆς.
2238 1419 2497 1479 Ἀναστὰς
2548 1417 2640 1473 οὖν
2687 1421 2782 1474 καὶ
2837 1423 3106 1485 ἀπελθὼν,
3144 1423 3324 1487 ἔνυξεν
3367 1425 3539 1496 αὐτὴν
3579 1425 3656 1495 τῷ

2081 1509 2224 1561 ποδί.
2266 1510 2352 1572 Ὠς
2380 1510 2433 1562 δὲ
2467 1505 2606 1563 εἶδεν
2645 1512 2726 1564 ὅτι
2773 1513 3059 1576 ἀπέθανεν,
3087 1514 3308 1584 ἔρριψεν
3338 1516 3532 1568 ἐαυτὸν
3561 1516 3656 1566 ἐπὶ

2083 1601 2374 1670 πρόσωπον
2401 1603 2648 1673 δεόμενος
2677 1601 2770 1657 τοῦ
2788 1605 2940 1657 Θεοῦ.
2964 1607 3071 1658 Καὶ
3100 1608 3349 1676 ἤκουσεν,
3385 1609 3467 1660 ὅτι
3496 1609 3529 1677 ἡ
3560 1609 3656 1677 μία

404 1685 524 1756 ὥρα
545 1687 643 1759 τῆς
666 1690 952 1758 μετανοίας
975 1691 1514 1763 αὐτῆς,προσεδέχθη
1532 1691 1674 1763 ὑπὲρ
1699 1691 1993 1759 μετάνοιαν
2026 1693 2235 1746 πολλῶν
2248 1693 2618 1764 χρονιζόντων,
2659 1697 2752 1748 καὶ
2779 1697 2852 1767 μὴ
2883 1697 3303 1768 ἐνδεικνυμένων
3357 1699 3416 1752 τὸ
3455 1698 3658 1766 θερμὸν

405 1781 506 1853 τῆς
541 1782 795 1854 τοιαύτης
829 1786 1137 1855 μετανοίας.

773 1895 851 1950 De
903 1897 1090 1951 abbate
1120 1897 1326 1954 Joanne
1353 1899 1630 1954 carnobita.

479 2010 595 2081 (15)
643 2008 833 2065 Frater
877 2019 995 2066 erat
1046 2013 1282 2068 emnobii
1332 2014 1531 2080 incola,
1581 2015 1636 2068 in
1689 2015 1989 2070 virtutibus

408 2102 729 2157 monasticis
757 2104 1050 2172 plurimum
1087 2108 1436 2162 exercitatus.
1491 2106 1562 2161 De
1597 2123 1705 2177 quo
1737 2123 1860 2162 cum
1895 2122 1984 2162 ac-

409 2194 682 2262 cepissent
730 2193 928 2250 fratres
979 2195 1224 2258 Sccteos,
1267 2207 1532 2251 venerunt
1581 2199 1646 2253 ad
1692 2198 1982 2253 videndum

409 2302 554 2340 eum.
589 2285 648 2340 Et
675 2287 908 2356 ingressi
949 2296 1079 2341 sunt
1113 2289 1166 2341 in
1196 2289 1371 2342 locum
1402 2290 1454 2343 in
1487 2305 1596 2360 quo
1629 2291 1982 2360 Oper-abutar.

409 2375 505 2429 llle
556 2376 806 2431 salutatis
858 2376 946 2441 iis,
999 2391 1298 2433 conversus
1352 2381 1517 2448 coepit
1569 2381 1806 2450 operari.
1845 2380 1982 2434 Tum

409 2466 612 2522 fratres
643 2467 825 2521 intuiti
852 2468 981 2538 quid
1015 2467 1252 2534 fecisset,
1289 2467 1546 2523 dixerunt
1585 2471 1633 2524 ei
1668 2488 1681 2524 :
1723 2469 1982 2534 Joannes,

409 2556 534 2625 quis
579 2564 632 2612 te
671 2556 858 2609 habitu
904 2557 1168 2610 donavit?
1219 2565 1313 2610 aut
1355 2559 1480 2627 quis
1535 2566 1587 2612 te
1632 2557 1760 2613 fecit
1793 2575 1984 2613 mona-

411 2648 619 2702 chum?
651 2663 750 2702 nec
786 2657 838 2701 te
868 2646 1054 2701 docuit
1101 2649 1349 2717 accipere
1394 2665 1425 2701 a
1461 2648 1720 2704 fratribus
1760 2651 1987 2704 melota-

410 2739 578 2802 rium,
628 2752 688 2793 ac
741 2738 820 2793 eis
871 2739 1094 2793 dicere:
1135 2738 1461 2802 Precamini,
1493 2742 1600 2808 vel,
1643 2741 1854 2797 Sedete.
1900 2743 1990 2796 Ait

411 2830 559 2886 illis:
597 2827 835 2884 Joannes
868 2838 1125 2899 peccator
1154 2829 1222 2882 ad
1253 2831 1364 2886 haec
1395 2847 1502 2886 non
1534 2847 1756 2903 operam
1788 2833 1902 2889 dat.

919 2942 997 2996 De
1030 2942 1218 2997 abbate
1247 2944 1473 3000 Isidoro.

342 3131 346 3134 _
482 3051 534 3106 1.
592 3051 702 3123 (16)
750 3051 960 3106 Dictum
1013 3053 1114 3108 fuit
1158 3054 1223 3109 de
1287 3057 1480 3112 abbate
1526 3055 1735 3112 Isidoro
1770 3057 1992 3114 Sceteos

411 3145 751 3217 presbytero,
803 3147 950 3215 quod
1005 3148 1048 3203 si
1099 3149 1223 3217 quis
1254 3148 1460 3204 habens
1509 3148 1732 3204 fratrem
1778 3151 1990 3221 langui-

2191 1895 2324 1963 Περὶ
2370 1894 2476 1948 τοῦ
2522 1896 2669 1950 ἀϐϐἁ
2709 1897 2988 1952 Ἰωάννου
3026 1899 3130 1954 τοῦ
3159 1901 3230 1953 ἑν
3270 1905 3560 1970 κοινοὸίῳ.

2165 2007 2417 2076 Ἀδελφὸς
2444 2003 2513 2079 ἦν
2545 2008 2708 2061 οἰκῶν
2746 2010 2804 2061 ἐν
2833 2011 3103 2081 κοινοίίῳ,
3141 2013 3235 2065 καὶ
3260 2015 3399 2068 πάνυ
3437 2016 3668 2087 κρατῶν

2083 2103 2340 2171 ἄσκησιν.
2396 2100 2753 2164 Ἀκούσαντες
2796 2102 2853 2154 δέ
2894 2103 3114 2173 ἀδελφοὶ
3158 2105 3237 2168 εἰς
3287 2107 3485 2178 Σκῆτιν
3531 2111 3662 2181 περὶ

2083 2191 2272 2253 αὑτοῦ,
2298 2186 2461 2262 ἦλθον
2497 2191 2624 2242 ἰδεῖν
2659 2190 2840 2242 αὐτόν.
2866 2193 2975 2244 Καὶ
2999 2194 3246 2263 εἰσῆλθον
3271 2197 3347 2258 είς
3369 2195 3461 2249 τὸν
3494 2197 3662 2250 τόπον

2083 2282 2215 2334 ὅπου
2247 2280 2406 2342 αὐτὸς
2423 2279 2729 2350 εἰργάζετο.
2749 2282 2858 2333 Καὶ
2889 2284 3273 2354 ἀσπασάμενος
3299 2287 3516 2351 αὐτοὺς,
3537 2290 3661 2341 ἐπι-

2087 2370 2345 2442 στραφεὶς
2361 2369 2560 2440 ἤρξατο
2590 2369 2940 2440 ἐργάζεσθαι.
2981 2373 3199 2437 Ἰδόντες
3227 2375 3284 2427 δὲ
3307 2377 3356 2427 οἱ
3380 2375 3604 2446 ἀδελφοὶ
3634 2379 3666 2430 δ

2086 2462 2332 2532 ἐποίησε,
2376 2461 2624 2528 λέγουσιν
2659 2462 2836 2533 αὐτῷ’
2881 2463 3132 2535 Ἰωάννη,
3163 2467 3246 2530 τίς
3283 2467 3442 2520 ἔϐαλέ
3485 2485 3569 2520 σοι
3601 2469 3663 2521 τὸ

2089 2555 2312 2624 σχῆμα;
2354 2554 2386 2625 ἢ
2419 2555 2502 2617 τίς
2536 2556 2757 2622 ἐποίησέ
2787 2573 2845 2608 σε
2890 2559 3121 2627 μοναχὸν
3146 2577 3159 2623 ;
3185 2559 3282 2611 καὶ
3314 2562 3413 2613 ούκ
3450 2561 3660 2626 ἐδίδαξε

2089 2661 2148 2696 σε
2179 2643 2362 2696 λαϐεῖν
2389 2645 2498 2698 ἀπὸ
2541 2645 2649 2698 τῶν
2684 2646 2923 2714 ἀδελφῶν
2951 2648 3010 2700 τὸ
3046 2649 3412 2721 μηλωτάριον,
3441 2652 3537 2704 καὶ

2088 2754 2204 2805 γειν
2251 2738 2431 2800 αὐτοῖς
2461 2754 2474 2766 ·
2503 2737 2744 2803 Εύξασθε
2771 2779 2785 2800 ,
2827 2741 2859 2810 ἦ
2895 2741 3190 2795 Καθίσατε.
3224 2744 3384 2811 Λέγει
3438 2745 3660 2810 αὐτοῖς’

2102 2830 2351 2903 Ἰωάννης
2382 2831 2704 2902 ἁμαρτωλὸς
2735 2834 2794 2885 οὐ
2825 2833 3071 2902 σχολάζει
3094 2835 3174 2897 είς
3194 2834 3382 2890 ταῦτα.

2457 2944 2594 3012 Περὶ
2641 2943 2747 2996 τοῦ
2789 2944 2935 2998 ἁϐϐιῖ
2992 2946 3304 3015 Ἰσίδωρον.

2159 3065 2226 3113 a'.
2273 3058 2496 3126 Ἔλεγον
2532 3075 2596 3110 πε
2609 3057 2660 3128 pl.
2691 3056 2784 3110 τοῦ
2817 3058 2958 3111 ὰΰὸᾶ
3003 3059 3269 3130 ἰσιδώρου
3297 3062 3388 3116 τοῦ
3421 3065 3663 3135 πρεσόυο

2092 3149 2252 3220 τέρου
2279 3150 2377 3219 τῆς
2417 3150 2686 3220 Σκὴτεως,
2718 3149 2798 3201 ὅτι
2838 3151 2890 3202 εἴ
2928 3168 3009 3213 τις
3043 3148 3186 3222 εἶχεν
3227 3154 3450 3222 ἀδελφὸν
3495 3157 3661 3209 ἀσθε-

412 3241 542 3294 dum
573 3250 668 3295 aut
720 3242 1098 3313 negligentem,
1150 3245 1443 3315 pusillique
1489 3247 1678 3311 animi,
1729 3255 1822 3300 aut
1863 3263 1979 3317 pro-

2095 3243 2155 3310 νῆ
2181 3240 2245 3303 ιδ,
2281 3240 2313 3310 ἢ
2346 3239 2628 3309 ὀλίγωρον,
2656 3239 2689 3308 ἢ
2719 3239 3002 3309 ὑϐριστὴν,
3033 3243 3125 3292 καὶ
3165 3241 3320 3312 ἤθελε
3348 3242 3532 3308 βαλεῖν
3563 3246 3661 3297 αὺ-

412 3339 648 3395 tervum,
684 3333 842 3386 vellet
871 3348 993 3387 eum
1025 3334 1242 3402 ejicere,
1289 3337 1466 3390 aiebat
1493 3356 1504 3391 :
1539 3337 1727 3392 Adduc
1756 3339 1888 3394 mihi
1921 3340 1986 3392 il-

414 3421 526 3474 lum
561 3423 685 3477 huc.
730 3424 1158 3495 Acceptumque,
1192 3442 1286 3496 per
1310 3429 1625 3497 patientiam
1658 3430 1990 3500 perducebat

414 3512 484 3567 ad
515 3515 768 3568 salutem.

482 3605 534 3658 ‘2.
575 3605 767 3661 Frater
796 3608 1153 3678 interrogavit
1183 3623 1305 3663 eum
1333 3627 1346 3662 :
1374 3610 1553 3676 Quare
1580 3613 1854 3668 daemones
1876 3621 1988 3666 tam

413 3697 718 3752 vehementi
750 3708 802 3754 te
842 3701 1036 3756 timore
1069 3705 1510 3772 prosequuntur?
1542 3706 1630 3758 Ait
1659 3707 1735 3759 illi
1774 3722 1938 3762 senex
1969 3724 1982 3761 :

413 3787 551 3854 Quia
581 3806 645 3842 ex
674 3806 781 3859 quo
816 3791 995 3846 factus
1021 3808 1140 3848 sum
1169 3794 1491 3858 monachus,
1531 3795 1584 3848 in
1616 3811 1680 3850 eo
1714 3812 1798 3851 me
1826 3812 1986 3850 exer-

414 3893 532 3940 cco,
579 3888 638 3932 ut
687 3897 795 3934 non
848 3881 1022 3935 sinam
1074 3883 1414 3938 iracundiam
1463 3901 1636 3954 usque
1677 3885 1742 3939 ad
1800 3887 1986 3942 fauces

415 3984 564 4024 meas
593 3970 893 4039 pervenire.

485 4061 538 4114 5.
577 4061 688 4129 (17)
735 4061 929 4116 Aiebat
972 4065 1158 4127 etiam,
1193 4080 1220 4118 a
1261 4064 1618 4136 quadraginta
1667 4069 1824 4122 annis
1862 4083 1986 4123 sen-

414 4153 519 4207 tire
547 4154 765 4221 quidem
799 4170 856 4208 se
885 4157 1231 4224 cogitationis
1259 4166 1560 4226 peccatum,
1595 4176 1869 4230 nunquam
1904 4170 1987 4216 ta-

415 4259 540 4298 men
578 4245 926 4299 consensisse
952 4255 1045 4299 aut
1075 4246 1378 4311 cupiditati,
1411 4255 1504 4300 aut
1534 4247 1645 4302 irae.

487 4416 540 4471 4.
585 4417 698 4488 (18)
730 4416 926 4472 lterum
963 4420 1099 4475 dixit
1129 4438 1142 4474 :
1188 4421 1298 4490 Ego
1325 4422 1544 4491 quando
1576 4423 1795 4492 juvenis
1841 4427 1987 4481 sede-

417 4507 541 4564 bam
575 4509 628 4563 in
652 4511 784 4563 cella
817 4527 954 4573 mea,
977 4528 1284 4567 mensuram
1313 4530 1531 4584 precum
1557 4532 1664 4569 non
1689 4515 1982 4581 habebam;

417 4617 524 4656 nux
555 4611 608 4655 et
647 4603 764 4657 dies
805 4604 930 4657 mibi
972 4613 1126 4657 erant
1168 4607 1417 4673 precandi
1459 4615 1692 4674 tempus.

488 4694 520 4748 5
574 4692 774 4748 Retulit
807 4695 974 4748 abbas
1008 4695 1226 4751 Pmmc"
1251 4698 1316 4749 de
1350 4697 1542 4750 abbate
1571 4697 1796 4763 Isidoro,
1830 4703 1972 4768 quod

417 4798 514 4854 per
548 4796 759 4839 noctem
789 4785 1107 4840 fasciculum
1145 4789 1442 4855 palmarum
1477 4788 1772 4856 plecteret:
1811 4791 1978 4858 quod-

417 4891 525 4948 que
558 4888 882 4948 rogaveruut
911 4896 1032 4933 eum
1075 4879 1296 4941 fratres,
1332 4881 1576 4935 dicentes
1607 4900 1618 4934 :
1657 4880 1731 4934 Te
1761 4897 1976 4950 parum-

487 5032 534 5065 “
555 5033 640 5086 Al.
668 5033 945 5101 ἁντίλογον
966 5035 1079 5090 καί.
1156 5033 1202 5066 ⁸⁵
1239 5036 1324 5089 Al.
1352 5036 1569 5107 φέρετέ.

493 5188 603 5260 (14)
630 5189 1048 5259 Προσκέφαλα,
1084 5193 1324 5247 cervical.
1363 5193 1540 5248 Simili
1573 5193 1734 5248 modo
1759 5197 1986 5262 capitale

417 5268 647 5313 vocatur
675 5277 726 5314 In
756 5261 1254 5317 Consuetudinibus
1275 5265 1752 5328 Cluniacensibus,
1777 5261 1830 5320 et
1855 5267 1985 5320 alibi

419 5331 644 5406 passim.
699 5329 1081 5406 Fragmentum
1117 5332 1202 5406 ide
1249 5337 1504 5406 concilio
1532 5336 1988 5406 Aquisgraneusi,

419 5399 563 5474 apud
577 5401 835 5456 Joannem
859 5400 1248 5474 blabillonium,
1275 5405 1470 5474 pietate
1491 5399 1642 5474 juxta
1663 5399 1989 5462 et'doctrina

420 5471 685 5537 insignem
717 5471 1060 5538 monachum,
1089 5471 1458 5528 Analec’tornm
1492 5471 1723 5530 ceterum
1758 5487 1887 5530 tom.
1917 5477 1934 5530 l
1971 5496 1984 5530 :

420 5546 487 5598 In
522 5541 612 5595 illo
652 5553 874 5610 tempore
905 5543 1169 5596 monachis
1198 5545 1487 5598 Gallicanis
1515 5557 1592 5600 est
1613 5547 1896 5608 indultum,
1929 5557 1985 5600 ut

420 5612 733 5684 fi'ntoraliis,
766 5613 930 5666 laneis
959 5615 1211 5678 camisiis,
1247 5616 1489 5682 pelliciis.
1529 5617 1682 5671 boris.
1717 5619 1985 5684 caperonis

419 5683 486 5737 de
506 5683 700 5748 palliis,
725 5685 970 5749 amuciis,
999 5687 1359 5752 coopertoriis,
1385 5683 1788 5751 auricolaribus,
1815 5698 1862 5742 et
1889 5704 1983 5756 pro

2087 3330 2178 3383 τὸν
2205 3329 2328 3394 ἔξω,
2354 3329 2506 3396 ἔλεγε
2531 3346 2544 3358 ·
2561 3330 2698 3401 Φέρε
2721 3330 2765 3360 ⁸⁵
2782 3347 2870 3399 μοι
2899 3330 3058 3384 αὑτὸν
3081 3325 3202 3384 ὦδε.
3220 3334 3327 3385 Ka‘t
3351 3333 3662 3404 ἐλάμϐανεν

2088 3421 2274 3480 αὑτὸν,
2300 3419 2394 3473 καὶ
2426 3419 2515 3472 διὰ
2545 3420 2642 3488 τῆς
2685 3420 3062 3492 μακροθυμίας
3103 3422 3264 3475 αὐτοῦ
3308 3423 3510 3476 ἔσωσεν
3562 3426 3661 3478 αὺ-

2086 3512 2176 3563 τόν
2206 3510 2274 3561 ³⁸.

2158 3601 2223 3672 β’.
2263 3601 2512 3668 Ἀδελιρὸς
2549 3601 2829 3672 ⁴ἠρώτησεν
2851 3603 3034 3665 αὑτὸν,
3065 3603 3256 3670 λέγων·
3300 3603 3451 3657 Διατί
3479 3607 3526 3657 οἱ
3547 3605 3668 3660 Sal-

2089 3709 2245 3762 μονες
2283 3692 2452 3756 οὕτως
2501 3709 2558 3745 σε
2600 3693 2888 3762 φοϐοῦνται
2929 3695 3131 3767 σφόδρα
3166 3714 3180 3761 ;
3229 3696 3389 3764 Λέγει
3443 3698 3594 3768 αὐτῷ
3633 3700 3664 3752 ὁ

2085 3785 2262 3855 γέρων
2298 3802 2312 3814 ·
2349 3785 2469 3837 ’Ότι
2524 3787 2615 3853 ἀφ’
2655 3781 2721 3855 ἧς
2761 3786 3025 3855 ἐγενόμην
3067 3787 3328 3858 μοναχδῖ’
3367 3787 3556 3853 dua”
3587 3788 3662 3860 μὴ

2089 3875 2388 3948 συγχωρῶν
2447 3877 2547 3947 τὴν
2615 3878 2785 3949 ὀργὴν
2855 3879 3228 3949 προαναϐἧναι
3287 3880 3366 3952 τῷ
3427 3881 3661 3952 λάρυγγι

2091 3986 2192 4038 μου
2205 4010 2214 4020 .

2157 4068 2225 4128 γ’.
2272 4060 2467 4128 Ἔλεγε
2524 4061 2706 4124 πάλιν,
2739 4063 3173 4131 τεσσαρακοστὸν
3216 4064 3331 4126 ἔτος
3365 4065 3528 4135 ἔχειν,
3567 4069 3660 4136 ἀφ’

2085 4149 2147 4207 οὗ
2189 4153 2503 4206 αἰσθάνεται
2540 4153 2638 4223 τῆς
2683 4154 2822 4206 κατὰ
2871 4154 3107 4207 διάνοιαν
3151 4157 3456 4227 ἁμαρτίας,
3492 4160 3657 4230 μηδέ-

2085 4264 2215 4299 ποτε
2247 4246 2303 4298 δὲ
2335 4245 2798 4313 συγκαταθέσθαι.
2841 4251 2978 4317 μήτε
3038 4247 3351 4317 ἐπιθυμίας,
3387 4251 3520 4319 μήτε
3571 4249 3661 4303 θυ-

2088 4338 2213 4408 μοῦ.

2152 4431 2214 4484 δ’.
2256 4425 2390 4482 Εἷπε
2445 4429 2606 4483 πάλιν
2643 4446 2656 4460 ·
2696 4429 2836 4498 Ἐγὼ
2883 4432 2970 4484 ὅτε
3026 4432 3172 4503 ἥμην
3217 4433 3509 4504 νεώτερος,
3564 4435 3662 4487 καὶ

2086 4523 2366 4594 ἐκαθήμην
2411 4525 2490 4585 εἰς
2515 4521 2576 4574 τὸ
2610 4523 2816 4576 κελλίον
2864 4542 2988 4594 μου,
3011 4525 3203 4595 μέτρον
3259 4526 3530 4592 συνάξεως
3562 4527 3664 4582 οὐκ

2016 4595 2057 4648 D
2087 4610 2250 4682 εἶχον·
2283 4613 2316 4680 ή
2342 4611 2438 4675 νύξ
2482 4629 2571 4682 μοι
2600 4614 2694 4666 καὶ
2730 4614 2931 4684 ἡμέρα,
2959 4616 3172 4680 σύναξις
3195 4614 3282 4688 ἦν.

2155 4704 2216 4754 ε’.
2255 4697 2420 4754 Εἶπεν
2450 4705 2478 4754 ὁ
2516 4703 2689 4768 ἀϐὅᾶς
2730 4705 2938 4776 Ποιμήν
2980 4708 3108 4778 περὶ
3147 4709 3240 4761 τοῦ
3281 4709 3422 4762 ἀδεᾶ
3461 4711 3658 4764 Ἰσιδώ-

2086 4810 2176 4861 ρου
2206 4794 2315 4852 ,ὅτι
2343 4793 2536 4848 έπλεκε
2571 4795 2705 4866 δέμα
2733 4796 2960 4849 θαλλῐων
2983 4800 3122 4853 κατὰ
3166 4800 3332 4854 νύκτα
3359 4817 3372 4831 ⁸
3392 4805 3482 4855 καὶ
3513 4819 3659 4872 παρ-

2083 4883 2308 4936 εκάλουν
2366 4883 2526 4937 αὑτὸν
2589 4887 2638 4938 οἱ
2681 4887 2900 4956 ἀδελφοὶ
2926 4929 2940 4951 ,
2983 4889 3230 4958 λέγοντες
3255 4907 3270 4920 ⁸
3324 4894 3660 4946 Ἀναπαυσον

1675 5037 1720 5068 ⁸⁸
1749 5037 1831 5090 Al.
1856 5038 1946 5090 ⁸ιδν
1971 5038 2219 5107 ἀδελφόν.

2095 5196 2342 5266 inﬁrmis,
2370 5199 2609 5273 calcitris
2640 5205 2719 5256 uti
2755 5214 2986 5273 possent.
3028 5203 3130 5260 Ubi
3164 5206 3500 5264 auricolatia.
3533 5216 3660 5262 sunt

2097 5271 2584 5342 perimetatbesim
2635 5271 2981 5339 auricolaria,
3034 5277 3132 5331 hoc
3179 5286 3262 5332 est
3307 5277 3659 5342 auricularia.

2097 5340 2299 5404 Gallice
2335 5341 2425 5394 des
2463 5343 2718 5397 oreillers.

2169 5411 2277 5480 (15)
2308 5411 2543 5482 ᾼγρρεηά.
2573 5429 2627 5480 p.
2660 5414 2814 5472 1004.
2845 5431 2901 5468 n.
2926 5415 3011 5469 Μ.

2166 5479 2277 5544 (16)
2317 5479 2424 5537 Vit.
2457 5479 2608 5535 Patr.
2640 5500 2752 5549 3m,
2783 5485 2833 5539 5.

2166 5551 2278 5622 (l7)
2319 5549 2423 5622 Yil.
2460 5551 2620 5622 Patr.
2653 5569 2726 5620 Iv,
2757 5554 2847 5608 25.

2165 5619 2274 5693 (18)
2317 5621 2423 5677 Vit.
2469 5621 2620 5676 Patr.
2651 5619 2725 5689 xi,
2767 5627 2847 5678 l7.
