3874 6356
189 339 290 395 221

1346 337 1959 396 APOPHTHEGMATA
1991 335 2298 397 PATRUM.

3341 337 3452 394 sea

185 459 420 515 σεαυτὸν
445 457 648 526 ὀλίγον,
667 457 750 510 ὅτι
773 455 960 510 λοιπδν
991 455 1288 528 ὲγήρασας.
1321 458 1434 510 Καὶ
1463 458 1646 527 ἔλεγεν
1673 459 1772 512 αὐ-

1905 471 1972 512 er
1995 455 2167 527 quieti
2197 455 2286 518 da,
2317 453 2444 524 quia
2472 452 2584 523 jam
2613 467 2778 508 senex
2812 467 2892 506 es.
2923 447 3063 505 Tum
3096 447 3174 504 ait
3204 447 3287 505 eis
3314 469 3329 505 :
3357 448 3453 505 Li-

187 555 326 616 τοῖς,
354 551 439 605 ὅτι
468 549 592 604 Ἐὰν
613 548 888 602 καύσωσιν
905 547 1194 619 Ἰσίδωρον,
1212 548 1306 600 καὶ
1331 548 1429 619 τὴν
1457 549 1646 602 σποδὸν
1673 550 1770 602 αὐ·-

185 642 284 697 τοῦ
313 642 508 714 ἀνέμῳ
535 644 929 712 σκορπίσωσιν,
953 639 1072 694 οὐδὲ
1109 640 1206 710 μία
1238 657 1328 710 μοι
1357 640 1516 710 χάρις
1559 639 1766 710 ἀκμὴν,

186 735 268 790 ὅτι
295 739 328 790 6
366 735 496 798 Υίὸς
515 732 612 786 τοῦ
643 731 779 786 Θεοῦ
801 725 903 786 ὦδε
927 727 1060 803 ἦλθε
1083 729 1150 784 δι’
1179 733 1347 802 ἡμᾶς.

257 921 340 979 ς’.
395 913 456 967 Ὀ
483 911 648 975 αὐτὸς
671 907 794 964 εἷπε
838 911 968 982 περὶ
1010 909 1102 964 τοῦ
1157 909 1302 964 ἀϐϐᾶ
1357 908 1658 980 Ἰσιδὼρου,
1688 909 1772 960 ὅτι

189 1007 380 1074 ελεγον
427 1003 582 1076 αὐτῷ
604 1005 654 1058 οί
695 1003 978 1075 λογισμοί*
1004 1002 1193 1070 Μέγας
1237 998 1287 1054 εἷ
1315 1000 1616 1071 ἄνθρωπος.
1663 1001 1773 1053 Καὶ

189 1099 344 1166 ἔλεγε
375 1098 516 1169 πρὸς
547 1097 774 1159 αὐτούς’
795 1097 886 1165 Μή
917 1097 1030 1165 εἰμι
1064 1093 1205 1146 κατὰ
1243 1093 1335 1146 τὸν
1364 1093 1536 1145 ἀόὄᾶν
1583 1091 1774 1144 Ἀντώ-

191 1206 302 1240 νιον
334 1205 350 1252 ;
383 1185 418 1258 ἢ
460 1186 728 1256 ἐγενόμην
764 1184 899 1246 ὅλως
941 1181 1084 1236 κατὰ.
1128 1182 1218 1234 τὸν
1255 1179 1429 1233 ἀϐὂᾶν
1475 1176 1703 1248 Παμϐὼ,
1737 1177 1771 1248 ἢ

189 1281 264 1342 ὡς
295 1283 350 1334 οἱ
397 1279 579 1332 λοιποὶ
631 1277 874 1347 Πατὲρες
911 1278 958 1328 οἱ
1005 1275 1081 1344 τῷ
1109 1273 1228 1344 Θεῷ
1278 1269 1770 1343 εὑαρεστήσαντεςι

193 1369 328 1420 Ὅτε
373 1368 552 1421 ταῦτα
609 1370 1064 1440 παρεισήνεγκεν,
1117 1365 1454 1430 ἀνεπαύετο..
1481 1364 1608 1416 Ὅτε
1645 1363 1700 1414 δὲ
1741 1364 1773 1432 ἡ

192 1460 368 1531 ἔχθρα
399 1461 578 1514 ἐποίει
597 1461 759 1514 αὑτὸν
781 1459 1190 1530 ὀλιγοψυχῆσαι,
1222 1456 1298 1519 ὡς
1325 1457 1409 1510 ὅτι
1438 1455 1573 1526 μετὰ
1605 1453 1778 1506 ταῦτα

194 1555 382 1608 πάντα
411 1551 498 1613 είς
525 1549 626 1622 τὴν
651 1550 871 1606 κόλασιν
890 1553 958 1620 ⁸⁷,
987 1551 1173 1620 ἔλεγεν
1206 1549 1368 1612 αὐτὸς
1414 1547 1548 1618 πρὸς
1584 1547 1780 1608 αὐτοὺς

193 1647 298 1706 ὃτι.
329 1645 456 1700 Κᾶν
483 1647 566 1710 είς
604 1645 827 1700 κόλασιν
871 1643 1160 1716 ὲμϐληθῶ,
1195 1644 1339 1714 ὑμᾶς
1383 1641 1640 1698 ὑποκάτω
1689 1639 1782 1692 εὑ-

195 1739 398 1810 ρίσκω.

264 1915 336 1980 ξ’.
381 1910 554 1968 Εἶπεν
591 1913 822 1977 ὁὰὅὸἄς
870 1913 1138 1984 Ἰσίδωρος
1181 1913 1286 1978 ὅτι,
1335 1909 1601 1982 ’Δπῆλθόν
1649 1925 1783 1964 ποτε

197 2009 256 2060 ὲν
284 2010 356 2077 τῇ
379 2009 564 2079 ἀγορᾷ
586 2007 836 2075 πωλῆσαι
871 2006 1037 2076 σκεύη
1061 2005 1234 2075 μικρά
1255 2020 1268 2033 ·
1295 2004 1390 2056 καὶ
1417 2003 1540 2056 ἰδὼν
1567 2001 1663 2074 τὴν
1691 2003 1784 2072 όρ-

197 2101 302 2172 γὴν
331 2099 668 2168 ἐγγίζουσαν
693 2115 804 2169 μοι,
837 2099 1003 2161 ἐάσας
1035 2098 1105 2149 τὰ
1138 2095 1308 2167 σκεύη
1347 2095 1568 2165 ἔφυγον.

267 2281 344 2352 η’.
391 2281 632 2351 Ἀπῆλθὲ
676 2299 804 2335 ποτε
831 2281 859 2334 6
896 2279 1070 2342 ἀϐϐᾶς
1105 2277 1371 2348 ’Ῑσίδωρος
1403 2276 1536 2348 πρὸς
1568 2277 1658 2329 τὸν
1685 2275 1786 2329 ἀϐ-

199 2375 300 2431 εᾶν
331 2375 600 2444 Θεόφιλον
629 2375 722 2428 τὸν
757 2372 1182 2445 ὰρχιεπίσκοπον
1223 2369 1654 2442 Ἀλεξανδρείας·
1691 2371 1785 2424 καὶ

199 2469 278 2530 ὡς
315 2465 668 2538 ὑπέστρεψεν
691 2467 770 2530 είς
805 2466 1026 2536 Σκῆτιν.
1061 2463 1349 2534 ἠρώτησαν
1372 2463 1531 2516 αὑτὸν
1566 2464 1612 2514 oi
1633 2460 1786 2514 ἀδελ-

199 2561 292 2630 φοί
315 2578 328 2590 ·
363 2559 494 2622 Πῶς
529 2559 562 2628 ἡ
605 2558 790 2624 πόλις;
831 2558 889 2610 '0
930 2557 986 2609 δὲ
1006 2552 1156 2608 εἷπε·
1187 2555 1372 2620 Φύσει,
1406 2553 1645 2622 ἀδελφοὶ,
1674 2551 1786 2622 ἐγὼ

199 2651 502 2721 πρόσωπον
531 2647 821 2720 ἀνθρώπου
850 2647 952 2700 οὐκ
989 2642 1158 2706 εἶδον,
1187 2647 1237 2698 εί
1273 2646 1347 2716 μὴ
1385 2645 1540 2716 μόνον
1563 2642 1656 2697 τοῦ
1687 2644 1787 2714 ἀρ-

199 2739 590 2810 χιεπισκόπου.
607 2741 669 2792 υἱ
693 2739 748 2792 δὲ
763 2737 1089 2800 ἀκούσαντες
1107 2735 1502 2808 ἐταράχθησαν,
1517 2736 1784 2805 λέγοντεςο

199 2827 352 2902 ’Δρα
385 2829 737 2901 ἔχαώθησαν,
798 2829 942 2884 6666i
973 2845 990 2896 ;
1029 2829 1086 2882 '0
1115 2829 1173 2882 δὲ
1202 2825 1354 2881 εἶπεν
1387 2845 1398 2858 ·
1436 2828 1547 2898 Οὐχ
1578 2827 1748 2890 οὕτως
1769 2842 1785 2858 ⁸

202 2924 322 2977 ἀλλ’
353 2926 460 2976 οὐκ
487 2922 710 2991 ἐνίκησέ
743 2939 810 2992 με
837 2923 864 2974 6
889 2920 1145 2992 λογισμὸς
1174 2919 1267 2972 τοῦ
1302 2920 1427 2973 ίδεῖν
1468 2937 1610 2973 τινα.
1646 2919 1709 2971 Ol.
1733 2917 1790 2972 δὲ

203 3016 552 3078 ἀκούσαντες
605 3014 940 3084 ἐθαύμασαν,
973 3015 1066 3066 καὶ
1110 3012 1506 3083 ἑστηρίχθησαν
1554 3012 1640 3066 ἵνα
1686 3029 1790 3083 φυ-

203 3109 478 3164 λαττωσιν
509 3107 619 3160 ἀπὸ
643 3103 1020 3178 μετεωρισμοῦ
1046 3105 1175 3169 τοὺς
1205 3103 1518 3174 ὀφθαλμοὺς
1550 3103 1752 3158 αὐτῶν.

205 3379 318 3431 τῶν
353 3379 534 3445 ἁγίων
575 3375 712 3446 αὕτη
745 3376 880 3440 ἐστὶ,
914 3376 975 3428 τὸ
1014 3376 1312 3444 ἐπιγνῶναι
1352 3377 1415 3428 τὸ
1462 3375 1670 3446 θέλημα
1701 3373 1796 3428 τοῦ

207 3471 372 3524 Θεοῦ.
433 3469 660 3522 Πάντων
693 3469 802 3540 γὰρ
844 3468 1180 3538 περιγίνεται
1213 3470 1241 3520 6
1289 3467 1574 3538 ἄνθρωπος
1625 3470 1681 3520 ὲν
1729 3469 1796 3537 τῇ

210 3565 430 3632 ὑπακοῇ
483 3562 583 3631 τῆς
631 3559 912 3630 ἀληθείας,
936 3559 1018 3612 ὃτι
1066 3559 1228 3612 εἰκὼν
1277 3560 1370 3612 καὶ
1422 3559 1673 3630 ὁμοίωμα
1702 3558 1798 3612 τοῦ

211 3654 348 3707 θεοῦ
389 3657 530 3706 ἐστι.
571 3651 796 3704 Πάντων
843 3650 898 3703 δὲ
935 3649 1260 3720 πνεύματων
1305 3650 1476 3703 δεινόν
1506 3650 1553 3681 ⁸⁸
1586 3651 1701 3703 ἐστι
1740 3649 1801 3703 τὸ

211 3745 534 3800 ἀκολουθεῖν
566 3743 631 3814 τῇ
665 3743 857 3796 ἑαυτοῦ
906 3743 1122 3813 καρδία,
1169 3743 1412 3795 τουτέστι
1444 3741 1520 3812 τῷ
1561 3741 1672 3810 ἰδίῳ
1709 3741 1800 3794 λο-

215 3839 400 3909 γισμῷ
413 3839 594 3902 θ’,καὶ
621 3839 698 3908 μὴ
719 3837 795 3905 τῷ
821 3837 970 3907 νόμῳ
1007 3835 1100 3889 τοῦ
1132 3835 1266 3889 Θεοῦ
1289 3853 1301 3866 ·
1331 3835 1425 3887 καὶ
1459 3833 1684 3905 ὕστερον
1713 3833 1800 3900 γί-

215 3948 365 3984 νεται
405 3929 562 4000 αὐτῷ
593 3931 674 3992 εἰς
705 3927 917 3992 πένθος,
943 3929 1024 3980 ὅτι
1054 3929 1153 3980 οὐκ
1202 3927 1340 3995 ἔγνω
1382 3927 1442 3980 τὸ
1483 3926 1799 3996 μυστήριον,

215 4023 334 4076 οὐδὲ
367 4017 500 4092 εὗρε
543 4022 644 4091 τὴν
681 4020 798 4073 ὁδὸν
835 4019 942 4072 τῶν
977 4021 1148 4088 ἁγίων
1184 4020 1510 4092 ἐργάζεσθαι
1539 4021 1596 4072 ὲν
1641 4019 1799 4090 αὐτῇ.

217 4114 330 4168 Νῦν
368 4110 468 4166 οὖν
498 4113 690 4184 καιρὸς
721 4111 814 4164 τοῦ
849 4112 1072 4180 ποιῆσαι
1105 4111 1183 4181 τῷ
1217 4110 1429 4182 Κυρίῳ,
1453 4111 1535 4164 ὅτι
1561 4113 1803 4182 σωτηρία

219 4208 279 4259 ἐν
303 4205 488 4276 καιρῷ
521 4204 754 4272 θλίψεως
777 4223 789 4234 ·
813 4203 893 4257 ὅτι
920 4205 1226 4275 γέγραπται
1251 4219 1262 4231 ·
1300 4205 1403 4258 Ἐν
1426 4203 1501 4273 τῇ
1529 4201 1804 4272 ὑπομονῇ

219 4297 391 4369 ὑμῶν·
425 4297 742 4366 κτήσασθε
774 4297 880 4362 τὰς
909 4297 1112 4364 ψυχὰς
1139 4295 1324 4366 ὑμῶν.

291 4413 440 4482 Περὶ
471 4411 582 4464 τοῦ
618 4408 768 4464 ἀϐϐᾶ
813 4409 1114 4478 Ἰσιδὼρου
1148 4411 1253 4464 τοῦ
1285 4411 1732 4478 Πηλουσιώτου.

1877 556 1964 604 cet
1996 547 2395 604 combusserint
2419 545 2708 609 Isidorum,
2737 544 2966 615 ejusque
2986 543 3200 599 cineres
3233 543 3289 598 in
3315 559 3450 599 ven-

1877 649 1994 695 tum
2038 641 2414 712 disperserint,
2461 639 2608 692 nulla
2642 637 2776 690 mihi
2825 638 3120 690 etiamnum
3174 635 3350 706 gratia
3397 642 3452 688 et

1877 733 2251 804 indulgentia;
2286 732 2542 803 quoniam
2572 729 2744 784 Filius
2780 729 2877 784 Dei
2909 729 3016 782 huc
3047 727 3195 781 venit
3225 735 3452 798 pr0pter

1878 838 2002 878 IIOS.

1950 913 2004 969 6.
2037 913 2148 984 (I9)
2193 912 2338 968 Idem
2379 913 2618 966 narravit
2669 911 2738 966 de
2775 911 2970 966 abbate
3017 910 3262 976 Isidoro,
3305 909 3453 980 quod

1883 1003 2277 1058 subirenteum
2301 1003 2569 1072 ejusmodi
2607 1002 2995 1071 cegitationes:
3035 1000 3260 1070 Magnus
3293 1001 3456 1056 homo

1880 1110 1962 1150 es.
2005 1097 2124 1164 Ipse
2153 1109 2282 1150 vero
2305 1095 2370 1147 ad
2397 1109 2492 1148 eas
2537 1093 2819 1163 reponéret
2843 1111 2855 1146 :
2879 1079 3134 1162 Nunquid
3162 1107 3282 1148 sum
3315 1092 3458 1146 sicut

1883 1187 2056 1241 abbas
2077 1185 2384 1239 Antonius?
2418 1185 2634 1240 Utinam
2667 1185 2888 1238 omnino
2909 1198 3082 1238 essem
3113 1184 3259 1236 velut
3288 1183 3457 1238 abbas

1883 1277 2110 1342 Pantho,
2143 1285 2236 1330 aut
2271 1287 2530 1346 tanquam
2569 1277 2766 1347 reliqui
2808 1275 3019 1340 Patres,
3053 1277 3146 1346 qui
3185 1275 3292 1330 Deo
3339 1275 3457 1346 pla-

1887 1373 2149 1426 cuerunt!
2186 1370 2322 1424 Cum
2351 1371 2464 1424 haec
2511 1354 2850 1439 pratulisset,
2891 1367 3128 1438 quietem
3155 1379 3458 1438 conseque-

1885 1462 2066 1518 batur.
2107 1460 2338 1528 Quando
2383 1469 2566 1515 autem
2611 1458 2832 1513 humani
2877 1459 3092 1529 generis
3128 1459 3315 1513 hostes
3350 1461 3458 1514 d2-

1885 1567 2074 1608 moues
2123 1550 2336 1608 eliirere
2375 1551 2691 1606 nitebantur
2747 1557 2807 1604 ut
2841 1550 3040 1620 pusillo
3080 1557 3224 1602 esset
3255 1550 3457 1612 animo,

1886 1644 2048 1714 quasi
2079 1651 2205 1714 post
2249 1644 2364 1700 ha-c
2397 1643 2581 1698 omnia
2621 1649 2865 1697 maneret
2921 1642 3073 1696 illum
3116 1655 3298 1710 paena,
3344 1639 3462 1710 ipse

1888 1734 1956 1788 ad
1991 1749 2089 1790 eos
2129 1735 2410 1805 inquiebat
2441 1753 2454 1789 :
2491 1733 2754 1800 Quamvis
2796 1735 2984 1789 mittar
3015 1734 3083 1789 ad
3108 1731 3460 1804 supplicium,

1813 1828 1857 1884 Β
1887 1845 1984 1885 vos
2014 1839 2194 1885 tamen
2233 1831 2430 1886 subtus
2459 1829 2754 1884 inveniam.

1963 1920 2013 1973 7.
2065 1919 2180 1991 (20)
2223 1919 2430 1976 Retulit
2471 1921 2642 1976 abbas
2679 1919 2968 1977 Isidorus:
3015 1917 3303 1975 Profectus
3341 1933 3463 1976 sum

1889 2011 2192 2082 aliquando
2221 2011 2274 2065 in
2309 2011 2510 2079 forum,
2539 2021 2601 2067 ut
2625 2013 2846 2068 vascula
2869 2013 3156 2067 venderem
3179 2028 3194 2076 ;
3228 2025 3464 2082 cumque

1891 2105 2136 2163 intuerer
2172 2107 2514 2162 iracundiam
2563 2107 2700 2162 mihi
2733 2107 3209 2178 appropinquare,
3255 2104 3463 2162 relictis

1889 2199 2034 2254 vasis
2063 2197 2196 2270 fugi.

1961 2289 2015 2346 8.
2055 2275 2300 2346 Perrexit
2328 2291 2623 2361 aliquando
2653 2291 2821 2346 abbas
2843 2289 3088 2346 Isidorus
3119 2290 3184 2344 ad
3209 2289 3460 2344 abbatem

1891 2379 2258 2450 Theophilum
2295 2382 2764 2452 archiepiscopum
2815 2382 3192 2435 Alexandriae:
3229 2388 3282 2435 et
3312 2389 3460 2450 post-

1891 2487 2054 2542 quam
2093 2471 2160 2526 ad
2195 2471 2394 2528 Scetim
2429 2488 2680 2528 reversus
2721 2481 2826 2534 est,
2857 2473 3157 2542 percontati
3183 2478 3310 2525 sunt
3335 2485 3460 2524 eum

1892 2563 2090 2619 fratres
2123 2565 2395 2634 quomodo
2454 2565 2676 2620 haberet
2708 2565 2924 2620 civitas.
2975 2563 3274 2634 Respondit
3301 2582 3314 2618 :
3347 2561 3462 2618 Uti-

1893 2671 2020 2725 que,
2057 2654 2276 2720 fratres,
2315 2671 2414 2726 ego
2441 2656 2676 2710 hominis
2705 2657 2896 2710 faciem
2935 2671 3042 2710 non
3071 2656 3203 2720 vidi,
3243 2664 3465 2725 prseter-

1895 2763 2059 2818 quam
2085 2746 2502 2816 archiepiscopi.
2535 2746 2614 2800 Illi
2641 2747 2948 2812 audientes,
2983 2748 3187 2801 turbati
3223 2735 3372 2808 sunt,
3401 2759 3466 2801 ac

1893 2837 2192 2892 dixerunt:
2247 2837 2330 2889 An
2361 2837 2430 2889 ad
2481 2836 2657 2892 chaos
2701 2844 2755 2892 et
2803 2836 3034 2890 nihilum
3069 2835 3276 2890 redacti
3316 2842 3466 2900 sunt,

1895 2927 2074 2982 abba?
2101 2925 2173 2990 Is,
2203 2925 2322 2980 Non
2351 2927 2448 2989 ita,
2478 2927 2693 2997 inquit:
2746 2927 2841 2982 sed
2880 2943 2966 2982 me
3005 2942 3114 2981 non
3143 2927 3342 2980 devicit
3377 2940 3471 2979 co-

1897 3021 2106 3090 gitatio,
2155 3027 2213 3072 ut
2243 3019 2548 3089 aspicerem
2587 3034 2938 3089 quemquam.
2988 3018 3108 3085 Quo
3149 3019 3225 3072 illi
3261 3017 3468 3083 audito,

1892 3110 1954 3164 in
1982 3110 2404 3165 admirationem
2436 3110 2794 3176 devenerunt,
2835 3101 2890 3164 et
2913 3110 3223 3164 conﬁrmati
3253 3119 3382 3165 sunt
3412 3116 3475 3164 ut

1819 3183 1864 3244 ε
1897 3204 1965 3258 ab
1994 3203 2312 3272 evagatione
2341 3203 2685 3258 custodirent
2712 3203 2906 3257 oculos
2945 3217 3095 3257 suos.

277 3287 344 3340 θ’.
397 3287 460 3339 '0
495 3285 658 3348 αὐτὸς
710 3283 883 3348 ἀϐϐᾶς
923 3284 1188 3356 Ἰσίδωρος
1239 3279 1390 3336 εἶπεν
1416 3300 1430 3313 ·
1474 3285 1538 3336 Ἦ
1581 3283 1796 3346 σύνεσις
1901 3293 1904 3296 ’

1964 3293 2019 3348 9.
2050 3293 2194 3348 Idem
2224 3294 2392 3349 abbas
2419 3293 2660 3349 Isidorus
2691 3295 3104 3364 pronuntiavit:
3143 3291 3472 3348 Sanctorum

1897 3384 2192 3456 prudentia
2223 3384 2338 3438 haec
2366 3395 2469 3450 est,
2496 3400 2792 3455 agnoscere
2821 3386 3156 3439 voluntatem
3187 3383 3304 3439 Dei.
3330 3386 3477 3439 Cun-

1897 3483 1988 3528 cta
2001 3472 2156 3527 enim
2184 3483 2406 3542 superat
2433 3474 2594 3527 homo
2627 3473 2679 3526 in
2707 3473 2956 3528 veritatis
2993 3473 3324 3534 obedientia,
3346 3471 3478 3540 quia

1903 3564 1998 3618 Dei
2042 3565 2222 3634 imago
2254 3580 2316 3618 ac
2353 3565 2656 3618 similitudo
2705 3573 2808 3619 est.
2865 3566 3011 3618 Inter
3059 3579 3252 3618 onntes
3297 3571 3480 3617 autem

1900 3656 2128 3728 spiritus
2173 3657 2530 3726 gravissimus
2573 3667 2677 3716 est.
2712 3654 2864 3724 sequi
2904 3669 2999 3708 cor
3031 3670 3215 3718 suum,
3258 3655 3360 3709 hoc
3398 3661 3483 3708 est

1899 3749 2178 3820 propriam
2234 3748 2646 3815 cogitationem.
2703 3763 2818 3800 non
2865 3761 2995 3800 vero
3035 3746 3206 3816 legem
3257 3745 3386 3811 Dei;
3427 3751 3484 3800 et

1901 3852 2092 3911 postea
2128 3841 2184 3894 in
2232 3839 2434 3893 luctum
2463 3839 2513 3892 ei
2543 3838 2743 3904 evadit,
2777 3839 3036 3908 quoniam
3069 3854 3178 3891 non
3228 3839 3485 3908 cognovit

1904 3933 2250 4002 mysterium,
2283 3945 2458 3997 neque
2481 3929 2681 3982 invenit
2713 3929 2856 3982 viam
2889 3937 3228 3994 sanctorum,
3255 3937 3314 3981 ut
3343 3929 3484 3982 inea

1907 4033 2250 4094 operaretur.
2283 4021 2438 4075 Nunc
2470 4037 2600 4091 ergo
2621 4031 2837 4090 tempus
2871 4029 2954 4076 est
2983 4022 3200 4090 operari
3231 4020 3484 4087 Domino,

1908 4113 2344 4187 quandoquidem
2398 4115 2546 4168 salus
2591 4114 2642 4167 in
2681 4121 2925 4182 tempore
2969 4113 3296 4168 albictionis.
3339 4113 3486 4167 Scri-

1904 4217 2056 4280 ptum
2085 4207 2283 4276 quippe
2311 4212 2430 4259 est:
2457 4204 2525 4258 In
2545 4205 2804 4274 patientia
2823 4215 2994 4296 vestra
3017 4205 3353 4274 possidebitis
3379 4205 3482 4260 aniv

1915 4318 2030 4355 mas
2066 4309 2264 4354 vestras
2295 4298 2362 4352 ⁵ο.

2265 4409 2344 4464 De
2388 4409 2574 4462 abbate
2601 4407 2814 4462 Isidoro
2842 4405 3137 4463 Pelusiota.

293 4531 364 4577 α’.
409 4523 640 4590 Ἔλεγεν
665 4523 692 4574 6
722 4521 896 4585 666:1;
937 4523 1204 4594 Ἰσίδωρος
1241 4523 1269 4574 6
1297 4523 1700 4594 Πηλουσιώτης,
1734 4525 1789 4577 ὅτ

1989 4526 2040 4580 1.
2072 4525 2181 4597 (21)
2215 4524 2360 4578 Dixit
2387 4525 2554 4578 abbas
2587 4523 2829 4577 Isidorus
2862 4523 3133 4576 Pelusiota
3160 4541 3174 4576 :
3212 4519 3334 4575 Vita
3371 4520 3488 4577 sine

225 4616 344 4680 Βίος
373 4617 508 4669 ἄνευ
539 4615 699 4682 λόγου
738 4613 984 4686 [μᾶλλον]
1024 4614 1252 4683 ὠφελεῖν
1299 4613 1561 4684 πέφυκεν,
1589 4617 1622 4686 ἢ
1655 4615 1810 4684 λόγος

225 4708 352 4761 ἄνευ
387 4707 530 4777 βίου.
573 4707 632 4758 '0
682 4706 779 4776 μὲν
819 4707 947 4776 γὰρ,
979 4705 1072 4759 καὶ
1109 4707 1274 4774 σιγῶν
1311 4706 1550 4776 ὠφελεῖ·
1576 4709 1604 4759 6
1632 4708 1688 4760 δὲ
1717 4708 1812 4760 καὶ

231 4801 368 4870 βοῶν
405 4799 636 4868 ἐνοχλεῖ.
669 4797 730 4850 Εἰ
777 4797 832 4850 δὲ
865 4799 956 4851 καὶ
980 4798 1134 4867 λόγος
1168 4801 1260 4852 καὶ
1289 4799 1398 4869 βίος
1434 4799 1808 4871 συνδράμοιδί,

229 4892 291 4945 ἰν
322 4889 650 4960 φιλοσοφίας
689 4889 908 4960 ἁπάσης
951 4890 1304 4944 ἀποτελοῦσιν
1334 4891 1574 4962 ἄγαλμα.

303 5071 368 5142 β’.
415 5072 478 5124 '0
529 5069 694 5132 αὐτὸς
741 5068 927 5136 ἔλεγε·
967 5068 1078 5131 Τὰς
1127 5067 1328 5138 ἀρετὰς
1381 5066 1517 5136 τίμα
1549 5083 1562 5097 ’
1591 5067 1664 5137 μὴ
1718 5066 1818 5129 τὰς

231 5162 540 5232 εὐημερίας
569 5159 864 5230 θεράπευε·
899 5163 954 5213 αί
989 5161 1088 5230 μὲν
1123 5161 1231 5229 γὰρ
1265 5158 1530 5214 ἀθάνατόν
1563 5160 1669 5210 εἰσι
1696 5157 1821 5228 χρῆ·

235 5271 314 5324 μα
332 5273 346 5284 ·
379 5255 439 5307 αἱ
463 5253 524 5306 δὲ
553 5252 752 5324 ῥᾳδίως
777 5251 1108 5306 σϐέννυνται.

305 5345 374 5413 γ’.
413 5343 555 5400 Εῐπε
579 5343 773 5408 πάλιν,
805 5343 885 5396 ὅτι
919 5343 1110 5396 Πολλοὶ
1141 5341 1248 5397 τῶν
1272 5342 1572 5414 ἀνθρώπων
1603 5345 1822 5416 ὀρέγον-

307 5465 350 5494 ⁵¹¹
379 5465 462 5518 AI.
501 5464 629 5519 add.
659 5465 803 5534 ἔχεις
836 5462 1121 5535 βληθῆναι.

237 5548 410 5604 μεν.

315 5649 421 5714 (t9)
465 5645 566 5701 Vit.
605 5645 760 5700 Patr.
794 5661 880 5708 ιιι,
919 5647 1038 5701 101.

317 5719 426 5784 αθ)
467 5715 570 5771 νει.
603 5716 760 5773 Patr.
789 5733 994 5780 xxxv”,
1027 5717 1075 5771 1.

319 5787 423 5860 (ιι)
451 5786 578 5844 Isid.
613 5789 710 5844 ιιι).
741 5803 804 5856 ιι,
840 5791 1000 5860 epist.
1037 5789 1162 5844 275.

1234 5463 1278 5496 ⁵⁸
1327 5464 1410 5520 AI.
1442 5466 1761 5540 δεινότερον.

1884 5469 1930 5503 ⁸⁸
1965 5467 2052 5522 AI.
2080 5467 2365 5538 θελήματι.

1917 4633 2169 4674 sermone
2234 4617 2422 4684 magis
2474 4615 2717 4686 prodest,
2765 4629 2930 4684 quam
2967 4629 3146 4668 sermo
3195 4614 3315 4667 sine
3355 4613 3486 4665 vita.

1917 4713 2021 4779 Qui
2052 4711 2196 4765 enim
2225 4719 2371 4762 recte
2399 4709 2552 4773 vivit,
2585 4715 2638 4762 et
2671 4718 2860 4760 tacens
2893 4705 3044 4773 juvat
3071 4723 3084 4758 :
3117 4704 3208 4774 qui
3249 4720 3377 4758 vero
3409 4705 3489 4758 lo-

1919 4803 2104 4870 quitur
2145 4807 2376 4858 tantum,
2413 4797 2574 4851 etiam
2615 4797 2814 4849 turbat.
2859 4795 3014 4860 Quod
3045 4795 3090 4848 si
3131 4809 3312 4848 sermo
3351 4793 3488 4848 vita-

1918 4908 2025 4962 que
2062 4891 2466 4952 concurrerint,
2499 4888 2791 4943 absolvunt
2817 4888 2988 4942 totius
3029 4886 3387 4957 philosophia:
3415 4886 3490 4942 si-

1920 4983 2244 5036 mulacrum.

1997 5072 2053 5126 2.
2083 5071 2198 5141 (22)
2251 5069 2396 5124 Idem
2447 5068 2699 5124 monuit:
2733 5067 2976 5124 Virtutes
3027 5069 3082 5123 in
3119 5069 3293 5140 pretio
3331 5067 3487 5134 habe,

1919 5181 1984 5220 ac
2025 5181 2092 5218 ue
2119 5165 2269 5218 colas
2297 5163 2482 5217 mundi
2527 5177 2806 5233 prospera.
2836 5161 2943 5217 Illa:
2971 5163 3115 5218 enim
3152 5179 3240 5219 res
3267 5165 3490 5218 immor-

1921 5256 2058 5312 tales
2098 5262 2244 5316 sunt,
2277 5253 2394 5307 haec
2426 5269 2554 5308 vero
2601 5252 2760 5309 facile
2787 5253 3236 5325 exstinguuntur.

1993 5348 2050 5404 5.
2087 5347 2204 5418 (‘25)
2228 5345 2420 5400 Adhuc
2451 5345 2621 5400 dixit:
2653 5345 2795 5401 Inter
2817 5346 3062 5404 homines
3085 5345 3240 5400 multi
3270 5343 3494 5414 quidem

2473 5467 2520 5497 ⁵⁸
2551 5463 2685 5521 Luc.
2715 5483 2828 5535 nl,
2860 5467 2943 5524 I9.
3060 5467 3103 5499 "
3140 5465 3226 5520 AI.
3259 5465 3492 5535 συνδρά-

1988 5653 2100 5722 (29.)
2133 5653 2251 5709 Lib.
2281 5670 2344 5716 η.
2367 5653 2528 5723 epist.
2559 5653 2675 5708 116.

1989 5725 2101 5796 (25)
2135 5724 2250 5781 Lib.
2287 5739 2348 5790 II‘,
2387 5726 2550 5797 epist.
2591 5723 2682 5780 98.
