3874 6308
439 287 550 344 225

1566 295 1916 354 APPENDIX
1953 299 2045 355 AD
2083 299 2502 361 PALLADIUM.

3566 319 3678 378 29.!

440 404 699 459 virtutem
725 413 1005 475 appetunt,
1037 407 1133 464 sed
1164 409 1220 464 in
1243 414 1328 464 via
1352 426 1473 481 qua:
1503 413 1572 469 ad
1600 431 1721 470 eam
1743 417 1895 471 duei-t
1921 417 2006 471 in-

2120 437 2194 472 ιαι
2248 421 2345 490 μὲν
2392 421 2627 492 ἀρετῆς,
2656 422 2754 492 τὴν
2794 421 2852 475 δέ
2901 423 2985 476 ἐπ’
3028 423 3196 496 αὐτὴν
3248 426 3513 494 φέρουσαν
3555 433 3677 484 ὁδὸν

440 493 636 550 cedere
667 506 1036 554 cunctantur:
1069 500 1158 554 alii
1199 517 1328 556 vero
1358 519 1540 573 neque
1571 516 1797 562 censent
1832 507 2006 563 virtu-

440 593 552 638 tem
582 601 724 642 esse.
751 588 976 657 Oportet
1015 581 1178 660 igitur
1206 593 1314 648 illis
1351 597 1568 663 quidem
1596 599 1922 667 persuadere
1949 608 2008 654 ut

441 678 730 747 segnitiem
759 680 1068 750 deponant;
1094 683 1194 738 bos
1230 699 1363 740 vero
1379 685 1598 753 docere,
1636 689 1890 745 virtutem
1922 704 2009 745 re-

441 783 570 821 vera
597 772 854 824 virtutem
889 788 1030 827 esse.

513 860 566 915 4.
601 861 711 929 (2t)
746 861 857 916 Hoc
889 867 1051 918 etiam
1085 865 1291 922 dictum
1320 870 1466 926 illius
1505 874 1744 930 exstitit:
1778 875 2005 943 Vitium,

443 959 499 1003 et
529 950 778 1007 homines
803 969 835 1008 a
860 955 968 1010 Deo
994 958 1298 1026 sejnnxitet
1325 962 1466 1017 inter
1489 978 1548 1019 se
1573 965 1864 1036 disjunxit.
1892 969 2007 1025 Hoc

439 1041 606 1112 igitur
628 1047 843 1099 concito
874 1053 1036 1102 cursu
1074 1062 1288 1120 oportet
1311 1052 1516 1123 fugere,
1550 1072 1650 1112 nec
1677 1075 1786 1114 non
1817 1075 2009 1118 conse-

437 1134 572 1186 ctari
603 1137 877 1203 virtutem,
911 1155 1030 1206 quae
1050 1142 1115 1195 ad
1150 1142 1314 1197 Deum
1337 1143 1509 1210 ducit,
1534 1163 1744 1220 nosque
1768 1152 2002 1208 invicem

439 1225 745 1297 conjungit.
782 1229 1010 1286 Virtutis
1036 1245 1214 1290 autem
1242 1244 1295 1291 et
1333 1238 1688 1310 philosophiae
1718 1245 1917 1301 modus
1941 1261 2004 1302 ac

438 1316 686 1374 definitio
719 1329 834 1376 est:
864 1322 1000 1377 Cum
1025 1328 1310 1395 prudentia
1334 1331 1677 1400 simplicitas.

507 1409 562 1462 5.
599 1410 710 1480 (25)
752 1412 895 1468 Dixit
931 1415 1162 1474 iterum:
1205 1420 1657 1493 Quandoquidem
1691 1426 1882 1498 ingens
1918 1437 2004 1484 est

438 1497 764 1558 humilitatis
811 1504 1108 1578 fastigium.
1154 1519 1208 1565 et
1259 1517 1582 1584 arrogantiae
1622 1497 2002 1588 praeipitium,

439 1593 729 1647 consilium
767 1597 921 1652 vobis
948 1601 1037 1665 do,
1077 1611 1136 1656 ut
1169 1603 1302 1658 illud
1340 1608 1762 1676 amplectamini,
1798 1612 1856 1665 in
1904 1612 2010 1668 hoc

443 1695 573 1736 vero
600 1699 668 1738 ne
691 1685 978 1744 decidatis.

2105 511 2353 564 ὀκνοῦσιν
2392 513 2528 566 ἰέναι
2549 529 2562 543 ⁶
2600 513 2748 566 ἄλλοι
2772 513 2829 566 δὲ
2855 514 2973 567 οὐδέ
2997 516 3195 587 ἀρετὴν
3226 513 3364 571 εἶναι
3394 517 3677 587 ἡγοῦνται.

2107 603 2228 674 Χρὴ
2258 599 2350 658 οὖν
2386 604 2510 666 τοὺς
2544 604 2641 672 μὲν
2666 607 2868 668 πεῖσαι,
2899 606 2992 657 τὸν
3029 606 3183 660 δκνον
3213 609 3528 665 ἀποθέσθαι·
3550 615 3682 679 τοὺς

2106 695 2162 748 δὲ
2193 694 2396 761 διδάξαι
2433 697 2514 748 ὃτι
2537 697 2703 760 ὅντως
2739 698 2906 768 ἀρετή
2946 699 3090 752 ἐστιν
3121 701 3155 772 η
3189 701 3376 772 ἀρετή.

2177 873 2238 928 δ’.
2281 870 2415 926 Εἷπε
2447 874 2628 940 πάλιν,
2663 877 2744 929 ὅτι
2779 879 2812 947 ἠ
2837 885 3024 938 κακὶα,
3046 878 3139 931 καὶ
3163 880 3298 932 θεοῦ
3329 883 3453 940 τοὺς
3474 882 3684 952 ἀνθρώ-

2111 982 2248 1028 πους
2278 967 2571 1038 ἀπέστησε,
2617 969 2710 1020 καὶ
2747 968 2990 1040 ἀλλήλων
3035 969 3302 1040 διέστησε.
3335 970 3552 1043 Ταύτην
3584 971 3680 1028 οὖν

2107 1059 2484 1130 προτροπάδην
2524 1060 2741 1130 φεύγειν
2781 1061 2885 1132 χρὴ
2905 1102 2919 1120 ,
2952 1063 3046 1113 καὶ
3076 1060 3290 1116 διώκειν
3315 1065 3414 1134 τὴν
3442 1067 3645 1137 ἀρετὴν
3663 1107 3678 1131 ,

2111 1150 2208 1222 τὴν
2234 1154 2326 1204 καὶ
2347 1150 2466 1221 Θεῷ
2491 1159 2868 1223 προσάγουσαν
2888 1153 2982 1206 καὶ
3006 1151 3253 1222 ἀλλήλοις
3279 1155 3677 1211 συνάπτουσαν.

2114 1235 2340 1313 Ἀρετῆς
2375 1243 2432 1296 δὲ
2465 1244 2560 1297 καὶ
2591 1243 2904 1312 φιλοσοφίας
2945 1245 3091 1315 ὄρος,
3112 1245 3174 1297 τὸ
3217 1245 3355 1315 μετὰ
3408 1247 3680 1312 συνέσεως

2117 1333 2408 1388 ἄπλαστον.

2185 1430 2244 1476 ε’.
2291 1423 2481 1490 Ἔλεγε
2515 1423 2710 1478 πάλινο
2758 1424 2974 1496 Ἐπειδὴ
3009 1426 3148 1494 μέγα
3177 1426 3273 1494 τῆς
3319 1444 3680 1498 ταπεινοφρο-

2113 1515 2280 1587 σύνης
2305 1517 2366 1568 τὸ
2393 1515 2546 1584 ὕψος,
2577 1519 2672 1569 καὶ
2700 1517 2800 1588 τῆς
2831 1518 3144 1582 ἀλαζονείας
3171 1519 3231 1571 τὸ
3274 1521 3503 1590 πτῶμα,
3537 1539 3678 1587 συμ-

2106 1607 2348 1660 ϐουλεύω
2373 1608 2520 1677 ὑμῖν,
2552 1610 2726 1662 ἐκεῖνο
2759 1609 2857 1679 μὲν
2901 1609 3268 1672 ἀσπάσασθαι,
3306 1612 3480 1682 τούτῳ
3503 1613 3561 1665 δὲ
3604 1615 3680 1686 μὴ

2111 1701 2446 1767 περιπεσεῖν.

509 1773 562 1827 6.
594 1773 706 1844 (26)
742 1776 891 1832 Hanc
919 1795 1135 1851 quoque
1166 1787 1391 1854 protulit
1413 1791 1735 1844 sententiam
1763 1813 1775 1846 :
1807 1791 2006 1849 Gravis

2167 1791 2243 1849 ς’.
2276 1786 2406 1842 Εἷπε
2437 1791 2594 1844 πάλιν
2623 1808 2637 1821 ·
2672 1791 2730 1843 '0
2754 1791 2921 1855 δεινὸς
2955 1794 3046 1846 καὶ
3077 1796 3378 1866 πάντολμος
3403 1797 3506 1867 τῆς
3531 1798 3677 1867 φιλο-

439 1871 492 1919 et
528 1879 723 1921 cuncta
757 1871 964 1928 audens
993 1875 1227 1938 habendi
1252 1894 1426 1940 amor.
1464 1883 1729 1938 satietatis
1759 1886 2003 1949 nescius,

440 1957 679 2012 animam
713 1977 874 2029 quam
909 1969 1278 2036 occupaverit,
1307 1971 1375 2023 ad
1401 1981 1704 2028 extremum
1742 1977 2007 2030 malorum

438 2047 689 2136 impellit.
726 2051 868 2123 Ergo
897 2071 1021 2110 eum
1056 2061 1292 2115 maxime
1323 2062 1377 2115 in
1407 2065 1691 2134 principiis
1721 2067 2004 2136 pellamus.

437 2135 576 2192 Cum
608 2156 751 2195 enim
783 2146 1100 2213 obtinuerit,
1135 2153 1238 2204 erit
1268 2153 1722 2226 inexpugnabilis.

627 2249 709 2306 De
735 2252 924 2309 abbate
948 2254 1144 2313 lsaaco
1175 2261 1472 2332 presbytero
1499 2261 1808 2324 Celliorum.

508 2425 561 2480 I.
593 2425 706 2498 (27)
734 2427 1014 2488 Venerunt
1043 2436 1356 2505 aliquando,
1390 2449 1450 2493 ut
1481 2441 1730 2498 abbatem
1762 2443 2006 2502 lsaacum

434 2519 811 2590 presbyterum
859 2523 1125 2580 facerent.
1164 2527 1256 2585 Ille
1299 2531 1529 2588 audiens
1561 2533 1699 2604 fugit
1735 2539 1789 2592 in
1838 2539 2007 2612 Egy-

434 2622 630 2682 ptum;
662 2615 904 2686 abiitque
955 2618 1022 2672 ad
1067 2635 1279 2690 agrum,
1328 2639 1391 2678 ac
1441 2627 1580 2681 inter
1617 2629 1797 2684 fenum
1833 2633 2005 2688 latuit.

434 2705 624 2775 Itaque
650 2704 841 2763 Patres
879 2723 998 2779 post
1025 2727 1146 2766 eum
1174 2715 1448 2771 subsecuti
1480 2730 1606 2773 sunt
1636 2739 1648 2775 :
1689 2733 1743 2776 et
1770 2723 1836 2776 ad
1867 2741 2009 2779 enm-

435 2793 560 2848 dem
585 2810 775 2866 agrum
809 2802 1212 2868 pervenientes,
1236 2808 1619 2869 coustiterunt.
1653 2828 1761 2881 quo
1788 2817 2005 2883 paulum

435 2882 511 2938 ibi
544 2887 915 2945 serelicerent
947 2909 958 2943 :
1011 2900 1130 2945 erat
1159 2894 1304 2948 enim
1356 2913 1484 2952 nox.
1533 2900 1756 2955 Asinum
1791 2882 2039 2974 quoque-

436 2976 718 3031 solverunt
762 2981 828 3033 ad
875 2992 1114 3051 pastum.
1168 2986 1271 3051 Qui
1319 2988 1530 3055 abiens,
1586 2994 1734 3047 stetit
1769 3005 1891 3052 ante
1918 3012 2007 3051 se-

2107 1884 2418 1955 χρηματίας
2447 1883 2608 1954 ἔρως,
2640 1885 2798 1955 κόρον
2849 1887 2948 1938 οὐκ
2992 1886 3162 1950 εἰδὼς,
3195 1889 3287 1942 ἐπὶ
3342 1891 3403 1942 τὸ
3450 1891 3676 1960 ἔσχατον

2107 1976 2216 2028 τῶν
2250 1975 2452 2038 κακῶν,
2481 1977 2579 2046 τὴν
2605 1975 2835 2029 ἁλοῦσαν
2864 1977 3039 2048 ψυχὴν
3067 1979 3299 2033 ἐλαύνει.
3333 1983 3543 2036 Οὐκοῦν
3570 1984 3676 2053 μά-

2107 2066 2262 2120 λιστα
2289 2067 2457 2134 αὐτὸν,
2481 2068 2540 2118 ἐν
2565 2068 2867 2138 προοιμίοις
2907 2070 3205 2142 ἐλάσωμεν.
3223 2075 3518 2144 Κρατήσας
3545 2076 3676 2147 γὰρ,

2107 2159 2404 2230 ἀχείρωτος
2443 2157 2614 2224 ἔσται.

2139 2270 2278 2341 Περὶ
2332 2271 2439 2325 τοῦ
2479 2269 2630 2326 ἀδεᾶ
2667 2274 2873 2327 Ἰσαὰκ
2921 2274 3028 2326 τοῦ
3070 2277 3474 2346 πρεσϐυτέρου
3523 2278 3643 2332 τῶν

2752 2346 3041 2397 Κελλὶων.

2178 2462 2246 2509 α’.
2289 2451 2490 2508 *Ηλθόν
2537 2473 2667 2509 ποτε
2718 2457 2806 2509 τὸν
2863 2458 3034 2512 ά665ἰν
3075 2458 3257 2512 Ἰσαὰκ
3309 2461 3678 2533 πρεσϐύτερον

2110 2548 2352 2616 ποιῆσαι.
2404 2548 2514 2602 Καὶ
2548 2547 2816 2612 ἀκούσας,
2869 2551 3067 2621 ἔφυγεν
3113 2553 3191 2614 εἰς
3229 2553 3502 2621 Αἴγυπτον
3538 2570 3551 2583 ·
3583 2572 3680 2608 και

2109 2638 2350 2708 ἀπῆλθεν
2378 2641 2457 2702 εἰς
2484 2639 2669 2710 ἀγρὸν,
2701 2640 2795 2693 καὶ
2830 2641 3038 2712 ἐκρύϐη
3067 2643 3169 2696 ἀνὰ
3213 2643 3373 2713 μέσον
3409 2645 3504 2696 τοῦ
3550 2647 3673 2717 χόρσ

2108 2750 2225 2786 του.
2278 2732 2619 2798 Κατεδίωξαν
2651 2728 2742 2784 οὖν
2770 2734 2818 2785 oi
2859 2733 3099 2804 Πατέρες
3141 2734 3313 2787 ὀπίσω
3358 2735 3543 2788 αὑτοῦ·
3583 2740 3676 2790 καὶ

2111 2817 2412 2895 φθάσαντες
2427 2825 2506 2888 είς
2523 2825 2685 2877 αὐτὸν
2713 2825 2800 2877 τὸν
2820 2825 2986 2895 ἀγρὸν
3003 2865 3018 2888 ,
3049 2826 3344 2881 κατέλυσαν
3376 2827 3678 2898 ἀνακαῆναι

2113 2917 2307 2988 μικρὸν
2343 2918 2459 2968 ἐκεῖ
2481 2933 2492 2946 ’
2520 2912 2588 2986 ἦν
2625 2915 2732 2986 γὰρ
2759 2915 2872 2980 νύξ.
2914 2915 3013 2969 Καὶ
3038 2917 3128 2970 τὸν
3158 2917 3274 2972 ὃνον
3293 2918 3569 2973 ἀπέλυσαν
3592 2920 3680 2990 βό-

2114 3008 2356 3060 σκεσθαι.
2410 3005 2466 3058 ’0
2498 3006 2554 3058 δέ
2587 3006 2704 3069 ὄνος
2743 3006 3012 3069 ἀπελθὼν,
3038 3007 3164 3077 ἔστη
3195 3009 3335 3062 κατὰ
3366 3010 3460 3063 τοῦ
3494 3013 3682 3082 γέων-

403 3081 582 3142 ]ιειιι.
641 3069 911 3136 Quocirca
959 3090 1116 3130 mane
1157 3089 1462 3145 quierentes
1504 3084 1742 3152 asinum,
1789 3090 2004 3142 invene-

2120 3116 2216 3160 τος.
2241 3099 2348 3149 Καὶ
2379 3096 2523 3168 πρωῒ
2553 3096 2839 3166 ζητοῦντες
2891 3098 2982 3150 τὸν
3004 3097 3141 3157 ὄνον,
3162 3092 3318 3170 εὖρον
3338 3100 3432 3153 καὶ
3463 3102 3553 3153 τὸν
3585 3102 3680 3154 ἀϐ-

435 3169 567 3215 runt
615 3178 719 3216 una
761 3165 1012 3220 abbatem
1061 3168 1350 3226 lsaacum:
1399 3182 1562 3244 atque
1605 3192 1716 3231 rem
1753 3178 2004 3236 demirati

435 3261 586 3307 sunt.
615 3253 751 3308 Cum
777 3266 956 3312 autem
985 3262 1186 3316 vellent
1216 3279 1338 3319 eum
1375 3266 1559 3337 ligare,
1595 3286 1698 3324 non
1738 3275 2002 3342 permisit,

435 3344 666 3402 dicens:
697 3347 813 3404 Non
847 3354 1080 3422 amplius
1111 3356 1278 3425 fugio.
1315 3357 1404 3413 Dei
1437 3364 1579 3414 enim
1613 3365 1862 3422 voluntas
1889 3375 2006 3434 est;

435 3448 490 3494 et
521 3454 848 3512 quocunque
879 3445 1089 3515 fugem,
1120 3450 1185 3503 ad
1223 3451 1325 3504 lmc
1354 3453 1593 3508 veniam.

505 3531 561 3585 2.
615 3532 933 3591 Memoravit
979 3540 1146 3593 abbas
1181 3541 1360 3598 Isaac:
1395 3543 1630 3610 Quando
1669 3563 1816 3602 eram
1849 3549 2009 3619 juve-

435 3625 545 3690 nis,
586 3629 871 3682 manebam
909 3645 1030 3685 cum
1086 3635 1281 3689 abbate
1328 3635 1565 3704 Cronio;
1621 3655 1719 3694 nec
1767 3657 2006 3711 unquam

436 3716 575 3771 dixit
606 3720 738 3774 mihi
780 3723 1058 3792 quidpiam
1097 3729 1282 3796 operis
1320 3727 1518 3794 facere,
1551 3734 1800 3801 quamvis
1842 3750 2006 3788 senex

435 3819 581 3864 esset
606 3827 667 3865 ac
695 3815 1004 3870 tremulus:
1047 3831 1232 3871 verum
1272 3830 1467 3889 sponte
1505 3824 1760 3892 surgebat
1803 3824 2009 3892 praabe-

435 3897 638 3970 batqne
668 3919 790 3956 cuin
819 3907 951 3958 mihi
992 3917 1102 3961 tum
1139 3911 1304 3964 simili
1331 3911 1489 3966 modo
1521 3916 1732 3968 exteris
1758 3915 2005 3970 liaucale.

370 4017 384 4034 ι
437 3989 570 4046 ltetn
601 4009 724 4048 cum
755 3997 952 4053 abbate
981 3999 1270 4056 Theodoro
1304 4001 1622 4061 Phermensi
1662 4009 1874 4074 resedi;
1909 4023 2009 4063 nec

439 4081 557 4150 ipse
595 4087 726 4139 mihi
774 4088 913 4141 dixit
952 4092 1245 4160 quidquam
1297 4109 1485 4164 agere;
1537 4097 1632 4151 sed
1676 4105 1732 4152 et
1781 4099 2010 4169 ipsemet

440 4187 680 4230 mensmi
698 4180 951 4246 ponebat,
989 4182 1270 4253 aiebatque
1297 4203 1309 4238 :
1335 4183 1543 4251 Frater,
1576 4191 1621 4243 si
1646 4191 1842 4260 placet,
1860 4207 2011 4246 man-

442 4264 700 4320 ducatum
729 4273 869 4324 veni.
901 4270 1011 4340 Ego
1042 4289 1166 4329 vero
1185 4277 1251 4330 ad
1285 4294 1406 4331 eum
1451 4281 1659 4334 aiebam
1687 4301 1700 4336 :
1745 4283 1917 4349 Abba,
1943 4284 2006 4338 ad

441 4366 496 4412 te
527 4360 756 4425 accessi,
801 4370 859 4414 ut
889 4379 1135 4432 caperem
1163 4369 1487 4437 utilitatem;
1534 4387 1704 4441 quare
1734 4390 1842 4429 non
1876 4378 2007 4431 mihi

2110 3185 2209 3237 δᾶν
2242 3185 2455 3237 Ἰσαάκ·
2496 3185 2588 3236 καὶ
2628 3183 2961 3254 ἐθαύμασαν.
2993 3184 3246 3249 Θέλοντες
3289 3186 3343 3238 δέ
3388 3188 3550 3241 αὑτὸν
3582 3189 3678 3258 δῆ-

2111 3292 2232 3336 σαι,
2281 3275 2379 3326 οὐκ
2433 3275 2641 3345 ἀφῆκε,
2690 3273 3036 3342 λέγων·ούκ
3084 3274 3164 3326 ἔτι
3207 3275 3407 3342 φεύγω.
3459 3277 3680 3347 Θέλημα

2109 3365 2218 3435 γὰρ
2255 3363 2347 3414 τοῦ
2378 3363 2512 3416 Θεοῦ
2552 3366 2696 3427 ἐστι,
2727 3365 2818 3416 καὶ
2848 3364 2981 3416 ὅπου
3019 3363 3062 3416 δ’
3094 3364 3159 3416 ἂν
3205 3365 3390 3434 φύγω,
3419 3367 3498 3442 είς
3549 3369 3682 3422 αὐτὸ

2109 3454 2356 3526 ερχομτλιι-

2181 3546 2245 3617 β’.
2290 3543 2452 3600 Εἶπεν
2490 3549 2518 3600 ὁ
2570 3546 2742 3609 ἀεόᾶς
2782 3545 3000 3600 Ἰσαάκδ
3035 3547 3163 3599 Ὅτε
3211 3549 3357 3618 ἤμην
3395 3549 3676 3622 νεώτερος,

2110 3641 2395 3710 ἐκαθήμην
2433 3641 2570 3710 μετὰ
2603 3641 2696 3692 τοῦ
2736 3640 2879 3695 ἀδεᾶ
2914 3639 3142 3710 Κρονίου
3167 3657 3181 3670 ·
3206 3647 3299 3691 καὶ
3323 3641 3574 3694 οὐδέποτε
3606 3639 3680 3694 εἷ-

2111 3734 2178 3788 πέ
2217 3751 2305 3804 μοι
2332 3732 2551 3802 ποιῆσαι
2582 3733 2760 3802 ἔργον,
2788 3732 2986 3803 καίπερ
3007 3731 3181 3803 γέρων
3207 3731 3279 3784 ὢν
3307 3734 3399 3784 καὶ
3426 3737 3643 3804 τρέμων
3662 3752 3676 3764 ⁸

2110 3826 2245 3880 ἀλλὰ
2281 3824 2347 3877 δι’
2387 3825 2579 3877 ἑαυτοῦ
2626 3826 2874 3897 ἠγείρετο
2909 3827 2999 3878 καὶ
3035 3828 3256 3896 παρεῖχε
3286 3825 3344 3876 τὸ
3387 3825 3676 3894 βαυκάλιον

2112 3921 2233 3990 ἐμοὶ
2276 3920 2366 3976 καὶ
2400 3922 2562 3973 πᾶσιν
2598 3920 2815 3990 ὁμοίως.
2860 3920 2969 3972 Καὶ
2999 3921 3135 3989 μετὰ
3171 3919 3262 3971 τοῦ
3300 3919 3441 3972 ἀδεᾶ
3477 3921 3676 3974 Θεοδώ-

2115 4029 2207 4083 ρου
2237 4012 2335 4082 τῆς
2371 4011 2589 4082 Φέρμης
2629 4012 2877 4075 ἐκάθισα,
2912 4014 3006 4065 καὶ
3042 4011 3160 4064 οὐδὲ
3203 4012 3374 4096 αὐτὸς.
3404 4011 3553 4080 ἐλεγέ
3590 4030 3679 4083 μοι

2116 4103 2335 4173 ποιῆσαί
2365 4104 2416 4155 τί
2462 4120 2618 4156 ποτε’
2647 4103 2780 4156 ἀλλὰ
2818 4105 2910 4156 καὶ
2942 4105 3038 4173 τὴν
3077 4105 3353 4174 τράπεζαν
3388 4104 3452 4156 δι’
3488 4106 3679 4160 ἑαυτοῦ

2112 4195 2297 4260 ἐτίθει,
2329 4197 2422 4249 καὶ
2451 4195 2632 4265 ἔλεγεν
2662 4211 2675 4224 °
2722 4195 2958 4263 Ἀδελφὲ,
2992 4197 3084 4249 ἐὰν
3113 4196 3292 4266 θέλῃς,
3327 4195 3483 4265 δεῦρο
3515 4199 3676 4265 φάγε.

2124 4286 2265 4354 Ἐγὼ
2296 4287 2352 4338 δὲ
2387 4287 2522 4357 πρὸς
2562 4286 2722 4339 αὐτὸν
2753 4287 2936 4353 ἔλεγον
2972 4304 2985 4319 ·
3029 4285 3216 4348 ’Λ66ἄ,
3245 4284 3406 4357 ἦλθον
3451 4286 3586 4356 πρὸς
3622 4285 3680 4338 σὲ

2116 4379 2201 4430 ἵνα
2219 4377 2508 4447 ὡιρεληθῶ·
2533 4377 2760 4440 καὶπῶς
2788 4380 2846 4430 οὑ
2880 4378 3055 4446 λέγεις
3077 4379 3168 4449 μοί
3196 4379 3248 4429 τί
3281 4396 3405 4430 ποτε
3438 4379 3678 4446 ποιῆσαις

443 4452 698 4524 praecipis
726 4453 929 4524 aliquid
963 4457 1181 4532 facere?
1211 4461 1279 4514 At
1311 4477 1475 4517 senex
1502 4465 1725 4519 omnino
1766 4469 2005 4523 tacebat.

2127 4469 2183 4522 ὐ
2203 4469 2260 4521 δὲ
2296 4469 2474 4539 γέρων
2505 4468 2680 4521 πάντα
2709 4468 2937 4522 ἐσιώπα.
2973 4470 3078 4522 Καὶ
3105 4470 3364 4539 ἀπῆλθον,
3401 4473 3492 4522 καὶ
3515 4472 3682 4541 ἀνήγ-

441 4545 565 4603 Abii
595 4565 744 4619 ergo,
797 4559 846 4604 et
896 4553 1140 4607 nuntiari
1189 4556 1432 4612 senibus.
1479 4558 1581 4625 Qui
1618 4563 1897 4617 venientes
1940 4563 2008 4618 ad

441 4658 566 4694 eum
591 4642 662 4696 ita
678 4643 842 4698 locuti
869 4654 996 4700 sunt
1016 4664 1030 4701 :
1053 4649 1223 4713 Abba,
1248 4653 1314 4703 ad
1334 4653 1674 4707 sanctitatem
1694 4662 1842 4707 tuam
1863 4657 2013 4709 venit

444 4733 630 4799 frater,
662 4745 719 4790 ut
757 4737 1079 4807 proficeret;
1108 4757 1206 4795 cur
1235 4759 1344 4797 non
1379 4745 1460 4800 ais
1496 4745 1572 4798 illi
1603 4755 1659 4800 ut
1686 4747 1888 4817 aliquid
1930 4748 2014 4804 fa-

443 4824 588 4884 ciat?
636 4823 932 4896 Respondit
979 4846 1182 4886 senex:
1231 4830 1371 4886 Num
1422 4835 1807 4891 cmnobiarcha
1866 4854 2011 4904 sum,

443 4930 554 4984 quo
588 4916 636 4969 ei
669 4920 1012 4989 praecipiam?
1039 4921 1148 4993 Ego
1192 4940 1344 4988 sane,
1378 4925 1512 4979 nihil
1548 4928 1882 4998 proloquor;
1917 4930 2012 4985 sed

444 5007 491 5062 si
523 5009 778 5072 voluerit,
814 5013 961 5080 quod
992 5017 1168 5070 cernit
1200 5032 1286 5071 me
1316 5017 1626 5082 facientem,
1663 5019 1822 5076 faciet
1849 5022 2014 5076 etiam

443 5097 582 5167 ipse.
619 5099 701 5154 Ab
743 5115 809 5154 eo
852 5101 1016 5170 igitur
1056 5112 1319 5175 tempore,
1368 5108 1766 5176 prmveniebam
1807 5120 1861 5165 et
1890 5127 2016 5182 age-

448 5187 596 5250 bam,
628 5191 674 5244 si
711 5192 839 5259 quid
881 5208 1045 5248 senex
1085 5207 1228 5251 esset
1259 5206 1502 5256 acturus.
1555 5198 1602 5256 Is
1641 5210 1820 5256 autem
1859 5204 2017 5271 quid-

447 5277 582 5346 quid
609 5292 947 5349 operaretur,
981 5286 1310 5357 operabatur
1340 5291 1537 5344 tacitus
1564 5308 1577 5344 :
1611 5298 1774 5362 atque
1794 5291 1899 5346 hoc
1928 5308 2015 5348 me

449 5365 658 5428 docuit,
698 5385 820 5423 cum
852 5371 1065 5428 silentio
1095 5379 1329 5446 operari.

524 5462 578 5515 5.
609 5460 790 5517 Abbas
827 5462 975 5520 lsaac
1018 5474 1074 5522 et
1105 5471 1272 5526 abbas
1311 5473 1584 5531 Abraham
1617 5475 1778 5532 simul
1826 5490 2014 5533 mane-

663 5641 786 5716 ιιι).
822 5661 881 5708 ιι,
907 5647 1068 5716 epist.
1101 5649 1222 5703 151.

524 5711 635 5786 (25)
663 5712 780 5771 Lib.
807 5730 891 5783 In,
920 5711 1080 5788 epist.
1113 5722 1198 5775 69.

2114 4561 2270 4630 γειλα
2309 4563 2421 4622 τοῖς
2451 4561 2692 4633 γέρουσι.
2725 4563 2834 4614 Καὶ⁸
2878 4562 3120 4625 ἐλθόντες
3155 4563 3203 4614 οἱ
3250 4563 3503 4632 γέροντες
3547 4563 3680 4634 πρὸς

2115 4652 2298 4716 αὑτὸν,
2321 4647 2473 4706 εἷπον
2502 4651 2674 4722 αὐτῷ’
2711 4649 3076 4724 Ἀ66ἄ,ἦλθεν
3105 4655 3132 4705 ὁ
3159 4653 3383 4722 ἁδελφὸς
3410 4653 3548 4723 πρὸς
3585 4654 3680 4720 τὴν

2114 4745 2423 4815 ἁγιωσύνην
2457 4763 2580 4813 σου,
2608 4745 2972 4817 ὠφεληθῆναι.
3001 4748 3094 4800 καὶ
3124 4747 3264 4800 διατί
3285 4749 3343 4800 οὐ
3372 4747 3550 4814 λέγεις
3587 4745 3681 4798 αύ-

2114 4834 2190 4903 τῷ
2216 4835 2302 4886 ἵνα
2339 4835 2542 4906 ποιήσῃ
2580 4834 2634 4886 τί
2661 4850 2788 4888 ποτε
2815 4853 2828 4897 ;
2861 4835 2970 4886 Καὶ
3009 4834 3153 4901 λέγει
3184 4837 3365 4897 αὐτοῖς
3395 4834 3429 4885 ’ὁ
3458 4833 3634 4903 γέρων
3663 4850 3676 4862 ο

2114 4928 2204 4996 Μὴ
2242 4926 2350 4997 γάρ
2387 4926 2761 4998 κοινοϐιάρχης
2795 4929 2928 4996 εἰμὶ,
2950 4927 3035 4978 ἵνα
3063 4927 3294 4992 διατάξω
3329 4926 3506 4996 abaci);
3545 4922 3680 4994 Ἐγὼ

2115 5018 2272 5081 τέως,
2303 5017 2452 5070 οὐδὲν
2483 5017 2626 5085 λέγω
2657 5017 2835 5088 αὐτῷ’
2878 5017 2991 5070 ἀλλ’
3030 5017 3124 5069 ἐὰν
3151 5017 3298 5088 θέλῃ.
3335 5015 3363 5068 ὃ
3391 5015 3576 5084 βλέπει
3613 5031 3677 5084 με

2117 5110 2396 5172 ποιοῦντα,
2445 5111 2662 5181 ποιήσει
2711 5109 2806 5163 καὶ
2837 5109 3020 5172 αὐτὸς.
3065 5108 3198 5161 Ἀπὸ
3245 5108 3364 5160 τότε
3395 5103 3507 5168 οὖν,
3549 5123 3680 5175 προ-

2115 5203 2416 5271 ελάμϐανον
2437 5203 2531 5257 καὶ
2553 5203 2788 5266 ἐποίουν,
2813 5203 2864 5254 εἴ
2891 5219 2942 5255 τι
2973 5201 3190 5271 ἔμελλεν
3221 5203 3247 5253 ὁ
3284 5200 3458 5270 γέρων
3486 5200 3676 5252 ποιεῖν.

2112 5298 2285 5358 Αὐτὸς
2308 5297 2362 5351 δε
2386 5295 2506 5349 εἴτι
2532 5295 2722 5358 ἐποίει,
2741 5293 2958 5348 σιωπῶν
2975 5293 3162 5346 ἐποίει·
3188 5290 3453 5346 καὶτοῦτο
3483 5309 3550 5360 με
3574 5290 3677 5343 ἐδί-

2115 5388 2264 5454 δαξε,
2303 5389 2361 5441 τὸ
2386 5391 2556 5441 ποιεῖν
2591 5387 2896 5442 σιωπῶντα.

2185 5481 2254 5550 γ’.
2307 5483 2366 5535 '0
2400 5481 2574 5545 άδόἄς
2621 5480 2823 5544 Ἰσαὰκ,
2859 5481 2950 5533 καὶ
2975 5482 3002 5532 ὁ
3031 5479 3200 5543 άϐεῖις
3242 5479 3510 5550 Ἀδραάμ,
3545 5474 3688 5546 ἦσαν

2190 5656 2300 5718 (26)
2328 5655 2447 5710 Lib.
2482 5671 2562 5708 ιιι.
2595 5655 2754 5721 epist.
2785 5654 2874 5706 ει.

2191 5725 2299 5795 (‘27)
2343 5725 2445 5780 Vit.
2487 5724 2634 5778 Patr.
2675 5722 2940 5786 annui.
