3874 6304
165 349 276 406 225

1309 329 1920 394 APOPHTHEGMATA
1956 328 2264 386 PATRUM.

3318 329 3430 388 226

170 473 310 540 ὅμου
336 464 646 528 οἰκοῦντες·
677 462 772 516 καὶ
793 457 1050 514 εἰσελθὼν
1077 459 1108 510 6
1133 455 1307 520 6666i;
1347 454 1616 526 Ἀϐραάμ,
1636 445 1760 522 ε’ὗρε

1903 459 2038 505 ant:
2077 457 2130 504 et
2171 449 2454 520 ingressus
2497 445 2666 502 abbas
2703 443 2978 500 Abraham
3012 441 3219 496 invenit
3256 443 3426 500 abba-

171 563 266 615 τόν
319 558 500 612 ἀὸϐᾶν
563 554 748 609 Ἰσαὰκ
795 552 1049 606 κλαίοντα
1080 563 1097 579 ·
1131 551 1226 602 καὶ
1271 549 1417 616 λέγει
1477 545 1624 614 αὐτῷ
1651 561 1663 574 ·
1695 543 1760 596 Τί

67 655 80 668 “
173 651 392 713 κλαίεις
425 666 440 713 ;
475 648 586 702 Καὶ
625 642 774 698 εἶπεν
809 646 837 698 6
871 643 1078 713 γέρων⁸
1107 639 1210 694 Kal.
1235 639 1375 692 διατι
1411 637 1486 707 μὴ
1515 633 1761 688 κλαύσω-

179 759 314 814 μεν;
359 741 474 794 Ποῦ
503 739 614 808 γάρ
635 738 830 808 ἔχομεν
855 733 1136 796 ἀπελθεῖν;
1170 729 1539 801 ἐκοιμήθησαν
1570 728 1618 779 οἱ
1653 728 1762 779 Πα-

175 835 336 904 τέρες
363 831 544 902 ἡμῶν.
571 832 684 884 Οὐκ
711 830 870 898 ἢρκει
896 826 1005 894 γὰρ
1023 827 1152 895 ἡμῖν
1180 823 1240 876 τὸ
1270 821 1581 892 ἐργὸχειρον
1603 819 1680 879 εἰς
1695 817 1763 869 τὰ

175 925 354 980 ναῦλα
379 923 490 976 τῶν
519 921 739 984 πλοίων,
761 919 796 972 ἃ
827 918 1162 988 παρείχομεν
1192 911 1552 984 ἀπερχόμενοι
1587 925 1764 979 παρα-

175 1019 367 1072 ϐαλεῖν
397 1019 511 1078 τοῖς
540 1014 782 1085 γέρουσι.
817 1009 930 1064 Νῦν
973 1005 1066 1061 οὖν
1112 1001 1630 1076 ἁπωρφανίσθημεν.
1666 999 1765 1050 Διὰ

175 1107 340 1160 τοῦτο
371 1101 532 1171 κάγὼ
571 1101 762 1154 κλαίω.
1493 1107 1496 1110 λ

245 1195 312 1248 δ’.
353 1191 528 1248 Εἶπεν
561 1195 590 1246 6
658 1191 830 1254 6665i;
876 1189 1099 1242 Ἰσαάκ·
1168 1182 1297 1240 Οἶδα
1343 1181 1567 1252 ἀδελφὸν
1618 1178 1762 1248 θερί-

179 1287 348 1352 ζοντα
377 1287 436 1338 ἐν
472 1283 658 1355 ἀγρῷ,
691 1283 788 1336 καὶ
815 1282 1048 1353 ἠθέλησε
1080 1281 1272 1348 φαγεῖν
1324 1277 1522 1346 στάχυν
1575 1273 1720 1326 σίτου
1751 1288 1764 1300 ’

180 1379 274 1431 καὶ
305 1375 432 1430 εἷπε
461 1377 540 1446 τῷ
572 1375 746 1446 κυρίῳ
767 1373 858 1426 τοῦ
894 1373 1061 1444 ἀγροῦ
1079 1391 1091 1403 ·
1125 1371 1312 1433 Θέλεις
1336 1369 1496 1439 φάγω
1522 1366 1618 1418 ἕνα
1646 1363 1772 1415 στά-

181 1487 280 1538 χυν
321 1467 516 1528 eri-:00;
556 1468 614 1519 ὐ
655 1465 710 1517 δὲ
755 1465 1012 1524 ἀκούσας.
1040 1461 1339 1533 ἐθαύμασε,
1375 1459 1468 1513 καὶ
1493 1453 1646 1510 εἶπεν
1676 1453 1772 1506 αὐ-

181 1559 260 1629 τῷ
283 1575 296 1587 ·
329 1560 432 1618 E6;
481 1560 628 1610 ἐστιν
650 1557 677 1609 6
697 1556 860 1627 ἀγρὸς
885 1597 897 1612 .
927 1554 1107 1624 Πάτερ
1128 1595 1141 1614 .
1173 1552 1317 1622 κάμὲ
1359 1550 1600 1620 ὲρωτᾷςς
1630 1545 1774 1605 Ἕως

179 1649 378 1702 τούτου
403 1648 740 1720 ἡκριϐάζετο
765 1653 792 1700 6
823 1646 1060 1714 ἁδελφός.

251 1742 312 1795 ε’.
334 1737 475 1794 Εἷπε
499 1740 662 1793 πάλιν
682 1741 794 1800 τοῖς
815 1737 1056 1805 ἀδελφοῖς
1078 1755 1090 1767 ·
1105 1737 1194 1806 Μὴ
1228 1733 1418 1802 φέρετε
1437 1725 1538 1784 ὦδε
1565 1729 1771 1784 παιδία.

1843 1359 1946 1413 ita
2005 1361 2350 1432 compellavit
2394 1359 2508 1430 agri
2563 1360 2841 1414 dominum

1863 551 1970 596 tem
2007 541 2256 597 lsaacum
2305 541 2696 612 lacrymantcm
2737 557 2750 592 :
2801 537 3045 605 dixitque
3070 533 3162 591 ei:
3203 533 3314 590 Cur
3359 537 3432 590 Ia-

1862 634 2175 706 crymaris?
2207 633 2344 688 Tum
2388 647 2550 688 senex
2580 651 2594 687 :
2630 631 2829 697 Quare,
2880 629 3076 698 inquit,
3109 641 3216 680 non
3251 627 3430 698 lacry-

1865 727 2175 780 mabimur?
2200 726 2320 792 Quo
2343 726 2486 780 enim
2518 723 2720 779 abituri
2755 721 2982 778 sumus?
3011 719 3434 774 Obdormierunt

1864 813 2055 868 Patres
2091 815 2290 870 nostri.
2327 813 2461 868 Nam
2495 829 2602 867 non
2637 811 2933 868 sufficiebat
2967 810 3122 864 nobis
3149 825 3286 878 opus
3315 823 3436 862 ma-

1865 921 2057 966 nuutn,
2092 905 2146 960 in
2181 906 2399 959 navium
2437 905 2622 970 naula,
2660 919 2781 974 quae
2819 902 3168 956 tradebamus
3212 899 3436 970 prolici-

1868 1007 2084 1052 scentcs
2126 996 2190 1050 ad
2237 995 2548 1052 invisendos
2600 1010 2778 1054 senes.
2827 992 2983 1046 Nunc
3033 992 3196 1062 igitur
3241 991 3434 1062 pupilli

1868 1088 1998 1143 facti
2027 1102 2239 1142 sumus.
2273 1087 2501 1155 Ideoque
2535 1101 2635 1154 ego
2663 1086 2952 1155 lacrymor.

1939 1179 1992 1232 4.
2033 1179 2176 1233 Dixit
2204 1178 2374 1233 abbas
2407 1179 2556 1232 Isaac.
2588 1196 2600 1231 :
2643 1176 2775 1231 Novi
2803 1173 3056 1236 fratrem,
3091 1175 3181 1244 qui
3218 1173 3274 1228 in
3304 1189 3437 1244 agro

1871 1279 2104 1331 metens,
2140 1284 2262 1324 cum
2296 1268 2558 1324 voluisset
2604 1266 2854 1323 frumenti
2890 1269 3092 1338 spicam
3131 1269 3438 1333 comedere,

2888 1379 2900 1413 :
2957 1356 3305 1414 Pcrmittisne
3381 1367 3442 1414 ut

1881 1467 2046 1504 unam
2077 1449 2334 1506 frumenti
2361 1451 2562 1520 spicam
2587 1449 2948 1504 manducent?
2971 1448 3062 1504 Ille
3091 1449 3316 1504 audiens
3337 1452 3441 1503 mi-

1874 1548 2026 1593 ratus
2060 1547 2164 1601 est,
2198 1539 2443 1608 dixitque
2481 1539 2528 1594 ei
2565 1557 2578 1594 :
2621 1539 2770 1594 Tuus
2813 1553 2948 1615 ager
2996 1545 3100 1598 est.
3149 1534 3326 1600 Pater,
3375 1555 3442 1592 ac

1878 1647 1962 1686 me
1995 1631 2340 1700 interrogas?
2369 1630 2444 1684 Eo
2473 1646 2645 1699 usque
2673 1629 2840 1684 frater
2869 1637 2986 1684 erat
3014 1639 3257 1686 exactus.

1950 1723 2002 1777 5.
2036 1722 2150 1790 (‘28)
2186 1721 2380 1776 lterum
2408 1721 2544 1774 dixit
2574 1721 2872 1776 fratribus:
2907 1719 3080 1774 Nolite
3115 1721 3218 1776 huc
3244 1735 3442 1791 pueros

183 1833 470 1902 Τέσσαρες
505 1833 614 1902 γὰρ
643 1829 926 1900 ἐκκλησίαι
955 1831 1034 1890 εἰς
1065 1825 1261 1898 Σκῆτιν
1298 1825 1493 1896 ἔρημοι
1517 1823 1769 1892 γεγόνασι

1907 1811 2169 1866 dducere.
2219 1810 2278 1865 in
2315 1809 2458 1865 Sceti
2490 1812 2634 1866 enim
2681 1821 2916 1881 quatuor
2947 1811 3194 1866 ecclesiae
3223 1819 3444 1882 propter

182 1925 270 1980 διὰ
305 1925 378 1978 τά
409 1923 626 1976 παιδία..

167 2011 184 2080 ζ
265 2028 346 2080 ς’.
373 2015 610 2082 Ἔλεγον
641 2013 762 2084 περὶ
787 2011 882 2065 τοῦ
922 2011 1066 2064 6665i.
1094 2007 1307 2072 Ἰσαὰκ,
1337 2005 1418 2058 ὃτι
1445 2004 1542 2075 τὴν
1582 2002 1772 2056 σποδὸν

185 2106 282 2160 τοῦ
331 2105 700 2176 θυμιατηρίου
753 2106 851 2176 τῆς
899 2104 1242 2175 προσφορᾶς,
1279 2100 1418 2171 μετὰ
1466 2096 1560 2152 τοῦ
1608 2097 1772 2167 ἄρτου

187 2196 384 2274 ἠεθιεν
419 2195 610 2250 αὑτοῦ.
1023 2191 1026 2194 ’

179 2267 222 2362 ί-
259 2294 332 2358 ζ’.
373 2288 608 2354 Ἔλεγεν
639 2288 668 2338 6
690 2285 862 2348 άϐὄᾶς
906 2283 1088 2339 Ἰσαὰκ
1125 2285 1238 2346 τοῖς
1283 2281 1548 2350 ἀδελφοῖς,
1595 2280 1774 2332 ὃτι-Οἱ

191 2389 447 2457 Ila—.5298;
475 2385 651 2456 ἡμῶν,
684 2380 779 2436 καὶ
811 2379 840 2430 6
873 2377 1048 2440 ἅεϐᾶς
1073 2373 1305 2446 Παμόὼ,
1345 2373 1550 2428 παλαιά
1575 2371 1776 2443 πολύρ-

194 2483 348 2548 ῥιλεα
393 2475 626 2544 ἐφόρουν
663 2473 756 2526 καὶ
787 2465 1033 2524 σεὸέννια
1056 2467 1127 2497 ⁵²⁶
1158 2464 1254 2516 νῦν
1293 2464 1350 2518 δὲ
1373 2462 1642 2532 πολύτιμα
1686 2479 1780 2529 φο·-

195 2547 366 2640 ρείτε.
404 2567 676 2632 Ὑπάγετε
720 2561 890 2626 ἔνθεν,
921 2555 1252 2630 ἠρημὼσατε
1297 2556 1364 2608 τὰ
1393 2547 1512 2607 ὧδε.
1550 2555 1678 2606 Ὅτε
1722 2552 1780 2604 δὲ

193 2659 430 2730 ἔμελλεν
455 2658 502 2689 ⁸³
530 2655 760 2720 ὑπάγειν
803 2654 882 2715 εἰς
909 2652 970 2703 τὺ
992 2649 1178 2719 θέρος,
1209 2643 1390 2712 ἔλεγεν
1423 2641 1604 2706 αὐτοῖς
1622 2658 1636 2672 ·
1668 2641 1782 2694 Οὐκ

195 2753 278 2806 ἔτι
307 2750 540 2820 παρέχω
571 2747 699 2817 ὑμῖν
729 2743 948 2806 ἐντολάς
981 2758 994 2772 ⁸
1027 2741 1088 2794 οὐ
1114 2737 1414 2809 φυλάσσετε
1443 2734 1570 2806 γάρ.

270 2927 344 2998 η’.
387 2923 695 2995 Διηγῆσιιτό
717 2940 799 2986 τις
830 2919 936 2976 τῶν
961 2919 1242 2990 Πατὲρων,
1273 2917 1356 2971 ὅτι
1378 2911 1508 2988 ἦλθέ
1537 2914 1668 2967 ποτέ
1694 2929 1779 2974 τις

197 3017 312 3072 τῶν
357 3015 604 3085 ἀδελφῶν
637 3013 816 3085 φορῶν
855 3013 1048 3083 μικρὸν
1091 3007 1436 3064 κουσσούλιον
1459 3007 1506 3038 ⁸⁸
1550 3007 1630 3068 είς
1685 3004 1783 3074 τὴν

1875 1919 2078 1972 pueros
2103 1901 2170 1955 ad
2205 1903 2551 1957 solitudinem
2583 1909 2710 1956 sunt
2743 1903 2992 1958 redactae.

1948 1997 2000 2050 6.
2043 1993 2375 2050 Referebant
2417 1995 2484 2050 de
2530 1995 2722 2050 abbate
2768 1995 2974 2058 lsaaco,
3024 1995 3168 2064 quod
3205 1994 3446 2050 cinerem

1877 2087 2142 2141 thuribuli
2180 2088 2474 2142 oblationis
2509 2087 2862 2142 manducaret
2895 2103 3016 2142 cum
3043 2103 3182 2157 pane
3204 2103 3324 2140 suo.

1949 2266 2000 2319 7.
2048 2265 2160 2336 (29)
2213 2264 2395 2318 Abbas
2437 2265 2592 2318 isaac
2641 2261 2900 2318 fratribus
2949 2261 3202 2317 dicebat:
3261 2261 3450 2318 Patres

1881 2358 2073 2422 nostri,
2097 2365 2150 2410 et
2180 2357 2349 2409 abbas
2373 2353 2579 2408 Pantho
2609 2355 2892 2424 gestabant
2919 2363 3131 2407 veteres
3163 2360 3446 2418 centones,

1878 2464 1942 2503 ac
1961 2457 2138 2503 vestes
2165 2446 2403 2516 palmeas
2433 2463 2446 2499 :
2480 2459 2626 2498 nunc
2654 2453 2831 2522 autem
2859 2443 3094 2514 pretiosa
3126 2443 3444 2497 indumenta

1881 2537 2128 2609 gestatis.
2162 2538 2320 2591 Abite
2355 2537 2519 2602 hinc;
2561 2537 2681 2590 loca
2715 2535 2830 2590 hazc
2865 2535 3180 2590 reddidisds
3209 2533 3448 2592 deserta.

1879 2627 2017 2684 Cum
2049 2642 2180 2683 vero
2209 2627 2276 2680 ad
2314 2641 2547 2682 messem
2577 2625 2924 2696 profecturus
2957 2631 3125 2683 esset.
3155 2625 3293 2678 dixit
3321 2626 3402 2681 eis
3431 2642 3447 2678 :

1881 2723 2000 2778 Non
2041 2723 2278 2792 amplius
2311 2721 2467 2776 vobis
2500 2727 2769 2788 praecepta
2805 2719 3054 2784 tradam;
3087 2733 3262 2786 neque
3305 2716 3452 2772 enim

1883 2813 2196 2868 custoditis.

1954 2902 2007 2958 8.
2049 2901 2160 2972 (30)
2205 2899 2458 2954 Narravit
2495 2897 2716 2968 quidam
2766 2911 2797 2951 e
2843 2893 3119 2962 Patribus,
3165 2895 3308 2968 quod
3351 2895 3452 2950 ali-

1887 2993 2118 3072 quando.
2143 2993 2368 3046 fratrum
2404 2989 2701 3044 nonnullus
2746 2997 2968 3060 gestans
3013 3003 3234 3058 parvam
3268 2989 3456 3042 cucul-

199 3079 512 3178 ἐκκλησίαν
547 3079 661 3159 τῶν.
695 3079 1066 3158 saltas-{tut
1110 3099 1204 3153 τοῦ
1245 3099 1389 3152 ansa
1449 3097 1657 3150 Ἰσαάκ·
1689 3095 1782 3149 καὶ

1906 3102 2013 3148 am,
2061 3086 2267 3139 venerit
2313 3083 2380 3136 ad
2423 3082 2709 3137 ecclesiam
2762 3079 3058 3143 Cellarum,
3109 3080 3214 3134 sub
3263 3079 3457 3133 abbate

201 3200 424 3266 ἐδίωξεν
467 3198 628 3251 αὑτὸν
653 3197 682 3248 6
711 3195 890 3264 γέρων
915 3193 1048 3260 (51),
1078 3190 1252 3258 λέγων
1283 3189 1385 3246 ὅτι,
1425 3186 1508 3238 Τά
1549 3179 1650 3238 ὦδε
1689 3201 1784 3254 μο-

201 3289 390 3359 νικῶν
433 3290 584 3340 ἔστι⁸
619 3287 684 3338 σὺ
717 3285 774 3336 δὲ
813 3279 1074 3352 κοσμικδς
1106 3279 1182 3332 ὣν
1203 3318 1217 3342 ,
1247 3277 1306 3330 οὐ
1351 3275 1574 3330 δύνασαι
1606 3276 1785 3344 μεῖναι

204 3375 336 3436 ὦδε.

279 3470 350 3522 ϐ’.
375 3463 544 3521 Εἶπεν
576 3467 604 3518 6
636 3461 808 3524 6.665.;
835 3459 1021 3513 Ἰσαὰκ
1047 3459 1168 3521 ὃτι,·
1189 3457 1454 3510 οὐδέποτε
1495 3456 1788 3524 εἰσήνεγκα

209 3563 290 3624 είς
319 3559 380 3612 τὸ
409 3557 619 3610 κελλίον
656 3572 756 3625 μου
784 3551 1040 3620 λογισμὸν
1071 3550 1211 3603 κατὰ
1249 3547 1478 3617 ἀδελφοῦ
1507 3547 1790 3614 θλίψαντός

215 3671 307 3723 με.
348 3649 528 3718 Κάγὼ
551 3647 858 3701 ἐσπούδασα
887 3645 960 3716 μὴ
995 3645 1210 3711 ἀφεῖναι
1237 3639 1462 3710 ἀδελφὸν
1491 3641 1572 3703 εἰς
1594 3639 1654 3692 τὸ
1669 3637 1794 3692 κελ-

213 3743 330 3796 λίον
362 3739 553 3802 αὑτοῦ,
584 3739 774 3807 ἔχοντα
800 3733 916 3788 κατ’
945 3733 1078 3804 ἐμοῦ
1099 3732 1376 3800 λογισμόν.

291 3916 346 3970 ι’.
403 3912 708 3982 Ἠσθένησε
729 3908 972 3981 μεγάλην
995 3906 1274 3962 ἀσθένειαν
1303 3907 1332 3959 6
1373 3904 1546 3966 άϐϐἄς
1591 3903 1795 3968 Ἰσαὰκ,

221 4009 314 4063 καὶ
345 4007 629 4076 ἐχρόνισεν
659 4004 718 4056 ὲν
748 4003 884 4072 αὐτῇ
915 4017 929 4030 ·
977 3999 1200 4069 ἐποίησε
1231 3995 1290 4050 δὲ
1338 3996 1485 4066 αὐτῷ
1511 3998 1539 4047 6
1573 3993 1797 4061 ἀδελφὸς

227 4097 434 4171 μικρὰν
463 4095 677 4166 άθήραν
697 4132 714 4156 ,
753 4093 848 4146 καὶ
883 4091 1050 4144 ἔδωκε
1091 4087 1326 4159 μυξάρια
1359 4088 1440 4149 εις
1478 4086 1678 4155 αὐτήνο
1705 4081 1799 4136 καὶ

221 4195 320 4246 οὐκ
372 4188 568 4261 ἤθελεν
605 4188 634 4240 6
670 4185 846 4255 γέρων
892 4181 1191 4253 γεύσασθαι
1224 4219 1236 4232 .
1281 4181 1390 4233 Καὶ
1446 4176 1745 4249 παρεκάλει
1771 4175 1800 4225 6

227 4279 455 4347 ἀδελφὸς
501 4275 678 4342 λέγων
709 4291 724 4305 ε
761 4271 907 4327 Λάϐε
959 4269 1172 4342 μικρὸν.
1205 4268 1368 4330 ἀ66ᾶ,
1389 4267 1476 4320 διὰ
1517 4265 1614 4336 τὴν
1639 4264 1801 4318 ἀσθέ-

227 4389 396 4425 νειαν.
435 4367 550 4424 Καὶ
608 4367 756 4432 λέγει
819 4361 968 4434 αὐτῷ
1014 4360 1043 4413 6
1097 4361 1270 4433 γέρων
1301 4377 1314 4390 ·
1352 4358 1536 4420 Φύσει,
1565 4357 1758 4425 άδελφὲ
1786 4396 1800 4418 ,

1887 3179 2106 3241 Isaaco;
2141 3186 2193 3232 et
2222 3174 2489 3244 expulerit
2519 3188 2640 3227 eum
2681 3187 2866 3234 senex,
2895 3171 3084 3226 dicens
3114 3189 3127 3226 :
3171 3170 3296 3225 llaec
3339 3171 3456 3224 loca

1887 3267 2276 3321 monachorum
2313 3272 2472 3328 sunt;
2504 3271 2561 3316 tu
2594 3279 2722 3317 vero
2747 3277 2879 3318 cum
2902 3262 3182 3316 smcularis
3213 3263 3314 3328 sis,
3345 3276 3458 3316 non

1889 3369 2044 3429 potes
2079 3357 2165 3410 hic
2197 3369 2437 3409 manere.

1959 3450 2010 3504 9.
2045 3448 2188 3502 Dixit
2213 3449 2382 3502 abbas
2411 3445 2599 3500 Isaac:
2641 3443 2928 3514 Nunquam
2970 3447 3022 3500 in
3059 3459 3234 3498 meam
3261 3444 3460 3499 cellam

1892 3542 2167 3597 introduxi
2193 3540 2576 3610 cogitationem
2603 3547 2791 3592 contra
2825 3537 3044 3592 fratrem
3074 3537 3166 3606 qui
3193 3551 3278 3591 me
3298 3551 3464 3590 vexa-

1891 3645 2066 3690 verat.
2095 3633 2351 3701 ldemque
2373 3646 2475 3702 ego
2506 3630 2694 3685 enisus
2721 3645 2842 3684 sum
2868 3646 2976 3683 non
3015 3629 3326 3698 relinquere
3355 3628 3463 3681 fra-

1881 3735 2032 3786 trem
2067 3728 2122 3782 in
2161 3727 2296 3781 cella
2330 3739 2449 3788 sua,
2484 3723 2577 3794 qui
2616 3721 2882 3776 adversus
2923 3735 3011 3774 me
3041 3719 3266 3774 haberet
3309 3719 3460 3790 cogi-

1893 3819 2174 3874 tationem.
2435 3857 2440 3862 .
2747 3859 2752 3864 .

1967 3911 2054 3966 10.
2109 3907 2415 3978 Αῐετοιεινὶῑ
2471 3904 2782 3974 periculoso
2832 3901 3026 3958 morbo
3078 3901 3247 3957 abbas
3289 3899 3464 3966 lsaac,

1898 4015 2008 4069 quo
2059 3997 2150 4052 diu
2196 4005 2424 4052 vexatus
2471 4007 2596 4049 est:
2645 3993 2774 4049 fecit
2821 4001 3004 4046 autem
3052 3993 3100 4047 ei
3150 3991 3464 4061 pulticulam

1899 4093 2088 4158 frater,
2127 4090 2386 4158 misitque
2421 4088 2478 4142 in-
2519 4102 2638 4142 eam
2679 4101 2894 4156 pruna:
2949 4099 3050 4140 nec
3083 4084 3252 4138 voluit
3299 4097 3468 4139 senex

1900 4184 2206 4254 degustare.
2240 4180 2445 4237 Orabat
2473 4188 2654 4234 autem
2685 4176 3088 4239 frater,'dicens
3116 4193 3130 4228 :
3165 4175 3329 4230 Sume
3369 4187 3470 4245 pa-

1903 4290 2143 4346 rumper,
2180 4273 2339 4338 abba,
2369 4279 2592 4342 propter
2617 4269 2890 4322 morbum.
2923 4263 3226 4338 Respondit
3259 4281 3424 4321 senex
3452 4283 3468 4320 :

1903 4365 2084 4429 Certe,
2117 4364 2308 4428 frater,
2357 4376 2610 4427 cuperem
2658 4361 2714 4415 in
2755 4359 2860 4414 hoc
2905 4361 3098 4413 morbo
3127 4357 3336 4412 versari
3373 4371 3472 4426 per

227 4461 421 4534 ἦθελον
477 4457 702 4530 ποιῆσαι
750 4458 808 4510 ἐν
855 4457 922 4526 τῇ
975 4453 1228 4524 ἀσθενείᾳ
1281 4451 1454 4522 ταύτῃ
1515 4449 1805 4520 τριάκοντα
1833 4460 1879 4516 ι)
1909 4455 2350 4526 εηηοειι-ῇείηιιι,

231 4557 390 4700 Ἓν.
431 4643 662 4711 Ἔλεγον
697 4641 826 4712 περὶ
857 4637 948 4694 τοῦ
985 4637 1130 4694 άὸἦᾶ
1167 4636 1376 4700 Ἰσαὰκ,
1405 4635 1486 4689 ὅτι
1526 4633 1805 4706 μέλλοντος

235 4735 396 4790 αὐτοῦ
443 4734 728 4803 τελευτᾷν,
765 4729 1024 4801 συνῆλθον
1073 4729 1206 4801 πρὸς
1238 4728 1398 4782 αὐτὸν
1440 4729 1488 4780 ot
1530 4726 1804 4796 γέροντες,

235 4831 324 4882 καὶ
355 4828 550 4896 ἔλεγον
577 4843 594 4858 ο
613 4825 678 4878 Τί
710 4825 1002 4895 ποιήσομεν
1035 4821 1172 4892 μετὰ
1207 4821 1287 4884 σὲ,
1318 4819 1532 4888 Ila-rep;
1577 4818 1636 4870 Ὀ
1659 4816 1716 4868 δὲ
1744 4807 1812 4868 εἶ-

240 4938 332 4974 πεν
351 4936 368 4949 ·
391 4920 566 4974 Ἴδετε
597 4917 714 4979 πῶς
743 4913 1043 4986 ἐπορεύθην
1069 4912 1296 4968 ἐνώπιον
1316 4911 1468 4982 ὑμῶν
1490 4929 1505 4942 ·
1532 4910 1626 4964 ἐὰν
1657 4908 1813 4977 θέλη-

239 5030 292 5066 τε
321 5011 420 5066 καὶ
449 5012 612 5080 ὑμεῖς
653 5004 1042 5076 ἀκολουθῆσαι,
1067 5005 1160 5058 καὶ
1201 5004 1432 5072 φυλάξαι
1463 5001 1562 5064 τὰς
1599 5001 1816 5061 ἐντολὰς

1979 4636 2070 4691 il.
2101 4632 2340 4688 Aiebant'
2369 4631 2436 4686 de
2469 4631 2664 4686 abbate
2705 4629 2914 4694 lsaaeo,
2947 4631 3090 4699 quod
3136 4643 3260 4684 eum
3311 4627 3474 4682 morti

1911 4727 2396 4800 appropinquaret.
2433 4737 2594 4778 senes
2624 4723 2768 4776 circa
2815 4730 2937 4775 eum
2969 4717 3282 4788 congregati
3324 4727 3476 4780 sunt,

1911 4819 2312 4886 dixeruntque:
2363 4815 2502 4880 Quid
2537 4822 2660 4884 post
2699 4822 2754 4867 te
2771 4811 3050 4873 faciemus,
3093 4809 3294 4864 Pater?
3327 4809 3420 4862 Ille
3458 4827 3474 4862 :

1913 4907 2128 4972 Videte,
2169 4906 2368 4976 inquit,
2407 4919 2642 4974 quonam
2687 4901 2850 4956 modo
2882 4915 3066 4955 curam
3109 4900 3261 4956 vobis
3299 4899 3484 4955 inces-

1915 4999 2122 5056 serim:
2173 4997 2219 5052 si
2250 5012 2348 5051 vos
2389 4995 2554 5049 etiam
2593 4993 2876 5048 volueritis
2922 4992 3096 5060 sequi,
3131 5000 3184 5045 et
3223 4989 3481 5046 mandata

243 5103 330 5158 τοῦ
355 5101 520 5160 Θεοῦ,
543 5098 750 5168 πέμπει
782 5097 880 5166 τὴν
907 5096 1066 5168 χάριν
1095 5093 1278 5160 αὑτοῦ,
1306 5095 1400 5148 καὶ
1436 5092 1698 5162 φυλάσσει
1727 5087 1784 5144 τὸ

1918 5087 2012 5143 Dei
2043 5087 2340 5149 custodire,
2389 5085 2566 5138 mittet
2605 5085 2834 5154 gratiam
2885 5097 3060 5143 suam,
3106 5081 3482 5136 conservabit-

243 5196 401 5248 τόπον
441 5191 656 5244 τοῦτον.
699 5189 824 5241 Ἐὰν
852 5185 907 5240 δὲ
943 5183 1016 5258 μὴ
1061 5185 1366 5256 φυλάξητε,
1394 5182 1454 5236 οὑ
1493 5183 1565 5256 μὴ
1603 5183 1784 5254 μείνητ

1920 5195 2024 5251 que
2068 5181 2215 5234 hunc
2270 5180 2468 5232 locum.
2517 5175 2668 5243 Quod
2693 5175 2736 5230 si
2771 5189 2880 5228 non
2930 5172 3322 5239 custodieritis,
3375 5188 3486 5228 non

246 5287 300 5338 ὲν
335 5285 414 5356 τῷ
460 5285 617 5353 τόπῳ
654 5281 852 5353 τούτῳ.
903 5280 1012 5332 Καὶ
1065 5279 1226 5350 ἡμεῖς
1270 5277 1378 5348 γὰρ
1415 5277 1544 5329 ὅταν
1593 5273 1784 5345 ἤμελλε

1923 5269 2308 5340 permanebitis
2339 5267 2390 5321 in
2417 5267 2537 5321 loco
2569 5265 2692 5320 hoc.
2715 5261 2848 5320 Nam
2870 5277 2971 5318 nos
3001 5277 3238 5334 quoque,
3268 5260 3486 5332 quando

315 5440 362 5474 "
388 5441 475 5494 Al.
509 5437 758 5492 σεϐένινα
788 5443 841 5490 et
872 5431 1167 5487 σεὸἐννινα.
1242 5429 1288 5462 ⁸³
1315 5429 1431 5483 Lat.
1463 5425 1705 5499 ἔμελλον.

1903 5425 2042 5495 elag.
2074 5421 2408 5477 κουκούλιον.

241 5571 246 5576 ⁷
323 5593 432 5662 ίεε)
475 5587 1049 5662 γειξαιηκ.
1185 5655 1196 5662 _
1300 5656 1311 5662 _
1381 5653 1509 5662 ῃ·
1567 5611 1573 5616 ,

323 5653 432 5734 (ἳυ)
475 5661 584 5734 vn.
621 5658 774 5734 Eutr.
813 5675 887 5717 vl.
911 5658 966 5734 ἐξ.
1000 5655 1268 5711 Meursius
1299 5656 1352 5709 in
1380 5653 1678 5708 Σεὸἐνινον.

325 5726 434 5801 (50')
475 5726 780 5801 Vit_._lj‘atr_.
816 5729 1011 5801 v1.8._
1109 5799 1120 5801 _
1195 5793 1207 5801 _
1295 5739 1297 5741 ·

324 5788 436 5874 (313
462 5799 578 5858 Καὶ
599 5798 850 5864 ἐδίωξεν
873 5788 1060 5851 αὐτὸν
1089 5799 1122 5850 ό
1143 5793 1344 5864 γέρων.
1379 5793 1614 5862 Antiqua
1643 5788 1822 5844 versio

1929 5579 1984 5632 in
2027 5578 2158 5632 Vitis
2197 5576 2454 5630 Patrum:
2488 5586 2535 5631 et
2583 5575 2852 5645 spectabat
2888 5589 3006 5629 eum
3047 5586 3222 5632 senex,
3261 5584 3360 5645 pro
3399 5583 3492 5645 ea:-

1927 5649 2150 5717 petlebat
2183 5657 2276 5700 aut
2305 5639 2680 5717 insectabatur.
2724 5643 2918 5700 Postea
2959 5645 3141 5700 inveni
3173 5639 3410 5696 uetabat
3435 5643 3498 5698 in

1929 5715 2062 5776 mss.
2083 5717 2462 5774 Suessionensi
2495 5726 2551 5774 et
2589 5715 2928 5773 Fossatensi.
