3874 6342
425 364 527 423 251

1586 364 1935 422 APPENDIX
1975 362 2067 419 AD
2106 362 2530 424 PALLADIUM.

3546 367 3654 423 εει

427 479 729 551 Respondit
765 496 973 539 senex:
1011 483 1069 539 Si
1098 483 1452 554 conquiescis
1496 490 1609 539 tum
1641 486 1695 540 in
1729 483 1993 550 ccenobio,

2114 484 2272 552 Λέγει
2311 483 2461 554 αὐτῷ
2507 485 2536 538 ό
2575 483 2783 556 γέρων·
2820 483 2882 537 El
2906 480 3159 556 ἀναπαύῃ
3202 482 3283 548 είς
3320 482 3384 536 τὸ
3423 484 3681 538 κοινόϐιο-

424 579 542 628 tum
590 575 907 646 solitarius;
953 586 1130 632 statue
1185 578 1547 648 cogitationes
1595 586 1720 632 luas
1767 579 1914 633 velut
1945 579 2000 632 in

424 665 671 720 trutina:
703 672 758 720 et
791 666 881 720 ubi
921 666 1126 722 videris
1164 669 1407 722 animum
1446 678 1596 724 tuum
1631 670 1805 739 magis
1839 669 2004 739 proli-

424 769 571 818 cere,
599 771 773 829 eoque
803 757 1163 827 propendere,
1192 758 1245 811 id
1282 757 1468 814 facito.

495 845 548 899 9.
577 845 825 901 Aecessit
861 862 1056 902 senum
1107 851 1403 905 nonnullus
1435 849 1500 902 ad
1532 849 1776 904 sodalem
1815 864 1997 912 suum.

424 944 485 992 nt
530 939 694 992 simul
738 939 992 993 abbatem
1043 939 1340 1011 Josephum
1404 943 1734 1010 inviserent;
1780 954 1833 999 et
1879 943 1997 998 ait:

424 1027 664 1098 thcipe
715 1029 991 1099 discipulo
1045 1039 1172 1094 tuo,
1211 1043 1268 1086 ut
1297 1034 1456 1090 nobis
1501 1035 1719 1088 asinum
1768 1042 1996 1088 sternat.

421 1119 562 1176 Ille:
599 1119 743 1176 Voca
776 1137 923 1186 eum,
963 1125 1106 1194 quod
1146 1127 1384 1181 volueris
1430 1139 1778 1196 exsequetur.
1815 1126 1996 1182 Dicit:

421 1213 576 1280 Quod
627 1224 712 1270 est
746 1232 942 1271 nomen
977 1219 1025 1271 ei
1049 1219 1072 1272 ’ἶ
1099 1218 1398 1288 Respondit
1433 1239 1446 1274 :
1497 1219 1713 1275 Nescio.
1747 1219 1884 1274 Tum
1917 1223 2002 1274 al-

418 1314 540 1360 ter:
568 1307 612 1359 Δ
643 1323 902 1376 quonam,
927 1310 1126 1378 inquit.
1155 1319 1407 1380 tempore"
1437 1319 1616 1366 tecum
1656 1313 1822 1381 degit,
1852 1312 1997 1382 quod

421 1413 618 1452 nomen
679 1400 827 1453 illius
866 1401 1156 1456 nescis?A
1201 1403 1413 1458 duobus
1459 1406 1638 1468 anuis,
1683 1405 1819 1460 iniit.
1858 1405 1996 1460 Tum

419 1493 639 1560 excepit
693 1491 837 1546 alius
872 1512 886 1546 :
925 1491 981 1546 Si
1015 1507 1069 1546 tu
1101 1509 1197 1563 per
1239 1495 1376 1550 duos
1424 1511 1598 1551 annos
1643 1512 1751 1552 non
1799 1512 2000 1568 cogno-

419 1578 548 1632 visti
587 1596 780 1634 nomen
827 1580 1082 1651 discipuli
1108 1585 1206 1648 tui,
1235 1601 1336 1654 ego
1365 1585 1434 1639 ad
1464 1602 1629 1640 unum
1676 1587 1821 1642 diem
1865 1586 1998 1656 quid

419 1685 560 1742 Opus
587 1673 759 1726 habeo
789 1683 847 1726 ut
879 1673 1012 1727 illud
1045 1675 1291 1730 discam?

493 1765 578 1818 lO.
610 1765 932 1834 Congregali
959 1777 1086 1822 sunt
1109 1768 1405 1838 aliquando
1436 1768 1635 1824 fratres
1659 1769 1802 1840 apud
1836 1769 1998 1826 abba-

2109 578 2205 630 καὶ
2232 575 2567 647 καταμόνας,
2599 574 2796 646 στῆσον
2823 576 2951 639 τοὺς
2973 575 3065 629 δύο
3086 573 3377 645 λογισμούς
3404 592 3497 628 σου
3528 575 3598 638 ὼς
3624 579 3680 628 ὲν

2109 666 2258 736 ζυγῷ
2278 684 2291 697 ⁸
2323 667 2420 722 καὶ
2465 669 2602 720 ὅπου
2636 666 2854 738 βλέπεις
2880 668 2961 721 ὅτι
2988 665 3188 738 μᾶλλον
3236 667 3352 719 ἐκεῖ
3393 666 3679 735 ὠφελεῖται

2107 760 2202 811 καὶ
2223 760 2450 828 κατάγει
2472 760 2500 811 ὁ
2522 759 2778 830 λογισμός
2809 777 2924 823 σου,
2955 758 3113 812 τοῦτο
3139 759 3382 830 ποίησον.

2177 849 2240 904 θ’.
2283 851 2566 922 Παρέλαϐέ
2600 868 2682 915 τις
2717 850 2826 903 τῶν
2858 851 3128 921 γερόντων
3157 850 3290 919 πρὸς
3329 853 3418 904 τὸν
3465 852 3670 921 ἑταῖρον

2106 941 2293 1006 αὑτοῦ,
2323 943 2406 1002 ἵνα
2437 943 2758 1005 ἀπελθόντες
2788 941 3186 1011 ἐπισκέψωνται
3229 941 3320 994 τὸν
3352 941 3522 994 ἀϐϐᾶν
3565 942 3674 993 ἰω-

2110 1034 2244 1103 σήφ·
2283 1035 2376 1087 καὶ
2408 1033 2586 1103 λέγει’
2635 1035 2772 1087 Εἰπὲ
2799 1032 2874 1104 τῷ
2908 1033 3120 1105 μαθητῇ
3167 1051 3280 1095 σου,
3330 1034 3417 1087 ἵνα
3463 1034 3674 1106 στρώσῃ

2104 1126 2234 1196 ἡμῖν
2262 1124 2352 1178 τὸν
2396 1126 2535 1178 ὄνον.
2567 1126 2675 1179 Καὶ
2708 1125 2854 1194 λέγει
2875 1141 2889 1155 ⁸
2923 1124 3172 1194 Φώνησον
3203 1124 3363 1177 αὐτόν
3385 1141 3398 1155 ·
3426 1124 3519 1176 καὶ
3554 1126 3604 1176 εἰ
3625 1143 3676 1176 τι

2105 1214 2278 1281 θέλεις
2327 1220 2486 1270 ποιεῖ.
2533 1217 2730 1285 Λέγει⁸
2766 1217 2862 1279 Τίς
2899 1215 3178 1279 καλεῖται;
3219 1217 3275 1268 ’0
3309 1215 3364 1268 δὲ
3393 1215 3528 1285 ἔφη·
3567 1216 3676 1268 Uine

2103 1305 2235 1363 οἶδα.
2266 1311 2375 1362 Καὶ
2404 1311 2550 1377 λέγει
2586 1306 2734 1378 αύτῷ
2756 1325 2769 1339 ⁸
2804 1307 2975 1359 Πόσον
3007 1307 3194 1378 χρόνον
3234 1305 3344 1376 ἔχει
3385 1305 3521 1376 μετὰ
3563 1304 3674 1364 σοῦ.

2103 1400 2185 1452 ὅτι
2209 1399 2308 1452 οὐκ
2335 1397 2480 1460 οἶδας
2513 1399 2573 1452 τὸ
2601 1398 2769 1466 ὄνομα
2797 1395 2992 1462 αὐτοῦ;
3027 1397 3136 1450 Καὶ
3176 1391 3325 1448 εἶπεν
3345 1413 3358 1427 ⁸
3400 1396 3555 1465 Ἔχει
3587 1396 3676 1448 δύο

2103 1489 2296 1560 ἔτη.’0
2325 1490 2382 1543 δὲ
2413 1490 2515 1560 ἔφη
2542 1505 2555 1518 ⁸
2585 1488 2711 1543 Et"
2737 1490 2802 1542 σὺ
2831 1487 2923 1540 δύο
2966 1486 3060 1558 ἔτη
3109 1487 3209 1540 ούκ
3253 1484 3398 1549 οἶδας
3425 1487 3485 1539 τὸ
3511 1487 3674 1556 ὄνομα

2101 1579 2194 1632 τοῦ
2223 1580 2461 1651 μαθητοῦ
2498 1597 2613 1644 σου,
2647 1579 2758 1649 ἐγὼ
2785 1580 2862 1643 είς
2893 1579 3023 1650 μίαν
3049 1578 3258 1651 ἡμέραν
3282 1579 3334 1630 τί
3362 1578 3470 1648 ἔχω
3490 1577 3674 1649 χρείαν

2106 1670 2300 1740 μαθεῖν
2333 1670 2496 1734 αύτό;

2175 1766 2225 1813 ι’.
2265 1760 2618 1830 Συνήχθησαν
2647 1759 2866 1829 ἀδελφοί
2893 1777 3022 1813 ποτε
3049 1759 3185 1831 πρὸς
3222 1759 3312 1812 τὸν
3347 1759 3522 1812 ἀϐθᾶν
3560 1761 3672 1812 Ίωο

420 1865 526 1910 tem
558 1853 856 1924 Josephum
888 1875 900 1911 :
933 1858 1136 1925 quibus
1162 1859 1480 1913 sedentibus
1508 1871 1670 1930 atque
1700 1861 1879 1931 ipsum
1908 1862 1992 1916 in-

2114 1852 2238 1922 πήφο
2268 1852 2362 1904 καὶ
2395 1851 2718 1923 καθημένων
2759 1851 2958 1917 αὐτῶν,
2986 1853 3080 1906 καὶ
3129 1850 3531 1922 ἐπερωτώντων
3576 1853 3671 1905 αὐ-

310 1963 312 1965 '
418 1949 848 2016 terrogantibus,
891 1950 1196 2018 gaudebat;
1239 1961 1291 2005 et
1341 1951 1499 2006 laetus
1533 1953 1671 2006 dixit
1721 1953 1803 2009 eis
1836 1971 1851 2008 :
1884 1953 1996 2024 Ego

419 2039 580 2093 hodie
605 2055 698 2094 rex
719 2056 874 2105 sum;
913 2057 1035 2094 nam
1069 2058 1234 2111 super
1257 2042 1481 2099 allectus
1513 2047 1755 2114 regnavi.

517 2132 604 2187 ll.
640 2133 872 2187 Ait-bant
901 2134 968 2188 de
1008 2135 1204 2189 abbate
1228 2133 1462 2206 Josepho
1482 2153 1512 2190 e
1541 2135 1816 2207 Panepho,
1853 2138 1997 2207 quod

417 2238 543 2277 eum
588 2225 699 2293 jam
742 2236 886 2280 esset
926 2224 1243 2292 moriturus,
1270 2231 1584 2286 sedentibus
1622 2231 1866 2296 senibus,
1907 2233 1996 2287 in-

417 2315 648 2370 tendens
680 2317 730 2368 iu
769 2320 992 2381 ostium,
1029 2321 1304 2388 aspexerit
1337 2321 1612 2376 diabolum
1644 2323 1755 2376 illic
1800 2323 1998 2379 seden~

416 2411 562 2473 tem;
596 2414 900 2475 vocatoque
927 2405 1221 2476 discipulo,
1251 2410 1454 2462 dixerit
1484 2428 1497 2466 :
1532 2399 1680 2465 Aﬂer
1704 2411 1994 2478 baculum;

287 2557 294 2563 _
418 2497 522 2551 iste
554 2497 700 2552 enim
731 2499 1032 2564 existimat,
1060 2517 1146 2554 me
1171 2516 1355 2554 senem
1380 2502 1608 2566 factum,
1635 2519 1742 2558 non
1761 2505 1997 2574 amplius

417 2586 473 2641 in
512 2603 636 2642 eum
672 2589 866 2644 valere.
901 2588 1079 2659 thue
1113 2592 1365 2646 baculum
1418 2609 1582 2650 manu
1617 2597 1811 2658 tenuit,
1847 2597 1999 2652 vide-

410 2666 548 2734 .l'unt
573 2696 730 2734 senes
761 2681 904 2749 quod
934 2683 1188 2738 diabolus
1218 2701 1312 2754 per
1332 2685 1580 2754 januam,
1611 2686 1784 2742 instar
1811 2690 1989 2754 canis,

418 2772 684 2827 subduxit
709 2789 789 2837 se,
816 2788 917 2828 nec
950 2776 1185 2844 amplius
1211 2781 1546 2847 comparuit.

967 2889 1043 2943 De
1064 2890 1252 2944 abbate
1274 2888 1500 2945 Iacobo.

494 2997 545 3052 l.
579 2995 722 3051 Dixit
753 2999 921 3054 abbas
947 2995 1185 3054 Jacobus
1210 3019 1222 3054 :
1257 3001 1432 3072 Majas
1453 3011 1537 3057 est
1560 3003 1827 3074 hospitem
1851 3021 1994 3071 esse,

420 3103 583 3157 quam
622 3090 888 3157 hospitem
920 3089 1220 3158 suscipere.

2097 1944 2211 2003 τὸν.
2241 1942 2455 2016 ἔχαιρε·
2484 1945 2577 1998 καὶ
2600 1944 3048 2017 προθυμούμενος
3070 1944 3253 2014 ἔλεγεν
3276 1945 3490 2008 αὐτοῖς’
3537 1944 3672 2013 Ἐγὼ

2098 2035 2350 2106 βασιλεύς
2381 2038 2494 2107 εἰμι
2520 2036 2586 2108 σή
2596 2053 2660 2106 με
2671 2053 2760 2106 ρον
2781 2052 2794 2066 ⁸
2823 2037 3148 2092 ἐϐασίλευσα
3170 2036 3276 2106 γὰρ
3297 2036 3390 2088 ἐπὶ
3411 2035 3480 2089 τὰ
3505 2035 3668 2107 πάθη.

2171 2136 2259 2184 ια’.
2306 2128 2531 2198 Ἔλεγον
2584 2129 2707 2200 περὶ
2753 2129 2847 2182 τοῦ
2877 2128 3022 2183 ἀϐϐἄ
3062 2129 3259 2200 Ἰωσὴφ
3290 2129 3390 2200 τῆς
3417 2129 3669 2198 Πανεφὼ,

2096 2221 2178 2274 ὅτι
2208 2220 2492 2290 μέλλοντος
2525 2220 2690 2273 αὑτοῦ
2722 2221 3000 2284 τελευτᾶν,
3027 2220 3350 2293 καθημένων
3383 2222 3671 2293 γερόντων,

2096 2311 2349 2383 προσχὼν
2375 2312 2512 2383 πρὸς
2548 2311 2646 2383 τὴν
2669 2312 2877 2383 θυρίδα,
2911 2310 3018 2366 εἶδε
3031 2313 3076 2344 ⁸⁸
3106 2313 3195 2367 τὸν
3225 2313 3471 2366 διάϐολον
3506 2314 3672 2384 καθή-

2100 2421 2258 2473 μενον
2291 2405 2429 2476 πρὸς
2457 2407 2523 2476 τῇ
2559 2405 2764 2478 θυρίδι⁸
2807 2407 2901 2459 καὶ
2933 2408 3181 2477 φωνήσας
3208 2407 3284 2476 τῷ
3326 2407 3538 2479 μαθητῇ
3575 2408 3670 2460 αύ-

2095 2494 2210 2559 τοῦέ
2247 2495 2400 2564 ἔλεγε
2419 2513 2433 2528 ⁸
2469 2496 2606 2569 Φέρε
2635 2497 2732 2566 τὴν
2763 2495 2992 2568 ῥάϐδον·
3019 2496 3226 2568 νομίζει
3266 2497 3374 2565 γὰρ
3412 2491 3565 2560 οὗτος
3591 2499 3672 2551 ὅτι

2097 2588 2364 2660 ὲγῄρασα,
2409 2589 2504 2642 καὶ
2539 2589 2638 2641 ούκ
2680 2587 2760 2641 ἔτι
2792 2587 3029 2659 δύναμαι
3066 2589 3200 2660 πρὸς
3230 2589 3410 2645 αὐτόν.
3447 2591 3558 2644 Καὶ
3597 2590 3673 2654 ὡς

2097 2678 2325 2749 κατέσχε
2356 2679 2456 2750 τὴν
2484 2677 2697 2750 ῥάϐδον,
2731 2677 2926 2734 εἴδοντο
2952 2681 3002 2732 οἱ
3031 2680 3280 2756 γέροντες
3305 2681 3387 2733 ὅτι
3410 2681 3671 2750 ὲχάλασεν

2095 2768 2282 2821 ἑαυτὸν
2305 2769 2380 2832 ὡς
2408 2759 2554 2824 κύων
2579 2770 2666 2824 διὰ
2687 2770 2787 2841 τῆς
2812 2769 3046 2842 θυρίδος.
3080 2771 3174 2827 καὶ
3199 2771 3406 2843 ἀφανὴς
3437 2772 3670 2841 ἐγένετο.

2492 2883 2632 2951 Περὶ
2668 2883 2774 2937 τοῦ
2800 2883 2947 2938 ἀϐϐά
2976 2883 3262 2939 Ἰακώϐου.

2170 2997 2239 3044 α’.
2281 2987 2451 3045 Εἶπεν
2495 2994 2524 3045 ὀ
2574 2991 2747 3056 ἀϐϐἄς
2788 2993 3044 3058 Ἰάκωϐος
3087 2996 3189 3060 ὅτι,
3224 2994 3422 3059 Μεῖζόν
3470 2997 3585 3050 ἐστι
3616 2997 3676 3052 τὸ

2098 3081 2397 3148 ξενιτεῦσαι
2423 3083 2576 3155 παρὰ
2607 3085 2668 3137 τὸ
2701 3085 3012 3156 ξενοδοχεῖν.

489 3179 542 3234 2.
572 3180 775 3235 Monuit
808 3182 992 3247 etiam,
1019 3198 1141 3236 eum
1175 3182 1264 3252 qui
1297 3183 1572 3245 laudatur,
1595 3183 1793 3238 debere
1819 3200 1993 3254 repu-

2170 3174 2234 3244 β’.
2282 3175 2477 3244 Ἔλεγε
2517 3176 2700 3237 πάλιν,
2729 3177 2810 3230 ὅτι
2835 3179 3242 3249 ἐπαινούμενον,
3269 3179 3348 3232 δεῖ
3367 3180 3676 3247 λογίζεσθαι

417 3279 533 3325 tare
567 3283 786 3342 peccata
845 3288 964 3337 sua,
993 3281 1047 3329 et
1096 3275 1335 3344 COgitare
1382 3275 1526 3330 ouod
1571 3291 1678 3329 non
1719 3285 1991 3329 mereatur

417 3363 607 3418 laudes
637 3363 930 3432 ejusmodi.

485 3457 538 3509 5.
570 3453 680 3526 (ιε)
728 3455 923 3509 lterum
975 3455 1153 3510 dixit:
1189 3455 1345 3511 Sicut
1398 3456 1620 3510 lucerna
1656 3457 1710 3510 in
1755 3454 1992 3511 obscuro

416 3543 667 3598 cubiculo
699 3546 982 3600 collustrat
1014 3563 1026 3599 :
1063 3547 1137 3600 ita
1169 3549 1332 3602 etiam
1367 3548 1530 3601 timor
1549 3547 1641 3602 Dei
1669 3563 1792 3602 cum
1826 3564 1991 3603 vene-

419 3635 490 3690 rit
526 3637 579 3689 in
614 3651 712 3690 cor
749 3637 1008 3701 hominis,
1036 3638 1309 3693 illuminat
1340 3656 1488 3706 eum,
1515 3640 1784 3712 docetque
1814 3643 1990 3697 virtu-

417 3738 501 3783 tes
527 3740 755 3783 cunctas
785 3737 838 3784 et
872 3728 963 3785 Dei
995 3731 1270 3785 mandata.

489 3821 544 3876 4.
580 3821 819 3878 Rursum
851 3824 992 3880 hanc
1023 3827 1344 3880 sententiam
1369 3825 1595 3896 protulit
1623 3844 1636 3881 :
1661 3824 1779 3880 Non
1813 3825 1987 3881 solum

416 3912 602 3967 verbis
635 3928 773 3984 opus
811 3923 895 3970 est
924 3934 937 3970 :
979 3916 1081 3970 hoc
1102 3916 1245 3970 enim
1272 3926 1516 3986 tempore
1545 3917 1836 3986 plurimum
1868 3933 1990 3971 ver-

418 4004 612 4060 borum
642 4015 725 4060 est
756 4006 898 4060 inter
953 4007 1221 4063 homines.
1259 4007 1366 4063 Sed
1401 4025 1539 4079 opus
1580 4021 1663 4066 est
1709 4025 1905 4082 opere;
1937 4009 1991 4064 id

417 4096 565 4149 enim
600 4104 683 4149 est
731 4096 878 4164 quod
931 4097 1234 4165 quzet'ltur;
1271 4113 1381 4154 non
1413 4108 1595 4155 autem
1641 4101 1830 4166 verba,
1869 4115 1993 4172 quae

418 4184 659 4242 fructum
690 4202 799 4242 non
833 4186 1033 4243 ferunt.

927 4299 1004 4354 De
1025 4300 1212 4355 abbate
1243 4301 1486 4358 Hicracc.

489 4413 543 4469 l.
567 4409 760 4470 Frater
788 4415 1000 4485 rogavit
1025 4415 1275 4471 abbatem
1295 4416 1581 4474 Hieracem
1609 4438 1622 4474 :
1648 4419 1840 4476 Profer
1857 4422 1989 4476 mihi

2091 3265 2190 3330 τὰς
2220 3267 2494 3338 ἁμαρτίας
2529 3267 2713 3333 αὑτοῦ,
2747 3270 2839 3322 καὶ
2870 3271 3066 3324 ἐννοεῖν
3104 3273 3184 3324 ὄτι
3215 3273 3312 3325 οὐκ
3346 3273 3495 3328 ἔστιν
3527 3274 3676 3338 ἄξιος

2090 3357 2198 3410 τῶν
2225 3358 2554 3429 λεγομένων.

2161 3455 2230 3518 γ’.
2273 3445 2410 3503 Εἷπε
2437 3451 2620 3516 πάλιν,
2643 3453 2724 3506 ὅτι
2741 3453 2951 3517 Ὠσπερ
2972 3453 3160 3523 λύχνος
3182 3457 3240 3509 ὲν
3267 3456 3521 3529 σκοτεινῷ
3560 3475 3675 3511 κοι-

2090 3539 2222 3592 τῶνι
2247 3542 2491 3611 φωτίζει,
2511 3545 2684 3608 οῦτως
2718 3545 2811 3598 καὶ
2841 3546 2870 3596 ό
2892 3545 3055 3613 φόϐος
3079 3547 3172 3600 τοῦ
3205 3547 3361 3611 Θεοῦ,
3392 3549 3522 3601 ὅταν
3547 3549 3673 3621 ἔλθῃ

2091 3633 2172 3695 είς
2209 3633 2432 3705 καρδίαν
2466 3635 2773 3702 ἀνθρώπου,
2811 3637 3041 3704 φωτίζει
3082 3639 3262 3705 αὑτὸν,
3293 3639 3386 3692 καὶ
3435 3640 3676 3697 διδάσκει

2093 3726 2272 3790 πάσας
2298 3726 2397 3790 τὰς
2423 3727 2623 3798 ἀρετὰς
2645 3731 2737 3781 καὶ
2765 3729 2864 3793 τὰς
2893 3730 3111 3794 ἐντολὰς
3136 3731 3229 3784 τοῦ
3264 3730 3425 3785 Θεοῦ.

2160 3818 2222 3872 δ’.
2265 3815 2400 3872 Εἷπε
2427 3820 2590 3874 πάλιν
2611 3838 2626 3853 ⁸
2662 3822 2777 3876 Ούκ
2803 3821 2920 3875 ἐστι
2953 3824 3112 3894 χρεία
3135 3823 3310 3892 λόγων
3337 3825 3494 3894 μόνον
3514 3839 3530 3855 ⁸
3561 3826 3671 3877 sict

2092 3909 2199 3982 γὰρ
2228 3910 2412 3964 πολλοὶ
2444 3913 2591 3980 λόγοι
2614 3914 2672 3966 ἐν
2705 3917 2817 3978 τοῖς
2841 3914 3147 3986 ἀνθρώποις
3167 3918 3224 3969 ὲν
3250 3915 3327 3986 τῷ
3359 3915 3536 3987 καιρῷ
3555 3917 3672 3969 τού-

2092 4002 2368 4072 τφοἋλλά
2408 4005 2567 4075 χρεία
2597 4005 2742 4060 ἐστὶν
2774 4006 2965 4078 ἔργου·
3001 4007 3132 4060 αὐτὸ
3181 4008 3288 4079 γάρ
3316 4009 3434 4060 ἐστι
3468 4007 3530 4061 τὸ
3575 4006 3672 4079 ζη-

2091 4094 2370 4165 τούμενον,
2405 4097 2497 4150 καὶ
2528 4097 2589 4150 ού
2621 4097 2790 4165 λόγοι,
2826 4095 3022 4161 οἵτινες
3056 4099 3156 4152 ούκ
3185 4098 3365 4170 έχουσι
3403 4100 3635 4170 καρπόν.

2492 4299 2632 4367 Περὶ
2661 4301 2765 4354 του
2794 4299 2945 4355 ἀϐϐᾶ
2985 4301 3254 4369 Ἱέρακος.

2163 4412 2229 4461 α’.
2286 4401 2535 4476 Ἀδελφδς
2567 4409 2818 4482 ἠρώτησε
2850 4412 2942 4465 τὸν
2971 4411 3147 4467 ὰϐϐᾶν
3187 4407 3425 4486 Ἱέρακα,
3452 4414 3625 4483 λέγων
3648 4432 3663 4446 ⁸

418 4519 748 4570 sermonem,
781 4521 1024 4575 quonam
1073 4506 1235 4562 modo
1270 4510 1455 4564 salvus
1494 4510 1659 4566 liam?
1690 4511 1989 4584 Respondit

2114 4498 2228 4551 Εἰπέ
2260 4515 2349 4568 μοι
2386 4498 2565 4568 λόγον,
2611 4500 2728 4565 πῶς
2773 4503 2962 4570 σωθῶ;
2995 4504 3158 4575 Λέγει
3195 4505 3343 4576 αύτῷ
3449 4507 3627 4578 γέρων
3649 4523 3663 4536 ⁸

417 4597 470 4652 ei
503 4612 668 4652 senex
704 4615 718 4651 :
747 4595 886 4652 Sede
917 4598 970 4652 in
1001 4599 1138 4654 cella
1164 4610 1283 4664 tua;
1315 4601 1359 4655 si
1389 4603 1670 4674 esurieris,
1700 4606 1987 4671 manduca,

417 4690 464 4746 si
494 4691 730 4754 sitieris,
761 4691 918 4758 bibe;
949 4691 1014 4746 ad
1046 4692 1161 4748 haec
1193 4693 1301 4748 noli
1332 4693 1400 4750 de
1433 4711 1707 4766 quoquam
1727 4698 1866 4754 male
1911 4698 1992 4752 ιο.

416 4782 535 4853 qui.
570 4791 625 4837 et
658 4784 843 4840 salvus
865 4785 996 4839 eris.
1859 4802 1861 4809 '

416 4876 417 4879 ‘
486 4873 711 4929 2.Ι‹1ειη
756 4874 893 4929 dixit
925 4895 939 4931 :
971 4874 1260 4948 Nunquam
1309 4879 1628 4934 saecularem
1679 4895 1987 4939 sermonem

420 4974 514 5019 aut
535 4965 757 5034 protuli,
792 4974 888 5020 aut
927 4969 1074 5022 volui
1108 4967 1316 5025 audire.

812 5054 886 5110 De
907 5058 1092 5112 abbate
1117 5059 1322 5115 Joanne
1340 5063 1597 5119 eunucho.

491 5164 544 5220 1.
579 5163 762 5221 Abbas
791 5165 1029 5222 Joannes
1058 5169 1366 5239 eunuchus,
1403 5187 1526 5227 cum
1560 5181 1705 5230 esset
1743 5174 1983 5244 juvenis,

421 5272 605 5311 senem
649 5257 729 5312 sic
775 5258 1130 5328 interrogavit
1185 5280 1199 5315 :
1251 5261 1531 5329 Quomodo
1578 5281 1674 5322 vos
1728 5271 1983 5338 potuistis

421 5361 677 5417 peragere
699 5361 835 5416 opus
872 5345 965 5400 Dei
995 5349 1050 5402 in
1085 5349 1273 5424 requie
1299 5369 1314 5417 ;
1344 5369 1446 5409 nos
1485 5370 1614 5410 vero
1644 5371 1820 5426 neque
1855 5365 1984 5414 cum

416 5430 605 5487 labore
637 5434 965 5503 possumus?
994 5433 1294 5508 Respondit
1321 5456 1485 5496 senex
1513 5463 1524 5497 :
1552 5443 1662 5500 Nos
1690 5447 1982 5514 valuimus,

490 5608 538 5645 ⁸⁸
565 5609 651 5664 Al.
685 5613 784 5675 εἰς.
867 5610 911 5646 ⁸⁹
935 5612 1020 5670 Al.
1050 5616 1144 5670 ῐδε.
1222 5617 1268 5651 ⁷ο
1299 5617 1537 5675 ΑΙᾸδον.

489 5766 602 5840 (bl)
646 5765 746 5824 Vit.
778 5771 932 5828 Patr.
970 5788 1049 5837 tu,
1085 5773 1136 5826 7.

2094 4592 2270 4650 Κάθου
2301 4599 2380 4662 είς
2404 4598 2462 4651 τὸ
2493 4599 2701 4653 κελλίον
2735 4618 2860 4654 σου⁸
2896 4601 2991 4656 ἐὰν
3021 4604 3232 4673 πεινᾷς,
3260 4582 3428 4671 φάγε·
3459 4603 3556 4657 ἐὰν
3586 4603 3669 4658 δι-

2089 4686 2216 4759 ψᾷς,
2242 4691 2332 4744 πίε
2351 4707 2364 4721 ⁸
2397 4692 2490 4745 καὶ
2527 4693 2602 4763 μὴ
2635 4693 3008 4767 κακολογήσῃς
3039 4694 3163 4748 τινά
3187 4709 3202 4724 ⁸
3227 4696 3321 4750 καὶ
3353 4693 3524 4767 σώζῃ.

2163 4867 2228 4938 β’.
2279 4867 2340 4924 Ὀ
2379 4869 2539 4933 αὐτὸς
2577 4864 2752 4936 εἶπεν,
2787 4871 2871 4925 ὅτι
2896 4871 3162 4926 Οὐδέποτε
3206 4871 3466 4943 κοσμικὸν
3511 4870 3671 4941 λόγον

2092 4953 2126 5030 ἦ
2161 4955 2334 5026 εἷπον,
2373 4958 2407 5032 ἢ
2435 4959 2676 5033 ἠθέλησα
2705 4962 2959 5018 ἀκοῦσαι.

2263 5069 2403 5139 Περὶ
2431 5070 2538 5125 τοῦ
2563 5072 2713 5127 ὰϐὄᾶ
2749 5073 3019 5129 Ἰωάννου
3047 5074 3154 5129 τοῦ
3187 5074 3511 5144 εὐνούχου.

2161 5186 2229 5232 α’.
2286 5181 2343 5236 Ὀ
2395 5183 2570 5250 ἀϐϐᾱς
2609 5187 2862 5260 Ἰωάννης
2903 5190 2932 5241 ό
2979 5188 3251 5260 εὐνοῦχος,
3286 5184 3553 5258 νεώτερος
3596 5183 3674 5238 ὢν

2090 5270 2338 5343 ἠρώτησε
2357 5276 2609 5348 γέροντα,
2636 5278 2812 5348 λέγων
2833 5297 2848 5311 ⁸
2873 5280 2997 5344 Πῶς
3023 5281 3182 5352 ὑμεῖς
3199 5279 3500 5352 ἠδυνήθητε
3521 5279 3676 5348 ποιῆ-

2095 5377 2184 5414 σαι
2223 5363 2286 5416 τὸ
2325 5365 2485 5437 ἔργον
2509 5369 2602 5422 τοῦ
2633 5370 2769 5424 Θεοῦ
2807 5373 2866 5424 ὲν
2903 5372 3238 5426 ἀναπαύσει·
3273 5373 3434 5443 ἡμεῖς
3457 5371 3518 5424 δὲ
3549 5369 3674 5424 οὐδὲ

2095 5452 2234 5524 μετά
2257 5457 2426 5512 κόπου
2460 5461 2686 5532 ποιῆσαι
2717 5463 3027 5536 δυνάμεθα;
3067 5466 3178 5520 Καὶ
3207 5463 3354 5534 λέγει
3381 5464 3411 5516 ό
3447 5463 3633 5535 γέρων
3655 5473 3674 5492 ⁸
