3874 6308
215 329 328 384 255

1393 329 2009 390 APOPHTIIEGMATA
2051 337 2356 396 PATRUM.

3379 337 3484 392 9.3—1

223 450 426 522 Ἦμεῖς
457 449 826 520 ἠδυνήθημεν,
857 447 1046 519 ἐπειδὴ
1075 448 1370 517 κεφάλαιον
1395 449 1592 521 ἔχομεν
1625 449 1686 502 τὸ
1714 449 1806 520 ἕρ-

1939 451 2038 522 [uia
2087 455 2346 526 prmcipui
2395 455 2514 510 loco
2577 453 2870 507 habuimus
2911 467 3050 522 opus
3097 449 3224 515 Dei,
3270 453 3484 511 minimi

213 559 314 612 γον
353 541 450 594 τοῦ
487 540 647 607 Θεοῦ,
673 541 772 612 τὴν
821 541 880 594 δὲ
921 541 1110 611 χρείαν
1137 541 1235 610 τὴν
1267 541 1582 612 σωματικὴν
1625 542 1806 612 ἐλάχι-

217 649 382 686 στον·
431 632 592 701 ὑμεῖς
646 631 704 684 δὲ
761 632 1058 700 κεφάλαιον
1118 631 1268 701 ἔχετε
1327 634 1426 700 τὴν
1495 634 1808 706 σωματικὴν

215 721 432 792 χρείαν,
463 721 528 772 τὸ
561 719 620 772 δὲ
647 719 806 792 ἔργον
835 721 926 774 τοῦ
961 719 1096 774 Θεοῦ
1123 722 1224 774 οὐκ
1251 723 1691 794 ἀναγκαιότερον.
1711 725 1809 778 Διά

213 813 380 868 τοῦτο
409 812 673 882 κάμνετε,
707 813 804 864 καὶ
833 811 922 865 διὰ
944 811 1106 866 τοῦτο
1129 815 1157 866 6
1189 814 1383 884 Σωτὴρ
1415 810 1536 866 εἷπε
1561 819 1673 878 τοῖς
1710 834 1810 886 μα-

217 901 414 970 θηταῖς
435 919 448 928 ·
497 901 914 968 ’0.ιιτόπιστοι,
953 901 1172 968 ζητεῖτε
1209 902 1444 972 πρῶτον
1483 905 1598 974 τὴν
1622 907 1808 970 ,βασι-

211 994 394 1046 λείαν
419 991 528 1044 τοῦ
571 991 742 1056 Θεοῦ,
764 991 866 1046 καὶ
897 987 1088 1048 ταῦτα
1111 995 1308 1048 πάντα
1335 995 1810 1064 προστεθήσεται

211 1087 386 1153 ὑμῖν.

287 1181 360 1250 β’.
403 1176 578 1234 Εἵπεν
619 1183 650 1234 6
689 1179 864 1244 ἀϐὃᾶς
905 1181 1178 1251 Ἰωάννης,
1207 1182 1290 1234 ὅτι
1322 1185 1350 1234 6
1384 1183 1573 1254 Πατὴρ
1601 1185 1756 1254 ἡμῶν
1783 1188 1812 1238 6

211 1271 396 1336 ἁϐὁᾶς
432 1271 718 1338 Ἀντώνιος
758 1269 934 1336 εἶπεν,
966 1275 1050 1326 ὅτι
1085 1275 1352 1328 Οὐδέποτε
1377 1276 1436 1328 τὸ
1457 1279 1651 1330 ἑαυτοῦ
1677 1295 1812 1350 συμ-

215 1366 388 1436 φέρον
423 1366 726 1437 προέκρινα
763 1367 864 1435 τῆς
891 1365 986 1420 τοῦ
1019 1366 1248 1436 ἀδελφοῦ
1281 1385 1382 1437 μου
1409 1369 1690 1438 ὠφελείας.

285 1465 364 1526 γ’.
413 1458 642 1526 Ἔλεγεν
690 1459 718 1512 6
761 1457 936 1520 ἀϐϐᾶς
971 1457 1220 1529 Ἰωάννης
1255 1462 1282 1512 6
1315 1460 1489 1531 Κίληξ
1519 1465 1546 1514 6
1578 1463 1814 1532 ἡγούμε.

213 1567 308 1613 νος
335 1551 440 1620 τῆς
477 1549 719 1612 Ῥαῐθοῢ,
749 1553 862 1613 τοῖς
887 1550 1136 1619 ἀδελφοῖς
1157 1569 1170 1582 ”
1206 1552 1403 1616 Τέκνα,
1435 1554 1510 1616 ὼς
1539 1555 1812 1626 ἐφύγομεν

213 1642 308 1696 τὸν
349 1643 580 1712 κόσμον,
619 1642 882 1712 φύγωμεν
920 1643 1015 1696 καὶ
1063 1643 1162 1706 τὰς
1207 1644 1500 1716 ἐπιθυμίας
1535 1647 1636 1716 τῆς
1679 1663 1812 1718 σαρ-

215 1735 316 1796 κός
339 1735 352 1788 ε

285 1827 334 1878 δ’
399 1821 540 1880 Εῐπε
570 1825 732 1880 πάλιν
755 1843 768 1856 ·
795 1827 1180 1899 Μιμησώμεθα
1211 1829 1338 1892 τοὺς
1363 1830 1614 1901 Πατέρας
1633 1829 1813 1900 ἡμῶν·
1845 1814 1888 1870 Β

219 1917 368 1986 μετά
427 1917 586 1981 ποίας
641 1918 1066 1990 σκληραγωγίας
1125 1921 1220 1974 καὶ
1279 1922 1507 1992 ἡσυχίας
1555 1921 1816 1976 ἐκάθισαν

223 2001 294 2026 τι.

215 2023 348 2062 una.

325 2099 338 2118 ο
449 2095 466 2114 7
653 2099 668 2112 ε
1059 2101 1072 2116 υ
1699 2103 1712 2118 υ

289 2117 322 2152 ε
343 2141 360 2156 .
401 2100 538 2152 Eme
573 2101 736 2154 πάλιν
755 2118 770 2132 ·
807 2101 899 2172 Μὴ
931 2105 1296 2172 ρυπωσωμεν.
1325 2102 1512 2164 τέκνα,
1542 2102 1631 2156 τὸν
1655 2119 1817 2156 roma

215 2191 438 2254 τοῦτον,
469 2191 530 2244 ὃν
557 2191 608 2244 οἱ
647 2193 884 2263 Πατὲρες
923 2191 1080 2264 ἡμῶν
1124 2192 1456 2262 ὲκαθὰρισαν
1483 2193 1590 2246 ἀπὸ
1631 2193 1818 2264 δαιμό-

219 2299 358 2337 νυων.

297 2381 378 2438 ς’.
421 2369 560 2428 Εἷπε
589 2374 752 2428 πάλιν
771 2392 786 2405 ·
830 2375 886 2427 '0
908 2375 1072 2438 τόπος
1097 2369 1254 2439 οὗτος
1281 2376 1536 2449 ἀσκητῶν
1565 2379 1732 2441 ἐστιν,
1755 2379 1816 2430 ού

219 2465 696 2536 πραγμτευτῶν.

409 2583 552 2650 Περὶ
577 2583 684 2637 τοῦ
711 2582 860 2639 ἀεϐᾶ
895 2583 1178 2640 Ἰωάννου
1209 2585 1328 2640 τῶν
1351 2589 1640 2643 Κελλίων.

295 2693 370 2750 α’.
413 2697 724 2768 Διηγῆσατο
752 2701 780 2752 6
809 2699 984 2764 sese;
1023 2697 1276 2772 Ἰωάννης
1303 2700 1408 2754 τῶν
1437 2701 1698 2764 Κελλίων,
1731 2700 1820 2754 λέ-

219 2802 366 2856 γων,
395 2787 480 2838 ὅτι
521 2787 638 2840 Μία
681 2787 856 2860 πόρνη
901 2785 968 2860 ἦν
1016 2791 1074 2842 ὲν
1111 2789 1392 2861 Αἰγύπτῳ,
1426 2792 1820 2863 εὐμορφωτάτη

221 2879 326 2932 καὶ
373 2880 610 2932 πλουσία
661 2880 898 2952 σφόδρα·
949 2883 1042 2935 καὶ
1079 2883 1128 2934 οἱ
1155 2883 1412 2954 ἄρχοντες
1440 2882 1548 2952 (49)
1595 2885 1822 2954 ἤρχοντο

223 2971 370 3041 πρὸς
427 2973 620 3042 αὐτην.
661 2974 780 3044 Μιᾷ
829 2969 922 3027 οὖν
966 2975 1072 3026 τῶν
1109 2975 1332 3046 ἡμερῶν
1369 2975 1694 3048 εύκαῑρησεν
1729 2976 1822 3028 ἐπὶ

221 3065 330 3134 τὴν
375 3063 702 3135 ἐκκλησίαν,
737 3066 832 3119 καὶ
882 3066 1148 3137 ἠθέλησεν
1193 3066 1453 3120 εἰσελθεῖν
1500 3068 1626 3121 ἔσω.
1655 3068 1714 3122 '0
1767 3069 1823 3122 δὲ

225 3154 617 3218 ύποδιὰκονος,
635 3155 664 3206 6
694 3157 909 3226 στήκων
947 3159 1026 3220 εἰς
1051 3158 1149 3220 τὰς
1177 3157 1364 3228 θύρας,
1393 3158 1492 3211 οὐκ
1517 3159 1696 3211 εἴασεν
1725 3159 1824 3211 αὐ-

223 3245 352 3316 τὴν,
387 3245 604 3315 λέγων’
639 3248 752 3300 Ούκ
795 3243 846 3300 εἴ
880 3247 1004 3312 ἀξία
1031 3248 1294 3301 εἰσελθεῖν
1342 3251 1422 3312 εἰς
1469 3245 1618 3302 οἷκον
1665 3249 1822 3313 Θεοῦ,

223 3337 312 3390 ὅτι
341 3337 658 3410 ἀκάθαρτος
686 3334 755 3393 εἷ.
775 3341 863 3404 Ὠς
893 3341 950 3392 δὲ
983 3341 1269 3410 ἐμάχοντο,
1293 3343 1524 3412 ἤκουσεν
1550 3344 1578 3394 6
1607 3342 1826 3395 ἐπίσκο-

225 3451 336 3498 πος
363 3435 462 3488 τοῦ
497 3435 752 3508 θορύϐου,
781 3438 873 3490 καὶ
895 3437 1104 3507 ἐξῆλθε.
1151 3437 1314 3506 Λέγει
1339 3435 1430 3492 οὖν
1457 3439 1607 3510 αὐτῷ
1631 3443 1663 3512 ἡ
1691 3439 1825 3510 πόρ-

227 3543 300 3594 νη
323 3542 338 3554 ’
368 3525 486 3578 Οὐκ
523 3525 672 3593 ἀφίει
719 3543 786 3595 με
820 3525 1080 3579 είσελθεῖν
1119 3530 1198 3591 εἰς
1237 3529 1335 3600 τὴν
1373 3529 1690 3599 ἐκκλησίαν.
1719 3531 1826 3583 Καὶ

227 3613 384 3682 λέγει
425 3616 564 3684 αὐτῇ
593 3615 624 3665 6
659 3615 992 3678 ἐπίσκοπος·
1044 3619 1156 3670 Οὐκ
1205 3618 1381 3682 ἔξεστί
1423 3635 1502 3672 σοι
1545 3618 1824 3680 εἰσελθεῖν,

227 3709 316 3761 ὅτι
335 3707 652 3778 ἀκάθαρτος
671 3703 742 3761 εἴ.
787 3708 850 3760 'H
872 3707 927 3760 δὲ
947 3713 1310 3777 κατανυγεῖσα
1335 3710 1482 3776 λέγει
1507 3712 1654 3782 αὐτῷ
1674 3729 1686 3742 ·
1715 3713 1827 3765 Ούκ

229 3801 316 3852 ἔτι
347 3799 623 3870 πορνεύω.
652 3799 814 3868 Λέγει
861 3801 998 3870 αὐτῇ
1051 3803 1080 3854 ὀ
1119 3803 1442 3866 ἐπίσκοπος·
1491 3803 1616 3856 Ἐὰν
1657 3805 1828 3874 φέρῃς

229 3889 338 3948 ὧδε
367 3895 438 3948 τὰ
465 3894 730 3964 χρήματά
764 3911 880 3956 σου,
897 3888 1014 3947 οἶδα
1040 3894 1122 3947 ὅτι
1149 3896 1208 3946 οὐ
1243 3897 1524 3964 πορνεύεις
1549 3895 1646 3948 ἔτι.
1666 3897 1752 3958 Ὠς
1773 3895 1826 3948 δὲ

229 3989 434 4059 ἤνεγκε
461 4027 478 4050 ,
513 3987 694 4040 λαϐὼν
729 3987 958 4042 ἔκαυσεν
991 3988 1130 4040 αὐτὰ
1155 3988 1307 4059 πυρί.
1343 3989 1449 4042 Καὶ
1481 3987 1730 4058 εἰσῆλθεν
1749 3990 1828 4051 εἰς

227 4083 332 4150 τὴν
363 4079 690 4150 ἐκκλησίαν,
711 4080 972 4134 κλαίουσα
1009 4081 1104 4134 καὶ
1136 4081 1399 4149 λέγουσα·
1433 4083 1494 4134 Ei
1521 4075 1622 4133 ὧδε
1657 4081 1829 4143 οὕτως

235 4191 328 4243 μοι
365 4173 612 4241 γέγονεν,
647 4175 764 4225 ἐκεῖ
787 4173 840 4226 τί
865 4173 974 4242 ἔχω
999 4173 1224 4234 παθεῖν;
1255 4176 1362 4228 Καὶ
1393 4177 1704 4244 μετενόησε,
1735 4175 1830 4226 καὶ

231 4267 428 4334 γέγονε
461 4264 655 4328 σκεῦος
685 4263 940 4333 ἐκλογῆς.

311 4443 380 4514 β’.
445 4439 617 4496 Εἶπεν
675 4445 704 4495 6
757 4442 934 4506 assa;
1003 4443 1256 4514 Ἰωάννης
1313 4444 1414 4514 τῆς
1469 4443 1826 4515 Θηβαΐδοςτι.

247 4537 492 4606 Ὄφείλει
531 4538 559 4589 6
610 4536 845 4605 μοναχὸς
890 4536 996 4608 πρὸ
1029 4537 1248 4590 πάντων
1279 4537 1376 4606 τὴν
1405 4538 1831 4610 ταπεινοφροσύ-

233 4649 338 4700 νην
365 4629 740 4701 κατορθῶσαι.
767 4629 916 4698 Αὕτη
943 4629 1052 4700 γάρ
1081 4630 1228 4682 ἐστιν
1249 4631 1282 4699 ἡ
1306 4628 1494 4700 πρώτη
1523 4630 1710 4700 ἐντολὴ
1737 4629 1831 4683 τοῦ

235 4723 530 4793 Σωτῆρος,
559 4721 811 4790 λέγοντος,⁹
833 4738 846 4749 ·
883 4719 1174 4788 Μακάριοι
1207 4724 1261 4774 οἱ
1291 4722 1514 4788 πτωχοὶ
1549 4721 1626 4788 τῷ
1655 4725 1836 4776 πνεύ-

231 4831 404 4882 ματι,
437 4813 528 4866 ὅτι
553 4811 757 4867 αὐτῶν
785 4813 960 4864 ἐστιν
999 4811 1038 4876 ἠ
1069 4811 1358 4874 ,ϐασιλεία
1386 4812 1504 4864 τῶν
1541 4812 1830 4880 οιῖιρανῶν.

329 4931 472 5000 Περὶ
507 4929 616 4982 τοῦ
647 4928 800 4984 ἀϐϐᾶ
845 4927 1150 4996 Ἰσιδὼρου
1181 4928 1286 4982 τοῦ
1313 4929 1740 4996 πρεσϐυτέρου.

313 5031 384 5079 α’.
422 5023 650 5091 Ἔλεγον
689 5023 818 5092 περὶ
849 5021 942 5074 τοῦ
971 5021 1114 5075 ἁεϐἄ
1163 5021 1430 5092 Ἰσιδώρου
1461 5021 1555 5074 τοῦ
1597 5023 1836 5094 πρεσϐυ-

311 5182 358 5214 ”
393 5182 478 5235 AI.
495 5183 524 5234 6
557 5180 816 5252 Θηϐαῖος.

315 5295 436 5368 (42)
467 5295 873 5368 Οὶίᾶρχοντες.
903 5293 1188 5365 Principes
1221 5297 1346 5360 viri,
1377 5295 1586 5368 nobiles
1611 5311 1674 5350 ac
1702 5297 1827 5349 illii-

243 5367 412 5430 stres,
439 5367 758 5434 Optiniates.
785 5367 924 5436 aula:
952 5381 1226 5435 proceres,
1259 5367 1614 5436 magistratus
1651 5368 1824 5436 majo-

243 5455 356 5512 res,
391 5445 714 5512 potestates.
745 5435 1112 5512 ln_§onﬁictu
1153 5435 1372 5512 Λητοίιῆ
1407 5447 1456 5490 et
1492 5435 1824 5512 Serapionis,

245 5507 372 5580 post
401 5509 668 5561 lreuwum
695 5523 748 5576 p.
777 5507 918 5580 537”:
953 5507 1092 5580 Pone
1121 5517 1224 5562 tres
1255 5509 1596 5580 imperatores
1634 5509 1691 5580 itt
1725 5525 1826 5560 uno

247 5577 430 5650 regno,
449 5580 504 5630 in
523 5595 631 5650 una
653 5577 958 5650 concordia,
979 5579 1032 5630 in
1055 5594 1160 5632 una
1181 5579 1322 5638 sede.
1348 5581 1402 5632 in
1420 5595 1524 5632 una
1541 5579 1826 5640 suavitate,

245 5649 430 5705 inuno
460 5649 662 5702 amoris
701 5649 918 5716 affectu,
951 5651 1002 5702 in
1035 5666 1142 5702 una
1169 5658 1461 5716 potestate:
1501 5662 1547 5702 et
1583 5665 1750 5717 quaere
1776 5650 1831 5700 in

245 5723 396 5790 ipsis,
429 5721 522 5790 qui
575 5721 806 5787 primum
847 5720 1016 5772 locum
1069 5731 1345 5786 potestatis
1389 5721 1667 5774 obtineat?
1707 5717 1832 5772 Siue

245 5793 408 5846 dubio
433 5791 522 5844 «sui
543 5793 639 5844 toti
669 5801 772 5842 tres
805 5792 1029 5858 Augusti
1055 5803 1196 5852 sunt,
1221 5793 1316 5844 toti
1349 5801 1452 5846 tres
1489 5791 1648 5860 primi
1673 5801 1829 5844 sunt:

655 5913 922 5970 Parant.
966 5911 1082 6002 (ut.
1121 5909 1306 5970 LXV.

1862 4509 1908 4566 D

1909 561 2044 602 vero
2073 548 2412 618 corporalem
2463 549 2848 602 necessitatem
2885 566 2896 600 :
2933 562 3026 600 vos
3067 555 3246 601 autem
3295 549 3487 616 praeci-

1909 652 2080 706 puum
2105 639 2308 694 ducitis
2334 640 2714 694 necessitatem
2749 639 3105 708 corporalem,
3131 653 3268 708 opus
3305 649 3484 696 autem

1911 730 2006 784 Dei
2053 747 2166 786 rem
2197 733 2377 786 minus
2406 733 2793 786 necessariam.
2816 731 2941 784 ideo
2975 731 3236 786 laboratis
3263 750 3276 786 ε
3305 741 3359 786 et
3388 748 3482 786 ea-

1911 829 2132 892 propter
2181 821 2431 876 Salvator
2482 824 2765 892 discipulis
2811 823 2926 877 suis
2979 823 3118 878 dixit
3159 843 3172 878 :
3223 823 3484 881 Homines

1911 915 2134 968 modica:
2175 915 2320 984 ﬁdei,
2349 917 2568 986 qua'rite
2612 917 2840 983 primunt
2887 933 3104 985 regnum
3148 915 3262 980 Dei,
3295 923 3344 969 et
3378 915 3488 972 licet:

1913 1007 2090 1058 omnia
2115 1003 2438 1074 adjicieutur
2473 1005 2614 1058 vobis
2645 1007 2710 1059 ".

1982 1184 2034 1236 2.
2079 1184 2330 1238 Narravit
2375 1185 2546 1239 abbas
2597 1183 2854 1248 Joannes,
2901 1185 3046 1254 quod
3095 1183 3255 1239 Pater
3303 1191 3491 1240 noster

1914 1277 2085 1330 abbas
2123 1275 2394 1330 Antonius
2422 1275 2620 1330 dixerit
2649 1295 2662 1329 :
2691 1273 2990 1346 Nunquam
3027 1291 3206 1330 meum
3247 1291 3493 1334 commo-

1915 1369 2044 1424 dum
2081 1369 2302 1422 utilitati
2343 1369 2530 1422 fratris
2559 1369 2664 1424 mei
2699 1371 2930 1438 praetuli.

1985 1461 2040 1515 5.
2075 1460 2188 1529 (45)
2217 1461 2398 1516 Abbas
2423 1459 2662 1515 Joannes
2686 1459 2847 1526 Cilix,
2877 1462 3207 1532 praepositus
3239 1461 3295 1515 in
3325 1459 3494 1515 Rbai-

1915 1549 2035 1614 thu,
2081 1550 2294 1604 dicebat
2345 1551 2607 1607 fratribus
2639 1574 2650 1606 :
2679 1551 2822 1616 Filii,
2861 1554 3000 1606 sicut
3047 1553 3284 1622 fugimus
3331 1568 3494 1608 mun-

1915 1643 2068 1708 dum,
2103 1641 2378 1712 fugiamus
2409 1645 2614 1711 pariter
2642 1645 2828 1698 carnis
2856 1644 3200 1714 cupiditates.

1989 1821 2042 1874 4.
2081 1819 2194 1890 (44)
2225 1819 2368 1873 Dixit
2415 1819 2609 1873 iterum
2645 1839 2657 1873 :
2691 1821 2971 1874 Imitemur
3005 1819 3194 1878 Patres
3233 1833 3492 1880 nostros:

1917 1921 2122 1981 quanta
2153 1928 2276 1965 cum
2306 1913 2624 1967 austeritate
2658 1919 2711 1968 et
2737 1912 2918 1984 quiete
2945 1915 3264 1968 resederunt
3291 1916 3344 1969 in
3377 1916 3497 1972 loco

1919 2007 2043 2061 hoc.

1992 2099 2044 2154 5.
2079 2098 2191 2168 (45)
2223 2098 2310 2152 Ait
2361 2113 2592 2153 rursus:
2623 2095 2778 2162 Filii,
2807 2115 2875 2154 ne
2919 2101 3267 2157 sordidemus
3315 2117 3496 2158 tecum

1921 2193 2110 2258 istum,
2151 2207 2310 2262 quem
2365 2189 2556 2246 Patres
2607 2191 2779 2246 nostri
2813 2208 2844 2246 a
2889 2191 3227 2249 diemonibus
3266 2193 3498 2250 munda-

1921 2292 2134 2338 verunt.

1993 2373 2046 2426 6.
2083 2372 2196 2440 (66)
2225 2373 2416 2428 Adhuc
2447 2374 2583 2428 dixit
2615 2394 2626 2428 :
2665 2373 2842 2430 Locus
2885 2377 2988 2431 iste
3035 2385 3348 2431 ascetarum
3387 2385 3492 2444 est,

1921 2481 2029 2520 non
2067 2474 2248 2520 autem
2279 2465 2700 2536 negotiatorum.

2274 2579 2350 2634 De
2389 2579 2578 2634 abbate
2610 2578 2819 2634 Joanne
2856 2580 3144 2636 Celtarum.

1989 2693 2038 2745 i.
2075 2691 2154 2744 Ad
2189 2691 2334 2746 hunc
2377 2692 2598 2746 modum
2639 2694 2884 2746 narravit
2913 2693 3155 2750 Joannes
3177 2693 3451 2750 Cellensis
3482 2713 3498 2748 :

1925 2781 2056 2836 Erat
2095 2784 2150 2837 in
2183 2781 2422 2854 :Egypto
2469 2785 2728 2840 meretrix
2773 2787 3164 2856 pulcherrima,
3207 2786 3502 2842 admodum

1925 2877 2099 2942 dives,
2122 2875 2190 2930 ad
2221 2891 2394 2946 quam
2427 2877 2614 2932 venire
2653 2878 2900 2932 solebant
2931 2879 3031 2932 viri
3067 2879 3120 2932 in
3155 2887 3424 2948 potestate
3449 2889 3506 2934 et

1925 2967 2190 3038 dignitate
2225 2968 2530 3022 constituti.
2555 2967 2800 3034 Quodam
2831 2968 3000 3040 igitur
3025 2967 3114 3024 die
3141 2973 3408 3040 processit
3435 2973 3504 3028 ad

1925 3063 2232 3126 ecclesiam,
2267 3061 2547 3132 voluitque
2593 3059 2840 3117 introire.
2870 3064 2940 3116 At
2985 3063 3357 3120 subdiaconus
3409 3067 3506 3136 qui

1851 3155 1896 3212 C.
1929 3153 1994 3206 ad
2029 3163 2240 3222 portam
2291 3152 2495 3212 stabat.
2545 3167 2652 3206 non
2703 3153 2975 3222 permisit,
3015 3153 3204 3208 dicens
3245 3171 3260 3207 :
3297 3151 3510 3224 Nequa-

1925 3259 2088 3315 quam
2133 3245 2298 3315 digna
2347 3260 2415 3300 es
2447 3253 2503 3297 ut
2541 3244 2866 3314 ingrediaris
2889 3244 2943 3298 in
2973 3243 3190 3300 domum
3229 3242 3344 3310 Dei,
3379 3245 3509 3314 quia

1927 3339 2140 3408 impura
2169 3353 2250 3392 es.
2287 3337 2420 3392 Dum
2467 3345 2646 3391 autem
2698 3344 3099 3400 concertarent,
3133 3353 3380 3391 murmur
3410 3353 3510 3390 au-

1927 3433 2058 3487 divit
2103 3433 2412 3500 episcopus,
2435 3440 2485 3484 el
2517 3445 2772 3500 egressus
2813 3439 2919 3484 est.
2951 3431 3038 3484 Ait
3068 3446 3198 3500 ergo
3229 3429 3306 3484 illi
3337 3447 3510 3486 mere-

1929 3526 2034 3578 trix
2068 3543 2080 3579 :
2109 3523 2226 3578 Non
2275 3523 2407 3578 sinit
2441 3538 2528 3576 me
2578 3523 2790 3576 intrare
2835 3523 2890 3574 in
2933 3522 3240 3576 ecclesiam.
3271 3520 3410 3576 Tum
3457 3521 3510 3574 ei

1929 3617 2220 3686 episcopus
2251 3633 2266 3668 :
2299 3613 2417 3668 Non
2459 3614 2584 3669 licet
2639 3613 2732 3668 tibi
2779 3615 3026 3674 introire,
3069 3629 3195 3667 cum
3229 3613 3508 3668 immunda

1929 3708 2028 3761 sis.
2057 3706 2148 3760 Illa
2182 3721 2312 3760 vero
2339 3716 2666 3776 compuncta
2693 3705 2830 3758 dixit
2864 3705 2912 3760 ei
2945 3724 2959 3760 :
2989 3704 3106 3758 Non
3135 3705 3369 3773 amplius
3397 3705 3509 3760 for-

1931 3799 2176 3852 nicabor.
2211 3797 2386 3866 Atque
2419 3797 2486 3850 ad
2515 3811 2632 3849 eam
2665 3799 2956 3868 episc0pus
2990 3815 3002 3850 :
3035 3797 3092 3848 Si
3125 3797 3374 3850 attuleris
3403 3797 3509 3850 huc

1933 3889 2218 3942 facultates
2259 3899 2412 3954 tuas,
2445 3904 2769 3958 cognoscam
2802 3901 2851 3942 te
2879 3903 2984 3940 non
3011 3887 3242 3957 amplius
3275 3887 3513 3942 fornica-

1933 3991 2132 4036 turam.
2165 3980 2267 4034 Ubi
2317 3993 2496 4034 autem
2533 3980 2734 4044 attulit,
2777 3981 3071 4050 cpisc0pus
3108 3989 3362 4049 acceptas
3398 3981 3510 4048 igni

1933 4075 2267 4140 combussit;
2301 4075 2390 4127 illa
2423 4077 2666 4144 ingressa
2716 4081 2798 4126 est
2833 4072 2886 4125 in
2929 4071 3240 4138 ecclesiam,
3279 4071 3413 4127 fletis
3444 4085 3508 4126 ac

1933 4165 2122 4222 dicens
2155 4187 2166 4220 :
2201 4167 2255 4222 Si
2289 4169 2378 4220 hic
2405 4168 2476 4220 ita
2507 4183 2718 4220 mecum
2755 4175 2936 4218 actum
2973 4173 3076 4226 est,
3119 4165 3228 4218 illic
3251 4165 3379 4234 quid
3412 4165 3511 4218 ha-

1937 4259 2036 4314 beo
2080 4261 2230 4330 pati?
2261 4259 2324 4312 Et
2369 4260 2744 4328 paenitentiam
2789 4257 2918 4327 egit.
2957 4259 3240 4328 evasitque
3270 4275 3364 4313 vas
3396 4260 3510 4314 eic-

1937 4353 2154 4406 ctionis.

1999 4445 2054 4500 2.
2083 4445 2193 4514 (L7)
2229 4445 2370 4498 Dixit
2395 4445 2564 4498 abbas
2587 4441 2824 4496 Joannes
2849 4441 3142 4496 Thebaidis
3167 4461 3178 4496 :
3211 4441 3378 4497 Debet
3397 4459 3514 4496 mo-

1939 4541 2149 4594 uachus
2199 4549 2324 4594 ante
2374 4541 2556 4593 omnia
2607 4537 2930 4591 humilitatis
2989 4537 3192 4589 bonum
3243 4535 3508 4590 obtinere.

1941 4633 2054 4688 Hoc
2081 4633 2223 4686 enim
2255 4641 2338 4686 est
2365 4632 2598 4700 primum
2634 4629 2933 4684 Salvatoris
2965 4629 3300 4692 mandatum,
3335 4629 3516 4684 dicen-

1939 4727 2008 4778 tis
2043 4747 2053 4780 :
2087 4723 2238 4778 Beati
2277 4739 2526 4792 pauperes
2589 4723 2798 4790 spiritu,
2849 4722 3096 4790 quoniam
3145 4722 3378 4788 ipsorum
3435 4733 3516 4776 est

1938 4832 2150 4887 regnum
2183 4817 2432 4868 caelorum
2464 4815 2530 4867 ⁷³.

2271 4927 2349 4982 De
2379 4927 2564 4982 abbate
2596 4925 2804 4981 Isidoro
2837 4925 3158 4996 presbytero.

2005 5023 2056 5077 1.
2093 5021 2326 5076 Aiebant
2353 5020 2420 5074 de
2456 5021 2650 5074 abbate
2683 5017 2891 5073 Isidoro
2917 5017 3261 5090 presbytero,
3295 5019 3518 5077 venisse

893 5181 939 5210 ⁷²
967 5179 1158 5232 Matth.
1187 5195 1262 5242 vr,
1285 5179 1374 5244 30,
1407 5180 1496 5234 55.
1573 5179 1620 5210 ⁷³
1645 5180 1836 5236 Matth.
1867 5197 1922 5240 ν.
1949 5181 2000 5234 5.

1937 5297 2224 5350 secundum
2259 5314 2376 5350 rero
2407 5298 2600 5362 locum,
2635 5303 2684 5348 ct
2715 5305 2925 5350 tertium
2963 5297 3238 5363 potestatis
3289 5293 3516 5356 (subsli-

1936 5376 2048 5428 tue,
2089 5373 2397 5432 potestates)
2433 5368 2498 5420 ab
2541 5369 2792 5436 Augustis
2828 5367 3089 5422 ordinata:
3129 5365 3410 5422 habebunt.

2009 5438 2121 5506 (45‘
2169 5438 2270 5491 Vit.
2305 5439 2455 5492 Patr.
2495 5456 2547 5504 x,
2585 5437 2702 5492 115.

2011 5510 2120 5576 (Η)
2153 5509 2374 5564 Ibidem.

2010 5579 2122 5648 (45)
2155 5579 2378 5634 Ibidem.

2014 5651 2126 5720 (46)
2157 5650 2382 5720 Ibidem.

2012 5719 2122 5790 (47)
2169 5719 2272 5776 Vit.
2315 5719 2468 5777 Patr.
2507 5739 2572 5778 xv
2619 5723 2719 5778 95'
2749 5723 2808 5778 L.
2845 5723 3070 5780 Doroth.
3109 5721 3290 5778 Doctr.
3317 5719 3354 5776 2

3229 5907 3272 5974 8
