3874 6344
415 360 522 414 £53

1574 355 1916 410 APPENDIK
1959 355 2047 408 AD
2090 355 2508 412 PALLADIUM.

3565 359 3669 415 236

416 470 712 540 aliquando
768 469 989 524 fratrem
1038 471 1350 539 quemdam,
1386 477 1446 523 ut
1484 469 1738 524 invitaret
1773 485 1896 524 eum
1927 484 1969 522 ac

2096 471 2276 539 τέρου.
2303 470 2384 523 ὅτι
2416 466 2547 544 ἦλθέ
2578 472 2708 524 ποτέ
2737 488 2821 534 τις
2853 471 3108 540 ἁδελφὸς,
3153 471 3238 524 ἵνα
3272 471 3475 544 καλέσῃ
3508 473 3668 528 αὐτὸν

417 564 724 634 prandium.
761 563 830 622 At
861 579 1024 619 senex
1055 563 1226 616 uoluit
1256 562 1567 632 proficisci;
1594 562 1872 634 quoniam,
1907 562 1990 614 in-

417 655 555 724 quit.
584 654 824 708 Adamus
859 654 982 709 cibo
1030 653 1311 723 deceptus,
1353 665 1505 709 extra
1539 655 1853 724 paradisum
1893 654 1990 706 lia-

417 747 733 800 liitationem
767 745 997 815 accepit.
1030 745 1117 799 Ait
1152 746 1227 799 illi
1279 745 1448 800 frater
1484 767 1496 801 :
1536 746 1616 800 Tu
1664 747 1888 801 omnino
1920 747 1989 800 ti-

415 855 530 894 mes
574 839 756 908 egredi
799 853 828 892 c
871 838 1006 892 cella
1054 839 1180 892 tua?
1220 841 1422 893 Iterum
1475 840 1566 894 ille
1593 859 1606 894 :
1636 838 1774 902 Fili,
1821 840 1986 893 timeo

414 945 564 993 sane,
617 929 743 999 quia
792 928 1058 994 diabolus,
1107 941 1358 1001 tanquam
1403 932 1480 985 leo
1528 931 1759 1001 rugiens,
1796 931 1987 1000 quaerit

411 1039 563 1091 quem
595 1022 804 1078 devoret
831 1023 898 1077 ⁷⁸.
927 1023 1079 1094 Saepe
1100 1035 1277 1079 autem
1299 1025 1443 1080 hunc
1459 1026 1980 1081 emisitsermonem:

427 1111 485 1166 Si
518 1112 642 1184 quis
672 1130 732 1169 se
759 1115 813 1168 in
848 1114 957 1168 vini
996 1115 1326 1185 potationem
1355 1115 1587 1182 dederit,
1621 1131 1730 1168 non
1764 1114 1985 1186 effugiet

419 1205 646 1260 insidias
696 1207 1108 1276 cogitationum.
1141 1205 1351 1260 Etenim
1385 1205 1543 1260 Lota
1603 1207 1816 1260 filiabus
1867 1206 1984 1261 suis

407 1303 654 1356 coactus.
680 1296 806 1349 vino
837 1297 1138 1351 inebriatus
1165 1306 1270 1358 est,
1300 1311 1362 1349 ac
1397 1312 1493 1365 per
1521 1295 1837 1350 ebrietatem
1868 1296 1984 1350 dia-

406 1385 566 1440 bolus
611 1401 736 1440 eum
788 1385 946 1440 facile
997 1387 1064 1440 ad
1104 1385 1389 1440 scelestam
1433 1383 1847 1438 fornicationem
1896 1383 1985 1437 ad-

409 1476 714 1621 du2".lll.)i)tit
742 1567 914 1622 abbas
941 1566 1186 1622 Isidorus
1214 1585 1227 1620 :
1258 1564 1314 1619 Si
1348 1566 1499 1636 regni
1534 1566 1794 1621 caelorum
1837 1567 1981 1622 desi-

405 1658 557 1712 derio
591 1659 809 1724 teneris,
844 1659 1130 1728 pecuniam
1175 1666 1483 1722 contemne,
1516 1672 1580 1713 ac
1614 1658 1854 1713 divinam
1902 1675 1982 1714 re-

407 1751 766 1807 tributionem
789 1751 888 1806 tibi
920 1752 1155 1806 vindica.

2098 561 2176 623 εἰς
2207 559 2446 630 ἄριστον.
2489 561 2546 613 ’0
2577 561 2633 613 δὲ
2663 561 2841 632 γέρων
2870 561 2969 615 ούκ
2998 563 3257 632 ἠνέσχετο
3279 564 3556 630 ἀπελθεῖν,
3584 563 3670 621 λό-

2097 667 2228 717 γων,
2269 653 2390 704 Ὅτι
2433 651 2622 721 Ἀδάμ,
2662 652 2741 722 τῷ
2783 652 3029 723 βρώματι
3062 653 3385 723 ἀπατηθεὶς,
3432 654 3538 719 ἔξω
3575 654 3666 710 τοῦ

2098 741 2424 813 παραδείσου
2452 743 2702 814 ηὐλίσθη.
2732 744 2893 812 Λέγει
2919 743 3067 814 αύτῷ
3086 747 3114 798 6
3142 745 3371 815 ἀδελφός
3395 762 3410 776 ο
3435 747 3508 800 Σὺ
3532 746 3668 810 ὅλως

2096 833 2232 903 φοϐῇ
2274 833 2511 898 ἐξελθεῖν
2543 833 2636 886 τοῦ
2673 834 2886 887 κελλίου
2932 850 3057 899 σου;
3098 835 3156 888 ὐ
3197 835 3254 888 δὲ
3291 835 3453 889 πάλιν
3503 831 3663 889 εἷπε·

2094 923 2314 987 Τέκνον,
2343 923 2632 994 φοϐοῦμαι.
2663 925 2743 978 ὅτι
2769 928 2802 979 ό
2834 924 3110 990 διάϐολος
3131 927 3209 992 ὡς
3236 926 3394 980 λέων
3415 926 3668 996 ὠρυόμε-

2091 1031 2197 1080 voc
2228 1014 2387 1081 ζητεῖ
2416 1017 2550 1069 τίνα
2582 1018 2860 1085 καταπίῃ.
2917 1017 3184 1080 Πολλάκις
3224 1019 3282 1072 δὲ
3317 1019 3502 1088 ἔλεγεν
3523 1058 3543 1086 ,
3586 1021 3666 1074 ὅτι

2103 1108 2230 1160 Ἐάν
2254 1125 2338 1172 τις
2366 1108 2442 1179 δῷ
2462 1109 2654 1161 ἑαυτὸν
2680 1111 2759 1172 εἰς
2782 1110 3110 1173 οἰνοποσίαν,
3139 1111 3202 1162 ού
3228 1111 3301 1180 μὴ
3328 1111 3546 1186 ἐκφύγῃ
3568 1113 3666 1182 τὴν

2091 1200 2198 1252 τῶν
2232 1200 2505 1271 λογισμῶν
2538 1201 2843 1272 ἐπιϐουλήν.
2877 1203 2987 1256 Καὶ
3026 1203 3134 1275 γὰρ
3175 1205 3204 1256 6
3243 1203 3389 1268 Λὼτ,
3425 1205 3666 1273 ἀναγκα-

2093 1291 2238 1356 σθεὶς
2273 1293 2376 1346 ὑπὸ
2411 1293 2520 1345 τῶν
2557 1293 2873 1366 θυγατέρων
2922 1295 3084 1348 αὐτοῦ
3106 1337 3120 1359 ,
3157 1295 3432 1365 ἐμεθύσθη
3476 1299 3541 1350 ἐκ
3570 1297 3664 1352 τοῦ

2089 1385 2254 1446 οἴνου,
2281 1387 2375 1437 καὶ
2405 1383 2493 1438 διὰ
2520 1385 2619 1455 τῆς
2653 1385 2822 1456 μέθης
2850 1386 3088 1456 εὐχερῶς
3115 1388 3143 1439 6
3171 1387 3415 1451 διάϐολος
3443 1390 3524 1452 εἰς
3543 1387 3665 1442 ἄνο-

2093 1491 2192 1543 μον
2229 1475 2485 1545 πορνείαν
2519 1475 2680 1528 αὑτὸν
2711 1477 3142 1548 παρεσκεύασεν.

2164 1567 2229 1637 β’.
2261 1563 2427 1620 Εἶπεν
2454 1569 2482 1620 6
2507 1567 2681 1632 άϐϐἄς
2742 1568 3009 1640 Ἰσίδωρος
3029 1586 3041 1598 ·
3089 1567 3150 1620 Et
3186 1569 3464 1640 βασιλείας
3495 1571 3661 1641 ούρα-

2088 1655 2195 1710 νῶν
2244 1659 2392 1728 ἐρᾷς,
2444 1659 2743 1729 χρημάτων
2791 1659 3149 1731 καταφρόνει,
3213 1661 3306 1714 καὶ
3362 1660 3464 1732 τῆς
3513 1661 3663 1727 θείας

2090 1749 2319 1820 ἀμοιϐῆς
2353 1749 2647 1804 ἁντιποιοῦ.

476 1843 529 1898 5.
560 1842 705 1897 Dixit
735 1843 929 1898 iterum
962 1863 977 1898 :
1004 1842 1148 1898 Fieri
1175 1844 1364 1913 nequit
1391 1849 1455 1896 'ut
1478 1842 1778 1898 secundum
1811 1843 1969 1898 Deum

2152 1847 2220 1909 γ’.
2259 1837 2394 1895 Eine
2427 1842 2626 1896 πάλιν·
2677 1843 2850 1913 Ζῆσαί
2881 1861 2940 1896 σε
2986 1845 3126 1898 κατὰ
3168 1846 3321 1908 Θεὸν,
3375 1846 3659 1911 ἀδύνατον,

404 1937 579 2000 vivas,
611 1935 656 1992 si
690 1936 988 2008 voluptatis
1017 1943 1112 1990 aut
1135 1937 1344 2006 argenti
1382 1933 1552 1990 fueris
1586 1945 1816 1991 amator.

473 2030 528 2084 4.
573 2028 696 2084 Haec
731 2031 895 2085 etiam
944 2029 1108 2085 verba
1149 2028 1277 2083 fecit
1309 2046 1323 2082 :
1358 2027 1415 2082 Si
1447 2029 1683 2099 legitime
1706 2029 1977 2098 jejunium

353 2149 358 2154 -
403 2121 698 2184 exercetis,
743 2119 912 2174 nolite
960 2118 1215 2189 superbia
1269 2116 1446 2172 inflari
1485 2136 1499 2170 :
1537 2118 1684 2187 quod
1729 2119 1777 2172 si
1820 2119 1872 2172 in
1912 2134 1978 2174 eo

399 2211 752 2281 gloriamini,
816 2212 1000 2280 potius
1057 2224 1277 2263 carnem
1337 2208 1682 2265 manducate.
1747 2207 1977 2264 Praestat

399 2303 543 2355 enim
576 2309 635 2355 ut
662 2301 824 2356 homo
844 2299 1098 2356 comedat
1137 2313 1355 2363 carnes,
1387 2314 1549 2370 quam
1577 2300 1833 2370 superbia
1861 2307 1979 2355 tur-

398 2380 602 2468 geat'et
635 2395 808 2466 gloria
839 2395 1067 2450 extollat
1097 2407 1176 2447 se.

469 2488 524 2543 5.
555 2487 752 2542 Adhuc
795 2486 937 2542 dixit
967 2505 980 2539 :
1010 2484 1239 2556 Oportet
1274 2493 1332 2538 ut
1357 2485 1612 2555 discipuli
1647 2501 1805 2540 veros
1840 2501 1975 2555 prae-

399 2587 661 2650 ceptores
711 2587 1124 2647 tum'tanquam
1163 2586 1358 2645 patres
1403 2585 1621 2641 ament,
1672 2585 1785 2631 tum
1827 2577 1976 2632 velut

387 2674 672 2743 principes
696 2673 972 2739 timeant;
1011 2679 1063 2725 et
1093 2686 1194 2725 nec
1237 2678 1461 2741 pr0pter
1497 2669 1871 2732 dilectionem,
1901 2670 1972 2723 ti-

385 2777 608 2817 morem
635 2762 938 2827 remittant,
960 2778 1058 2816 nec
1082 2769 1308 2831 propter
1329 2761 1602 2826 timorem,
1623 2760 1971 2815 dilectionem

397 2855 720 2910 obscurent.

463 2946 517 3001 6.
549 2946 696 3001 Dixit
723 2954 984 3017 praeterea
1017 2964 1034 2998 :
1072 2944 1128 2998 Si
1159 2945 1392 3000 salutem
1427 2945 1744 3010 desideras,
1771 2955 1968 3003 cuncta

352 3037 566 3092 dfacito
595 3053 717 3108 qua:
749 3046 801 3092 te
833 3038 896 3090 ad
924 3037 1068 3090 illam
1103 3035 1337 3090 ductura
1372 3045 1521 3091 sunt.

466 3131 519 3184 7.
553 3131 664 3200 (48)
707 3129 1012 3184 Narrabant
1061 3129 1128 3184 de
1171 3129 1362 3185 abbate
1402 3131 1632 3195 Isidoro,
1663 3131 1809 3202 quod
1840 3147 1964 3187 cum

2084 1934 2364 2005 φιλήδονον
2392 1934 2520 1988 ὄντα
2550 1936 2644 1989 καὶ
2675 1936 3029 2008 φιλάργυρον.

2149 2025 2210 2080 δ’.
2244 2024 2380 2080 Εἷπε
2415 2026 2578 2081 πάλιν
2599 2046 2611 2057 ·
2648 2027 2711 2082 El
2749 2029 2996 2099 νομίμως
3031 2031 3251 2083 ἀσκεῖτε
3287 2031 3659 2101 νηστεύοντες,

2084 2117 2157 2189 μὴ
2178 2117 2465 2186 τυφοΰσθε⁹
2489 2119 2536 2170 εί
2561 2118 2618 2172 δὲ
2641 2119 2732 2172 ἐπὶ
2753 2117 2913 2172 τοῦτο
2929 2120 3167 2190 αύχεῖτε,
3198 2122 3663 2193 μᾶλλονκρεωφα-

2079 2213 2244 2278 γεῖτε.
2280 2210 2555 2281 Συμφέρει
2584 2210 2694 2282 γὰρ
2723 2211 2994 2282 ἀνθρώπῳ
3023 2213 3222 2283 μᾶλλον
3265 2213 3405 2286 κρέα
3434 2215 3659 2280 ἐσθίειν,

2080 2300 2112 2369 ἢ
2142 2299 2438 2370 τυφοῦσθαι
2477 2302 2570 2354 καὶ
2603 2301 2988 2373 μεγαλαυχεῖν.

2148 2484 2207 2531 ε’.
2258 2473 2391 2530 Εῐπε
2414 2477 2576 2531 πάλιν
2597 2495 2609 2508 ·
2635 2479 2755 2552 Χρὴ
2790 2481 2915 2544 τοὺς
2946 2481 3424 2554 μαθητευομένους
3459 2488 3556 2540 καὶ
3580 2487 3655 2550 ὡς

2077 2568 2319 2640 πατέρας
2364 2571 2538 2638 φιλεῖν
2589 2572 2714 2634 τοὺς
2769 2572 2936 2638 ὅντως
2995 2575 3382 2640 διδασκάλους,
3433 2579 3529 2630 καὶ
3579 2578 3657 2640 ὡς

2076 2661 2344 2733 ἄρχοντας
2405 2663 2720 2732 φοϐεῖσθαιο
2777 2666 2871 2719 καὶ
2930 2669 3067 2739 μήτε
3128 2668 3216 2722 διὰ
3274 2668 3371 2740 τὴν
3433 2670 3655 2738 ἀγάπην

2074 2755 2287 2809 ἐκλύειν
2325 2755 2417 2809 τὸν
2458 2755 2639 2825 φόϐον,
2707 2759 2845 2828 μήτε
2893 2759 2982 2812 διὰ
3020 2761 3111 2813 τὸν
3162 2762 3325 2830 φόϐον
3371 2761 3654 2833 ἀμαυροῖν

2078 2847 2172 2920 τὴν
2202 2849 2442 2920 ἀγάπην.
2853 2890 2855 2892 -
3547 2855 3555 2867 ⁸

2146 2947 2219 3006 ς’.
2253 2937 2388 2995 Εἷπε
2423 2944 2582 2998 πάλιν
2601 2961 2614 2974 ⁸
2651 2945 2712 2998 Εἰ
2738 2945 3010 3016 σωτηρίας
3035 2948 3186 3018 ἐρᾷς,
3219 2948 3393 3002 πάντα
3422 2949 3564 3002 ποίει
3585 2951 3656 3005 τὰ

2075 3035 2153 3098 εἰς
2186 3035 2354 3106 αὐτὴν
2384 3036 2587 3104 ἄγοντά
2618 3053 2697 3090 σε.

2146 3124 2210 3189 ζ’.
2255 3127 2479 3196 Ἔλεγον
2514 3130 2640 3200 περὶ
2671 3128 2762 3182 τοῦ
2797 3129 2943 3184 ὰϐϐἄ
2979 3129 3270 3202 Ἰσιδώρου,
3302 3133 3383 3186 ὅτι
3431 3133 3506 3197 ὡς
3554 3134 3658 3187 6r-

369 3223 719 3278 ‘accessisset
742 3222 808 3276 ad
830 3238 953 3276 eum
984 3221 1170 3284 frater,
1198 3222 1408 3293 fugeret
1439 3223 1504 3277 ad
1522 3224 1764 3280 interius
1789 3225 1962 3279 cellae.

2086 3220 2208 3290 ἧγεν
2242 3220 2468 3290 ἁδελφδς
2497 3223 2632 3294 πρὸς
2655 3223 2839 3285 αὐτὸν,
2868 3223 3096 3292 ἔφευγεν
3118 3223 3380 3296 ἐσώτερον
3405 3226 3499 3280 τοῦ
3533 3229 3656 3279 κελ-

393 3314 577 3384 Itaque
601 3313 860 3382 dixerunt
887 3313 938 3368 ei
971 3313 1168 3367 fratres
1193 3330 1206 3366 :
1231 3315 1406 3377 Abba,
1429 3315 1560 3385 quid
1578 3325 1670 3372 est
1693 3315 1798 3372 hoc
1822 3317 1969 3387 quod

393 3405 556 3472 agis?
589 3404 654 3458 Et
685 3408 762 3458 ait
793 3424 806 3459 :
843 3405 1016 3458 Etiam
1052 3405 1180 3461 fera:
1227 3406 1499 3478 fugientes
1533 3409 1596 3464 ad
1630 3409 1804 3464 lustra
1844 3424 1967 3474 sua,

391 3505 700 3552 servantur.
731 3495 843 3552 Ista
875 3505 1054 3553 autem
1097 3499 1427 3568 loquebatur
1479 3508 1703 3572 propter
1737 3500 1967 3558 fratrum

381 3587 704 3641 utilitatem.

804 3701 883 3756 De
914 3701 1103 3757 abbate
1125 3701 1334 3757 Joanne
1363 3703 1554 3758 Persa.

470 3813 522 3867 1.
556 3812 664 3884 (49)
705 3812 864 3868 Venit
905 3815 1199 3884 aliquando
1235 3831 1372 3885 puer
1400 3823 1459 3870 ut
1488 3826 1776 3872 curaretur
1803 3833 1833 3871 a
1859 3818 1968 3873 dae-

388 3919 590 3970 mone;
623 3913 678 3959 rt
705 3918 1064 3963 accesserunt
1108 3907 1306 3963 fratres
1339 3909 1406 3963 de
1439 3911 1692 3978 ρωποι)ὶο
1721 3910 1964 3982 Egypti.

389 3994 657 4064 Egressus
683 4005 864 4052 autem
893 4015 1080 4065 senex,
1108 4000 1246 4054 vidit
1277 3999 1499 4054 fratrem
1531 4016 1654 4056 cum
1677 4019 1848 4073 puero
1872 4005 1968 4059 de-

391 4087 766 4156 linquentem;
804 4106 903 4144 nec
952 4092 1228 4162 redarguit
1273 4109 1430 4158 eum,
1465 4095 1654 4150 dicens
1687 4115 1700 4152 :
1735 4097 1789 4150 Si
1823 4096 1965 4153 Deus

385 4178 480 4247 qui
533 4177 786 4233 formavit
836 4197 951 4242 eos,
1004 4183 1258 4248 intuitus,
1307 4198 1655 4254 nequaquam
1697 4187 1965 4243 incendio

385 4271 512 4326 illos
550 4273 847 4337 consumit,
881 4289 982 4342 ego
1008 4274 1132 4344 quis
1169 4291 1290 4330 sum
1328 4284 1387 4328 ut
1414 4277 1635 4332 eosdem
1666 4281 1963 4349 reprehen-

385 4362 551 4417 dam?

454 4456 510 4511 ‘2.
537 4453 652 4526 (50)
676 4453 928 4510 Narravit
948 4457 1170 4526 quidam
1193 4455 1416 4511 Patrum
1440 4459 1506 4513 de
1532 4460 1728 4515 abbate
1754 4460 1964 4518 Joanne

377 4545 572 4606 Persa,
611 4544 756 4613 quod
789 4559 856 4598 ex
897 4545 1068 4597 multa
1112 4545 1308 4615 gratia,
1361 4545 1426 4600 ad
1475 4547 1959 4616 profundissimam

385 4637 695 4707 pervenerit
741 4637 1114 4691 innocentiam
1150 4645 1206 4691 et
1249 4639 1676 4708 simplicitatem.
1713 4640 1809 4696 Hic
1847 4658 1961 4695 ma-

383 4725 546 4777 nebat
581 4724 635 4778 in
667 4723 870 4778 Arabia
901 4723 1146 4796 Egypti.
1173 4727 1480 4796 Aliquando
1512 4740 1692 4783 autem
1730 4746 1759 4783 a
1794 4729 1960 4786 fratre

383 4824 664 4872 mutuatus
694 4824 779 4872 est
808 4832 1034 4871 aureum
1078 4834 1384 4881 nummum,
1419 4822 1562 4875 unde
1594 4824 1726 4876 emit
1762 4823 1955 4886 linum,

451 4969 498 5001 ⁷³
524 4967 542 5022 1
570 4968 716 5024 l’etr.
745 4989 798 5035 v,
823 4972 880 5026 8.

596 5081 751 5158 J_oan.
771 5084 970 5158 _Geom.
1004 5085 1208 5158 Parad.
1245 5103 1332 5158 cp.
1363 5089 1452 5144 95.

453 5152 566 5223 (49)
616 5153 723 5206 γει.
759 5153 913 5209 Patr.
945 5171 1018 5217 ιν,
1040 5155 1129 5209 δι.

451 5224 566 5338 (5οζ
607 5223 708 5277 Vit.
751 5224 906 5278 Patr.
943 5243 1015 5288 γι,
1043 5226 1096 5279 7.

456 5293 535 5338 ΙΚΙ
614 5296 928 5338 Υίγύτγινην,
979 5295 1096 5338 Ἷὶλι

456 5293 566 5364 (51)
607 5296 929 5370 ΧρύΑσιξζον.
979 5295 1315 5370 ἶυλοκοτίνου
1377 5297 1620 5370 νόμισμα
1664 5309 1718 5354 et
1781 5301 1962 5355 ὁλοκο·

374 5363 702 5444 τίνηηευῑω
719 5365 754 5418 f.
793 5365 1211 5444 6}.oxotiw._v_pro
1235 5363 1559 5444 ὁλοκοτίνιον
1577 5411 1591 5435 ,
1623 5373 1754 5444 utin
1777 5370 1957 5444 ‘Tbeeg

376 5433 578 5506 phauis
638 5434 896 5490 Chronico
934 5452 986 5506 p.
1039 5433 1142 5491 345
1177 5437 1253 5498 D,
1290 5446 1344 5492 et
1388 5437 1539 5493 Notis
1579 5433 1644 5495 ad
1676 5433 1954 5496 Anastasii

381 5503 702 5571 Historiam,
740 5507 879 5561 idem
904 5503 1233 5578 significant,
1257 5516 1308 5563 et
1333 5524 1427 5578 per
1455 5525 1621 5564 unum
1658 5513 1818 5567 solidi
1850 5529 1950 5566 no-

374 5590 502 5650 men
547 5579 927 5650 exprimuntur
965 5576 1018 5635 ἐι,
1047 5576 1265 5650 Pelagio
1309 5576 1623 5648 interprete.
1663 5583 1755 5637 Sic
1803 5585 1948 5650 apud

375 5642 770 5719 Theodoritum
797 5648 1080 5705 Hist.eccl.
1104 5642 1202 5702 lib.
1231 5665 1268 5713 ι,
1290 5664 1410 5719 cap.
1446 5642 1528 5716 f6,
1559 5642 1950 5718 πεντακοσίους

369 5715 730 5794 ὁλοκοτίνους,
763 5717 1097 5794 Epiphanius
1123 5715 1496 5794 Scholasticus
1521 5725 1680 5794 vertit
1700 5715 1949 5794 qumgeu;

367 5797 457 5840 ωε
485 5789 724 5843 solidos:
755 5799 807 5845 et
849 5798 1003 5846 vetns
1037 5791 1196 5845 lectio
1233 5790 1520 5861 χρυσίνους
1545 5789 1724 5857 habet,
1757 5789 1946 5852 videli-

2074 3314 2208 3368 λίου.
2240 3317 2348 3369 Kal.
2379 3316 2563 3384 ἔλεγον
2597 3315 2742 3387 αύτῷ
2773 3318 2821 3369 οἱ
2853 3317 3102 3384 ἀδελφοί·
3146 3318 3334 3382 Ἀϐϐά,
3360 3319 3411 3372 τί
3441 3322 3590 3374 ἐστιν
3622 3321 3650 3376 ξ

2075 3411 2139 3462 σὺ
2167 3413 2368 3474 ποιεῖς;
2394 3411 2502 3463 Καὶ
2530 3410 2734 3480 ἔλεγεν,
2757 3411 2837 3464 ὅτι
2869 3411 2978 3465 Καὶ
2999 3412 3067 3464 τά
3093 3412 3257 3485 θηρία
3280 3414 3550 3484 φεύγοντα
3573 3420 3650 3478 εἰς

2061 3499 2170 3564 -τὰς
2194 3501 2378 3565 κοίτας
2412 3501 2590 3556 αὐτῶν
2626 3502 2906 3568 σώζονται.
2935 3505 3118 3559 Ταῦτα
3143 3507 3198 3559 δὲ
3233 3507 3384 3576 ἔλεγε
3425 3507 3514 3560 διὰ
3554 3511 3652 3576 τὴν

2070 3592 2338 3663 ὠφέλειαν
2369 3595 2476 3648 τῶν
2508 3595 2772 3664 ἀδελφῶν.

2274 3710 2412 3779 Περὶ
2435 3712 2541 3766 τοῦ
2568 3711 2718 3767 deed
2758 3713 3027 3769 Ἰωάννου
3053 3716 3160 3771 τοῦ
3182 3716 3440 3785 Πέρσου.

2143 3827 2210 3875 α’.
2245 3816 2417 3874 Ἦλθέ
2460 3841 2587 3875 ποτε
2625 3824 2836 3877 παιδίον
2881 3825 3282 3897 θεραπευθῆναι
3322 3827 3431 3881 ἀπὸ
3461 3827 3650 3900 δαίμο-

2069 3928 2188 3974 νος⁶
2220 3913 2313 3965 καὶ
2352 3915 2662 3985 παρέϐαλον
2697 3915 2916 3985 ἀδελφοὶ
2955 3918 3061 3971 ἀπὸ
3110 3920 3374 3972 κοινοϐίου
3407 3923 3508 3991 τῆς
3556 3923 3648 3973 Δί-

2068 4003 2296 4071 γύπτου.
2317 4007 2428 4059 Καὶ
2448 4005 2676 4070 ἐξελθὼν
2693 4009 2722 4060 6
2744 4009 2921 4079 γέρων
2959 4005 3066 4063 εἶδε
3098 4011 3190 4064 τὸν
3212 4011 3436 4080 ἀδελφὸν
3465 4015 3649 4085 ἁμαρ-

2067 4097 2296 4150 τάνοντα
2334 4100 2469 4168 μετὰ
2511 4100 2603 4152 τοῦ
2654 4102 2887 4165 παιδίου,
2920 4103 3014 4154 καὶ
3061 4104 3160 4156 οὐκ
3200 4105 3426 4174 ῆλεγξεν
3458 4107 3644 4172 αὐτὸν,

2067 4189 2241 4257 λέγων
2263 4208 2277 4220 ο
2315 4192 2376 4243 Εἰ
2410 4193 2438 4244 6
2466 4191 2598 4255 Θεὸς
2632 4195 2659 4245 6
2688 4193 2900 4256 πλάσας
2927 4195 3121 4258 αὐτοὺς
3153 4194 3366 4264 βλέπων
3405 4197 3467 4250 ού
3503 4198 3650 4251 καίει

2066 4283 2285 4345 αὐτοὺς,
2315 4284 2424 4351 ἐγὼ
2458 4285 2540 4348 τίς
2569 4287 2686 4355 εἰμι
2725 4287 2814 4340 ἵνα
2837 4287 3039 4356 ἐλέγξω
3067 4289 3296 4354 αύτούς;

2139 4462 2203 4532 β’.
2252 4464 2561 4531 Διηγήσατό
2603 4482 2686 4529 τις
2725 4465 2833 4518 τῶν
2877 4466 3136 4536 Πατέρων
3192 4467 3318 4538 περὶ
3361 4466 3454 4520 τοῦ
3504 4466 3652 4520 άϐϐᾶ

2079 4553 2324 4606 Ἰωάννου
2354 4553 2447 4606 τοῦ
2472 4555 2714 4626 Πέρσου,
2751 4557 2832 4608 ὅτι
2863 4557 2928 4608 ὲκ
2974 4557 3072 4624 τῆς
3111 4557 3313 4626 πολλῆς
3341 4557 3505 4610 αὐτοῦ
3549 4559 3649 4626 χά-

2068 4661 2216 4714 ριτος
2253 4647 2333 4709 εἰς
2371 4645 2679 4718 βαθυτάτην
2717 4649 2916 4719 ἦλασεν
2945 4651 3202 4704 ἀκακίαν.
3235 4645 3400 4714 Οὗτος
3428 4651 3485 4703 δὲ
3515 4651 3650 4722 ἔμε-

2066 4751 2154 4785 νεν
2186 4737 2251 4786 -ὲν
2301 4736 2530 4808 Ἀραϐίᾳ
2573 4741 2671 4808 τῆς
2721 4739 3021 4808 Αἰγύπτου.
3069 4741 3368 4812 Ἐχρήσατο
3411 4741 3467 4795 δέ
3517 4759 3649 4796 ποτε

2065 4827 2213 4896 παρὰ
2239 4827 2468 4897 ἀδελφοῦ
2494 4829 2552 4882 ἒν
2574 4829 2825 4901 χρύσινον
2849 4832 2984 4904 (51),
3013 4835 3106 4886 καὶ
3140 4836 3376 4905 ἠγόρασε
3406 4834 3648 4906 λινάρια,

2063 5101 2150 5174 εει
2187 5095 2556 5174 explicatione
2580 5096 2634 5151 in
2663 5098 3105 5174 locumitermini
3137 5104 3371 5174 expositi
3405 5105 3643 5161 intrusa.

2063 5163 2414 5234 Theophanis
2449 5178 2627 5221 autem
2676 5170 2816 5223 κατὰ
2847 5170 3164 5234 ὀλοκοτίνιν,
3199 5163 3462 5228 mutatum
3496 5187 3578 5231 est
3617 5194 3647 5230 a

2063 5233 2277 5312 zonara
2309 5237 2364 5290 in
2391 5238 2476 5306 ἐφ’
2507 5237 2722 5312 έκάστῳ
2743 5242 3060 5312 νομίσματι,
3093 5263 3122 5296 a
3145 5233 3390 5299 Cedreno
3423 5245 3475 5298 in
3503 5249 3648 5300 κατὰ

2062 5305 2327 5386 νόμισμα,
2359 5305 2850 5386 ιτεηειοῑιιιήνείιῖο
2881 5305 2949 5386 ab
2987 5314 3298 5386 Anastasio,
3336 5332 3427 5386 per
3459 5317 3647 5386 singu-

2064 5376 2142 5456 los
2173 5393 2384 5456 aureos.
2420 5378 2486 5432 Et
2524 5379 2741 5456 quidem
2767 5381 3041 5456 Iosephus
3086 5376 3644 5456 Scaliger'Dissei'ta-

2060 5448 2208 5522 tione
2231 5449 2297 5522 de
2322 5464 2379 5503 re
2404 5451 2731 5522 llll_l_lll|l:ll‘ia,
2757 5469 2808 5522 p.
2840 5448 2930 5515 55‘.
2952 5456 3027 5507 ait
3047 5448 3497 5510 mirum'verbum
3518 5473 3646 5512 esse

2058 5516 2414 5581 ὁλοκοτίνους.
2469 5519 2736 5576 ΙΙθιιγίουδ
2759 5516 2946 5579 autem
2975 5525 3225 5581 Valesius
3251 5525 3319 5578 ad
3350 5525 3643 5581 Theodori-

2059 5596 2170 5640 tum
2206 5589 2457 5658 ignorare
2504 5607 2563 5645 se
2609 5592 2812 5648 fatetur
2855 5611 3052 5650 nomen
3100 5596 3421 5651 Graecumne
3462 5601 3535 5652 sit
3572 5616 3642 5654 an

2058 5659 2499 5735 liarbaru‘mLCui
2533 5677 2661 5717 vero
2687 5675 2894 5722 notum.
2930 5666 3077 5735 quod
3123 5668 3290 5720 lamis
3316 5669 3448 5721 viris
3498 5674 3647 5723 inco-

2055 5729 2305 5806 gnitum?
2332 5729 2458 5784 Mihi
2485 5747 2591 5785 non
2614 5737 2839 5790 omnino
2858 5736 2915 5790 ﬁt
2943 5729 3320 5806 improbabile,
3347 5739 3643 5794 holocotini

2055 5814 2252 5855 nomen
2274 5800 2564 5857 formatum
2596 5805 2766 5862 fuisse
2792 5824 2857 5864 ex
2883 5800 3146 5864 nonnulla
3169 5800 3436 5866 allusione
3454 5809 3522 5864 ad
3545 5811 3640 5865 κό-
