3874 6308
188 343 298 402 9.57
1369 331 1974 390 APOPHTHEGMATA
2012 330 2317 388 PATRUM.
3338 321 3444 376 258

198 459 287 512 ἵνα
311 456 642 528 ἐργάσηται.
671 455 783 508 Καὶ
804 450 964 524 ἦλθεν
985 452 1212 522 ἁδελφὸς
1241 453 1571 523 παρακαλῶν
1598 455 1780 517 αὐτὸν,

1896 460 1946 506 ut
1979 460 2318 523 operaretur.
2347 447 2505 503 Venit
2535 447 2699 503 frater
2729 461 2927 518 rogans
2957 459 3100 508 eum,
3129 457 3189 497 ac
3211 441 3399 496 dicens
3425 455 3444 498 :

195 551 292 604 καὶ
322 551 535 617 λέγων’
569 546 806 618 Χάρισαί
858 563 982 616 μοι,
1017 545 1183 608 assa,
1217 545 1372 614 ὀλίγα
1405 545 1643 616 λινάρια,
1692 546 1780 599 ἵνα

1896 543 2070 607 Abba,
2117 543 2256 597 dona
2302 553 2492 612 parum
2534 529 2650 605 lini,
2690 554 2797 608 quo
2844 536 2977 590 mihi
3024 533 3218 589 faciam
3254 533 3449 588 levito~

195 643 412 711 ποιήσω
437 638 664 709 ἐμαυτῷ
689 637 976 691 λεϐίτωνα.
1000 636 1110 690 Καὶ
1133 635 1331 691 ἔδωκεν
1353 636 1499 707 αὺτῷ
1525 636 1664 708 μετὰ
1684 654 1783 706 χα-

198 735 324 803 ρᾶς.
369 730 606 800 Ὁμοίως
637 731 694 783 δὲ
729 729 823 783 καὶ
860 729 1018 791 ἄλλος
1053 723 1183 800 ἦλθε
1223 729 1552 798 παρακαλῶν
1580 729 1739 782 αὐτόν
1764 746 1777 759 ο

196 825 297 886 Δός
360 840 453 892 μοι
501 821 659 890 ὀλίγα
703 820 950 891 λινάρια.
1009 809 1096 872 ἵνα
1146 821 1354 890 ποιήσω
1403 838 1504 891 μου
1556 821 1778 874 λέντιον.

199 915 414 966 Ἔδωκε
444 913 500 965 δὲ
526 913 622 966 καὶ
655 910 804 981 αὺτῴ
830 906 1052 981 ὁμοίως.
1089 911 1198 964 Καὶ
1220 909 1396 963 ἄλλων
1419 913 1778 982 αἰτησάντων,

196 1005 369 1059 ἐδίδου
395 1003 588 1066 ἁπλῶς
616 1001 753 1074 μετὰ
781 1002 975 1073 χαρᾶς.
1010 1000 1274 1071 ’Ὕστερον
1296 1001 1515 1074 ἔρχεται
1543 1004 1572 1055 6
1595 1001 1782 1074 κύριος

195 1094 291 1148 10-3
333 1091 642 1147 ὁλοκοιιίνου
702 1082 870 1144 θέλων
914 1090 1066 1147 αὐτό.
1109 1091 1272 1159 Λέγει
1315 1091 1465 1161 αὑτῷ
1497 1094 1526 1144 6
1569 1092 1778 1163 γέρων

210 1184 352 1254 Ἐγὼ
379 1184 582 1253 ὑπάγω
606 1184 699 1236 καὶ
724 1183 875 1252 φέρω
903 1198 984 1234 σοι
1009 1182 1161 1235 αὐτό.
1196 1183 1306 1235 Kal
1339 1183 1413 1254 μὴ
1447 1182 1586 1252 ἔχων
1620 1183 1782 1236 πόθεν

198 1275 516 1338 ἁτωδοῦναι,
547 1275 745 1345 ἀνέστη
768 1272 1021 1327 ἀπελθεῖν
1049 1273 1182 1345 πρὸς
1201 1273 1291 1326 τὸν
1314 1275 1491 1327 άὸεἱᾶν
1524 1274 1783 1329 Ἰάκωὸον

198 1371 288 1422 16v
330 1370 435 1439 τῆς
468 1366 776 1430 διακονίας,
812 1365 1189 1436 παρακαλέσαι
1231 1366 1392 1418 αὑτὸν
1423 1365 1604 1419 δοῦναι
1635 1365 1783 1437 αὑτῷ

199 1462 258 1513 16
284 1461 558 1531 νόμισμα,
591 1459 679 1512 ἵνα
715 1457 984 1511 ἀποδώσει
1026 1455 1104 1526 τῷ
1146 1457 1376 1527 ἀδελφῷ.
1414 1458 1523 1510 Kal
1559 1457 1783 1526 ὑπάγων

200 1549 354 1626 εὗρεν
401 1553 719 1623 ὁλοκοτίνην
767 1550 1016 1620 κείμενον
1063 1550 1258 1620 χαμαὶ,
1314 1551 1408 1602 καὶ
1457 1551 1555 1620 οὐχ
1611 1549 1783 1620 ἥψατο

201 1645 389 1699 αὑτοῦ.
426 1644 751 1716 Ποιήσας-δὲ
788 1642 972 1712 εὐχὴν,
1010 1640 1348 1710 ὑπέστρεψεν
1381 1643 1460 1704 εἰς
1488 1642 1548 1694 16
1575 1641 1782 1694 κελλίον

201 1737 421 1792 ἑαυτοῦ.
457 1737 570 1791 Kal
597 1731 762 1805 ἦλθεν
799 1735 828 1786 6
853 1731 1080 1800 ἀδελφὸς
1117 1732 1281 1786 πάλιν
1314 1732 1486 1802 ὀχλῶν
1519 1732 1666 1803 αὐτῷ
1695 1731 1784 1786 διὰ

1884 650 2030 689 nem.
2051 635 2144 689 ille
2171 632 2317 688 dedit
2339 647 2460 686 cum
2486 631 2693 685 laetitia.
2715 629 2981 684 Similiter
3009 627 3151 683 alius
3181 624 3450 680 accedens

1881 725 2181 796 postulavit
2204 725 2270 779 ab
2290 739 2354 778 eo
2381 737 2571 792 parum
2602 720 2693 776 lini
2728 719 2796 774 ad
2819 717 3129 774 faciendum
3159 716 3389 770 linteum
3427 732 3443 770 :

1883 818 1971 872 cui
2010 816 2214 886 pariter
2269 812 2508 868 tradidit.
2559 812 2694 866 Aliis
2740 823 2956 880 quoque
2998 806 3307 877 petentibus
3349 803 3449 858 daa-

1881 906 1975 960 bat
2003 905 2323 976 simpliciter
2373 919 2498 958 cum
2535 901 2742 956 lastitia.
2766 899 2961 953 Postea
3008 896 3152 951 venit
3193 893 3450 948 dominus

1884 996 2199 1060 holocotini,
2233 995 2471 1064 illudque
2516 992 2750 1062 repetiit.
2799 990 2939 1045 Dicit
2985 989 3032 1042 ei
3082 1002 3246 1042 senex
3284 1003 3297 1039 :
3332 983 3448 1053 Ego

1881 1087 2199 1158 proficiscor
2232 1097 2286 1141 et
2329 1085 2493 1141 affero
2535 1084 2651 1139 tibi.
2681 1081 2792 1138 Nec
2837 1081 3042 1136 habens
3091 1077 3237 1133 unde
3282 1090 3446 1147 repo-

1884 1188 2055 1241 neret,
2092 1180 2331 1233 surrexit
2385 1186 2444 1231 ut
2494 1181 2743 1246 pergeret
2773 1171 2841 1227 ad
2874 1172 3121 1227 abbatem
3165 1167 3448 1229 Jacobum,

1885 1271 2034 1324 illum
2079 1269 2342 1324 diaconize
2389 1283 2484 1322 seu
2521 1264 2836 1325 ministerii,
2882 1270 3175 1333 rogaturus
3206 1267 3265 1314 ut
3296 1259 3448 1314 daret

1883 1360 1932 1413 ei
1966 1375 2244 1413 nummum
2278 1357 2343 1411 ad
2377 1356 2711 1412 reddendum
2745 1353 2919 1407 fratri.
2956 1350 3139 1421 Itaque
3171 1349 3224 1403 in
3256 1349 3452 1403 itinere

1884 1451 2096 1505 invenit
2116 1449 2489 1504 holocotinum
2510 1448 2748 1518 positum
2781 1446 2962 1510 humi;
2991 1459 3098 1497 non
3116 1451 3296 1496 tamen
3325 1441 3450 1496 teti-

1884 1544 1982 1612 git.
2013 1542 2115 1598 Sed
2149 1541 2290 1596 facta
2319 1543 2566 1596 oratione
2595 1553 2846 1594 reversus
2871 1545 2954 1593 est
2976 1537 3031 1590 in
3055 1536 3247 1591 cellam
3269 1547 3449 1590 suam.

1887 1635 2046 1691 Venit
2094 1639 2262 1691 frater
2310 1636 2503 1690 iterum
2550 1633 2857 1688 molestiam
2913 1631 3016 1700 ipsi
3070 1629 3336 1684 exhibens
3375 1625 3450 1683 ob

1889 1742 2190 1783 nummum.
2228 1728 2314 1780 Ait
2364 1727 2438 1781 illi
2488 1741 2649 1780 senex
2702 1744 2715 1779 :
2764 1723 2891 1778 Mihi
2943 1723 3102 1793 plane
3154 1734 3300 1776 cura;
3345 1731 3450 1776 est.

199 1832 259 1884 16
289 1830 561 1900 νόμισμα.
595 1799 709 1882 Kal
737 1826 884 1894 λέγει
920 1799 1068 1893 αὐτῷ
1094 1825 1122 1876 6
1149 1825 1326 1896 γέρων
1345 1799 1375 1853 ι-
1401 1823 1542 1891 Ἐγὼ
1570 1799 1784 1889 πάντως

1896 1819 2210 1886 Rursusque
2239 1817 2448 1880 abiens,
2485 1813 2694 1869 invenit
2737 1825 3016 1867 nummum
3056 1807 3208 1862 humi
3235 1807 3327 1862 ubi
3356 1821 3454 1861 an—

201 1921 496 1993 φροντίζω.
537 1921 648 1973 Kal
670 1919 916 1974 ἀπελθὼν
947 1920 1129 1983 πάλιν,
1168 1915 1293 1989 εὗρε
1325 1918 1385 1970 16
1417 1917 1656 1988 νόμισμα
1687 1935 1782 1987 κα⁸

204 2012 299 2081 μαὶ
324 2012 464 2065 ὅπου
495 2006 598 2081 ἦν’
634 2011 726 2063 καὶ
756 2012 988 2082 ποιήσας
1022 2010 1186 2081 εὐχὴν
1221 2009 1402 2072 πάλιν,
1443 2009 1783 2080 ὑπέστρεψεν

201 2108 276 2168 εἰς
297 2105 360 2157 16
389 2103 604 2158 κελλίον
635 2103 850 2156 ἑαυτοῦ.
885 2104 992 2156 Kal
1024 2103 1132 2156 ἰδοὺ
1160 2103 1363 2172 ὁμοίως
1389 2098 1553 2171 ἦλθεν
1584 2105 1612 2156 6
1633 2102 1784 2156 ἁδελ-

202 2199 297 2267 φὸς
324 2199 356 2250 6
390 2195 570 2266 ὀχλῶν
613 2195 794 2250 αὐτόν.
828 2196 938 2248 Kal
964 2196 1109 2262 λέγει
1140 2197 1168 2247 6
1201 2194 1400 2265 γέρων,
1449 2196 1529 2247 ὅτι
1563 2195 1783 2257 Πάντως

201 2289 260 2341 16
292 2287 447 2351 ἅπαξ
477 2286 639 2339 τοῦτο
671 2287 822 2357 φέρω
851 2286 999 2340 αὐτό.
1038 2285 1148 2339 Kal
1176 2285 1413 2349 ἀναστάς
1442 2286 1627 2348 πάλιν,
1653 2282 1782 2356 ἦλθε

202 2379 319 2431 κατ’
355 2376 572 2430 ἐκείνου
606 2376 701 2429 τοῦ
731 2376 925 2430 τόπου’
970 2377 1064 2430 καὶ
1107 2370 1264 2446 εὗρεν
1291 2377 1422 2429 αὐτὸ
1455 2378 1569 2428 ἐκεῖ
1599 2379 1784 2447 κείμε-

202 2487 310 2522 νον.
337 2469 454 2522 Kal
480 2468 717 2538 ποιήσας
739 2467 924 2537 εὐχὴν,
955 2467 1145 2520 ἔλαϐεν
1169 2469 1319 2521 αὐτό.
1345 2469 1454 2521 Kal
1478 2463 1608 2538 ἦλθε
1648 2469 1782 2538 πρὸς

199 2561 289 2613 τὸν
323 2559 510 2613 άϐὅᾶν
557 2559 832 2622 Ἰάκωϐον,
866 2559 962 2612 καὶ
994 2559 1142 2627 λέγει
1185 2559 1332 2629 αὐτῷ
1355 2574 1368 2587 ·
1406 2558 1593 2620 Ἀϐϐά,
1631 2561 1785 2629 ἐρχό-

203 2669 365 2721 μενος
414 2650 557 2721 πρὸς
597 2650 656 2703 σὲ
689 2643 846 2720 εὗρον
877 2651 938 2702 τὸ
976 2650 1212 2719 νόμισμα
1247 2650 1402 2703 τοῦτο
1452 2651 1509 2702 ὲν
1545 2653 1610 2721 τῇ
1645 2650 1748 2719 ὁδῷ
1769 2669 1780 2679 ·

200 2743 432 2814 ποίησον
460 2738 558 2796 οὖν
584 2743 827 2812 ἀγάπην,
855 2741 950 2795 καὶ
991 2741 1225 2812 κήρυξον
1257 2744 1314 2794 ὲν
1340 2745 1407 2812 τῇ
1437 2743 1620 2813 ὲνορίᾳ
1651 2742 1782 2812 (52),

205 2838 366 2906 μήτις
403 2833 689 2887 ἀπώλεσεν
722 2833 888 2886 αὑτό’
919 2832 1015 2885 καὶ
1055 2832 1149 2884 ἐὰν
1189 2833 1384 2904 εὐρεθῇ
1413 2835 1442 2886 6
1473 2832 1659 2902 κύριος
1691 2835 1786 2886 αὑ-

198 2927 316 2990 τοῦ,
367 2927 463 2990 δὸς
514 2925 667 2978 αὑτό.
737 2923 1008 2977 Ἀπελθὼν
1054 2919 1146 2978 οὖν
1195 2925 1223 2976 6
1261 2923 1459 2995 γέρων,
1508 2925 1598 2977 ἐπὶ
1640 2926 1788 2995 τρεῖς

200 3020 422 3089 ἡμέρας
467 3015 735 3087 ἐκήρυξεο
774 3015 867 3068 καὶ
909 3015 1085 3077 οὐδεὶς
1125 3014 1322 3085 εὑρέθη
1356 3017 1385 3068 6
1419 3015 1692 3077 ἀπολέσας
1727 3002 1787 3065 16

202 3111 472 3198 νόμισμα.
511 3109 647 3160 Τότε
696 3105 842 3175 λέγει
893 3106 922 3157 6
960 3106 1137 3178 γέρων
1183 3105 1262 3176 τῷ
1299 3105 1444 3176 ἁ66ᾄ
1517 3103 1784 3174 Ἰακώϐῳ·
1817 3144 1858 3198 C

199 3202 263 3256 Et
295 3197 398 3255 οὖν
432 3200 611 3262 οὺδεὶς
636 3198 766 3251 αὐτὸ
791 3197 1062 3263 ἀπώλεσε,
1092 3197 1180 3261 δὸς
1216 3197 1348 3250 αὐτὸ
1375 3195 1507 3268 τῷδε
1536 3195 1612 3265 τῷ
1637 3195 1789 3250 ἀδελ-

199 3293 326 3363 φῷ·
389 3289 660 3362 χρεωστῶ
713 3290 822 3360 γὰρ
877 3289 1060 3359 αὐτῷ·
1118 3289 1213 3341 καὶ
1265 3287 1556 3357 ἐρχόμενος
1609 3287 1791 3340 λαϐεῖν

201 3385 358 3454 παρὰ
417 3381 515 3435 σοῦ
566 3383 787 3452 ἀγάπην
842 3383 936 3434 καὶ
981 3381 1269 3435 ἀποδοῦναι
1320 3381 1380 3434 16
1429 3381 1604 3452 χρέος,
1637 3365 1791 3453 εὗρον

202 3473 356 3527 αὑτό.
410 3475 524 3527 Kal
561 3473 872 3543 ἐθαύμασεν
913 3474 941 3525 6
969 3474 1168 3542 γέρων,
1203 3472 1318 3536 πῶς
1363 3471 1653 3542 χρεωστῶν
1699 3459 1794 3526 καὶ

206 3567 386 3638 εὑρὼν
425 3565 530 3619 οὐκ
561 3565 761 3628 εὐθέως
789 3565 947 3617 ἔλαϐε
976 3564 1068 3617 καὶ
1097 3563 1298 3617 ἔδωκεν
1322 3563 1470 3616 αὑτό.
1499 3554 1608 3616 Kal
1637 3563 1794 3616 τοῦτο

205 3660 260 3712 δὲ
301 3655 374 3730 ἦν
423 3657 591 3712 αὐτοῦ
632 3657 692 3710 τὸ
738 3657 1083 3727 θαυμαστὸν,
1114 3656 1196 3708 ὅτι
1233 3657 1280 3708 εἰ
1312 3655 1510 3726 ἣρχετό
1541 3673 1626 3718 τις
1660 3657 1793 3726 χρή-

210 3751 413 3804 σασθαι
441 3751 574 3819 παρ’
611 3748 776 3802 αὑτοῦ
805 3748 859 3800 τί
898 3765 1048 3811 ποτε,
1078 3747 1138 3800 οὐ
1173 3746 1240 3799 δι’
1266 3747 1460 3799 ἑαυτοῦ
1509 3743 1788 3817 παρεῖχεν,

207 3843 319 3896 ἀλλ’
357 3841 519 3908 ἔλεγε
559 3840 636 3910 τῷ
668 3839 913 3907 ἁδελφῷο
958 3839 1196 3904 ”Υπαγε,
1239 3835 1450 3905 σεαυτῷ
1490 3831 1621 3906 ἆρον
1653 3837 1704 3887 εἴ
1741 3852 1794 3887 τι

209 3933 468 4004 χρῄζειςο
506 3932 604 3984 καὶ
632 3933 680 3984 εἰ
709 3931 924 4002 ἔφερεν,
959 3929 1141 3994 ἔλεγεν
1170 3928 1318 3996 αὑτῷ
1339 3943 1351 3955 °
1406 3927 1633 3980 Ἀπόθου
1664 3925 1795 3979 αὐτὸ

210 4025 372 4078 πάλιν
407 4025 492 4086 εἰς
523 4023 616 4074 τὸν
644 4022 808 4075 τόπον
834 4020 1018 4074 αὐτοῦ.
1052 4017 1114 4071 Εἰ
1137 4015 1193 4070 δὲ
1227 4017 1346 4071 οὐδὲ
1380 4015 1573 4089 ἔφερεν
1602 4020 1631 4068 6
1657 4016 1796 4086 λαμ-

210 4116 414 4178 ϐάνων,
443 4116 599 4169 οὐδὲν
633 4114 816 4182 ἔλεγεν
843 4112 1010 4183 αὐτῷ.

287 4213 345 4274 Γ.
385 4205 620 4272 Ἔλεγον
661 4201 915 4274 περὶτοῦ
950 4201 1095 4256 ά66ἄ
1144 4201 1389 4254 Ἰωάννου
1432 4199 1526 4252 τοῦ
1565 4199 1794 4270 Πέρσου,

213 4296 291 4350 δτι
311 4296 650 4366 κακούργων
670 4292 819 4364 αὖτῷ
839 4293 1196 4356 ἐπιστάντων,
1211 4292 1445 4362 νιπτῆρα
1466 4290 1795 4361 προσέφερε,

215 4390 306 4443 ml
351 4387 516 4457 ἠξίου
555 4385 684 4449 τοὺς
719 4385 884 4449 πόδας
937 4384 1113 4438 αὐτῶν
1153 4383 1388 4436 νίπτεινο
1431 4383 1672 4435 κάκεῖνοι
1716 4385 1796 4435 αἱ·

215 4481 498 4540 ιεςθέπιτες
534 4479 812 4547 μετανοεῖν
839 4476 1090 4547 ἤρξαντο.

287 4659 351 4712 δ’.
385 4654 527 4710 Εἷπέ
562 4671 646 4717 τις
686 4652 766 4723 τῷ
805 4651 950 4723 ἁὸϐᾷ
992 4651 1214 4721 Ἰωάννῃ
1247 4650 1323 4720 τῷ
1356 4651 1558 4721 Πέρσῃ,
1585 4650 1666 4702 δτι
1700 4649 1799 4700 Το-

225 4748 411 4801 σοῦτον
441 4745 616 4799 κόπον
644 4744 978 4813 ἐποιήσαμεν
1009 4740 1097 4794 διὰ
1131 4740 1229 4812 τὴν
1263 4739 1538 4810 βασιλείαν
1572 4740 1678 4792 τῶν
1713 4740 1801 4791 οὐο

226 4839 404 4912 ρανῶν
427 4850 441 4869 ⁸
468 4834 582 4908 ἄρα
605 4835 1013 4913 κληρονομῆσαι
1040 4833 1212 4904 αὐτὴν
1241 4832 1472 4903 ἔχομενς
1509 4831 1618 4884 Kal
1651 4829 1800 4884 εἶπεν

224 4935 251 4986 6
273 4933 457 5002 γέρων
483 4947 498 4962 ν
527 4927 683 4996 ’Ἐγὼ
713 4924 954 4979 πιστεύω
989 4924 1396 4996 κληρονομῆσαι
1423 4923 1521 4994 τὴν
1559 4924 1670 4977 ἄνω
1707 4924 1802 4975 Ὶεο-

231 5023 516 5094 ρουσαλὴμ
541 5021 640 5090 τὴν
662 5018 1167 5090 ἀπογεγραμμένην
1195 5017 1254 5068 έν
1282 5018 1394 5078 τοῖς
1419 5015 1684 5086 οὐρανοῖς.
1710 5015 1806 5067 fit-

231 5117 350 5180 στος
368 5116 483 5185 γὰρ
509 5115 538 5165 6
563 5109 1202 5181 ἐπαγγειλάμενος.Διατί
1225 5107 1281 5161 δὲ
1313 5107 1628 5174 άπιστήσω;
1655 5105 1808 5158 Φιλό-

230 5207 377 5274 ξενος
417 5205 500 5267 ὡς
538 5205 568 5255 6
618 5201 868 5274 Ἀϐραὰμ
895 5200 1092 5270 γέγονα
1117 5237 1132 5260 ,
1163 5195 1340 5267 πραῢς
1365 5195 1440 5257 ὼς
1479 5196 1507 5247 6
1544 5192 1804 5262 Μωῦσῆς,

231 5399 741 5461 1w0v,oieastrum,
787 5392 1068 5465 praemium
1110 5389 1350 5465 in_ludis_
1389 5387 1705 5465 Olympieis,
1753 5395 1813 5441 ut

233 5460 396 5526 fuerit
477 5481 736 5525 nummus
787 5460 1094 5519 'oecasione
1165 5460 1404 5515 donativi
1463 5460 1695 5527 alicujus
1749 5473 1814 5512 ac

236 5539 441 5612 premii
471 5540 708 5612 primum
727 5531 1058 5612 cusus._ld'si
1090 5545 1206 5612 non_
1230 5526 1614 5612 arridet,‘audi
1643 5528 1814 5612 majo-

1885 1916 1968 1963 tea
1995 1919 2146 1972 erat;
2185 1906 2434 1975 factaque
2455 1904 2634 1959 adhuc
2659 1917 2838 1972 prece,
2865 1902 2919 1955 in
2950 1900 3142 1956 cellam
3175 1911 3333 1952 suam
3365 1909 3455 1950 re-

1883 2003 2006 2056 diit.
2031 2002 2210 2072 Atque
2237 2015 2303 2053 en
2337 1998 2455 2068 pari
2501 1995 2663 2051 modo
2708 1992 2942 2048 accessit
2981 1991 3169 2055 frater,
3199 1988 3248 2044 ei
3280 1987 3452 2042 mole-

1884 2103 2022 2148 stus.
2052 2093 2188 2146 Tum
2213 2105 2379 2145 senex
2415 2107 2427 2141 :
2463 2087 2641 2151 Certe,
2663 2085 2859 2156 inquit,
2884 2082 3110 2138 omnino
3138 2082 3241 2135 hoc
3271 2081 3448 2150 ipsum

1881 2186 1991 2254 jam
2032 2184 2168 2238 fero.
2200 2181 2553 2253 Surgensque
2618 2179 2840 2242 iterum,
2886 2173 3132 2246 pervenit
3177 2173 3242 2228 ad
3296 2172 3449 2226 illum

1888 2276 2093 2334 locum,
2125 2281 2292 2342 atque
2316 2271 2522 2325 invenit
2543 2267 2790 2325 eumdem
2813 2279 3094 2320 nummum
3123 2264 3232 2317 illic
3258 2263 3448 2331 jacen-

1886 2378 2013 2422 tem.
2048 2364 2194 2420 Fecit
2240 2363 2402 2434 igitur
2435 2361 2757 2423 orationem,
2799 2357 3059 2424 illumque
3102 2351 3352 2422 sumpsit.
3381 2350 3447 2404 Et

1885 2459 2029 2513 venit
2057 2457 2122 2511 ad
2155 2457 2402 2511 abbatem
2438 2451 2721 2511 Jacobum,
2753 2448 2842 2502 cui
2885 2446 3022 2500 dixit
3057 2464 3068 2498 z
3098 2443 3267 2508 Abba,
3299 2443 3363 2497 ad
3396 2453 3450 2496 te

1885 2548 2138 2608 veniens,
2179 2545 2355 2614 reperi
2385 2543 2442 2596 in
2471 2544 2555 2595 via
2584 2552 2866 2594 nummum
2907 2537 3073 2592 hunc.
3107 2536 3315 2591 Exerce
3345 2535 3448 2602 igi-

1887 2647 1976 2690 tur
2023 2634 2366 2694 cbarilatem,
2398 2631 2633 2702 praedica
2668 2643 2766 2698 per
2816 2627 3112 2695 regionem,
3148 2640 3277 2679 num
3325 2622 3451 2692 quis

1887 2727 2132 2782 amiserit
2163 2741 2287 2780 eum
2317 2743 2331 2778 :
2366 2722 2508 2792 quod
2561 2721 2609 2774 si
2658 2720 2911 2773 inventus
2964 2716 3126 2771 fuerit
3176 2714 3452 2774 dominus.

1887 2823 2060 2877 trade.
2090 2819 2372 2874 Profectus
2403 2833 2534 2889 ergo
2575 2831 2761 2878 senex,
2809 2829 2903 2884 per
2934 2822 3046 2868 tres
3096 2810 3215 2867 dies
3246 2808 3449 2880 praedi-

1888 2913 2047 2976 cavit,
2100 2927 2200 2967 nec
2250 2910 2538 2980 quisquam
2604 2913 2850 2975 repertus
2900 2915 2982 2958 est
3030 2902 3122 2972 qui
3175 2904 3456 2955 nummum

1888 3003 2231 3074 perdidisset.
2264 3000 2419 3054 Tunc
2453 3013 2619 3053 senex
2653 2997 2726 3048 ait
2754 2995 2818 3049 ad
2851 2994 3097 3048 abbatem
3131 2985 3394 3046 Iacobum
3430 3003 3446 3042 :

1892 3096 1948 3148 Si
1983 3096 2164 3164 itaque
2197 3105 2360 3146 nemo
2405 3104 2529 3144 eum
2572 3085 2824 3156 perdidit,
2851 3085 2917 3136 da
2949 3083 3024 3136 illi
3057 3078 3246 3145 fratri;
3280 3078 3453 3133 debeo

1890 3188 2033 3240 cnim
2070 3185 2151 3248 ei;
2189 3180 2570 3252 profectusque
2609 3184 2667 3230 ut
2707 3191 2735 3228 a
2773 3183 2824 3228 te
2865 3173 3164 3241 acciperem
3215 3169 3458 3224 charita-

1893 3289 2022 3340 tem,
2061 3290 2124 3328 ac
2157 3251 2433 3327 redderem
2485 3269 2748 3327 debitum,
2779 3263 2929 3318 illum
2979 3269 3171 3315 nactus
3222 3273 3365 3314 sum.
3390 3251 3458 3311 Et

1895 3370 2127 3423 miratus
2147 3372 2233 3419 est
2259 3377 2446 3426 senes,
2474 3359 2749 3430 quomodo
2775 3371 2896 3408 cum
2931 3353 3152 3408 deberet
3181 3359 3344 3419 atque
3370 3350 3448 3402 in-

1893 3460 2162 3520 venisset,
2202 3471 2309 3508 nun
2359 3451 2663 3521 accepisset
2713 3447 2895 3502 statim
2943 3459 3008 3498 ac
3041 3441 3304 3497 dedisset.
3346 3437 3460 3493 [loc

1894 3569 2110 3626 quoque
2140 3553 2194 3606 in
2238 3551 2357 3619 ipso
2409 3542 2655 3601 mirabile
2707 3536 2937 3601 exstitit,
2965 3535 3110 3607 quod
3139 3537 3182 3590 si
3211 3534 3334 3604 quis
3364 3546 3457 3587 ac-

1895 3648 2173 3708 cessisset,
2207 3648 2557 3695 mutuaturus
2593 3633 2869 3706 quidpiam
2901 3630 2969 3684 ab
3008 3643 3095 3689 eo,
3127 3641 3234 3681 non
3282 3639 3378 3694 per
3399 3637 3461 3679 se

1894 3737 2189 3810 praebebat,
2227 3733 2321 3790 sed
2374 3730 2588 3786 dicebat
2639 3725 2837 3780 fratri:
2875 3720 3041 3780 Vade,
3087 3719 3215 3774 tolle
3257 3717 3354 3772 tibi
3401 3713 3460 3770 id

1895 3807 2004 3900 quo
2034 3827 2244 3896 indiges
2278 3842 2292 3878 :
2325 3823 2372 3878 si
2413 3836 2542 3876 vero
2567 3817 2864 3876 retulisset,
2897 3813 3078 3866 aiebat
3103 3811 3152 3864 ei
3182 3829 3196 3863 :
3232 3807 3456 3877 Reponc

1897 3924 2092 3976 iterum
2140 3915 2272 3971 illud
2300 3916 2354 3969 in
2399 3915 2575 3967 locum
2631 3923 2812 3963 suum.
2849 3904 3001 3971 Quod
3034 3903 3077 3958 si
3110 3901 3202 3972 qui
3234 3913 3461 3970 accepe-

1898 4023 2000 4076 rat,
2031 4009 2162 4064 nihil
2201 4005 2436 4065 afferret,
2468 4003 2517 4056 ei
2562 3999 2698 4055 nihil
2728 3997 3023 4065 quidquam
3075 3991 3419 4062 loquebatur.

1970 4189 2022 4240 ὅ.
2056 4185 2130 4239 De
2155 4184 2348 4237 abbate
2375 4178 2585 4232 Joanne
2607 4175 2771 4228 Persa
2803 4169 3134 4227 referebant,
3153 4164 3296 4235 quod
3328 4162 3463 4217 faci-

1897 4279 2115 4335 norosis
2141 4273 2453 4330 hominibus
2476 4269 2531 4322 in
2558 4282 2681 4322 eum
2700 4259 3231 4333 supervenientibus.
3255 4256 3452 4326 pelvim

1899 4372 2080 4426 attulit
2115 4385 2178 4423 ac
2205 4381 2396 4421 eorum
2451 4361 2614 4432 pedes
2645 4359 2824 4412 lavare
2858 4352 3062 4416 voluit;
3093 4351 3169 4404 illi
3202 4363 3328 4404 vero
3363 4362 3466 4416 pu-

1837 4477 1878 4531 D
1906 4463 2038 4517 dore
2066 4455 2279 4520 suffusi,
2307 4462 2467 4522 atque
2483 4450 2882 4518 resipiscentes,
2900 4446 3182 4511 coeperunt
3205 4438 3466 4493 inclinato

1902 4567 2134 4621 corpore
2160 4547 2372 4603 veniam
2405 4542 2703 4612 postulare.

1971 4617 2026 4695 Α..
2070 4639 2213 4693 Dixit
2261 4634 2460 4700 aliquis
2506 4629 2687 4685 abbati
2728 4625 2921 4680 Joanni
2969 4624 3146 4677 Persae
3188 4617 3469 4673 :Tantum

1903 4732 2108 4789 laboris
2137 4729 2361 4783 tulimus
2391 4733 2611 4795 propter
2637 4734 2865 4790 regnum
2889 4716 3184 4775 caelorum;
3215 4726 3284 4764 an
3337 4722 3472 4764 con-

1905 4822 2193 4877 stituemur
2210 4814 2452 4871 haeredes
2493 4811 2676 4865 illius?
2709 4807 2775 4861 Et
2807 4820 2976 4862 senex
3001 4802 3080 4855 ait
3109 4818 3122 4854 :
3147 4799 3324 4855 Credo
3348 4812 3472 4869 ego,

1905 4919 2327 4968 consecuturum
2350 4921 2438 4960 me
2461 4901 2828 4958 haareditatem
2860 4909 3111 4966 superna:
3133 4891 3470 4948 Hierusalem

1906 4999 2233 5068 conscriptae
2263 4996 2318 5050 in
2352 4995 2528 5049 caelis.
2560 4989 2762 5045 Fidelis
2789 4988 2930 5044 enim
2963 4997 3048 5042 est
3076 4984 3167 5055 qui
3197 4982 3472 5054 promisit.

1907 5094 2089 5160 Quare
2129 5099 2308 5144 autem
2357 5084 2690 5142 difﬁderem?
2729 5083 2819 5156 qui
2856 5081 3142 5152 hospitalis
3185 5079 3370 5136 exstiti
3415 5083 3480 5132 ut

1908 5182 2206 5245 Abraham,
2244 5185 2558 5233 mansuetus
2586 5185 2645 5229 ut
2683 5172 2916 5244 Moyses,
2949 5178 3172 5226 sanctus
3212 5177 3476 5238 tanquam

1912 5387 1967 5441 in
2008 5382 2100 5439 illo
2138 5383 2194 5438 fit
2243 5390 2349 5436 tota
2406 5380 2686 5440 simultas.
2741 5374 3014 5433 contentio
3062 5380 3118 5428 et
3179 5369 3474 5441 mmnIatio.

1985 5438 2098 5524 (εει)
2127 5451 2405 5520 Κήρυξον
2425 5451 2494 5503 ἐν
2513 5447 2586 5517 τῇ
2608 5438 2830 5524 sr'qug.
2863 5444 3062 5524 relagji
3082 5443 3263 5524 versio
3284 5438 3476 5524 eadem

1914 5513 2186 5580 valde'hic
2201 5513 2507 5589 'depravata
2537 5513 2657 5589 est.
2687 5513 2792 5583 Qui
2821 5516 2964 5589 enim
2997 5513 3206 5589 Graecis
3255 5522 3479 5589 responc

349 5577 528 5687 nuggs
542 5606 890 5662 Graecorum:
919 5603 972 5657 in
1001 5599 1352 5672 Etymologiis
1371 5577 1816 5687 ex'Orione‘The-
1917 5577 2080 5650 deant
2100 5577 2313 5687 Latina,
2333 5588 2563 5687 prﬁdica
2579 5577 3482 5687 {ejuéz’um7Divi’nabarnmrledica

557 5676 625 5687 ..ι
755 5675 855 5687 -..η
921 5683 933 5687 -
968 5671 1106 5687 η...-
1161 5670 1198 5687 η
1347 5670 1360 5687 ο
1469 5669 1539 5687 .θ
1573 5670 1584 5687 ι
1634 5685 1652 5687 ε
1729 5686 1748 5687 κ
1809 5686 1812 5687 ,
1921 5669 1966 5687 ε--
2033 5680 2119 5687 Δ-..
2168 5663 2307 5687 ..:.....
2427 5660 2556 5687 ,ιιςΑ
2615 5667 2812 5687 σηηιηη
2879 5670 2989 5687 ,εσυ-ι
3030 5656 3108 5687 ὅρη
3158 5656 3175 5687 ὅ
3225 5658 3480 5687 ίιωοωι.

240 5652 1030 5748 b363f€55.*k§§f'1§§_'ei"gt
1044 5652 1130 5735 1‘5,
1151 5652 1453 5748 610§01£vtv
1465 5685 1486 5748 -_
1510 5669 1597 5723 διὰ
1628 5668 1688 5720 τὸ
1723 5667 1790 5721 τι·

1917 5669 1970 5748 in
2025 5652 2343 5748 conﬁnium;
2380 5652 2834 5741 Editio’ltitgdun.
2879 5653 3109 5725 pfa‘dica
3158 5652 3481 5713 iuum;.ml.

242 5752 355 5806 ὅλον
388 5739 573 5804 ’κότον
626 5739 697 5801 ἐν
742 5744 911 5812 αὐτῷ.
965 5742 1076 5796 Hoc
1122 5751 1227 5804 est,
1268 5750 1326 5796 ut
1371 5741 1631 5801 arbitror,
1667 5739 1812 5807 quod

1918 5730 2134 5790 Fossat.
2162 5731 2391 5804 pradica
2426 5731 2478 5783 in
2508 5730 2635 5783 viro.
