3874 6296
336 370 493 427 "259

1566 354 1911 412 APPENDIX
1949 354 2038 410 Al)
2076 351 2493 409 PALLADIUM.

3545 343 3661 399 9.50

385 495 593 550 Aaron,
630 488 837 558 patiens
869 493 926 538 ut
955 482 1076 544 Job,
1113 479 1336 535 humilis
1375 479 1522 533 velut
1558 479 1746 541 David,
1793 478 1960 533 eremi

2098 493 2220 544 ,γιος
2258 475 2332 538 ὼς
2366 477 2394 527 6
2447 471 2660 542 Ἀαρὼν
2682 512 2695 534 ,
2746 467 3146 540 ύπομονητικδς
3183 465 3258 529 ὡς
3307 467 3335 518 6
3371 463 3526 526 Ἰὼϐ,
3561 482 3664 516 ται

385 585 564 640 incola
590 580 924 641 utJoannes,
960 575 1183 630 delletor
1215 575 1357 628 sicut
1383 570 1669 634 Jeremias,
1711 571 1966 642 magister

385 688 446 730 nt
477 675 704 732 Paulus.
732 671 902 726 ﬁdelis
931 667 1089 738 quasi
1111 665 1327 729 Petrus,
1351 663 1571 734 sapiens
1605 673 1661 717 ut
1689 662 1963 718 Salomon.

384 766 616 824 Confido
648 766 824 818 instar
853 762 1001 816 illius
1042 757 1297 820 latronis,
1329 757 1473 826 quod
1510 755 1601 824 qui
1630 771 1723 824 per
1749 754 1849 810 sibi
1882 756 1968 808 in-

383 857 620 930 genitam
657 853 953 909 bonitatem
987 851 1089 905 ista
1136 847 1272 901 mihi
1305 846 1644 918 gratiﬁcatus
1675 857 1777 910 est,
1805 846 1967 899 etiam

383 963 616 1018 regnum
649 945 927 1014 largietur.
1014 939 1018 944 ’
1104 1011 1116 1028 .

782 1034 854 1087 De
887 1032 1079 1086 abbate
1117 1031 1326 1085 Joanne
1360 1029 1602 1085 Tltebazo.

461 1150 576 1218 (55)
616 1147 878 1202 Dicebant
915 1145 983 1200 de
1019 1143 1228 1199 Joanne
1253 1143 1464 1198 minore
1499 1143 1756 1208 Thebaeo,
1801 1144 1973 1198 disci-

390 1243 522 1312 pulo
554 1239 771 1295 abbatis
801 1238 1066 1301 Ammois,
1089 1238 1235 1307 quod
1267 1237 1556 1292 duodecim
1591 1252 1764 1292 annos
1789 1245 1973 1292 trans-

391 1335 564 1406 egerit
594 1334 650 1386 in
683 1331 992 1385 ministerio
1032 1331 1180 1386 senis
1222 1340 1352 1386 tunc
1388 1331 1704 1401 aegrotantis
1730 1350 1742 1385 :
1768 1337 1821 1385 et
1851 1345 1973 1384 curn

391 1442 458 1482 eo
495 1425 720 1481 sedebat
752 1438 916 1493 super
947 1430 1196 1476 mattam.
1227 1421 1296 1476 At
1330 1438 1495 1478 senex
1532 1422 1812 1477 videbatur
1851 1437 1973 1475 eum

391 1515 822 1590 parvipendere;
856 1529 1092 1583 cumque
1121 1514 1416 1584 plurimum
1447 1531 1575 1585 erga
1606 1516 1784 1585 ipsum
1816 1516 1978 1570 labo—

390 1617 593 1676 rasset,
613 1623 892 1678 nunquam
929 1608 978 1662 ei
1002 1606 1134 1661 dixit
1162 1627 1175 1662 :
1208 1606 1404 1662 Salvus
1423 1609 1520 1662 sis.
1541 1609 1770 1675 Quando
1795 1618 1975 1664 autem

393 1707 460 1759 ad
497 1703 691 1758 mortis
718 1711 933 1772 tempus
957 1701 1128 1766 venit,
1162 1701 1480 1757 sedentibus
1513 1701 1759 1764 senibus,
1789 1716 1979 1769 appre-

393 1795 587 1851 hendit
613 1809 832 1850 manum
859 1794 1001 1862 ejus,
1033 1791 1279 1862 dixitque
1307 1793 1385 1845 illi
1412 1811 1424 1846 :
1455 1790 1650 1846 Salvus
1676 1793 1774 1853 sis,
1796 1791 1980 1846 salvus

2073 565 2382 635 πεινόφρων
2430 565 2504 626 ὡς
2556 565 2584 614 ὁ
2623 560 2806 624 Δαϐὶδ,
2859 560 3128 630 ὲρημέτης
3165 557 3240 620 ὡς
3291 557 3320 609 6
3377 556 3660 624 Ἰωάννης,

2074 658 2329 721 πενθικὸς
2358 657 2432 720 ὼς
2478 658 2504 709 6
2555 655 2857 726 Ἱερεμῐας,
2885 651 3208 714 διδάσκαλος
3240 649 3316 712 ὡς
3364 651 3390 703 6
3425 647 3662 712 Παῦλος,

2074 747 2264 811 πιστὸς
2297 748 2373 810 ὡς
2416 749 2442 800 6
2473 746 2698 813 Πέτρος,
2732 743 2891 814 σοφὸς
2931 743 3006 805 ὼς
3048 744 3076 796 6
3118 739 3406 811 Σολωμών.
3438 741 3549 794 Kal
3580 757 3670 790 πι-

2077 840 2251 894 στεύω
2279 840 2354 902 ὡς
2383 842 2410 892 6
2445 838 2670 910 λῃστὴς,
2703 839 2782 890 ὅτι
2815 839 2842 890 6
2868 835 3042 888 ταῦτά
3072 851 3158 905 μοι
3191 831 3559 905 χαρισάμενος
3597 832 3670 883 δι’

2075 933 2284 986 οἰκείαν
2308 931 2640 1000 ἀγαθὸτητα,
2682 930 2776 982 καὶ
2805 929 2902 998 τὴν
2937 926 3211 998 βασιλείαν
3237 925 3517 995 παράσχῃ.

2255 1044 2394 1112 Περὶ
2420 1043 2528 1098 τοῦ
2561 1043 2712 1096 ιὶϐϐιὶ
2756 1041 3036 1096 Ἰωάνα-ὀυ
3066 1039 3173 1094 τοῦ
3207 1039 3484 1105 Θηϐαίου.

2150 1160 2374 1226 Ἔλεγον
2403 1158 2530 1228 περὶ
2557 1156 2649 1208 τοῦ
2679 1153 2875 1224 μικροῦ
2891 1153 3138 1206 Ἰωάννου
3163 1149 3258 1203 τοῦ
3285 1148 3547 1220 Θηϐαίου,
3572 1146 3670 1200 τοῦ

2082 1251 2324 1324 μαθητοῦ
2353 1249 2446 1302 τοῦ
2484 1248 2629 1301 6666‘.
2673 1247 2924 1318 ’Λμμώη,
2965 1248 3046 1300 ὅτι
3074 1243 3300 1298 δεκαδύο
3343 1244 3435 1314 ἔτη
3476 1243 3673 1312 ἐποίη-

2081 1361 2172 1396 σεν
2201 1341 2492 1414 ὑπηρετῶν
2519 1339 2596 1410 τῷ
2637 1339 2852 1409 γέροντι
2884 1339 2972 1390 ὅτε
3011 1337 3228 1408 ἠσθένει
3248 1353 3264 1366 ο
3294 1336 3388 1388 καὶ
3427 1336 3546 1406 μετ’
3573 1335 3678 1387 αύ-

2079 1433 2172 1488 τοῦ
2216 1430 2284 1504 ἦν
2329 1436 2408 1494 εἰς
2452 1433 2512 1483 τὸ
2548 1431 2841 1502 χαράδριον
2889 1428 3217 1498 καθήμενος.
3260 1427 3370 1481 Kal
3421 1427 3451 1480 6
3484 1426 3674 1496 γέρων

2078 1525 2333 1595 ὀλιγώρει
2371 1524 2555 1577 ἐπάνω
2599 1523 2791 1576 αὐτοῦ·
2835 1523 2928 1574 καὶ
2969 1521 3138 1573 πολλὰ
3179 1520 3519 1573 κοπιάσαντα
3553 1517 3676 1588 μετ’

2081 1616 2272 1678 αὑτοῦ,
2295 1615 2553 1667 οὐδέποτε
2584 1608 2737 1666 εἶπεν
2758 1611 2927 1682 αύτῷ,
2948 1610 3207 1681 Σωθείης.
3239 1613 3366 1661 Ὅτε
3389 1609 3447 1661 δὲ
3464 1608 3674 1679 ἤμελλε

2081 1709 2357 1778 τελευτᾷν,
2392 1705 2770 1775 καθεζομένων
2808 1703 2914 1756 τῶν
2942 1703 3212 1774 γερόντων
3232 1743 3245 1766 ,
3276 1701 3549 1771 ἐκράτησε
3575 1701 3677 1770 τὴν

2084 1804 2240 1872 χεῖρα
2268 1797 2454 1859 αὑτοῦ,
2476 1797 2572 1850 καλ⁸
2593 1797 2742 1864 λέγει
2768 1795 2940 1864 αὐτῷ’
2969 1793 3230 1864 Σωθείης,
3267 1791 3522 1860 σωθείης,
3570 1807 3678 1843 σω-

395 1889 494 1951 sis,
531 1887 715 1943 salvus
764 1886 842 1940 sis
874 1904 886 1938 :
915 1892 969 1940 et
1005 1885 1226 1939 tradidit
1268 1900 1393 1940 eum
1445 1885 1693 1948 senibus,
1744 1883 1934 1938 dicens
1967 1902 1980 1938 :

2098 1869 2271 1962 θείης·
2312 1891 2407 1942 καὶ
2441 1887 2760 1958 παρέδωκεν
2808 1886 2969 1938 αὐτὸν
3004 1887 3114 1946 τοῖς
3158 1884 3422 1952 γέρουσι,
3465 1881 3673 1950 λέγων’

397 1982 504 2034 Iste
533 1981 759 2046 angelus
788 1986 892 2039 est,
931 1994 1038 2032 non
1072 1979 1252 2033 homo.

450 2136 452 2138 _
542 2089 617 2142 De
652 2088 839 2143 abbate
872 2089 1085 2143 Joanne
1117 2089 1378 2159 discipulo
1415 2088 1622 2143 abbatis
1657 2088 1840 2142 Pauli.

475 2267 587 2338 (54)
623 2267 851 2322 Aiebam
896 2268 964 2322 de
1005 2264 1215 2322 Joanne
1245 2267 1518 2337 discipulo
1560 2269 1775 2323 abbatis
1804 2266 1983 2331 Pauli,

400 2362 546 2434 quod
571 2376 762 2432 magna
786 2360 1091 2416 obedientia
1114 2361 1374 2431 praeditus
1400 2359 1579 2414 fuerit.
1611 2359 1778 2413 Erant
1804 2369 1986 2414 autem

403 2456 637 2525 quodam
672 2455 726 2507 in
754 2455 872 2507 loco
895 2454 1169 2523 sepulcra,
1195 2453 1414 2522 illicque
1440 2453 1627 2524 hyaena
1651 2451 1834 2506 sedem
1862 2451 1990 2506 fixe-

404 2557 509 2601 rat.
555 2546 730 2601 Senex
769 2561 898 2600 vero
930 2548 1074 2600 circa
1109 2562 1231 2599 cum
1275 2546 1452 2598 locum
1487 2544 1622 2599 vidit
1653 2544 1818 2598 boum
1849 2554 1990 2599 ster-

349 2661 364 2681 κ
405 2657 570 2703 cora;
619 2646 672 2694 et
705 2639 960 2708 prazcepit
1001 2637 1196 2692 Joanni
1236 2646 1292 2690 ut
1333 2637 1507 2691 abiret
1549 2635 1872 2706 aﬂ‘erretque
1903 2651 1986 2690 ea.

406 2734 499 2787 llle
526 2734 607 2787 ait
636 2751 650 2787 ;
683 2731 822 2798 Quid
859 2731 1080 2794 faciam,
1109 2731 1269 2791 abba,
1305 2739 1526 2800 prapter
1555 2729 1989 2800 bymnam?’l‘um

350 2851 352 2853 ’
409 2842 576 2882 senex
620 2825 816 2895 iocans
867 2823 984 2877 infit
1020 2844 1031 2878 :
1068 2823 1124 2877 Si
1174 2823 1463 2878 adversum
1517 2831 1568 2878 te
1613 2823 1843 2889 venerit,
1885 2823 1989 2891 liga

408 2935 555 2984 eam,
590 2929 643 2973 et
673 2917 867 2973 adduc.
899 2915 976 2970 Eo
1006 2917 1171 2986 igitur
1209 2916 1488 2986 profectus
1541 2923 1624 2971 est
1690 2915 1856 2970 frater
1899 2931 1991 2969 ve-

411 3012 576 3080 speri.
599 3010 666 3066 Et
701 3026 828 3066 ecce
868 3012 1051 3082 hyaena
1083 3010 1240 3064 irruit
1271 3025 1437 3080 super
1466 3025 1611 3064 eum.
1656 3008 1773 3079 Ipse
1805 3015 1988 3063 autem
2062 3023 2078 3036 ο

407 3105 565 3174 juxta
597 3117 904 3160 sermonem
941 3103 1089 3157 senis
1117 3105 1365 3172 prorupit
1390 3109 1449 3155 ut
1481 3100 1988 3172 comprehenderet.

369 3196 683 3268 “Fugitque
716 3197 927 3269 bymna.
970 3195 1107 3249 Tum
1143 3211 1480 3266 persequens
1521 3196 1736 3250 dicebat
1769 3215 1781 3250 :
1809 3195 1991 3250 Abbas

414 3306 570 3346 meus
592 3291 762 3361 jussit
790 3298 850 3343 ut
874 3298 926 3344 te
957 3291 1244 3344 vincirem.
1278 3287 1524 3359 Cumque
1552 3302 1670 3342 eam
1702 3287 1990 3350 tenuisset,

415 3381 625 3453 ligavit.
662 3381 838 3437 Porro
863 3396 1026 3436 senex
1063 3380 1383 3451 angebatur,
1428 3378 1759 3446 sedebatque
1799 3393 1994 3447 exspe-

416 3482 574 3529 ctans
605 3473 780 3528 illum.
811 3472 948 3527 Ecce
978 3471 1212 3536 advenit,
1247 3471 1454 3526 ducens
1482 3474 1724 3543 hyaenam
1753 3471 1991 3539 ligatam.

422 3565 577 3631 Quod
607 3565 843 3619 intuitus
874 3578 1062 3628 senex,
1088 3564 1389 3618 demiratus
1416 3571 1518 3617 est.
1549 3563 1654 3616 Sed
1683 3563 1872 3616 volens
1899 3563 1997 3614 lm-

419 3660 601 3715 milem
636 3658 870 3717 efficere,
913 3657 1218 3712 verberavit
1251 3674 1374 3711 eum
1414 3677 1425 3711 :
1460 3656 1686 3718 Stolide,
1723 3655 1994 3724 inquiens,

420 3767 610 3804 canem
665 3752 871 3804 fatuum
923 3749 1198 3803 adduxisti
1244 3750 1374 3802 mihi
1407 3748 1549 3802 huc?
1586 3746 1780 3801 Statim
1835 3760 1997 3815 porro

421 3861 584 3900 senex
617 3846 780 3900 solvit
815 3845 1082 3915 hytenam,
1117 3852 1166 3898 ct
1201 3844 1348 3898 abire
1381 3842 1646 3912 permisit.

807 3959 885 4013 De
923 3959 1108 4012 abbate
1143 3957 1337 4012 Isaaco
1373 3957 1611 4012 Thebwo.

498 4071 549 4125 1.
592 4071 702 4140 (55)
740 4069 900 4126 Venit
941 4070 1235 4140 aliquando
1266 4069 1436 4126 abbas
1467 4066 1617 4120 Isaac
1647 4064 1913 4119 Thebazus
1944 4063 1998 4117 in

423 4161 760 4224 cmnobium,
794 4170 848 4217 et
879 4163 1072 4217 videns
1105 4161 1330 4216 fratrem
1361 4161 1790 4230 delinquentem,
1820 4161 1998 4228 ipsum

423 4254 832 4309 condemnavit.
867 4253 937 4307 Ut
969 4262 1148 4309 autem
1185 4254 1348 4308 rediit
1378 4253 1441 4306 ad
1467 4268 1733 4317 eremum,
1769 4252 2002 4307 accessit

423 4345 650 4415 angelus
691 4344 924 4408 Domini,
966 4345 1224 4414 stetitque
1260 4345 1326 4397 ad
1366 4344 1512 4399 fores
1542 4344 1694 4399 cella:
1731 4343 1873 4412 ejus,
1917 4342 2003 4396 di-

401 4451 559 4490 «eens
587 4453 599 4488 :
633 4433 750 4488 Non
784 4435 967 4488 sinam
999 4441 1053 4488 te
1089 4433 1314 4488 intrare.
1349 4435 1417 4486 At
1445 4434 1533 4488 ille
1574 4433 1830 4503 rogabat,
1871 4433 2002 4502 quid

407 4528 506 4583 rei
535 4536 700 4582 esset.
755 4525 1056 4594 Respondit
1105 4526 1332 4592 angelus
1369 4545 1382 4579 :
1416 4524 1559 4580 Deus
1605 4526 1752 4580 misit
1783 4542 1889 4590 me,
1929 4527 2001 4579 ita

2087 1979 2258 2048 Οὗτος
2297 1981 2526 2052 ἄγγελός
2561 1981 2678 2032 ἐστι
2701 2019 2715 2043 ,
2747 1981 2842 2032 καὶ
2886 1979 2984 2032 οὐκ
3014 1978 3317 2048 ἅνθρωπος.

2086 2099 2226 2168 Περὶ
2260 2096 2366 2152 τοῦ
2399 2093 2548 2149 ἀϐϐᾶ
2597 2092 2880 2168 Ἰωάκτςού
2909 2092 3027 2168 τοῦ
3066 2089 3338 2160 μαθητοῦ
3383 2087 3492 2142 τοῦ
3525 2088 3678 2144 ὰὸϐιῖ

2752 2164 3018 2216 Παύλου.

2162 2286 2387 2352 Ἔλεγον
2452 2284 2578 2355 περὶ
2629 2282 2722 2334 τοῦ
2779 2280 2924 2334 ἁϐϐᾶ
2983 2279 3226 2332 Ἰωάννου
3284 2277 3378 2331 τοῦ
3429 2275 3677 2347 μαθητοῦ

2088 2378 2183 2432 τοῦ
2235 2377 2380 2431 ἁϐϐᾶ
2421 2376 2662 2441 Παύλου,
2707 2375 2788 2428 ὅτι
2821 2369 2935 2444 εἶχε
2970 2372 3215 2442 μεγάλην
3250 2372 3522 2442 ὑπακοήν.
3566 2365 3678 2422 Ἦν

2089 2473 2145 2526 δὲ
2178 2470 2234 2523 ἐν
2273 2488 2378 2523 τινι
2411 2470 2563 2538 τόπῳ
2597 2470 2834 2538 μνημεῖα
2854 2506 2868 2530 ,
2911 2467 3004 2518 καὶ
3034 2464 3164 2535 ᾤκει
3185 2465 3230 2494 ⁷³
3262 2462 3426 2517 ὖαινα
3463 2464 3585 2516 ἐκεῖ
3607 2462 3674 2514 ⁵⁸.

2103 2565 2160 2618 '0
2193 2563 2246 2617 δὲ
2275 2565 2453 2635 γέρων
2489 2558 2594 2615 εἶδε
2625 2562 2753 2632 περὶ
2784 2561 2875 2612 τὸν
2898 2558 3061 2612 τόπον
3105 2557 3355 2628 βόλδιταο
3403 2557 3496 2611 καὶ
3526 2556 3680 2625 λέγει

2090 2656 2169 2727 τῶ
2213 2657 2436 2728 Ἰωάννῃ
2466 2655 2718 2708 ἀπελθεῖν
2750 2654 2842 2708 καί
2867 2655 3110 2720 ἐνεγκεῖν
3137 2650 3296 2705 αὐτά.
3350 2651 3407 2702 '0
3438 2649 3494 2702 δὲ
3523 2645 3680 2701 εἶπεν

2093 2748 2241 2818 αύτῷ
2262 2765 2275 2778 ο
2317 2748 2426 2801 Καὶ
2448 2748 2501 2800 τί
2542 2748 2773 2818 ποιήσω,
2811 2745 2987 2810 ἀδεᾶ,
3015 2743 3102 2795 διὰ
3127 2743 3224 2814 τὴν
3260 2741 3486 2805 ὖαινανς
3532 2741 3590 2793 Ὀ
3623 2741 3681 2794 δὲ

2093 2840 2270 2911 γέρων
2303 2837 2776 2914 χαριεντιζόμενος
2799 2833 2950 2890 εἶπεν
2972 2852 2985 2865 °
3037 2833 3162 2887 Ἐὰν
3187 2834 3312 2904 ἔλθῃ
3349 2834 3534 2887 ἐπάνω
3563 2850 3678 2895 σου,

2092 2931 2256 3000 δῆσον
2300 2931 2493 3000 “in”?
2531 2932 2625 2983 καὶ
2657 2930 2788 3000 φέρε
2830 2928 3000 3001 αὐτὴν
3035 2920 3157 2981 ὧδε.
3223 2925 3488 2996 ’Λπῆλθεν
3529 2921 3625 2978 οὖν
3656 2926 3685 2976 6

2095 3023 2320 3090 ἁδελφὸς
2369 3023 2484 3074 ἐκεῖ
2528 3021 2648 3090 ὀψέ.
2690 3021 2801 3075 Kal
2853 3021 2960 3072 ἰδοὺ
2999 3016 3163 3090 ἦλθεν
3204 3021 3237 3090 ἡ
3278 3018 3440 3072 ὓαινα
3491 3019 3684 3071 ἐπάνω

2095 3115 2280 3170 αὑτοῦ.
2307 3116 2380 3168 ΔὈ
2417 3116 2493 3180 δὲ,
2525 3114 2666 3169 κατὰ
2691 3115 2780 3167 τὸν
2813 3115 2969 3183 λόγον
2993 3115 3087 3168 τοῦ
3123 3114 3408 3186 γέροντος,
3453 3112 3684 3184 ὥρμησε

2097 3208 2371 3281 κρατῆσαι
2401 3209 2594 3278 αὐτήν.
2643 3209 2749 3260 Kal
2779 3207 2980 3276 ἕῳυγεν
3020 3210 3052 3277 ἡ
3093 3207 3273 3260 ὓαινα.
3313 3206 3427 3260 Kal
3469 3205 3684 3258 διώκων

2101 3299 2270 3371 αὐτὴν
2295 3300 2479 3368 ἔλεγεν
2497 3301 2563 3330 ⁷⁷·
2607 3301 2663 3352 Ὀ
2686 3300 2860 3361 ά66ἇς
2893 3317 2992 3369 μου
3027 3296 3176 3351 εἶπεν
3205 3299 3290 3351 ἵνα
3315 3315 3372 3350 σε
3401 3299 3681 3367 δεσμήσω.

2097 3394 2206 3447 Kal
2241 3393 2524 3464 κρατήσας
2558 3391 2726 3461 αὐτὴν
2766 3392 2973 3461 ἔδησεν.
3029 3391 3301 3444 Ἐθλὶϐετο
3331 3391 3386 3442 δὲ
3425 3391 3452 3443 6
3480 3391 3681 3460 γέρων,

2098 3487 2192 3537 καὶ
2231 3484 2466 3552 ἐκάθητο
2509 3483 2819 3554 περιμένων
2847 3482 3027 3534 αὐτόν.
3071 3482 3180 3535 Kal
3214 3481 3320 3534 ἰδοὺ
3349 3476 3684 3550 ἦλθεν“’ἓχων

2098 3574 2196 3644 τὴν
2231 3573 2422 3626 ὓαιναν
2460 3572 2769 3642 δεδεμένην.
2812 3572 2921 3624 Καὶ
2959 3571 3084 3624 ἰδὼν
3117 3571 3144 3622 6
3172 3570 3351 3641 γέρων
3379 3569 3680 3640 ἐθαύμασε.

2100 3668 2207 3719 Kal
2237 3665 2407 3718 θέλων
2447 3663 2780 3718 ταπεινῶσαι
2815 3663 2977 3716 αὐτὸν
2997 3707 3009 3728 ,
3046 3663 3240 3731 ἔτυψεν
3279 3663 3440 3715 αὐτὸν
3468 3661 3645 3730 λέγων
3667 3679 3678 3690 ·

2100 3755 2236 3808 Σαλέ
2258 3772 2270 3786 ο
2307 3754 2442 3808 κύνα
2487 3754 2644 3806 σαλὸν
2681 3753 2918 3823 ἧνεγκάς
2956 3771 3044 3823 μοι
3077 3747 3176 3806 ὧδε
3221 3752 3363 3822 (36);
3397 3752 3595 3805 Ἔλυσε
3627 3751 3683 3805 δὲ

2101 3846 2268 3914 αὐτὴν
2297 3844 2458 3906 εὐθὺς
2483 3845 2510 3896 6
2532 3844 2728 3914 γέρων.
2760 3844 2854 3895 καὶ
2875 3842 3145 3896 ἀπέλυσεν
3176 3841 3451 3895 ἀπελθεῖν.

2314 3955 2452 4023 Περὶ
2480 3954 2584 4008 τοῦ
2616 3952 2766 4008 άϐϐᾶ
2809 3953 3017 4008 Ἰσαὰκ
3053 3954 3160 4008 τοῦ
3196 3956 3474 4022 Θηϐαίου.

2173 4078 2241 4125 α’,
2290 4068 2573 4142 Παρέϐαλέ
2609 4084 2737 4120 ποτε
2766 4067 2794 4119 6
2823 4066 2997 4130 άϐϐἄς
3039 4067 3226 4120 Ἰσαὰκ
3259 4069 3288 4120 6
3324 4067 3559 4137 Θηϐαῖος
3605 4070 3685 4131 εἰς

2103 4162 2388 4226 κοινόϐιον,
2433 4160 2528 4215 καὶ
2558 4156 2698 4214 εἶδεν
2722 4159 2949 4227 ἀδελφὸν
2981 4159 3271 4228 σφαλέντα,
3303 4160 3396 4212 καὶ
3426 4159 3685 4230 κατέκρι-

2105 4273 2192 4308 νεν
2217 4255 2400 4309 αὐτόν.
2444 4255 2532 4318 Ὡς
2559 4253 2615 4306 δὲ
2645 4253 2867 4323 ἐξῆλθεν
2898 4253 2979 4315 εἰς
3003 4253 3102 4323 τὴν
3131 4251 3356 4323 ἔρημον.
3388 4247 3549 4323 ἦλθεν
3581 4251 3682 4321 ἆγ-

2106 4346 2260 4414 γελος
2285 4347 2513 4418 Κυρίου,
2532 4347 2625 4399 καὶ
2647 4345 2777 4415 ἔστη
2800 4343 3108 4415 ἔμπροσθεν
3131 4345 3229 4414 τῆς
3251 4343 3418 4414 θύρας
3442 4343 3534 4396 τοῦ
3566 4344 3683 4397 κελ-

2105 4439 2219 4491 λξου
2247 4438 2432 4501 αὐτοῦ,
2457 4438 2650 4507 λέγων·
2675 4438 2787 4491 Οὐκ
2805 4437 2927 4506 ἀφῶ
2955 4454 3014 4489 σε
3038 4435 3320 4492 εἰσελθεῖν.
3351 4437 3408 4490 '0
3431 4436 3485 4489 δὲ
3540 4454 3680 4506 stap-

2107 4530 2288 4584 εκάλει
2309 4570 2324 4593 ,
2356 4529 2561 4598 λέγων’
2590 4530 2654 4582 Τί
2694 4530 2809 4581 ἐστι
2835 4526 2895 4580 τὸ
2919 4529 3188 4598 πρᾶγμα;
3220 4527 3328 4579 Kal
3369 4528 3684 4596 ἀποκριθεὶς

427 4620 749 4690 imperans:
791 4617 964 4673 Dicito
1005 4619 1089 4674 ei:
1129 4618 1253 4684 Quo
1295 4618 1457 4685 jubes
1489 4625 1550 4671 ut
1593 4618 1801 4671 mittam
1852 4619 1989 4672 illun

2106 4621 2136 4672 6
2166 4621 2396 4689 ἄγγελος
2424 4617 2576 4674 εἶπεν
2610 4619 2758 4690 αὐτῷ
2777 4636 2791 4650 ’
2829 4619 2885 4673 '0
2908 4617 3040 4680 Θεὸς
3066 4617 3352 4671 ἀπέστειλέ
3379 4635 3464 4688 με,
3485 4618 3681 4685 λέγων’

427 4709 652 4765 fratrem
686 4711 740 4766 in
773 4712 987 4780 culpam
1020 4710 1335 4780 prolapsum
1356 4750 1368 4772 ,
1399 4724 1560 4778 quem
1591 4708 1892 4776 judicasti?
1940 4707 2005 4761 Et

429 4805 612 4856 statim
669 4803 1045 4874 pamitentium
1097 4803 1149 4855 in
1204 4815 1410 4855 morem
1453 4809 1764 4869 prostratus
1815 4801 2002 4857 dixit:

427 4894 695 4958 Pcccavi,
748 4895 878 4949 mihi
931 4897 1170 4964 ignosce.
1225 4893 1450 4964 Excepit
1489 4894 1714 4962 angelus
1757 4912 1769 4947 :
1810 4894 2003 4965 Surge,

429 4987 576 5040 Deus
625 4998 677 5040 te
709 4989 866 5041 venia
906 4987 1145 5040 donavit.
1185 4986 1257 5040 De
1301 4997 1496 5041 caetero
1540 5001 1671 5040 cave
1715 5002 1782 5040 ne
1819 5002 2009 5056 quem-

415 5096 594 5149 .quam
622 5079 859 5147 judices,
894 5079 1210 5148 priusquam
1252 5077 1395 5134 Deus
1433 5079 1502 5132 de
1541 5079 1660 5148 ipso
1685 5080 1878 5133 tulerit
1913 5080 2006 5147 ju-

427 5172 657 5228 (licium.

503 5328 547 5357 ⁷⁸
575 5326 657 5378 Al.
702 5324 868 5376 inser.
901 5325 956 5373 ὲν
988 5320 1154 5390 αύτῷ.
1231 5323 1278 5351 ⁷⁸
1306 5320 1388 5374 Al.
1419 5321 1582 5390 κακή.

509 5485 618 5554 (55-)
672 5483 780 5536 Vit.
839 5483 991 5536 Patr.
1056 5497 1165 5544 va,
1233 5480 1296 5544 6;
1346 5478 1404 5531 L.
1466 5477 1690 5532 Climac.
1737 5476 1903 5531 Crad.
1950 5478 2004 5538 4,

433 5574 491 5628 .p.
522 5553 612 5620 81,
638 5557 832 5628 ibique
853 5553 1036 5607 Srhol.

507 5627 621 5695 (54)
661 5619 765 5678 Vii.
797 5624 950 5679 Patr.
1009 5640 1088 5687 ιιι,
1125 5622 1224 5686 Ξῑς
1267 5637 1378 5688 xw,
1414 5621 1484 5685 6;
1518 5619 1789 5676 Tbcodor.
1846 5619 2003 5673 Stud.

428 5695 650 5753 Catech.
685 5695 806 5751 125.

510 5768 620 5836 (55)
662 5765 764 5820 Vit.
797 5765 950 5819 Patr.
981 5780 1055 5826 ix,
1086 5764 1153 5825 5;
1190 5763 1250 5836 VL.
1286 5761 1512 5836 Dorotlr.
1545 5762 1813 5836 Βοοιῃϋ.

502 5829 620 5910 ζ56)
650 5836 809 5892 Σαλέ
829 5852 840 5863 ·
872 5837 1022 5890 κύνα
1049 5835 1245 5887 σαλὸν
1276 5832 1535 5903 ῆνεγκάς
1557 5852 1660 5902 μοι
1682 5829 1816 5888 ὧδε.
1857 5831 2008 5885 Rufi-

2107 4714 2243 4769 Ειπὲ
2277 4713 2448 4783 αὐτῷ,
2481 4713 2590 4767 Ποῦ
2617 4712 2856 4773 κελεύεις
3053 4712 3142 4764 τὸν
3167 4710 3437 4780 σφαλέντα
3457 4709 3683 4779 ἀδελφὸν

2107 4805 2166 4858 ὃν
2197 4804 2445 4877 ἔκρινας-ς
2484 4806 2594 4858 Kal
2634 4805 2838 4868 εὐθέως
2871 4803 3196 4875 μετενόησε,
3223 4803 3397 4872 λέγων
3421 4819 3435 4832 ·
3481 4801 3687 4872 Ἠμάρο

2108 4915 2275 4967 τηκα,
2315 4895 2667 4969 συγχώρησον
2699 4915 2811 4967 μοι.
2842 4898 2951 4950 Kal
2977 4893 3128 4950 εἶπεν
3158 4898 3186 4948 6
3211 4894 3438 4965 ἅγγελος
3460 4912 3472 4928 ·
3516 4894 3686 4963 Ἐγείο

2106 5003 2232 5058 γρου,
2269 4987 2615 5059 συνεχώρησε
2658 5005 2740 5041 σοι
2769 4992 2798 5042 6
2822 4990 2970 5051 Θεός.
3003 4989 3240 5054 Φύλαξαι
3275 4988 3331 5040 δὲ
3369 4985 3462 5040 τοῦ
3499 4984 3685 5039 λοιποῦ

2120 5081 2192 5150 ui]
2225 5083 2404 5149 κρῖναί
2430 5099 2552 5136 τινα
2582 5083 2707 5154 πρὶν
2732 5083 2765 5153 ἦ
2795 5085 2821 5135 6
2847 5083 2978 5146 Θεὸς
3010 5083 3170 5154 κρίνῃ
3197 5081 3377 5135 αὐτόν.

1659 5321 1706 5350 ⁷⁷
1733 5320 1815 5372 Al.
1841 5320 2007 5374 inser.
2044 5322 2244 5390 μεῖνον.

2109 5495 2213 5533 nus
2241 5496 2253 5530 :
2290 5479 2437 5534 Sicut
2467 5491 2520 5533 tu
2546 5482 2866 5535 iuseusibilis
2883 5499 2958 5543 es,
2988 5481 3062 5534 ita
3088 5483 3244 5534 etiam
3273 5492 3319 5534 et
3346 5483 3502 5534 istam
3533 5483 3692 5537 insea-

2107 5551 2311 5603 sibilem
2345 5551 2565 5605 bestiam
2621 5552 2915 5605 adduxisti.
2961 5552 3017 5606 In
3069 5554 3172 5605 lex.
3207 5553 3542 5607 Gneco-Lat.
3589 5563 3686 5607 vet.

2106 5620 2389 5693 άσύνετος,
2431 5623 2797 5684 insensibilis,
2848 5622 3196 5693 imprudens.
3242 5621 3497 5693 Pelagius
3523 5640 3687 5679 vero:

2106 5691 2328 5758 Bavose,
2353 5710 2536 5747 canem
2562 5695 2768 5762 fatuum
2789 5691 3063 5746 adduxisti
3089 5694 3237 5746 mihi.
3261 5692 3352 5746 list
3370 5691 3515 5749 enim
3539 5695 3691 5758 σάλος

2109 5763 2298 5828 saliva,
2331 5765 2488 5828 bove;
2512 5765 2658 5819 unde
2694 5763 2913 5826 bavard,
2945 5765 3130 5834 lingua
3159 5762 3386 5819 Gallica.
