3874 6312
179 259 283 313 241

1336 261 1947 323 ΑΡΟΡΗΤΗΕΟΜΑΤΑ
1979 269 2293 329 ΡΑΤΒΠΜ.

3350 282 3460 338 2η

247 372 321 444 β’.
349 372 581 442 Ἔλεγον
611 374 741 445 περὶ
765 373 860 427 τοῦ
887 372 1031 428 ἁϐϐἄ
1070 375 1330 442 Ἀπολλὼ,
1352 381 1432 434 ὅτι
1457 377 1569 452 εἶχε
1595 382 1763 455 μαθη·

1949 388 2002 444 2.
2048 391 2378 448 Referebant
2421 394 2566 462 quod
2625 394 2793 448 abbas
2828 392 3021 464 Apollo
3070 394 3320 450 habuerit
3367 398 3454 452 di-

173 464 275 536 τὴν
303 464 537 537 ὀνόματι
588 466 801 533 Ἰσαὰκ,
839 467 1271 539 πεπαιδευμένον
1322 473 1403 535 είς
1436 475 1604 546 ἄκρον
1642 477 1775 548 πρὸς

176 558 290 609 πᾶν
325 556 493 630 ἔργον
515 557 722 625 ἀγαθόν
738 575 751 589 ’
780 559 874 612 καὶ
902 560 1170 630 ἐκτήσατο
1196 561 1293 632 τὴν
1314 562 1412 635 τῆς
1440 564 1600 632 ἁγίας
1618 582 1779 638 προσ-

176 651 355 720 ᾳορᾶς
400 651 656 721 ἡσυχίαν.
709 648 815 704 Kal
859 651 988 703 ὅταν
1021 650 1282 724 ἐξήρχετο
1318 657 1398 718 εἰς
1439 655 1539 728 τὴν
1578 658 1779 727 ἐκκληο

179 742 327 806 σίαν,
358 743 424 795 οὐ
452 741 750 813 συνεχώρει
781 742 935 806 τινὰς
958 744 1004 774 ⁷⁸
1028 744 1203 797 ἐλθεῖν
1229 747 1308 809 εἰς
1331 748 1619 819 συντυχίαν
1647 750 1778 802 ἐαυ-

177 830 295 884 τοῦ.
326 827 439 885 Ἦν
464 831 575 905 γὰρ
599 836 629 886 6
657 833 812 902 λόγος
839 834 1004 888 αὑτοῦ
1033 832 1208 899 οὗτος,
1231 837 1315 890 ὅτι
1341 839 1516 893 πάντα
1547 840 1690 895 καλά
1718 844 1777 895 ἐν

179 923 364 995 καιρῷ
397 924 585 978 αὐτῶν
607 941 621 956 ·
648 924 867 994 Καιρός
883 927 992 998 γὰρ
1015 926 1093 992 τῷ
1119 931 1297 982 παντὶ
1321 929 1638 1000 πράγματι.
1666 933 1779 987 Kal

178 1018 311 1072 ὅταν
338 1018 584 1072 ἀπέλυεν
611 1023 645 1090 ἡ
682 1020 901 1087 σύναξις
919 1063 934 1088 ,
966 1021 1044 1082 ὡς
1076 1023 1185 1076 ἀπὸ
1212 1023 1382 1094 πυρὸς
1421 1020 1488 1095 ἦν
1516 1025 1780 1097 διωκόμε-

179 1127 294 1177 νος,
324 1110 513 1181 ζητῶν
552 1111 881 1165 καταλαϐεῖν
924 1112 985 1165 τὸ
1013 1113 1222 1167 κελλίον
1257 1114 1473 1169 ἑαυτοῦ.
1511 1115 1779 1181 Πολλάκις

181 1202 240 1254 δὲ
269 1202 481 1256 ἐδίδοτο
502 1204 617 1266 τοῖς
640 1202 891 1272 ἀδελφοῖς
922 1204 1031 1256 ἀπὸ
1060 1204 1352 1271 συνάξεως,
1384 1205 1711 1279 παξαμὰτης
1733 1209 1777 1240 ⁷⁸

184 1295 279 1346 καὶ
324 1295 589 1365 ποτήριον
622 1295 801 1347 οἴνου·
844 1296 1006 1359 αὐτὸς
1049 1295 1106 1349 δὲ
1143 1290 1242 1350 οὐκ
1288 1297 1625 1367 ἐλάμϐανεν·
1680 1298 1780 1352 οὐκ

184 1386 583 1458 ἀπωθούμενος
614 1387 714 1458 τὴν
749 1386 999 1454 εὐλογίαν
1039 1387 1148 1439 τῶν
1173 1387 1417 1458 ἀδελφῶν
1440 1430 1454 1453 ,
1503 1388 1641 1442 ἀλλὰ
1680 1388 1780 1460 τὴν

184 1479 283 1551 τῆς
319 1478 603 1546 συνάξεως
631 1479 942 1550 ἐπικρατῶν
977 1480 1225 1550 ἡσυχίαν.
1267 1480 1513 1550 Ἐγένετο
1535 1481 1591 1534 δὲ
1620 1481 1781 1535 αὐτὸν

184 1574 244 1624 ὲν
278 1570 575 1642 ἀρρωστίᾳ
616 1568 1010 1623 κατακεῖσθαι·
1057 1570 1152 1622 καὶ
1186 1569 1519 1634 ἀκούσαντες
1549 1572 1599 1625 οἱ
1626 1571 1781 1624 ἀδελ-

185 1663 276 1731 φοὶ
314 1658 486 1733 ἦλθον
528 1661 623 1715 τοῦ
662 1660 1064 1730 ἐπισκέψασθαι
1095 1661 1276 1715 αὐτόν.
1316 1660 1687 1731 Καθεζόμενοι
1722 1662 1781 1715 δὲ

1885 484 2155 554 scipulutn
2200 487 2419 540 nomine
2453 486 2622 551 Isaac,
2657 501 2868 540 summe
2908 483 3185 541 eruditum
3222 486 3275 540 in
3307 488 3457 543 omni

1884 592 2049 645 opere
2082 578 2259 643 bono;
2297 579 2390 649 qui
2420 588 2624 634 sanctae
2665 578 2960 634 oblationis
2990 579 3264 634 silentium
3315 582 3459 635 obti-

1884 672 2029 723 nuit.
2058 668 2158 723 Hic
2191 670 2410 741 quando
2434 672 2500 725 ad
2526 672 2813 727 ecclesiam
2843 671 3311 742 proﬁciscebatur,
3349 689 3456 728 non

1885 760 2101 818 sinebat
2147 764 2456 832 quempiam
2497 763 2758 820 accedere
2798 772 2851 819 et
2888 764 3164 835 congredi.
3218 764 3461 821 Habebat

1885 856 2031 910 enim
2057 855 2111 910 in
2148 865 2328 911 mente
2364 856 2498 912 hoc:
2532 856 2738 910 Cuncta
2775 858 2915 912 bona
2948 873 3070 913 esse
3106 857 3162 911 in
3192 871 3293 912 suo
3323 864 3462 911 tem-

1887 961 2037 1016 pore.
2056 945 2279 1013 Tempus
2299 947 2443 999 enim
2458 947 2598 1000 omni
2626 950 2699 1001 rei
2718 945 2805 998 ⁸⁸⁸.
2828 945 3031 1002 Etcum
3067 946 3291 1003 dimissa
3325 945 3460 1002 fuis-

1887 1045 1971 1093 set
2003 1037 2260 1103 collecta,
2298 1038 2459 1107 quasi
2492 1037 2561 1092 ab
2603 1037 2727 1109 igne
2760 1037 3105 1111 aufugiebat,
3159 1053 3461 1109 properans

1888 1131 1953 1185 ad
1984 1131 2180 1186 cellam
2208 1144 2363 1187 suam
2397 1131 2727 1202 pertingere.
2758 1132 3025 1186 Caeterum
3054 1147 3197 1202 saepe
3229 1130 3463 1186 dabatur

1890 1224 2154 1279 fratribus
2174 1232 2299 1294 post
2321 1223 2572 1294 synaxim
2600 1235 2914 1294 paxamates
2934 1240 3057 1279 cum
3088 1224 3195 1278 vini
3225 1223 3420 1295 poculo
3444 1240 3459 1279 :

1887 1314 2005 1383 ipse
2034 1328 2161 1369 vero
2197 1329 2542 1385 nequaquam
2577 1315 2916 1385 accipiebat;
2953 1332 3061 1370 non
3104 1315 3250 1386 quod
3289 1315 3464 1389 repel-

1887 1406 2023 1461 leret
2062 1406 2494 1461 benedictionem
2538 1405 2790 1473 fratrum,
2819 1408 2913 1462 sed
2946 1408 3189 1464 collecta:
3219 1409 3465 1466 retinens

1888 1499 2146 1569 quietem.
2187 1497 2429 1568 Contigit
2467 1509 2648 1555 autem
2682 1508 2741 1553 ut
2773 1499 3026 1555 infirmus
3067 1501 3420 1557 decumberet
3449 1519 3463 1556 :

1888 1591 2036 1663 quod
2080 1592 2279 1648 fratres
2332 1590 2648 1657 audientes,
2699 1600 2967 1648 venerunt
3014 1592 3081 1647 ad
3131 1593 3466 1649 visitandum
3548 1633 3553 1636 ο

1889 1699 2033 1739 eum.
2076 1683 2262 1755 itaque
2304 1683 2556 1739 sedentes
2600 1682 3073 1755 interrogaverunt
3115 1683 3216 1737 hoc
3258 1690 3462 1753 pacto:

186 1755 235 1806 oi
267 1754 495 1822 ἀδελφοὶ
526 1752 820 1825 ἠρώτησαν
847 1753 1030 1819 αὐτὸν,
1057 1751 1333 1822 λέγοντες⁸
1376 1753 1547 1807 Ἀϐϐἄ
1579 1752 1783 1819 Ἰσαὰκ,

1900 1777 2040 1833 Abba
2070 1776 2243 1842 Isaac,
2277 1792 2450 1847 quare
2484 1788 2604 1847 post
2634 1751 2846 1832 sacram
2874 1777 3122 1848 synaxim
3158 1751 3355 1831 fratres
3383 1774 3469 1829 fu-

186 1846 329 1900 διατί
359 1847 473 1900 ἀπὸ
506 1845 781 1910 συνάξεως
810 1846 1031 1915 φεύγεις
1058 1848 1184 1910 τοὺς
1210 1845 1503 1916 ἀδελφούς
1532 1848 1644 1902 Kal
1664 1847 1786 1901 εἶπε

188 1940 324 2010 πρὸς
353 1938 592 2002 αὐτοὺς.
624 1940 707 1992 ὅτι
744 1938 883 2003 Τοὺς
915 1938 1179 2008 ἀδελφοὺς
1204 1940 1265 1991 οὐ
1297 1940 1504 2008 φεύγω,
1535 1938 1670 1994 ἀλλὰ
1692 1939 1786 2012 τὴν

186 2029 295 2087 τῶν
335 2030 616 2101 δαιμόνων
643 2028 1020 2099 κακοτεχνίαν.
1056 2029 1169 2081 Kal
1202 2029 1310 2100 γὰρ
1342 2030 1437 2083 ἐὰν
1466 2048 1549 2093 τις
1579 2030 1788 2103 κατέχῃ

186 2120 507 2193 ὶαμιςὰδιον
539 2120 744 2189 φωτὸς,
777 2120 873 2175 καὶ
904 2118 1145 2193 βραδύνῃ
1174 2122 1253 2183 εἰς
1282 2120 1373 2173 τὸν
1404 2121 1542 2193 ἀέρα
1571 2122 1791 2192 ἱστάμε-

187 2230 301 2280 νος,
331 2213 628 2267 σϐέννυται
667 2214 762 2266 ἀπ’
805 2212 991 2267 αὐτοῦ.
1021 2211 1208 2276 Οῦτως
1237 2214 1331 2266 καὶ
1369 2215 1533 2285 ἡμεῖς
1563 2212 1790 2284 φωτιζό-

193 2322 346 2377 μενοι
368 2305 481 2360 ὑπὸ
508 2305 672 2375 ⁸’τῆς
721 2303 881 2374 ἁγίας
908 2306 1245 2377 προσφορᾶς,
1291 2305 1386 2359 ἐὰν
1436 2304 1791 2378 βραδύνωμεν

191 2396 296 2462 ἔξω
340 2395 442 2450 τοῦ
475 2396 721 2459 κελλίου,
770 2395 1079 2461 σκοτίζεται
1113 2395 1272 2468 ἡμῶν
1321 2397 1351 2448 6
1395 2398 1540 2462 νοῦς.
1574 2397 1722 2469 Αὕτη
1755 2398 1791 2468 ἡ

193 2486 449 2541 πολιτεία
481 2485 579 2540 τοῦ
607 2486 757 2541 ὁσίου
788 2485 936 2541 ἀϐϐἄ
984 2486 1189 2543 Ἰσαάκ.

395 2602 540 2671 Περὶ
577 2600 685 2655 τοῦ
718 2599 866 2657 ἁόϐᾶ
913 2599 1135 2670 Ἰωσὴφ
1172 2597 1281 2653 τοῦ
1311 2599 1594 2669 Θηϐαίου.

264 2713 444 2771 Εἶπεν
490 2717 521 2769 6
550 2713 727 2779 ἀϐϐἄς
775 2714 975 2785 Ἰωσὴφ
1018 2715 1047 2766 ὁ
1082 2713 1337 2784 Θηϐαῖος,
1376 2713 1458 2767 ὅτι
1494 2713 1622 2784 τρία
1649 2712 1792 2783 πρά-

193 2809 389 2880 γματὰ
413 2807 461 2840 ⁶¹
493 2807 643 2861 ἐστιν
672 2806 867 2876 ἔντιμα
896 2805 1128 2860 ἐνώπιον
1153 2806 1392 2878 Κυρίουσ
1426 2806 1555 2859 ὅταν
1585 2804 1797 2878 ἄνθρω-

195 2919 298 2965 πος
333 2898 578 2970 ἀσθενῆ,
612 2898 708 2952 καὶ
741 2898 1124 2969 προστίθενται
1154 2897 1305 2968 αὐτῷ
1337 2897 1667 2968 πειρασμοὶ,
1699 2896 1794 2951 καὶ

1889 1872 2010 1944 gis?
2042 1870 2348 1942 Respondit
2386 1891 2398 1925 :
2438 1870 2555 1926 Non
2601 1870 2747 1942 fugio
2780 1871 2996 1936 fratres,
3033 1869 3128 1925 sed
3160 1869 3469 1925 daemonum

1888 1970 2035 2020 artes
2065 1964 2261 2017 malas.
2294 1961 2507 2017 Etenim
2545 1961 2591 2016 si
2632 1960 2756 2031 quis
2787 1961 3023 2015 tenuerit
3061 1960 3232 2014 facem
3277 1960 3472 2014 lucen-

1889 2065 2024 2133 tem,
2069 2055 2272 2126 diuque
2302 2055 2366 2108 ad
2396 2070 2574 2110 aerem
2607 2055 2842 2117 steterit,
2881 2053 3041 2107 abeo
3068 2054 3470 2123 exstinguetur.

1889 2148 2082 2204 Parem
2116 2148 2173 2202 in
2204 2148 2424 2202 modum
2455 2155 2512 2201 et
2546 2161 2668 2212 nos,
2703 2161 2731 2199 a
2764 2160 2920 2199 sacra
2953 2144 3229 2200 oblatione
3263 2143 3472 2198 illumi-

1890 2247 2027 2311 nati,
2063 2245 2109 2301 si
2147 2252 2306 2300 extra
2349 2243 2543 2298 cellam
2576 2242 2998 2306 tardaverimus,
3032 2243 3380 2297 incurremns
3415 2243 3471 2296 in

1891 2338 2090 2393 mentis
2118 2337 2396 2392 tenebras.
2432 2333 2558 2389 Hazc
2587 2333 2687 2388 fuit
2718 2334 2893 2388 sancti
2928 2332 3142 2388 abbatis
3187 2331 3360 2388 lsaaci
3393 2332 3474 2387 vi-

1890 2426 2054 2483 vendi
2092 2426 2254 2481 ratio.

2270 2606 2348 2662 De
2380 2605 2567 2661 abbate
2592 2604 2821 2674 Josepho
2851 2603 3094 2660 Thebteo.

1965 2722 2077 2796 (57)
2118 2719 2266 2777 Dixit
2314 2720 2483 2778 abbas
2529 2718 2731 2790 Joseph
2757 2717 3066 2774 Thebans:
3100 2714 3237 2772 Tres
3280 2732 3371 2772 res
3418 2716 3475 2772 in
3564 2724 3571 2729 ·

1894 2822 2193 2886 conspectu
2233 2813 2326 2869 Dei
2373 2813 2724 2868 honorabiles
2753 2822 2882 2868 sunt
2916 2831 2929 2866 :
2964 2810 3100 2867 Cum
3132 2812 3297 2866 homo
3326 2811 3478 2865 inﬁr-

1895 2925 2020 2966 mus
2052 2918 2158 2974 est,
2192 2916 2247 2963 et
2278 2906 2615 2977 adjiciuntur
2657 2907 2706 2962 ei
2750 2905 3105 2971 tentationes,
3142 2904 3258 2975 ipse
3295 2911 3485 2959 autem-

200 2994 320 3064 μετ’
373 2991 764 3062 εὐχαριστείας
818 2989 1034 3060 δέχεται
1073 2988 1292 3053 αὐτούς.
1332 2988 1405 3041 Τὸ
1450 2988 1508 3041 δὲ
1546 2987 1792 3059 δεύτερόν

1900 3015 1988 3056 eas
2020 3014 2146 3055 cum
2186 2997 2482 3070 gratiarum
2513 2997 2729 3052 actione
2772 2996 3048 3066 suscipit;
3082 2995 3323 3052 secunda
3365 3004 3480 3060 est,

197 3087 347 3139 ἐστιν
368 3124 386 3149 ,
412 3084 548 3138 ὅταν
572 3099 658 3146 τις
699 3084 827 3153 ποιῇ
860 3081 1040 3136 πάντα
1079 3082 1148 3135 τὰ
1195 3079 1335 3152 ἔργα
1384 3078 1549 3133 αὐτοῦ
1578 3079 1792 3151 καθαρὰ

1900 3106 2025 3147 cum
2055 3090 2296 3147 effecerit
2340 3089 2541 3160 aliquis
2584 3091 2769 3143 omnia
2810 3103 2977 3158 opera
3022 3102 3120 3142 sua
3152 3088 3353 3142 munda
3383 3102 3482 3142 co-

197 3176 436 3232 ἐνώπιον
465 3175 566 3230 τοῦ
596 3174 754 3240 Θεοῦ,
788 3174 883 3229 καὶ
914 3173 1081 3245 μηδὲν
1106 3172 1298 3245 έχδντα
1330 3171 1690 3244 ἀνθρώπινον.
1723 3173 1792 3226 Τὸ

1900 3200 2020 3239 ram
2068 3184 2206 3253 Deo,
2254 3198 2484 3254 quasque
2536 3182 2675 3238 nihil
2724 3182 2947 3235 humani
2993 3180 3260 3244 habeant;
3296 3184 3505 3246 tertia,_

197 3269 256 3324 δὲ
291 3270 510 3341 τρίτον,
550 3268 680 3322 ὅταν
726 3285 811 3332 τις
850 3269 908 3321 ἐν
947 3267 1200 3337 ὑποταγῇ
1251 3264 1551 3337 καθέζηται
1594 3265 1792 3336 πατρὸς

1902 3278 2121 3350 quando
2155 3276 2279 3348 quis
2309 3278 2365 3330 in
2404 3275 2751 3345 subiectione
2782 3273 2959 3344 patris
2989 3272 3296 3342 spiritualis
3329 3270 3487 3325 sede-

197 3358 614 3430 πνευματικοῦ,
651 3358 745 3413 καὶ
774 3358 939 3410 πᾶσιν
969 3356 1349 3426 ἀποτάσσηται
1375 3358 1490 3419 τοῖς
1534 3356 1685 3419 ἰδίοις
1713 3355 1792 3410 θε-

1905 3372 2010 3437 rit,
2069 3369 2395 3439 cunctisque
2451 3367 2569 3422 suis
2629 3363 3026 3420 renuntiaverit
3088 3362 3481 3417 voluntatibus.

197 3450 470 3522 λήμασιν.
502 3449 656 3520 Ἔχει
680 3448 739 3503 δὲ
757 3443 914 3512 οὗτος
934 3449 1033 3501 ἕνα
1057 3449 1322 3517 στέφανον
1344 3450 1624 3520 περισσόν.
1661 3449 1792 3518 Ἐγά

1902 3461 2270 3531 Consequitur
2294 3466 2475 3513 autem
2502 3457 2591 3511 bic
2617 3456 2874 3510 eximiam
2905 3469 3187 3509 coronam.
3216 3451 3333 3523 Ego
3356 3465 3511 3506 vero.

195 3542 256 3596 δὲ
287 3542 392 3596 τὴν
415 3540 706 3595 ἀσθένειαν
731 3539 1047 3613 ᾑρησάμην.
1628 3602 1631 3607 ι

1906 3554 2280 3609 infirmitatem
2312 3552 2472 3623 elegi.

558 3655 701 3724 Περὶ
745 3655 855 3710 τοῦ
893 3653 1045 3710 ἁόϐᾶ
1106 3655 1465 3722 Ἰλαρίωνοᾳ

2382 3664 2468 3727 De,
2488 3663 2675 3716 abbate
2706 3661 3007 3716 Hilarione.

275 3771 612 3846 Παρέϐαλεν
639 3772 668 3825 6
698 3769 873 3834 ἁϐϐᾶς
916 3768 1163 3843 Ἰλαρίων
1195 3768 1302 3822 ἀπὸ
1332 3769 1697 3840 Παλαιστίνης
1725 3770 1805 3830 εὶς

202 3867 268 3925 τὸ
297 3868 455 3940 ὅρος,
483 3866 625 3937 πρὸς
657 3864 748 3919 τὸν
778 3863 955 3918 ἀϐϐἄν
1000 3861 1304 3917 Ἄντώνιον.
1341 3863 1452 3916 Kal
1481 3862 1626 3932 λέγει
1656 3862 1806 3932 αὐτῷ

205 3963 236 4015 6
262 3959 443 4022 ἀϐϐἄς
474 3954 791 4020 Ἀντώνιος·
828 3954 1025 4019 Καλῶς
1048 3950 1278 4026 ἦλθες,ὁ
1301 3953 1574 4025 ἑωσφόρος
1603 3957 1631 4008 6
1662 3953 1806 4026 πρωῒ

207 4045 552 4102 ἀνατέλλων.
590 4045 702 4098 Kal
748 4039 901 4097 εἶπεν
939 4042 1089 4114 αὑτῴ
1119 4044 1148 4097 6
1179 4044 1353 4109 ἀϐϐἄς
1394 4044 1668 4116 Ἱλαρίωνο
1713 4044 1806 4098 Ei-

210 4141 352 4211 ρήνη
386 4154 497 4201 σοι,
526 4139 557 4190 6
587 4136 776 4200 στύλος
810 4136 903 4189 τοῦ
936 4137 1135 4206 φωτὸς,
1171 4138 1199 4188 6
1217 4135 1314 4206 τὴν
1340 4135 1665 4207 οἰκουμένην
1695 4155 1808 4205 φω-

208 4229 378 4295 τίζων
413 4228 488 4281 ⁸⁸.

560 4341 705 4409 Περὶ
733 4339 840 4394 τοῦ
869 4338 1023 4395 ἀϐϐᾶ.
1067 4340 1470 4410 Ἰσχυρίωνος.

1979 3782 2090 3850 (58)
2130 3781 2313 3836 Abbas
2345 3778 2549 3832 Hilario
2577 3777 2724 3830 venit
2758 3791 2788 3829 e
2835 3773 3120 3828 Palaestina
3154 3773 3207 3825 in
3247 3781 3482 3826 montem

1908 3877 1976 3932 ad
2015 3877 2264 3929 abbatem
2295 3872 2611 3926 Antonium.
2638 3870 2729 3922 Ait
2750 3869 2797 3922 ei
2822 3868 2989 3922 abbas
3010 3866 3308 3920 Antonius:
3343 3863 3487 3919 Bene

1909 3972 2124 4029 venisti.
2171 3970 2386 4032 lucifer,
2438 3967 2531 4037 qui
2582 3980 2740 4019 mane
2789 3962 3043 4027 exoriris.
3083 3959 3267 4015 Abbas
3310 3967 3489 4013 autem
3578 3989 3597 4005 .

1908 4061 2115 4117 Hilario
2174 4060 2311 4115 dixit
2361 4059 2469 4114 illi:
2510 4056 2620 4110 Pax
2674 4055 2796 4119 tibi,
2848 4054 3106 4109 columna
3150 4051 3315 4117 lucis,
3359 4064 3503 4122 qua-

1911 4156 2187 4234 illuminas
2239 4153 2426 4208 orbem
2472 4158 2767 4205 terrarum.

2388 4332 2469 4387 De
2490 4330 2681 4385 abbate
2711 4327 3035 4399 Ischyrione.

283 4459 350 4512 οι
379 4457 533 4525 ἆγιοι
570 4456 814 4526 Πατέρες
846 4454 892 4486 ⁸³
920 4456 1333 4527 προεφήτευσαν
1368 4457 1495 4527 περὶ
1519 4457 1618 4527 τῆς
1646 4458 1792 4528 ἐσχὰη

1988 4449 2098 4521 (59)
2142 4448 2345 4505 Sancti.
2365 4445 2559 4501 Patres
2583 4443 2957 4515 praedixerunt
2986 4439 3053 4493 de
3084 4436 3274 4491 ultima
3309 4440 3489 4528 aetate.

214 4567 316 4620 της
347 4550 577 4618 γενεᾶς.
610 4547 677 4600 Τί
715 4546 1092 4618 εἱργασὰμεθα
1117 4549 1307 4618 ήμεῖςς
1339 4548 1503 4617 φασί.
1532 4549 1644 4602 Kal
1672 4550 1811 4603 ἀπο-

220 4642 432 4715 κριθεὶς
464 4633 549 4702 εἷς
584 4639 647 4705 ἐξ
684 4639 864 4694 αὐτῶν
901 4641 1073 4710 μέγας
1098 4640 1147 4673 ⁸³
1184 4640 1358 4705 ἀϐϐἄς
1400 4643 1699 4714 Ἰσχυρίιυ-ι,
1734 4639 1811 4697 εἷς

220 4753 322 4790 πεν
342 4752 359 4765 ο
398 4734 597 4802 Ἡμεῖς
633 4730 733 4795 τάς
772 4733 992 4796 ἐντολὰς
1011 4731 1107 4786 τοῦ
1136 4732 1274 4786 Θεοῦ
1301 4735 1660 4806 ἐποιήσαμεν.
1702 4738 1813 4791 Kal

223 4824 625 4897 ἀποκριθέντες
650 4818 835 4876 εἷπον·
870 4823 1022 4877 Οι-δὲ
1055 4823 1174 4894 μεθ’
1200 4825 1372 4895 ἡμᾶς,
1405 4826 1514 4896 ἄρα
1540 4826 1592 4879 τί
1624 4826 1813 4880 ποιοῦ-

227 4935 344 4985 σιν;
378 4896 501 4972 Kal
533 4912 658 4969 εἷπε
682 4931 695 4944 ·
744 4915 1045 4968 Μέλλουσιν
1089 4917 1170 4979 είς
1198 4916 1260 4969 τὺ
1293 4918 1466 4987 ἥμισυ
1508 4896 1601 4970 τοῦ
1651 4917 1811 4989 ἔργου

226 5008 383 5078 ἡμῶν
436 5007 716 5078 ἔρχεσθαι.
762 5006 874 5061 Kal
909 5002 1061 5061 εἷπον
1082 5024 1094 5038 ·
1139 5009 1202 5062 Oi
1236 5009 1293 5061 δὲ
1328 5010 1445 5080 μετ’
1461 5009 1684 5073 αὐτοὺς.
1719 5011 1772 5063 τί
1801 5026 1816 5076 ;

230 5097 393 5155 Εἶπεν
412 5119 425 5132 ·
466 5101 586 5155 Οὐκ
614 5098 829 5170 ἔχουσιν
871 5100 1007 5166 ὅλως
1038 5100 1197 5172 ἔργον
1226 5104 1275 5155 οἱ
1308 5106 1408 5174 τῆς
1448 5106 1641 5172 γενεᾶς
1668 5104 1814 5157 ὲκεί-

232 5212 326 5266 νης
349 5211 363 5226 ·
420 5193 609 5266 μέλλει
639 5192 699 5246 δὲ
734 5192 987 5264 ἔρχεσθαι
1036 5195 1217 5259 αὐτοῖς
1252 5198 1555 5268 πειρασμός
1583 5213 1599 5230 ο

1918 4543 2057 4611 Quid
2083 4541 2293 4614 operati
2325 4553 2516 4595 sumus
2544 4535 2685 4590 nos?
2716 4534 2990 4603 inquiunt.
3022 4530 3088 4584 Et
3122 4544 3266 4583 unus
3288 4544 3355 4584 ex
3383 4525 3493 4580 illis

1917 4650 2150 4706 magnus
2174 4633 2343 4688 abbas
2368 4629 2613 4700 Ischyrio
2636 4640 2963 4697 responsum
2996 4621 3185 4677 dedit:
3211 4618 3322 4674 Nos
3346 4632 3495 4672 man-

1916 4732 2044 4789 data
2090 4729 2187 4784 Dei
2235 4726 2562 4798 peregimus.
2591 4721 2976 4792 Exceperunt:
3013 4716 3118 4784 Qui
3169 4723 3352 4769 autem
3391 4725 3515 4766 nos.

1917 4825 2345 4893 subsequentur,
2375 4818 2504 4889 quid
2535 4815 2732 4872 facturi
2767 4812 2930 4868 sunt?
2949 4808 3039 4864 Ait
3064 4828 3076 4863 :
3102 4808 3183 4862 Ad
3205 4803 3498 4862 dimidium

1913 4916 2095 4988 operis
2154 4914 2327 4969 nostri
2374 4911 2711 4983 pervenient.
2752 4905 3226 4972 interrogaverunt
3273 4897 3452 4952 adhuc
3477 4911 3506 4955 :,

1914 5010 2017 5078 Qui
2065 5023 2190 5064 vero
2247 5012 2372 5076 post
2412 5005 2555 5064 illos,
2590 4997 2887 5071 quidnam?
2937 4993 3279 5065 Respondit:
3332 4990 3503 5045 Nullo

1918 5105 2075 5174 plane
2127 5114 2293 5170 opere
2345 5095 2751 5151 decorabantur
2791 5089 3040 5145 homines
3078 5088 3253 5143 aetatis
3308 5085 3491 5139 illius:

1645 5199 1739 5251 καὶ
1767 5200 1816 5253 οἱ
1916 5204 1972 5250 at
2001 5195 2251 5264 insurget
2289 5190 2347 5244 in
2380 5204 2476 5244 eos
2501 5185 2768 5250 tentatio;
2802 5182 3003 5253 quique
3035 5178 3190 5252 probi
3217 5176 3500 5233 invenien-

298 5350 345 5386 ⁷⁸
366 5351 454 5406 Al.
501 5350 663 5425 τινα.Δ
701 5350 780 5425 ,⁷⁸
829 5349 915 5425 ΑΙ.
960 5351 1096 5422 πρὸς
1132 5350 1595 5425 ἓνᾉπαξαμὰδιον.
1641 5354 1724 5410 vel
1764 5353 2095 5425 παξαμὰδιν.
2171 5344 2472 5425 '°_Al._':o_i3
2506 5342 2660 5412 ἁγίου
2725 5337 3081 5425 ἓνεύματος,
3143 5336 3219 5425 ἦν,
3248 5332 3460 5425 τιῇι

235 5423 546 5496 προσφορᾷ.
610 5421 666 5496 _°_'
700 5419 818 5496 bat.
853 5417 1132 5496 τάγματα.
1208 5423 1253 5455 “
1281 5417 1365 5479 Al.
1389 5417 1700 5496 βαστάζων.
1777 5425 1792 5458 ⁸

1904 5417 1939 5480 1’.
1972 5424 2144 5480 inser.
2180 5420 2280 5490 τῆς
2337 5417 2614 5487 Σκήτεως.

234 5477 474 5563 ὀῦόμᾶτιῖ
498 5477 578 5523 ἐν
610 5490 789 5546 Eccle.
822 5507 907 5557 nt,
936 5477 998 5547 Ϊ.

303 5629 417 5700 (57)
460 5627 568 5700 rit.
598 5626 754 5700 ξων.
792 5645 831 5693 1,
862 5629 917 5683 9.

306 5630 395 5700 (57
460 5630 568 5683 Vit.
598 5630 754 5682 Patr.
792 5645 831 5693 1,
862 5630 917 5683 9.

306 5630 418 5771 εἰὶεέ
464 5698 573 5755 Vit.
603 5696 756 5753 Patr.
788 5715 923 5766 xm,
961 5700 1015 5756 4.

2732 5348 3081 5422 Πνεῦματος,
3143 5348 3217 5417 εν,
3248 5348 3314 5406 τῃ
3367 5348 3511 5456 αγιῖ

2724 5411 2772 5444 ³⁸
2797 5410 2898 5466 Al.‘
2929 5423 3098 5466 mser.
3148 5423 3227 5477 τῳ
3276 5405 3375 5477 βίῳ
3405 5418 3483 5459 κα
3514 5451 3520 5457 .

1996 5626 2107 5701 (59)
2143 5624 2245 5681 Vit.
2280 5622 2431 5679 Patr.
2459 5637 2497 5689 ι,
2526 5618 2614 5674 14.
