3874 6342
401 347 508 401 243

1550 345 1882 402 APPENDIX
1925 343 2014 399 AD
2043 340 2463 400 PALLADIUM.

3555 331 3664 389 244

399 466 492 510 tur
526 456 618 513 illo
651 440 917 530 tempore,
949 459 1190 530 majores
1220 468 1274 514 et
1312 459 1470 515 nobis
1494 469 1546 514 et
1592 459 1846 516 Patribus
1877 476 1976 515 no-

2095 458 2464 529 εὑρισκόμενοι
2500 454 2709 524 δόκιμοι
2746 454 2804 507 ἐν
2837 451 2914 524 τῷ
2945 449 3121 521 καιρῷ
3153 449 3364 518 ἐκείνῳ,
3417 446 3663 512 μείζονες

402 549 540 608 stris
559 566 682 609 esse
699 554 1121 624 comperientur.

858 661 1191 734 Principium
1232 662 1425 718 litterae
1447 664 1515 717 Κ.

899 775 977 830 De
998 777 1184 831 abbate
1204 775 1483 832 Cassiano.

479 887 536 940 l.
574 885 685 955 (60)
709 885 963 939 Narravit
997 885 1167 940 abbas
1189 884 1514 939 Cassianus:
1566 882 1848 946 Venimus,
1879 897 1978 952 ego

407 988 462 1035 et
491 985 715 1036 sanctus
748 977 1073 1041 Germanus,
1121 979 1176 1032 in
1223 975 1518 1049 Egyptum
1573 975 1639 1029 ad
1686 974 1977 1046 quemdam

407 1085 616 1130 senem.
647 1069 840 1136 Quem,
891 1086 1016 1126 cum
1047 1072 1286 1141 hospitio
1318 1077 1565 1123 amanter
1602 1083 1703 1123 nos
1735 1069 1980 1138 excepis-

407 1169 514 1228 set,
544 1161 1033 1232 interrogavimus:
1061 1160 1241 1229 Quare
1266 1163 1320 1216 in
1345 1171 1586 1230 tempore
1617 1162 1980 1230 susceptionis

407 1254 639 1313 fratrum
667 1254 1102 1324 peregrinorum,
1134 1268 1381 1310 normam
1399 1252 1594 1322 jejunii
1618 1253 1813 1314 nostri,
1839 1253 1981 1307 sicut

407 1347 464 1407 in
519 1342 808 1400 Palaestina
840 1345 1174 1418 accepimus.
1207 1359 1320 1400 non
1355 1344 1705 1400 observatis?
1735 1343 1980 1415 Βοεροιι-

407 1435 518 1488 dit:
555 1431 829 1503 Jejunium
863 1449 1076 1503 semper
1106 1447 1318 1488 mecum
1346 1440 1459 1498 est;
1490 1447 1587 1486 vos
1609 1447 1738 1485 vero
1768 1447 1982 1501 semper

405 1541 621 1581 mecum
658 1527 891 1582 retinere
925 1541 1032 1580 non
1065 1540 1323 1596 possum:
1355 1538 1418 1579 ac
1441 1523 1709 1594 jejunium
1741 1524 1979 1593 quidem,

405 1619 510 1673 etsi
560 1617 709 1672 utilis
739 1633 828 1672 res
855 1617 925 1672 sit
960 1625 1122 1687 atque
1150 1616 1482 1677 necessaria.
1515 1624 1755 1670 attamen
1805 1632 1834 1668 a
1881 1633 1978 1671 no-

405 1717 524 1765 stra
550 1709 749 1780 pendet
778 1709 1056 1765 voluntate
1082 1726 1098 1777 ;
1145 1718 1200 1763 at
1225 1709 1511 1764 charitatis
1537 1709 1980 1780 adimpletionem

2083 549 2178 602 καὶ
2205 548 2361 621 ἡμῶν
2393 548 2485 601 καὶ
2507 546 2630 625 τῶν
2648 545 2906 616 Πατέρων
2935 541 3090 614 ἡμῶν
3107 539 3528 612 εὑρεθήσονται.

2534 659 2701 730 Ἀρχὴ
2747 656 2842 710 τοῦ
2885 659 2937 712 Κ
2982 652 3268 726 στοιχείου.

2418 773 2558 842 Περὶ
2586 772 2692 826 τοῦ
2729 769 2880 826 ἀϐϐᾶ
2913 769 3221 824 Κασιανοῦ
3249 768 3312 822 ⁸⁸.

2153 895 2220 942 α’.
2255 889 2565 958 Διηγήσατο
2585 884 2694 952 (65)
2717 883 2746 934 6
2777 881 2953 944 ἀϐὄᾶς
2983 879 3276 942 Κασιανδς,
3295 879 3378 932 ὅτι
3412 877 3667 950 Παρεσά-

2080 983 2245 1053 λομεν
2285 980 2393 1048 ὲγώ
2417 957 2484 1032 τε
2503 957 2623 1038 ’καὶ
2661 980 2689 1031 6
2735 977 2890 1044 ἅγιος
2937 973 3214 1048 Γερμανὸς
3254 973 3334 1034 εἰς
3363 971 3664 1040 Αἴγυπτον,

2084 1073 2221 1145 πρός
2252 1088 2371 1124 τινα
2421 1069 2672 1138 γέροντα.
2707 1065 2818 1120 Καὶ
2845 1065 3198 1134 φιλοξενήσας
3227 1064 3372 1134 ἡμᾶς
3405 1061 3669 1134 ἠρωτήθη

2085 1163 2214 1233 παρ’
2243 1162 2274 1228 ἡ
2285 1159 2398 1230 μῶν
2423 1176 2436 1188 ·
2469 1157 2626 1221 Τίνος
2659 1156 2848 1209 ἕνεκεν
2874 1156 2932 1207 ὲν
2965 1153 3043 1224 τῷ
3071 1151 3250 1223 καιρῷ
3275 1153 3373 1222 τῆς
3398 1151 3672 1221 ὑποδοχῆς

2083 1255 2192 1308 τῶν
2223 1253 2386 1317 ξένων
2417 1249 2681 1318 ἀδελφῶν,
2712 1249 2803 1302 τὸν
2835 1247 3034 1301 κανόνα
3069 1246 3169 1315 τῆς
3200 1245 3454 1316 νηστείας
3483 1247 3518 1315 ἡ
3528 1243 3668 1314 μῶν,

2083 1348 2159 1410 ὡς
2190 1347 2248 1398 ἐν
2279 1343 2615 1414 Παλαιστίνῃ
2653 1339 3056 1410 παρελάϐομεν,
3087 1340 3146 1392 ού
3183 1338 3517 1408 φυλάττετε;
3559 1337 3675 1392 Καὶ

2084 1437 2358 1510 ἀπεκρίθη
2405 1436 2612 1504 λέγων’
2683 1435 2746 1486 Ἦ
2797 1432 3022 1503 νηστεία
3091 1432 3319 1486 πάντοτε
3370 1431 3486 1500 μετ’
3531 1427 3673 1499 ἐμοῦ

2085 1533 2232 1585 ἐστιν
2257 1547 2270 1560 ·
2305 1529 2449 1599 ὑμᾶς
2482 1527 2538 1580 δὲ
2567 1525 2818 1596 κατέχειν
2851 1524 3081 1577 πάντοτε
3115 1521 3233 1593 μεθ’
3257 1519 3453 1575 ἑαυτοῦ
3487 1521 3550 1573 οὐ
3580 1520 3674 1573 δύ-

2085 1640 2256 1694 ναμαι
2276 1639 2288 1652 ο
2320 1621 2416 1675 καὶ
2443 1622 2475 1689 ἠ
2504 1620 2601 1690 μὲν
2622 1616 2843 1688 νηστεία
2874 1616 2968 1670 καὶ
3001 1614 3268 1686 χρήσιμόν
3290 1615 3408 1666 ὲστι
3433 1614 3673 1683 πρᾶγμα

2086 1717 2178 1769 καὶ
2211 1714 2527 1781 ἀναγκαῖον,
2561 1710 2662 1779 τῆς
2685 1709 2960 1779 ἡμετέρας
2997 1707 3055 1761 δέ
3099 1707 3217 1758 ἐστι
3248 1704 3628 1775 προαιρέσεως
3651 1718 3672 1741 ο

405 1818 476 1855 ex
506 1801 830 1858 necessitate
863 1803 1027 1872 exigit
1051 1800 1142 1856 Dei
1169 1803 1273 1857 lex.
1309 1801 1493 1879 Itaque
1519 1801 1573 1855 in
1617 1803 1771 1856 vobis
1813 1802 1978 1856 Chri-

2095 1809 2181 1879 τὴν
2215 1805 2272 1859 δὲ
2305 1808 2402 1875 τῆς
2429 1802 2648 1872 ἀγάπης
2684 1800 2963 1870 πλήρωσιν
3002 1798 3063 1863 ἐξ
3100 1799 3351 1868 ἀνάγκης
3384 1797 3616 1849 ἀπαιτεῖ
3643 1797 3674 1849 6

405 1902 553 1949 stum
589 1894 919 1964 suscipiens,
961 1895 1132 1950 debeo
1177 1897 1322 1949 omni
1351 1894 1533 1949 studio
1565 1905 1770 1950 etcura
1796 1910 1983 1964 prose-

407 1986 523 2058 qui.
555 1986 690 2042 Cum
721 1996 902 2042 autem
933 2003 1031 2044 vos
1059 1988 1342 2054 dimisero,
1374 1989 1613 2059 regulam
1640 1987 1831 2057 jejunii
1859 2002 1984 2056 pos-

407 2093 532 2136 sum
583 2095 932 2151 recuperare.
963 2080 1150 2150 Neque
1189 2081 1336 2136 enim
1367 2086 1600 2150 possunt
1631 2080 1724 2134 lilii
1759 2077 1982 2132 thalami

403 2168 674 2238 jcjunare,
707 2168 948 2238 quandiu
981 2183 1218 2238 sponsus
1248 2184 1372 2223 cum
1396 2169 1503 2224 illis
1536 2177 1658 2233 est;
1695 2177 1982 2238 postquam

405 2273 537 2313 vero
576 2274 814 2329 sponsus
840 2260 1057 2316 ablatus
1093 2259 1259 2315 fuerit
1285 2302 1298 2327 ,
1335 2270 1466 2316 tunc
1503 2274 1628 2325 cum
1662 2259 1877 2314 licentia
1902 2258 1984 2328 je-

403 2348 680 2417 junabunt
697 2350 763 2403 ⁸⁵.

573 2525 715 2580 Idem
765 2527 948 2580 retulit
985 2545 998 2581 :
1050 2525 1180 2581 Erat
1205 2528 1402 2600 aliquis
1437 2543 1630 2592 senex.
1660 2529 1746 2584 cui
1794 2537 1984 2585 sancta

406 2614 564 2684 virgo
596 2615 976 2671 ministrabat:
1009 2616 1258 2672 homines
1283 2629 1464 2672 autem
1494 2619 1778 2675 dicebant:
1806 2620 1985 2690 Impu-

406 2705 454 2758 ri
489 2715 637 2760 sunt.
675 2706 900 2761 Audivit
930 2722 1119 2763 senex.
1148 2708 1394 2779 Cumque
1433 2718 1579 2766 esset
1609 2711 1771 2765 morti
1803 2712 1987 2779 proxi-

407 2812 553 2860 mus,
610 2798 748 2851 dixit
789 2797 1045 2856 Patribus
1077 2819 1088 2853 :
1117 2799 1413 2871 Postquam
1457 2818 1487 2857 e
1515 2803 1621 2857 vita
1657 2802 1982 2872 migravero,

408 2889 652 2958 plantate
678 2889 932 2944 baculum
966 2905 1144 2945 meum
1171 2893 1224 2946 in
1256 2892 1537 2962 sepulcro;
1568 2894 1615 2948 si
1649 2895 1986 2964 germinave—

408 2981 502 3044 rit,
536 2979 885 3052 l‘ructumque
921 2985 1229 3053 protulerit,
1261 2985 1457 3040 discite
1491 3001 1689 3054 purum
1725 3001 1848 3041 esse
1902 3003 1986 3042 me

409 3073 480 3128 ab
512 3073 638 3142 illa;
689 3073 737 3130 si
786 3089 919 3130 vero
966 3091 1074 3128 non
1108 3077 1516 3145 germinaverit,
1553 3082 1867 3148 cognoscite
1901 3095 1984 3131 me

2085 1900 2178 1954 τοῦ
2211 1895 2347 1950 Θεοῦ
2380 1895 2563 1966 νόμος.
2599 1893 2687 1944 Ἐν
2708 1893 2836 1961 ὑμῖν
2863 1885 2956 1944 οὖν
2979 1888 3266 1959 δεχόμενος
3289 1887 3382 1940 τὸν
3410 1885 3671 1957 Χριστὸν,

2085 1987 2342 2063 χρεωστῶ
2380 1980 2518 2057 με’τὰ
2564 1983 2748 2053 πάσης
2793 1979 3131 2053 θεραπεῦσαι
3171 1977 3431 2048 σπουδῆς.
3494 1973 3670 2028 Ἐπὰν

2084 2081 2141 2135 δὲ
2170 2080 2316 2152 ὑμᾶς
2346 2076 2676 2149 προπέμψω,
2708 2074 2798 2126 τὸν
2841 2072 3044 2127 κανόνα
3085 2071 3184 2138 τῆς
3218 2069 3474 2141 νηστείας
3499 2065 3669 2121 δύνα-

2089 2191 2187 2246 μαι
2215 2168 2644 2241 ἀνακτήσασθαι.
2681 2166 2756 2220 Οὐ
2784 2165 3038 2218 δύνανται
3081 2163 3191 2234 γάρ
3219 2161 3334 2232 (64)
3364 2161 3413 2213 οί
3443 2158 3551 2211 υίο)⁵
3575 2155 3674 2210 τοῦ

2085 2263 2371 2334 νυμφῶνος
2399 2257 2679 2329 νηστεύειν
2701 2299 2714 2319 ,
2747 2255 2834 2323 ἐφ’
2876 2255 3000 2308 ὅσον
3024 2253 3216 2325 χρόνον
3240 2252 3269 2304 6
3293 2249 3526 2320 νυμφίος
3554 2246 3672 2319 μετ’

2086 2355 2266 2409 αὐτῶν
2302 2355 2483 2406 ἐστιν·
2516 2351 2642 2404 ὅταν
2685 2348 2740 2400 δὲ
2773 2346 2913 2417 ἀρθῇ
2958 2346 3003 2378 ⁸⁷
3038 2347 3066 2398 6
3105 2344 3357 2414 νυμφίος,
3390 2343 3512 2394 τότε
3551 2341 3671 2412 μετ’

2087 2446 2335 2512 ἐξουσίας
2365 2441 2764 2514 νηστεύσουσιν
2793 2440 2860 2494 ⁸⁸.

2160 2537 2223 2606 β’.
2276 2537 2334 2589 Ὀ
2369 2533 2529 2596 αὐτὸς
2574 2527 2727 2584 εἶπεν
2770 2528 2906 2598 (63),
2935 2529 3017 2581 ὅτι
3059 2523 3166 2580 Ἦν
3205 2543 3290 2588 τις
3327 2524 3528 2594 γέρων,
3575 2523 3669 2576 καὶ

2087 2627 2414 2698 ὑπηρετεῖτο
2445 2622 2551 2676 ὑπὸ
2591 2620 2755 2689 ἁγίας
2797 2617 3102 2687 παρθένου·
3158 2617 3253 2668 καὶ
3297 2615 3348 2666 ot
3397 2613 3670 2684 ἄνθρωποι

2059 2718 2303 2787 ,ελεγονο
2350 2716 2464 2770 Οὐκ
2506 2714 2611 2766 είσὶ
2659 2710 2909 2780 καθαροί.
2964 2708 3076 2762 Καὶ
3118 2707 3349 2780 ἣκουσεν
3398 2708 3428 2759 ὁ
3468 2706 3666 2773 γέρων.

2091 2813 2259 2865 Ὅταν
2285 2809 2342 2861 δὲ
2366 2806 2565 2880 ἤμελλε
2594 2805 2873 2874 τελευτᾷν,
2896 2797 3017 2855 εἷπε
3039 2803 3149 2863 τοῖς
3172 2800 3446 2871 Πατράσιν
3463 2815 3479 2829 ο
3506 2798 3674 2854 Ὅταν

2088 2902 2417 2972 τελευτήσω,
2463 2896 2766 2968 φυτεύσατε
2811 2894 2909 2965 τὴν
2939 2893 3133 2966 ῥάϐδον
3189 2908 3291 2962 μου
3332 2891 3412 2954 είς
3463 2889 3673 2959 τάφον·

2087 2995 2183 3048 καὶ
2215 2993 2310 3046 ἐὰν
2359 2990 2638 3062 βλαστήσῃ
2688 2988 2780 3044 καὶ
2814 2989 3015 3058 ποιήσῃ
3061 2984 3293 3054 καρπὸν,
3344 2982 3545 3053 μάθετε
3593 2981 3676 3036 ὅτι

2089 3085 2332 3157 καθαρός
2362 3087 2476 3154 εἰμι
2498 3085 2594 3138 ἀπ’
2645 3081 2853 3152 αὐτῆςο
2885 3081 2932 3133 εἰ
2961 3079 3018 3138 δὲ
3053 3079 3128 3149 μὴ
3172 3078 3448 3152 βλαστήσῃ
3478 3077 3550 3142 ⁸⁸,
3586 3094 3674 3147 γι·-

408 3181 533 3220 cum
553 3182 615 3222 ea
646 3166 964 3238 deliquisse.
998 3167 1233 3224 Baculus
1269 3169 1432 3240 igitur
1461 3171 1738 3240 plantatus
1768 3171 1888 3232 fuit,
1915 3185 1978 3224 ac

2095 3179 2315 3233 ιώσκετε
2361 3177 2443 3230 ὅτι
2477 3174 2744 3228 πέπτωκα
2788 3172 2906 3242 μετ’
2946 3170 3135 3240 αύτῆς.
3179 3169 3289 3222 Καὶ
3327 3167 3601 3238 ἐφυτεύθη
3641 3168 3676 3237 ή

411 3261 565 3315 tertia
594 3261 680 3316 die
701 3277 920 3333 germen
953 3262 1296 3333 fructumque
1317 3265 1592 3333 produxit.
1621 3264 1775 3320 Tune
1797 3283 1985 3322 omnes

2095 3271 2306 3342 ῥάϐδος,
2339 3270 2433 3321 καὶ
2461 3269 2527 3338 τῇ
2553 3267 2712 3338 τρίτῃ
2743 3264 2923 3334 ἡμέρᾳ
2958 3261 3279 3330 ἐϐλάστησε,
3321 3263 3418 3314 κα).
3445 3260 3676 3330 εποίησε

407 3353 848 3424 είοτίίίοὲνθτυηι
883 3354 1068 3409 θθιιιηο
2091 3363 2325 3434 καρπόν.
2358 3360 2470 3414 Καὶ
2504 3359 2705 3420 πάντες
2735 3355 2992 3422 ἐδόξασαν
3022 3355 3111 3408 τὸν
3137 3355 3286 3407 Θεόν.

481 3446 535 3500 5.
573 3445 684 3518 (61)
728 3445 873 3500 Dixit
919 3448 1153 3503 iterum:
1186 3446 1270 3502 Ad
1319 3449 1484 3503 alium
1543 3450 1876 3506 accessimus
1902 3467 1985 3504 se-

2159 3463 2228 3525 γ’.
2270 3451 2407 3508 Εἷπε
2436 3453 2619 3517 πάλιν,
2657 3453 2739 3507 ὃτι
2780 3449 3172 3522 Παρεϐάλομεν
3215 3449 3386 3519 ἑτέρῳ
3417 3449 3672 3519 γέροντι·

410 3553 570 3603 nem;
625 3539 720 3608 qui
767 3537 1100 3594 manducare
1153 3554 1253 3594 nos
1315 3540 1464 3596 fecit.
1524 3540 1763 3598 Satiatos
1805 3551 1985 3598 autem

2095 3551 2189 3603 καὶ
2219 3549 2475 3617 ἐποίησεν
2515 3547 2662 3617 ἡμᾶς
2688 3542 3007 3614 γεύσασθαι.
3048 3543 3424 3615 Προετρέπετο
3446 3541 3502 3594 δὲ
3528 3542 3677 3613 ἡμᾶς

407 3629 544 3696 jam,
598 3630 780 3683 cibum
818 3645 1033 3690 sumere
1067 3631 1411 3687 hortabatur.
1451 3632 1534 3687 Me
1573 3650 1702 3688 vero
1751 3635 1985 3696 dicente,

2095 3642 2468 3712 κορεσθέντας,
2489 3639 2568 3692 ἔτι
2589 3636 2910 3708 μεταλαϐεῖν
2931 3637 3156 3706 τροφῆς.
3188 3634 3352 3706 Ἐμοῦ
3380 3635 3436 3687 δὲ
3457 3634 3679 3706 εἰρηκό-

415 3739 526 3776 ιιοιι
567 3723 802 3793 amplius
857 3739 1040 3794 posse,
1095 3725 1416 3796 respondit:
1464 3726 1578 3798 Ego
1617 3728 1795 3782 sexies
1824 3727 1985 3785 adve-

2095 3750 2181 3797 τος
2229 3732 2430 3804 μηκέτι
2475 3729 2763 3790 δύνασθαι,
2805 3726 3113 3796 ἀπεκρίθη·
3161 3724 3302 3794 Ἐγὼ
3331 3725 3377 3756 ὀ
3408 3724 3598 3790 ἑξάκις
3626 3725 3674 3756 ﬂ

411 3815 692 3873 aientibus
747 3815 1008 3873 fratribus
1052 3833 1296 3872 mensam
1348 3822 1598 3891 apposui,
1650 3828 1703 3875 et
1743 3822 1985 3893 singulos

2095 3823 2554 3896 παραγενομένων
2584 3819 2827 3888 ἀδελφῶν
2843 3818 3127 3890 ,τράπεζαν
3163 3817 3354 3887 ἔθηκα,
3405 3817 3501 3869 καὶ
3543 3833 3679 3887 προ-

409 3907 674 3971 iuvitans,
709 3921 816 3960 una
863 3908 1097 3975 comedi,
1137 3909 1427 3988 adhucque
1477 3913 1681 3967 esurio.
1734 3910 1816 3965 Tu
1861 3927 1985 3969 vero

2095 3917 2426 3990 τρεπόμενος
2495 3915 2593 3966 ἕνα
2660 3912 2889 3965 ἕκαστον
2957 3909 3304 3981 συνήσθιον,ο
3337 3909 3433 3962 καὶ
3491 3908 3678 3978 ἀκμὴν

410 3998 517 4052 hoc
551 3997 720 4056 semel
770 3998 895 4060 cibo
941 4007 1122 4069 capto,
1161 4011 1317 4055 satur
1353 4019 1434 4067 es,
1476 4003 1613 4059 adeo
1649 4014 1706 4058 ut
1738 4020 1846 4065 non
1883 4021 1990 4059 am-

411 4089 554 4160 plius
577 4091 759 4145 valeas
791 4092 969 4145 edere.

484 4180 538 4236 4,
572 4179 684 4251 (62)
716 4181 861 4236 ldem
897 4185 1140 4236 narravit
1173 4185 1390 4245 iterum,
1439 4185 1583 4255 quod
1624 4185 1792 4239 abbas
1823 4184 1988 4238 Joan-

415 4290 516 4329 nes
545 4277 707 4328 homo
728 4277 912 4348 magni
943 4279 1180 4336 cmuobii
1227 4287 1425 4342 rector,
1471 4280 1773 4333 visitaverit
1821 4277 1996 4332 abba-'

2095 4009 2283 4064 πεινῶ.
2322 4005 2493 4066 Τοῦτο
2529 4003 2586 4058 δὲ
2618 4005 2682 4057 σὺ
2729 4002 2875 4068 ἅπαξ
2918 4000 3109 4071 φαγὼν
3150 3999 3322 4063 οὕτως
3353 3998 3676 4071 ὲκορέσθης,

2093 4103 2231 4158 ὥστε
2267 4100 2462 4171 μηκέτι
2494 4098 2688 4165 φαγεῖν
2715 4094 2996 4150 δύνασθαι.

2162 4188 2223 4240 δ’.
2275 4188 2585 4258 Διηγήσατο
2643 4185 2804 4239 πάλιν
2851 4188 2879 4238 6
2932 4185 3116 4249 αὐτὸς,
3164 4185 3245 4238 ὅτι
3283 4180 3599 4254 Παρέὸαλεν
3648 4182 3678 4233 ὁ

2094 4279 2266 4339 ἀϐϐᾶς
2315 4278 2567 4346 Ἰωάννης
2601 4275 2885 4346 ἅνθρωπος
2929 4274 3199 4334 κοινοϐίου
3233 4273 3538 4344 ἡγούμενος
3582 4287 3676 4340 με-

414 4379 524 4422 tem
556 4365 831 4433 Paesium,
855 4369 951 4438 qui
986 4385 1084 4438 per
1118 4385 1292 4424 annos
1327 4371 1688 4442 quadraginta
1724 4372 1778 4425 in
1807 4379 1992 4426 extre-

413 4475 504 4513 tua
550 4459 848 4517 solitudine
898 4462 1063 4528 vixit;
1116 4469 1170 4514 et
1219 4463 1346 4532 quia
1386 4481 1514 4534 erga
1575 4480 1698 4520 eum
1766 4466 1985 4520 multam

2097 4465 2276 4532 άγοντι
2307 4464 2398 4516 ἐπὶ
2430 4464 2527 4532 ἐτη
2557 4462 2991 4533 τεσσαράκοντα,
3020 4461 3115 4513 καὶ
3143 4461 3216 4523 ὼς
3246 4459 3383 4529 ἔχων
3416 4458 3552 4528 πρὸς
3581 4457 3678 4509 ait-

411 4553 650 4615 habebat
681 4553 1030 4618 cbaritatem,
1082 4555 1315 4625 indeque
1368 4558 1673 4614 libertatem
1710 4559 1985 4629 loquendi,

2097 4558 2190 4607 τὸν
2221 4554 2419 4626 πολλὴν
2456 4555 2696 4626 ἀγάπην,
2729 4555 2825 4608 καὶ
2851 4553 2949 4622 τὴν
2987 4555 3052 4605 ὲκ
3101 4551 3308 4620 ταύτης
3359 4549 3677 4622 παρρησίαν

411 4643 612 4699 dixerit
654 4645 742 4699 ei:
793 4645 932 4720 Quid
987 4645 1115 4700 boni
1167 4649 1350 4716 operis
1398 4649 1690 4719 designasti
1738 4649 1793 4703 in
1844 4659 1985 4704 tanto

2102 4642 2254 4700 εἶπεν
2282 4647 2460 4718 αὐτῷ’
2494 4648 2559 4700 Τί
2595 4649 2652 4701 ἐν
2675 4647 2915 4715 τοσούτῳ
2957 4645 3132 4716 χρόνῳ
3155 4642 3326 4707 οὕτως
3358 4642 3676 4713 ἀναχωρῶν,

415 4745 682 4807 tempore,
726 4736 800 4790 ita
827 4737 1114 4801 secedens,
1152 4755 1252 4794 nec
1284 4741 1352 4794 ab
1379 4740 1489 4795 ullo
1522 4741 1805 4796 hominum
1837 4741 1985 4798 facile

2103 4742 2196 4794 καὶ
2220 4740 2326 4794 ὑπὸ
2361 4741 2586 4813 μηδενὸς
2612 4738 2900 4811 ἀνθρώπου
2938 4738 3150 4808 ταχέως
3192 4735 3516 4807 ὀχλούμενος
3544 4753 3679 4790 κατ-

413 4828 818 4884 conturbatus?
846 4827 939 4884 Ille
963 4832 1076 4883 ait:
1116 4828 1194 4883 Ex
1228 4841 1338 4900 quo
1372 4831 1652 4886 solitarius
1683 4845 1828 4894 sum,
1854 4847 1985 4886 nun-

2101 4833 2396 4908 ὡρθωσας;
2441 4833 2501 4887 '0
2541 4833 2597 4886 δέ
2628 4851 2790 4905 φησιν
2815 4849 2829 4862 ·
2878 4834 2997 4902 Ἀφ’
3028 4825 3091 4885 οὗ
3125 4827 3523 4902 ὲμόνασα,ούδέ
3549 4827 3678 4880 ποτέ

2095 4372 2280 4440 γάλου,
2325 4371 2404 4441 τῷ
2451 4371 2597 4441 ἀϐὁᾷ
2654 4371 2900 4440 Παησίῳ,
2950 4371 3008 4422 ἐν
3052 4368 3328 4440 ἀκροτάτῃ
3363 4367 3555 4437 ἐρήμῳ
3601 4365 3678 4417 δι-

483 4985 530 5017 ³⁸
561 4984 822 5062 Marci",
1009 4987 1054 5018 ⁸⁸
1088 4985 1174 5062 Al.
1202 4987 1403 5062 Κ-αςισ.Δ
1529 4988 1612 5062 Al.
1639 4988 1856 5062 ἀπαρθῇ
1892 4991 1985 5062 ἀπ’

2095 4989 2218 5045 τῶν.
2298 4989 2342 5020 ⁸³
2376 4989 2462 5043 ΑΙ.
2510 4988 2882 5062 νηστεύουσιν.

411 5057 645 5128 καρπόν.
721 5059 766 5092 ⁹⁰
796 5058 880 5110 Al.
907 5057 1075 5110 inser.
1108 5057 1309 5111 λοιπόν.
1363 5059 1407 5089 ⁹¹
1434 5058 1516 5121 Al.
1553 5060 1721 5113 inser.
1749 5057 2045 5131 διαφόρων.

484 5171 596 5240 (60)
639 5168 745 5224 Vit.
779 5168 930 5240 Patr.
965 5169 1183 5236 mue;
1222 5170 1380 5227 Cass.
1415 5169 1554 5226 Inst.
1581 5170 1742 5231 v.24.

485 5239 598 5311 (6|)
636 5241 742 5294 Vit.
770 5239 924 5294 Patr.
954 5256 1071 5304 xui,
1112 5242 1178 5309 3;
1212 5242 1367 5296 Cass.
1414 5241 1549 5296 Inst.
1572 5259 1625 5301 v,
1652 5241 1742 5295 25.

486 5311 597 5379 (62)
637 5311 746 5370 Vit.
791 5311 940 5365 Patr.
974 5329 1050 5374 Iv,
1079 5313 1177 5378 24;
1206 5313 1367 5377 Cass.
1396 5311 1536 5369 Inst.
1575 5328 1628 5367 v.
1651 5313 1742 5365 27.

486 5385 596 5455 (65)
629 5381 982 5452 Διηγήσατο.
1016 5384 1084 5455 ln_
1109 5383 1330 5446 Pelagio
1355 5402 1368 5437 :
1400 5383 1553 5455 Dixit
1580 5381 1743 5436 abbas
1769 5381 1990 5455 cassia-

412 5451 532 5517 nus,
567 5451 692 5526 quia
715 5451 947 5526 venimus
974 5471 1007 5507 a
1053 5453 1351 5526 Pulmstina
1376 5453 1774 5526 in‘Egyptum.
1805 5451 1993 5526 Graece

412 5543 480 5580 cx
509 5522 642 5580 tut-is.
693 5527 729 5578 ἓ
775 5525 1015 5579 Colhert.
1046 5545 1059 5578 ε
1095 5522 1262 5578 Εἶπεν
1295 5528 1323 5577 6
1363 5522 1553 5587 ἀϐϐάς
1577 5522 1880 5586 ίΚασιανὸς,
1909 5523 1991 5575 ὅτι

411 5595 800 5667 παρεϐάλομεν
833 5596 940 5649 ἀπὺ
963 5595 1327 5667 Παλαιστίνης
1349 5598 1428 5667 εἰς
1455 5595 1752 5667 Αἴγυπτον.

485 5661 596 5735 (ιιι)
631 5661 713 5722 Ob
749 5667 1039 5721 δύνανται
1069 5664 1202 5735 γάρ.
1231 5661 1336 5721 etc.
1365 5661 1556 5720 Matth.
1580 5681 1656 5732 Ix,
1693 5665 1761 5719 15
1782 5681 1796 5731 ;
1821 5661 1986 5717 Marc.

411 5753 473 5802 ιι,
511 5738 594 5801 19,
626 5739 724 5801 20;
761 5739 960 5800 Luc.v,
997 5739 1087 5799 54,
1123 5737 1211 5791 55.
1234 5737 1312 5791 Ad
1349 5753 1470 5802 quae
1505 5738 1620 5790 loca
1656 5735 1849 5790 alludit
1869 5750 1995 5802 syn-

411 5753 473 5802 ιι,
511 5753 594 5801 w,
626 5753 724 5801 zu;
762 5753 960 5800 Luc.v,
997 5753 1087 5799 aa,
1123 5753 1312 5791 omne
1388 5753 1470 5791 uae
1505 5753 1620 5790 loca
1656 5753 1895 5790 auuatts
1937 5753 1995 5788 n-

411 5809 548 5872 odus
588 5807 643 5864 S.
699 5809 917 5864 l‘atricii
967 5824 1086 5881 cap.
1126 5806 1208 5875 li,
1241 5753 1384 5880 quod
1410 5808 1484 5862 ita
1505 5806 1796 5864 ediderunt
1830 5823 1840 5859 :
1872 5753 1998 5861 gap

2984 4989 3028 5020 ⁸⁸
3059 4989 3141 5041 Al.
3168 4986 3292 5041 add.
3337 4984 3432 5038 καὶ
3475 4985 3675 5056 ποιήσῃ

2095 5181 2267 5225 talum
2292 5173 2569 5237 utC'trtstt
2599 5174 2880 5226 adventum
2917 5170 3097 5236 sponsi
3137 5168 3312 5221 nullas
3362 5177 3508 5220 ratas
3545 5166 3676 5237 leges

2094 5244 2323 5296 inveniat
2369 5243 2586 5312 jejunit'.
2644 5243 2786 5308 Quid
2821 5252 2996 5297 autem
3027 5242 3164 5312 inter
3214 5237 3576 5312 Novatianutn
3625 5247 3674 5292 et

2096 5307 2459 5367 Christianam
2498 5307 2734 5373 interest,
2776 5315 2881 5368 nisi
2916 5311 3055 5382 quod
3097 5309 3433 5382 Nabatianus
3475 5307 3675 5382 indesi-

2097 5394 2298 5450 nenter,
2328 5384 2668 5439 Christianus
2697 5401 2814 5437 vero
2842 5379 2937 5452 per
2970 5393 3168 5450 tempus
3189 5379 3486 5452 abstineat;
3511 5379 3676 5452 πιλο-

2093 5471 2207 5516 cus,
2245 5448 2294 5510 et
2325 5467 2544 5524 tempus,
2580 5466 2629 5509 et
2654 5448 2880 5524 persona
2918 5471 3010 5524 per
3030 5448 3207 5524 οιηηία
3235 5449 3551 5524 observetur.
3567 5448 3676 5524 Ego

2093 5525 2391 5581 edidissem
2426 5517 2538 5579 'aut
2575 5517 2953 5580 emendassent
2991 5523 3322 5583 :Stamtunt,
3362 5532 3419 5572 ut
3477 5517 3678 5575 Christi

2094 5596 2370 5672 aduentus,
2399 5599 2598 5672 sponsi,
2634 5596 2810 5672 n_ullas
2845 5605 2992 5672 (atas
3023 5596 3158 5672 teges
3182 5593 3410 5672 inveniat
3424 5591 3637 5672 jejuni-1'.

2166 5667 2278 5738 (65)
2319 5668 2383 5719 '0
2421 5659 2599 5734 αὐτὸς
2626 5662 2816 5738 εἶπεν.
2841 5659 3091 5727 Consule
3114 5663 3371 5726 Ruﬁnum
3426 5659 3484 5726 in
3545 5659 3675 5722 Vitis.

2096 5736 2324 5794 Patrum
2348 5738 2444 5796 lib.
2471 5753 2553 5811 ιιι,
2581 5754 2636 5794 n.
2663 5737 2755 5793 24.
