3874 6352
232 307 346 363 245

1374 299 1977 357 APOPllT-HEGMATA
2011 301 2319 358 PATRUM.

3374 301 3484 358 2.56
3501 351 3517 359 κ

238 438 310 494 με
347 400 494 474 εἶδεν
536 424 566 476 ό
609 420 761 492 ⁴ἥλιος
814 421 1081 474 ἐσθίοντα.
1133 416 1271 474 Εἶπε
1321 420 1378 474 δὲ
1431 422 1526 475 καὶ
1573 424 1602 475 ὁ
1645 420 1818 484 assa;

1934 405 2080 491 tuam
2117 438 2202 476 me
2238 421 2374 475 vidit
2389 420 2475 475 sol
2503 418 2945 474 manducantem.
2982 417 3204 488 Excepit
3229 433 3361 472 vero
3390 420 3487 474 ab-

248 512 514 581 Ἰωάννης
533 529 547 545 ο
577 511 711 564 Οὐδὲ
738 510 838 581 ἐμὲ
869 510 1240 581 ὀργιζόμενον.

307 610 373 657 ε’.
415 602 622 656 Τοῦτον
665 603 756 655 τὸν
788 602 962 655 ἀϐὁᾶν
1006 602 1258 671 Ἰωάννην
1288 601 1414 672 περὶ
1441 601 1537 672 τὴν
1566 600 1818 671 τελευτὴν

239 694 392 760 ὄντα,
427 693 527 746 καὶ
573 692 914 763 ἐκδημοῦντα
963 692 1260 764 προθύμως
1305 694 1399 746 xai.
1447 693 1646 764 ἱλαρῶς
1684 693 1819 762 πρὸς

238 784 333 836 τὸν
378 783 536 848 Θεὸν,
588 783 904 837 ἐκύκλωσαν
951 785 1001 836 oi
1051 783 1290 853 ἀδελφοὶ,
1337 783 1612 848 ἀξιοῦντες
1663 783 1819 850 λόγον

238 875 366 927 τινά
391 873 658 945 σύντομον
687 876 780 928 καὶ
810 876 1076 946 σωτήριον
1109 878 1164 928 ἐν
1197 875 1400 947 κλήρου
1427 874 1576 941 τάξει
1601 874 1820 927 καταλι-

239 970 366 1019 πεῖν
423 967 648 1030 αὐτοῖς,
701 967 769 1019 δι’
816 959 878 1019 οὗ
941 967 1260 1038 δυνήσονται
1317 964 1570 1036 ém‘ﬁ'ﬁvat
1619 967 1716 1035 τῆς
1763 967 1820 1017 ἐν

239 1056 466 1130 Χριστῷ
496 1057 855 1128 τελειότητος.
897 1058 954 1111 Ὁ
983 1058 1039 1112 δὲ
1065 1058 1322 1124 στενάξας
1383 1058 1485 1129 ἔφη
1512 1076 1525 1089 ·
1554 1057 1822 1110 Οὐδέποτε

239 1149 480 1222 ἐποίησα
519 1150 582 1202 τὸ
621 1150 753 1203 ἴδιον
793 1149 1036 1221 θέλημα·
1081 1151 1200 1204 οὐδέ
1246 1168 1368 1204 τινα
1415 1150 1649 1216 ἐδίδαξα,
1686 1150 1822 1219 ὅπερ

238 1241 515 1313 πρότερον
553 1242 652 1295 οὐκ
686 1242 938 1312 ἐποίησα.

316 1340 392 1397 ς’.
455 1334 768 1404 Διηγήσατο
824 1334 984 1394 πάλιν
1043 1335 1173 1405 περὶ
1219 1332 1408 1404 ἐτέρου
1457 1334 1713 1404 γέροντος
1765 1334 1822 1386 ἐν

241 1424 446 1494 ἐρήμῳ.
473 1423 863 1493 καθεζομένου,
895 1424 975 1476 ὄτι
1009 1421 1350 1494 παρεκάλεσε
1379 1421 1468 1475 τὸν
1509 1421 1640 1474 Θεὸν
1677 1420 1825 1490 χαρί-

245 1513 446 1568 σασθαι
477 1513 650 1583 αὐτῷ,
684 1514 823 1567 ὥστε
856 1515 1126 1586 μηδέποτε
1151 1514 1407 1578 νυστάξαι
1453 1513 1614 1567 αὐτὸν
1643 1531 1823 1566 κινου-

245 1605 416 1676 μένης
463 1605 682 1674 ὁμιλίας
726 1607 1138 1677 πνευματικῆςο
1180 1609 1230 1660 εἰ
1259 1607 1317 1660 δέ
1368 1625 1450 1672 τις
1494 1607 1823 1672 καταλαλιᾶς

242 1697 279 1768 ἢ
324 1697 664 1767 ἀργολογίας
725 1697 918 1766 λόγους
969 1698 1252 1769 ἐπιιξέρει,
1308 1698 1468 1762 εὐθὺς
1523 1701 1603 1762 εἰς
1661 1699 1824 1751 ὕπνον

1914 513 2014 568 bas
2045 513 2284 569 Joannes
2307 533 2325 567 :
2355 510 2542 581 Neque
2576 527 2662 567 me
2695 511 2918 564 iratum.

1987 607 2038 660 5.
2083 605 2194 673 (66)
2233 604 2388 658 Ilmtc
2411 604 2658 658 abbatem
2705 601 2989 665 Joannem,
3027 617 3149 656 cum
3205 601 3306 655 sub
3340 615 3486 657 mor-

1916 706 2023 752 tem
2063 704 2228 759 esset,
2263 705 2317 750 et
2354 696 2606 750 alacriter
2635 696 2918 763 hilareque
2944 694 3010 748 ad
3054 692 3221 748 Deum
3264 693 3486 764 prolici-

1920 797 2187 851 scerelur,
2211 783 2685 838 circumdederunt
2710 781 3273 851 fratres,postulautes
3307 789 3365 834 ut
3403 783 3518 836 eis»

1919 876 2254 931 hmreditatis
2305 877 2423 930 loco
2465 889 2769 928 sermonem
2809 873 3116 944 quempiam
3170 872 3386 927 brevem
3422 885 3518 924 aco

1921 969 2212 1023 salutarem
2245 966 2594 1035 relinqueret,
2627 980 2724 1034 per
2759 980 2918 1033 quem
2960 969 3184 1033 possent
3205 961 3511 1032 pervenire.

1921 1060 1988 1114 ad
2034 1059 2423 1129 perfectionem
2476 1058 2530 1110 in
2581 1055 2818 1111 Christo.
2852 1056 2944 1109 l'lle
2968 1071 3094 1109 vero
3127 1055 3516 1126 ingemiscens:

1920 1153 2090 1208 dixit:
2126 1151 2411 1220 Nunquam
2478 1151 2578 1205 feci
2621 1165 2816 1203 meam
2849 1151 3220 1215 voluntatem;
3251 1163 3349 1202 nee
3387 1147 3487 1200 ali-

1923 1259 2080 1314 quem
2112 1244 2296 1307 docui,
2333 1243 2478 1312 quod
2513 1243 2664 1311 prius
2690 1256 2799 1295 non
2830 1240 3068 1296 fecerim.

1991 1337 2045 1390 6.
2089 1335 2200 1405 (6'7)
2230 1335 2430 1390 lterum
2463 1332 2706 1388 narravit
2733 1333 2800 1386 de
2827 1333 2934 1386 alio
2975 1347 3105 1387 sene
3154 1330 3245 1401 qui
3275 1333 3328 1384 iu
3365 1344 3488 1384 ere-

1923 1443 2013 1500 mo
2066 1426 2361 1488 residebat,
2416 1423 2564 1493 quod
2608 1423 2774 1477 Deum
2806 1424 3099 1493 rogaverit,
3153 1433 3210 1476 ut
3251 1425 3298 1476 ei
3353 1422 3491 1475 hanc

1925 1523 2151 1592 gratiam
2186 1520 2489 1575 conferret:
2525 1535 2592 1574 ne
2625 1533 2864 1587 unquam
2895 1527 3041 1570 moto
3071 1515 3342 1584 colloquio
3377 1514 3489 1583 spi-

1925 1612 2104 1668 ritttali
2140 1610 2495 1673 dormitaret;
2555 1609 2600 1661 si
2628 1622 2758 1662 vero
2802 1605 3154 1661 detractionis
3199 1605 3283 1658 vel
3328 1602 3498 1657 otiosi

1929 1704 2198 1761 sermonis
2230 1700 2502 1770 quispiam
2529 1699 2691 1754 verba
2722 1696 3009 1768 proferret,
3045 1697 3225 1750 statim
3262 1695 3314 1747 in
3346 1708 3494 1748 som-

243 1789 681 1860 καταφέρεσθαι,
744 1790 829 1842 ἵνα
887 1789 960 1860 μὴ
1020 1790 1096 1843 toﬁ
1153 1790 1393 1844 τοιούτου
1451 1790 1716 1860 γεύωνται
1767 1793 1824 1844 αἱ

1934 1811 2054 1851 num
2087 1793 2368 1859 incideret,
2394 1807 2506 1861 quo
2535 1789 2804 1860 ejusmodi
2848 1802 3114 1842 venenum
3144 1800 3249 1839 non
3281 1784 3494 1852 accipe-

242 1882 406 1933 ἀκοαὶ
452 1881 642 1934 αὐτοῦ.
693 1875 861 1946 Οὗτος
896 1883 954 1936 δὲ
986 1883 1164 1953 ἔλεγε,
1190 1884 1279 1937 τὸν
1304 1883 1547 1938 διάϐολον
1593 1883 1824 1938 σπουδα-

244 1973 377 2040 στὴν
424 1968 571 2026 εἶναι
614 1973 715 2042 τῆς
754 1973 1104 2044 ἀργολογίας,
1150 1975 1404 2046 πολέμιον
1437 1975 1493 2029 δὲ
1532 1976 1713 2045 πάσης
1743 1976 1824 2029 δι-

242 2061 550 2126 δασκαλίας
610 2065 1015 2134 πνευματικῆς·
1077 2065 1302 2134 τοιούτῳ
1367 2065 1644 2136 χρώμενος
1695 2066 1826 2118 ὑπο-

243 2151 537 2224 δείγματι’
582 2154 886 2220 Λαλοῦντος
917 2157 1025 2226 γάρ
1053 2173 1174 2226 μου,
1208 2157 1360 2228 φησὶ,
1397 2157 1523 2227 περὶ
1562 2155 1826 2226 ὠφελείας

243 2243 385 2312 πρὸς
417 2258 576 2305 τινας
613 2242 895 2312 ἀδελφοὺς,
927 2243 1166 2314 τοσούτῳ
1199 2243 1350 2314 ὕπνῳ
1396 2243 1550 2312 βαθεί
1569 2243 1826 2312 κατεσχέ-

243 2333 445 2402 θησαν.
474 2333 618 2387 ὥστε
653 2336 789 2406 μήτε
819 2336 886 2388 τὰ
908 2334 1150 2406 βλέφαρα
1177 2339 1344 2388 κινεῖν
1364 2334 1642 2388 δύνασθαι.
1685 2334 1825 2402 Ἐγὼ

241 2422 336 2480 οὖν
362 2425 540 2480 θέλων
577 2426 748 2493 δεῖξαι
773 2425 865 2480 τοῦ
911 2428 1162 2498 δαίμονος
1205 2427 1302 2499 τὴν
1335 2429 1632 2499 ἐνέργειαν,
1671 2427 1826 2496 λόγον

240 2517 582 2588 ἀργολογίας
629 2520 1037 2590 παρεισήνεγκα
1071 2537 1086 2550 ο
1139 2521 1223 2588 ἐφ’
1266 2514 1311 2588 ᾧ
1348 2520 1606 2591 χαρέντες
1654 2538 1826 2590 παρα-

239 2610 440 2680 χρῆμα
469 2609 750 2680 διένηψαν.
787 2608 1054 2675 Στενάξας
1091 2610 1148 2664 δέ
1189 2606 1343 2665 εἷπον
1365 2625 1378 2641 ·
1427 2612 1604 2682 Μέχρι
1646 2613 1826 2666 τοίνυν

240 2702 376 2767 περὶ
431 2699 703 2771 οὐρανίων
769 2699 1112 2770 πραγμάτων
1163 2699 1548 2770 διελεγόμεθα,
1606 2699 1825 2754 πάντων

242 2790 404 2860 ὑμῶν
446 2792 496 2843 oi
539 2789 811 2861 ὀφθαλμοὶ
846 2790 926 2862 τῷ
969 2789 1123 2862 ὕπνῳ
1174 2793 1513 2862 συνείχοντο’
1565 2793 1726 2864 ἡνίκα
1769 2792 1826 2846 δέ

241 2883 406 2950 λόγος
451 2881 620 2951 ἀργὸς
654 2881 845 2954 ἐρρύη,
899 2881 1098 2944 πάντες
1157 2885 1297 2954 μετά
1333 2883 1640 2956 προθυμίας
1679 2884 1826 2939 διαν-

241 2973 598 3044 έστητε.Διὸ,
631 2972 848 3042 ἀδελφοὶ
864 2975 932 3035 ⁸⁸,
957 2974 1277 3045 παρακαλῶ,
1303 2975 1567 3043 ἐπίγνωτε
1597 2974 1690 3028 τοῦ
1724 2993 1824 3028 πο·

241 3065 420 3138 νηροῦ
451 3065 707 3135 δαίμονος
751 3064 850 3136 τὴν
899 3066 1202 3135 ἐνέργειαν,
1249 3067 1343 3120 καί⁹
1389 3068 1602 3129 ἑαυτοῖς
1656 3084 1824 3138 προσ-

246 3159 427 3228 έχετε,
459 3157 854 3228 φυλαττόμενοι
885 3157 976 3210 τὸν
1006 3159 1335 3229 νυσταγμὺν,
1364 3158 1522 3230 ἡνίκα
1550 3175 1601 3210 τι
1625 3161 1826 3211 ποιεῖτε

244 3249 651 3320 πνευματικὸν,
687 3249 719 3320 ἢ
748 3248 995 3303 ἀκούετε.

315 3338 385 3403 ζ’.
427 3335 565 3391 Εῐπε
594 3338 779 3402 πάλιν,
808 3340 890 3392 ὅτι
913 3340 1282 3410 Συγκλητικός
1309 3358 1392 3403 τις
1408 3339 1829 3412 (earumea-

247 3430 437 3501 μενος,
493 3431 588 3483 καὶ
634 3430 702 3484 τὰ
749 3430 943 3484 ἐαυτοῦ
991 3433 1304 3503 ὑπάρχοντα
1355 3433 1546 3503 πένησι
1592 3433 1824 3496 διαδοὺς,

245 3523 644 3594 παρακατέσχε
681 3523 804 3576 τινά
827 3527 902 3586 εἰς
939 3523 1074 3577 ίδίαν
1102 3524 1421 3587 ἀπόλαυσιν,
1466 3524 1540 3596 μὴ
1571 3523 1829 3596 βουλόμε-

243 3631 339 3678 νος
384 3614 490 3685 τὴν
531 3616 597 3668 ἐκ
623 3615 722 3685 τῆς
749 3614 960 3678 τελείας
1002 3615 1282 3686 ἀποταγῆς
1326 3615 1683 3682 ἀναδέξασθαι
1730 3633 1828 3668 τα-

245 3707 709 3778 πινοιρροσύνην,
745 3709 840 3761 καὶ
870 3707 969 3778 τὴν
999 3709 1228 3778 γνησίαν
1271 3709 1547 3777 ὑποταγὴν
1578 3709 1670 3762 τοῦ
1719 3726 1831 3762 κοι-

244 3797 504 3852 νοδιακοῦ
545 3798 788 3861 κανόνος.
825 3799 966 3870 Πρὸς
997 3798 1055 3852 ὃν
1084 3802 1112 3852 ὁ
1137 3801 1194 3851 ἐν
1222 3799 1396 3868 ἁγίοις
1430 3798 1705 3863 Βασίλειος
1751 3800 1834 3852 λό-

245 3909 345 3960 γον
398 3890 786 3960 ἀπεφθέγξατο
834 3891 1107 3945 τοιοῦτονο
1160 3891 1269 3944 Καὶ
1327 3892 1420 3945 τὸν
1474 3892 1832 3962 συγκλητικὸν

245 3983 567 4048 ἀπώλεσας,
601 3984 699 4036 καὶ
731 3983 963 4054 μοναχὸν
1004 3984 1104 4036 οὐκ
1138 3984 1425 4054 ἐποίησας.

316 4083 388 4146 η’.
431 4073 570 4130 Εἷπε
602 4075 785 4138 πάλιν,
813 4077 895 4129 ὅτι
922 4070 1030 4128 Ἦν
1054 4092 1136 4138 τις
1160 4075 1390 4144 μοναχὸς
1413 4075 1578 4128 οἰκῶν
1601 4075 1659 4128 ἐν
1703 4091 1834 4144 σπη-

248 4171 388 4242 λαίῳ
426 4172 487 4224 ἐν
534 4172 764 4241 ἐρήμῳο
813 4171 908 4223 καὶ
952 4168 1195 4240 ἐδηλώθη
1240 4167 1388 4238 αὕτῷ
1433 4168 1537 4222 ὑπὸ
1565 4168 1672 4221 τῶν
1702 4185 1821 4236 συγ·

249 4261 426 4329 γενῶν
465 4260 610 4314 κατά
645 4262 845 4332 σάρκα,
874 4263 957 4314 ὅτι
1012 4261 1072 4313 '0
1101 4261 1284 4332 πατήρ
1327 4277 1420 4313 σου
1467 4259 1703 4330 ἰσχυρῶς
1743 4261 1832 4312 ἐν·

252 4352 514 4422 οχλεῖται,
561 4353 656 4404 καὶ
685 4351 867 4421 μέλλει
901 4351 1179 4422 τελευτᾷν,
1211 4351 1333 4404 ἐλθὲ
1363 4352 1450 4406 ἵνα
1494 4351 1835 4423 κληρονομή-

1923 1897 2044 1944 rent
2065 1900 2227 1939 aures
2259 1883 2398 1952 ejus.
2431 1882 2577 1937 Idem
2612 1879 2848 1942 dicebat,
2884 1877 3160 1932 diabolum
3190 1874 3495 1929 studiosum

1929 1997 2055 2037 esse
2082 1979 2246 2034 otiosi
2273 1976 2564 2041 sermonis,
2595 1974 2806 2028 hostem
2835 1986 2964 2024 vero
2985 1970 3164 2024 omnis
3194 1966 3501 2037 Spiritualis

1923 2073 2212 2137 doctrinm;
2246 2071 2348 2124 hoc
2373 2084 2505 2123 usus
2525 2066 2814 2135 exemplo:
2868 2062 2970 2128 Me,
3007 2061 3200 2131 inquit,
3245 2059 3309 2112 ad
3348 2074 3486 2111 non-

1925 2165 2103 2219 nullos
2127 2163 2320 2217 fratres
2353 2161 2608 2228 loquente
2638 2157 2703 2211 de
2727 2172 2783 2210 re
2812 2156 3007 2208 animae
3036 2153 3174 2211 utili.
3209 2150 3342 2204 adeo
3371 2164 3498 2219 pro-

1925 2256 2096 2310 fundo
2141 2269 2332 2308 somno
2377 2250 2626 2320 occupati
2655 2256 2802 2310 sunt,
2837 2255 2893 2300 ut
2926 2260 3025 2299 nec
3068 2244 3356 2314 palpebras
3382 2255 3498 2314 mo-

1923 2362 2049 2402 vere
2081 2352 2321 2417 possent.
2363 2343 2564 2398 Volens
2606 2342 2774 2410 igitur
2807 2354 2910 2407 ego
2940 2336 3201 2390 dwmonis
3223 2332 3497 2403 operatio—

1924 2455 2046 2494 nem
2097 2437 2408 2501 ostendere,
2463 2448 2768 2491 sermonem
2819 2441 3236 2502 supervaeaneze
3274 2423 3497 2493 loquelze

1923 2533 2146 2597 induxi;
2196 2530 2261 2584 ad
2316 2544 2471 2599 quem
2553 2526 2630 2580 illi
2687 2524 2900 2594 gavisi,
2951 2522 3094 2575 illico
3149 2517 3494 2587 evigilarunt.

1924 2624 2288 2695 lngemiscens
2313 2629 2494 2674 autem
2518 2617 2664 2671 dixi:
2698 2613 2950 2682 Quandiu
2985 2613 3152 2682 igitur
3171 2608 3237 2663 de
3265 2606 3499 2662 coelesti-

1925 2717 2028 2772 bus
2066 2715 2231 2769 rebus
2267 2711 2649 2771 disseruimus,
2677 2707 2918 2763 omnium
2952 2711 3192 2758 vestrum
3229 2697 3374 2753 oculi
3404 2697 3499 2751 ἀοι

1924 2807 2243 2863 tinebantur
2268 2818 2497 2867 somno;
2550 2807 2836 2871 postquam
2889 2812 3018 2851 vero
3049 2793 3260 2848 otiosus
3297 2788 3500 2844 efﬂuxit

1926 2913 2128 2961 sermo,
2163 2897 2349 2951 cuncti
2400 2908 2526 2948 cum
2577 2890 2861 2944 alacritate
2904 2884 3124 2942 excitati
3167 2883 3322 2937 estis.
3356 2878 3502 2946 Quo-

1926 2992 2092 3055 circa,
2120 2989 2335 3047 fratres.
2375 2987 2628 3047 obsecro,
2676 2979 2954 3052 agnoscite
2984 2976 3108 3030 mali
3134 2973 3392 3028 daemonis
3421 2970 3503 3025 in-

1929 3080 2298 3149 stigatiouem,
2326 3085 2380 3130 et
2414 3073 2674 3128 attendite
2707 3069 2862 3124 vobis
2903 3067 3060 3136 ipsis,
3094 3071 3350 3118 caventes
3371 3061 3501 3116 dor-

1929 3169 2264 3225 mitationem
2295 3210 2308 3232 ,
2349 3181 2471 3220 cum
2505 3160 2708 3232 aliquid
2740 3161 3020 3230 spirituale
3065 3155 3147 3208 vel
3188 3152 3389 3214 facitis,
3420 3151 3503 3204 vel

1932 3260 2153 3315 auditis.

1996 3353 2048 3405 7.
2095 3351 2206 3420 (68)
2237 3347 2378 3401 Dixit
2413 3347 2629 3400 iterum.
2676 3344 2818 3413 quod
2855 3350 3075 3396 senator
3105 3337 3323 3408 quidam
3378 3347 3502 3387 cum

1931 3443 2128 3500 satculo
2162 3441 2564 3501 renuntiasset,
2619 3446 2672 3488 et
2704 3435 2842 3487 bona
2889 3446 2986 3486 sua
3035 3427 3407 3483 distribuisset
3449 3423 3503 3475 iu

1931 3545 2219 3602 pauperes,
2255 3526 2500 3597 quaedam
2531 3525 2752 3576 retinuit
2785 3519 2850 3573 ad
2899 3533 3060 3572 usum
3095 3531 3277 3580 suum,
3311 3512 3507 3567 nolens

1929 3623 2290 3677 humilitatem
2320 3635 2351 3674 e
2379 3618 2618 3686 perfecta
2635 3610 3039 3667 renuutiatione
3067 3607 3504 3677 proficiscentem

1933 3716 2236 3785 suscipere,
2271 3723 2327 3766 ut
2351 3726 2452 3766 uec
2483 3709 2751 3764 sinceram
2783 3702 3116 3758 coenobiacaz
3149 3698 3347 3768 regula:
3376 3695 3507 3750 sub-

1927 3808 2248 3878 jectionem.
2281 3803 2358 3856 Ad
2415 3816 2572 3872 quem
2630 3806 2855 3852 sanctus
2908 3792 3143 3848 Basilius
3191 3787 3502 3856 bujusmodi

1933 3899 2158 3967 protulit
2192 3894 2517 3950 sententiam
2562 3889 2667 3944 :E't
2715 3895 3020 3942 senatorem
3052 3880 3354 3953 perdidisti,
3406 3894 3507 3932 nec

1933 3988 2158 4044 eifecisti
2207 3986 2558 4040 monachum.

2003 4081 2058 4135 8.
2095 4078 2298 4133 Retulit
2326 4084 2624 4147 praeterea:
2660 4071 2787 4124 Erat
2811 4055 3038 4139 quidam
3072 4063 3397 4126 monachus,
3450 4062 3505 4116 in

1934 4175 2195 4244 spelunca
2221 4169 2389 4225 eremi
2428 4166 2713 4229 habitans;
2747 4163 2836 4216 cui
2861 4161 2953 4231 qui
2990 4157 3281 4230 propinqui
3311 4169 3509 4211 secun-
3548 4145 3554 4152 ’

1935 4265 2065 4318 dum
2100 4277 2320 4316 carnem
2346 4268 2503 4314 erant
2536 4256 3012 4327 signiﬁcaverunt:
3042 4249 3202 4303 Pater
3228 4255 3354 4302 tuus
3382 4260 3508 4316 gra-

1935 4356 1988 4409 vi
2011 4355 2202 4410 morbo
2235 4353 2466 4411 laborat,
2491 4359 2683 4418 estque
2714 4363 2780 4402 ex
2820 4360 2886 4400 eo
2927 4341 3260 4404 moriturus;
3299 4337 3419 4392 veni
3449 4344 3510 4389 ut

255 4459 354 4515 σῃς
387 4445 574 4497 αὐτόν.
615 4445 674 4497 ’0
702 4443 760 4497 δέ
787 4443 1056 4516 ἀπεκρίθη
1092 4445 1227 4516 πρὸς
1261 4444 1490 4508 αὐτούς’
1547 4443 1688 4514 Ἐγὼ
1728 4446 1826 4516 πρὸ

1935 4447 2302 4502 bzcreditatem
2358 4441 2565 4514 capias.
2603 4441 2672 4493 At
2717 4438 2807 4492 ille
2859 4432 3178 4502 respondit:
3225 4429 3337 4498 Ego
3383 4436 3509 4480 ante

255 4540 464 4593 ἐκείνου
512 4537 783 4591 ἀπέθανον
811 4539 890 4608 τῷ
915 4538 1106 4608 κόσμῳ
1127 4555 1140 4568 ·
1173 4538 1366 4608 νεκρὸς
1403 4537 1580 4602 ζῶντα
1610 4538 1670 4592 οὐ
1698 4537 1830 4609 κλη-

257 4635 497 4704 ρονομεί.

323 4752 368 4783 ⁸³
401 4749 490 4804 Al.
526 4750 822 4822 ἀγαπητοί.

324 4907 462 4977 (65')
495 4905 906 4977 Σρτκλητικός
920 4922 1046 4977 -τις,
1073 4901 1405 4977 etc._Exstat
1434 4918 1500 4958 eo
1531 4900 1832 4977 deAgopho

259 4969 516 5046 thegmate
538 4969 1140 5046 epigrammaloannis
1176 4972 1515 5046 Geometrze,‘
1653 4969 1831 5046 Paro:

256 5041 389 5110 disi;
407 5041 589 5168 lquod'
620 5041 712 5100 liic
748 5043 970 5115 apponi,
1013 5042 1318 5106 emendari,
1369 5050 1534 5112 atque
1568 5041 1832 5095 illustrari

257 5135 402 5172 mere
433 5132 521 5172 ur.

325 5211 447 5263 Ὀτι
475 5210 516 5276 ἡ
539 5207 934 5275 ἀκτημοσύνη
963 5204 1119 5276 ἁγνὴ
1146 5205 1216 5258 ἐν
1242 5201 1548 5276 μοναχοῒς.

256 5274 284 5300 τ
327 5223 447 5263 "un
475 5223 516 5276 η
539 5223 934 5275 ακτημοσυυνη
963 5223 1119 5329 agar;
1146 5223 1216 5258 εν
1242 5223 1548 5273 μοναχοις.

275 5281 421 5335 Ηλθ⁸
441 5276 899 5345 ἀποταξάμενος
925 5294 1002 5329 xv
1044 5277 1286 5341 ἰστατος
1312 5275 1377 5339 ἐς
1402 5273 1633 5345 Σίιίιταν·Δ
1650 5271 1826 5340 ἁνήρ·

325 5350 436 5404 Kal
459 5347 620 5403 πολὺ
642 5340 844 5416 χρῆμα
875 5340 1077 5411 διδοὺς
1098 5340 1475 5416 κάλλιπεν-97
1486 5359 1545 5416 τι
1558 5340 1758 5416 μέρος.

259 5422 402 5475 Eure
417 5419 487 5472 δέ
502 5433 621 5484 τις’
642 5408 844 5470 παῖ’τύ
867 5417 1009 5485 πρὶν
1031 5408 1434 5485 ἀπώλεσααῷ
1448 5408 1607 5485 φίλε,
1625 5408 1829 5485 ἆιῦδρς,

331 5481 598 5558 Τερπγὸῦ·
635 5486 762 5552 ἐὸν,
790 5481 951 5541 καὶὸ
983 5485 1127 5552 δοὺς
1154 5485 1342 5556 (scrib.
1375 5481 1703 5553 όδοὺς)οὺκ
1732 5482 1835 5535 ἐπ-

1365 5551 1529 5625 [έϐης
1556 5553 1759 5607 ἀϐίων.

1453 5569 1529 5621 ης
1556 5569 1759 5607 autem

262 5651 371 5708 Hoc
398 5662 487 5708 est
519 5667 587 5707 ex
612 5666 735 5706 mea
765 5646 1214 5717 interpretatione
1246 5647 1312 5700 ad
1346 5644 1576 5700 verbum
1605 5661 1616 5696 :

263 5744 410 5808 Quod
439 5743 617 5812 inopia
646 5757 781 5811 pura
817 5754 928 5794 esse
958 5735 1138 5793 debeat
1171 5737 1222 5791 in
1260 5734 1550 5791 monachis.

1937 4556 2059 4596 eum
2123 4537 2327 4593 mundo
2384 4544 2632 4589 mortuus
2711 4545 2830 4584 sum
2894 4547 2906 4581 :
2970 4532 3219 4578 mortuus
3279 4520 3508 4574 viventis

1937 4632 2110 4685 haeres
2165 4644 2287 4684 esse
2338 4643 2442 4681 non
2481 4632 2674 4695 potest:

1954 4896 2105 4950 Venit
2140 4893 2348 4946 Scetam
2387 4905 2502 4940 cum
2534 4885 2728 4940 swculo
2771 4881 3124 4950 renuntiasset
3172 4873 3510 4950 v_ir_quidam

2964 4950 2983 5020 [
3003 4947 3437 5007 illustrissimus;

1942 5033 2231 5103 Multisque
2259 5029 2440 5099 opibus
2467 5026 2728 5096 elargitis,
2758 5021 2860 5076 sibi
2895 5014 3128 5089 aliquam
3151 5026 3354 5103 partem
3381 5014 3511 5103 reli-

3337 5086 3438 5138 itit.

1947 5174 2092 5231 Dixit
2125 5181 2301 5226 autem
2327 5183 2582 5224 nonnemo
2613 5182 2630 5219 :
2669 5164 2712 5218 Ο
2743 5162 2928 5221 amice,
2947 5169 2998 5213 et
3027 5159 3258 5239 priorem
3283 5085 3514 5239 gloriam

3193 5227 3438 5286 amisisti,

1941 5313 2072 5382 Qua:
2095 5310 2334 5382 jucunda
2371 5318 2518 5372 er-at;
2571 5323 2661 5382 nec
2713 5306 2972 5374 ingressus
3001 5317 3056 5354 es
3101 5227 3300 5382 in[vias
3329 5311 3512 5350 eorum

1944 5375 1980 5382 ’⁷
2095 5375 2110 5382 ⁷
2575 5375 2681 5448 [qui
2721 5381 3084 5444 paupertatem
3105 5375 3437 5494 pugnatur.

1941 5453 1998 5509 Id
2035 5461 2121 5509 est
2145 5452 2235 5506 hic
2258 5463 2310 5504 et
2333 5449 2485 5509 alibi,
2506 5447 2896 5501 monachorum
2919 5461 2933 5509 ;
2953 5498 2955 5500 ,
2973 5442 3128 5510 juxta
3223 5441 3420 5494 lossam
3451 5434 3514 5490 in

1943 5524 2147 5579 Nicelte
2177 5521 2481 5575 Acominati
2513 5518 2712 5574 Indice.
2742 5515 2905 5572 ἄὸιοι.
2935 5511 3177 5583 μοναχοί.

2014 5593 2126 5662 (66)
2162 5591 2266 5644 Vit.
2299 5590 2454 5662 Patr.
2487 5606 2523 5650 I,
2554 5587 2837 5662 10_;‘(lass.
2875 5579 3009 5662 Inst.
3041 5599 3095 5639 v.
3134 5579 3225 5662 28A.

2038 5646 2126 5727 6'7}
2171 5662 2274 5717 Vit.
2308 5661 2462 5714 Patr.
2494 5646 2569 5721 ιιι,
2605 5646 2710 5722 18ς
2747 5652 3075 5727 Cass._lnst.
3114 5667 3165 5712 v,
3313 5646 3422 5703 δικ

2038 5669 2126 5727 67)
2172 5669 2274 5717 Vit.
2308 5669 2462 5714 Patr.
2494 5675 2569 5721 xu,
2605 5669 2710 5722 18;
2747 5669 2900 5710 Lass.
2941 5669 3075 5706 Inst.
3114 5669 3165 5712 v,
3198 5669 3289 5710 zu,

2015 5669 2127 5806 ltili)
2167 5732 2270 5785 Vit;
2304 5731 2454 5785 Patr.
2487 5746 2562 5798 vn,
2592 5731 2658 5783 10
2681 5727 2872 5792 ',Cass.
2909 5722 3043 5778 last.
3074 5737 3168 5785 vn,
3212 5720 3296 5775 l9.
