3874 6308
283 265 400 324 259

1419 279 2030 338 APOPIITHEGMATA
2069 283 2380 342 PATRUM.

3492 287 3516 300 ..

3448 284 3556 344 2οο

283 401 543 456 γραπται
571 385 704 456 γὰρ,
748 389 828 442 ὅτι
886 388 1094 460 Ὁμοία
1133 391 1308 448 ἐστὶν
1347 396 1386 462 ἡ
1423 399 1714 462 ,βασιλεία
1759 401 1856 456 τῶι

1985 401 2170 456 Simile
2191 413 2268 456 est
2301 417 2516 471 regnum
2561 399 2813 454 calorum
2855 399 3096 454 thesauro
3143 399 3451 454 abscondito
3497 403 3550 456 in

283 477 574 544 oirparér
605 480 890 548 θησαυρῷ
935 485 1321 554 κεκρυμμένῳ
1359 488 1431 542 ἐν
1481 491 1658 561 ἀγρῷ.
1711 495 1874 564 Λέγει

281 569 316 622 6
347 571 580 640 ἀδελφὸς
627 571 705 642 τῷ
747 573 962 644 γέροντι
983 593 998 606 ·
1043 579 1256 634 Οὐκοῦν
1301 583 1460 646 ἐκτὸς
1499 587 1746 655 καμάτου
1770 605 1876 642 σω-

285 663 530 733 ματικοῦ
589 665 650 718 ού
699 667 998 736 προκόπτει
1041 668 1326 740 ἄνθρωπος
1373 673 1455 738 είς
1485 693 1605 730 τινα
1665 680 1868 750 τιμήν;

279 754 456 823 Λέγει
483 755 634 826 αὐτῷ
657 759 686 810 6
709 757 888 829 γέρων
909 775 924 792 ι
955 760 1104 824 Τέως
1131 762 1437 831 γέγραπται
1457 783 1470 796 ·
1511 766 1872 836 Ἀφορῶντες

279 849 376 912 είς
414 847 526 900 τὸν
545 847 658 916 τῆς
685 851 947 916 πίστεως
979 852 1252 922 ἀρχηγὸν
1275 855 1374 908 καὶ
1407 859 1730 926 τελειωτὴν
1768 860 1871 926 Ἰη-

279 935 468 998 σοῦν,
505 936 576 1004 ὃς
603 939 736 993 ἀντὶ
764 939 874 1008 τῆς
905 942 1298 1011 προκειμένης
1329 942 1490 1010 αὐτῷ
1521 945 1709 1014 χαρᾶς
1757 951 1871 1002 ὐπ-

277 1030 488 1099 ἐμεινε
512 1036 800 1102 σταυρόν.
833 1037 944 1089 Καὶ
981 1038 1141 1092 πάλιν
1185 1039 1346 1092 Δαϐὶδ
1395 1039 1574 1108 λέγει’
1608 1043 1676 1094 Et
1699 1040 1870 1094 δώσω

277 1123 490 1178 ὕπνον
527 1126 653 1190 τοῖς
681 1129 1014 1199 ὀφθαλμοῖς
1053 1149 1192 1200 μου,
1227 1131 1329 1188 καί
1371 1133 1496 1200 τοῖς
1534 1134 1868 1202 ,βλεφάροις

275 1233 400 1284 μου
429 1223 812 1288 νυσταγμόν·
857 1222 952 1273 καὶ
977 1223 1045 1274 τὰ
1072 1223 1222 1292 ἑξῆς.

353 1315 416 1362 ε’.
445 1301 614 1364 Εἶπεν
635 1315 664 1365 ὀ
687 1313 860 1377 ἀϐϐᾶς
885 1315 1132 1385 Κρόνιος,
1149 1317 1228 1368 ὅτι
1248 1317 1554 1388 Διηγὴσατο
1569 1319 1700 1389 ἡμῖν
1727 1320 1754 1371 6
1771 1319 1868 1372 ἁϐ-

277 1401 384 1466 65;
427 1404 626 1476 Ἰωσὴφ
657 1406 684 1456 6
707 1407 800 1459 τοῦ
831 1407 1148 1477 Πηλουσίου,
1179 1411 1260 1464 ὅτι
1287 1409 1610 1480 Καθημένου
1653 1429 1753 1482 μου
1787 1416 1866 1479 είς

275 1494 342 1547 τὸ
385 1497 541 1558 Σινᾶ,
573 1494 642 1568 ἦν
677 1501 794 1552 ἐκεῖ
821 1500 1046 1570 ἀδελφὸς
1087 1503 1249 1566 καλὸς
1287 1505 1382 1556 καὶ
1417 1505 1682 1576 ἀσκητὴς,
1731 1505 1868 1560 ἀλλὰ

277 1589 376 1640 καὶ
419 1589 566 1642 κατὰ
605 1590 668 1642 τὸ
703 1590 858 1661 σῶμα
900 1594 1132 1664 εὐειδής·
1180 1595 1272 1647 καὶ
1307 1597 1506 1666 ἤρχετο
1549 1599 1630 1660 είς
1655 1597 1752 1668 τὴν
1776 1599 1867 1650 ὲκ-

275 1681 516 1750 κλησίαν
551 1684 632 1746 είς
651 1682 748 1754 τὴν
781 1685 1015 1750 σύναξιν,
1051 1687 1234 1758 φορῶν
1271 1689 1616 1760 πολύῤῥαφον
1641 1691 1734 1744 καὶ
1778 1711 1866 1763 μι-

1977 511 2106 564 agro
2129 495 2170 546 '.
2209 493 2406 548 lterum
2455 492 2624 546 frater
2673 492 2788 546 seni
2830 490 3009 563 :Ergo
3040 492 3245 564 absque
3273 495 3550 564 corporali

1977 583 2160 636 labore
2207 599 2317 638 non
2361 582 2608 650 procedit
2639 581 2804 636 homo
2853 582 2919 636 ad
2954 582 3156 652 aliquid
3188 583 3457 638 honoris?
3485 581 3551 638 Et

1977 689 2140 728 senex
2163 691 2175 726 :
2205 671 2402 742 Utique
2429 673 2692 742 scriptum
2716 681 2799 726 est
2823 691 2836 726 :
2857 673 3179 743 Aspicieutes
3203 674 3256 726 in
3281 683 3549 728 auctorem

1974 766 2122 834 ﬁdei,
2147 773 2196 818 et
2231 774 2706 818 consummatorem
2751 761 2958 830 Jesum,
3017 765 3106 834 qui
3131 766 3398 834 proposito
3445 765 3547 820 sibi

1971 859 2166 928 gaudio
2191 857 2441 910 uariauit
2475 872 2680 908 crucem
2709 855 2750 910 ³.
2793 857 3114 926 Rursusque
3156 855 3323 912 David
3374 855 3540 916 dicit:

1973 947 2030 1002 Si
2051 949 2240 1002 dedero
2265 965 2506 1002 somnum
2532 947 2700 1000 oculis
2725 949 2875 1012 meis,
2892 959 2942 1002 et
2967 948 3231 1018 palpebris
3265 952 3394 1006 meis
3418 951 3544 1006 dor-

1971 1042 2300 1096 mitationem
2324 1041 2342 1070 δ
2375 1047 2428 1094 et
2457 1056 2578 1110 quae
2613 1049 2934 1110 sequuntur.

2042 1305 2070 1322 υ

2160 1304 2336 1360 Verba
2398 1307 2612 1363 abbatis
2676 1307 2880 1362 Cronii.
2947 1307 3025 1362 Ita
3081 1310 3323 1366 narravit
3381 1311 3540 1370 nobis

1967 1398 2135 1453 abbas
2187 1397 2390 1471 Joseph
2439 1399 2640 1454 Pelusii
2687 1419 2701 1454 :
2747 1399 2880 1453 Cntu
2930 1401 2985 1454 in
3040 1399 3170 1456 Sina
3221 1403 3536 1472 residerem,

1967 1496 2083 1542 erat
2113 1487 2222 1542 illic
2253 1487 2422 1544 l'rater
2457 1490 2750 1558 praeclarus
2783 1497 2836 1543 et
2867 1490 2920 1544 in
2946 1491 3054 1546 vita
3089 1495 3324 1548 ascetica
3361 1493 3542 1549 excel-

1965 1581 2104 1646 lens,
2135 1589 2394 1650 praeterea
2432 1596 2659 1650 corpore
2690 1583 2992 1650 speciosus.
3029 1584 3078 1638 ls
3105 1599 3228 1638 cum
3269 1585 3323 1638 in
3361 1587 3540 1640 eccle-

1968 1675 2106 1732 siam
2143 1675 2210 1729 ad
2241 1675 2489 1745 synax-im
2512 1675 2742 1740 veniret,
2781 1677 3026 1746 gestabat
3051 1693 3274 1748 parvum
3298 1693 3362 1732 ac
3384 1688 3540 1734 vetus

277 1749 414 1842 296v
447 1749 718 1846 μαφὸριον
747 1749 1007 1832 παλαιύνς
1030 1749 1136 1834 Καί
1170 1780 1389 1851 θεωρῶν
1411 1749 1578 1835 ἀἰτόν
1611 1749 1856 1848 καθάτταξ

1968 1765 2310 1834 maphorium
2361 1764 2580 1834 plenum
2633 1768 2862 1822 suturis.
2892 1765 3062 1832 Quem
3096 1769 3264 1824 semel
3311 1768 3540 1826 intuitus

273 1865 454 1930 οὕτως
475 1869 557 1929 εἰς
583 1867 682 1938 τὴν
719 1868 936 1936 σύναξιν
963 1873 1270 1942 ἐρχόμενον,
1301 1873 1444 1941 λέγω
1474 1875 1650 1946 αὐτῷ·
1691 1877 1864 1929 Ἀδελ-

277 1953 368 2022 φὲ,
409 1955 474 2007 οὗ
511 1955 732 2025 βλέπεις
769 1961 892 2022 τοὺς
923 1959 1206 2029 ἀδελφοὺς,
1237 1961 1355 2024 πῶς
1382 1965 1518 2014 είσιν
1542 1963 1617 2026 ὡς
1641 1963 1862 2032 ἄγγελοι

273 2049 356 2110 είς
373 2047 480 2119 τὴν
509 2047 730 2112 σύναξιν
762 2051 820 2101 ὲν
843 2053 907 2121 τῇ
937 2051 1230 2122 ἐκκλησίᾳ;
1257 2051 1372 2116 πῶς
1412 2053 1477 2106 σὺ
1517 2055 1744 2110 πάντοτε
1767 2053 1861 2106 οὖ-

271 2153 385 2202 τως
413 2139 550 2212 ἔρχῃ
577 2133 676 2193 ὧδε
693 2140 775 2206 9’;
815 2141 875 2194 Ὀ
902 2143 958 2195 δὲ
995 2141 1118 2213 ἔφη·
1143 2144 1506 2214 Συγχώρησόν
1546 2161 1654 2214 μοι,
1695 2145 1858 2210 ἀϐϐᾶ,

271 2231 358 2286 δτι
401 2235 506 2285 οὐκ
545 2233 652 2302 ἔχω
686 2233 842 2288 ἄλλα.
887 2235 1118 2288 Ἔλαὸον
1149 2231 1242 2288 οὖν
1273 2237 1436 2288 αὑτὸν
1475 2237 1534 2290 ἐν
1561 2235 1638 2306 τῷ
1667 2237 1860 2309 κελλίῳ

275 2341 402 2393 μου,
433 2325 530 2378 καὶ
563 2325 740 2379 ἔδωκα
769 2327 918 2398 αὐτῷ
949 2327 1211 2380 λεϐίτωνα
1249 2328 1344 2382 καὶ
1373 2330 1426 2382 ετ
1447 2345 1500 2382 τι
1535 2329 1664 2382 ἄλλο
1693 2329 1858 2402 ἔχρῃ-

272 2411 356 2477 ξε⁹
385 2415 484 2467 καὶ
525 2415 711 2486 ἐφόρει
745 2415 928 2471 λοιπὸν
955 2417 1030 2480 ὡς
1066 2418 1158 2471 καὶ
1191 2421 1240 2471 oi
1277 2417 1464 2471 lauto!“
1489 2419 1729 2488 ἀδελφοὶ,
1765 2422 1858 2474 καὶ¹

267 2499 338 2572 ἦν
383 2503 516 2556 ἰδεῖν
571 2505 730 2558 αὑτὸν
762 2505 838 2570 ὡς
883 2507 1132 2575 ἄγγελον.
1175 2509 1422 2577 Ἐγένετο
1452 2509 1508 2564 δέ
1535 2527 1664 2563 ποτε
1703 2512 1859 2583 χρεία

267 2595 384 2656 τοῖς
431 2593 738 2666 Πατρᾶσιν,
778 2597 1091 2651 ἀποστεῖλαι
1131 2598 1264 2654 δέκα
1310 2599 1572 2669 ἀδελφοὺς
1603 2601 1738 2672 πρὸς
1767 2602 1858 2654 τὸν

269 2683 504 2755 βασιλέα
544 2687 632 2740 διά
671 2703 793 2740 τινα
829 2689 1038 2760 χρείαν⁸
1069 2691 1163 2744 καὶ
1185 2691 1518 2761 ἐψηφίσαντο
1557 2691 1650 2744 καὶ
1697 2693 1856 2746 αὑτὸν

267 2777 414 2846 μετὰ
451 2777 564 2830 τῶν
609 2779 946 2848 ὑπαγόντων.
1003 2783 1091 2845 Ὡς
1123 2783 1180 2836 δὲ
1225 2783 1474 2853 ἤκουσεν,
1509 2783 1666 2838 ἔϐαλε
1703 2787 1858 2856 μετά-

265 2885 420 2922 νοιαν
439 2873 556 2932 τοῖς
577 2873 845 2942 Πατράσι,
876 2874 1069 2942 λέγων’
1099 2875 1198 2928 Διὰ
1221 2876 1312 2928 τὸν
1339 2875 1534 2947 Κύριον
1563 2879 1855 2950 συγχωρήο

267 2960 402 3013 σατὲ
431 2979 545 3032 μοι,
577 2963 660 3015 ὅτι
679 2963 862 3028 δοῦλός
883 2965 1000 3036 εἰμί
1025 2983 1168 3030 τινος
1197 2968 1432 3038 μεγάλου
1461 2969 1570 3021 τῶν
1603 2972 1737 3023 ἐκεῖ·
1763 2972 1856 3024 καὶ

265 3055 361 3110 ἐὰν
387 3055 638 3128 γνωρίσῃ
675 3073 760 3126 με,
798 3057 1229 3130 ἁποσχηματίζει
1265 3077 1353 3130 με,
1389 3061 1480 3114 καὶ
1514 3061 1670 3132 φέρει
1693 3061 1856 3115 πάλιν

263 3149 344 3206 εἰς
377 3147 442 3199 τὸ
475 3147 748 3202 δουλεύειν
781 3147 950 3218 αὐτῷ.
997 3151 1150 3203 Μετὰ
1187 3147 1279 3205 οὗν
1309 3153 1370 3204 τὸ
1403 3153 1690 3223 πεισθῆναι
1731 3155 1856 3218 τοὺς

261 3237 545 3310 Πατέρας,
597 3239 692 3292 καὶ
743 3240 958 3308 ἀφεῖναι
989 3241 1172 3306 αὐτὸν,
1203 3241 1402 3312 ἔμαθον
1441 3244 1664 3317 ὕστερον
1706 3247 1858 3319 παρά

261 3344 408 3390 τινος
442 3329 688 3399 ἀκριϐῶς
717 3331 1079 3402 ἐπισταμένου
1119 3333 1303 3396 αὑτὸν,
1340 3335 1420 3388 ὅτι
1466 3335 1552 3388 ὅτε
1595 3331 1662 3407 ἦν
1691 3337 1749 3388 ὲν
1777 3337 1855 3408 τῷ

262 3421 482 3489 κόσμῳ,
539 3421 780 3494 ἔπαρχος
838 3425 1186 3496 πραιτωρίων
1241 3427 1472 3498 ὑπῆρχε·
1517 3429 1614 3482 καὶ
1651 3431 1736 3483 ἵνα
1781 3431 1854 3501 μὴ

262 3513 510 3582 γνωσθῇ,
557 3515 652 3567 καὶ
679 3515 900 3584 ὄχλησιν
930 3515 1062 3588 εὕρῃ
1104 3519 1168 3570 ἐκ
1207 3519 1314 3571 τῶν
1339 3517 1659 3588 ἀνθρώπων,
1698 3521 1854 3575 τοῦτο

261 3605 696 3676 προεφασίσατο.
757 3608 1004 3679 Τοσαύτη
1055 3604 1122 3679 ἦν
1178 3611 1376 3682 σπουδὴ
1423 3615 1535 3675 τοῖς
1584 3612 1850 3683 Πατράσι,

263 3699 494 3770 φεύγειν
539 3699 640 3772 τὴν
679 3697 834 3763 δόξαν
885 3701 978 3752 καὶ
1018 3701 1120 3770 τὴν
1174 3701 1478 3756 ἀνάπαυσιν
1517 3701 1611 3755 τοῦ
1645 3705 1852 3774 κόσμου

261 3807 454 3843 τουτου
461 3829 478 3844 ο

661 4055 796 4124 Περὶ
821 4057 927 4110 τοῦ
955 4057 1104 4111 esse
1139 4059 1462 4126 Καρίωνος.

329 4175 398 4227 α’.
424 4165 598 4222 Εἶπεν
618 4171 646 4222 6
667 4169 840 4232 ἁὸὅᾶς
861 4171 1084 4241 Καρίων
1114 4173 1248 4244 (70),
1271 4173 1354 4225 ὅτι
1393 4174 1627 4238 Πολλοὺς
1649 4177 1849 4243 κόπους

261 4265 563 4335 ὲποίησαί,
621 4263 784 4316 πλέον
827 4264 920 4317 τοῦ
975 4265 1092 4317 υίοῦ
1125 4283 1224 4335 μου
1265 4267 1554 4338 Ζαχαρίου,
1607 4271 1699 4322 καὶ
1749 4272 1850 4325 οὐκ

1965 1855 2072 1912 hoc
2117 1857 2303 1912 habitu
2347 1866 2660 1927 pergentem
2695 1859 2762 1912 ad
2798 1859 3102 1922 collectam.
3133 1860 3256 1914 dico
3283 1859 3330 1916 ei
3367 1859 3542 1916 :Fra-

1966 1957 2069 2010 ter,
2107 1963 2288 2002 nonne
2314 1947 2466 2004 vides
2507 1949 2738 2013 fratres,
2771 1949 3042 2019 quomodo
3075 1951 3138 2005 ad
3193 1953 3441 2022 synaxim
3483 1953 3538 2008 in

1964 2040 2193 2096 ecclesia
2227 2041 2444 2096 adstant
2477 2042 2624 2116 velut
2668 2043 2887 2112 angeli?
2921 2043 3037 2108 Qua
3083 2045 3294 2098 ratione
3327 2053 3385 2097 tu
3422 2061 3540 2100 om-

1965 2132 2094 2186 nino
2143 2132 2250 2188 huc
2301 2133 2519 2188 accedis
2571 2134 2639 2186 ad
2695 2134 2842 2190 hunc
2887 2135 3146 2192 modum?
3175 2137 3242 2188 At
3286 2136 3374 2192 ille
3413 2137 3536 2190 ait:

1964 2224 2190 2294 Ignosce
2221 2224 2377 2290 mihi,
2401 2225 2564 2292 abba,
2593 2227 2730 2282 alias
2761 2235 2939 2282 vestes
2969 2243 3076 2282 non
3105 2229 3296 2282 habeo.
3321 2229 3542 2284 Assum-

1963 2317 2048 2387 psi
2094 2332 2226 2386 ergo
2263 2333 2386 2372 eum
2435 2319 2490 2372 in
2521 2319 2714 2374 cellam
2763 2335 2972 2384 meam,
3007 2327 3060 2374 et
3097 2320 3218 2374 dedi
3253 2321 3536 2376 levitonem

1961 2423 2088 2462 eum
2147 2410 2363 2464 caeteris
2433 2412 2636 2480 quibus
2697 2413 3019 2484 indigebat:
3077 2412 3216 2466 unde
3282 2411 3539 2481 deinceps

1961 2499 2184 2554 indutus
2229 2511 2345 2558 erat
2385 2503 2530 2556 sicut
2576 2502 2770 2572 reliqui
2807 2503 3037 2564 fratres;
3069 2514 3120 2558 et
3154 2518 3378 2558 cernere
3419 2510 3540 2556 erat

1960 2607 2083 2648 eum
2115 2593 2262 2648 velut
2307 2595 2580 2664 angelum.
2613 2593 2852 2666 Conligit
2909 2605 3088 2648 autem
3139 2595 3432 2663 aliquando
3477 2601 3538 2650 ut

1959 2699 2188 2740 necesse
2213 2693 2358 2740 esset
2385 2683 2641 2740 Patribus
2693 2687 2879 2740 decem
2915 2687 3111 2740 fratres
3149 2686 3214 2738 ad
3245 2687 3537 2756 imperato-

1959 2794 2073 2832 rem
2097 2779 2312 2832 mittere
2329 2777 2400 2832 ob
2419 2779 2638 2847 aliquod
2669 2780 2939 2848 negotium
2965 2795 2980 2842 ;
3018 2785 3180 2846 atque
3209 2779 3352 2832 hunc
3369 2779 3534 2832 etiam

1957 2869 2316 2924 decreverunt
2359 2885 2484 2924 cum
2531 2870 2654 2924 aliis
2691 2885 2932 2939 pergere.
2971 2871 3125 2936 Quod
3171 2871 3260 2926 ubi
3305 2870 3532 2934 audivit,

1957 2977 2140 3016 coram
2185 2960 2440 3018 Patribus
2477 2962 2772 3030 prostravit
2801 2977 2882 3022 se,
2907 2963 3096 3016 dicens
3129 2978 3144 3014 :
3175 2959 3402 3030 Pmpter
3431 2959 3536 3014 Do-

1959 3055 2200 3117 minum,
2249 3055 2516 3124 ignoscite
2563 3054 2732 3116 mihi;
2782 3069 2902 3108 sum
2951 3055 3095 3108 enim
3145 3053 3432 3124 cujusdam
3467 3067 3536 3108 ex

1957 3149 2096 3201 aula:
2127 3147 2446 3216 proceribus
2491 3162 2720 3212 servus;
2757 3148 2848 3216 qui
2899 3151 2942 3202 si
2989 3147 3270 3218 agnoverit
3299 3162 3403 3212 me,
3437 3147 3534 3200 hac

1959 3237 2072 3292 bitn
2123 3240 2377 3294 monachi
2425 3241 2716 3310 spoliabit,
2751 3249 3012 3312 cogetque
3063 3239 3130 3292 ad
3181 3242 3376 3296 iterum
3417 3255 3536 3296 ser-

1958 3329 2214 3384 viendum
2253 3332 2322 3385 ei.
2371 3329 2508 3385 Cum
2555 3331 2718 3400 igitur
2744 3328 2934 3384 Patres
2979 3331 3230 3399 persuasi
3271 3329 3532 3396 fuissent,

1955 3437 2020 3476 ac
2049 3421 2388 3476 dimisissent
2421 3437 2546 3477 eum
2567 3461 2580 3484 ,
2615 3429 2798 3492 postea
2833 3436 2928 3490 per
2961 3421 3249 3490 quemdam
3279 3421 3368 3474 cui
3401 3421 3536 3476 bene

1957 3523 2114 3568 nutus
2163 3523 2282 3568 erat
2324 3521 2748 3582 compererunt,
2784 3514 2928 3582 quod
2964 3514 3183 3584 quando
3231 3514 3286 3568 in
3335 3515 3535 3570 saaculo

1955 3605 2214 3674 degebat,
2249 3605 2537 3674 praefectus
2569 3605 2826 3672 praetorio
2865 3607 3198 3672 exsutisset;
3230 3621 3415 3660 verum
3465 3622 3535 3662 ne

1955 3707 2399 3766 cognosceretur,
2441 3705 2602 3766 atque
2651 3698 2952 3752 molestiam
2996 3713 3062 3752 ex
3098 3699 3406 3752 hominibus
3435 3713 3532 3752 ca-

1955 3797 2140 3858 peret,
2201 3788 2254 3841 id
2313 3797 2700 3858 praetexuerat.
2748 3787 2921 3842 Tanto
2974 3787 3165 3844 Patres
3212 3789 3534 3844 tenebantur

1954 3883 2135 3936 studio
2161 3881 2398 3950 fugiendi
2431 3891 2542 3934 tum
2565 3882 2816 3950 gloriam,
2839 3891 2950 3934 tum
2979 3882 3208 3950 hujusce
3237 3883 3424 3937 mundi
3447 3899 3532 3939 re-

1954 3976 2155 4043 quiem.
3047 3971 3054 3976 ’

2455 4067 2528 4120 De
2559 4067 2748 4120 abbate
2781 4065 3026 4121 Curione.

2025 4178 2072 4232 l.
2113 4178 2224 4246 (71)
2270 4177 2411 4231 Dixit
2447 4178 2617 4232 abbas
2647 4177 2810 4232 Cario
2841 4197 2854 4232 :
2891 4176 3061 4232 Multo
3096 4179 3280 4248 plures
3323 4180 3376 4233 in
3422 4181 3530 4234 vir-

1951 4277 2066 4322 tute
2111 4267 2328 4322 labores
2368 4269 2586 4338 suscepi
2621 4282 2784 4338 quam
2825 4267 2966 4322 ﬁlius
3013 4283 3163 4323 meus
3209 4269 3526 4334 Zacharias,

259 4355 472 4426 ἔφθασα
501 4359 584 4420 εἰς
621 4357 689 4410 τὰ
719 4357 892 4428 μέτρα
917 4357 1103 4422 αὑτοῦ,
1129 4360 1186 4410 ἐν
1209 4361 1276 4430 τῇ
1311 4359 1636 4414 ταπεινώσει
1669 4363 1760 4416 καὶ
1791 4365 1847 4418 ἐν

1964 4375 2051 4414 nec
2077 4360 2144 4414 ad
2161 4358 2283 4428 ejus
2309 4359 2626 4414 meritorum
2663 4373 2976 4413 mensuram
3008 4359 3246 4428 perveni,
3269 4359 3321 4412 in
3349 4361 3528 4414 humi-

257 4451 321 4520 τῇ
345 4451 530 4520 σιωπῇ
557 4447 746 4502 αὐτοῦ.

327 4537 396 4607 β’.
431 4537 630 4606 Γέγονέ
653 4555 734 4600 τις
762 4539 820 4592 ἐν
841 4541 906 4609 τῇ
935 4539 1132 4610 Σκήτει
1157 4541 1407 4610 μοναχὸς,
1429 4541 1603 4606 ἀϐϐᾶς
1623 4543 1846 4616 Καρίων

255 4629 575 4701 λεγόμενος.
605 4625 774 4693 Οὗτος
802 4631 1050 4702 ἐσχηκὼς
1075 4631 1170 4685 δύο
1201 4633 1386 4696 τέκνα,
1417 4635 1581 4697 ἐάσας
1612 4637 1748 4690 αὐτὰ
1775 4641 1842 4708 τῇ

259 4726 365 4796 ἰδίᾳ
393 4727 639 4794 γυναικὶ,
671 4723 1006 4794 ἀνεχώρησε.
1039 4724 1188 4778 Μετὰ
1225 4725 1282 4778 δὲ
1321 4729 1531 4796 καιρὸν,
1561 4729 1716 4800 λιμοῦ
1748 4746 1842 4798 γε·

253 4818 486 4888 πυθομένου
527 4819 586 4868 ὲν
619 4819 687 4886 τῇ
725 4816 1003 4888 Αἰγύπτῳ,
1049 4817 1372 4873 στενωθεῖσα
1409 4823 1440 4891 ή
1473 4821 1608 4892 γυνὴ
1657 4821 1841 4888 αὑτοῦ,

253 4902 414 4978 ἦλθεν
445 4911 506 4961 ἐν
535 4911 604 4978 τῇ
639 4909 834 4980 Σκήτει
861 4909 1099 4980 φέρουσα
1125 4910 1194 4964 τὰ
1223 4911 1314 4964 δύο
1354 4913 1542 4966 παιδία
1573 4913 1693 4984 μεθ’
1717 4916 1844 4968 ἑαυ-

253 4999 350 5074 τῆς
379 4996 472 5070 (ἦν
505 5001 564 5054 δὲ
587 5000 650 5053 τὸ
681 5001 738 5054 ἓν
763 5002 1051 5073 ἀρρενικὸν
1081 5003 1372 5072 λεγόμενον
1416 5005 1706 5076 Ζαχαρίας,
1747 5005 1842 5060 καὶ

255 5093 312 5144 τὸ
333 5091 392 5144 ἓν
415 5091 699 5162 θηλυκὸν),
735 5094 830 5145 καὶ
865 5091 1134 5146 καθίσασα
1163 5093 1442 5165 πόρρωθεν
1462 5093 1556 5148 τοῦ
1588 5093 1842 5164 γέροντος

253 5184 310 5234 ἐν
331 5183 414 5252 τῷ
441 5181 578 5234 ’ἐλειο
615 5182 736 5246 ’ἐλος
763 5183 874 5253 γὰρ
905 5184 1238 5255 παράκειται
1268 5186 1326 5238 ὲν
1355 5186 1421 5254 τῇ
1460 5184 1676 5254 Σκήτει,
1712 5183 1842 5238 ἔνθα

251 5275 344 5328 καὶ
391 5275 452 5328 αἱ
509 5273 798 5344 ἐκκλησίαι
847 5273 1244 5346 ᾠκοδόμηνται,
1281 5275 1378 5330 καὶ
1433 5275 1490 5328 αἱ
1523 5276 1698 5345 πηγαὶ
1733 5275 1841 5329 τῶν

319 5434 368 5467 θ’
405 5435 496 5487 Al-
541 5433 669 5488 add.
709 5433 916 5488 παλαιὰ
953 5435 1156 5504 φορῶν.

251 5518 436 5560 exul.
467 5507 528 5562 4.

319 5649 436 5718 (70)
481 5649 546 5702 '0
571 5647 757 5714 ἁϐϐᾶς
779 5650 1030 5722 Καρίων.
1065 5647 1330 5722 Corrupte
1375 5649 1518 5720 apud
1555 5647 1832 5722 Pelagium

253 5721 606 5792 interpretem
639 5729 864 5774 vocatur
901 5717 1188 5788 Serapion.

1270 5435 1288 5463 ¹
1344 5434 1430 5488 Al.
1463 5435 1634 5489 inser.
1675 5435 2040 5504 σωματικούς.

1878 4425 1922 4480 D
1951 4452 2105 4506 litate
2125 4425 2430 4508 et—silentio
2461 4451 2654 4520 ipsius.

2018 4543 2072 4597 2.
2113 4543 2224 4613 (72)
2261 4541 2482 4598 Exstitit
2517 4541 2570 4594 in
2609 4541 2756 4596 Sceti
2796 4541 3016 4610 quidam
3059 4539 3388 4604 monachus,
3429 4557 3528 4594 no-

1951 4635 2096 4690 mine
2134 4635 2304 4690 abbas
2327 4633 2510 4688 Cat-io.
2547 4633 2649 4686 IIic
2693 4633 2832 4686 duos
2863 4631 3064 4686 liberos
3099 4647 3220 4686 cum
3251 4633 3526 4701 suscepis-

1951 4735 2066 4792 set,
2107 4726 2420 4796 relinquens
2456 4739 2552 4778 eos
2589 4725 2744 4778 uxori
2779 4739 2917 4786 sua),
2958 4723 3024 4776 ad
3059 4723 3220 4776 vitam
3266 4725 3527 4776 monasti-

1950 4833 2070 4874 cam
2113 4817 2361 4874 secessit.
2411 4815 2604 4870 Postea
2655 4815 2796 4868 fante
2839 4831 2934 4886 per
2969 4813 3260 4884 ABgyptum
3311 4815 3526 4868 contin-

1947 4919 2130 4982 gente,
2159 4909 2226 4964 ad
2256 4909 2538 4978 angustias
2571 4906 2786 4960 redacta
2821 4923 2958 4960 uxor
2979 4907 3120 4976 ejus,
3155 4905 3353 4963 Scetim
3377 4909 3524 4962 venit

1948 5015 2074 5054 cum
2109 4998 2324 5054 duobus
2358 4999 2546 5054 liberis
2577 5015 2590 5051 :
2620 5013 2854 5068 quorum
2901 5013 3042 5052 unus
3089 5013 3206 5052 mas
3237 5007 3382 5064 erat,
3421 4996 3515 5052 Za-

1947 5092 2162 5147 charias
2213 5091 2422 5154 dictus,
2475 5091 2612 5144 alter
2663 5089 2886 5143 femina.
2939 5089 3004 5142 Et
3051 5089 3270 5144 sedebat
3293 5091 3448 5160 longe
3491 5105 3523 5144 a

1949 5199 2079 5240 sene
2129 5185 2186 5238 in
2241 5183 2474 5254 palude;
2525 5183 2681 5254 palus
2733 5184 2878 5237 enim
2935 5184 3147 5252 adjacet
3199 5184 3378 5246 Secti,
3431 5183 3520 5240 ubi

1947 5277 2194 5332 ecclesiae
2219 5275 2500 5332 aedificatae
2529 5286 2660 5332 sunt
2687 5287 2742 5332 et
2777 5276 2953 5333 fontes
2993 5279 3325 5334 scaturiunt.
3349 5275 3521 5332 Porro

3305 5437 3326 5470 ι
3367 5435 3516 5496 Paal.

2142 5437 2162 5466 ²
2209 5433 2399 5490 Matth.
2429 5450 2553 5502 χιιι,
2582 5435 2670 5490 ﬂ.
2773 5435 2793 5467 ³
2821 5434 2985 5494 Hebr.
3017 5453 3116 5503 xu,
3139 5439 3192 5493 2.

2017 5647 2128 5716 (Ἠ)
2169 5646 2272 5702 Vit.
2309 5642 2462 5716 Patr.
2495 5665 2585 5713 xv,
2617 5647 2705 5702 16.

2011 5717 2125 5790 (72)
2172 5715 2410 5774 Viridar.
2447 5717 2668 5786 Raderi,
2697 5733 2780 5786 III,
2811 5717 2867 5786 6.
2898 5717 2951 5780 1ο
