3874 6350
377 285 476 340 251

1539 286 1884 344 APPENDIX
1923 288 2018 345 AD
2052 286 2478 349 PALLADIUM.

372 399 486 454 haec
517 415 570 452 Ill
601 397 743 453 Secti
783 401 1124 456 consuetudo
1149 401 1470 466 invaluerat,
1503 409 1562 456 ut
1601 404 1646 458 si
1679 419 1945 459 accessis-

2066 407 2254 460 Βδάτων
2291 407 2416 460 εἰσί.
2463 404 2725 475 Συνήθεια
2756 404 2776 454 ἱ

371 497 455 544 set
481 489 677 544 mulier
703 489 770 543 ad
802 489 1129 560 loquendum
1165 490 1320 544 fratri
1339 490 1423 545 vel
1446 491 1602 545 alteri
1634 492 1947 548 necessario

371 595 493 647 suo,
525 582 713 651 procul
743 582 972 636 invicem
1007 581 1257 637 sedentes
1291 583 1732 652 colloquerentur
1767 603 1782 639 :
1815 591 1946 638 tunc

370 673 567 728 mulier
593 673 670 728 ait
714 674 894 730 abbati
941 674 1203 730 Carioni:
1240 674 1380 732 Ecce
1429 676 1607 732 factus
1654 693 1714 733 es
1761 693 1948 732 mona-

370 767 531 832 chus,
572 776 625 822 et
660 766 831 822 fames
866 769 1071 822 evenit.
1109 765 1243 833 Quis
1270 783 1400 838 ergo
1425 770 1532 823 alet
1561 769 1762 826 liberos
1790 771 1945 824 tuos?

365 859 675 931 Respondit
701 861 871 916 abbas
903 859 1067 914 Cario
1095 879 1107 914 :
1146 857 1270 916 Illos
1300 861 1432 916 mihi
1461 862 1570 917 huc
1602 865 1774 918 mitte.
1811 863 1948 919 Dicit

368 951 566 1006 mulier
605 950 838 1006 liberis:
888 949 1049 1005 Abite
1091 950 1158 1004 ad
1207 960 1412 1021 patrem
1451 959 1714 1007 vestrum.
1762 951 1948 1024 itaque

367 1047 634 1095 venerunt
660 1039 727 1094 ad
757 1049 964 1110 patrem
993 1055 1191 1108 suum;
1229 1040 1323 1094 sed
1355 1057 1476 1110 qua:
1511 1041 1709 1097 femina
1739 1053 1855 1098 erat
1880 1043 1949 1098 ad

365 1138 596 1186 matrem
639 1146 858 1187 reversa
888 1139 992 1194 est,
1028 1146 1146 1186 mas
1183 1146 1314 1185 vero
1362 1132 1564 1187 mansit
1601 1148 1724 1187 cum
1773 1141 1945 1204 patre.

367 1221 526 1277 Tunc
567 1223 633 1278 ad
669 1238 896 1277 uxorem
927 1242 940 1278 :
975 1222 1147 1286 Ecce,
1196 1223 1394 1293 inquit,
1440 1225 1576 1279 bene
1614 1234 1792 1280 actum
1827 1234 1946 1293 est;

369 1316 557 1385 accipe
590 1323 646 1368 tu
697 1316 953 1385 puellam,
997 1322 1052 1369 et
1093 1315 1216 1377 alii,
1267 1332 1367 1385 ego
1412 1331 1638 1386 puerum
1682 1317 1943 1372 retinebo.

366 1405 657 1462 Nutriebat
701 1407 867 1477 igitur
902 1422 1025 1461 eum
1074 1406 1128 1459 in
1183 1405 1362 1469 Sceti,
1397 1406 1609 1461 cunctis
1653 1407 1948 1462 scientibus

280 1541 282 1543 .
367 1499 514 1570 quod
554 1508 700 1555 esset
743 1501 890 1554 illius
930 1498 1095 1554 filius.
1133 1497 1202 1553 Ut
1240 1506 1420 1553 autem
1469 1501 1736 1568 processit
1771 1508 1946 1566 aetate,

368 1599 550 1646 ortum
577 1599 659 1647 est
699 1591 767 1646 de
812 1605 880 1646 eo
923 1605 1172 1644 murmur
1215 1589 1268 1643 in
1306 1590 1661 1645 fraternitate.
1693 1591 1812 1657 Quo
1854 1608 1949 1646 au-

368 1681 486 1736 dito
514 1681 682 1736 abbas
709 1679 874 1735 Cario
905 1680 1073 1733 lilium
1107 1680 1188 1734 sic
1226 1679 1495 1735 allocutus
1521 1689 1604 1735 est
1629 1681 1946 1747 :Zacharia,

2049 497 2135 550 ἵνα
2167 497 2298 570 ἔλθῃ
2322 496 2480 566 γυνὴ,
2511 495 2741 566 λαλῆσαι

2047 588 2263 660 φέροντι
2291 588 2450 659 αὐτῇ,
2479 587 2586 640 ἀπὸ
2619 605 2776 660 μακρι

2048 677 2290 749 ἀλλήλων
2305 678 2566 749 ὁμιλῶσιν
2580 677 2772 749 ἀλλήλο

2047 769 2308 840 Καρίωνι·
2357 769 2486 823 Ἰδοὺ
2526 769 2754 838 γέγονας

2047 858 2139 915 οὖν
2160 861 2346 932 τρέφει
2373 861 2441 914 τὰ
2460 860 2625 914 τέκνα
2647 877 2767 924 σου;

2047 953 2158 1007 Καὶ
2205 952 2522 1028 ἁπόστειλόν
2563 971 2652 1024 μοι
2697 955 2761 1008 αύ

2047 1045 2276 1108 τέκνοις
2327 1044 2610 1097 Ἀπέλθετε
2646 1044 2752 1116 πρὸ

2053 1133 2228 1204 μένων
2247 1128 2339 1188 οὖν
2364 1133 2540 1188 αὐτῶν
2565 1135 2702 1206 πρὸς
2731 1152 2758 1187 τ

2050 1227 2356 1299 ὑπέστρεψε
2388 1227 2525 1300 πρὸς
2550 1227 2647 1299 τὴν
2680 1246 2753 1299 μη

2047 1314 2180 1390 ἦλθε
2212 1320 2347 1393 πρὸς
2376 1320 2468 1374 τὸν
2500 1321 2628 1374 ἴδιον
2661 1339 2754 1375 πα’

2050 1411 2230 1475 καλῶς
2247 1412 2482 1481 ἐγένετοο
2510 1412 2640 1466 λάϐε
2673 1414 2737 1466 σὺ

2049 1503 2111 1555 τὸ
2161 1504 2470 1574 ἀρῤενικόν.
2521 1504 2737 1574 Ἀνέτρε

2052 1593 2268 1648 πάντων
2297 1594 2511 1647 εἰδότων
2545 1594 2627 1647 ὅτι
2655 1594 2746 1646 τέκ

2051 1686 2176 1749 κίας
2213 1686 2232 1718 ⁵
2263 1685 2474 1754 γέγονε,
2507 1702 2745 1756 γογγυσρ

369 1784 560 1840 surge,
620 1769 882 1823 abeamus
941 1768 1101 1833 hinc,
1153 1768 1282 1838 quia
1341 1781 1680 1824 murmurant
1738 1769 1946 1826 Patres.

2066 1747 2180 1848 περλ
2210 1747 2394 1831 αὐτού.
2427 1747 2533 1830 Καί
2557 1747 2740 1830 datatim

369 1859 509 1916 Tum
559 1861 608 1916 ei
656 1877 790 1932 puer
824 1880 837 1916 :
873 1861 1060 1927 Abba,
1098 1861 1281 1915 cuncti
1323 1861 1659 1916 hie'norunt
1702 1879 1787 1917 me
1829 1879 1950 1919 esse

369 1953 542 2007 filium
569 1961 755 2019 tuum;
795 1953 843 2009 si
879 1953 946 2006 ad
987 1953 1150 2007 alium
1182 1953 1360 2007 locum
1392 1955 1810 2022 perrexerimus,
1841 1971 1949 2010 non

370 2047 646 2101 habebunt
674 2045 855 2100 dicere
887 2042 1030 2114 quod
1072 2043 1213 2098 filius
1252 2053 1378 2098 tuus
1415 2045 1538 2099 sim.
1575 2044 1711 2098 Tum
1743 2059 1946 2100 senex:

371 2137 567 2208 Surge,
607 2136 977 2192 discedamus.
1009 2135 1074 2189 Et
1105 2136 1160 2188 in
1193 2135 1521 2190 Thebaidem
1551 2135 1778 2206 profecti
1799 2145 1948 2192 sunt.

370 2227 474 2283 Ubi
527 2244 650 2282 cum
703 2236 923 2298 accepta
974 2227 1110 2281 cella
1160 2242 1365 2296 paucos
1420 2227 1535 2282 dies
1585 2228 1948 2292 mansissent,

369 2319 481 2374 illic
511 2335 727 2390 quoque
779 2320 920 2374 idem
955 2333 1204 2372 murmur
1255 2319 1322 2372 de
1370 2334 1538 2388 puero
1564 2327 1813 2374 exortum
1842 2326 1945 2374 est.

367 2411 513 2467 Dicit
554 2412 604 2467 ei
646 2423 774 2466 tunc
810 2417 965 2482 pater
1004 2411 1123 2480 ejus
1169 2430 1181 2465 :
1226 2410 1512 2473 Zacharia,
1549 2427 1729 2482 surge,
1765 2411 1948 2466 redea-

366 2521 492 2560 mus
521 2505 588 2558 ad
624 2503 847 2558 Scetim.
896 2501 1016 2568 Quo
1046 2502 1155 2556 illis
1187 2502 1641 2568 adventantibus,
1675 2511 1798 2573 post
1833 2503 1950 2559 dies

368 2610 573 2664 paucos
600 2597 796 2648 iterum
831 2593 898 2648 de
926 2593 1115 2647 eodem
1147 2607 1397 2645 murmur
1426 2591 1628 2647 factum
1665 2601 1768 2646 est.
1797 2592 1950 2648 Tunc

369 2686 666 2742 Zacharias
699 2701 856 2756 puer,
885 2684 1165 2756 profectus
1194 2683 1262 2738 ad
1304 2695 1557 2754 stagnum
1588 2685 1740 2748 nitri,
1769 2685 1949 2738 exutis

369 2778 653 2843 vestibus,
709 2778 764 2832 in
822 2777 956 2831 illud
1003 2775 1326 2840 descendit,
1375 2775 1748 2846 immersitque
1781 2792 1841 2832 se
1881 2777 1948 2831 ad

371 2884 536 2924 nares
563 2883 772 2938 usque;
809 2876 863 2922 et
893 2883 1018 2922 cum
1047 2867 1297 2921 durasset
1328 2881 1423 2936 per
1451 2868 1680 2920 multum
1714 2877 1946 2938 tempus,

372 2959 621 3030 quandiu
650 2959 862 3013 scilicet
886 2958 1084 3026 potuit,
1113 2956 1347 3011 confecit
1379 2957 1720 3027 abolevitque
1748 2973 1948 3027 corpus

373 3068 534 3107 suum
580 3069 596 3106 ἓ

370 3143 592 3200 rediens
608 3143 840 3213 gestavit
863 3141 1186 3196 vestimenta
1211 3156 1330 3204 sua,
1350 3140 1591 3210 abiitque
1617 3141 1683 3194 ad
1708 3149 1942 3210 patrem,

372 3250 404 3288 a
449 3249 559 3305 quo
604 3235 715 3296 vix}
746 3233 967 3303 agnosci
1016 3231 1213 3302 potuit.
1251 3231 1518 3286 Caeterum
1549 3246 1674 3285 cum
1721 3232 1787 3286 ad
1820 3247 1947 3288 san-

371 3335 515 3380 ctam
556 3325 996 3380 communionem
1042 3324 1109 3378 de
1150 3338 1300 3378 more
1331 3321 1714 3392 processisset,
1745 3323 1953 3378 revela-

371 3426 489 3472 tum
532 3425 616 3472 est
641 3423 832 3472 sancto
875 3413 1086 3470 Isidoro
1131 3411 1356 3467 Sceteos
1398 3412 1751 3482 presbytero,
1805 3411 1952 3480 quod

373 3511 614 3564 fecerat:
651 3508 907 3580 quocirca
936 3506 1172 3560 intuitus
1201 3519 1349 3568 eum,
1381 3511 1436 3557 et
1474 3503 1775 3558 admiratus
1796 3501 1947 3556 infit:

375 3601 668 3656 Zacharias
709 3614 843 3670 puer
881 3597 1152 3668 superiori
1220 3595 1502 3649 Dominica
1534 3596 1682 3650 venit
1712 3602 1766 3650 et
1804 3609 1954 3650 com-

372 3696 687 3751 munionem
727 3692 962 3762 sumpsit
1015 3690 1164 3745 velut
1213 3689 1409 3757 homo;
1457 3705 1604 3744 nunc
1653 3704 1783 3744 vero
1832 3700 1952 3744 tan-

371 3801 534 3857 quam
565 3785 791 3856 angelus
824 3782 1050 3839 eli‘ectus
1079 3789 1184 3836 est.

924 3985 995 4039 De
1025 3985 1212 4039 abbate
1239 3983 1424 4053 Copre.

447 4106 498 4159 l.
539 4102 688 4157 Dixit
729 4101 899 4155 abbas
944 4098 1166 4154 Poemen
1216 4099 1284 4153 de
1331 4100 1526 4154 abbate
1554 4099 1757 4169 Copre,
1806 4103 1952 4172 quod

374 4197 445 4253 ad
491 4203 698 4250 tantam
734 4198 1058 4264 pervenerat
1108 4189 1327 4245 virtutis
1382 4192 1850 4261 magnitudinem,
1895 4200 1954 4248 ut

374 4288 625 4359 quamvis
656 4291 942 4356 trgrotaret
971 4297 1034 4336 ac
1061 4282 1204 4336 lecto
1226 4282 1594 4346 decumberet,
1625 4292 1805 4341 tamen
1831 4301 1954 4357 gra-

372 4383 481 4434 tias
509 4386 711 4448 ageret,
748 4375 1125 4444 inhiberetque
1155 4373 1430 4442 propriam
1463 4376 1817 4432 voluntatem.

445 4468 502 4525 2.
543 4467 690 4522 Dixit
724 4466 893 4521 abbas
933 4465 1137 4534 Copres
1171 4482 1184 4518 :
1219 4464 1419 4520 Beatus
1452 4465 1545 4535 qui
1578 4480 1703 4520 cum
1750 4467 1949 4536 gratia-

372 4574 496 4617 rum
529 4559 741 4614 actione
773 4559 969 4615 tolerat
999 4561 1262 4617 laborem.

443 4651 496 4707 5.
538 4651 652 4723 (75)
691 4650 1016 4723 Congregati
1059 4661 1189 4708 sunt
1234 4650 1527 4722 aliquando
1571 4650 1664 4721 qui
1709 4650 1764 4705 in
1805 4648 1952 4707 Sceti

371 4743 661 4813 degebant,
685 4743 754 4798 ob
780 4745 1138 4814 quaestionem
1176 4743 1244 4800 de
1286 4743 1702 4807 Melchisedece,
1726 4751 1781 4799 et
1795 4743 1952 4799 obliti

373 4844 502 4890 sunt
531 4850 728 4890 vocare
755 4836 1005 4892 abbatem
1032 4819 1303 4907 Coprem,
1338 4843 1524 4904 postea
1550 4844 1732 4890 autem
1754 4843 1950 4891 vocato

372 4944 461 4990 eo,
497 4943 560 4983 ea
591 4929 659 4984 de
682 4943 742 4983 re
780 4929 1204 4999 interrogabant.
1240 4927 1333 4983 Ille
1370 4944 1499 4984 vero
1529 4937 1611 4984 ter
1638 4931 1948 4998 percutiens

373 5034 438 5074 os
475 5034 634 5074 suum
654 5059 671 5084 ,
700 5017 837 5072 dixit
864 5039 877 5074 :
917 5019 1010 5074 Va:
1041 5019 1171 5082 tibi,
1201 5019 1378 5089 Copre
1401 5060 1416 5084 ,
1453 5035 1532 5074 vae
1565 5021 1661 5075 tibi
1683 5033 1708 5084 ,'
1733 5021 1945 5092 COpre,

373 5123 456 5163 vae
485 5109 603 5175 tibi,
644 5108 849 5180 Copre!
884 5111 1030 5180 quod
1075 5126 1138 5165 ea
1181 5111 1451 5181 reliquisti
1497 5128 1619 5183 qua:
1663 5114 1760 5168 tibi
1794 5129 1948 5168 man-

375 5201 526 5256 davit
559 5202 701 5259 Deus
731 5211 790 5258 ut
820 5204 1057 5267 faceres,
1097 5211 1152 5258 et
1180 5205 1446 5260 scrutaris
1475 5222 1597 5276 qua:
1631 5222 1740 5262 non
1771 5206 1950 5278 requi-

374 5293 445 5347 rit
481 5307 512 5347 a
541 5301 614 5350 te.
661 5293 871 5361 Quibus
907 5292 1110 5348 auditis
1141 5293 1364 5360 fratres,
1397 5294 1652 5367 fugerunt
1690 5312 1743 5351 in
1783 5297 1950 5352 cellas

374 5400 526 5442 suas.

474 5543 498 5578 ⁸
525 5543 613 5599 Al.
639 5545 698 5597 ἐν
726 5541 934 5615 ἡλικίᾳ.

450 5699 565 5773 (75)
609 5699 711 5759 Vit.
745 5699 899 5756 Patr.
933 5717 1022 5771 xv,
1062 5701 1154 5759 ει.

2049 1867 2225 1938 τέκνῳ
2259 1867 2442 1922 αὐτοῦ’
2465 1869 2728 1939 Ζαχαρία.

2051 1957 2407 2027 γογγύζουσιν
2447 1960 2494 2012 οἱ
2531 1959 2734 2032 Πατέρε

2052 2049 2142 2114 ϐᾶ,
2179 2050 2377 2113 πάντες
2402 2049 2606 2103 οἴδασιν
2633 2052 2729 2104 ἐντη

2050 2141 2185 2212 ἄλλῃ
2209 2141 2548 2211 ἀπέλθωμεν,
2576 2143 2674 2194 οὐκ
2707 2141 2729 2194 ἐ

2050 2235 2160 2288 Καὶ
2181 2234 2326 2304 λέγει
2349 2234 2496 2304 αὐτῷ
2531 2236 2558 2286 ὁ
2589 2234 2731 2302 γέρω

2050 2325 2160 2377 Καὶ
2188 2323 2428 2392 ἀπῆλθον
2456 2326 2512 2376 ἐν
2538 2327 2606 2395 τῇ
2635 2324 2734 2394 Θηί

2051 2414 2310 2468 ἐκάθισαν
2350 2414 2535 2482 ὀλίγας
2571 2414 2736 2486 ἡμέρ(

2050 2503 2239 2571 γέγονε
2276 2503 2403 2572 περὶ
2434 2500 2528 2555 τοῦ
2563 2503 2730 2556 παιδί(

2050 2594 2236 2647 αὐτοῦ·
2266 2594 2532 2664 Ζαχαρία,
2573 2593 2722 2665 ἕγειρ

2049 2685 2310 2738 ἐλθόντων
2351 2685 2529 2739 αὐτῶν
2564 2687 2622 2738 ἐν
2666 2689 2720 2754 τῗ

2051 2776 2454 2850 παρελθουσῶν,
2489 2776 2650 2830 πάλιν
2684 2793 2716 2844 γ

2050 2870 2182 2922 Τότε
2215 2868 2488 2940 Ζαχαρίας
2516 2871 2544 2921 ὁ
2577 2869 2705 2930 παῖς

2048 2978 2078 3012 τ
2085 2978 2200 3032 ρου,
2229 2960 2322 3014 καὶ
2345 2959 2704 3029 ὰποδυσάμενγ

643 3050 821 3105 factus
864 3049 1006 3103 enim
1052 3057 1137 3103 est
1185 3059 1441 3119 tanquam
1489 3051 1757 3120 leprosus.
1805 3049 1948 3119 Ergo

2066 3054 2139 3116 δὸς
2163 3051 2327 3107 αὑτοῦ
2358 3051 2698 3106 καταϐαπτία

2052 3143 2148 3215 λὴν
2177 3142 2342 3213 ὤραν,
2374 3144 2504 3213 ὅσην
2551 3141 2698 3210 nam;

2052 3232 2241 3300 γέγονε
2275 3230 2381 3302 γὰρ
2419 3231 2494 3294 ὡς
2534 3231 2933 3301 λελωε..η..-.ν,.

2051 3321 2120 3373 τὰ
2159 3320 2349 3391 ἱμάτια
2382 3319 2565 3384 αὑτοῦ,
2591 3321 2683 3373 καὶ
2716 3317 2921 3389 ἀπῆλθε
2951 3318 3085 3388 πρὸς
3117 3317 3208 3370 τὸν
3238 3317 3365 3372 ἴδιον
3388 3321 3624 3390 πατέρα·

2053 3412 2146 3465 καὶ
2192 3413 2343 3483 μόλις
2377 3405 2592 3480 ἐπέγνω
2622 3411 2802 3466 αὐτόν.
2867 3409 3210 3474 Ἀπελθόντος
3240 3410 3296 3484 δὲ
3340 3409 3507 3463 αὑτοῦ
3547 3411 3628 3474 εἰς

2053 3503 2150 3572 τὴν
2189 3503 2350 3570 ἁγίαν
2382 3501 2661 3555 κοινωνίαν
2697 3501 2838 3554 κατὰ
2875 3501 2934 3554 τὸ
2977 3501 3114 3565 ἔθος,
3151 3499 3512 3572 ἀπεκαλύφθη
3549 3500 3629 3570 τῷ

2053 3595 2193 3663 ἁγίῳ
2236 3593 2487 3666 Ἰσιδώρῳ
2527 3594 2604 3666 τῷ
2653 3595 3006 3666 πρεσϐυτέρῳ
3053 3594 3149 3664 τῆς
3185 3594 3458 3664 Σκήτεως,
3489 3595 3628 3663 ὅπερ

2053 3688 2295 3758 ἐποίησε·
2326 3689 2420 3742 καὶ
2459 3687 2582 3740 ἰδὼν
2613 3688 2772 3742 αὐτὸν
2805 3689 2897 3742 καὶ
2923 3687 3229 3758 θαυμάσας,
3273 3681 3415 3740 εἷπε·
3447 3689 3628 3757 Ζαχα-

2058 3777 2176 3848 ρίας
2207 3779 2234 3829 ὁ
2267 3780 2394 3841 παῖς
2421 3781 2486 3848 τῇ
2519 3780 2767 3849 Κυριακῇ
2813 3777 3154 3849 παρελθούσῃ
3180 3773 3312 3849 ἦλθε
3349 3778 3444 3830 καὶ
3483 3778 3632 3829 ἐκοι-

2053 3868 2291 3940 νώνησεν
2318 3869 2394 3932 ὡς
2430 3867 2736 3937 ἄνθρωπος,
2770 3869 2864 3922 νῦν
2897 3869 2952 3922 δὲ
2973 3869 3048 3933 ὡς
3084 3868 3311 3938 ἄγγελος
3339 3867 3579 3937 ἐγένετο.

2493 3986 2634 4054 Περὶ
2665 3986 2772 4040 τοῦ
2801 3983 2950 4040 ἀϐϐᾶ
2983 3986 3185 4054 Κύπρι.

2125 4108 2193 4155 α’.
2227 4101 2451 4168 Ἔλεγεν
2475 4099 2504 4150 ὁ
2527 4098 2700 4163 ἁ66ᾶς
2732 4099 2942 4169 Ποιμήν
2963 4097 3052 4152 διὰ
3071 4099 3162 4151 τὸν
3191 4098 3363 4152 ἀ66ἄν
3391 4097 3628 4170 Κόπριν,

2053 4194 2134 4246 ὅτι
2191 4194 2271 4256 εἰς
2323 4191 2576 4245 τοσοῦτον
2628 4187 2757 4263 ἦλθε
2820 4192 3036 4262 μέτρον,
3105 4191 3186 4243 ὅτι
3252 4190 3470 4260 ἠσθένει
3535 4192 3632 4244 καὶ

2057 4285 2316 4356 κλινήρης
2353 4280 2441 4356 ἦν,
2488 4283 2582 4337 καὶ
2621 4283 2950 4355 εὐχαρίστει,
3005 4283 3100 4335 καὶ
3144 4280 3347 4335 ἐκώλυε
3397 4281 3456 4335 τὸ
3501 4281 3630 4335 ἴδιον

2057 4376 2288 4447 θέλημα.

2127 4467 2191 4536 β’.
2219 4463 2386 4521 Εἶπεν
2428 4469 2457 4522 ὁ
2498 4466 2672 4531 ἀϐϐἄς
2710 4466 2939 4538 Κόπρις·
2963 4464 3247 4535 Μακάριος
3278 4465 3307 4517 ὁ
3345 4463 3632 4534 ὑπομένων

2053 4559 2218 4612 κόπον
2249 4558 2362 4622 μετ’
2386 4559 2757 4630 εὐχαριστίας.

2123 4654 2192 4719 γ’.
2219 4649 2574 4722 Συνήχθησάν
2618 4665 2751 4703 ποτε
2789 4649 2840 4702 oi
2885 4649 2944 4700 ἐν
2985 4650 3050 4718 τῇ
3081 4647 3277 4717 Σκήτει
3310 4646 3332 4677 ⁸
3373 4645 3502 4717 περὶ
3533 4642 3632 4698 τοῦ

2054 4740 2388 4812 Μελχισεδὲκ
2407 4781 2423 4806 ,
2480 4740 2569 4795 καὶ
2615 4739 2941 4794 ἐπελάθοντο
3008 4739 3234 4792 καλέσαι
3295 4736 3386 4790 τὸν
3455 4735 3631 4789 ἀϐὁᾶν

2054 4834 2268 4904 Κόπριν
2314 4833 2357 4863 τ’
2416 4831 2639 4902 ὕστερον
2697 4831 2754 4885 δὲ
2808 4831 3133 4894 καλέσαντες
3175 4829 3367 4894 αὐτὸν,
3401 4828 3632 4901 ἠρώτων

2057 4924 2183 4995 περὶ
2225 4923 2436 4978 τούτου.
2503 4922 2562 4976 '0
2603 4922 2691 4987 δὲ,
2731 4921 2907 4991 τύψας
2949 4921 3012 4974 τὸ
3055 4921 3229 4991 στόμα
3261 4921 3283 4952 ⁸
3332 4918 3499 4973 αὐτοῦ
3538 4921 3632 4972 ἐπὶ

2054 5019 2222 5088 τρεῖς,
2249 5012 2421 5070 εἶπεν·
2467 5015 2604 5070 Οὐαί
2637 5031 2739 5080 σοι,
2765 5014 3013 5085 Κόπριθῑ
3043 5014 3126 5066 ὅτι
3147 5011 3183 5066 ἃ
3209 5014 3239 5065 ὁ
3269 5009 3403 5074 Θεὸς
3427 5010 3632 5064 ἐνετεί-

2054 5110 2183 5164 λατό
2234 5127 2315 5163 σοι
2359 5108 2577 5179 ποιῆσαι
2647 5106 3067 5178 ἐγκατέλειπες,
3127 5104 3224 5158 καὶ
3287 5101 3324 5157 ἃ
3367 5102 3430 5156 οὐ
3479 5102 3634 5172 ζητεῖ

2057 5202 2207 5272 παρὰ
2260 5201 2354 5255 σοῦ
2409 5201 2656 5271 ἐρευνᾷς.
2712 5199 2822 5252 Καὶ
2886 5196 3217 5259 ἀκούσαντες
3283 5195 3333 5248 οἱ
3409 5190 3632 5262 ἀδελφοὶ

2055 5294 2248 5358 ταῦτα,
2291 5294 2488 5365 ἔφυγον
2517 5293 2598 5358 εις
2621 5291 2690 5347 τὰ
2723 5289 2910 5345 κελλία
2943 5287 3139 5344 αὐτῶν.

2980 3262 3065 3283 ιλιι
3075 3263 3088 3281 υ
3121 3261 3157 3283 υ,
3167 3258 3356 3282 valwwv
3395 3258 3627 3301 ῠγυγδνερ

1042 5545 1064 5576 ⁸
1087 5543 1174 5600 Al.
1215 5561 1385 5604 mser.
1419 5545 1796 5620 συζητοῦντες.
1871 5546 1890 5578 ⁷
1918 5547 1948 5602 Α

2066 5543 2285 5618 ἱόπρην.
2363 5543 2385 5575 ⁸
2414 5542 2499 5601 Al.
2539 5541 2848 5615 πρόσωπον.
2929 5539 2950 5572 ’
2985 5537 3071 5594 Al.
3109 5537 3324 5609 Κόπρη-
