  <div class='ocr_page' id='page_1' title='image "/cluster/home/n/w/nwhite01/storage/ocr_20150623/65/hvd.32044014812317/132.png"; bbox 0 0 3874 6310; ppageno 0'>
   <div class='ocr_carea' id='block_1_1' title="bbox 286 313 3536 377">
    <p class='ocr_par' dir='ltr' id='par_1_1' title="bbox 286 313 3536 377">
     <span class='ocr_line' id='line_1_1' title="bbox 286 313 3536 377; baseline 0 -5"><span class='ocrx_word' id='word_1_1' title='bbox 286 313 396 372; x_wconf 69' lang='lat'><strong>253</strong></span> <span class='ocrx_word' id='word_1_2' title='bbox 1435 314 2048 372; x_wconf 70' lang='lat' dir='ltr'><strong>APOPIITHEGMATA</strong></span> <span class='ocrx_word' id='word_1_3' title='bbox 2087 316 2393 377; x_wconf 74' lang='lat' dir='ltr'><strong>PATRUM.</strong></span> <span class='ocrx_word' id='word_1_4' title='bbox 3427 314 3536 373; x_wconf 62' lang='lat'><strong>95-5</strong></span> 
     </span>
    </p>
   </div>
   <div class='ocr_carea' id='block_1_2' title="bbox 715 425 2245 508">
    <p class='ocr_par' dir='ltr' id='par_1_2' title="bbox 715 425 1940 501">
     <span class='ocr_line' id='line_1_2' title="bbox 715 425 1940 501; baseline 0.007 -19"><span class='ocrx_word' id='word_1_5' title='bbox 715 425 854 496; x_wconf 71' lang='grc' dir='ltr'><strong>Περὶ</strong></span> <span class='ocrx_word' id='word_1_6' title='bbox 895 427 1000 484; x_wconf 81' lang='grc' dir='ltr'><strong>τοῦ</strong></span> <span class='ocrx_word' id='word_1_7' title='bbox 1039 428 1190 484; x_wconf 81' lang='grc' dir='ltr'>ἁϐϐᾶ</span> <span class='ocrx_word' id='word_1_8' title='bbox 1225 432 1443 501; x_wconf 80' lang='grc' dir='ltr'><strong>Κύρου.</strong></span> <span class='ocrx_word' id='word_1_9' title='bbox 1893 441 1940 496; x_wconf 77' lang='grc' dir='ltr'><strong>Α</strong></span> 
     </span>
    </p>
   </div>
   <div class='ocr_carea' id='block_1_3' title="bbox 1464 425 2994 508">
    <p class='ocr_par' dir='ltr' id='par_1_3' title="bbox 1893 435 2994 508">
     <span class='ocr_line' id='line_1_3' title="bbox 1893 435 2994 508; baseline 0.006 -22"><span class='ocrx_word' id='word_1_10' title='bbox 1893 441 1940 496; x_wconf 75' lang='grc' dir='ltr'><strong>Α</strong></span> <span class='ocrx_word' id='word_1_11' title='bbox 2506 437 2583 492; x_wconf 87' lang='lat' dir='ltr'><strong>De</strong></span> <span class='ocrx_word' id='word_1_12' title='bbox 2619 435 2808 493; x_wconf 82' lang='lat' dir='ltr'><strong>abbate</strong></span> <span class='ocrx_word' id='word_1_13' title='bbox 2842 436 2994 508; x_wconf 78' lang='lat' dir='ltr'><strong>Cyro.</strong></span> 
     </span>
    </p>
   </div>
   <div class='ocr_carea' id='block_1_4' title="bbox 360 518 1890 600">
    <p class='ocr_par' dir='ltr' id='par_1_4' title="bbox 360 518 1866 598">
     <span class='ocr_line' id='line_1_4' title="bbox 360 518 1866 598; baseline 0.006 -26"><span class='ocrx_word' id='word_1_14' title='bbox 360 519 503 590; x_wconf 78' lang='grc' dir='ltr'>Πρὸς</span> <span class='ocrx_word' id='word_1_15' title='bbox 544 519 636 572; x_wconf 82' lang='grc' dir='ltr'>τὸν</span> <span class='ocrx_word' id='word_1_16' title='bbox 685 518 942 591; x_wconf 81' lang='grc' dir='ltr'>λογισμὸν</span> <span class='ocrx_word' id='word_1_17' title='bbox 984 522 1086 592; x_wconf 82' lang='grc' dir='ltr'>τῆς</span> <span class='ocrx_word' id='word_1_18' title='bbox 1131 525 1406 594; x_wconf 78' lang='grc' dir='ltr'><strong>πορνείας,</strong></span> <span class='ocrx_word' id='word_1_19' title='bbox 1443 525 1810 598; x_wconf 75' lang='grc' dir='ltr'>ἐπερωτηθεὶς</span> <span class='ocrx_word' id='word_1_20' title='bbox 1837 528 1866 581; x_wconf 87' lang='lat'><strong>6</strong></span> 
     </span>
    </p>
   </div>
   <div class='ocr_carea' id='block_1_5' title="bbox 2002 518 3532 600">
    <p class='ocr_par' dir='ltr' id='par_1_5' title="bbox 2045 527 3532 600">
     <span class='ocr_line' id='line_1_5' title="bbox 2045 527 3532 600; baseline 0 -16"><span class='ocrx_word' id='word_1_21' title='bbox 2045 527 2152 599; x_wconf 66' lang='grc'><strong>(74)</strong></span> <span class='ocrx_word' id='word_1_22' title='bbox 2191 531 2561 600; x_wconf 88' lang='lat' dir='ltr'><strong>lnterrogatus</strong></span> <span class='ocrx_word' id='word_1_23' title='bbox 2581 529 2748 584; x_wconf 84' lang='lat' dir='ltr'><strong>abbas</strong></span> <span class='ocrx_word' id='word_1_24' title='bbox 2768 528 2946 600; x_wconf 85' lang='lat' dir='ltr'><strong>Cyrus</strong></span> <span class='ocrx_word' id='word_1_25' title='bbox 2970 527 3370 584; x_wconf 82' lang='lat' dir='ltr'><strong>Alexandrinus</strong></span> <span class='ocrx_word' id='word_1_26' title='bbox 3387 529 3532 584; x_wconf 85' lang='lat' dir='ltr'><strong>circa</strong></span> 
     </span>
    </p>
   </div>
   <div class='ocr_carea' id='block_1_6' title="bbox 286 609 1816 690">
    <p class='ocr_par' dir='ltr' id='par_1_6' title="bbox 286 609 1816 687">
     <span class='ocr_line' id='line_1_6' title="bbox 286 609 1816 687; baseline 0.005 -24"><span class='ocrx_word' id='word_1_27' title='bbox 286 611 464 674; x_wconf 75' lang='grc' dir='ltr'>ἀϐϐἇς</span> <span class='ocrx_word' id='word_1_28' title='bbox 524 609 708 682; x_wconf 80' lang='grc' dir='ltr'>Κῦρος</span> <span class='ocrx_word' id='word_1_29' title='bbox 751 611 781 662; x_wconf 98' lang='lat'><strong>6</strong></span> <span class='ocrx_word' id='word_1_30' title='bbox 825 609 1227 684; x_wconf 78' lang='grc' dir='ltr'>Ἀλεξανδρεὺς,</span> <span class='ocrx_word' id='word_1_31' title='bbox 1282 615 1614 687; x_wconf 85' lang='grc' dir='ltr'>ἁπεκρίνατο</span> <span class='ocrx_word' id='word_1_32' title='bbox 1671 615 1816 671; x_wconf 78' lang='grc' dir='ltr'>οὕτω</span> 
     </span>
    </p>
   </div>
   <div class='ocr_carea' id='block_1_7' title="bbox 2007 609 3537 690">
    <p class='ocr_par' dir='ltr' id='par_1_7' title="bbox 2007 619 3537 690">
     <span class='ocr_line' id='line_1_7' title="bbox 2007 619 3537 690; baseline 0 -16"><span class='ocrx_word' id='word_1_33' title='bbox 2007 619 2343 675; x_wconf 75' lang='lat' dir='ltr'><strong>irnicationis</strong></span> <span class='ocrx_word' id='word_1_34' title='bbox 2387 620 2791 690; x_wconf 76' lang='lat' dir='ltr'><strong>cogitationem,</strong></span> <span class='ocrx_word' id='word_1_35' title='bbox 2828 619 3106 690; x_wconf 91' lang='lat' dir='ltr'><strong>respondit</strong></span> <span class='ocrx_word' id='word_1_36' title='bbox 3146 620 3212 674; x_wconf 91' lang='lat' dir='ltr'><strong>ad</strong></span> <span class='ocrx_word' id='word_1_37' title='bbox 3249 620 3395 674; x_wconf 86' lang='lat' dir='ltr'><strong>hunc</strong></span> <span class='ocrx_word' id='word_1_38' title='bbox 3425 635 3537 674; x_wconf 90' lang='lat' dir='ltr'><strong>mo-</strong></span> 
     </span>
    </p>
   </div>
   <div class='ocr_carea' id='block_1_8' title="bbox 301 701 1831 781">
    <p class='ocr_par' dir='ltr' id='par_1_8' title="bbox 301 701 1831 778">
     <span class='ocr_line' id='line_1_8' title="bbox 301 701 1831 778; baseline 0.004 -21"><span class='ocrx_word' id='word_1_39' title='bbox 301 704 428 757; x_wconf 82' lang='grc' dir='ltr'><strong>Ἐἀν</strong></span> <span class='ocrx_word' id='word_1_40' title='bbox 453 702 714 772; x_wconf 74' lang='grc' dir='ltr'>λογισμὸν</span> <span class='ocrx_word' id='word_1_41' title='bbox 747 702 849 754; x_wconf 84' lang='grc' dir='ltr'><strong>οὐκ</strong></span> <span class='ocrx_word' id='word_1_42' title='bbox 880 701 1031 773; x_wconf 77' lang='grc' dir='ltr'>ἔχῃς,</span> <span class='ocrx_word' id='word_1_43' title='bbox 1058 703 1247 756; x_wconf 87' lang='grc' dir='ltr'>ἐλπίδα</span> <span class='ocrx_word' id='word_1_44' title='bbox 1272 704 1372 758; x_wconf 74' lang='grc' dir='ltr'><strong>οὐκ</strong></span> <span class='ocrx_word' id='word_1_45' title='bbox 1403 705 1565 775; x_wconf 78' lang='grc' dir='ltr'>ἕχεις’</span> <span class='ocrx_word' id='word_1_46' title='bbox 1600 708 1693 761; x_wconf 77' lang='grc' dir='ltr'><strong>ἐὰν</strong></span> <span class='ocrx_word' id='word_1_47' title='bbox 1721 709 1831 778; x_wconf 82' lang='grc' dir='ltr'>λογι</span> 
     </span>
    </p>
   </div>
   <div class='ocr_carea' id='block_1_9' title="bbox 2002 701 3532 781">
    <p class='ocr_par' dir='ltr' id='par_1_9' title="bbox 2006 710 3532 781">
     <span class='ocr_line' id='line_1_9' title="bbox 2006 710 3532 781; baseline -0.001 -15"><span class='ocrx_word' id='word_1_48' title='bbox 2006 726 2092 766; x_wconf 92' lang='lat' dir='ltr'><strong>um</strong></span> <span class='ocrx_word' id='word_1_49' title='bbox 2125 725 2138 761; x_wconf 91' lang='lat'><strong>:</strong></span> <span class='ocrx_word' id='word_1_50' title='bbox 2176 710 2232 764; x_wconf 92' lang='lat' dir='ltr'><strong>Si</strong></span> <span class='ocrx_word' id='word_1_51' title='bbox 2258 710 2639 781; x_wconf 79' lang='lat' dir='ltr'><strong>cogitationem</strong></span> <span class='ocrx_word' id='word_1_52' title='bbox 2669 727 2778 764; x_wconf 90' lang='lat' dir='ltr'><strong>non</strong></span> <span class='ocrx_word' id='word_1_53' title='bbox 2811 711 3092 774; x_wconf 82' lang='lat' dir='ltr'><strong>habueris,</strong></span> <span class='ocrx_word' id='word_1_54' title='bbox 3129 726 3226 781; x_wconf 90' lang='lat' dir='ltr'><strong>spe</strong></span> <span class='ocrx_word' id='word_1_55' title='bbox 3255 725 3408 766; x_wconf 84' lang='lat' dir='ltr'><strong>cares</strong></span> <span class='ocrx_word' id='word_1_56' title='bbox 3438 728 3453 764; x_wconf 90' lang='lat'><strong>:</strong></span> <span class='ocrx_word' id='word_1_57' title='bbox 3485 710 3532 766; x_wconf 87' lang='lat' dir='ltr'><strong>si</strong></span> 
     </span>
    </p>
   </div>
   <div class='ocr_carea' id='block_1_10' title="bbox 292 792 1822 873">
    <p class='ocr_par' dir='ltr' id='par_1_10' title="bbox 292 793 1805 866">
     <span class='ocr_line' id='line_1_10' title="bbox 292 793 1805 866; baseline 0.004 -18"><span class='ocrx_word' id='word_1_58' title='bbox 292 795 462 865; x_wconf 81' lang='grc' dir='ltr'>σμοὺς</span> <span class='ocrx_word' id='word_1_59' title='bbox 497 794 598 846; x_wconf 83' lang='grc' dir='ltr'>οὐκ</span> <span class='ocrx_word' id='word_1_60' title='bbox 631 793 783 866; x_wconf 69' lang='grc' dir='ltr'>ἔχῃς,</span> <span class='ocrx_word' id='word_1_61' title='bbox 811 793 1008 865; x_wconf 82' lang='grc' dir='ltr'>πρᾶξιν</span> <span class='ocrx_word' id='word_1_62' title='bbox 1030 793 1190 864; x_wconf 76' lang='grc' dir='ltr'>ἔχεις.</span> <span class='ocrx_word' id='word_1_63' title='bbox 1230 795 1398 850; x_wconf 79' lang='grc' dir='ltr'>Τοῦτο</span> <span class='ocrx_word' id='word_1_64' title='bbox 1431 797 1487 850; x_wconf 85' lang='grc' dir='ltr'><strong>δέ</strong></span> <span class='ocrx_word' id='word_1_65' title='bbox 1520 801 1686 865; x_wconf 88' lang='grc' dir='ltr'>ἐστιν,</span> <span class='ocrx_word' id='word_1_66' title='bbox 1723 801 1805 854; x_wconf 84' lang='grc' dir='ltr'>ὅτι</span> 
     </span>
    </p>
   </div>
   <div class='ocr_carea' id='block_1_11' title="bbox 2003 792 3533 873">
    <p class='ocr_par' dir='ltr' id='par_1_11' title="bbox 2003 792 3533 873">
     <span class='ocr_line' id='line_1_11' title="bbox 2003 792 3533 873; baseline -0.001 -16"><span class='ocrx_word' id='word_1_67' title='bbox 2003 803 2389 873; x_wconf 82' lang='lat' dir='ltr'><strong>agitationibus</strong></span> <span class='ocrx_word' id='word_1_68' title='bbox 2430 802 2726 858; x_wconf 88' lang='lat' dir='ltr'><strong>destitutus</strong></span> <span class='ocrx_word' id='word_1_69' title='bbox 2769 792 2850 868; x_wconf 77' lang='lat' dir='ltr'><strong>es,</strong></span> <span class='ocrx_word' id='word_1_70' title='bbox 2905 803 3174 858; x_wconf 84' lang='lat' dir='ltr'><strong>actionem</strong></span> <span class='ocrx_word' id='word_1_71' title='bbox 3213 810 3389 858; x_wconf 87' lang='lat' dir='ltr'><strong>tenes.</strong></span> <span class='ocrx_word' id='word_1_72' title='bbox 3420 802 3533 858; x_wconf 83' lang='lat' dir='ltr'><strong>Hoc</strong></span> 
     </span>
    </p>
   </div>
   <div class='ocr_carea' id='block_1_12' title="bbox 291 886 1821 964">
    <p class='ocr_par' dir='ltr' id='par_1_12' title="bbox 291 886 1821 963">
     <span class='ocr_line' id='line_1_12' title="bbox 291 886 1821 963; baseline 0.003 -23"><span class='ocrx_word' id='word_1_73' title='bbox 291 887 434 941; x_wconf 79' lang='grc' dir='ltr'>κατά</span> <span class='ocrx_word' id='word_1_74' title='bbox 465 886 700 940; x_wconf 83' lang='grc' dir='ltr'>διάνοιαν</span> <span class='ocrx_word' id='word_1_75' title='bbox 733 886 872 958; x_wconf 83' lang='grc' dir='ltr'>πρὸς</span> <span class='ocrx_word' id='word_1_76' title='bbox 897 886 994 958; x_wconf 78' lang='grc' dir='ltr'>τὴν</span> <span class='ocrx_word' id='word_1_77' title='bbox 1023 887 1292 958; x_wconf 82' lang='grc' dir='ltr'>ἁμαρτίαν</span> <span class='ocrx_word' id='word_1_78' title='bbox 1325 889 1399 959; x_wconf 83' lang='grc' dir='ltr'>μὴ</span> <span class='ocrx_word' id='word_1_79' title='bbox 1431 889 1699 960; x_wconf 79' lang='grc' dir='ltr'>πολεμῶν,</span> <span class='ocrx_word' id='word_1_80' title='bbox 1733 893 1821 963; x_wconf 74' lang='grc' dir='ltr'>μηὲ</span> 
     </span>
    </p>
   </div>
   <div class='ocr_carea' id='block_1_13' title="bbox 2004 886 3534 964">
    <p class='ocr_par' dir='ltr' id='par_1_13' title="bbox 2004 894 3534 964">
     <span class='ocr_line' id='line_1_13' title="bbox 2004 894 3534 964; baseline 0.001 -16"><span class='ocrx_word' id='word_1_81' title='bbox 2004 903 2144 948; x_wconf 88' lang='lat' dir='ltr'><strong>utem</strong></span> <span class='ocrx_word' id='word_1_82' title='bbox 2177 903 2291 949; x_wconf 90' lang='lat' dir='ltr'><strong>est:</strong></span> <span class='ocrx_word' id='word_1_83' title='bbox 2326 894 2470 963; x_wconf 92' lang='lat' dir='ltr'><strong>quod</strong></span> <span class='ocrx_word' id='word_1_84' title='bbox 2495 894 2586 963; x_wconf 91' lang='lat' dir='ltr'><strong>qui</strong></span> <span class='ocrx_word' id='word_1_85' title='bbox 2613 894 2668 947; x_wconf 91' lang='lat' dir='ltr'><strong>in</strong></span> <span class='ocrx_word' id='word_1_86' title='bbox 2692 903 2872 948; x_wconf 88' lang='lat' dir='ltr'><strong>mente</strong></span> <span class='ocrx_word' id='word_1_87' title='bbox 2893 905 3082 949; x_wconf 88' lang='lat' dir='ltr'><strong>contra</strong></span> <span class='ocrx_word' id='word_1_88' title='bbox 3109 904 3394 964; x_wconf 88' lang='lat' dir='ltr'><strong>peccatum</strong></span> <span class='ocrx_word' id='word_1_89' title='bbox 3424 911 3534 950; x_wconf 91' lang='lat' dir='ltr'><strong>non</strong></span> 
     </span>
    </p>
   </div>
   <div class='ocr_carea' id='block_1_14' title="bbox 291 977 1821 1057">
    <p class='ocr_par' dir='ltr' id='par_1_14' title="bbox 291 977 1821 1054">
     <span class='ocr_line' id='line_1_14' title="bbox 291 977 1821 1054; baseline 0.003 -22"><span class='ocrx_word' id='word_1_90' title='bbox 291 977 608 1048; x_wconf 75' lang='grc' dir='ltr'><strong>ἀντιλέγων,</strong></span> <span class='ocrx_word' id='word_1_91' title='bbox 638 977 967 1048; x_wconf 80' lang='grc' dir='ltr'><strong>σωματικῶς</strong></span> <span class='ocrx_word' id='word_1_92' title='bbox 1003 978 1231 1049; x_wconf 82' lang='grc' dir='ltr'><strong>πράττει</strong></span> <span class='ocrx_word' id='word_1_93' title='bbox 1265 979 1454 1050; x_wconf 84' lang='grc' dir='ltr'>αὐτήν.</span> <span class='ocrx_word' id='word_1_94' title='bbox 1497 980 1557 1034; x_wconf 86' lang='grc' dir='ltr'><strong>Ὀ</strong></span> <span class='ocrx_word' id='word_1_95' title='bbox 1595 982 1703 1054; x_wconf 81' lang='grc' dir='ltr'><strong>γὰρ</strong></span> <span class='ocrx_word' id='word_1_96' title='bbox 1729 983 1821 1053; x_wconf 71' lang='lat' dir='ltr'><strong>Exn</strong></span> 
     </span>
    </p>
   </div>
   <div class='ocr_carea' id='block_1_15' title="bbox 2001 977 3531 1057">
    <p class='ocr_par' dir='ltr' id='par_1_15' title="bbox 2001 985 3531 1057">
     <span class='ocr_line' id='line_1_15' title="bbox 2001 985 3531 1057; baseline -0.003 -17"><span class='ocrx_word' id='word_1_97' title='bbox 2001 994 2190 1057; x_wconf 35' lang='lat' dir='ltr'><strong>lugnat,</strong></span> <span class='ocrx_word' id='word_1_98' title='bbox 2235 1001 2334 1040; x_wconf 88' lang='lat' dir='ltr'><strong>nec</strong></span> <span class='ocrx_word' id='word_1_99' title='bbox 2383 987 2430 1040; x_wconf 90' lang='lat' dir='ltr'><strong>ei</strong></span> <span class='ocrx_word' id='word_1_100' title='bbox 2482 985 2730 1051; x_wconf 90' lang='lat' dir='ltr'><strong>obsistit,</strong></span> <span class='ocrx_word' id='word_1_101' title='bbox 2774 1000 3002 1056; x_wconf 83' lang='lat' dir='ltr'><strong>corpore</strong></span> <span class='ocrx_word' id='word_1_102' title='bbox 3053 986 3185 1040; x_wconf 93' lang='lat' dir='ltr'><strong>illud</strong></span> <span class='ocrx_word' id='word_1_103' title='bbox 3238 994 3531 1055; x_wconf 79' lang='lat' dir='ltr'><strong>perpetrat.</strong></span> 
     </span>
    </p>
   </div>
   <div class='ocr_carea' id='block_1_16' title="bbox 293 1067 1823 1146">
    <p class='ocr_par' dir='ltr' id='par_1_16' title="bbox 293 1067 1810 1142">
     <span class='ocr_line' id='line_1_16' title="bbox 293 1067 1810 1142; baseline 0.005 -22"><span class='ocrx_word' id='word_1_104' title='bbox 293 1069 520 1139; x_wconf 80' lang='grc' dir='ltr'>πράξεις</span> <span class='ocrx_word' id='word_1_105' title='bbox 571 1067 658 1121; x_wconf 88' lang='grc' dir='ltr'><strong>διά</strong></span> <span class='ocrx_word' id='word_1_106' title='bbox 688 1067 964 1138; x_wconf 83' lang='grc' dir='ltr'><strong>λογισμῶν</strong></span> <span class='ocrx_word' id='word_1_107' title='bbox 998 1069 1097 1122; x_wconf 81' lang='grc' dir='ltr'><strong>οὐκ</strong></span> <span class='ocrx_word' id='word_1_108' title='bbox 1128 1068 1383 1139; x_wconf 88' lang='grc' dir='ltr'>ὀχλεῖται.</span> <span class='ocrx_word' id='word_1_109' title='bbox 1433 1071 1710 1142; x_wconf 79' lang='grc' dir='ltr'>Ἠρὼτησε</span> <span class='ocrx_word' id='word_1_110' title='bbox 1753 1074 1810 1127; x_wconf 81' lang='grc' dir='ltr'>δὲ</span> 
     </span>
    </p>
   </div>
   <div class='ocr_carea' id='block_1_17' title="bbox 2004 1067 3534 1146">
    <p class='ocr_par' dir='ltr' id='par_1_17' title="bbox 2004 1076 3534 1146">
     <span class='ocr_line' id='line_1_17' title="bbox 2004 1076 3534 1146; baseline 0.002 -18"><span class='ocrx_word' id='word_1_111' title='bbox 2004 1076 2178 1132; x_wconf 72' lang='grc' dir='ltr'>ἰιθηὶιιι</span> <span class='ocrx_word' id='word_1_112' title='bbox 2210 1076 2302 1146; x_wconf 85' lang='lat' dir='ltr'><strong>qui</strong></span> <span class='ocrx_word' id='word_1_113' title='bbox 2349 1076 2604 1146; x_wconf 89' lang='lat' dir='ltr'><strong>operibus</strong></span> <span class='ocrx_word' id='word_1_114' title='bbox 2650 1077 2915 1145; x_wconf 88' lang='lat' dir='ltr'><strong>complet,</strong></span> <span class='ocrx_word' id='word_1_115' title='bbox 2961 1092 3068 1130; x_wconf 90' lang='lat' dir='ltr'><strong>non</strong></span> <span class='ocrx_word' id='word_1_116' title='bbox 3112 1077 3316 1146; x_wconf 88' lang='lat' dir='ltr'><strong>patitur</strong></span> <span class='ocrx_word' id='word_1_117' title='bbox 3363 1077 3534 1132; x_wconf 76' lang='lat' dir='ltr'><strong>mole-</strong></span> 
     </span>
    </p>
   </div>
   <div class='ocr_carea' id='block_1_18' title="bbox 292 1158 1822 1238">
    <p class='ocr_par' dir='ltr' id='par_1_18' title="bbox 292 1158 1822 1234">
     <span class='ocr_line' id='line_1_18' title="bbox 292 1158 1822 1234; baseline 0.003 -22"><span class='ocrx_word' id='word_1_118' title='bbox 292 1160 469 1232; x_wconf 85' lang='grc' dir='ltr'>γέρων</span> <span class='ocrx_word' id='word_1_119' title='bbox 506 1158 597 1212; x_wconf 75' lang='grc' dir='ltr'>τὸν</span> <span class='ocrx_word' id='word_1_120' title='bbox 624 1158 889 1228; x_wconf 63' lang='grc' dir='ltr'>ἀδελφὸν,</span> <span class='ocrx_word' id='word_1_121' title='bbox 931 1159 1126 1228; x_wconf 87' lang='grc' dir='ltr'>λέγων.</span> <span class='ocrx_word' id='word_1_122' title='bbox 1162 1161 1253 1232; x_wconf 82' lang='grc' dir='ltr'><strong>Μὴ</strong></span> <span class='ocrx_word' id='word_1_123' title='bbox 1290 1161 1572 1233; x_wconf 78' lang='grc' dir='ltr'>συνήθειαν</span> <span class='ocrx_word' id='word_1_124' title='bbox 1599 1163 1743 1234; x_wconf 81' lang='grc' dir='ltr'>ἔχεις</span> <span class='ocrx_word' id='word_1_125' title='bbox 1788 1170 1822 1217; x_wconf 91' lang='grc' dir='ltr'><strong>ε</strong></span> 
     </span>
    </p>
   </div>
   <div class='ocr_carea' id='block_1_19' title="bbox 2005 1158 3535 1238">
    <p class='ocr_par' dir='ltr' id='par_1_19' title="bbox 2005 1163 3535 1238">
     <span class='ocr_line' id='line_1_19' title="bbox 2005 1163 3535 1238; baseline 0.003 -20"><span class='ocrx_word' id='word_1_126' title='bbox 2005 1163 2129 1218; x_wconf 83' lang='lat' dir='ltr'><strong>tiam</strong></span> <span class='ocrx_word' id='word_1_127' title='bbox 2161 1181 2228 1220; x_wconf 80' lang='lat' dir='ltr'><strong>ex</strong></span> <span class='ocrx_word' id='word_1_128' title='bbox 2264 1165 2705 1235; x_wconf 81' lang='lat' dir='ltr'><strong>cogitationibus.</strong></span> <span class='ocrx_word' id='word_1_129' title='bbox 2755 1164 3110 1238; x_wconf 79' lang='lat' dir='ltr'><strong>Interrogavit</strong></span> <span class='ocrx_word' id='word_1_130' title='bbox 3153 1175 3331 1220; x_wconf 81' lang='lat' dir='ltr'><strong>autem</strong></span> <span class='ocrx_word' id='word_1_131' title='bbox 3368 1182 3535 1223; x_wconf 77' lang='lat' dir='ltr'><strong>senex</strong></span> 
     </span>
    </p>
   </div>
   <div class='ocr_carea' id='block_1_20' title="bbox 290 1247 1820 1325">
    <p class='ocr_par' dir='ltr' id='par_1_20' title="bbox 290 1247 1820 1322">
     <span class='ocr_line' id='line_1_20' title="bbox 290 1247 1820 1322; baseline 0.005 -19"><span class='ocrx_word' id='word_1_132' title='bbox 290 1250 507 1322; x_wconf 80' lang='grc' dir='ltr'><strong>ὁμιλίαν</strong></span> <span class='ocrx_word' id='word_1_133' title='bbox 537 1250 833 1319; x_wconf 87' lang='grc' dir='ltr'>γυναικός;</span> <span class='ocrx_word' id='word_1_134' title='bbox 866 1252 974 1306; x_wconf 98' lang='lat' dir='ltr'><strong>Kal</strong></span> <span class='ocrx_word' id='word_1_135' title='bbox 1007 1247 1159 1306; x_wconf 77' lang='grc' dir='ltr'>εἶπεν</span> <span class='ocrx_word' id='word_1_136' title='bbox 1185 1254 1212 1305; x_wconf 91' lang='lat'><strong>6</strong></span> <span class='ocrx_word' id='word_1_137' title='bbox 1236 1253 1488 1322; x_wconf 80' lang='grc' dir='ltr'>ἀδελφός·</span> <span class='ocrx_word' id='word_1_138' title='bbox 1522 1254 1615 1308; x_wconf 75' lang='grc' dir='ltr'><strong>Οὔ·</strong></span> <span class='ocrx_word' id='word_1_139' title='bbox 1649 1257 1820 1310; x_wconf 71' lang='grc' dir='ltr'>παλαι</span> 
     </span>
    </p>
   </div>
   <div class='ocr_carea' id='block_1_21' title="bbox 2004 1247 3534 1325">
    <p class='ocr_par' dir='ltr' id='par_1_21' title="bbox 2004 1252 3534 1325">
     <span class='ocr_line' id='line_1_21' title="bbox 2004 1252 3534 1325; baseline 0.002 -19"><span class='ocrx_word' id='word_1_140' title='bbox 2004 1263 2190 1307; x_wconf 75' lang='lat' dir='ltr'><strong>ratrem</strong></span> <span class='ocrx_word' id='word_1_141' title='bbox 2218 1272 2230 1307; x_wconf 93' lang='lat'><strong>:</strong></span> <span class='ocrx_word' id='word_1_142' title='bbox 2257 1252 2395 1306; x_wconf 84' lang='lat' dir='ltr'><strong>Num</strong></span> <span class='ocrx_word' id='word_1_143' title='bbox 2427 1255 2758 1308; x_wconf 89' lang='lat' dir='ltr'><strong>consuevisti</strong></span> <span class='ocrx_word' id='word_1_144' title='bbox 2786 1271 2909 1308; x_wconf 90' lang='lat' dir='ltr'><strong>cum</strong></span> <span class='ocrx_word' id='word_1_145' title='bbox 2943 1256 3210 1310; x_wconf 84' lang='lat' dir='ltr'><strong>muliere?</strong></span> <span class='ocrx_word' id='word_1_146' title='bbox 3237 1255 3534 1325; x_wconf 82' lang='lat' dir='ltr'><strong>Respondit</strong></span> 
     </span>
    </p>
   </div>
   <div class='ocr_carea' id='block_1_22' title="bbox 294 1341 1824 1420">
    <p class='ocr_par' dir='ltr' id='par_1_22' title="bbox 294 1341 1824 1420">
     <span class='ocr_line' id='line_1_22' title="bbox 294 1341 1824 1420; baseline 0.003 -26"><span class='ocrx_word' id='word_1_147' title='bbox 294 1344 388 1394; x_wconf 80' lang='grc' dir='ltr'><strong>καὶ</strong></span> <span class='ocrx_word' id='word_1_148' title='bbox 421 1343 530 1395; x_wconf 89' lang='grc' dir='ltr'>νέοι</span> <span class='ocrx_word' id='word_1_149' title='bbox 560 1341 841 1420; x_wconf 77' lang='grc' dir='ltr'><strong>ζωγράφοι</strong></span> <span class='ocrx_word' id='word_1_150' title='bbox 871 1343 1008 1396; x_wconf 74' lang='grc' dir='ltr'>εἰσὶν</span> <span class='ocrx_word' id='word_1_151' title='bbox 1033 1344 1083 1396; x_wconf 74' lang='grc' dir='ltr'><strong>οἱ</strong></span> <span class='ocrx_word' id='word_1_152' title='bbox 1110 1343 1357 1414; x_wconf 85' lang='grc' dir='ltr'>λογισμοί</span> <span class='ocrx_word' id='word_1_153' title='bbox 1387 1361 1510 1415; x_wconf 71' lang='grc' dir='ltr'>μου*</span> <span class='ocrx_word' id='word_1_154' title='bbox 1550 1347 1758 1418; x_wconf 82' lang='grc' dir='ltr'>μνῆμαί</span> <span class='ocrx_word' id='word_1_155' title='bbox 1789 1366 1824 1400; x_wconf 57' lang='grc' dir='ltr'><strong>ει</strong></span> 
     </span>
    </p>
   </div>
   <div class='ocr_carea' id='block_1_23' title="bbox 2007 1341 3537 1420">
    <p class='ocr_par' dir='ltr' id='par_1_23' title="bbox 2007 1343 3537 1416">
     <span class='ocr_line' id='line_1_23' title="bbox 2007 1343 3537 1416; baseline 0.003 -21"><span class='ocrx_word' id='word_1_156' title='bbox 2007 1352 2135 1398; x_wconf 73' lang='grc' dir='ltr'>-ιιιει-</span> <span class='ocrx_word' id='word_1_157' title='bbox 2169 1361 2182 1398; x_wconf 90' lang='lat'><strong>:</strong></span> <span class='ocrx_word' id='word_1_158' title='bbox 2217 1343 2366 1409; x_wconf 83' lang='lat' dir='ltr'><strong>Non;</strong></span> <span class='ocrx_word' id='word_1_159' title='bbox 2401 1354 2608 1398; x_wconf 84' lang='lat' dir='ltr'><strong>veteres</strong></span> <span class='ocrx_word' id='word_1_160' title='bbox 2641 1359 2706 1397; x_wconf 87' lang='lat' dir='ltr'><strong>ac</strong></span> <span class='ocrx_word' id='word_1_161' title='bbox 2745 1345 2869 1398; x_wconf 86' lang='lat' dir='ltr'><strong>novi</strong></span> <span class='ocrx_word' id='word_1_162' title='bbox 2908 1346 3142 1414; x_wconf 88' lang='lat' dir='ltr'><strong>pictores</strong></span> <span class='ocrx_word' id='word_1_163' title='bbox 3169 1355 3296 1402; x_wconf 91' lang='lat' dir='ltr'><strong>sunt</strong></span> <span class='ocrx_word' id='word_1_164' title='bbox 3329 1348 3537 1416; x_wconf 86' lang='lat' dir='ltr'><strong>cogita-</strong></span> 
     </span>
    </p>
   </div>
   <div class='ocr_carea' id='block_1_24' title="bbox 295 1431 1825 1506">
    <p class='ocr_par' dir='ltr' id='par_1_24' title="bbox 295 1431 1825 1503">
     <span class='ocr_line' id='line_1_24' title="bbox 295 1431 1825 1503; baseline 0.004 -18"><span class='ocrx_word' id='word_1_165' title='bbox 295 1449 376 1485; x_wconf 87' lang='grc' dir='ltr'><strong>σιν</strong></span> <span class='ocrx_word' id='word_1_166' title='bbox 443 1431 699 1503; x_wconf 81' lang='grc' dir='ltr'>όχλοῦσαί</span> <span class='ocrx_word' id='word_1_167' title='bbox 759 1450 872 1503; x_wconf 90' lang='grc' dir='ltr'>μοι,</span> <span class='ocrx_word' id='word_1_168' title='bbox 928 1433 1023 1487; x_wconf 74' lang='grc' dir='ltr'><strong>καὶ</strong></span> <span class='ocrx_word' id='word_1_169' title='bbox 1082 1435 1357 1502; x_wconf 82' lang='grc' dir='ltr'>γυναικῶν</span> <span class='ocrx_word' id='word_1_170' title='bbox 1413 1436 1623 1490; x_wconf 77' lang='grc' dir='ltr'>εἴδωλα.</span> <span class='ocrx_word' id='word_1_171' title='bbox 1697 1438 1755 1491; x_wconf 88' lang='grc' dir='ltr'>Ὁ</span> <span class='ocrx_word' id='word_1_172' title='bbox 1811 1437 1825 1490; x_wconf 74' lang='grc' dir='ltr'><strong>ἑ</strong></span> 
     </span>
    </p>
   </div>
   <div class='ocr_carea' id='block_1_25' title="bbox 2009 1431 3539 1506">
    <p class='ocr_par' dir='ltr' id='par_1_25' title="bbox 2013 1433 3539 1506">
     <span class='ocr_line' id='line_1_25' title="bbox 2013 1433 3539 1506; baseline 0.005 -21"><span class='ocrx_word' id='word_1_173' title='bbox 2013 1447 2144 1486; x_wconf 91' lang='lat' dir='ltr'><strong>ones</strong></span> <span class='ocrx_word' id='word_1_174' title='bbox 2193 1448 2356 1499; x_wconf 66' lang='lat' dir='ltr'><strong>meae;</strong></span> <span class='ocrx_word' id='word_1_175' title='bbox 2402 1433 2810 1490; x_wconf 88' lang='lat' dir='ltr'><strong>recordationes</strong></span> <span class='ocrx_word' id='word_1_176' title='bbox 2850 1443 2978 1490; x_wconf 91' lang='lat' dir='ltr'><strong>sunt</strong></span> <span class='ocrx_word' id='word_1_177' title='bbox 3023 1453 3143 1506; x_wconf 74' lang='lat' dir='ltr'><strong>qua:</strong></span> <span class='ocrx_word' id='word_1_178' title='bbox 3192 1439 3324 1492; x_wconf 89' lang='lat' dir='ltr'><strong>mibi</strong></span> <span class='ocrx_word' id='word_1_179' title='bbox 3368 1438 3539 1493; x_wconf 89' lang='lat' dir='ltr'><strong>mole-</strong></span> 
     </span>
    </p>
   </div>
   <div class='ocr_carea' id='block_1_26' title="bbox 292 1521 1822 1594">
    <p class='ocr_par' dir='ltr' id='par_1_26' title="bbox 292 1521 1822 1594">
     <span class='ocr_line' id='line_1_26' title="bbox 292 1521 1822 1594; baseline 0.004 -20"><span class='ocrx_word' id='word_1_180' title='bbox 292 1521 468 1592; x_wconf 83' lang='grc' dir='ltr'>γέρων</span> <span class='ocrx_word' id='word_1_181' title='bbox 512 1523 651 1594; x_wconf 84' lang='grc' dir='ltr'>πρὸς</span> <span class='ocrx_word' id='word_1_182' title='bbox 701 1526 878 1579; x_wconf 74' lang='grc' dir='ltr'>αὐτόν’</span> <span class='ocrx_word' id='word_1_183' title='bbox 922 1524 1168 1594; x_wconf 83' lang='grc' dir='ltr'>Νεκροὺς</span> <span class='ocrx_word' id='word_1_184' title='bbox 1215 1523 1290 1594; x_wconf 81' lang='grc' dir='ltr'>μὴ</span> <span class='ocrx_word' id='word_1_185' title='bbox 1345 1524 1532 1594; x_wconf 83' lang='grc' dir='ltr'>φοϐοῦ·</span> <span class='ocrx_word' id='word_1_186' title='bbox 1576 1525 1709 1580; x_wconf 89' lang='grc' dir='ltr'><strong>ἀλλά</strong></span> <span class='ocrx_word' id='word_1_187' title='bbox 1741 1529 1822 1580; x_wconf 74' lang='grc' dir='ltr'>τοὶ</span> 
     </span>
    </p>
   </div>
   <div class='ocr_carea' id='block_1_27' title="bbox 2002 1521 3532 1594">
    <p class='ocr_par' dir='ltr' id='par_1_27' title="bbox 2002 1525 3532 1588">
     <span class='ocr_line' id='line_1_27' title="bbox 2002 1525 3532 1588; baseline 0.004 -11"><span class='ocrx_word' id='word_1_188' title='bbox 2002 1526 2127 1577; x_wconf 89' lang='lat' dir='ltr'><strong>tiam</strong></span> <span class='ocrx_word' id='word_1_189' title='bbox 2160 1525 2439 1588; x_wconf 86' lang='lat' dir='ltr'><strong>exhibent,</strong></span> <span class='ocrx_word' id='word_1_190' title='bbox 2473 1541 2681 1579; x_wconf 84' lang='lat' dir='ltr'><strong>necnon</strong></span> <span class='ocrx_word' id='word_1_191' title='bbox 2719 1527 3006 1582; x_wconf 83' lang='lat' dir='ltr'><strong>mulierum</strong></span> <span class='ocrx_word' id='word_1_192' title='bbox 3047 1529 3361 1585; x_wconf 88' lang='lat' dir='ltr'><strong>simulacra.</strong></span> <span class='ocrx_word' id='word_1_193' title='bbox 3395 1530 3532 1583; x_wconf 89' lang='lat' dir='ltr'><strong>Tum</strong></span> 
     </span>
    </p>
   </div>
   <div class='ocr_carea' id='block_1_28' title="bbox 183 1613 1713 1689">
    <p class='ocr_par' dir='ltr' id='par_1_28' title="bbox 183 1613 1713 1687">
     <span class='ocr_line' id='line_1_28' title="bbox 183 1613 1713 1687; baseline 0.003 -21"><span class='ocrx_word' id='word_1_194' title='bbox 183 1629 185 1632; x_wconf 73' lang='lat'><em>‘</em></span> <span class='ocrx_word' id='word_1_195' title='bbox 293 1613 500 1678; x_wconf 79' lang='grc' dir='ltr'>ζῶντας</span> <span class='ocrx_word' id='word_1_196' title='bbox 559 1615 748 1686; x_wconf 80' lang='grc' dir='ltr'>φεῦγε,</span> <span class='ocrx_word' id='word_1_197' title='bbox 807 1618 900 1672; x_wconf 70' lang='grc' dir='ltr'><strong>καὶ</strong></span> <span class='ocrx_word' id='word_1_198' title='bbox 958 1615 1271 1672; x_wconf 84' lang='grc' dir='ltr'>ἐπεκτείνου</span> <span class='ocrx_word' id='word_1_199' title='bbox 1318 1618 1516 1687; x_wconf 81' lang='grc' dir='ltr'>μᾶλλον</span> <span class='ocrx_word' id='word_1_200' title='bbox 1571 1620 1652 1680; x_wconf 83' lang='grc' dir='ltr'><strong>είς</strong></span> <span class='ocrx_word' id='word_1_201' title='bbox 1700 1637 1713 1671; x_wconf 76' lang='lat'><strong>1</strong></span> 
     </span>
    </p>
   </div>
   <div class='ocr_carea' id='block_1_29' title="bbox 2002 1613 3532 1689">
    <p class='ocr_par' dir='ltr' id='par_1_29' title="bbox 2002 1613 3532 1688">
     <span class='ocr_line' id='line_1_29' title="bbox 2002 1613 3532 1688; baseline 0.004 -22"><span class='ocrx_word' id='word_1_202' title='bbox 2002 1628 2136 1667; x_wconf 81' lang='lat' dir='ltr'><strong>enex</strong></span> <span class='ocrx_word' id='word_1_203' title='bbox 2162 1614 2228 1666; x_wconf 90' lang='lat' dir='ltr'><strong>ad</strong></span> <span class='ocrx_word' id='word_1_204' title='bbox 2259 1629 2380 1668; x_wconf 89' lang='lat' dir='ltr'><strong>eum</strong></span> <span class='ocrx_word' id='word_1_205' title='bbox 2408 1632 2422 1668; x_wconf 86' lang='lat'><strong>:</strong></span> <span class='ocrx_word' id='word_1_206' title='bbox 2452 1613 2694 1668; x_wconf 83' lang='lat' dir='ltr'><strong>Mortuos</strong></span> <span class='ocrx_word' id='word_1_207' title='bbox 2721 1631 2790 1669; x_wconf 86' lang='lat' dir='ltr'><strong>ne</strong></span> <span class='ocrx_word' id='word_1_208' title='bbox 2829 1616 3042 1682; x_wconf 89' lang='lat' dir='ltr'><strong>timeas,</strong></span> <span class='ocrx_word' id='word_1_209' title='bbox 3073 1618 3166 1672; x_wconf 88' lang='lat' dir='ltr'><strong>sed</strong></span> <span class='ocrx_word' id='word_1_210' title='bbox 3196 1618 3322 1688; x_wconf 80' lang='lat' dir='ltr'><strong>fuge</strong></span> <span class='ocrx_word' id='word_1_211' title='bbox 3359 1621 3532 1682; x_wconf 88' lang='lat' dir='ltr'><strong>vivos,</strong></span> 
     </span>
    </p>
   </div>
   <div class='ocr_carea' id='block_1_30' title="bbox 291 1705 1821 1777">
    <p class='ocr_par' dir='ltr' id='par_1_30' title="bbox 291 1706 479 1777">
     <span class='ocr_line' id='line_1_30' title="bbox 291 1706 479 1777; baseline 0.011 -19"><span class='ocrx_word' id='word_1_212' title='bbox 291 1706 479 1777; x_wconf 81' lang='grc' dir='ltr'>ευχήν.</span> 
     </span>
    </p>
   </div>
   <div class='ocr_carea' id='block_1_31' title="bbox 1250 1705 2780 1777">
    <p class='ocr_par' dir='ltr' id='par_1_31' title="bbox 1967 1705 2780 1776">
     <span class='ocr_line' id='line_1_31' title="bbox 1967 1705 2780 1776; baseline 0.006 -19"><span class='ocrx_word' id='word_1_213' title='bbox 1967 1705 2249 1776; x_wconf 83' lang='lat' dir='ltr'><strong>magisque</strong></span> <span class='ocrx_word' id='word_1_214' title='bbox 2282 1720 2470 1775; x_wconf 82' lang='lat' dir='ltr'><strong>preces</strong></span> <span class='ocrx_word' id='word_1_215' title='bbox 2499 1707 2780 1776; x_wconf 87' lang='lat' dir='ltr'><strong>protende.</strong></span> 
     </span>
    </p>
   </div>
   <div class='ocr_carea' id='block_1_32' title="bbox 653 1795 2183 1898">
    <p class='ocr_par' dir='ltr' id='par_1_32' title="bbox 653 1795 1940 1898">
     <span class='ocr_line' id='line_1_32' title="bbox 653 1795 1940 1898; baseline 0.004 -23"><span class='ocrx_word' id='word_1_216' title='bbox 653 1815 660 1822; x_wconf 70' lang='grc'><em>’</em></span> <span class='ocrx_word' id='word_1_217' title='bbox 747 1821 912 1898; x_wconf 78' lang='grc' dir='ltr'>Ἀρχὴ</span> <span class='ocrx_word' id='word_1_218' title='bbox 934 1820 1026 1875; x_wconf 79' lang='grc' dir='ltr'><strong>τοῦ</strong></span> <span class='ocrx_word' id='word_1_219' title='bbox 1060 1824 1106 1877; x_wconf 89' lang='grc' dir='ltr'><strong>Λ</strong></span> <span class='ocrx_word' id='word_1_220' title='bbox 1135 1839 1418 1894; x_wconf 77' lang='grc' dir='ltr'>στοιχειου.</span> <span class='ocrx_word' id='word_1_221' title='bbox 1896 1795 1940 1849; x_wconf 78' lang='grc' dir='ltr'><strong>Β</strong></span> 
     </span>
    </p>
   </div>
   <div class='ocr_carea' id='block_1_33' title="bbox 1553 1795 3083 1898">
    <p class='ocr_par' dir='ltr' id='par_1_33' title="bbox 1896 1795 3083 1889">
     <span class='ocr_line' id='line_1_33' title="bbox 1896 1795 3083 1889; baseline 0.004 -18"><span class='ocrx_word' id='word_1_222' title='bbox 1896 1795 1940 1849; x_wconf 78' lang='grc' dir='ltr'><strong>Β</strong></span> <span class='ocrx_word' id='word_1_223' title='bbox 2418 1818 2752 1889; x_wconf 87' lang='lat' dir='ltr'><strong>Principium</strong></span> <span class='ocrx_word' id='word_1_224' title='bbox 2791 1820 2985 1876; x_wconf 77' lang='lat' dir='ltr'><strong>litterae</strong></span> <span class='ocrx_word' id='word_1_225' title='bbox 3020 1820 3083 1876; x_wconf 93' lang='lat' dir='ltr'><strong>L.</strong></span> 
     </span>
    </p>
   </div>
   <div class='ocr_carea' id='block_1_34' title="bbox 681 1934 2211 2002">
    <p class='ocr_par' dir='ltr' id='par_1_34' title="bbox 681 1936 1475 2002">
     <span class='ocr_line' id='line_1_34' title="bbox 681 1936 1475 2002; baseline 0.005 -14"><span class='ocrx_word' id='word_1_226' title='bbox 681 1936 822 2002; x_wconf 78' lang='grc' dir='ltr'><strong>Περὶ</strong></span> <span class='ocrx_word' id='word_1_227' title='bbox 867 1936 974 1990; x_wconf 85' lang='grc' dir='ltr'>τοῦ</span> <span class='ocrx_word' id='word_1_228' title='bbox 1014 1936 1162 1991; x_wconf 79' lang='grc' dir='ltr'>ἁϐϐᾶ</span> <span class='ocrx_word' id='word_1_229' title='bbox 1197 1937 1475 1992; x_wconf 83' lang='grc' dir='ltr'><strong>Λουκίου.</strong></span> 
     </span>
    </p>
   </div>
   <div class='ocr_carea' id='block_1_35' title="bbox 1477 1934 3007 2002">
    <p class='ocr_par' dir='ltr' id='par_1_35' title="bbox 2492 1934 3007 1990">
     <span class='ocr_line' id='line_1_35' title="bbox 2492 1934 3007 1990; baseline 0.004 -2"><span class='ocrx_word' id='word_1_230' title='bbox 2492 1934 2566 1989; x_wconf 88' lang='lat' dir='ltr'><strong>De</strong></span> <span class='ocrx_word' id='word_1_231' title='bbox 2605 1935 2791 1989; x_wconf 79' lang='lat' dir='ltr'><strong>abbate</strong></span> <span class='ocrx_word' id='word_1_232' title='bbox 2824 1935 3007 1990; x_wconf 83' lang='lat' dir='ltr'><strong>Lucio.</strong></span> 
     </span>
    </p>
   </div>
   <div class='ocr_carea' id='block_1_36' title="bbox 355 2041 1885 2117">
    <p class='ocr_par' dir='ltr' id='par_1_36' title="bbox 355 2041 1868 2117">
     <span class='ocr_line' id='line_1_36' title="bbox 355 2041 1868 2117; baseline 0.002 -19"><span class='ocrx_word' id='word_1_233' title='bbox 355 2041 678 2114; x_wconf 84' lang='grc' dir='ltr'>Παρέϐαλόν</span> <span class='ocrx_word' id='word_1_234' title='bbox 732 2045 864 2098; x_wconf 83' lang='grc' dir='ltr'>ποτέ</span> <span class='ocrx_word' id='word_1_235' title='bbox 914 2063 1057 2109; x_wconf 86' lang='grc' dir='ltr'>τινες</span> <span class='ocrx_word' id='word_1_236' title='bbox 1088 2045 1167 2116; x_wconf 79' lang='grc' dir='ltr'><strong>τῷ</strong></span> <span class='ocrx_word' id='word_1_237' title='bbox 1203 2045 1345 2117; x_wconf 85' lang='grc' dir='ltr'>ἀϐϐᾷ</span> <span class='ocrx_word' id='word_1_238' title='bbox 1384 2046 1600 2117; x_wconf 86' lang='grc' dir='ltr'>Λουκίῳ</span> <span class='ocrx_word' id='word_1_239' title='bbox 1631 2047 1673 2079; x_wconf 86' lang='grc'><strong>¹⁶</strong></span> <span class='ocrx_word' id='word_1_240' title='bbox 1702 2048 1782 2109; x_wconf 88' lang='grc' dir='ltr'><strong>εἰς</strong></span> <span class='ocrx_word' id='word_1_241' title='bbox 1807 2048 1868 2101; x_wconf 82' lang='grc' dir='ltr'>τὸ</span> 
     </span>
    </p>
   </div>
   <div class='ocr_carea' id='block_1_37' title="bbox 2006 2041 3536 2117">
    <p class='ocr_par' dir='ltr' id='par_1_37' title="bbox 2039 2043 3536 2116">
     <span class='ocr_line' id='line_1_37' title="bbox 2039 2043 3536 2116; baseline 0.004 -21"><span class='ocrx_word' id='word_1_242' title='bbox 2039 2043 2149 2112; x_wconf 84' lang='grc'>(75)</span> <span class='ocrx_word' id='word_1_243' title='bbox 2190 2043 2468 2100; x_wconf 83' lang='lat' dir='ltr'><strong>Venerunt</strong></span> <span class='ocrx_word' id='word_1_244' title='bbox 2519 2047 2813 2116; x_wconf 86' lang='lat' dir='ltr'><strong>aliquando</strong></span> <span class='ocrx_word' id='word_1_245' title='bbox 2863 2047 3109 2101; x_wconf 91' lang='lat' dir='ltr'><strong>nonnulli</strong></span> <span class='ocrx_word' id='word_1_246' title='bbox 3166 2047 3232 2102; x_wconf 90' lang='lat' dir='ltr'><strong>ad</strong></span> <span class='ocrx_word' id='word_1_247' title='bbox 3285 2047 3536 2102; x_wconf 82' lang='lat' dir='ltr'><strong>abbatem</strong></span> 
     </span>
    </p>
   </div>
   <div class='ocr_carea' id='block_1_38' title="bbox 294 2137 1824 2213">
    <p class='ocr_par' dir='ltr' id='par_1_38' title="bbox 294 2140 1824 2213">
     <span class='ocr_line' id='line_1_38' title="bbox 294 2140 1824 2213; baseline 0.002 -21"><span class='ocrx_word' id='word_1_248' title='bbox 294 2140 543 2204; x_wconf 84' lang='grc' dir='ltr'>Ἔνατον,</span> <span class='ocrx_word' id='word_1_249' title='bbox 565 2142 615 2193; x_wconf 84' lang='grc' dir='ltr'><strong>οἱ</strong></span> <span class='ocrx_word' id='word_1_250' title='bbox 648 2140 929 2211; x_wconf 78' lang='grc' dir='ltr'>λεγόμενοι</span> <span class='ocrx_word' id='word_1_251' title='bbox 962 2141 1217 2194; x_wconf 84' lang='grc' dir='ltr'>Εὑκτῖται</span> <span class='ocrx_word' id='word_1_252' title='bbox 1241 2141 1304 2206; x_wconf 81' lang='grc'><strong>¹¹,</strong></span> <span class='ocrx_word' id='word_1_253' title='bbox 1330 2141 1572 2212; x_wconf 74' lang='grc' dir='ltr'>μοναχοίο</span> <span class='ocrx_word' id='word_1_254' title='bbox 1603 2142 1694 2195; x_wconf 77' lang='grc' dir='ltr'><strong>καὶ</strong></span> <span class='ocrx_word' id='word_1_255' title='bbox 1723 2142 1824 2213; x_wconf 76' lang='grc' dir='ltr'><strong>ὴριὶ</strong></span> 
     </span>
    </p>
   </div>
   <div class='ocr_carea' id='block_1_39' title="bbox 2003 2137 3533 2213">
    <p class='ocr_par' dir='ltr' id='par_1_39' title="bbox 2003 2139 3533 2209">
     <span class='ocr_line' id='line_1_39' title="bbox 2003 2139 3533 2209; baseline 0.004 -21"><span class='ocrx_word' id='word_1_256' title='bbox 2003 2139 2192 2191; x_wconf 82' lang='lat' dir='ltr'><strong>.ueium</strong></span> <span class='ocrx_word' id='word_1_257' title='bbox 2236 2140 2289 2192; x_wconf 94' lang='lat' dir='ltr'><strong>in</strong></span> <span class='ocrx_word' id='word_1_258' title='bbox 2344 2139 2542 2205; x_wconf 79' lang='lat' dir='ltr'><strong>Enato,</strong></span> <span class='ocrx_word' id='word_1_259' title='bbox 2594 2155 2658 2194; x_wconf 78' lang='lat' dir='ltr'><strong>ex</strong></span> <span class='ocrx_word' id='word_1_260' title='bbox 2713 2139 2778 2195; x_wconf 82' lang='lat' dir='ltr'><strong>iis</strong></span> <span class='ocrx_word' id='word_1_261' title='bbox 2837 2140 2931 2209; x_wconf 89' lang='lat' dir='ltr'><strong>qui</strong></span> <span class='ocrx_word' id='word_1_262' title='bbox 2973 2139 3230 2194; x_wconf 89' lang='lat' dir='ltr'><strong>dicuntur</strong></span> <span class='ocrx_word' id='word_1_263' title='bbox 3285 2139 3533 2204; x_wconf 73' lang='lat' dir='ltr'><strong>Enctitze,</strong></span> 
     </span>
    </p>
   </div>
   <div class='ocr_carea' id='block_1_40' title="bbox 289 2227 1819 2303">
    <p class='ocr_par' dir='ltr' id='par_1_40' title="bbox 289 2231 1819 2303">
     <span class='ocr_line' id='line_1_40' title="bbox 289 2231 1819 2303; baseline 0.001 -19"><span class='ocrx_word' id='word_1_264' title='bbox 289 2247 457 2301; x_wconf 78' lang='grc' dir='ltr'>τησεν</span> <span class='ocrx_word' id='word_1_265' title='bbox 486 2232 686 2294; x_wconf 83' lang='grc' dir='ltr'>αὐτοὺς</span> <span class='ocrx_word' id='word_1_266' title='bbox 714 2233 743 2284; x_wconf 93' lang='lat'><strong>6</strong></span> <span class='ocrx_word' id='word_1_267' title='bbox 771 2232 970 2302; x_wconf 59' lang='grc' dir='ltr'>γέρων</span> <span class='ocrx_word' id='word_1_268' title='bbox 995 2232 1059 2284; x_wconf 92' lang='grc' dir='ltr'>Τί</span> <span class='ocrx_word' id='word_1_269' title='bbox 1083 2231 1144 2284; x_wconf 84' lang='grc' dir='ltr'>τὸ</span> <span class='ocrx_word' id='word_1_270' title='bbox 1167 2231 1478 2302; x_wconf 84' lang='grc' dir='ltr'>ἐργόχειρον</span> <span class='ocrx_word' id='word_1_271' title='bbox 1505 2232 1690 2303; x_wconf 81' lang='grc' dir='ltr'><strong>ὑμῶν;</strong></span> <span class='ocrx_word' id='word_1_272' title='bbox 1719 2234 1781 2287; x_wconf 79' lang='lat' dir='ltr'><strong>Ol</strong></span> <span class='ocrx_word' id='word_1_273' title='bbox 1809 2235 1819 2285; x_wconf 72' lang='grc' dir='ltr'>ἑ</span> 
     </span>
    </p>
   </div>
   <div class='ocr_carea' id='block_1_41' title="bbox 2005 2227 3535 2303">
    <p class='ocr_par' dir='ltr' id='par_1_41' title="bbox 2005 2227 3535 2297">
     <span class='ocr_line' id='line_1_41' title="bbox 2005 2227 3535 2297; baseline 0.001 -17"><span class='ocrx_word' id='word_1_274' title='bbox 2005 2228 2258 2294; x_wconf 70' lang='grc' dir='ltr'>ιοηοειιίς</span> <span class='ocrx_word' id='word_1_275' title='bbox 2310 2237 2364 2282; x_wconf 89' lang='lat' dir='ltr'><strong>et</strong></span> <span class='ocrx_word' id='word_1_276' title='bbox 2419 2229 2774 2297; x_wconf 81' lang='lat' dir='ltr'><strong>interrogavit</strong></span> <span class='ocrx_word' id='word_1_277' title='bbox 2832 2244 2930 2283; x_wconf 90' lang='lat' dir='ltr'><strong>eos</strong></span> <span class='ocrx_word' id='word_1_278' title='bbox 2993 2243 3213 2283; x_wconf 78' lang='lat' dir='ltr'><strong>senex:</strong></span> <span class='ocrx_word' id='word_1_279' title='bbox 3267 2227 3535 2294; x_wconf 85' lang='lat' dir='ltr'><strong>Quidnam</strong></span> 
     </span>
    </p>
   </div>
   <div class='ocr_carea' id='block_1_42' title="bbox 287 2319 1817 2395">
    <p class='ocr_par' dir='ltr' id='par_1_42' title="bbox 287 2321 1817 2395">
     <span class='ocr_line' id='line_1_42' title="bbox 287 2321 1817 2395; baseline 0.001 -18"><span class='ocrx_word' id='word_1_280' title='bbox 287 2321 463 2378; x_wconf 82' lang='grc' dir='ltr'>εἶπον·</span> <span class='ocrx_word' id='word_1_281' title='bbox 491 2325 684 2394; x_wconf 80' lang='grc' dir='ltr'>Ἡμεῖς</span> <span class='ocrx_word' id='word_1_282' title='bbox 704 2324 764 2376; x_wconf 82' lang='grc' dir='ltr'>οὐ</span> <span class='ocrx_word' id='word_1_283' title='bbox 787 2323 1127 2393; x_wconf 78' lang='grc' dir='ltr'>ψηλαφῶμεν</span> <span class='ocrx_word' id='word_1_284' title='bbox 1154 2324 1490 2395; x_wconf 85' lang='grc' dir='ltr'>ἐργόχειρον·</span> <span class='ocrx_word' id='word_1_285' title='bbox 1508 2323 1664 2388; x_wconf 83' lang='grc' dir='ltr'>ἀλλὰ,</span> <span class='ocrx_word' id='word_1_286' title='bbox 1687 2324 1817 2378; x_wconf 74' lang='grc' dir='ltr'><strong>καθὰ</strong></span> 
     </span>
    </p>
   </div>
   <div class='ocr_carea' id='block_1_43' title="bbox 2007 2319 3537 2395">
    <p class='ocr_par' dir='ltr' id='par_1_43' title="bbox 2007 2319 3537 2389">
     <span class='ocr_line' id='line_1_43' title="bbox 2007 2319 3537 2389; baseline 0.001 -16"><span class='ocrx_word' id='word_1_287' title='bbox 2007 2319 2218 2374; x_wconf 80' lang='lat' dir='ltr'><strong>ianibus</strong></span> <span class='ocrx_word' id='word_1_288' title='bbox 2243 2321 2580 2388; x_wconf 82' lang='lat' dir='ltr'><strong>operamini?</strong></span> <span class='ocrx_word' id='word_1_289' title='bbox 2630 2319 3093 2389; x_wconf 79' lang='lat' dir='ltr'><strong>Responderunt:</strong></span> <span class='ocrx_word' id='word_1_290' title='bbox 3125 2319 3233 2375; x_wconf 81' lang='lat' dir='ltr'><strong>Nos</strong></span> <span class='ocrx_word' id='word_1_291' title='bbox 3268 2336 3376 2375; x_wconf 92' lang='lat' dir='ltr'><strong>non</strong></span> <span class='ocrx_word' id='word_1_292' title='bbox 3410 2336 3537 2374; x_wconf 89' lang='lat' dir='ltr'><strong>con-</strong></span> 
     </span>
    </p>
   </div>
   <div class='ocr_carea' id='block_1_44' title="bbox 287 2410 1817 2487">
    <p class='ocr_par' dir='ltr' id='par_1_44' title="bbox 287 2413 1817 2487">
     <span class='ocr_line' id='line_1_44' title="bbox 287 2413 1817 2487; baseline -0.002 -18"><span class='ocrx_word' id='word_1_293' title='bbox 287 2416 437 2485; x_wconf 86' lang='grc' dir='ltr'>λέγει</span> <span class='ocrx_word' id='word_1_294' title='bbox 469 2417 502 2469; x_wconf 97' lang='lat'><strong>6</strong></span> <span class='ocrx_word' id='word_1_295' title='bbox 531 2415 874 2477; x_wconf 82' lang='grc' dir='ltr'>’Δπόστολος,</span> <span class='ocrx_word' id='word_1_296' title='bbox 911 2413 1268 2478; x_wconf 84' lang='grc' dir='ltr'>ἀδιαλείπτως</span> <span class='ocrx_word' id='word_1_297' title='bbox 1296 2417 1726 2487; x_wconf 80' lang='grc' dir='ltr'>προσευχόμεθα.</span> <span class='ocrx_word' id='word_1_298' title='bbox 1760 2418 1817 2469; x_wconf 71' lang='grc' dir='ltr'><strong>Κ‹</strong></span> 
     </span>
    </p>
   </div>
   <div class='ocr_carea' id='block_1_45' title="bbox 2007 2410 3537 2487">
    <p class='ocr_par' dir='ltr' id='par_1_45' title="bbox 2012 2410 3537 2480">
     <span class='ocr_line' id='line_1_45' title="bbox 2012 2410 3537 2480; baseline 0.002 -18"><span class='ocrx_word' id='word_1_299' title='bbox 2012 2410 2226 2480; x_wconf 85' lang='lat' dir='ltr'><strong>ngimus</strong></span> <span class='ocrx_word' id='word_1_300' title='bbox 2255 2424 2512 2464; x_wconf 87' lang='lat' dir='ltr'><strong>manuum</strong></span> <span class='ocrx_word' id='word_1_301' title='bbox 2539 2426 2713 2480; x_wconf 89' lang='lat' dir='ltr'><strong>opus;</strong></span> <span class='ocrx_word' id='word_1_302' title='bbox 2746 2411 2840 2466; x_wconf 89' lang='lat' dir='ltr'><strong>sed</strong></span> <span class='ocrx_word' id='word_1_303' title='bbox 2873 2411 3014 2465; x_wconf 88' lang='lat' dir='ltr'><strong>sicut</strong></span> <span class='ocrx_word' id='word_1_304' title='bbox 3043 2411 3283 2480; x_wconf 66' lang='lat' dir='ltr'><strong>praecipit</strong></span> <span class='ocrx_word' id='word_1_305' title='bbox 3312 2410 3537 2480; x_wconf 89' lang='lat' dir='ltr'><strong>Aposto-</strong></span> 
     </span>
    </p>
   </div>
   <div class='ocr_carea' id='block_1_46' title="bbox 287 2500 1817 2575">
    <p class='ocr_par' dir='ltr' id='par_1_46' title="bbox 287 2500 1814 2575">
     <span class='ocr_line' id='line_1_46' title="bbox 287 2500 1814 2575; baseline 0 -15"><span class='ocrx_word' id='word_1_306' title='bbox 287 2507 434 2575; x_wconf 80' lang='grc' dir='ltr'>λέγει</span> <span class='ocrx_word' id='word_1_307' title='bbox 463 2507 494 2558; x_wconf 92' lang='grc' dir='ltr'><strong>ὀ</strong></span> <span class='ocrx_word' id='word_1_308' title='bbox 522 2506 720 2574; x_wconf 59' lang='grc' dir='ltr'>γέρων</span> <span class='ocrx_word' id='word_1_309' title='bbox 749 2506 864 2558; x_wconf 83' lang='grc' dir='ltr'><strong>Οὐκ</strong></span> <span class='ocrx_word' id='word_1_310' title='bbox 888 2507 1129 2568; x_wconf 76' lang='grc' dir='ltr'>ἐσθίετες</span> <span class='ocrx_word' id='word_1_311' title='bbox 1159 2507 1268 2559; x_wconf 92' lang='lat' dir='ltr'><strong>Kal</strong></span> <span class='ocrx_word' id='word_1_312' title='bbox 1293 2500 1462 2560; x_wconf 73' lang='grc' dir='ltr'>εἷπον·</span> <span class='ocrx_word' id='word_1_313' title='bbox 1488 2508 1613 2561; x_wconf 87' lang='grc' dir='ltr'>Ναί.</span> <span class='ocrx_word' id='word_1_314' title='bbox 1645 2508 1754 2562; x_wconf 89' lang='lat' dir='ltr'><strong>Kal</strong></span> <span class='ocrx_word' id='word_1_315' title='bbox 1785 2507 1814 2560; x_wconf 95' lang='grc' dir='ltr'><strong>λ</strong></span> 
     </span>
    </p>
   </div>
   <div class='ocr_carea' id='block_1_47' title="bbox 2005 2500 3535 2575">
    <p class='ocr_par' dir='ltr' id='par_1_47' title="bbox 2007 2500 3535 2569">
     <span class='ocr_line' id='line_1_47' title="bbox 2007 2500 3535 2569; baseline 0.001 -15"><span class='ocrx_word' id='word_1_316' title='bbox 2007 2517 2052 2557; x_wconf 75' lang='grc' dir='ltr'><strong>ιε</strong></span> <span class='ocrx_word' id='word_1_317' title='bbox 2076 2504 2143 2569; x_wconf 85' lang='grc'><strong>¹⁸,</strong></span> <span class='ocrx_word' id='word_1_318' title='bbox 2166 2515 2390 2558; x_wconf 91' lang='lat' dir='ltr'><strong>oramus</strong></span> <span class='ocrx_word' id='word_1_319' title='bbox 2409 2500 2530 2557; x_wconf 89' lang='lat' dir='ltr'><strong>sine</strong></span> <span class='ocrx_word' id='word_1_320' title='bbox 2559 2501 2977 2556; x_wconf 88' lang='lat' dir='ltr'><strong>intermissione.</strong></span> <span class='ocrx_word' id='word_1_321' title='bbox 3021 2501 3112 2554; x_wconf 86' lang='lat' dir='ltr'><strong>Ait</strong></span> <span class='ocrx_word' id='word_1_322' title='bbox 3149 2517 3315 2557; x_wconf 80' lang='lat' dir='ltr'><strong>senex</strong></span> <span class='ocrx_word' id='word_1_323' title='bbox 3343 2521 3355 2555; x_wconf 87' lang='lat'><strong><em>:</em></strong></span> <span class='ocrx_word' id='word_1_324' title='bbox 3387 2501 3535 2556; x_wconf 85' lang='lat' dir='ltr'><strong>Non-</strong></span> 
     </span>
    </p>
   </div>
   <div class='ocr_carea' id='block_1_48' title="bbox 287 2591 1817 2668">
    <p class='ocr_par' dir='ltr' id='par_1_48' title="bbox 287 2594 1817 2668">
     <span class='ocr_line' id='line_1_48' title="bbox 287 2594 1817 2668; baseline 0 -17"><span class='ocrx_word' id='word_1_325' title='bbox 287 2616 375 2666; x_wconf 88' lang='grc' dir='ltr'><strong>γει</strong></span> <span class='ocrx_word' id='word_1_326' title='bbox 403 2599 610 2660; x_wconf 78' lang='grc' dir='ltr'>αὐτοῖς’</span> <span class='ocrx_word' id='word_1_327' title='bbox 641 2597 770 2650; x_wconf 90' lang='grc' dir='ltr'>Ὅτε</span> <span class='ocrx_word' id='word_1_328' title='bbox 797 2594 890 2651; x_wconf 82' lang='grc' dir='ltr'><strong>οὖν</strong></span> <span class='ocrx_word' id='word_1_329' title='bbox 915 2597 1142 2661; x_wconf 83' lang='grc' dir='ltr'>ἐσθίετε,</span> <span class='ocrx_word' id='word_1_330' title='bbox 1171 2597 1252 2662; x_wconf 87' lang='grc' dir='ltr'><strong>τίς</strong></span> <span class='ocrx_word' id='word_1_331' title='bbox 1277 2596 1491 2668; x_wconf 79' lang='grc' dir='ltr'>εὔχεται</span> <span class='ocrx_word' id='word_1_332' title='bbox 1511 2598 1650 2668; x_wconf 78' lang='grc' dir='ltr'>ὑπὲρ</span> <span class='ocrx_word' id='word_1_333' title='bbox 1673 2597 1817 2668; x_wconf 58' lang='grc' dir='ltr'>ὑμῶν</span> 
     </span>
    </p>
   </div>
   <div class='ocr_carea' id='block_1_49' title="bbox 2001 2591 3531 2668">
    <p class='ocr_par' dir='ltr' id='par_1_49' title="bbox 2005 2591 3531 2654">
     <span class='ocr_line' id='line_1_49' title="bbox 2005 2591 3531 2654; baseline 0.002 -8"><span class='ocrx_word' id='word_1_334' title='bbox 2005 2607 2035 2646; x_wconf 84' lang='lat' dir='ltr'><strong>e</strong></span> <span class='ocrx_word' id='word_1_335' title='bbox 2064 2592 2446 2646; x_wconf 78' lang='lat' dir='ltr'><strong>manducalis?</strong></span> <span class='ocrx_word' id='word_1_336' title='bbox 2471 2591 2550 2644; x_wconf 90' lang='lat' dir='ltr'><strong>llli</strong></span> <span class='ocrx_word' id='word_1_337' title='bbox 2585 2609 2600 2645; x_wconf 88' lang='lat'><strong>:</strong></span> <span class='ocrx_word' id='word_1_338' title='bbox 2631 2591 2825 2654; x_wconf 87' lang='lat' dir='ltr'><strong>Etiam,</strong></span> <span class='ocrx_word' id='word_1_339' title='bbox 2867 2594 3282 2649; x_wconf 85' lang='lat' dir='ltr'><strong>manducamus.</strong></span> <span class='ocrx_word' id='word_1_340' title='bbox 3317 2594 3489 2648; x_wconf 82' lang='lat' dir='ltr'><strong>Senex</strong></span> <span class='ocrx_word' id='word_1_341' title='bbox 3519 2615 3531 2649; x_wconf 89' lang='lat'>:</span> 
     </span>
    </p>
   </div>
   <div class='ocr_carea' id='block_1_50' title="bbox 288 2683 1818 2758">
    <p class='ocr_par' dir='ltr' id='par_1_50' title="bbox 288 2683 1818 2758">
     <span class='ocr_line' id='line_1_50' title="bbox 288 2683 1818 2758; baseline -0.003 -13"><span class='ocrx_word' id='word_1_342' title='bbox 288 2692 460 2745; x_wconf 76' lang='grc' dir='ltr'>Πάλιν</span> <span class='ocrx_word' id='word_1_343' title='bbox 512 2685 607 2742; x_wconf 83' lang='grc' dir='ltr'>οὖν</span> <span class='ocrx_word' id='word_1_344' title='bbox 651 2683 803 2741; x_wconf 76' lang='grc' dir='ltr'>εἶπεν</span> <span class='ocrx_word' id='word_1_345' title='bbox 845 2689 1046 2751; x_wconf 74' lang='grc' dir='ltr'>αὐτοῖς’</span> <span class='ocrx_word' id='word_1_346' title='bbox 1081 2689 1155 2741; x_wconf 82' lang='grc' dir='ltr'><strong>Οὐ</strong></span> <span class='ocrx_word' id='word_1_347' title='bbox 1196 2688 1498 2758; x_wconf 83' lang='grc' dir='ltr'>κοιμᾶσθε;</span> <span class='ocrx_word' id='word_1_348' title='bbox 1540 2687 1642 2741; x_wconf 86' lang='lat' dir='ltr'><strong>Kal</strong></span> <span class='ocrx_word' id='word_1_349' title='bbox 1688 2683 1818 2741; x_wconf 67' lang='lat' dir='ltr'><strong>sine</strong></span> 
     </span>
    </p>
   </div>
   <div class='ocr_carea' id='block_1_51' title="bbox 2006 2683 3536 2758">
    <p class='ocr_par' dir='ltr' id='par_1_51' title="bbox 2006 2683 3536 2754">
     <span class='ocr_line' id='line_1_51' title="bbox 2006 2683 3536 2754; baseline 0.002 -17"><span class='ocrx_word' id='word_1_350' title='bbox 2006 2684 2194 2748; x_wconf 57' lang='lat' dir='ltr'><strong>ruando</strong></span> <span class='ocrx_word' id='word_1_351' title='bbox 2225 2683 2388 2751; x_wconf 84' lang='lat' dir='ltr'><strong>igitur</strong></span> <span class='ocrx_word' id='word_1_352' title='bbox 2421 2683 2726 2750; x_wconf 89' lang='lat' dir='ltr'><strong>comeditis,</strong></span> <span class='ocrx_word' id='word_1_353' title='bbox 2773 2685 2898 2754; x_wconf 92' lang='lat' dir='ltr'><strong>quis</strong></span> <span class='ocrx_word' id='word_1_354' title='bbox 2930 2701 3029 2754; x_wconf 90' lang='lat' dir='ltr'><strong>pro</strong></span> <span class='ocrx_word' id='word_1_355' title='bbox 3060 2687 3211 2740; x_wconf 82' lang='lat' dir='ltr'><strong>vobis</strong></span> <span class='ocrx_word' id='word_1_356' title='bbox 3235 2687 3392 2740; x_wconf 87' lang='lat' dir='ltr'><strong>orat?</strong></span> <span class='ocrx_word' id='word_1_357' title='bbox 3433 2687 3536 2740; x_wconf 82' lang='lat' dir='ltr'><strong>lte-</strong></span> 
     </span>
    </p>
   </div>
   <div class='ocr_carea' id='block_1_52' title="bbox 287 2771 1817 2850">
    <p class='ocr_par' dir='ltr' id='par_1_52' title="bbox 287 2774 1816 2850">
     <span class='ocr_line' id='line_1_52' title="bbox 287 2774 1816 2850; baseline -0.002 -17"><span class='ocrx_word' id='word_1_358' title='bbox 287 2779 415 2834; x_wconf 80' lang='grc' dir='ltr'>Ναί.</span> <span class='ocrx_word' id='word_1_359' title='bbox 443 2779 557 2833; x_wconf 85' lang='lat' dir='ltr'><strong>Kal</strong></span> <span class='ocrx_word' id='word_1_360' title='bbox 577 2778 724 2847; x_wconf 82' lang='grc' dir='ltr'>λέγει</span> <span class='ocrx_word' id='word_1_361' title='bbox 749 2780 778 2832; x_wconf 90' lang='lat'><strong>6</strong></span> <span class='ocrx_word' id='word_1_362' title='bbox 805 2779 1002 2850; x_wconf 73' lang='grc' dir='ltr'>γέρωψ</span> <span class='ocrx_word' id='word_1_363' title='bbox 1029 2778 1156 2833; x_wconf 81' lang='grc' dir='ltr'>Ὅτε</span> <span class='ocrx_word' id='word_1_364' title='bbox 1187 2774 1278 2832; x_wconf 81' lang='grc' dir='ltr'>οὖν</span> <span class='ocrx_word' id='word_1_365' title='bbox 1303 2779 1586 2850; x_wconf 82' lang='grc' dir='ltr'>κοιμᾶσθε.</span> <span class='ocrx_word' id='word_1_366' title='bbox 1608 2779 1692 2842; x_wconf 85' lang='grc' dir='ltr'><strong>τίς</strong></span> <span class='ocrx_word' id='word_1_367' title='bbox 1722 2778 1816 2850; x_wconf 80' lang='grc' dir='ltr'>εὕχ</span> 
     </span>
    </p>
   </div>
   <div class='ocr_carea' id='block_1_53' title="bbox 2005 2771 3535 2850">
    <p class='ocr_par' dir='ltr' id='par_1_53' title="bbox 2005 2771 3535 2845">
     <span class='ocr_line' id='line_1_53' title="bbox 2005 2771 3535 2845; baseline 0.001 -17"><span class='ocrx_word' id='word_1_368' title='bbox 2005 2791 2086 2828; x_wconf 89' lang='lat' dir='ltr'><strong>um</strong></span> <span class='ocrx_word' id='word_1_369' title='bbox 2118 2775 2207 2828; x_wconf 90' lang='lat' dir='ltr'><strong>ille</strong></span> <span class='ocrx_word' id='word_1_370' title='bbox 2259 2773 2325 2828; x_wconf 86' lang='lat' dir='ltr'><strong>ad</strong></span> <span class='ocrx_word' id='word_1_371' title='bbox 2372 2789 2468 2830; x_wconf 92' lang='lat' dir='ltr'><strong>eos</strong></span> <span class='ocrx_word' id='word_1_372' title='bbox 2497 2791 2510 2826; x_wconf 91' lang='lat'><strong>:</strong></span> <span class='ocrx_word' id='word_1_373' title='bbox 2538 2771 2655 2828; x_wconf 88' lang='lat' dir='ltr'><strong>Non</strong></span> <span class='ocrx_word' id='word_1_374' title='bbox 2706 2774 2997 2829; x_wconf 85' lang='lat' dir='ltr'><strong>dormitis?</strong></span> <span class='ocrx_word' id='word_1_375' title='bbox 3032 2774 3375 2845; x_wconf 81' lang='lat' dir='ltr'><strong>Excepcrunt</strong></span> <span class='ocrx_word' id='word_1_376' title='bbox 3404 2794 3418 2830; x_wconf 92' lang='lat'><strong>:</strong></span> <span class='ocrx_word' id='word_1_377' title='bbox 3457 2779 3535 2830; x_wconf 88' lang='lat' dir='ltr'><strong>lta</strong></span> 
     </span>
    </p>
   </div>
   <div class='ocr_carea' id='block_1_54' title="bbox 286 2861 1816 2946">
    <p class='ocr_par' dir='ltr' id='par_1_54' title="bbox 286 2866 1816 2946">
     <span class='ocr_line' id='line_1_54' title="bbox 286 2866 1816 2946; baseline 0.001 -20"><span class='ocrx_word' id='word_1_378' title='bbox 286 2890 376 2926; x_wconf 75' lang='grc' dir='ltr'><strong>ται</strong></span> <span class='ocrx_word' id='word_1_379' title='bbox 408 2875 540 2946; x_wconf 81' lang='grc' dir='ltr'>περὶ</span> <span class='ocrx_word' id='word_1_380' title='bbox 561 2875 604 2906; x_wconf 82' lang='grc'>¹²</span> <span class='ocrx_word' id='word_1_381' title='bbox 632 2873 814 2944; x_wconf 60' lang='lat' dir='ltr'><strong>burim;</strong></span> <span class='ocrx_word' id='word_1_382' title='bbox 846 2875 956 2927; x_wconf 82' lang='lat' dir='ltr'><strong>Kal</strong></span> <span class='ocrx_word' id='word_1_383' title='bbox 980 2875 1078 2944; x_wconf 78' lang='grc' dir='ltr'>οὐχ</span> <span class='ocrx_word' id='word_1_384' title='bbox 1107 2866 1266 2946; x_wconf 76' lang='grc' dir='ltr'>εὗρον</span> <span class='ocrx_word' id='word_1_385' title='bbox 1294 2874 1432 2944; x_wconf 84' lang='grc' dir='ltr'>πρὸς</span> <span class='ocrx_word' id='word_1_386' title='bbox 1459 2874 1632 2929; x_wconf 82' lang='grc' dir='ltr'>ταῦτα</span> <span class='ocrx_word' id='word_1_387' title='bbox 1649 2875 1816 2946; x_wconf 73' lang='grc' dir='ltr'>ἀποκρ</span> 
     </span>
    </p>
   </div>
   <div class='ocr_carea' id='block_1_55' title="bbox 2004 2861 3534 2946">
    <p class='ocr_par' dir='ltr' id='par_1_55' title="bbox 2004 2861 3534 2935">
     <span class='ocr_line' id='line_1_55' title="bbox 2004 2861 3534 2935; baseline 0.003 -19"><span class='ocrx_word' id='word_1_388' title='bbox 2004 2873 2068 2926; x_wconf 82' lang='lat' dir='ltr'><strong>st,</strong></span> <span class='ocrx_word' id='word_1_389' title='bbox 2096 2863 2416 2918; x_wconf 90' lang='lat' dir='ltr'><strong>dormimus.</strong></span> <span class='ocrx_word' id='word_1_390' title='bbox 2442 2861 2579 2916; x_wconf 87' lang='lat' dir='ltr'><strong>Tum</strong></span> <span class='ocrx_word' id='word_1_391' title='bbox 2611 2878 2774 2918; x_wconf 77' lang='lat' dir='ltr'><strong>senex</strong></span> <span class='ocrx_word' id='word_1_392' title='bbox 2811 2882 2824 2917; x_wconf 89' lang='lat'>:</span> <span class='ocrx_word' id='word_1_393' title='bbox 2855 2863 3084 2929; x_wconf 84' lang='lat' dir='ltr'><strong>Quando</strong></span> <span class='ocrx_word' id='word_1_394' title='bbox 3107 2881 3236 2935; x_wconf 78' lang='lat' dir='ltr'><strong>ergo</strong></span> <span class='ocrx_word' id='word_1_395' title='bbox 3262 2866 3534 2926; x_wconf 86' lang='lat' dir='ltr'><strong>dormitis.</strong></span> 
     </span>
    </p>
   </div>
   <div class='ocr_carea' id='block_1_56' title="bbox 287 2953 1817 3038">
    <p class='ocr_par' dir='ltr' id='par_1_56' title="bbox 287 2961 1817 3038">
     <span class='ocr_line' id='line_1_56' title="bbox 287 2961 1817 3038; baseline 0 -20"><span class='ocrx_word' id='word_1_396' title='bbox 287 2965 481 3019; x_wconf 79' lang='grc' dir='ltr'>νασθαι</span> <span class='ocrx_word' id='word_1_397' title='bbox 525 2965 696 3036; x_wconf 84' lang='grc' dir='ltr'>αὐτῷ.</span> <span class='ocrx_word' id='word_1_398' title='bbox 744 2966 856 3019; x_wconf 89' lang='lat' dir='ltr'><strong>Kal</strong></span> <span class='ocrx_word' id='word_1_399' title='bbox 899 2961 1050 3019; x_wconf 84' lang='grc' dir='ltr'>εἶπεν</span> <span class='ocrx_word' id='word_1_400' title='bbox 1091 2966 1290 3030; x_wconf 76' lang='grc' dir='ltr'>αὐτοῖς’</span> <span class='ocrx_word' id='word_1_401' title='bbox 1322 2966 1714 3038; x_wconf 81' lang='grc' dir='ltr'>Συγχωρήσατέ</span> <span class='ocrx_word' id='word_1_402' title='bbox 1755 2982 1817 3036; x_wconf 83' lang='grc' dir='ltr'><strong>μο</strong></span> 
     </span>
    </p>
   </div>
   <div class='ocr_carea' id='block_1_57' title="bbox 2007 2953 3537 3038">
    <p class='ocr_par' dir='ltr' id='par_1_57' title="bbox 2007 2953 3537 3027">
     <span class='ocr_line' id='line_1_57' title="bbox 2007 2953 3537 3027; baseline 0.001 -17"><span class='ocrx_word' id='word_1_403' title='bbox 2007 2955 2088 3010; x_wconf 82' lang='lat' dir='ltr'><strong>uis</strong></span> <span class='ocrx_word' id='word_1_404' title='bbox 2137 2971 2235 3026; x_wconf 90' lang='lat' dir='ltr'><strong>pro</strong></span> <span class='ocrx_word' id='word_1_405' title='bbox 2279 2955 2436 3011; x_wconf 88' lang='lat' dir='ltr'><strong>vobis</strong></span> <span class='ocrx_word' id='word_1_406' title='bbox 2469 2955 2625 3010; x_wconf 87' lang='lat' dir='ltr'><strong>orat?</strong></span> <span class='ocrx_word' id='word_1_407' title='bbox 2659 2953 2770 3010; x_wconf 86' lang='lat' dir='ltr'><strong>Nec</strong></span> <span class='ocrx_word' id='word_1_408' title='bbox 2818 2955 3142 3012; x_wconf 84' lang='lat' dir='ltr'><strong>invenerunt</strong></span> <span class='ocrx_word' id='word_1_409' title='bbox 3178 2957 3308 3027; x_wconf 91' lang='lat' dir='ltr'><strong>quid</strong></span> <span class='ocrx_word' id='word_1_410' title='bbox 3349 2958 3415 3012; x_wconf 89' lang='lat' dir='ltr'><strong>ad</strong></span> <span class='ocrx_word' id='word_1_411' title='bbox 3447 2959 3537 3012; x_wconf 78' lang='lat' dir='ltr'><strong>illa</strong></span> 
     </span>
    </p>
   </div>
   <div class='ocr_carea' id='block_1_58' title="bbox 290 3046 1820 3127">
    <p class='ocr_par' dir='ltr' id='par_1_58' title="bbox 290 3056 1820 3127">
     <span class='ocr_line' id='line_1_58' title="bbox 290 3056 1820 3127; baseline 0 -17"><span class='ocrx_word' id='word_1_412' title='bbox 290 3056 400 3110; x_wconf 74' lang='grc' dir='ltr'>ἰδοὺ</span> <span class='ocrx_word' id='word_1_413' title='bbox 429 3057 494 3110; x_wconf 83' lang='grc' dir='ltr'>οὐ</span> <span class='ocrx_word' id='word_1_414' title='bbox 524 3060 727 3110; x_wconf 84' lang='grc' dir='ltr'>ποιεῖτε</span> <span class='ocrx_word' id='word_1_415' title='bbox 755 3057 936 3122; x_wconf 84' lang='grc' dir='ltr'>καθὼς</span> <span class='ocrx_word' id='word_1_416' title='bbox 965 3057 1172 3126; x_wconf 85' lang='grc' dir='ltr'>λέγετε.</span> <span class='ocrx_word' id='word_1_417' title='bbox 1210 3057 1350 3127; x_wconf 85' lang='grc' dir='ltr'><strong>Ἐγὼ</strong></span> <span class='ocrx_word' id='word_1_418' title='bbox 1375 3058 1432 3111; x_wconf 83' lang='grc' dir='ltr'>δὲ</span> <span class='ocrx_word' id='word_1_419' title='bbox 1460 3057 1687 3111; x_wconf 83' lang='grc' dir='ltr'>δεικνύω</span> <span class='ocrx_word' id='word_1_420' title='bbox 1714 3058 1820 3127; x_wconf 66' lang='grc' dir='ltr'>ὑμῖε</span> 
     </span>
    </p>
   </div>
   <div class='ocr_carea' id='block_1_59' title="bbox 2008 3046 3538 3127">
    <p class='ocr_par' dir='ltr' id='par_1_59' title="bbox 2008 3046 3538 3120">
     <span class='ocr_line' id='line_1_59' title="bbox 2008 3046 3538 3120; baseline 0.003 -18"><span class='ocrx_word' id='word_1_421' title='bbox 2008 3048 2215 3118; x_wconf 68' lang='lat' dir='ltr'><strong>asponsi</strong></span> <span class='ocrx_word' id='word_1_422' title='bbox 2262 3047 2474 3103; x_wconf 86' lang='lat' dir='ltr'><strong>darent.</strong></span> <span class='ocrx_word' id='word_1_423' title='bbox 2530 3046 2674 3102; x_wconf 79' lang='lat' dir='ltr'><strong>Dixit</strong></span> <span class='ocrx_word' id='word_1_424' title='bbox 2721 3048 2801 3104; x_wconf 88' lang='lat' dir='ltr'><strong>eis</strong></span> <span class='ocrx_word' id='word_1_425' title='bbox 2833 3065 2846 3100; x_wconf 92' lang='lat'>:</span> <span class='ocrx_word' id='word_1_426' title='bbox 2877 3051 3146 3120; x_wconf 85' lang='lat' dir='ltr'><strong>ignoscite</strong></span> <span class='ocrx_word' id='word_1_427' title='bbox 3198 3051 3366 3118; x_wconf 89' lang='lat' dir='ltr'><strong>mihi;</strong></span> <span class='ocrx_word' id='word_1_428' title='bbox 3409 3067 3538 3106; x_wconf 89' lang='lat' dir='ltr'><strong>ecce</strong></span> 
     </span>
    </p>
   </div>
   <div class='ocr_carea' id='block_1_60' title="bbox 287 3139 1817 3219">
    <p class='ocr_par' dir='ltr' id='par_1_60' title="bbox 287 3145 1817 3219">
     <span class='ocr_line' id='line_1_60' title="bbox 287 3145 1817 3219; baseline 0 -19"><span class='ocrx_word' id='word_1_429' title='bbox 287 3146 368 3200; x_wconf 80' lang='grc' dir='ltr'><strong>δτι</strong></span> <span class='ocrx_word' id='word_1_430' title='bbox 442 3145 814 3217; x_wconf 77' lang='grc' dir='ltr'>ἐργαζόμενος</span> <span class='ocrx_word' id='word_1_431' title='bbox 861 3147 921 3200; x_wconf 86' lang='grc' dir='ltr'>τὸ</span> <span class='ocrx_word' id='word_1_432' title='bbox 968 3148 1280 3219; x_wconf 83' lang='grc' dir='ltr'>ὲργόχειρόν</span> <span class='ocrx_word' id='word_1_433' title='bbox 1340 3165 1440 3219; x_wconf 88' lang='grc' dir='ltr'><strong>μου</strong></span> <span class='ocrx_word' id='word_1_434' title='bbox 1513 3148 1817 3202; x_wconf 76' lang='grc' dir='ltr'>ἀδιαλείπτο</span> 
     </span>
    </p>
   </div>
   <div class='ocr_carea' id='block_1_61' title="bbox 2007 3139 3537 3219">
    <p class='ocr_par' dir='ltr' id='par_1_61' title="bbox 2009 3139 3537 3213">
     <span class='ocr_line' id='line_1_61' title="bbox 2009 3139 3537 3213; baseline 0 -19"><span class='ocrx_word' id='word_1_435' title='bbox 2009 3155 2077 3194; x_wconf 85' lang='grc' dir='ltr'><strong>οη</strong></span> <span class='ocrx_word' id='word_1_436' title='bbox 2127 3139 2308 3195; x_wconf 79' lang='lat' dir='ltr'><strong>facitis</strong></span> <span class='ocrx_word' id='word_1_437' title='bbox 2360 3141 2516 3209; x_wconf 79' lang='lat' dir='ltr'><strong>juxta</strong></span> <span class='ocrx_word' id='word_1_438' title='bbox 2569 3156 2876 3195; x_wconf 82' lang='lat' dir='ltr'><strong>sermonem</strong></span> <span class='ocrx_word' id='word_1_439' title='bbox 2933 3154 3191 3196; x_wconf 88' lang='lat' dir='ltr'><strong>vestrum.</strong></span> <span class='ocrx_word' id='word_1_440' title='bbox 3247 3143 3357 3213; x_wconf 84' lang='lat' dir='ltr'><strong>Ego</strong></span> <span class='ocrx_word' id='word_1_441' title='bbox 3408 3159 3537 3198; x_wconf 87' lang='lat' dir='ltr'><strong>vero</strong></span> 
     </span>
    </p>
   </div>
   <div class='ocr_carea' id='block_1_62' title="bbox 287 3231 1817 3311">
    <p class='ocr_par' dir='ltr' id='par_1_62' title="bbox 287 3237 1817 3311">
     <span class='ocr_line' id='line_1_62' title="bbox 287 3237 1817 3311; baseline 0.001 -21"><span class='ocrx_word' id='word_1_442' title='bbox 287 3237 684 3308; x_wconf 81' lang='grc' dir='ltr'>προσεύχομαι.</span> <span class='ocrx_word' id='word_1_443' title='bbox 716 3238 1028 3308; x_wconf 77' lang='grc' dir='ltr'>Καθέζομαι</span> <span class='ocrx_word' id='word_1_444' title='bbox 1069 3241 1164 3294; x_wconf 85' lang='grc' dir='ltr'><strong>σὺν</strong></span> <span class='ocrx_word' id='word_1_445' title='bbox 1197 3239 1316 3311; x_wconf 87' lang='grc' dir='ltr'><strong>Θεῷ</strong></span> <span class='ocrx_word' id='word_1_446' title='bbox 1352 3239 1547 3311; x_wconf 81' lang='grc' dir='ltr'>βρέξας</span> <span class='ocrx_word' id='word_1_447' title='bbox 1589 3241 1660 3292; x_wconf 88' lang='grc' dir='ltr'><strong>τά</strong></span> <span class='ocrx_word' id='word_1_448' title='bbox 1697 3257 1817 3310; x_wconf 65' lang='grc' dir='ltr'>μικε</span> 
     </span>
    </p>
   </div>
   <div class='ocr_carea' id='block_1_63' title="bbox 2005 3231 3535 3311">
    <p class='ocr_par' dir='ltr' id='par_1_63' title="bbox 2008 3231 3535 3301">
     <span class='ocr_line' id='line_1_63' title="bbox 2008 3231 3535 3301; baseline 0.002 -17"><span class='ocrx_word' id='word_1_449' title='bbox 2008 3231 2252 3286; x_wconf 87' lang='lat' dir='ltr'><strong>stemlam</strong></span> <span class='ocrx_word' id='word_1_450' title='bbox 2286 3233 2468 3296; x_wconf 81' lang='lat' dir='ltr'><strong>vobis,</strong></span> <span class='ocrx_word' id='word_1_451' title='bbox 2515 3232 2659 3301; x_wconf 66' lang='lat' dir='ltr'><strong>quod</strong></span> <span class='ocrx_word' id='word_1_452' title='bbox 2684 3247 2821 3300; x_wconf 87' lang='lat' dir='ltr'><strong>opus</strong></span> <span class='ocrx_word' id='word_1_453' title='bbox 2845 3247 3101 3286; x_wconf 88' lang='lat' dir='ltr'><strong>manuum</strong></span> <span class='ocrx_word' id='word_1_454' title='bbox 3132 3249 3373 3289; x_wconf 91' lang='lat' dir='ltr'><strong>mearum</strong></span> <span class='ocrx_word' id='word_1_455' title='bbox 3407 3235 3535 3288; x_wconf 91' lang='lat' dir='ltr'><strong>dum</strong></span> 
     </span>
    </p>
   </div>
   <div class='ocr_carea' id='block_1_64' title="bbox 290 3324 1820 3399">
    <p class='ocr_par' dir='ltr' id='par_1_64' title="bbox 290 3326 1820 3399">
     <span class='ocr_line' id='line_1_64' title="bbox 290 3326 1820 3399; baseline 0.001 -19"><span class='ocrx_word' id='word_1_456' title='bbox 290 3345 390 3397; x_wconf 87' lang='grc' dir='ltr'><strong>μου</strong></span> <span class='ocrx_word' id='word_1_457' title='bbox 417 3326 612 3380; x_wconf 85' lang='grc' dir='ltr'>Θαλλία</span> <span class='ocrx_word' id='word_1_458' title='bbox 645 3328 707 3358; x_wconf 71' lang='grc' dir='ltr'><strong>η’</strong></span> <span class='ocrx_word' id='word_1_459' title='bbox 727 3328 820 3381; x_wconf 77' lang='grc' dir='ltr'><strong>καὶ</strong></span> <span class='ocrx_word' id='word_1_460' title='bbox 839 3327 1050 3382; x_wconf 79' lang='grc' dir='ltr'>πλέκων</span> <span class='ocrx_word' id='word_1_461' title='bbox 1077 3327 1216 3381; x_wconf 83' lang='grc' dir='ltr'>αὐτά</span> <span class='ocrx_word' id='word_1_462' title='bbox 1239 3329 1444 3399; x_wconf 76' lang='grc' dir='ltr'>σειρὰν,</span> <span class='ocrx_word' id='word_1_463' title='bbox 1473 3329 1631 3396; x_wconf 89' lang='grc' dir='ltr'>λέγω·</span> <span class='ocrx_word' id='word_1_464' title='bbox 1661 3329 1820 3382; x_wconf 71' lang='grc' dir='ltr'>Ἐλέτ</span> 
     </span>
    </p>
   </div>
   <div class='ocr_carea' id='block_1_65' title="bbox 2008 3324 3538 3399">
    <p class='ocr_par' dir='ltr' id='par_1_65' title="bbox 2008 3324 3538 3385">
     <span class='ocr_line' id='line_1_65' title="bbox 2008 3324 3538 3385; baseline 0.001 -7"><span class='ocrx_word' id='word_1_465' title='bbox 2008 3339 2216 3385; x_wconf 82' lang='lat' dir='ltr'><strong>xereeo,</strong></span> <span class='ocrx_word' id='word_1_466' title='bbox 2245 3339 2342 3378; x_wconf 89' lang='lat' dir='ltr'><strong>oro</strong></span> <span class='ocrx_word' id='word_1_467' title='bbox 2375 3326 2492 3379; x_wconf 87' lang='lat' dir='ltr'><strong>sine</strong></span> <span class='ocrx_word' id='word_1_468' title='bbox 2526 3325 2949 3379; x_wconf 86' lang='lat' dir='ltr'><strong>intermissione.</strong></span> <span class='ocrx_word' id='word_1_469' title='bbox 3049 3324 3181 3379; x_wconf 92' lang='lat' dir='ltr'><strong>Cum</strong></span> <span class='ocrx_word' id='word_1_470' title='bbox 3233 3324 3342 3380; x_wconf 90' lang='lat' dir='ltr'><strong>Deo</strong></span> <span class='ocrx_word' id='word_1_471' title='bbox 3373 3325 3538 3380; x_wconf 88' lang='lat' dir='ltr'><strong>sedeo</strong></span> 
     </span>
    </p>
   </div>
   <div class='ocr_carea' id='block_1_66' title="bbox 286 3418 1816 3489">
    <p class='ocr_par' dir='ltr' id='par_1_66' title="bbox 286 3419 1816 3489">
     <span class='ocr_line' id='line_1_66' title="bbox 286 3419 1816 3489; baseline 0 -16"><span class='ocrx_word' id='word_1_472' title='bbox 286 3420 402 3474; x_wconf 76' lang='grc' dir='ltr'>σόν</span> <span class='ocrx_word' id='word_1_473' title='bbox 452 3436 553 3488; x_wconf 81' lang='grc' dir='ltr'><strong>με,</strong></span> <span class='ocrx_word' id='word_1_474' title='bbox 599 3421 632 3472; x_wconf 85' lang='grc' dir='ltr'><em>ὁ</em></span> <span class='ocrx_word' id='word_1_475' title='bbox 677 3419 840 3485; x_wconf 82' lang='grc' dir='ltr'>Θεὸς,</span> <span class='ocrx_word' id='word_1_476' title='bbox 891 3422 1041 3473; x_wconf 84' lang='grc' dir='ltr'>κατὰ</span> <span class='ocrx_word' id='word_1_477' title='bbox 1083 3419 1148 3472; x_wconf 85' lang='grc' dir='ltr'>τὸ</span> <span class='ocrx_word' id='word_1_478' title='bbox 1177 3419 1331 3489; x_wconf 74' lang='grc' dir='ltr'>μέγα</span> <span class='ocrx_word' id='word_1_479' title='bbox 1372 3420 1544 3486; x_wconf 80' lang='grc' dir='ltr'>ἔλεός</span> <span class='ocrx_word' id='word_1_480' title='bbox 1591 3436 1726 3483; x_wconf 85' lang='grc' dir='ltr'>σου,</span> <span class='ocrx_word' id='word_1_481' title='bbox 1767 3438 1816 3473; x_wconf 74' lang='grc' dir='ltr'><strong>κε</strong></span> 
     </span>
    </p>
   </div>
   <div class='ocr_carea' id='block_1_67' title="bbox 2010 3418 3540 3489">
    <p class='ocr_par' dir='ltr' id='par_1_67' title="bbox 2010 3418 3540 3488">
     <span class='ocr_line' id='line_1_67' title="bbox 2010 3418 3540 3488; baseline 0.001 -17"><span class='ocrx_word' id='word_1_482' title='bbox 2010 3418 2278 3488; x_wconf 79' lang='lat' dir='ltr'><strong>itinguens</strong></span> <span class='ocrx_word' id='word_1_483' title='bbox 2310 3434 2459 3472; x_wconf 91' lang='lat' dir='ltr'><strong>meos</strong></span> <span class='ocrx_word' id='word_1_484' title='bbox 2496 3420 2768 3482; x_wconf 88' lang='lat' dir='ltr'><strong>ramulos;</strong></span> <span class='ocrx_word' id='word_1_485' title='bbox 2814 3433 3016 3488; x_wconf 90' lang='lat' dir='ltr'><strong>eosque</strong></span> <span class='ocrx_word' id='word_1_486' title='bbox 3056 3421 3109 3472; x_wconf 88' lang='lat' dir='ltr'><strong>in</strong></span> <span class='ocrx_word' id='word_1_487' title='bbox 3139 3421 3368 3488; x_wconf 82' lang='lat' dir='ltr'><strong>plectam</strong></span> <span class='ocrx_word' id='word_1_488' title='bbox 3405 3434 3540 3473; x_wconf 91' lang='lat' dir='ltr'><strong>con-</strong></span> 
     </span>
    </p>
   </div>
   <div class='ocr_carea' id='block_1_68' title="bbox 285 3508 1815 3581">
    <p class='ocr_par' dir='ltr' id='par_1_68' title="bbox 285 3510 1815 3581">
     <span class='ocr_line' id='line_1_68' title="bbox 285 3510 1815 3581; baseline 0.001 -16"><span class='ocrx_word' id='word_1_489' title='bbox 285 3512 437 3566; x_wconf 79' lang='grc' dir='ltr'>κατὰ</span> <span class='ocrx_word' id='word_1_490' title='bbox 460 3513 526 3564; x_wconf 87' lang='grc' dir='ltr'>τὸ</span> <span class='ocrx_word' id='word_1_491' title='bbox 550 3510 787 3579; x_wconf 73' lang='grc' dir='ltr'>πλῆθος</span> <span class='ocrx_word' id='word_1_492' title='bbox 815 3511 937 3564; x_wconf 77' lang='grc' dir='ltr'><strong>τῶν</strong></span> <span class='ocrx_word' id='word_1_493' title='bbox 961 3511 1279 3581; x_wconf 70' lang='grc' dir='ltr'>οἰκτιρμῶν</span> <span class='ocrx_word' id='word_1_494' title='bbox 1307 3528 1424 3566; x_wconf 84' lang='grc' dir='ltr'><strong>σου</strong></span> <span class='ocrx_word' id='word_1_495' title='bbox 1453 3512 1778 3580; x_wconf 74' lang='grc' dir='ltr'>ἐξάλειψον</span> <span class='ocrx_word' id='word_1_496' title='bbox 1801 3531 1815 3566; x_wconf 75' lang='lat'><strong>1</strong></span> 
     </span>
    </p>
   </div>
   <div class='ocr_carea' id='block_1_69' title="bbox 2007 3508 3537 3581">
    <p class='ocr_par' dir='ltr' id='par_1_69' title="bbox 2009 3508 3537 3579">
     <span class='ocr_line' id='line_1_69' title="bbox 2009 3508 3537 3579; baseline -0.001 -15"><span class='ocrx_word' id='word_1_497' title='bbox 2009 3519 2216 3576; x_wconf 89' lang='lat' dir='ltr'><strong>ectens,</strong></span> <span class='ocrx_word' id='word_1_498' title='bbox 2237 3510 2358 3565; x_wconf 88' lang='lat' dir='ltr'><strong>aio:</strong></span> <span class='ocrx_word' id='word_1_499' title='bbox 2388 3508 2638 3564; x_wconf 79' lang='lat' dir='ltr'><strong>Miserere</strong></span> <span class='ocrx_word' id='word_1_500' title='bbox 2662 3511 2782 3570; x_wconf 90' lang='lat' dir='ltr'><strong>mei,</strong></span> <span class='ocrx_word' id='word_1_501' title='bbox 2813 3509 2971 3573; x_wconf 83' lang='lat' dir='ltr'><strong>Deus,</strong></span> <span class='ocrx_word' id='word_1_502' title='bbox 2993 3511 3273 3564; x_wconf 82' lang='lat' dir='ltr'><strong>secundum</strong></span> <span class='ocrx_word' id='word_1_503' title='bbox 3292 3526 3537 3579; x_wconf 86' lang='lat' dir='ltr'><strong>magnam</strong></span> 
     </span>
    </p>
   </div>
   <div class='ocr_carea' id='block_1_70' title="bbox 283 3601 1813 3676">
    <p class='ocr_par' dir='ltr' id='par_1_70' title="bbox 283 3601 1813 3676">
     <span class='ocr_line' id='line_1_70' title="bbox 283 3601 1813 3676; baseline 0.001 -19"><span class='ocrx_word' id='word_1_504' title='bbox 283 3601 565 3672; x_wconf 79' lang='grc' dir='ltr'>ἀνόμημά</span> <span class='ocrx_word' id='word_1_505' title='bbox 611 3620 754 3673; x_wconf 84' lang='grc' dir='ltr'>μου.</span> <span class='ocrx_word' id='word_1_506' title='bbox 801 3605 912 3658; x_wconf 77' lang='grc' dir='ltr'><strong>Καὶ</strong></span> <span class='ocrx_word' id='word_1_507' title='bbox 956 3604 1101 3673; x_wconf 80' lang='grc' dir='ltr'>λέγει</span> <span class='ocrx_word' id='word_1_508' title='bbox 1140 3605 1342 3668; x_wconf 76' lang='grc' dir='ltr'>αὐτοῖς’</span> <span class='ocrx_word' id='word_1_509' title='bbox 1379 3606 1492 3658; x_wconf 83' lang='grc' dir='ltr'><strong>Οὐκ</strong></span> <span class='ocrx_word' id='word_1_510' title='bbox 1538 3605 1684 3676; x_wconf 77' lang='grc' dir='ltr'>ἐστιν</span> <span class='ocrx_word' id='word_1_511' title='bbox 1733 3605 1813 3675; x_wconf 81' lang='grc' dir='ltr'><strong>εὐ)</strong></span> 
     </span>
    </p>
   </div>
   <div class='ocr_carea' id='block_1_71' title="bbox 2008 3601 3538 3676">
    <p class='ocr_par' dir='ltr' id='par_1_71' title="bbox 2008 3601 3538 3667">
     <span class='ocr_line' id='line_1_71' title="bbox 2008 3601 3538 3667; baseline 0.001 -15"><span class='ocrx_word' id='word_1_512' title='bbox 2008 3601 2387 3655; x_wconf 73' lang='grc' dir='ltr'><strong>ιίδενὶεονάίαηι</strong></span> <span class='ocrx_word' id='word_1_513' title='bbox 2417 3611 2582 3667; x_wconf 85' lang='lat' dir='ltr'><strong>tuam,</strong></span> <span class='ocrx_word' id='word_1_514' title='bbox 2618 3611 2668 3655; x_wconf 89' lang='lat' dir='ltr'><strong>et</strong></span> <span class='ocrx_word' id='word_1_515' title='bbox 2701 3601 2985 3656; x_wconf 78' lang='lat' dir='ltr'><strong>secundum</strong></span> <span class='ocrx_word' id='word_1_516' title='bbox 3016 3601 3407 3654; x_wconf 75' lang='lat' dir='ltr'><strong>multitudinem</strong></span> <span class='ocrx_word' id='word_1_517' title='bbox 3437 3602 3538 3654; x_wconf 87' lang='lat' dir='ltr'><strong>mi-</strong></span> 
     </span>
    </p>
   </div>
   <div class='ocr_carea' id='block_1_72' title="bbox 280 3691 1810 3764">
    <p class='ocr_par' dir='ltr' id='par_1_72' title="bbox 280 3691 1810 3761">
     <span class='ocr_line' id='line_1_72' title="bbox 280 3691 1810 3761; baseline -0.001 -13"><span class='ocrx_word' id='word_1_518' title='bbox 280 3695 442 3748; x_wconf 66' lang='grc' dir='ltr'><strong>τοῦτο</strong></span> <span class='ocrx_word' id='word_1_519' title='bbox 468 3711 484 3760; x_wconf 90' lang='lat'><strong>;</strong></span> <span class='ocrx_word' id='word_1_520' title='bbox 520 3695 630 3746; x_wconf 86' lang='lat' dir='ltr'><strong>Kal</strong></span> <span class='ocrx_word' id='word_1_521' title='bbox 659 3691 832 3748; x_wconf 82' lang='grc' dir='ltr'>εἷπον·</span> <span class='ocrx_word' id='word_1_522' title='bbox 858 3695 984 3749; x_wconf 86' lang='grc' dir='ltr'>Ναί.</span> <span class='ocrx_word' id='word_1_523' title='bbox 1016 3696 1124 3749; x_wconf 86' lang='lat' dir='ltr'><strong>Kal</strong></span> <span class='ocrx_word' id='word_1_524' title='bbox 1159 3693 1312 3748; x_wconf 80' lang='grc' dir='ltr'>εἶπεν</span> <span class='ocrx_word' id='word_1_525' title='bbox 1345 3696 1544 3761; x_wconf 79' lang='grc' dir='ltr'>αὐτοῖς·</span> <span class='ocrx_word' id='word_1_526' title='bbox 1579 3698 1746 3750; x_wconf 84' lang='grc' dir='ltr'>Ὅταν</span> <span class='ocrx_word' id='word_1_527' title='bbox 1773 3694 1810 3750; x_wconf 69' lang='lat' dir='ltr'><strong>oi</strong></span> 
     </span>
    </p>
   </div>
   <div class='ocr_carea' id='block_1_73' title="bbox 2007 3691 3537 3764">
    <p class='ocr_par' dir='ltr' id='par_1_73' title="bbox 2007 3693 3537 3764">
     <span class='ocr_line' id='line_1_73' title="bbox 2007 3693 3537 3764; baseline 0.002 -19"><span class='ocrx_word' id='word_1_528' title='bbox 2007 3694 2287 3747; x_wconf 76' lang='lat' dir='ltr'><strong>zrationum</strong></span> <span class='ocrx_word' id='word_1_529' title='bbox 2307 3703 2519 3747; x_wconf 86' lang='lat' dir='ltr'><strong>tuarum</strong></span> <span class='ocrx_word' id='word_1_530' title='bbox 2549 3694 2661 3748; x_wconf 86' lang='lat' dir='ltr'><strong>dele</strong></span> <span class='ocrx_word' id='word_1_531' title='bbox 2687 3694 3018 3764; x_wconf 79' lang='lat' dir='ltr'><strong>iniquitatem</strong></span> <span class='ocrx_word' id='word_1_532' title='bbox 3057 3709 3225 3746; x_wconf 89' lang='lat' dir='ltr'><strong>meam</strong></span> <span class='ocrx_word' id='word_1_533' title='bbox 3251 3693 3314 3746; x_wconf 71' lang='grc'><strong>³⁸.</strong></span> <span class='ocrx_word' id='word_1_534' title='bbox 3345 3693 3537 3748; x_wconf 86' lang='lat' dir='ltr'><strong>Nonne</strong></span> 
     </span>
    </p>
   </div>
   <div class='ocr_carea' id='block_1_74' title="bbox 283 3783 1813 3860">
    <p class='ocr_par' dir='ltr' id='par_1_74' title="bbox 283 3786 1813 3860">
     <span class='ocr_line' id='line_1_74' title="bbox 283 3786 1813 3860; baseline -0.001 -18"><span class='ocrx_word' id='word_1_535' title='bbox 283 3786 532 3858; x_wconf 82' lang='grc' dir='ltr'>ἐμμείνω</span> <span class='ocrx_word' id='word_1_536' title='bbox 563 3787 632 3840; x_wconf 76' lang='grc' dir='ltr'>δι’</span> <span class='ocrx_word' id='word_1_537' title='bbox 660 3787 790 3858; x_wconf 74' lang='grc' dir='ltr'>ὅλης</span> <span class='ocrx_word' id='word_1_538' title='bbox 815 3787 1028 3858; x_wconf 76' lang='grc' dir='ltr'>ἡμέρας</span> <span class='ocrx_word' id='word_1_539' title='bbox 1056 3787 1419 3860; x_wconf 78' lang='grc' dir='ltr'>ἐργαζόμενος</span> <span class='ocrx_word' id='word_1_540' title='bbox 1440 3789 1532 3843; x_wconf 80' lang='grc' dir='ltr'><strong>καὶ</strong></span> <span class='ocrx_word' id='word_1_541' title='bbox 1558 3788 1813 3859; x_wconf 83' lang='grc' dir='ltr'>εὐχόμενο</span> 
     </span>
    </p>
   </div>
   <div class='ocr_carea' id='block_1_75' title="bbox 2006 3783 3536 3860">
    <p class='ocr_par' dir='ltr' id='par_1_75' title="bbox 2007 3783 3536 3854">
     <span class='ocr_line' id='line_1_75' title="bbox 2007 3783 3536 3854; baseline 0.001 -16"><span class='ocrx_word' id='word_1_542' title='bbox 2007 3784 2214 3838; x_wconf 89' lang='lat' dir='ltr'><strong>loratio</strong></span> <span class='ocrx_word' id='word_1_543' title='bbox 2242 3783 2794 3854; x_wconf 86' lang='lat' dir='ltr'><strong>est?Responderunt</strong></span> <span class='ocrx_word' id='word_1_544' title='bbox 2815 3804 2827 3838; x_wconf 93' lang='lat'><strong>:</strong></span> <span class='ocrx_word' id='word_1_545' title='bbox 2850 3784 2962 3839; x_wconf 87' lang='lat' dir='ltr'><strong>Est.</strong></span> <span class='ocrx_word' id='word_1_546' title='bbox 2981 3785 3182 3839; x_wconf 86' lang='lat' dir='ltr'><strong>lterum</strong></span> <span class='ocrx_word' id='word_1_547' title='bbox 3212 3804 3224 3838; x_wconf 96' lang='lat'><strong>:</strong></span> <span class='ocrx_word' id='word_1_548' title='bbox 3247 3785 3380 3839; x_wconf 91' lang='lat' dir='ltr'><strong>Cum</strong></span> <span class='ocrx_word' id='word_1_549' title='bbox 3405 3800 3536 3854; x_wconf 86' lang='lat' dir='ltr'><strong>ergo</strong></span> 
     </span>
    </p>
   </div>
   <div class='ocr_carea' id='block_1_76' title="bbox 285 3876 1815 3950">
    <p class='ocr_par' dir='ltr' id='par_1_76' title="bbox 285 3877 1815 3950">
     <span class='ocr_line' id='line_1_76' title="bbox 285 3877 1815 3950; baseline 0.002 -20"><span class='ocrx_word' id='word_1_550' title='bbox 285 3878 423 3931; x_wconf 82' lang='grc' dir='ltr'>ποιῶ</span> <span class='ocrx_word' id='word_1_551' title='bbox 448 3877 637 3930; x_wconf 86' lang='grc' dir='ltr'>πλεῖον</span> <span class='ocrx_word' id='word_1_552' title='bbox 663 3877 695 3947; x_wconf 79' lang='grc' dir='ltr'>ἢ</span> <span class='ocrx_word' id='word_1_553' title='bbox 727 3877 948 3930; x_wconf 78' lang='grc' dir='ltr'>ἔλαττον</span> <span class='ocrx_word' id='word_1_554' title='bbox 976 3879 1170 3943; x_wconf 80' lang='grc' dir='ltr'>δεκαὲξ</span> <span class='ocrx_word' id='word_1_555' title='bbox 1194 3879 1390 3950; x_wconf 87' lang='grc' dir='ltr'>νουμία</span> <span class='ocrx_word' id='word_1_556' title='bbox 1416 3878 1574 3950; x_wconf 69' lang='grc'><strong>(75⁸)·</strong></span> <span class='ocrx_word' id='word_1_557' title='bbox 1609 3880 1704 3932; x_wconf 78' lang='grc' dir='ltr'><strong>καὶ</strong></span> <span class='ocrx_word' id='word_1_558' title='bbox 1725 3897 1815 3950; x_wconf 73' lang='grc' dir='ltr'>παι</span> 
     </span>
    </p>
   </div>
   <div class='ocr_carea' id='block_1_77' title="bbox 2003 3876 3533 3950">
    <p class='ocr_par' dir='ltr' id='par_1_77' title="bbox 2003 3876 3533 3947">
     <span class='ocr_line' id='line_1_77' title="bbox 2003 3876 3533 3947; baseline 0.001 -17"><span class='ocrx_word' id='word_1_559' title='bbox 2003 3891 2316 3931; x_wconf 89' lang='lat' dir='ltr'><strong>crmansero</strong></span> <span class='ocrx_word' id='word_1_560' title='bbox 2350 3883 2460 3930; x_wconf 84' lang='lat' dir='ltr'><strong>tota</strong></span> <span class='ocrx_word' id='word_1_561' title='bbox 2478 3877 2565 3930; x_wconf 89' lang='lat' dir='ltr'><strong>die</strong></span> <span class='ocrx_word' id='word_1_562' title='bbox 2598 3891 2828 3947; x_wconf 86' lang='lat' dir='ltr'><strong>operans</strong></span> <span class='ocrx_word' id='word_1_563' title='bbox 2851 3885 2905 3931; x_wconf 90' lang='lat' dir='ltr'><strong>et</strong></span> <span class='ocrx_word' id='word_1_564' title='bbox 2929 3891 3114 3940; x_wconf 88' lang='lat' dir='ltr'><strong>orans,</strong></span> <span class='ocrx_word' id='word_1_565' title='bbox 3151 3877 3385 3931; x_wconf 79' lang='lat' dir='ltr'><strong>coniicio</strong></span> <span class='ocrx_word' id='word_1_566' title='bbox 3409 3876 3533 3946; x_wconf 90' lang='lat' dir='ltr'><strong>plus</strong></span> 
     </span>
    </p>
   </div>
   <div class='ocr_carea' id='block_1_78' title="bbox 283 3966 1813 4042">
    <p class='ocr_par' dir='ltr' id='par_1_78' title="bbox 283 3969 1813 4042">
     <span class='ocr_line' id='line_1_78' title="bbox 283 3969 1813 4042; baseline 0 -18"><span class='ocrx_word' id='word_1_567' title='bbox 283 3971 392 4040; x_wconf 83' lang='grc' dir='ltr'><strong>έχω</strong></span> <span class='ocrx_word' id='word_1_568' title='bbox 442 3969 505 4035; x_wconf 81' lang='grc' dir='ltr'>ἐξ</span> <span class='ocrx_word' id='word_1_569' title='bbox 562 3969 744 4022; x_wconf 82' lang='grc' dir='ltr'>αὐτῶν</span> <span class='ocrx_word' id='word_1_570' title='bbox 805 3971 886 4034; x_wconf 86' lang='grc' dir='ltr'><strong>είς</strong></span> <span class='ocrx_word' id='word_1_571' title='bbox 941 3969 1039 4042; x_wconf 78' lang='grc' dir='ltr'>τὴν</span> <span class='ocrx_word' id='word_1_572' title='bbox 1090 3971 1260 4042; x_wconf 82' lang='grc' dir='ltr'>Θύραν</span> <span class='ocrx_word' id='word_1_573' title='bbox 1310 3970 1425 4035; x_wconf 82' lang='grc' dir='ltr'>δύο,</span> <span class='ocrx_word' id='word_1_574' title='bbox 1471 3971 1564 4024; x_wconf 78' lang='grc' dir='ltr'><strong>καὶ</strong></span> <span class='ocrx_word' id='word_1_575' title='bbox 1606 3971 1673 4024; x_wconf 82' lang='grc' dir='ltr'><strong>τά</strong></span> <span class='ocrx_word' id='word_1_576' title='bbox 1704 3972 1813 4024; x_wconf 89' lang='grc' dir='ltr'>λοιτ</span> 
     </span>
    </p>
   </div>
   <div class='ocr_carea' id='block_1_79' title="bbox 2005 3966 3535 4042">
    <p class='ocr_par' dir='ltr' id='par_1_79' title="bbox 2005 3966 3535 4036">
     <span class='ocr_line' id='line_1_79' title="bbox 2005 3966 3535 4036; baseline 0.001 -17"><span class='ocrx_word' id='word_1_577' title='bbox 2005 3967 2148 4021; x_wconf 67' lang='lat' dir='ltr'><strong>linus</strong></span> <span class='ocrx_word' id='word_1_578' title='bbox 2190 3966 2427 4021; x_wconf 89' lang='lat' dir='ltr'><strong>sedecim</strong></span> <span class='ocrx_word' id='word_1_579' title='bbox 2463 3982 2748 4032; x_wconf 88' lang='lat' dir='ltr'><strong>nummos;</strong></span> <span class='ocrx_word' id='word_1_580' title='bbox 2787 3983 2850 4022; x_wconf 88' lang='lat' dir='ltr'><strong>ac</strong></span> <span class='ocrx_word' id='word_1_581' title='bbox 2899 3983 2964 4020; x_wconf 84' lang='lat' dir='ltr'><strong>ex</strong></span> <span class='ocrx_word' id='word_1_582' title='bbox 3023 3967 3090 4022; x_wconf 91' lang='lat' dir='ltr'><strong>iis</strong></span> <span class='ocrx_word' id='word_1_583' title='bbox 3119 3966 3256 4021; x_wconf 89' lang='lat' dir='ltr'><strong>duos</strong></span> <span class='ocrx_word' id='word_1_584' title='bbox 3291 3969 3342 4019; x_wconf 93' lang='lat' dir='ltr'><strong>in</strong></span> <span class='ocrx_word' id='word_1_585' title='bbox 3377 3973 3535 4036; x_wconf 81' lang='lat' dir='ltr'><strong>porta</strong></span> 
     </span>
    </p>
   </div>
   <div class='ocr_carea' id='block_1_80' title="bbox 282 4057 1812 4132">
    <p class='ocr_par' dir='ltr' id='par_1_80' title="bbox 282 4059 1812 4132">
     <span class='ocr_line' id='line_1_80' title="bbox 282 4059 1812 4132; baseline -0.003 -18"><span class='ocrx_word' id='word_1_586' title='bbox 282 4061 471 4114; x_wconf 72' lang='grc' dir='ltr'>ἐσθίωο</span> <span class='ocrx_word' id='word_1_587' title='bbox 505 4061 600 4114; x_wconf 77' lang='grc' dir='ltr'>καὶ</span> <span class='ocrx_word' id='word_1_588' title='bbox 621 4059 838 4130; x_wconf 74' lang='grc' dir='ltr'>εὔχεται</span> <span class='ocrx_word' id='word_1_589' title='bbox 863 4061 1005 4132; x_wconf 83' lang='grc' dir='ltr'>ὑπὲρ</span> <span class='ocrx_word' id='word_1_590' title='bbox 1030 4060 1164 4132; x_wconf 81' lang='grc' dir='ltr'>ἐμοῦ</span> <span class='ocrx_word' id='word_1_591' title='bbox 1194 4063 1222 4114; x_wconf 89' lang='lat'><strong>6</strong></span> <span class='ocrx_word' id='word_1_592' title='bbox 1241 4060 1421 4114; x_wconf 87' lang='grc' dir='ltr'>λαϐὼν</span> <span class='ocrx_word' id='word_1_593' title='bbox 1457 4060 1525 4114; x_wconf 90' lang='grc' dir='ltr'><strong>τά</strong></span> <span class='ocrx_word' id='word_1_594' title='bbox 1555 4060 1647 4114; x_wconf 85' lang='grc' dir='ltr'>δύο</span> <span class='ocrx_word' id='word_1_595' title='bbox 1671 4078 1812 4132; x_wconf 61' lang='grc' dir='ltr'>νουμι</span> 
     </span>
    </p>
   </div>
   <div class='ocr_carea' id='block_1_81' title="bbox 2007 4057 3537 4132">
    <p class='ocr_par' dir='ltr' id='par_1_81' title="bbox 2007 4057 3537 4129">
     <span class='ocr_line' id='line_1_81' title="bbox 2007 4057 3537 4129; baseline 0.003 -19"><span class='ocrx_word' id='word_1_596' title='bbox 2007 4057 2448 4126; x_wconf 78' lang='lat' dir='ltr'><strong>raebeo,reliquos</strong></span> <span class='ocrx_word' id='word_1_597' title='bbox 2466 4058 2679 4112; x_wconf 92' lang='lat' dir='ltr'><strong>insumo</strong></span> <span class='ocrx_word' id='word_1_598' title='bbox 2699 4058 2753 4112; x_wconf 93' lang='lat' dir='ltr'><strong>in</strong></span> <span class='ocrx_word' id='word_1_599' title='bbox 2770 4059 2948 4112; x_wconf 91' lang='lat' dir='ltr'><strong>cibum</strong></span> <span class='ocrx_word' id='word_1_600' title='bbox 2968 4079 2980 4113; x_wconf 88' lang='lat'><strong>:</strong></span> <span class='ocrx_word' id='word_1_601' title='bbox 3003 4059 3092 4128; x_wconf 91' lang='lat' dir='ltr'><strong>qui</strong></span> <span class='ocrx_word' id='word_1_602' title='bbox 3115 4070 3292 4113; x_wconf 86' lang='lat' dir='ltr'><strong>autem</strong></span> <span class='ocrx_word' id='word_1_603' title='bbox 3325 4059 3537 4129; x_wconf 88' lang='lat' dir='ltr'><strong>accepit</strong></span> 
     </span>
    </p>
   </div>
   <div class='ocr_carea' id='block_1_82' title="bbox 281 4134 1811 4225">
    <p class='ocr_par' dir='ltr' id='par_1_82' title="bbox 281 4151 1811 4225">
     <span class='ocr_line' id='line_1_82' title="bbox 281 4151 1811 4225; baseline 0 -20"><span class='ocrx_word' id='word_1_604' title='bbox 281 4153 369 4205; x_wconf 73' lang='grc' dir='ltr'>ἅτε</span> <span class='ocrx_word' id='word_1_605' title='bbox 411 4151 583 4205; x_wconf 79' lang='grc' dir='ltr'>ἐσθίω</span> <span class='ocrx_word' id='word_1_606' title='bbox 616 4152 650 4222; x_wconf 79' lang='grc' dir='ltr'>ἢ</span> <span class='ocrx_word' id='word_1_607' title='bbox 687 4153 776 4205; x_wconf 83' lang='grc' dir='ltr'>ὅτε</span> <span class='ocrx_word' id='word_1_608' title='bbox 816 4151 1117 4223; x_wconf 86' lang='grc' dir='ltr'>κοιμῶμαι·</span> <span class='ocrx_word' id='word_1_609' title='bbox 1150 4154 1244 4206; x_wconf 76' lang='grc' dir='ltr'><strong>καὶ</strong></span> <span class='ocrx_word' id='word_1_610' title='bbox 1275 4151 1364 4206; x_wconf 77' lang='grc' dir='ltr'><strong>διὰ</strong></span> <span class='ocrx_word' id='word_1_611' title='bbox 1392 4153 1491 4225; x_wconf 82' lang='grc' dir='ltr'><strong>τῆς</strong></span> <span class='ocrx_word' id='word_1_612' title='bbox 1518 4153 1739 4224; x_wconf 86' lang='grc' dir='ltr'>χάριτος</span> <span class='ocrx_word' id='word_1_613' title='bbox 1769 4171 1811 4205; x_wconf 76' lang='grc' dir='ltr'><strong>τι</strong></span> 
     </span>
    </p>
   </div>
   <div class='ocr_carea' id='block_1_83' title="bbox 2058 4134 3588 4225">
    <p class='ocr_par' dir='ltr' id='par_1_83' title="bbox 2058 4135 3588 4222">
     <span class='ocr_line' id='line_1_83' title="bbox 2058 4135 3588 4222; baseline 0.001 -19"><span class='ocrx_word' id='word_1_614' title='bbox 2058 4135 2103 4204; x_wconf 67' lang='lat' dir='ltr'><strong>is</strong></span> <span class='ocrx_word' id='word_1_615' title='bbox 2139 4163 2426 4215; x_wconf 86' lang='lat' dir='ltr'><strong>nummos,</strong></span> <span class='ocrx_word' id='word_1_616' title='bbox 2468 4158 2588 4203; x_wconf 90' lang='lat' dir='ltr'><strong>orat</strong></span> <span class='ocrx_word' id='word_1_617' title='bbox 2633 4165 2730 4219; x_wconf 88' lang='lat' dir='ltr'><strong>pro</strong></span> <span class='ocrx_word' id='word_1_618' title='bbox 2779 4168 2892 4219; x_wconf 91' lang='lat' dir='ltr'><strong>me,</strong></span> <span class='ocrx_word' id='word_1_619' title='bbox 2928 4153 3150 4222; x_wconf 89' lang='lat' dir='ltr'><strong>quando</strong></span> <span class='ocrx_word' id='word_1_620' title='bbox 3183 4151 3412 4206; x_wconf 91' lang='lat' dir='ltr'><strong>comedo</strong></span> <span class='ocrx_word' id='word_1_621' title='bbox 3442 4160 3539 4205; x_wconf 88' lang='lat' dir='ltr'><strong>aut</strong></span> <span class='ocrx_word' id='word_1_622' title='bbox 3585 4147 3588 4151; x_wconf 67' lang='grc'>’</span> 
     </span>
    </p>
   </div>
   <div class='ocr_carea' id='block_1_84' title="bbox 282 4243 1812 4317">
    <p class='ocr_par' dir='ltr' id='par_1_84' title="bbox 282 4243 1812 4317">
     <span class='ocr_line' id='line_1_84' title="bbox 282 4243 1812 4317; baseline 0.001 -21"><span class='ocrx_word' id='word_1_623' title='bbox 282 4243 417 4297; x_wconf 80' lang='grc' dir='ltr'>Θεοῦ</span> <span class='ocrx_word' id='word_1_624' title='bbox 490 4243 794 4314; x_wconf 78' lang='grc' dir='ltr'>πληροῦται</span> <span class='ocrx_word' id='word_1_625' title='bbox 862 4261 952 4315; x_wconf 89' lang='grc' dir='ltr'><strong>μοι</strong></span> <span class='ocrx_word' id='word_1_626' title='bbox 1017 4244 1078 4298; x_wconf 84' lang='grc' dir='ltr'>τὸ</span> <span class='ocrx_word' id='word_1_627' title='bbox 1140 4245 1496 4310; x_wconf 83' lang='grc' dir='ltr'>ἀδιαλείπτως</span> <span class='ocrx_word' id='word_1_628' title='bbox 1565 4245 1812 4317; x_wconf 74' lang='grc' dir='ltr'>προσεύχι</span> 
     </span>
    </p>
   </div>
   <div class='ocr_carea' id='block_1_85' title="bbox 2005 4243 3535 4317">
    <p class='ocr_par' dir='ltr' id='par_1_85' title="bbox 2005 4243 3535 4315">
     <span class='ocr_line' id='line_1_85' title="bbox 2005 4243 3535 4315; baseline 0.001 -19"><span class='ocrx_word' id='word_1_629' title='bbox 2005 4243 2178 4297; x_wconf 86' lang='lat' dir='ltr'><strong>ormio</strong></span> <span class='ocrx_word' id='word_1_630' title='bbox 2218 4261 2231 4297; x_wconf 90' lang='lat'>:</span> <span class='ocrx_word' id='word_1_631' title='bbox 2266 4251 2428 4314; x_wconf 89' lang='lat' dir='ltr'><strong>atque</strong></span> <span class='ocrx_word' id='word_1_632' title='bbox 2462 4260 2560 4314; x_wconf 91' lang='lat' dir='ltr'><strong>per</strong></span> <span class='ocrx_word' id='word_1_633' title='bbox 2616 4244 2710 4300; x_wconf 85' lang='lat' dir='ltr'><strong>Dei</strong></span> <span class='ocrx_word' id='word_1_634' title='bbox 2767 4246 2996 4315; x_wconf 82' lang='lat' dir='ltr'><strong>gratiam</strong></span> <span class='ocrx_word' id='word_1_635' title='bbox 3039 4245 3366 4314; x_wconf 84' lang='lat' dir='ltr'><strong>adimpletur</strong></span> <span class='ocrx_word' id='word_1_636' title='bbox 3399 4243 3535 4298; x_wconf 88' lang='lat' dir='ltr'><strong>mihi</strong></span> 
     </span>
    </p>
   </div>
   <div class='ocr_carea' id='block_1_86' title="bbox 281 4335 2913 4401">
    <p class='ocr_par' dir='ltr' id='par_1_86' title="bbox 281 4335 2913 4401">
     <span class='ocr_line' id='line_1_86' title="bbox 281 4335 2913 4401; baseline -0 -10"><span class='ocrx_word' id='word_1_637' title='bbox 281 4337 430 4391; x_wconf 77' lang='grc' dir='ltr'>σθαι.</span> <span class='ocrx_word' id='word_1_638' title='bbox 1965 4335 2119 4401; x_wconf 90' lang='lat' dir='ltr'><strong>illud,</strong></span> <span class='ocrx_word' id='word_1_639' title='bbox 2151 4335 2270 4392; x_wconf 91' lang='lat' dir='ltr'><strong>sine</strong></span> <span class='ocrx_word' id='word_1_640' title='bbox 2299 4337 2710 4393; x_wconf 90' lang='lat' dir='ltr'><strong>intermissione</strong></span> <span class='ocrx_word' id='word_1_641' title='bbox 2740 4352 2913 4392; x_wconf 88' lang='lat' dir='ltr'><strong>orare.</strong></span> 
     </span>
    </p>
   </div>
   <div class='ocr_carea' id='block_1_87' title="bbox 757 4444 2287 4540">
    <p class='ocr_par' dir='ltr' id='par_1_87' title="bbox 757 4449 1940 4540">
     <span class='ocr_line' id='line_1_87' title="bbox 757 4449 1940 4540; baseline 0.007 -38"><span class='ocrx_word' id='word_1_642' title='bbox 757 4450 898 4517; x_wconf 78' lang='grc' dir='ltr'><strong>Περὶ</strong></span> <span class='ocrx_word' id='word_1_643' title='bbox 936 4451 1041 4505; x_wconf 84' lang='grc' dir='ltr'>τοῦ</span> <span class='ocrx_word' id='word_1_644' title='bbox 1064 4449 1212 4506; x_wconf 80' lang='grc' dir='ltr'>ἁϐϐᾶ</span> <span class='ocrx_word' id='word_1_645' title='bbox 1237 4452 1384 4506; x_wconf 81' lang='grc' dir='ltr'>Λώτ.</span> <span class='ocrx_word' id='word_1_646' title='bbox 1892 4484 1940 4540; x_wconf 77' lang='lat' dir='ltr'><strong>D</strong></span> 
     </span>
    </p>
   </div>
   <div class='ocr_carea' id='block_1_88' title="bbox 1465 4444 2995 4540">
    <p class='ocr_par' dir='ltr' id='par_1_88' title="bbox 1892 4444 2995 4540">
     <span class='ocr_line' id='line_1_88' title="bbox 1892 4444 2995 4540; baseline -0.002 -39"><span class='ocrx_word' id='word_1_647' title='bbox 1892 4484 1940 4540; x_wconf 69' lang='grc' dir='ltr'><strong>ο</strong></span> <span class='ocrx_word' id='word_1_648' title='bbox 2508 4447 2586 4502; x_wconf 87' lang='lat' dir='ltr'><strong>De</strong></span> <span class='ocrx_word' id='word_1_649' title='bbox 2623 4446 2809 4501; x_wconf 85' lang='lat' dir='ltr'><strong>abbate</strong></span> <span class='ocrx_word' id='word_1_650' title='bbox 2843 4444 2995 4500; x_wconf 90' lang='lat' dir='ltr'><strong>Loto.</strong></span> 
     </span>
    </p>
   </div>
   <div class='ocr_carea' id='block_1_89' title="bbox 347 4557 1877 4637">
    <p class='ocr_par' dir='ltr' id='par_1_89' title="bbox 347 4561 1858 4637">
     <span class='ocr_line' id='line_1_89' title="bbox 347 4561 1858 4637; baseline 0.002 -18"><span class='ocrx_word' id='word_1_651' title='bbox 347 4572 420 4619; x_wconf 90' lang='grc' dir='ltr'>α’.</span> <span class='ocrx_word' id='word_1_652' title='bbox 455 4561 634 4618; x_wconf 84' lang='grc' dir='ltr'>Ἥλθέ</span> <span class='ocrx_word' id='word_1_653' title='bbox 672 4581 757 4628; x_wconf 86' lang='grc' dir='ltr'><strong>τις</strong></span> <span class='ocrx_word' id='word_1_654' title='bbox 782 4564 893 4618; x_wconf 85' lang='grc' dir='ltr'><strong>τῶν</strong></span> <span class='ocrx_word' id='word_1_655' title='bbox 929 4565 1201 4635; x_wconf 87' lang='grc' dir='ltr'>γερόντων</span> <span class='ocrx_word' id='word_1_656' title='bbox 1229 4565 1365 4637; x_wconf 84' lang='grc' dir='ltr'>πρὸς</span> <span class='ocrx_word' id='word_1_657' title='bbox 1392 4567 1482 4620; x_wconf 77' lang='grc' dir='ltr'><strong>τὸν</strong></span> <span class='ocrx_word' id='word_1_658' title='bbox 1510 4567 1684 4622; x_wconf 80' lang='grc' dir='ltr'>ἀϐϐἄν</span> <span class='ocrx_word' id='word_1_659' title='bbox 1715 4567 1858 4634; x_wconf 85' lang='grc' dir='ltr'>Λὼτ,</span> 
     </span>
    </p>
   </div>
   <div class='ocr_carea' id='block_1_90' title="bbox 2003 4557 3533 4637">
    <p class='ocr_par' dir='ltr' id='par_1_90' title="bbox 2041 4557 3533 4630">
     <span class='ocr_line' id='line_1_90' title="bbox 2041 4557 3533 4630; baseline -0.003 -14"><span class='ocrx_word' id='word_1_660' title='bbox 2041 4562 2094 4616; x_wconf 98' lang='grc'><strong>1.</strong></span> <span class='ocrx_word' id='word_1_661' title='bbox 2134 4561 2379 4616; x_wconf 85' lang='lat' dir='ltr'><strong>Accessit</strong></span> <span class='ocrx_word' id='word_1_662' title='bbox 2425 4577 2616 4617; x_wconf 91' lang='lat' dir='ltr'><strong>senum</strong></span> <span class='ocrx_word' id='word_1_663' title='bbox 2663 4561 2859 4630; x_wconf 84' lang='lat' dir='ltr'><strong>aliquis</strong></span> <span class='ocrx_word' id='word_1_664' title='bbox 2900 4559 2971 4613; x_wconf 87' lang='lat' dir='ltr'><strong>ad</strong></span> <span class='ocrx_word' id='word_1_665' title='bbox 3011 4559 3260 4614; x_wconf 89' lang='lat' dir='ltr'><strong>abbatem</strong></span> <span class='ocrx_word' id='word_1_666' title='bbox 3296 4557 3428 4624; x_wconf 83' lang='lat' dir='ltr'><strong>Lot,</strong></span> <span class='ocrx_word' id='word_1_667' title='bbox 3477 4557 3533 4612; x_wconf 91' lang='lat' dir='ltr'><strong>in</strong></span> 
     </span>
    </p>
   </div>
   <div class='ocr_carea' id='block_1_91' title="bbox 278 4650 1808 4729">
    <p class='ocr_par' dir='ltr' id='par_1_91' title="bbox 278 4653 1808 4729">
     <span class='ocr_line' id='line_1_91' title="bbox 278 4653 1808 4729; baseline 0.002 -20"><span class='ocrx_word' id='word_1_668' title='bbox 278 4655 418 4727; x_wconf 80' lang='grc' dir='ltr'>πρὸς</span> <span class='ocrx_word' id='word_1_669' title='bbox 443 4655 488 4686; x_wconf 74' lang='grc'><strong>¹⁵</strong></span> <span class='ocrx_word' id='word_1_670' title='bbox 518 4653 583 4706; x_wconf 85' lang='grc' dir='ltr'>τὸ</span> <span class='ocrx_word' id='word_1_671' title='bbox 609 4653 806 4725; x_wconf 80' lang='grc' dir='ltr'>μικρὸν</span> <span class='ocrx_word' id='word_1_672' title='bbox 829 4653 949 4717; x_wconf 77' lang='grc' dir='ltr'>ἐλος</span> <span class='ocrx_word' id='word_1_673' title='bbox 975 4654 1067 4708; x_wconf 79' lang='grc' dir='ltr'>τοῦ</span> <span class='ocrx_word' id='word_1_674' title='bbox 1108 4655 1464 4726; x_wconf 81' lang='grc' dir='ltr'>Ἀρσενοῖτου,</span> <span class='ocrx_word' id='word_1_675' title='bbox 1500 4657 1590 4710; x_wconf 82' lang='grc' dir='ltr'><strong>καὶ</strong></span> <span class='ocrx_word' id='word_1_676' title='bbox 1615 4674 1808 4729; x_wconf 78' lang='grc' dir='ltr'>παρεκι</span> 
     </span>
    </p>
   </div>
   <div class='ocr_carea' id='block_1_92' title="bbox 2005 4650 3535 4729">
    <p class='ocr_par' dir='ltr' id='par_1_92' title="bbox 2007 4650 3535 4722">
     <span class='ocr_line' id='line_1_92' title="bbox 2007 4650 3535 4722; baseline -0.003 -16"><span class='ocrx_word' id='word_1_677' title='bbox 2007 4667 2191 4707; x_wconf 91' lang='lat' dir='ltr'><strong>arvam</strong></span> <span class='ocrx_word' id='word_1_678' title='bbox 2242 4652 2495 4722; x_wconf 86' lang='lat' dir='ltr'><strong>paludem</strong></span> <span class='ocrx_word' id='word_1_679' title='bbox 2545 4653 2881 4715; x_wconf 74' lang='lat' dir='ltr'><strong>Arsenoitze,</strong></span> <span class='ocrx_word' id='word_1_680' title='bbox 2931 4657 2986 4705; x_wconf 90' lang='lat' dir='ltr'><strong>et</strong></span> <span class='ocrx_word' id='word_1_681' title='bbox 3033 4650 3241 4719; x_wconf 80' lang='lat' dir='ltr'><strong>rogavit</strong></span> <span class='ocrx_word' id='word_1_682' title='bbox 3273 4663 3398 4703; x_wconf 89' lang='lat' dir='ltr'><strong>eum</strong></span> <span class='ocrx_word' id='word_1_683' title='bbox 3438 4663 3535 4719; x_wconf 91' lang='lat' dir='ltr'><strong>per</strong></span> 
     </span>
    </p>
   </div>
   <div class='ocr_carea' id='block_1_93' title="bbox 274 4733 1804 4817">
    <p class='ocr_par' dir='ltr' id='par_1_93' title="bbox 274 4733 1802 4817">
     <span class='ocr_line' id='line_1_93' title="bbox 274 4733 1802 4817; baseline 0.003 -21"><span class='ocrx_word' id='word_1_684' title='bbox 274 4743 434 4796; x_wconf 83' lang='grc' dir='ltr'>λεσεν</span> <span class='ocrx_word' id='word_1_685' title='bbox 467 4741 634 4795; x_wconf 78' lang='grc' dir='ltr'>αὐτὸν</span> <span class='ocrx_word' id='word_1_686' title='bbox 671 4733 759 4796; x_wconf 68' lang='grc' dir='ltr'><strong>διὰ</strong></span> <span class='ocrx_word' id='word_1_687' title='bbox 793 4742 1021 4807; x_wconf 88' lang='grc' dir='ltr'>κελλίον,</span> <span class='ocrx_word' id='word_1_688' title='bbox 1057 4743 1150 4796; x_wconf 78' lang='grc' dir='ltr'><strong>καὶ</strong></span> <span class='ocrx_word' id='word_1_689' title='bbox 1185 4743 1386 4798; x_wconf 76' lang='grc' dir='ltr'>ἔδωκεν</span> <span class='ocrx_word' id='word_1_690' title='bbox 1413 4746 1580 4817; x_wconf 85' lang='grc' dir='ltr'>αὐτῷ.</span> <span class='ocrx_word' id='word_1_691' title='bbox 1612 4742 1720 4801; x_wconf 86' lang='grc' dir='ltr'>Ἦν</span> <span class='ocrx_word' id='word_1_692' title='bbox 1745 4747 1802 4800; x_wconf 87' lang='grc' dir='ltr'><strong>δέ</strong></span> 
     </span>
    </p>
   </div>
   <div class='ocr_carea' id='block_1_94' title="bbox 2003 4733 3533 4817">
    <p class='ocr_par' dir='ltr' id='par_1_94' title="bbox 2003 4740 3533 4814">
     <span class='ocr_line' id='line_1_94' title="bbox 2003 4740 3533 4814; baseline -0.005 -14"><span class='ocrx_word' id='word_1_693' title='bbox 2003 4746 2195 4807; x_wconf 88' lang='lat' dir='ltr'><strong>ellam,</strong></span> <span class='ocrx_word' id='word_1_694' title='bbox 2227 4743 2488 4814; x_wconf 90' lang='lat' dir='ltr'><strong>deditque</strong></span> <span class='ocrx_word' id='word_1_695' title='bbox 2521 4742 2620 4796; x_wconf 92' lang='lat' dir='ltr'><strong>illi.</strong></span> <span class='ocrx_word' id='word_1_696' title='bbox 2657 4740 2976 4812; x_wconf 62' lang='lat' dir='ltr'><strong>iEgrotabat</strong></span> <span class='ocrx_word' id='word_1_697' title='bbox 3009 4749 3186 4792; x_wconf 89' lang='lat' dir='ltr'><strong>autem</strong></span> <span class='ocrx_word' id='word_1_698' title='bbox 3227 4753 3427 4800; x_wconf 84' lang='lat' dir='ltr'><strong>senex;</strong></span> <span class='ocrx_word' id='word_1_699' title='bbox 3467 4752 3533 4792; x_wconf 91' lang='lat' dir='ltr'><strong>ac</strong></span> 
     </span>
    </p>
   </div>
   <div class='ocr_carea' id='block_1_95' title="bbox 273 4830 1803 4906">
    <p class='ocr_par' dir='ltr' id='par_1_95' title="bbox 273 4830 1803 4902">
     <span class='ocr_line' id='line_1_95' title="bbox 273 4830 1803 4902; baseline 0.002 -17"><span class='ocrx_word' id='word_1_700' title='bbox 273 4833 459 4902; x_wconf 80' lang='grc' dir='ltr'>γέρων</span> <span class='ocrx_word' id='word_1_701' title='bbox 493 4830 750 4901; x_wconf 80' lang='grc' dir='ltr'>ἀσθενήςο</span> <span class='ocrx_word' id='word_1_702' title='bbox 791 4832 887 4884; x_wconf 76' lang='grc' dir='ltr'><strong>καὶ</strong></span> <span class='ocrx_word' id='word_1_703' title='bbox 923 4831 1230 4885; x_wconf 82' lang='grc' dir='ltr'>ἀνέπαυσεν</span> <span class='ocrx_word' id='word_1_704' title='bbox 1255 4832 1416 4888; x_wconf 76' lang='grc' dir='ltr'>αὐτὸν</span> <span class='ocrx_word' id='word_1_705' title='bbox 1453 4835 1482 4886; x_wconf 93' lang='lat'><strong>6</strong></span> <span class='ocrx_word' id='word_1_706' title='bbox 1513 4834 1686 4897; x_wconf 83' lang='grc' dir='ltr'>ἀϐϐᾶς</span> <span class='ocrx_word' id='word_1_707' title='bbox 1713 4834 1803 4890; x_wconf 83' lang='grc' dir='ltr'>Λώ</span> 
     </span>
    </p>
   </div>
   <div class='ocr_carea' id='block_1_96' title="bbox 1999 4830 3529 4906">
    <p class='ocr_par' dir='ltr' id='par_1_96' title="bbox 1999 4830 3529 4906">
     <span class='ocr_line' id='line_1_96' title="bbox 1999 4830 3529 4906; baseline -0.007 -12"><span class='ocrx_word' id='word_1_708' title='bbox 1999 4837 2160 4894; x_wconf 82' lang='lat' dir='ltr'><strong>el‘ecit</strong></span> <span class='ocrx_word' id='word_1_709' title='bbox 2198 4851 2323 4891; x_wconf 90' lang='lat' dir='ltr'><strong>eum</strong></span> <span class='ocrx_word' id='word_1_710' title='bbox 2356 4854 2370 4891; x_wconf 89' lang='lat'>:</span> <span class='ocrx_word' id='word_1_711' title='bbox 2403 4835 2548 4906; x_wconf 90' lang='lat' dir='ltr'><strong>quod</strong></span> <span class='ocrx_word' id='word_1_712' title='bbox 2583 4834 2630 4889; x_wconf 89' lang='lat' dir='ltr'><strong>si</strong></span> <span class='ocrx_word' id='word_1_713' title='bbox 2661 4834 2940 4888; x_wconf 82' lang='lat' dir='ltr'><strong>venissent</strong></span> <span class='ocrx_word' id='word_1_714' title='bbox 2981 4830 3150 4902; x_wconf 88' lang='lat' dir='ltr'><strong>aliqui</strong></span> <span class='ocrx_word' id='word_1_715' title='bbox 3183 4831 3529 4901; x_wconf 84' lang='lat' dir='ltr'><strong>congressuri</strong></span> 
     </span>
    </p>
   </div>
   <div class='ocr_carea' id='block_1_97' title="bbox 275 4920 1805 4997">
    <p class='ocr_par' dir='ltr' id='par_1_97' title="bbox 275 4920 1805 4997">
     <span class='ocr_line' id='line_1_97' title="bbox 275 4920 1805 4997; baseline 0.003 -22"><span class='ocrx_word' id='word_1_716' title='bbox 275 4923 370 4976; x_wconf 80' lang='grc' dir='ltr'><strong>καὶ</strong></span> <span class='ocrx_word' id='word_1_717' title='bbox 393 4923 445 4974; x_wconf 83' lang='grc' dir='ltr'><strong>εί</strong></span> <span class='ocrx_word' id='word_1_718' title='bbox 473 4920 706 4993; x_wconf 72' lang='grc' dir='ltr'>ἡρχοντό</span> <span class='ocrx_word' id='word_1_719' title='bbox 731 4938 874 4986; x_wconf 88' lang='grc' dir='ltr'>τινες</span> <span class='ocrx_word' id='word_1_720' title='bbox 893 4923 1230 4994; x_wconf 86' lang='grc' dir='ltr'>παραϐαλεῖν</span> <span class='ocrx_word' id='word_1_721' title='bbox 1250 4923 1328 4995; x_wconf 82' lang='grc' dir='ltr'>τῷ</span> <span class='ocrx_word' id='word_1_722' title='bbox 1349 4925 1494 4997; x_wconf 74' lang='grc' dir='ltr'>ἀϐϐᾀ</span> <span class='ocrx_word' id='word_1_723' title='bbox 1517 4927 1661 4988; x_wconf 80' lang='grc' dir='ltr'>Λὼτ,</span> <span class='ocrx_word' id='word_1_724' title='bbox 1687 4927 1805 4980; x_wconf 84' lang='grc' dir='ltr'>ἐποί</span> 
     </span>
    </p>
   </div>
   <div class='ocr_carea' id='block_1_98' title="bbox 2003 4920 3533 4997">
    <p class='ocr_par' dir='ltr' id='par_1_98' title="bbox 2003 4921 3533 4993">
     <span class='ocr_line' id='line_1_98' title="bbox 2003 4921 3533 4993; baseline -0.005 -8"><span class='ocrx_word' id='word_1_725' title='bbox 2003 4946 2090 4985; x_wconf 92' lang='lat' dir='ltr'><strong>um</strong></span> <span class='ocrx_word' id='word_1_726' title='bbox 2146 4929 2342 4986; x_wconf 85' lang='lat' dir='ltr'><strong>abbate</strong></span> <span class='ocrx_word' id='word_1_727' title='bbox 2387 4927 2554 4993; x_wconf 86' lang='lat' dir='ltr'><strong>Loto,</strong></span> <span class='ocrx_word' id='word_1_728' title='bbox 2606 4925 2871 4982; x_wconf 74' lang='lat' dir='ltr'><strong>efﬁciebat</strong></span> <span class='ocrx_word' id='word_1_729' title='bbox 2919 4933 2980 4978; x_wconf 91' lang='lat' dir='ltr'><strong>ut</strong></span> <span class='ocrx_word' id='word_1_730' title='bbox 3033 4923 3195 4979; x_wconf 89' lang='lat' dir='ltr'><strong>etiam</strong></span> <span class='ocrx_word' id='word_1_731' title='bbox 3244 4921 3533 4978; x_wconf 79' lang='lat' dir='ltr'><strong>visitarent</strong></span> 
     </span>
    </p>
   </div>
   <div class='ocr_carea' id='block_1_99' title="bbox 272 5014 1802 5088">
    <p class='ocr_par' dir='ltr' id='par_1_99' title="bbox 272 5014 1802 5088">
     <span class='ocr_line' id='line_1_99' title="bbox 272 5014 1802 5088; baseline 0.005 -19"><span class='ocrx_word' id='word_1_732' title='bbox 272 5014 477 5077; x_wconf 78' lang='grc' dir='ltr'>αὐτοὺς</span> <span class='ocrx_word' id='word_1_733' title='bbox 507 5014 848 5084; x_wconf 87' lang='grc' dir='ltr'>παραϐαλεῖν</span> <span class='ocrx_word' id='word_1_734' title='bbox 887 5015 982 5069; x_wconf 70' lang='grc' dir='ltr'><strong>καὶ</strong></span> <span class='ocrx_word' id='word_1_735' title='bbox 1018 5015 1096 5086; x_wconf 85' lang='grc' dir='ltr'>τῷ</span> <span class='ocrx_word' id='word_1_736' title='bbox 1127 5015 1340 5088; x_wconf 89' lang='grc' dir='ltr'>γέροντι</span> <span class='ocrx_word' id='word_1_737' title='bbox 1373 5017 1451 5088; x_wconf 85' lang='grc' dir='ltr'>τῷ</span> <span class='ocrx_word' id='word_1_738' title='bbox 1483 5017 1715 5072; x_wconf 78' lang='grc' dir='ltr'>ἀσθενεῖ.</span> <span class='ocrx_word' id='word_1_739' title='bbox 1753 5021 1802 5076; x_wconf 80' lang='grc' dir='ltr'>Κ</span> 
     </span>
    </p>
   </div>
   <div class='ocr_carea' id='block_1_100' title="bbox 2001 5014 3531 5088">
    <p class='ocr_par' dir='ltr' id='par_1_100' title="bbox 2001 5015 3531 5086">
     <span class='ocr_line' id='line_1_100' title="bbox 2001 5015 3531 5086; baseline -0.004 -10"><span class='ocrx_word' id='word_1_740' title='bbox 2001 5036 2152 5076; x_wconf 84' lang='lat' dir='ltr'><strong>enem</strong></span> <span class='ocrx_word' id='word_1_741' title='bbox 2196 5019 2498 5074; x_wconf 79' lang='lat' dir='ltr'><strong>inﬁrmum.</strong></span> <span class='ocrx_word' id='word_1_742' title='bbox 2547 5015 2725 5086; x_wconf 72' lang='lat' dir='ltr'><strong>Cmpit</strong></span> <span class='ocrx_word' id='word_1_743' title='bbox 2766 5031 2898 5086; x_wconf 91' lang='lat' dir='ltr'><strong>ergo</strong></span> <span class='ocrx_word' id='word_1_744' title='bbox 2943 5016 3022 5072; x_wconf 86' lang='lat' dir='ltr'><strong>eis</strong></span> <span class='ocrx_word' id='word_1_745' title='bbox 3055 5015 3202 5086; x_wconf 91' lang='lat' dir='ltr'><strong>loqui</strong></span> <span class='ocrx_word' id='word_1_746' title='bbox 3249 5029 3531 5072; x_wconf 90' lang='lat' dir='ltr'><strong>sermones</strong></span> 
     </span>
    </p>
   </div>
   <div class='ocr_carea' id='block_1_101' title="bbox 275 5106 1805 5182">
    <p class='ocr_par' dir='ltr' id='par_1_101' title="bbox 275 5106 1802 5180">
     <span class='ocr_line' id='line_1_101' title="bbox 275 5106 1802 5180; baseline 0.001 -18"><span class='ocrx_word' id='word_1_747' title='bbox 275 5108 482 5180; x_wconf 62' lang='grc' dir='ltr'>ἤρξατο</span> <span class='ocrx_word' id='word_1_748' title='bbox 531 5108 716 5162; x_wconf 81' lang='grc' dir='ltr'>λαλεῖν</span> <span class='ocrx_word' id='word_1_749' title='bbox 766 5107 947 5172; x_wconf 83' lang='grc' dir='ltr'>αὐτοῖς</span> <span class='ocrx_word' id='word_1_750' title='bbox 998 5106 1187 5175; x_wconf 88' lang='grc' dir='ltr'>λόγους</span> <span class='ocrx_word' id='word_1_751' title='bbox 1232 5107 1326 5162; x_wconf 80' lang='grc' dir='ltr'><strong>τοῦ</strong></span> <span class='ocrx_word' id='word_1_752' title='bbox 1377 5110 1703 5180; x_wconf 85' lang='grc' dir='ltr'>Ὠριγένους·</span> <span class='ocrx_word' id='word_1_753' title='bbox 1768 5128 1802 5164; x_wconf 80' lang='grc' dir='ltr'>κ</span> 
     </span>
    </p>
   </div>
   <div class='ocr_carea' id='block_1_102' title="bbox 1997 5106 3527 5182">
    <p class='ocr_par' dir='ltr' id='par_1_102' title="bbox 1997 5106 3527 5182">
     <span class='ocr_line' id='line_1_102' title="bbox 1997 5106 3527 5182; baseline -0.002 -16"><span class='ocrx_word' id='word_1_754' title='bbox 1997 5111 2216 5182; x_wconf 78' lang='lat' dir='ltr'><strong>lrigenis</strong></span> <span class='ocrx_word' id='word_1_755' title='bbox 2263 5129 2279 5166; x_wconf 90' lang='lat'><strong>:</strong></span> <span class='ocrx_word' id='word_1_756' title='bbox 2329 5125 2438 5181; x_wconf 89' lang='lat' dir='ltr'><strong>qua</strong></span> <span class='ocrx_word' id='word_1_757' title='bbox 2488 5109 2556 5165; x_wconf 90' lang='lat' dir='ltr'><strong>de</strong></span> <span class='ocrx_word' id='word_1_758' title='bbox 2593 5123 2756 5165; x_wconf 90' lang='lat' dir='ltr'><strong>causa</strong></span> <span class='ocrx_word' id='word_1_759' title='bbox 2799 5107 2966 5163; x_wconf 86' lang='lat' dir='ltr'><strong>abbas</strong></span> <span class='ocrx_word' id='word_1_760' title='bbox 3012 5106 3113 5162; x_wconf 85' lang='lat' dir='ltr'><strong>Lot</strong></span> <span class='ocrx_word' id='word_1_761' title='bbox 3164 5107 3527 5178; x_wconf 81' lang='lat' dir='ltr'><strong>aﬂligebatur:</strong></span> 
     </span>
    </p>
   </div>
   <div class='ocr_carea' id='block_1_103' title="bbox 276 5197 1806 5275">
    <p class='ocr_par' dir='ltr' id='par_1_103' title="bbox 276 5197 1787 5274">
     <span class='ocr_line' id='line_1_103' title="bbox 276 5197 1787 5274; baseline 0.002 -20"><span class='ocrx_word' id='word_1_762' title='bbox 276 5200 522 5254; x_wconf 77' lang='grc' dir='ltr'>ἐθλίϐετο</span> <span class='ocrx_word' id='word_1_763' title='bbox 563 5200 593 5254; x_wconf 91' lang='lat'><strong>6</strong></span> <span class='ocrx_word' id='word_1_764' title='bbox 636 5198 811 5263; x_wconf 76' lang='grc' dir='ltr'>ἀϐϐᾶς</span> <span class='ocrx_word' id='word_1_765' title='bbox 845 5197 989 5265; x_wconf 83' lang='grc' dir='ltr'>Λὼτ,</span> <span class='ocrx_word' id='word_1_766' title='bbox 1025 5199 1217 5270; x_wconf 79' lang='grc' dir='ltr'>λέγων’</span> <span class='ocrx_word' id='word_1_767' title='bbox 1245 5201 1337 5273; x_wconf 81' lang='grc' dir='ltr'><strong>Μὴ</strong></span> <span class='ocrx_word' id='word_1_768' title='bbox 1366 5202 1462 5254; x_wconf 75' lang='grc' dir='ltr'>καὶ</span> <span class='ocrx_word' id='word_1_769' title='bbox 1493 5203 1787 5274; x_wconf 89' lang='grc' dir='ltr'>νομίσωσιν</span> 
     </span>
    </p>
   </div>
   <div class='ocr_carea' id='block_1_104' title="bbox 1999 5197 3529 5275">
    <p class='ocr_par' dir='ltr' id='par_1_104' title="bbox 1999 5200 3529 5275">
     <span class='ocr_line' id='line_1_104' title="bbox 1999 5200 3529 5275; baseline -0.004 -16"><span class='ocrx_word' id='word_1_770' title='bbox 1999 5206 2075 5274; x_wconf 86' lang='lat' dir='ltr'><strong>le,</strong></span> <span class='ocrx_word' id='word_1_771' title='bbox 2109 5205 2396 5275; x_wconf 86' lang='lat' dir='ltr'><strong>inquiens,</strong></span> <span class='ocrx_word' id='word_1_772' title='bbox 2437 5203 2628 5258; x_wconf 80' lang='lat' dir='ltr'><strong>Patres</strong></span> <span class='ocrx_word' id='word_1_773' title='bbox 2676 5202 2989 5258; x_wconf 76' lang='lat' dir='ltr'><strong>existiment</strong></span> <span class='ocrx_word' id='word_1_774' title='bbox 3035 5215 3136 5257; x_wconf 89' lang='lat' dir='ltr'><strong>nos</strong></span> <span class='ocrx_word' id='word_1_775' title='bbox 3183 5215 3398 5271; x_wconf 88' lang='lat' dir='ltr'><strong>quoque</strong></span> <span class='ocrx_word' id='word_1_776' title='bbox 3453 5200 3529 5254; x_wconf 88' lang='lat' dir='ltr'><strong>ita</strong></span> 
     </span>
    </p>
   </div>
   <div class='ocr_carea' id='block_1_105' title="bbox 350 5358 1880 5433">
    <p class='ocr_par' dir='ltr' id='par_1_105' title="bbox 350 5358 1871 5433">
     <span class='ocr_line' id='line_1_105' title="bbox 350 5358 1871 5433; baseline 0.005 -22"><span class='ocrx_word' id='word_1_777' title='bbox 350 5359 517 5433; x_wconf 73' lang='lat' dir='ltr'><strong>&quot;_A_l.</strong></span> <span class='ocrx_word' id='word_1_778' title='bbox 557 5358 856 5433; x_wconf 44' lang='lat' dir='ltr'><strong>insenfqi.</strong></span> <span class='ocrx_word' id='word_1_779' title='bbox 899 5359 1003 5433; x_wconf 37' lang='lat'><strong>“&#39;1</strong></span> <span class='ocrx_word' id='word_1_780' title='bbox 1029 5360 1114 5433; x_wconf 84' lang='lat' dir='ltr'><strong>Al.</strong></span> <span class='ocrx_word' id='word_1_781' title='bbox 1144 5359 1367 5433; x_wconf 69' lang='grc' dir='ltr'>Εὐχῖται</span> <span class='ocrx_word' id='word_1_782' title='bbox 1405 5365 1459 5413; x_wconf 87' lang='lat' dir='ltr'><strong>et</strong></span> <span class='ocrx_word' id='word_1_783' title='bbox 1486 5359 1748 5432; x_wconf 83' lang='grc' dir='ltr'>Εὑχῆται.</span> <span class='ocrx_word' id='word_1_784' title='bbox 1827 5363 1871 5394; x_wconf 80' lang='grc'>¹¹</span> 
     </span>
    </p>
   </div>
   <div class='ocr_carea' id='block_1_106' title="bbox 1995 5358 3525 5433">
    <p class='ocr_par' dir='ltr' id='par_1_106' title="bbox 2015 5358 3525 5433">
     <span class='ocr_line' id='line_1_106' title="bbox 2015 5358 3525 5433; baseline 0 -17"><span class='ocrx_word' id='word_1_785' title='bbox 2015 5361 2174 5432; x_wconf 84' lang='grc' dir='ltr'>ὑπέρ.</span> <span class='ocrx_word' id='word_1_786' title='bbox 2269 5361 2312 5393; x_wconf 79' lang='grc'>⁸³</span> <span class='ocrx_word' id='word_1_787' title='bbox 2339 5360 2424 5416; x_wconf 81' lang='lat' dir='ltr'><strong>Al.</strong></span> <span class='ocrx_word' id='word_1_788' title='bbox 2489 5359 2712 5433; x_wconf 77' lang='grc' dir='ltr'>ἐμαυτῷ</span> <span class='ocrx_word' id='word_1_789' title='bbox 2741 5359 2932 5415; x_wconf 85' lang='grc' dir='ltr'>θαλλία</span> <span class='ocrx_word' id='word_1_790' title='bbox 2961 5359 3159 5433; x_wconf 86' lang='grc' dir='ltr'>μικρά.</span> <span class='ocrx_word' id='word_1_791' title='bbox 3233 5358 3276 5391; x_wconf 73' lang='grc'>³⁸</span> <span class='ocrx_word' id='word_1_792' title='bbox 3309 5358 3393 5415; x_wconf 83' lang='lat' dir='ltr'><strong>Al.</strong></span> <span class='ocrx_word' id='word_1_793' title='bbox 3424 5359 3525 5425; x_wconf 81' lang='grc' dir='ltr'>είς.</span> 
     </span>
    </p>
   </div>
   <div class='ocr_carea' id='block_1_107' title="bbox 275 5428 1366 5494">
    <p class='ocr_par' dir='ltr' id='par_1_107' title="bbox 275 5428 1366 5494">
     <span class='ocr_line' id='line_1_107' title="bbox 275 5428 1366 5494; baseline 0 -8"><span class='ocrx_word' id='word_1_794' title='bbox 275 5431 323 5463; x_wconf 84' lang='grc'>¹⁸</span> <span class='ocrx_word' id='word_1_795' title='bbox 351 5433 368 5486; x_wconf 95' lang='lat' dir='ltr'><strong>l</strong></span> <span class='ocrx_word' id='word_1_796' title='bbox 406 5429 609 5486; x_wconf 84' lang='lat' dir='ltr'><strong>Thess.</strong></span> <span class='ocrx_word' id='word_1_797' title='bbox 641 5445 696 5494; x_wconf 90' lang='lat' dir='ltr'><strong>v,</strong></span> <span class='ocrx_word' id='word_1_798' title='bbox 727 5428 817 5484; x_wconf 77' lang='grc'><strong>17.</strong></span> <span class='ocrx_word' id='word_1_799' title='bbox 896 5431 940 5464; x_wconf 75' lang='grc'><strong>⁸⁸</strong></span> <span class='ocrx_word' id='word_1_800' title='bbox 973 5428 1118 5485; x_wconf 84' lang='lat' dir='ltr'><strong>Psal.</strong></span> <span class='ocrx_word' id='word_1_801' title='bbox 1148 5445 1198 5494; x_wconf 78' lang='grc' dir='ltr'><strong>ι,</strong></span> <span class='ocrx_word' id='word_1_802' title='bbox 1229 5428 1286 5493; x_wconf 72' lang='lat'><strong>2,</strong></span> <span class='ocrx_word' id='word_1_803' title='bbox 1312 5429 1366 5486; x_wconf 76' lang='grc'>5.</span> 
     </span>
    </p>
   </div>
   <div class='ocr_carea' id='block_1_108' title="bbox 349 5541 1879 5615">
    <p class='ocr_par' dir='ltr' id='par_1_108' title="bbox 349 5541 1865 5615">
     <span class='ocr_line' id='line_1_108' title="bbox 349 5541 1865 5615; baseline -0.004 -13"><span class='ocrx_word' id='word_1_804' title='bbox 349 5546 486 5615; x_wconf 79' lang='lat'><strong>(73‘)</strong></span> <span class='ocrx_word' id='word_1_805' title='bbox 515 5543 673 5599; x_wconf 86' lang='grc' dir='ltr'><strong>Ποιῶ</strong></span> <span class='ocrx_word' id='word_1_806' title='bbox 696 5543 978 5615; x_wconf 56' lang='grc' dir='ltr'>πλεῖον-ἣ</span> <span class='ocrx_word' id='word_1_807' title='bbox 1003 5543 1258 5615; x_wconf 70' lang='grc' dir='ltr'>ἔλαττον</span> <span class='ocrx_word' id='word_1_808' title='bbox 1280 5541 1496 5615; x_wconf 75' lang='grc' dir='ltr'>δεκαέξ</span> <span class='ocrx_word' id='word_1_809' title='bbox 1515 5541 1750 5615; x_wconf 58' lang='lat' dir='ltr'><strong>ranula.</strong></span> <span class='ocrx_word' id='word_1_810' title='bbox 1782 5541 1865 5597; x_wconf 86' lang='lat' dir='ltr'><strong>Ad</strong></span> 
     </span>
    </p>
   </div>
   <div class='ocr_carea' id='block_1_109' title="bbox 1998 5541 3528 5615">
    <p class='ocr_par' dir='ltr' id='par_1_109' title="bbox 1998 5542 3528 5615">
     <span class='ocr_line' id='line_1_109' title="bbox 1998 5542 3528 5615; baseline 0.005 -16"><span class='ocrx_word' id='word_1_811' title='bbox 1998 5542 2121 5599; x_wconf 59' lang='lat' dir='ltr'><strong>’ulos</strong></span> <span class='ocrx_word' id='word_1_812' title='bbox 2150 5551 2412 5615; x_wconf 63' lang='lat' dir='ltr'><strong>emero,“</strong></span> <span class='ocrx_word' id='word_1_813' title='bbox 2442 5542 2610 5611; x_wconf 76' lang='lat' dir='ltr'><strong>fecero</strong></span> <span class='ocrx_word' id='word_1_814' title='bbox 2639 5560 2703 5598; x_wconf 73' lang='lat' dir='ltr'><strong>ex</strong></span> <span class='ocrx_word' id='word_1_815' title='bbox 2729 5546 2804 5600; x_wconf 82' lang='lat' dir='ltr'><strong>eis</strong></span> <span class='ocrx_word' id='word_1_816' title='bbox 2840 5561 3079 5601; x_wconf 79' lang='lat' dir='ltr'><strong>nummos</strong></span> <span class='ocrx_word' id='word_1_817' title='bbox 3103 5545 3292 5604; x_wconf 81' lang='lat' dir='ltr'><strong>decem.</strong></span> <span class='ocrx_word' id='word_1_818' title='bbox 3327 5545 3528 5606; x_wconf 78' lang='lat' dir='ltr'><strong>Sanavi</strong></span> 
     </span>
    </p>
   </div>
   <div class='ocr_carea' id='block_1_110' title="bbox 274 5611 3072 5685">
    <p class='ocr_par' dir='ltr' id='par_1_110' title="bbox 274 5611 3072 5685">
     <span class='ocr_line' id='line_1_110' title="bbox 274 5611 3072 5685; baseline 0 -17"><span class='ocrx_word' id='word_1_819' title='bbox 274 5611 506 5671; x_wconf 78' lang='lat' dir='ltr'><strong>verbum</strong></span> <span class='ocrx_word' id='word_1_820' title='bbox 548 5615 803 5685; x_wconf 85' lang='lat' dir='ltr'><strong>Pelagius</strong></span> <span class='ocrx_word' id='word_1_821' title='bbox 837 5634 852 5668; x_wconf 89' lang='lat'><strong>:</strong></span> <span class='ocrx_word' id='word_1_822' title='bbox 897 5612 1065 5667; x_wconf 86' lang='lat' dir='ltr'><strong>Facio</strong></span> <span class='ocrx_word' id='word_1_823' title='bbox 1085 5612 1211 5685; x_wconf 77' lang='lat' dir='ltr'><strong>plus</strong></span> <span class='ocrx_word' id='word_1_824' title='bbox 1238 5612 1410 5666; x_wconf 81' lang='lat' dir='ltr'><strong>minus</strong></span> <span class='ocrx_word' id='word_1_825' title='bbox 1444 5611 1664 5685; x_wconf 56' lang='lat' dir='ltr'><strong>sederint</strong></span> <span class='ocrx_word' id='word_1_826' title='bbox 1705 5628 1860 5665; x_wconf 88' lang='lat' dir='ltr'><strong>num-</strong></span> <span class='ocrx_word' id='word_1_827' title='bbox 1965 5614 2744 5685; x_wconf 27' lang='lat' dir='ltr'><strong>locum.‘quitranspositione</strong></span> <span class='ocrx_word' id='word_1_828' title='bbox 2775 5616 3072 5674; x_wconf 86' lang='lat' dir='ltr'><strong>laborabat.</strong></span> 
     </span>
    </p>
   </div>
   <div class='ocr_carea' id='block_1_111' title="bbox 274 5681 1804 5753">
    <p class='ocr_par' dir='ltr' id='par_1_111' title="bbox 274 5681 1804 5750">
     <span class='ocr_line' id='line_1_111' title="bbox 274 5681 1804 5750; baseline -0.003 -9"><span class='ocrx_word' id='word_1_829' title='bbox 274 5703 413 5741; x_wconf 78' lang='lat' dir='ltr'><strong>mos.</strong></span> <span class='ocrx_word' id='word_1_830' title='bbox 445 5686 524 5740; x_wconf 79' lang='lat' dir='ltr'><strong>Ex</strong></span> <span class='ocrx_word' id='word_1_831' title='bbox 548 5681 713 5740; x_wconf 76' lang='lat' dir='ltr'><strong>sensu</strong></span> <span class='ocrx_word' id='word_1_832' title='bbox 745 5684 977 5740; x_wconf 82' lang='lat' dir='ltr'><strong>Ruﬁnus</strong></span> <span class='ocrx_word' id='word_1_833' title='bbox 1008 5700 1024 5739; x_wconf 91' lang='lat'><strong>:</strong></span> <span class='ocrx_word' id='word_1_834' title='bbox 1053 5683 1286 5750; x_wconf 78' lang='lat' dir='ltr'><strong>Cumque</strong></span> <span class='ocrx_word' id='word_1_835' title='bbox 1312 5681 1724 5750; x_wconf 78' lang='lat' dir='ltr'><strong>percomplcvero</strong></span> <span class='ocrx_word' id='word_1_836' title='bbox 1747 5699 1804 5750; x_wconf 75' lang='lat' dir='ltr'><strong>op</strong></span> 
     </span>
    </p>
   </div>
   <div class='ocr_carea' id='block_1_112' title="bbox 1439 5681 2969 5753">
    <p class='ocr_par' dir='ltr' id='par_1_112' title="bbox 1439 5681 2969 5753">
     <span class='ocr_line' id='line_1_112' title="bbox 1439 5681 2969 5753; baseline 0.004 -17"><span class='ocrx_word' id='word_1_837' title='bbox 1439 5681 1724 5750; x_wconf 83' lang='lat' dir='ltr'><strong>omplevero</strong></span> <span class='ocrx_word' id='word_1_838' title='bbox 1747 5699 1859 5750; x_wconf 80' lang='lat' dir='ltr'><strong>ope-</strong></span> <span class='ocrx_word' id='word_1_839' title='bbox 2036 5681 2148 5753; x_wconf 73' lang='grc'><strong>(74)</strong></span> <span class='ocrx_word' id='word_1_840' title='bbox 2183 5681 2237 5736; x_wconf 89' lang='lat' dir='ltr'><strong>In</strong></span> <span class='ocrx_word' id='word_1_841' title='bbox 2272 5681 2520 5753; x_wconf 73' lang='lat' dir='ltr'><strong>Eplmem</strong></span> <span class='ocrx_word' id='word_1_842' title='bbox 2548 5700 2600 5753; x_wconf 85' lang='lat' dir='ltr'><strong>p.</strong></span> <span class='ocrx_word' id='word_1_843' title='bbox 2637 5685 2760 5753; x_wconf 72' lang='lat'><strong>387,</strong></span> <span class='ocrx_word' id='word_1_844' title='bbox 2790 5704 2844 5742; x_wconf 94' lang='lat' dir='ltr'><strong>n.</strong></span> <span class='ocrx_word' id='word_1_845' title='bbox 2889 5688 2969 5742; x_wconf 86' lang='grc'>10.</span> 
     </span>
    </p>
   </div>
   <div class='ocr_carea' id='block_1_113' title="bbox 275 5751 2696 5824">
    <p class='ocr_par' dir='ltr' id='par_1_113' title="bbox 275 5751 2696 5824">
     <span class='ocr_line' id='line_1_113' title="bbox 275 5751 2696 5824; baseline -0.001 -13"><span class='ocrx_word' id='word_1_846' title='bbox 275 5773 342 5824; x_wconf 74' lang='lat' dir='ltr'><strong>ra</strong></span> <span class='ocrx_word' id='word_1_847' title='bbox 375 5772 628 5821; x_wconf 85' lang='lat' dir='ltr'><strong>manuum</strong></span> <span class='ocrx_word' id='word_1_848' title='bbox 657 5773 910 5816; x_wconf 87' lang='lat' dir='ltr'><strong>mearum.</strong></span> <span class='ocrx_word' id='word_1_849' title='bbox 935 5765 984 5809; x_wconf 86' lang='lat' dir='ltr'><strong>et</strong></span> <span class='ocrx_word' id='word_1_850' title='bbox 1014 5754 1194 5822; x_wconf 85' lang='lat' dir='ltr'><strong>aliqua</strong></span> <span class='ocrx_word' id='word_1_851' title='bbox 1224 5769 1347 5806; x_wconf 74' lang='lat' dir='ltr'><strong>rasa</strong></span> <span class='ocrx_word' id='word_1_852' title='bbox 1381 5763 1470 5806; x_wconf 90' lang='lat' dir='ltr'><strong>aut</strong></span> <span class='ocrx_word' id='word_1_853' title='bbox 1493 5769 1684 5822; x_wconf 69' lang='lat' dir='ltr'><strong>paucos</strong></span> <span class='ocrx_word' id='word_1_854' title='bbox 1710 5753 1854 5824; x_wconf 76' lang='lat' dir='ltr'><strong>[uni-</strong></span> <span class='ocrx_word' id='word_1_855' title='bbox 2038 5751 2147 5823; x_wconf 85' lang='grc'><strong>(75)</strong></span> <span class='ocrx_word' id='word_1_856' title='bbox 2193 5753 2294 5808; x_wconf 75' lang='lat' dir='ltr'><strong>Vit.</strong></span> <span class='ocrx_word' id='word_1_857' title='bbox 2320 5751 2482 5810; x_wconf 70' lang='lat' dir='ltr'><strong>Patr.</strong></span> <span class='ocrx_word' id='word_1_858' title='bbox 2519 5751 2614 5823; x_wconf 68' lang='lat' dir='ltr'><strong>xit,</strong></span> <span class='ocrx_word' id='word_1_859' title='bbox 2645 5755 2696 5810; x_wconf 90' lang='lat'><strong>9.</strong></span> 
     </span>
    </p>
   </div>
  </div>
