3874 6300
328 278 437 334 255

1461 268 1807 325 AP‘PENDIX
1845 267 1936 321 AD
1972 260 2400 320 PALLADIUM.

3490 251 3598 307 εδδ

333 401 544 456 sentire
577 420 590 455 :
621 408 858 454 attamen
879 412 994 466 non
1025 395 1260 450 audebat
1306 393 1576 446 hominem
1604 407 1634 445 e
1665 393 1784 444 loco
1805 404 1907 459 Ejl-
1936 420 1947 452 λ

2064 387 2270 455 ατέρες,
2315 381 2396 434 ὅτι
2443 379 2538 432 καὶ
2569 377 2729 448 ἡμεῖς
2775 374 2950 437 οὓτως
2996 371 3188 442 ἐσμέν·
3230 369 3323 422 καὶ
3351 367 3601 420 έκὺαλεῖν

336 510 486 559 cere,
520 501 744 564 propter
771 489 1084 544 mandatum
1114 485 1227 540 Dei.
1263 483 1506 554 Surgens
1529 482 1712 552 itaque
1738 481 1908 535 abbas

333 587 471 653 Lot,
515 585 758 664 perrexit
803 583 870 638 ad
904 583 1154 636 abbatem
1190 577 1513 639 Arsenium,
1562 577 1917 644 narravitque

336 681 390 734 ei
432 679 501 734 de
549 694 700 736 sene.
750 679 838 732 Ait
884 677 1053 731 abbas
1101 675 1366 732 Arsenius
1399 692 1412 727 :
1443 671 1565 728 Noli
1610 671 1914 741 expellere,

339 773 439 830 sed
480 771 654 826 dicito
682 771 773 826 ei:
808 769 949 824 Ecce
989 784 1020 822 e
1067 767 1226 823 bonis
1265 766 1361 820 Dei
1427 764 1726 827 manduca,
1759 763 1912 826 bibe,

338 871 505 935 prout
532 861 805 922 volueris,
839 868 1051 914 tantum
1083 861 1182 914 bos
1212 872 1494 914 sermones
1523 872 1592 911 ne
1622 856 1917 926 proloqua-

341 954 421 1009 ris
455 971 470 1008 :
505 951 652 1023 quod
685 951 730 1004 si
765 950 1022 1012 voluerit,
1057 947 1461 1012 emendabitur;
1500 947 1547 1002 si
1581 961 1711 1000 vero
1738 945 1921 1000 nolue-

343 1044 418 1099 rit
461 1041 753 1098 emendare
809 1055 904 1104 se,
957 1046 1149 1108 sponte
1192 1045 1486 1107 rogaturus
1525 1042 1695 1092 estut
1739 1034 1922 1088 eloco

345 1132 602 1196 secedat,
641 1145 742 1186 nec
773 1138 832 1184 tu
861 1129 1080 1184 futurus
1110 1143 1170 1183 es
1199 1128 1481 1185 discessus
1511 1141 1699 1181 causa.
1736 1125 1924 1196 Itaque

345 1240 608 1282 reversus
634 1224 805 1279 abbas
836 1223 957 1288 Lot,
990 1221 1064 1276 ita
1101 1220 1249 1277 fecit.
1283 1220 1420 1274 Tum
1447 1235 1612 1275 senex
1637 1228 1924 1289 postquam

348 1317 560 1373 audivit
613 1318 757 1382 haec,
815 1315 993 1370 noluit
1038 1313 1273 1383 corrigi;
1334 1312 1428 1368 sed
1478 1312 1642 1382 ctepit
1698 1326 1924 1382 rogare,

348 1410 541 1466 dicens
586 1429 599 1465 :
643 1407 872 1479 Pr0pter
933 1407 1262 1470 Dominum,
1318 1406 1449 1460 hinc
1501 1421 1587 1460 me
1645 1405 1925 1475 ablegate;

350 1518 457 1558 nec
485 1504 630 1557 enim
659 1501 894 1580 amplius
934 1500 1088 1554 valeo
1129 1499 1402 1554 sustinere
1432 1496 1807 1553 solitudinem.
1834 1497 1932 1551 At-

351 1609 463 1661 que
496 1594 579 1649 sic
604 1607 905 1664 exsurgens
929 1605 1184 1663 egressus
1213 1597 1318 1655 est,
1350 1589 1620 1646 deductus
1652 1603 1778 1644 cum
1809 1587 1936 1643 cha-

336 1687 542 1741 ritate.

425 1862 484 1918 2.
523 1861 776 1917 Narravit
809 1860 1009 1932 aliquis
1037 1859 1106 1915 de
1150 1859 1391 1930 quodam
1440 1858 1609 1914 fratre
1639 1861 1696 1914 in
1737 1874 1941 1931 pecca-

359 1961 475 2007 tum
525 1952 712 2021 lapso,
755 1949 904 2021 quod
947 1965 1280 2022 congressus
1332 1964 1458 2004 cum
1516 1948 1714 2004 abbate
1766 1947 1935 2012 Loto,

359 2044 810 2106 conturbaretur,
865 2043 1202 2114 ingrediens,
1245 2041 1552 2115 egrediens,
1598 2055 1700 2096 nec
1750 2041 1939 2096 valens

361 2137 572 2192 sedere.
620 2135 760 2190 Dicit
791 2134 842 2190 ei
884 2135 1055 2190 abbas
1086 2134 1189 2190 Lot
1233 2152 1246 2188 :
1295 2135 1434 2198 Quid
1483 2133 1684 2198 habes,
1733 2133 1940 2187 frater?

359 2228 458 2285 Ille
477 2247 500 2284 .:
529 2227 780 2298 Magnum
811 2226 1074 2281 delictum
1120 2226 1396 2289 commisi,
1432 2242 1532 2280 nec
1565 2240 1790 2295 possum
1823 2225 1940 2280 edi-

363 2335 488 2374 cere
514 2317 789 2373 Patribus.
844 2317 912 2372 Et
943 2334 1108 2374 senex
1135 2333 1151 2372 :
1180 2317 1456 2372 Confitere
1487 2315 1619 2372 mihi
1655 2316 1812 2380 illud,
1839 2332 1941 2387 ego

363 2412 615 2483 portabo.
641 2412 794 2466 Tunc
833 2412 907 2466 ita
939 2412 1161 2466 locutus
1191 2420 1313 2467 est:
1342 2411 1512 2466 Incidi
1541 2410 1597 2464 in
1627 2409 1943 2464 fornicatio-

366 2517 528 2568 nem;
560 2517 624 2556 ac
673 2510 732 2555 ut
770 2503 880 2556 vati
927 2517 1153 2572 compos
1188 2517 1401 2565 essem,
1445 2501 1701 2556 mactavi.
1739 2501 1828 2554 Ait
1864 2501 1942 2554 illi

365 2607 535 2648 senex
570 2610 583 2646 :
618 2589 842 2646 Confide
871 2591 1018 2662 quod
1042 2594 1114 2648 sit
1147 2593 1468 2663 paenitentia
1499 2610 1513 2646 :
1539 2592 1698 2655 vade,
1731 2592 1858 2647 sede
1889 2592 1944 2646 in

366 2682 630 2752 spelunca
652 2721 667 2747 ,
699 2698 797 2753 per
825 2683 990 2737 bidua
1032 2683 1157 2737 cibo
1185 2683 1398 2737 abstine
1419 2721 1433 2746 ,
1462 2697 1563 2752 ego
1591 2689 1772 2736 tecum
1817 2696 1946 2751 por-

368 2770 499 2826 tabo
551 2771 838 2824 dimidium
897 2772 1134 2841 peccati.
1192 2770 1380 2842 Itaque
1429 2772 1714 2842 completis
1767 2772 1960 2844 tribus

371 2861 840 2926 hebdomadibus,
891 2863 1106 2932 plenam
1173 2865 1385 2934 accepit
1435 2865 1800 2936 cognitionem
1857 2880 1946 2918 se-

372 2967 514 3016 nex,
564 2951 710 3022 quod
751 2951 934 3008 fratris
995 2955 1373 3022 pmnitentiam
1423 2953 1562 3010 Deus
1615 2955 1944 3010 admisisset.

2013 475 2174 530 αὑτὸν
2217 473 2284 526 ἐκ
2323 469 2417 525 τοῦ
2453 469 2618 523 τόπου
2677 467 2924 538 ἐφοϐεῖτο
2969 465 3058 518 διὰ
3087 462 3185 534 τὴν
3216 460 3458 532 ἐντολήν.
3493 459 3603 511 Καὶ

2013 563 2252 627 ἀναστάς
2300 563 2328 615 ό
2367 559 2542 623 ἁ66ᾶς
2569 558 2710 624 Λὼτ,
2744 553 2874 630 ἦλθε
2903 557 3041 629 πρὸς
3077 555 3166 609 τὸν
3196 553 3368 607 ἁ66ἄν
3415 554 3604 622 ’Δρσέ-

2014 677 2146 726 νιον,
2186 657 2281 711 καὶ
2302 656 2598 726 διηγήσατο
2626 652 2776 723 αὐτῷ
2803 651 2931 722 περὶ
2955 650 3049 704 τοῦ
3073 649 3344 720 γέροντος.
3376 647 3486 701 Καὶ
3519 645 3607 699 1.6!-

2016 768 2102 820 γει
2128 748 2278 820 αὐτῷ
2307 751 2334 802 6
2368 748 2543 812 άϐὅᾶς
2583 746 2878 818 Ἀρσένιος·
2917 743 3008 816 Μὴ
3050 741 3246 811 διώξῃς
3275 739 3458 800 αὐτὸν,
3488 727 3605 792 ἀλλ’

2018 841 2141 895 εἰπὲ
2171 839 2338 911 αὐτῷ·
2376 840 2509 894 Ἰδοὺ
2537 840 2601 892 ἐκ
2630 837 2736 892 τῶν
2764 835 2857 889 τοῦ
2889 833 3026 890 Θεοῦ
3077 834 3244 903 φάγε,
3273 832 3385 898 πίε,
3413 831 3487 894 ὡς
3519 830 3612 883 θέ-

2021 934 2155 998 λεις,
2185 934 2342 1005 μόνον
2366 934 2457 986 τὸν
2478 933 2636 1001 λόγον
2663 930 2850 984 τοῦτον
2887 928 2959 1000 μὴ
2991 929 3252 1000 λαλήσῃς·
3281 927 3376 982 καὶ
3399 926 3498 979 ἐὰν
3524 926 3611 978 θέ-

2021 1025 2112 1097 λῃ,
2140 1022 2465 1095 διορθοῦται·
2501 1022 2549 1074 εί
2576 1020 2633 1073 δὲ
2659 1019 2733 1090 μὴ
2759 1018 2886 1088 θέλῃ
2918 1014 3337 1087 διορθώσασθαι,
3357 1013 3449 1082 ἀφ’
3480 1013 3613 1066 ἑαυ-

2023 1115 2116 1171 τοῦ
2143 1115 2324 1187 μέλλει
2351 1112 2686 1185 παρακαλεῖν
2718 1109 2812 1164 τοῦ
2841 1108 3193 1180 ἀναχωρῆσαι
3220 1108 3284 1158 ὲκ
3300 1103 3394 1158 τοῦ
3421 1103 3609 1156 τόπου·

2027 1205 2120 1259 καὶ
2144 1206 2243 1259 οὐκ
2271 1204 2380 1258 ἀπὸ
2407 1201 2502 1256 σοῦ
2535 1203 2746 1271 γίνεται
2785 1202 2818 1270 ἡ
2851 1199 3097 1271 ἀφορμή.
3136 1193 3412 1248 Ἀπελθὼν
3457 1187 3550 1245 οὖν
3583 1192 3616 1245 6

2027 1297 2201 1361 ὰϐὅᾶς
2244 1295 2367 1350 Λὼτ
2400 1295 2658 1364 ἐποίησεν
2686 1292 2878 1354 οὕτως.
2915 1291 3024 1345 Καὶ
3046 1292 3073 1342 6
3100 1288 3278 1358 γέρων
3305 1285 3381 1349 ὡς
3414 1285 3614 1356 ἢκουσε

2028 1389 2222 1452 ταῦτα,
2248 1388 2349 1440 οὐκ
2384 1386 2542 1458 ἤθελε
2585 1383 3000 1458 διορθώσασθαι·
3033 1381 3146 1434 ἀλλ’
3172 1379 3330 1432 ἔϐαλε
3366 1395 3617 1448 παρακα-

2030 1484 2141 1537 λεῖν
2167 1481 2360 1550 λέγων·
2387 1478 2487 1532 Διὰ
2514 1479 2604 1532 τὸν
2644 1477 2849 1550 Κύριον
2878 1474 3132 1545 sepem
3167 1473 3209 1503 "'
3243 1490 3310 1542 με
3341 1470 3614 1533 ἐντεῦθεν,

2033 1576 2115 1629 ὅτι
2175 1574 2278 1628 οὐκ
2333 1571 2414 1624 ἔτι
2468 1569 2707 1640 δύναμαι
2753 1567 3015 1639 βαστάξαι
3079 1565 3178 1635 τὴν
3227 1563 3452 1632 ἔρημον.
3506 1562 3615 1614 Καὶ

2035 1664 2206 1727 οὕτως
2251 1660 2488 1724 ἀναστὰς
2537 1659 2750 1730 ἐξῆλθε,
2801 1655 3260 1726 προπεμπόμενος
3301 1651 3441 1724 μετὰ
3482 1651 3596 1719 ἁγά-

1967 1747 2008 1802 Β
2039 1773 2166 1827 πης.

2111 1848 2177 1918 β’.
2209 1843 2513 1916 Διηγήσατό
2559 1860 2641 1905 τις
2687 1839 2812 1911 περί
2852 1855 2997 1900 τινος
3022 1835 3249 1904 ἀδελφοῦ
3290 1836 3622 1907 ἐμπεσόντος

2039 1942 2118 2004 είς
2147 1938 2440 2009 ἁμαρτίαν,
2461 1937 2543 1988 ὅτι
2567 1931 2930 2003 παραϐάλλων
2955 1929 3033 2000 τῷ
3057 1928 3200 1999 ἀϐὁᾷ
3220 1927 3363 1987 Λὼτ,
3388 1926 3622 1998 ἐταράσ-

2041 2047 2164 2083 σετο
2212 2027 2592 2098 εἰσερχόμενος
2637 2022 2730 2075 καὶ
2781 2020 3155 2092 ἐξερχόμενος,
3212 2019 3285 2088 μὴ
3327 2017 3625 2087 δυνάμενος

2042 2122 2277 2177 καθίσαι.
2332 2121 2444 2174 Καὶ
2500 2117 2648 2185 λέγει
2677 2114 2824 2185 αὑτῷ
2871 2116 2900 2167 6
2946 2111 3118 2174 ἀὸϐἆς
3163 2109 3307 2164 Λώτ·
3350 2110 3414 2163 Τί
3456 2110 3621 2179 ἔχεις,

2039 2214 2261 2282 ἁδελφέ;
2292 2211 2423 2264 Ὀδὲ
2449 2205 2618 2263 εἶπενο
2659 2204 2956 2277 Ἀμαρτίαν
2985 2202 3224 2274 μεγάλην
3246 2200 3497 2270 ἐποίησα,
3529 2200 3627 2255 καὶ

2039 2308 2101 2360 οὐ
2129 2305 2360 2375 δύναμαι
2407 2301 2642 2367 ἐξειπεῖν
2695 2301 2806 2362 τοῖς
2852 2296 3116 2366 Πατράσι.
3157 2293 3318 2360 Λέγει
3361 2295 3388 2346 6
3420 2293 3620 2361 γέρων·

2054 2394 2412 2468 Ὁμολόγησόν
2446 2410 2534 2463 μοι
2574 2388 2764 2458 αὐτὴν,
2797 2385 2953 2454 κάγὼ
2991 2385 3243 2455 βαστάζω
3267 2384 3457 2452 αὐτὴν.
3490 2381 3622 2434 Τότε

2042 2485 2194 2542 εἶπεν
2215 2486 2383 2559 αὐτῷ’
2410 2487 2506 2549 Εἰς
2537 2482 2792 2556 πορνείαν
2825 2481 3039 2540 ἔπεσον,
3070 2479 3163 2530 καὶ
3196 2476 3364 2530 ἔθυσα
3398 2474 3491 2527 τοῦ
3529 2493 3623 2527 τυ-

2043 2584 2158 2652 χεῖν
2185 2579 2280 2634 τοῦ
2305 2579 2652 2651 πράγματος.
2681 2573 2792 2629 Καὶ
2829 2573 2980 2641 λέγει
3011 2569 3156 2640 αὐτῷ
3193 2571 3222 2622 6
3251 2568 3446 2639 γέρων’
3483 2566 3626 2638 Θάρ-

2046 2691 2130 2727 σει
2155 2675 2236 2727 ὅτι
2262 2673 2375 2726 ἔστι
2402 2671 2674 2742 μετάνοιαο
2709 2667 2910 2734 ὕπαγε,
2944 2664 3114 2718 κάθου
3146 2663 3226 2726 εἰς
3251 2661 3311 2714 τὸ
3342 2659 3626 2730 σπήλαιον,

2046 2765 2140 2817 καὶ
2187 2765 2477 2833 νήστευσον
2516 2759 2608 2812 δύο
2647 2758 2760 2822 δύο,
2792 2754 2948 2824 κάγὼ
2982 2751 3233 2825 βαστάζω
3265 2750 3401 2821 μετὰ
3432 2747 3528 2803 σοῦ
3564 2747 3629 2801 τὸ

2045 2857 2216 2927 ἥμισυ
2254 2853 2354 2923 τῆς
2381 2852 2678 2926 ἁμαρτίας.
2717 2846 3113 2920 Πληρωθεισῶν
3161 2841 3252 2897 οὖν
3304 2842 3412 2896 τῶν
3459 2840 3630 2912 τριῶν

2049 2945 2375 3018 ἑϐδομάδων,
2436 2940 2857 3014 ἐπληροφορήθη
2914 2941 2942 2992 6
2991 2937 3167 3006 γέρων
3219 2936 3298 2988 ὅτε
3344 2933 3561 2997 ἐδέξατο
3602 2933 3636 2986 6

373 3043 466 3098 Ille
515 3047 883 3114 perseveravit
937 3045 990 3098 in
1036 3046 1406 3102 submissione
1456 3048 1605 3103 senis
1655 3062 1830 3117 usque
1880 3046 1947 3100 ad

2056 3039 2184 3102 Θεὸς
2208 3038 2307 3109 τὴν
2343 3037 2628 3107 μετάνοιαν
2670 3032 2765 3086 τοῦ
2804 3029 3054 3099 ἀδελφοῦ.
3093 3030 3202 3081 Καὶ
3243 3027 3459 3097 ἔμεινεν
3504 3026 3638 3078 ὑπο-

372 3143 626 3191 mortem.

866 3249 944 3307 De
983 3251 1174 3306 abbate
1208 3251 1466 3324 Longino.

450 3363 504 3418 I.
549 3364 662 3436 (76)
701 3364 1065 3437 Interrogavit
1117 3367 1410 3437 aliquando
1462 3367 1630 3422 abbas
1680 3366 1960 3438 Longinus

379 3454 630 3509 abbatem
673 3453 899 3509 Lucium
955 3456 1021 3510 de
1059 3457 1234 3512 tribus
1281 3459 1728 3528 cogitationibus,
1766 3459 1955 3514 aiens:

380 3540 522 3599 Volo
561 3546 920 3615 peregrinari.
959 3546 1098 3600 Dicit
1135 3551 1181 3602 ei
1213 3564 1378 3604 senex
1419 3567 1432 3602 :
1471 3546 1587 3603 Nisi
1624 3549 1961 3606 continueris

382 3638 625 3709 linguam
682 3647 862 3700 tuam,
919 3655 1028 3694 non
1075 3640 1186 3695 eris
1243 3640 1594 3710 peregrinus,
1639 3655 1964 3711 quocunque

384 3729 614 3786 abieris.
644 3728 833 3800 Itaque
860 3731 949 3786 hic
979 3732 1200 3785 contine
1244 3733 1516 3802 linguam,
1561 3741 1615 3786 et
1645 3733 1964 3802 peregrinus

385 3838 466 3876 es.
502 3821 593 3874 Ait
629 3821 824 3877 iterum
871 3821 1151 3892 Longinus
1185 3842 1197 3876 :
1234 3821 1365 3876 Volo
1406 3823 1676 3892 jejunare.
1721 3824 1966 3895 Respon-

388 3910 470 3967 dit
517 3928 685 3968 senex
719 3931 732 3966 :
763 3912 977 3967 Dictum
1027 3913 1176 3968 Isaia:
1207 3915 1486 3983 prophetae
1523 3926 1646 3970 est:
1694 3915 1752 3969 Si
1791 3918 1958 3969 incur-

388 4005 587 4060 vaveris
619 4006 771 4072 quasi
797 4014 1033 4075 torquem
1063 4015 1111 4058 et
1151 4006 1407 4058 circulum
1450 4007 1644 4061 collum
1679 4019 1844 4073 tuum,
1878 4025 1969 4062 nec

391 4096 468 4148 sic
527 4095 798 4148 vocabitur
847 4097 1110 4166 jejunium
1169 4107 1440 4165 acceptum
1491 4099 1554 4151 ”.
1631 4099 1735 4155 Sed
1788 4101 1970 4169 potius

2057 3129 2388 3200 τασσόμενος
2418 3125 2496 3196 τῷ
2531 3125 2746 3196 γέροντι
2771 3121 2877 3186 ἕως
2907 3121 3001 3174 τοῦ
3025 3120 3254 3173 θανάτου
3287 3115 3473 3170 αὐτοῦ.

2443 3260 2582 3330 Περὶ
2609 3259 2717 3312 τοῦ
2747 3255 2898 3315 ἁϐϐᾶ
2930 3257 3244 3326 [torri-rev.

2133 3385 2206 3432 α’.
2236 3375 2547 3448 Ἦρώτησεν
2569 3376 2597 3427 ὁ
2617 3372 2788 3436 ἀϐϐἄς
2827 3372 3087 3440 Λογγῖνος
3102 3367 3191 3423 τὸν
3208 3365 3380 3421 άὸϐᾶν
3418 3363 3644 3416 ⁴λούκιόν

2063 3488 2194 3524 ποτε
2225 3471 2368 3538 τρεῖς
2409 3466 2722 3535 λογισμοὺς,
2757 3463 2951 3532 λέγων·
2985 3460 3136 3513 Θέλω
3181 3455 3502 3522 ξενιτεῦσαι.
3548 3454 3646 3507 Λέ-

2064 3583 2150 3634 γει
2187 3562 2334 3634 αὑτῷ
2365 3565 2393 3616 6
2426 3561 2623 3632 γέρων·
2671 3559 2796 3612 Ἐὰν
2843 3559 2918 3628 μὴ
2965 3556 3244 3626 κρατήσῃς
3272 3552 3371 3620 τῆς
3399 3548 3650 3618 γλώσσης

2067 3675 2183 3719 σου,
2222 3656 2322 3708 οὐκ
2371 3649 2420 3706 εἷ
2450 3651 2620 3718 ξένος,
2665 3651 2797 3702 ὅπου
2839 3646 2932 3701 ἐὰν
2974 3645 3234 3717 ἀπέλθῃς.
3280 3643 3391 3694 Καὶ
3422 3636 3525 3692 ὧδε
3558 3635 3650 3691 οὖν

2066 3750 2340 3822 κράτησον
2363 3747 2463 3817 τῆς
2485 3743 2738 3814 γλώσσης
2760 3759 2874 3804 σου,
2903 3739 2996 3792 καὶ
3031 3737 3178 3802 ξένος
3203 3731 3270 3788 εἷ.
3312 3733 3474 3800 Λέγει
3504 3729 3652 3798 αὐτῷ

2069 3841 2250 3894 πάλιν·
2287 3838 2437 3891 Θέλω
2473 3833 2788 3906 νηστεῦσαι.
2841 3829 3136 3901 Ἀπεκρίθη
3190 3829 3218 3880 6
3255 3826 3453 3897 γέρων·
3487 3819 3654 3876 Εἶπεν

2081 3933 2308 3994 Ἡσαΐας
2341 3932 2370 3983 6
2398 3929 2702 4001 προερήτης·
2743 3926 2883 3978 Ἐὰν
2925 3921 3173 3990 κάμψῃς
3199 3918 3278 3983 ὡς
3310 3914 3520 3969 κλοιὸν
3555 3913 3654 3965 καὶ

2071 4028 2278 4093 κρίκον
2314 4022 2419 4075 τὸν
2449 4018 2754 4089 τράχηλόν
2782 4032 2922 4077 σου,
2961 4011 3102 4065 σὺδὲ
3138 4011 3323 4074 οὕτως
3351 4004 3654 4072 κληθήσε-

2071 4131 2166 4166 ται
2196 4111 2446 4179 νηστεία
2469 4106 2670 4173 δεκτή’
2708 4103 2844 4158 ἀλλὰ
2884 4101 3085 4172 μᾶλλον
3124 4098 3396 4169 κράτησον
3432 4094 3539 4146 τῶν
3569 4111 3658 4146 πο-

392 4203 586 4243 coerce
613 4203 809 4258 pravas
837 4189 1221 4259 cogitationes.
1263 4190 1354 4243 Ait
1385 4191 1546 4245 tertio
1575 4209 1590 4246 :
1624 4190 1758 4246 Volo
1788 4191 1947 4264 fugert

2074 4207 2251 4277 νηρῶν
2279 4201 2572 4272 λογισμῶν.
2613 4199 2776 4265 Λέγει
2807 4195 2954 4266 αὐτῷ
2980 4193 3040 4247 τὸ
3062 4192 3259 4265 τρίτον·
3293 4189 3442 4242 Θέλω
3468 4189 3658 4257 φυγεῖν

395 4280 667 4335 homines.
706 4280 884 4336 Senex
937 4296 1258 4350 responsum
1301 4283 1540 4337 reddidit
1582 4299 1598 4337 :
1646 4283 1763 4339 Nisi
1818 4288 1971 4356 prius

395 4388 519 4427 cum
579 4373 893 4427 hominibus
945 4381 1092 4428 recte
1141 4374 1363 4437 vixeris,
1424 4391 1530 4429 non
1557 4385 1712 4447 potes
1766 4379 1818 4432 in
1861 4381 1972 4432 vita

395 4465 641 4522 solitaria
668 4465 806 4520 bene
837 4480 1017 4536 agere.

465 4556 523 4612 2.
563 4555 772 4611 Monuit
821 4557 990 4612 abbas
1036 4556 1358 4629 Longinus:
1392 4559 1572 4616 Semel
1608 4562 1802 4618 morbo
1843 4562 1974 4619 atie-

395 4657 539 4714 ctus,
565 4650 656 4703 dic
685 4664 697 4700 :
731 4649 798 4704 Et
829 4665 1047 4712 vexare,
1069 4661 1121 4706 et
1149 4667 1364 4706 morere
1391 4671 1405 4720 ;
1435 4653 1582 4724 quod
1622 4655 1720 4710 sia
1752 4671 1838 4709 me
1873 4671 1971 4725 pe-

394 4741 552 4796 tieris
585 4748 745 4795 extra
786 4749 1003 4812 tempus
1045 4742 1401 4806 manducare,
1446 4758 1622 4812 neque
1658 4743 1758 4797 tibi
1791 4745 1974 4813 quoti-

394 4829 622 4887 dianum
646 4831 962 4886 alimentum
989 4833 1260 4902 prxbebo.

469 4923 524 4978 5.
567 4921 760 4978 Mulier
801 4923 1069 4993 quaedam,
1120 4940 1242 4992 quae
1310 4926 1362 4977 in
1429 4941 1666 4979 mamma
1717 4927 1970 4981 morbum

398 5012 640 5083 gerebat,
669 5013 760 5081 qui
787 5029 985 5067 cancer
1007 5015 1330 5082 appellatur,
1360 5031 1484 5069 cum
1509 5018 1578 5071 de
1596 5019 1792 5072 abbate
1830 5018 1973 5072 Lon-

399 5107 528 5175 gino
561 5105 699 5159 fama
730 5107 1048 5175 accepisset,
1078 5109 1354 5176 quaerebat
1383 5117 1442 5162 ut
1469 5109 1518 5164 ei
1544 5112 1760 5164 obviam
1798 5111 1968 5166 fieret.

349 5223 354 5228 “
402 5196 640 5254 Sedebat
673 5204 851 5252 autem
891 5197 984 5252 ille
1025 5198 1092 5252 ad
1137 5213 1342 5252 nonum
1379 5200 1447 5253 ab
1477 5201 1805 5255 Alexandria
1838 5201 1973 5270 lapi-

401 5289 549 5347 dem.
598 5292 910 5358 lnquirente
951 5304 1082 5360 ergo
1122 5290 1370 5354 muliere,
1422 5293 1625 5347 accidit
1671 5300 1728 5346 ut
1777 5293 1970 5347 beatus

402 5382 499 5442 ille
539 5384 606 5439 ad
639 5399 790 5439 mare
821 5383 964 5455 ligna
996 5384 1293 5456 colligeret.
1336 5385 1507 5453 Quem
1545 5387 1848 5451 inventum,
1895 5386 1970 5441 ita

2075 4301 2196 4362 τοὺς
2231 4296 2570 4367 ἀνθρώπους.
2615 4289 2914 4362 Ἀπεκρίθη
2945 4291 2973 4342 6
3002 4288 3198 4358 γέρων’
3241 4283 3368 4338 Ἐὰν
3407 4283 3482 4352 μὴ
3508 4280 3660 4353 πρῶ-

2075 4409 2166 4444 τον
2196 4388 2549 4461 κατορθώσῃς
2583 4386 2722 4457 μετὰ
2755 4383 2863 4436 τῶν
2892 4380 3217 4451 ἀνθρώπων,
3255 4375 3382 4428 οὐδὲ
3415 4372 3660 4443 καταμὸα

2079 4495 2174 4540 νας
2223 4476 2445 4530 δύνασαι
2480 4472 2840 4546 κατορθῶσαι.

2151 4565 2215 4635 β’.
2245 4561 2407 4619 Εἶπεν
2435 4567 2463 4616 ὁ
2493 4563 2666 4625 ά66ᾶς
2697 4562 2979 4630 Λογγῖνοςο
3014 4555 3198 4620 Ἅπαξ
3220 4552 3491 4616 κακωθεὶς
3513 4553 3659 4621 λέγε,

2079 4657 2188 4710 Καὶ
2214 4654 2514 4719 κακώθητι,
2562 4653 2656 4705 καὶ
2697 4650 2985 4704 ἁπόθανον·
3019 4646 3114 4700 ἐὰν
3139 4646 3196 4699 δὲ
3230 4644 3541 4714 ἀπαιτήσῃς
3598 4661 3661 4713 με

2079 4747 2231 4816 παρὰ
2265 4745 2456 4816 καιρὸν
2489 4745 2706 4814 φαγεῖν,
2746 4741 2866 4794 οὐδὲ
2906 4741 3005 4810 τὴν
3030 4737 3403 4810 καθημερινὴν
3432 4751 3514 4787 σοι
3547 4753 3666 4805 τρο-

2080 4839 2187 4908 φὴν
2218 4837 2511 4908 προσφέρω

2149 4937 2217 4997 γ’.
2251 4930 2391 5000 Γυνή
2427 4946 2510 4993 τις
2531 4928 2729 4999 ἔχουσα
2757 4926 2926 4990 πάθος
2946 4926 3089 4980 κατὰ
3112 4923 3207 4978 τοῦ
3237 4920 3449 4994 μασθοῦ
3475 4919 3665 4987 αὐτῆς,

2078 5023 2139 5074 τὺ
2161 5021 2448 5091 λεγόμενον
2470 5021 2749 5095 καρκίνον,
2766 5019 3044 5073 ἀκούσασα
3082 5034 3145 5070 πε
3157 5017 3208 5087 ρ).
3241 5015 3331 5069 τοῦ
3360 5013 3505 5068 ά66ᾶ
3525 5016 3667 5081 Λογ-

2080 5115 2254 5181 γίνου,
2284 5113 2517 5184 ἐζήτησε
2560 5114 2843 5182 συντυχεῖν
2877 5108 3043 5180 αὐτῷ.
3103 5107 3368 5176 Ἐκάθητο
3390 5101 3486 5159 οὖν
3516 5100 3670 5169 οὗτος

2081 5207 2138 5257 ὲν
2169 5204 2247 5276 τῷ
2286 5204 2459 5274 ἐνάτῳ
2488 5204 2698 5275 σημείῳ
2743 5197 3146 5271 Ἀλεξανδρείας
3175 5199 3236 5252 ³⁸.
3257 5194 3670 5267 ,Ἐπιζητούσης

2079 5297 2134 5351 δὲ
2157 5300 2256 5368 τῆς
2285 5296 2562 5366 γυναικὸς,
2596 5295 2796 5366 συνέϐη
2825 5295 2916 5348 τὸν
2952 5293 3218 5365 μακάριον
3246 5292 3453 5343 ἐκεῖνον
3487 5287 3670 5342 συλλέ-

2077 5407 2194 5459 γειν
2240 5389 2372 5455 ξύλα
2422 5388 2573 5461 παρὰ
2607 5387 2704 5461 τὴν
2749 5388 3049 5445 θάλασσαν.
3084 5385 3195 5444 Καὶ
3223 5382 3460 5455 εὑροῦσα
3487 5377 3673 5441 αὐτὸν,

480 5543 520 5576 ¹⁷
552 5542 658 5597 lsa.
683 5556 831 5608 Lvm,
865 5541 916 5596 5.
997 5544 1038 5576 ¹⁸
1061 5543 1144 5598 Al.
1173 5545 1406 5616 πέμψον.
1491 5548 1532 5580 ³³
1573 5547 1658 5604 Al.
1695 5546 1819 5605 add.
1853 5545 1930 5618 τῷ

2056 5565 2092 5613 ις
2127 5547 2359 5622 δυσμάς.

478 5721 592 5796 (7G)
637 5721 738 5778 Vit.
781 5721 928 5779 Patr.
973 5740 1024 5790 x,
1055 5723 1140 5778 '55.
