3874 6336
255 365 369 421 557
1407 361 2020 424 APOPHTIIEGMATA
2057 357 2367 422 PATRUM.
3404 375 3510 428 πη

249 481 407 549 λέγει
441 481 609 552 αύτῷ·
651 479 840 545 Ἀϐϐἄ,
886 481 990 537 ποῦ
1025 483 1178 555 μένει
1226 485 1254 536 6
1301 483 1474 549 ἀϐϐᾶς
1527 486 1834 554 Λογγῖνοςέ

1955 481 2323 550 compellavit,
2351 481 2604 534 nesciens
2623 481 2798 550 ipsum
2823 497 2944 538 esse
2971 483 3176 548 :Abba,
3205 483 3296 538 ubi
3329 497 3511 542 manet

247 572 440 636 δοῦλος
459 572 556 626 τοῦ
585 573 720 626 Θεοῦ
747 593 762 638 ;
785 574 858 645 μὴ
887 575 1058 628 εἰδυῖα
1076 576 1156 628 ὅτι
1187 576 1347 639 αὐτὸς
1379 578 1546 630 ἐστιν.
1582 577 1638 628 Ὁ
1665 576 1721 628 δέ
1743 594 1834 648 φη-

1949 571 2115 625 abbas
2147 571 2424 641 Longinus
2465 585 2657 626 servus
2691 572 2830 626 Dei?
2859 571 3158 644 Respondit
3187 589 3200 625 :
3234 574 3373 640 Quid
3407 589 3509 629 cu-

251 681 329 716 σι·
367 665 438 718 Τί
471 663 648 727 Θέλεις
671 665 763 718 τὸν
783 665 1040 736 ἐπιθέτην
1066 667 1304 733 ἐκεῖνονς
1335 669 1408 738 μὴ
1443 668 1680 741 ἀπέλθῃς
1707 669 1834 738 πρὸς

1949 661 2029 729 pis
2057 661 2126 714 ab
2161 659 2463 730 impostore
2489 661 2620 713 illo?
2653 660 2772 715 Noli
2805 663 2868 717 ad
2909 679 3034 718 eum
3061 663 3368 734 proﬁcisci;
3409 664 3511 722 dc-

247 753 438 806 αύτύν·
473 753 743 824 ὲπιθὲτης
771 753 880 824 γάρ
901 757 1040 809 ἐστι.
1072 755 1137 807 Τί
1163 756 1220 809 δέ
1255 759 1400 810 ἐστιν
1427 757 1456 808 ὃ
1487 759 1664 827 ἑχειςξ
1699 758 1764 810 Ἦ
1784 758 1834 810 δὲ

1949 761 2130 822 ceptor
2173 755 2317 806 enim
2359 763 2463 806 est.
2511 753 2653 818 Quid
2693 769 2823 808 vero
2871 763 2954 809 est
2997 756 3142 824 quod
3189 755 3402 812 habes?
3443 759 3514 815 At

247 845 394 914 γυνὴ
443 843 613 910 ἔδειξε
659 845 720 898 τὸ
765 847 960 910 πάθος.
1005 848 1062 901 '0
1095 848 1152 901 δὲ
1197 849 1505 920 σφραγίσας
1539 849 1631 902 τὸν
1654 849 1834 914 τόπον,

1949 844 2139 897 mulier
2183 844 2432 897 morbum
2479 845 2741 899 ostendit.
2781 843 2873 900 Ille
2921 845 3076 916 signo
3119 849 3302 904 crucis
3346 865 3513 919 super

247 935 530 988 ἀπέλυσεν
573 935 764 1006 αὐτὴν,
797 937 986 990 εἰπών·
1041 939 1296 1002 Ἀπελθε,
1325 941 1418 993 καὶ
1443 942 1472 993 6
1502 939 1633 1004 Θεός
1661 957 1720 992 σε
1751 940 1834 994 θε-

1949 935 2122 988 locum
2177 935 2352 988 morbi
2395 935 2560 997 facto,
2599 936 2804 990 dimisit
2837 949 2955 990 eam
2995 945 3116 992 cum
3164 937 3252 994 his
3283 942 3462 996 verbis
3495 961 3508 996 :

247 1026 506 1099 ραπεύει·
553 1029 818 1096 Λογγῖνος
867 1029 979 1100 γὰρ
1017 1031 1167 1084 ούδέν
1197 1047 1255 1083 σε
1284 1031 1506 1085 δύναται
1536 1033 1836 1102 ὠφελῆσαι.

259 1116 504 1186 ’Δπῆλθε
527 1117 584 1170 δὲ
613 1121 647 1189 ἡ
683 1119 822 1191 γυνὴ
847 1119 1180 1174 πιστεύσασα
1220 1123 1298 1192 τῷ
1329 1122 1490 1193 λόγῳ,
1525 1125 1618 1176 καὶ
1647 1124 1838 1196 ἐθερα-

243 1208 430 1280 πεύθη
465 1211 829 1282 παραχρῆμα.
863 1212 1016 1266 Μετὰ
1040 1213 1210 1266 ταῦτα
1243 1214 1617 1286 διηγησαμένη
1637 1217 1748 1270 τισὶ
1775 1217 1836 1270 τδ

245 1303 513 1372 πρᾶγμα.
543 1304 638 1356 καὶ
664 1303 734 1357 τὰ
764 1305 963 1376 σημεῖα
991 1305 1219 1360 εἰποῦσα
1260 1307 1354 1359 τοῦ
1399 1309 1671 1379 γέροντος,
1705 1326 1838 1380 μαν-

245 1391 404 1444 θάνει
433 1393 515 1444 ὅτι
551 1393 714 1458 αὑτός
729 1396 876 1449 ἐστιν
901 1398 929 1449 6
957 1396 1130 1460 ὰϐϐᾶς
1153 1399 1432 1466 Λογγῖνος.

317 1483 384 1539 δ’.
421 1485 646 1538 Ἀλλοτε
677 1487 837 1540 πάλιν
872 1487 1127 1558 φέρουσιν
1161 1489 1310 1559 αὐτῷ
1345 1506 1490 1553 τινες
1515 1491 1836 1561 δαιμονιῶνο

243 1591 337 1627 τα.
381 1575 442 1626 Ὀ
467 1575 528 1628 δέ
559 1593 724 1644 φησιν
749 1577 886 1647 πρὸς
942 1577 1156 1640 αὐτούς’
1207 1579 1346 1646 Ἐγώ
1374 1597 1427 1633 τι
1455 1581 1676 1651 ποιῆσαι
1706 1581 1833 1650 ὑμῖν

1939 1025 2062 1089 Abi,
2101 1025 2244 1081 Deus
2270 1034 2324 1080 te
2355 1025 2612 1080 sanabit;
2650 1025 2930 1098 Longinus
2978 1029 3185 1100 quippe
3233 1031 3370 1086 nihil
3411 1047 3512 1103 po-

1939 1126 2046 1172 test
2091 1119 2353 1188 prodesse
2403 1119 2520 1172 tibi.
2563 1119 2827 1176 Discessit
2855 1121 3069 1187 mulier,
3115 1127 3351 1179 sermoni
3391 1141 3514 1182 cre-

1938 1210 2113 1278 dens’;
2154 1209 2556 1281 confestimque
2589 1221 2780 1266 curata
2827 1221 2930 1269 est.
2979 1213 3178 1270 Postea
3227 1231 3350 1270 cum
3397 1233 3512 1272 rem

1938 1301 2264 1369 quibusdam
2308 1311 2609 1369 narrasset,
2640 1317 2702 1358 ac
2732 1305 3048 1374 protulisset
3093 1307 3242 1361 senis
3283 1307 3508 1374 indicia,

1935 1392 2128 1445 didicit
2151 1392 2330 1460 ipsum
2365 1391 2536 1448 fuisse
2573 1395 2820 1449 abbatem
2857 1395 3188 1466 Longinum.

2011 1483 2064 1536 4.
2104 1483 2226 1537 Alio
2261 1485 2458 1538 iterum
2505 1495 2747 1555 tempore
2791 1489 3010 1556 quidam
3070 1489 3414 1544 adduxerunt
3460 1490 3512 1543 ei

1937 1572 2354 1628 daamoniacum.
2397 1574 2490 1630 Ille
2527 1591 2654 1630 vero
2685 1577 2760 1629 ait
2801 1577 2866 1630 ad
2897 1593 2992 1632 eos
3024 1596 3038 1632 :
3085 1579 3197 1650 Ego
3227 1579 3382 1635 vobis
3417 1596 3513 1635 ne-

241 1669 347 1719 ούκ
383 1667 516 1736 ἔχω·
543 1667 682 1720 ἀλλὰ
711 1667 908 1737 μᾶλλον
939 1669 1202 1724 ἀπέλθετε
1233 1671 1367 1740 πρὸς
1395 1669 1487 1724 τὸν
1529 1671 1701 1726 ἀϐϐᾶν
1725 1673 1832 1744 Ζή-

1949 1681 2076 1734 ἰιιεο
2096 1665 2392 1736 quidquam
2421 1667 2598 1723 facere
2621 1687 2634 1734 ;
2657 1671 2750 1722 sed
2779 1671 2920 1724 abite
2941 1672 3123 1739 potius
3154 1673 3220 1725 ad
3254 1673 3509 1728 abbatem

241 1775 416 1810 νωνα.
447 1752 632 1811 Εἷταοό
661 1759 834 1824 ἀϐϐᾶς
859 1762 1044 1830 Ζήνων
1062 1759 1263 1832 ἤρξατο
1287 1763 1593 1817 ἐπικεῖσθαι
1617 1764 1693 1834 τῷ
1719 1765 1834 1818 δαί-

245 1867 370 1918 μονι
409 1849 690 1904 ἐκδιώκων
723 1851 903 1905 αὐτόν.
953 1853 1060 1905 Καὶ
1097 1853 1298 1924 ἤρξατο
1355 1854 1483 1924 βοᾷν
1538 1859 1566 1908 6
1603 1855 1829 1926 δαίμων·

243 1943 414 2012 Ἄρτι
441 1943 705 2010 νομίζεις,
749 1944 894 1996 ἀϐϐἄ
937 1945 1144 2014 Ζήνων,
1168 1946 1250 1998 ὅτι
1302 1945 1390 2000 διὰ
1421 1947 1480 2000 σὲ
1512 1946 1825 2019 ἐξέρχομαι*

245 2031 362 2084 ἰδοὺ
393 2033 426 2084 6
457 2031 634 2094 ἁϐϐᾶς
661 2034 920 2101 Λογγῖνος
955 2035 1070 2086 ἐκεῖ
1117 2035 1494 2104 προσεύχεται,
1539 2037 1657 2090 κατ’
1696 2037 1830 2108 ἐμοῦ

239 2123 616 2192 ἐντυγχάνων·
653 2125 747 2176 καὶ
785 2124 1116 2195 φοϐούμενος
1143 2126 1241 2189 τὰς
1273 2127 1436 2196 εὐχὰς
1481 2128 1646 2182 αὐτοῦ
1679 2129 1826 2200 ἐξέρ-

239 2231 439 2285 χομαι,
463 2215 588 2268 ἐπεὶ
609 2217 709 2268 ούκ
729 2216 928 2270 ἐδίδουν
960 2233 1042 2270 σοι
1071 2218 1396 2290 ἀπόκρισιν.’

313 2311 380 2360 ε’.
407 2300 580 2358 Εἶπεν
601 2307 630 2358 ὁ
663 2304 838 2370 ἀϐϐἄς
869 2307 1132 2375 Λογγῖνος
1177 2307 1254 2378 τῷ
1282 2309 1424 2379 ὰϐϐᾷ
1469 2310 1728 2384 ’Δκακίῳ’
1767 2313 1830 2366 Ἦ

239 2397 384 2469 γυνὴ
417 2397 544 2450 τότε
576 2396 833 2466 γινώσκει
855 2398 937 2450 ὅτι
969 2399 1280 2464 συνέλαϐεν,
1315 2403 1441 2455 ὅταν
1463 2403 1628 2473 σταλῇ
1662 2405 1721 2456 τὸ
1750 2399 1829 2457 αἶα

243 2507 324 2558 μα
351 2490 548 2560 αὐτῆς.
573 2488 764 2554 Οὕτως
793 2487 886 2544 οὖν
917 2492 1012 2545 καὶ
1045 2493 1078 2562 ἡ
1107 2493 1274 2564 ψυχὴ,
1297 2495 1417 2547 τότε
1443 2497 1702 2564 γινώσκει
1752 2499 1829 2552 ὅτι

243 2582 516 2636 συνέλαϐε
561 2581 787 2651 Πνεῦμα
819 2582 996 2651 ἅγιον,
1029 2585 1155 2638 ὅταν
1203 2585 1368 2655 σταλῇ
1407 2589 1475 2641 τὰ
1514 2591 1704 2658 ῥέοντα
1735 2589 1828 2642 ἀπ’

239 2674 422 2743 αὐτῆς
441 2673 688 2726 κάτωθεν
716 2675 881 2747 πάθη.
918 2675 1008 2730 Ἐν
1036 2677 1145 2748 ὅσῳ
1177 2677 1232 2730 δὲ
1262 2679 1501 2750 ἐνέχεται
1535 2682 1590 2733 ἐν
1625 2683 1827 2744 αὐτοῖς.

241 2765 370 2828 πῶς
403 2765 630 2820 δύναται
674 2768 970 2832 κενοδοξεῖν
1009 2770 1085 2832 ὼς
1113 2771 1362 2842 ἀπαθής;
1403 2773 1500 2837 A6;
1523 2768 1684 2844 αἷμα,
1741 2775 1834 2830 καὶ

241 2855 380 2910 λάϐε
407 2858 655 2928 Πνεῦμα.
1453 2849 1458 2854 ’

707 3081 874 3151 Ἀρχὴ
903 3081 997 3134 τοῦ
1021 3083 1076 3136 Μ
1103 3082 1390 3153 στοιχείου.

395 3195 540 3262 Περὶ
569 3195 675 3248 τοῦ
707 3193 858 3250 ἀδεᾶ
880 3197 1192 3264 Μακαρίου
1221 3197 1327 3251 τοῦ
1349 3199 1692 3266 Αἰγυπτίου.

1939 1756 2236 1812 Zenonem.
2273 1759 2461 1812 l'ostea
2493 1761 2660 1814 abbas
2681 1759 2826 1814 Zeno
2859 1763 3022 1830 carpit
3050 1763 3258 1818 instare
3284 1764 3513 1818 daenmui

1947 1859 2004 1902 ut
2031 1865 2154 1904 eum
2185 1852 2498 1920 expelleret.
2529 1851 2746 1906 Daunon
2775 1862 2956 1908 autem
2994 1855 3195 1925 incepit
3230 1857 3468 1913 clamare
3495 1877 3509 1914 :

1946 1938 2104 1992 Modo
2147 1948 2328 2008 putas,
2389 1941 2526 1994 abba
2575 1939 2743 2002 Zeno,
2783 1957 2866 1996 me
2927 1952 3149 2013 propter
3197 1954 3249 2000 te
3289 1948 3510 2016 egredi;

1943 2043 2073 2084 ecce
2103 2030 2272 2086 abbas
2295 2029 2578 2100 Longinus
2608 2032 2717 2086 illic
2751 2043 2894 2096 orat,
2924 2035 3186 2091 adversus
3225 2053 3311 2092 me
3347 2039 3516 2094 inter-

1945 2123 2157 2191 pellans
2187 2137 2200 2173 :
2227 2129 2282 2177 et
2303 2124 2510 2178 veritus
2551 2123 2698 2178 illius
2736 2139 2946 2193 preces,
2987 2127 3227 2182 excedo:
3255 2130 3390 2185 alias
3416 2131 3514 2188 tibi

1946 2229 2054 2268 non
2084 2214 2356 2271 dedissem
2390 2231 2739 2285 responsum.

2017 2303 2072 2358 5.
2111 2301 2260 2358 Dixit
2310 2305 2478 2361 abbas
2505 2305 2789 2376 Longinus
2817 2305 2996 2362 abbati
3035 2309 3238 2364 Acacio
3281 2329 3294 2364 :
3334 2309 3514 2366 Femi-

1944 2411 2012 2451 na
2039 2407 2166 2451 tunc
2194 2399 2476 2467 cognoscit
2499 2413 2558 2452 se
2597 2399 2940 2470 concepisse,
2973 2413 3096 2454 cum
3141 2401 3358 2456 steterit
3386 2418 3514 2458 san-

1951 2491 2075 2560 guis
2108 2491 2228 2559 ejus
2257 2490 2364 2544 :ita
2382 2505 2510 2560 ergo
2544 2499 2598 2545 et
2630 2492 2830 2552 anima,
2863 2499 2994 2546 tunc
3021 2492 3172 2546 novit
3199 2493 3344 2562 quod
3377 2507 3512 2548 corr-

1945 2582 2153 2652 ceperit
2179 2581 2442 2652 Spiritum
2475 2591 2752 2648 sanctum,
2793 2584 3014 2652 quando
3033 2591 3302 2640 steterunt
3325 2587 3418 2655 qui
3443 2587 3513 2640 ab

1943 2689 2006 2729 ea
2039 2673 2274 2728 inferius
2311 2673 2488 2728 lluimt
2516 2674 2741 2730 allectus
2770 2676 2905 2744 (79).
2929 2675 3182 2742 Quandiu
3231 2686 3412 2733 autem
3441 2680 3514 2734 iis

1943 2765 2178 2818 obnoxia
2213 2775 2316 2828 est,
2353 2782 2459 2836 qua
2495 2768 2704 2823 ratione
2743 2776 2942 2838 potest,
2986 2770 3135 2824 velut
3173 2784 3344 2824 vacua
3390 2787 3513 2840 per-

1943 2856 2373 2920 turbationibus,
2408 2857 2534 2912 duci
2565 2874 2706 2912 vana
2743 2859 2955 2930 gloria?
2985 2859 3059 2912 Da
3088 2863 3432 2932 sanguinem,
3461 2873 3515 2920 et

1944 2949 2131 3018 accipe
2153 2949 2430 3018 spiritum.

2406 3075 2740 3149 Principium
2773 3080 2964 3136 litterae
2987 3069 3058 3138 Μ.

2295 3195 2370 3250 De
2399 3196 2586 3250 abbate
2617 3195 2857 3250 Macario
2886 3195 3158 3270 ngyptio.

2011 3309 2062 3362 l.
2102 3308 2214 3379 (80)
2263 3309 2515 3363 Narravit
2577 3310 2645 3365 de
2691 3312 2872 3378 seipso
2915 3311 3086 3366 abbas
3119 3310 3414 3378 Macarius,
3444 3313 3512 3368 ad

1941 3401 2087 3456 hunc
2123 3401 2346 3454 modum
2383 3419 2397 3455 :
2438 3402 2669 3468 Quando
2704 3419 2852 3458 eram
2898 3404 3136 3473 juvenis,
3189 3411 3244 3459 et
3281 3405 3334 3459 in
3377 3406 3513 3462 cella

1939 3493 2245 3548 residebam
2277 3495 2330 3548 in
2359 3491 2616 3572 Egypto.
2637 3485 3126 3564 'apprehenderunt
3155 3510 3238 3550 me
3270 3510 3334 3550 ac
3361 3496 3508 3552 fece-

1943 3593 2070 3638 runt
2118 3585 2376 3640 clericum
2425 3585 2476 3638 in
2527 3585 2667 3640 vico.
2724 3583 2828 3640 Sed
2879 3587 3071 3641 nolens
3125 3587 3512 3655 acquiescere,

1941 3677 2052 3748 fugi
2081 3678 2146 3730 ad
2181 3677 2344 3730 alium
2391 3679 2593 3732 locum.
2637 3676 2797 3732 Venit
2840 3678 2906 3730 ad
2961 3693 3048 3732 me
3093 3681 3376 3734 saecularis
3429 3680 3515 3734 vir

1941 3769 2086 3840 pius,
2115 3769 2206 3838 qui
2233 3769 2536 3836 accipiebat
2558 3768 2704 3838 quod
2735 3768 2988 3823 manibus
3011 3768 3300 3836 operabar,
3330 3777 3384 3824 et
3410 3770 3514 3824 mi-

1945 3863 2220 3917 nistrabat
2251 3861 2406 3915 mibi.
2437 3861 2674 3930 Contigit
2709 3869 2886 3914 autem
2919 3877 3015 3930 per
3047 3862 3422 3927 tentationem,
3455 3871 3514 3918 ut

1942 3955 2190 4026 quadam
2219 3957 2370 4025 virgo
2390 3954 2494 4008 vici
2525 3955 2776 4024 prolapsa
2805 3954 2878 4009 sit
2903 3954 2957 4006 in
2989 3961 3260 4024 stuprum.
3291 3953 3362 4008 Ea
3385 3971 3512 4010 cum

1947 4057 2158 4101 uterqu
2213 4058 2444 4118 gereret,
2477 4047 2916 4114 interrogabatur
2959 4049 3084 4116 quis
3129 4055 3276 4102 esset
3325 4059 3516 4104 auctor

1940 4137 2212 4192 criminis.
2273 4135 2572 4206 Respondit
2627 4137 2845 4206 itaque,
2915 4139 3301 4192 anachoretam
3371 4153 3512 4195 esse.

321 3309 396 3361 α’.
437 3309 750 3378 Διηγήσατο
779 3308 903 3378 περὶ
934 3308 1127 3362 ἐαυτοῦ
1153 3311 1179 3362 6
1210 3310 1385 3374 ἁϐϐᾶς
1415 3313 1718 3382 Μακάριος,
1748 3312 1837 3366 λέ-

243 3419 388 3470 γων·
427 3401 560 3454 ’Ὀτε
583 3401 732 3472 ήμην
761 3400 1025 3472 νεώτερος
1071 3403 1162 3454 καὶ
1211 3401 1492 3473 ἐκαθήμην
1521 3406 1600 3468 είς
1631 3404 1839 3458 κελλίον

245 3496 333 3558 εἰς
353 3493 656 3561 Αἴγυπτον,
686 3493 1001 3564 ἐκράτησάν
1031 3512 1098 3564 με
1147 3494 1236 3547 καὶ
1287 3495 1546 3566 ἐποίησαν
1579 3496 1840 3568 κληρικὸν

243 3588 332 3649 εἰς
355 3585 460 3656 τὴν
482 3583 700 3654 κώμην.
732 3586 840 3638 Kal.
876 3587 950 3655 μὴ
986 3585 1152 3638 θέλων
1180 3585 1594 3651 καταδέξασθαι,
1640 3586 1840 3657 ἔφυγον

244 3679 330 3740 είς
344 3676 438 3728 Ξτε
449 3692 542 3745 ρον
561 3675 744 3728 τύπον.
761 3675 870 3728 Kal.
889 3671 1020 3745 ¹ι’ἧλθεε
1045 3676 1178 3746 πρὸς
1204 3677 1270 3746 μὲ
1291 3676 1524 3748 εὐλαϐὴς
1554 3679 1837 3747 κοσμικδς,

247 3767 346 3820 καὶ
377 3765 662 3837 ἐλάμϐανε
700 3765 762 3820 τὸ
797 3767 1112 3838 ἐργὸχειρόν
1146 3785 1270 3838 μου,
1307 3768 1401 3822 καὶ
1437 3767 1676 3839 διηκόνει
1727 3787 1839 3841 μοι.

245 3860 466 3930 Συνέϐη
512 3859 568 3912 δὲ
599 3859 708 3912 ἀπὸ
747 3859 1055 3931 πειρασμοῦ
1091 3861 1136 3891 ²⁰
1173 3859 1439 3932 παρθένον
1469 3861 1593 3914 τινὰ
1623 3843 1702 3925 είς
1742 3861 1840 3930 τὴν

243 3952 448 4022 κώμην
477 3953 756 4006 ἐκπεσεῖν.
781 3953 890 4004 Kal.
915 3951 1153 4004 λαϐοῦσα
1177 3951 1319 4005 κατὰ
1337 3952 1568 4023 γαστρὸς
1593 3955 1841 4022 ἡρωτᾶτο

245 4047 330 4109 τξς
359 4045 448 4114 εἴη
481 4041 692 4096 δ’τοῦτο
721 4041 1055 4115 πεποιηκώς.
1088 4043 1150 4096 Ἡ
1179 4043 1236 4096 δέ
1282 4044 1485 4113 ἔλεγεν·
1526 4046 1583 4098 Ὀ
1627 4045 1841 4114 ἀναχω-

249 4139 444 4210 ρητὴς.
467 4137 582 4189 Καὶ
612 4136 922 4202 ἐξελθόντες
939 4136 1228 4190 συνέλαϐον
1249 4155 1315 4206 με
1338 4139 1417 4196 είς
1447 4137 1544 4208 τὴν
1570 4137 1840 4208 κὼμην¹¹,

246 4229 340 4280 καὶ
369 4225 698 4298 ἐκρέμασαν
729 4227 786 4278 ἐν
811 4225 887 4296 τῷ
915 4226 1168 4299 τραχήλῳ
1203 4245 1302 4298 μου
1334 4227 1720 4298 ἠσϐολωμὲνας
1745 4229 1834 4298 χύ-

1949 4227 2100 4282 Unde
2123 4229 2355 4299 egressi,
2389 4228 2916 4298 comprehenderunt
2943 4245 3029 4282 me
3063 4229 3518 4299 adduxeruntque

244 4337 382 4390 τρας
415 4321 520 4372 καὶ
549 4317 690 4372 ὠτία
724 4317 940 4386 κούφων
969 4319 1101 4388 (77),
1130 4319 1224 4372 καὶ
1264 4320 1750 4390 περιεπόμπευσάν
1777 4337 1834 4391 με

1949 4317 2010 4370 ad
2048 4317 2268 4378 vicum;
2299 4325 2464 4388 atque
2501 4319 2880 4387 appenderunt
2919 4320 3061 4373 collo
3107 4318 3331 4390 fuligine
3375 4321 3518 4375 inl‘ev

247 4415 304 4464 ἐν
325 4415 392 4484 τῇ
427 4410 598 4482 κώμῃ
643 4409 786 4463 κατά
821 4409 1062 4480 ἄμφοδον
1112 4410 1246 4480 (78),
1282 4409 1574 4474 τύπτοντες
1603 4428 1694 4482 με,
1749 4411 1834 4464 καΊ

1949 4415 2061 4462 etas
2090 4408 2227 4462 ollas
2257 4423 2378 4462 cum
2406 4408 2555 4463 ansis
2584 4423 2865 4474 vasorum,
2903 4409 3090 4478 sicque
3138 4409 3518 4464 circumduxe-

247 4505 529 4572 λέγοντες·
561 4495 732 4564 Οὗτος
765 4504 794 4555 6
823 4501 1054 4572 μοναχὸς
1084 4501 1332 4574 ἔφθειρεν
1372 4505 1404 4572 ἡ
1415 4501 1530 4572 μῶν
1563 4503 1662 4573 τὴν
1701 4521 1834 4576 παρ·

1949 4507 2074 4553 runt
2115 4515 2202 4552 me
2246 4499 2300 4554 in
2339 4499 2457 4554 vico
2491 4516 2585 4569 per
2616 4501 2876 4571 compita,
2929 4503 3300 4562 verberantes,
3341 4518 3406 4556 ac
3435 4503 3517 4556 di-

245 4595 429 4656 θένον,
483 4593 682 4648 λάϐετε
732 4593 914 4658 αὐτὸν,
949 4592 1164 4646 λάϐετε.
1197 4593 1309 4646 Καὶ
1357 4594 1558 4664 mea;
1592 4611 1658 4665 με
1693 4595 1834 4668 παρὰ

1949 4595 2134 4641 centes
2167 4601 2180 4638 :
2211 4585 2318 4642 Iste
2354 4589 2656 4644 monachus
2693 4591 2902 4643 vitiavit
2941 4597 3183 4643 nostram
3208 4590 3512 4658 virginem;

249 4687 454 4757 μικρὸν
489 4683 588 4738 τοῦ
623 4684 935 4740 ἀποθανεῖν.
993 4683 1193 4738 Ἐλθὼν
1225 4685 1280 4738 δέ
1319 4703 1403 4748 τις
1441 4685 1549 4738 τῶν
1573 4686 1834 4756 γερόντων

1949 4683 2126 4750 capite
2159 4695 2306 4744 eum,
2346 4680 2544 4749 capite.
2605 4680 2667 4733 Et
2707 4688 3099 4750 percusserunt
3141 4695 3226 4733 me
3277 4695 3413 4748 pene
3447 4681 3516 4733 ad

247 4773 422 4832 εἷπε-δ’
467 4775 619 4838 Ἕως
646 4775 775 4827 πότε
802 4773 1035 4828 τύπτετε
1067 4776 1159 4828 τὸν
1195 4773 1345 4838 ξένον
1375 4774 1636 4844 μοναχὸν;
1680 4774 1740 4827 Ὀ
1786 4773 1834 4826 δὲ

1949 4780 2196 4827 mortem.
2245 4771 2526 4827 Accedens
2580 4789 2712 4826 vero
2768 4773 2968 4842 aliquis
3023 4787 3242 4837 senum,
3297 4771 3438 4824 dixit
3499 4788 3512 4824 :

245 4867 526 4922 διακονῶν
552 4883 644 4937 μοι
681 4866 966 4936 ἠκολούθει
987 4867 1162 4920 ὀπίσω
1189 4883 1290 4937 μου
1326 4861 1834 4936 αίδούμενοςΪΗσαν

1949 4861 2242 4931 Quousque
2283 4861 2492 4916 caJditis
2539 4863 2864 4916 monarhum
2915 4865 3078 4916 istum
3123 4863 3519 4934 peregrinum?

246 4963 360 5034 γὰρ
391 4957 716 5031 ὑϐρίζοντες
766 4957 928 5011 αὐτὸν
961 4957 1154 5022 πολλὰ,
1207 4958 1299 5010 καὶ
1325 4957 1594 5025 λέγοντες·
1649 4955 1778 5008 Ἰδοὺ
1814 4958 1834 5009 tl

1949 4953 2049 5018 Qui
2087 4961 2266 5006 autem
2311 4953 2444 5007 mihi
2474 4953 2840 5016 ministrabat,
2878 4953 3206 5022 sequebatur
3239 4961 3364 5022 post
3401 4970 3513 5016 me.

247 5051 620 5124 ἁναχωρητὴς
653 5049 712 5101 ὃν
739 5051 784 5081 ²²
808 5051 872 5103 σὺ
889 5048 1241 5120 ἐμαρτύρεις,
1265 5048 1317 5100 τί
1347 5047 1566 5120 ἐποίησε
1587 5063 1601 5112 ;
1627 5047 1738 5100 Kal.
1757 5045 1834 5100 λέ-

1951 5046 2160 5116 pudore
2205 5044 2472 5102 sull‘usus.
2516 5046 2698 5100 Multis
2739 5047 2939 5118 quippe
2983 5049 3338 5104 contumeliis
3393 5065 3516 5104 eum

321 5211 372 5242 ¹⁶
401 5211 490 5267 Al.
521 5210 690 5264 inser.
722 5205 1047 5262 διαϐολικοῦ.
1123 5207 1168 5238 ἰ
1203 5205 1285 5258 Al.
1312 5206 1359 5256 oi
1386 5203 1486 5273 τῆς
1505 5203 1716 5274 κώμης.
1797 5207 1843 5238 ³⁸
1871 5194 2040 5268 Α1,ᾧ.

325 5369 446 5440 (‘17)
479 5369 756 5444 Κρᾴςεων.
787 5363 930 5444 ‘Vox
991 5362 1448 5444 Graeco-Barbara
1475 5377 1596 5444 ,ηεξ
1654 5361 1834 5444 Graeca

1987 5360 2124 5444 ιὶ(78)
2143 5357 2698 5444 ’μεριεπόμτξειζσάν
2715 5375 2791 5426 με
2906 5356 3346 5444 τῇ.κ.ώμἏκρτᾲ
3366 5359 3517 5429 ἀμφι

249 5429 453 5510 κῦξςος,
487 5439 542 5493 ni
573 5429 754 5514 fallor.
785 5435 987 5489 Praeter
1030 5429 1840 5514 grammaticos.Orientalium
1941 5429 2367 5514 o6‘0r._§l_inim:i
2393 5429 2690 5510 mutatione
2719 5429 2920 5510 corrigi
2965 5429 3126 5514 debet.
3153 5429 3349 5514 Pelagii
3390 5445 3514 5514 ver-

251 5499 528 5582 syuodica
564 5507 634 5561 ad
663 5505 1005 5574 Theophilum
1028 5499 1417 5572 imperatorem,
1449 5503 1502 5554 in
1541 5499 1834 5586 Originibut

251 5582 368 5627 (1P-
409 5579 730 5627 (lmnbelisii
763 5593 816 5627 n.
852 5577 948 5627 151
991 5595 1004 5627 :
1041 5573 1357 5627 ιΠεοικλείει
1409 5571 1598 5625 ἑαυτὸν
1642 5575 1698 5624 ἐν
1736 5589 1834 5627 τοις

1949 5502 2028 5556 sio
2058 5519 2070 5554 :
2111 5499 2367 5554 Miserum
2391 5516 2471 5552 me
2499 5500 2806 5553 circituram
2845 5501 2898 5552 in
2930 5501 3038 5552 vico
3064 5501 3180 5562 illo,
3203 5499 3515 5564 scribendo,

1949 5573 2273 5625 circiturum.
2300 5569 2479 5624 Editio
2509 5569 2756 5627 Lugdun.
2789 5570 3032 5624 circuire.
3063 5573 3146 5624 An
3178 5571 3450 5627 circitarc?

249 5573 369 5636 CP.
409 5579 730 5634 Cutnbelisii
763 5573 816 5647 p.
852 5577 948 5630 151
991 5595 1004 5630 :
1041 5573 1357 5645 ιΠερικλείει
1409 5573 1598 5625 ἑαυτὸν
1642 5575 1698 5624 ἐν
1736 5575 1834 5635 τοῖς

247 5653 350 5704 τοῦ
411 5651 726 5722 Δαγιστέως
757 5644 1254 5722 μεγάλου-λουτροῦ
1286 5643 1393 5722 τῷν
1423 5641 1686 5722 καμίνων.
1717 5641 1834 5694 κού-

1949 5573 2273 5625 circiturum.
2300 5573 2479 5624 Editio
2509 5573 2756 5640 Lugdun.
2789 5573 3032 5624 circuire.

2155 5641 2463 5722 Porotbcus
2491 5639 2671 5722 [ιρι-ιν.
2841 5709 2877 5722 _
2926 5719 2933 5722 Δ

252 5741 402 5792 φοις.
433 5709 769 5790 Ιιιύαφὶειεῖ
804 5709 982 5788 magni
1003 5709 1178 5772 balnei
1209 5709 1536 5771 caminorum
1568 5713 1713 5784 cupis
1741 5729 1850 5768 δεδι
2014 5709 2128 5783 (80)
2155 5711 2402 5767 Bolland.
2440 5727 2507 5766 xv
2533 5709 2653 5766 Jan.
2693 5711 2796 5766 Vit.
2833 5709 2985 5765 Patr.
3016 5725 3106 5776 xv,
3127 5711 3220 5768 25.

251 5793 506 5848 includit.
