3874 6300
379 327 484 382 230

1535 319 1874 376 ΑΡΡΕΝΟΙΧ
1916 317 2004 372 AD
2039 317 2458 377 PALLADIUM.

3517 321 3627 374 260

386 442 704 507 affecerant.
755 441 1068 512 inquientes
1113 460 1126 496 :
1173 441 1313 497 Ecce
1358 438 1711 502 anachoreta.
1761 436 1852 490 cui
1899 444 1955 490 tu

2061 451 2246 502 γουσιν
2279 437 2328 490 οἱ
2362 438 2539 505 γονεῖς
2577 433 2766 504 αὐτῆς·
2799 437 2912 490 Οὔκ
2940 435 3252 508 ἀπολύομεν
3289 437 3473 500 αὐτὸν,
3519 438 3630 501 ἓως

384 534 757 588 testiinonium
836 535 1210 604 perhibebas,
1286 533 1417 602 quid
1456 529 1619 586 fecit?
1671 530 1754 584 Ad
1844 527 1957 582 haec

382 625 536 678 aiunt
591 633 843 694 parentes
909 625 1103 694 puella:
1149 641 1164 676 ε
1216 621 1335 678 Non
1393 622 1734 677 dimittemus
1788 633 1952 682 eum,

379 713 555 769 donec
617 713 996 782 lidejussorem
1089 713 1305 770 dederit
1368 712 1515 783 quod
1598 711 1832 766 aliturus
1886 709 1958 764 sit

379 817 522 857 eam.
573 802 763 872 Itaque
795 801 1099 872 significavi
1145 804 1402 858 ministro
1429 802 1507 856 illi
1539 815 1697 858 meo:
1734 809 1789 854 et
1829 813 1958 867 spo-

381 893 574 964 pondit
606 908 706 962 pro
740 908 845 947 me.
878 890 1077 949 Postea
1105 891 1392 964 profectus
1421 890 1490 946 ad
1525 890 1724 945 cellam
1756 903 1955 952 meam,

380 985 504 1042 dedi
531 988 582 1040 ei
605 1000 746 1056 quas
777 985 1264 1058 habuisportulas,
1291 985 1484 1042 dicens
1516 1003 1528 1039 :
1561 982 1769 1048 Vende,
1794 989 1848 1038 et
1875 981 1958 1035 af-

381 1078 463 1133 fer
498 1078 680 1132 cibum
709 1079 866 1133 uxori
895 1094 1047 1134 mea).
1085 1077 1223 1132 Tum
1255 1078 1403 1149 apud
1434 1093 1553 1133 me:
1584 1075 1807 1140 Macari,
1828 1089 1958 1130 ecce

382 1169 637 1224 invenisti
672 1169 767 1224 tibi
812 1185 1036 1225 uxorem
1080 1188 1096 1226 :
1145 1177 1365 1241 oportet
1415 1177 1476 1223 ut
1512 1168 1676 1239 paulo
1720 1167 1956 1238 amplius

381 1260 621 1323 labores.
665 1277 772 1330 quo
797 1262 1009 1317 nutrias
1040 1277 1182 1318 eam.
1221 1262 1288 1316 Et
1321 1262 1592 1332 operabar
1631 1268 1794 1320 nocte
1837 1259 1957 1314 die-

380 1368 511 1422 que.
556 1354 949 1424 mittebamque
979 1356 1049 1409 ei.
1082 1353 1253 1410 Porro
1301 1369 1426 1408 cum
1470 1353 1690 1408 advenit
1743 1363 1956 1421 tempus

377 1444 596 1499 miserae
626 1455 685 1498 ut
714 1456 951 1515 pareret,
987 1445 1053 1499 ad
1102 1447 1306 1500 inultos
1350 1446 1470 1500 dies
1517 1445 1572 1498 in
1615 1444 1956 1501 cruciatibus

377 1537 717 1605 permansit,
768 1552 866 1591 nec
911 1538 1180 1606 pariebat.
1232 1537 1639 1592 Percontantur
1674 1537 1802 1607 quid
1851 1537 1954 1593 hoc

301 1615 310 1628 ’
377 1635 546 1682 esset.
583 1626 674 1679 Illa
706 1628 994 1697 respondit
1028 1645 1040 1681 :
1077 1626 1189 1696 Ego
1213 1629 1332 1682 scio
1377 1646 1390 1682 :
1427 1627 1687 1698 quoniam
1714 1627 1954 1681 anacho-

377 1727 552 1773 retam
583 1720 916 1773 calumniaia
943 1735 1086 1782 sum,
1118 1720 1440 1790 prolatoque
1470 1721 1759 1775 mendacio
1789 1735 1954 1775 accu-

2056 526 2131 597 δῷ
2174 525 2445 596 ἐγγυητὴν
2477 525 2572 579 τοῦ
2610 526 2828 597 τρέφειν
2853 528 3041 599 αὑτήν.
3068 528 3180 580 Kal
3209 521 3361 581 εἷπον
3390 527 3470 597 τῷ
3506 528 3629 582 δια-

2057 621 2255 688 κονητῇ
2289 635 2410 688 μου·
2454 620 2547 672 καὶ
2582 619 2959 690 ὲνηγγυήσατό
2992 637 3080 690 με.
3119 620 3230 672 Kal
3255 619 3504 672 ἀπελθὼν
3545 621 3630 684 εἰς

2053 709 2116 762 τὸ
2142 710 2351 763 κελλίον
2384 727 2508 780 μου,
2532 710 2709 764 ἔδωκα
2741 709 2889 781 αὐτῷ
2925 711 3026 764 ὅσα
3055 706 3202 782 εἶχον
3234 711 3512 782 σπυρίδια,
3535 711 3631 764 λέ-

2055 818 2188 868 γων’
2223 801 2499 872 Πώλησον,
2532 802 2628 855 καὶ
2665 802 2752 866 δὸς
2782 805 2848 874 τῇ
2882 802 3099 872 γυναικί
3137 819 3238 872 μου
3270 805 3482 870 φαγεῖν.
3519 803 3630 858 Kal

2056 893 2239 962 ἔλεγον
2279 893 2357 964 τῷ
2383 894 2628 965 λογισμῷ
2661 904 2783 966 μου⁹
2817 895 3092 966 Μακάριε,
3127 894 3239 947 ἰδοὺ
3263 889 3420 965 εὗρες
3447 895 3631 967 ἑαυτῷ

2056 987 2310 1052 γυναῖκαο
2357 985 2464 1056 χρὴ
2507 983 2834 1056 ἐργάζεσθαι
2893 985 3089 1056 μικρὸν
3138 986 3396 1057 περισσὸν
3435 988 3504 1050 ’³,
3543 989 3634 1040 ἶνα

2055 1077 2260 1147 τρέφῃς
2315 1076 2502 1146 αὑτήνο
2544 1077 2637 1129 καί
2673 1075 3007 1148 εἰργαζόμην
3039 1075 3208 1130 νύκτα
3251 1077 3346 1130 καὶ
3393 1078 3634 1148 ἡμέραν,

2056 1169 2152 1221 καὶ
2173 1167 2421 1238 ἔπεμπον
2447 1167 2604 1238 αὐτῇ.
2640 1169 2751 1221 Καὶ
2774 1169 2863 1221 ὅτε
2899 1163 3063 1239 ἦλθεν
3089 1169 3117 1222 6
3143 1168 3333 1239 καιρὸς
3362 1173 3427 1240 τῇ
3468 1169 3634 1240 ἀθλία

2056 1263 2253 1322 τεκεῖν,
2278 1260 2491 1331 ἔμεινεν
2520 1261 2612 1313 ἐπὶ
2645 1259 2844 1324 πολλὰς
2863 1262 3078 1333 ἡμέρας
3103 1261 3521 1333 βασανιζομένη,
3537 1264 3636 1316 καὶ

2056 1353 2156 1406 οὐκ
2175 1353 2374 1419 ἔτικτε.
2412 1354 2520 1406 Kal
2549 1351 2794 1420 λέγουσιν
2827 1353 2982 1424 αὐτῇ⁸
3012 1353 3076 1405 TE
3105 1356 3219 1407 ἐστι
3248 1354 3439 1419 τοῦτο;
3485 1356 3545 1408 Ἡ
3573 1355 3633 1408 δὲ

2058 1441 2232 1498 εἶπενο
2263 1444 2402 1513 Ἐγὼ
2423 1441 2558 1497 οἶδεν
2578 1446 2660 1498 ὃτι
2693 1446 2784 1498 τὸν
2811 1446 3169 1517 ἁναχωρητὴν
3190 1447 3532 1516 ὲσυκοφάντη
3540 1464 3631 1507 σα,

2059 1537 2154 1591 καὶ
2178 1537 2492 1608 ψευσαμένη
2525 1536 2858 1609 ᾐτιασάμην·
2889 1538 2982 1590 καὶ
3027 1533 3181 1600 οὗτος
3208 1539 3308 1591 οὐκ
3333 1538 3445 1609 ἔχει
3490 1541 3634 1610 πρᾶ-

2059 1645 2194 1699 γμα,
2224 1629 2337 1683 ἀλλ’
2363 1631 2391 1682 6
2411 1629 2554 1682 δεῖνα
2598 1631 2627 1682 6
2671 1628 2950 1698 νεώτερος.
2980 1627 3090 1682 Kal
3122 1629 3291 1682 ἐλθὼν
3323 1632 3350 1684 6
3369 1630 3636 1684 διακονῶν

2062 1739 2151 1792 μοι
2180 1722 2384 1794 χαίρων
2416 1721 2620 1791 ἔλεγεν,
2657 1722 2741 1774 ὃτι
2766 1721 2866 1774 οὐκ
2898 1720 3136 1791 ἠδυνήθη
3165 1723 3341 1774 τεκεῖν
3363 1722 3397 1792 ἡ
3428 1721 3636 1792 παρθέ-

380 1812 526 1873 savi;
575 1827 751 1880 neque
799 1811 944 1866 enim
988 1811 1042 1865 in
1087 1812 1250 1880 culpa
1293 1821 1399 1876 est,
1444 1812 1541 1868 sed
1586 1811 1679 1868 ille
1707 1813 1952 1883 juvenis.

2061 1831 2148 1878 νος
2171 1792 2376 1883 ὲκείνη,
2411 1814 2516 1875 ἕως
2542 1808 2603 1868 οὗ
2628 1813 2970 1883 ὡμολόγησε,
3000 1811 3350 1880 λέγουσα,ὃτι
3374 1813 3492 1866 Οὐκ
3519 1812 3632 1883 ἔχει

381 1902 538 1957 Tunc
573 1905 666 1974 qui
712 1888 1063 1959 ministrabat
1111 1905 1239 1958 mihi
1271 1905 1427 1960 laatus
1469 1905 1772 1962 adveniens
1812 1922 1957 1960 nun-

381 1997 539 2050 tiavit
569 2015 582 2049 :
619 1995 782 2065 Virgo
823 1997 915 2050 illa
941 2012 1050 2050 non
1082 1999 1259 2067 potuit
1282 2013 1495 2067 parere,
1527 1998 1791 2054 donecita
1816 2013 1956 2052 con-

377 2086 625 2142 ﬁteretur
655 2107 667 2142 :
705 2087 869 2141 Extra
902 2089 1116 2157 culpam
1145 2097 1230 2144 est
1279 2090 1605 2145 anachoreta
1626 2131 1640 2156 ,
1675 2090 1770 2146 sed
1808 2106 1962 2145 men-

382 2178 483 2232 tita
529 2194 651 2232 sum
684 2179 949 2234 adversus
984 2196 1107 2234 eum
1161 2200 1174 2235 :
1221 2191 1275 2236 et
1309 2196 1439 2236 ecce
1479 2189 1627 2237 totus
1664 2183 1816 2238 vicus
1850 2183 1959 2237 huc

2058 1901 2289 1969 πρᾶγμα
2312 1899 2340 1950 ὁ
2379 1898 2755 1970 ἀναχωρητὴς,
2794 1897 2909 1950 ἀλλ’
2948 1896 3264 1968 ἐψευσάμην
3301 1899 3420 1951 κατ’
3443 1899 3609 1952 αὐτοῦ

2057 1992 2151 2044 καὶ
2183 1991 2288 2044 ἰδοὺ
2333 1993 2479 2044 πᾶσα
2502 1992 2534 2062 ἡ
2559 1990 2721 2060 κώμη
2754 1989 2894 2043 θέλει
2920 1989 3093 2042 ἐλθεῖν
3133 1983 3234 2042 ὦδε
3272 1989 3410 2060 μετὰ
3449 1990 3632 2062 δόξης,

2058 2083 2153 2137 καὶ
2185 2083 2517 2154 μετανοῆσαι
2547 2100 2651 2136 σοι.
2704 2081 2843 2150 Ἐγὼ
2875 2082 2931 2135 δὲ
2957 2081 3197 2144 ἀκούσας
3225 2081 3419 2145 ταῦτα,
3446 2083 3534 2138 ἴνα
3561 2084 3636 2154 μὴ

2058 2175 2286 2245 θλίψωσί
2313 2194 2377 2247 με
2409 2177 2457 2229 οἱ
2487 2175 2784 2247 ἄνθρωποι,
2819 2173 3050 2244 ἀνέστην
3075 2173 3168 2225 καὶ
3198 2172 3395 2242 ἔφυγον
3415 2167 3516 2227 ὧδε
3556 2177 3637 2240 εἰς

381 2270 650 2325 accedere
689 2271 804 2324 vult
833 2287 959 2326 cum
984 2272 1213 2336 honore,
1254 2284 1312 2328 ut
1341 2274 1556 2327 veniam
1581 2289 1611 2327 a
1640 2282 1693 2330 te
1727 2275 1955 2345 supplex

2065 2269 2282 2339 Σκῆτιν.
2326 2268 2471 2341 Αὕτη
2509 2269 2656 2321 ἐστὶν
2692 2269 2724 2338 ἡ
2766 2265 3032 2338 ἀρχὴτῆς
3058 2263 3254 2331 αἰτίας,
3277 2263 3346 2318 δι’
3371 2265 3440 2336 ἣν
3474 2259 3637 2336 ἦλθον

379 2363 646 2430 postulet.
691 2361 789 2418 His
818 2379 920 2434 ego
945 2365 1174 2427 auditis,
1205 2381 1272 2419 ne
1298 2365 1428 2419 mihi
1458 2367 1762 2421 molestiam
1795 2383 1954 2438 pare-
2061 2361 2183 2420 ὧδε.

379 2455 801 2522 renthomines,
846 2453 1064 2514 surrexi
1101 2468 1265 2530 atque
1282 2460 1388 2514 huc
1415 2461 1468 2514 in
1505 2460 1708 2515 Scetim
1735 2461 1866 2532 fugi.
1902 2462 2031 2518 Inde
2059 2461 2386 2531 principium
2429 2471 2758 2525 causamque
2808 2457 2975 2514 habet
3014 2475 3170 2516 meus
3210 2461 3300 2515 hic
3346 2460 3636 2514 adventus.

445 2572 501 2626 2.
545 2572 657 2642 (8|)
698 2572 861 2629 Venit
903 2575 1198 2645 aliquando
1247 2576 1519 2633 Macarius
1582 2578 1871 2651 IEgyptius
1917 2594 1949 2633 e

2129 2579 2194 2648 β’.
2217 2573 2388 2630 Ἶίλθέ
2411 2589 2540 2630 ποτε
2561 2575 2848 2646 Μακάριος
2875 2575 2904 2628 6
2935 2574 3231 2644 Αἰγύπτιος
3257 2573 3364 2628 ἀπὸ
3387 2573 3639 2641 Σκήτεως

381 2662 527 2718 Sceti
593 2663 662 2717 ad
717 2676 955 2720 montem
1017 2666 1204 2721 Nitriaz
1273 2669 1326 2722 in
1386 2669 1666 2724 oblatione
1733 2671 1950 2726 abbatis

2061 2671 2138 2732 εἰς
2154 2669 2214 2722 τὸ
2242 2668 2366 2740 ὅρος
2386 2669 2486 2737 τῆς
2514 2667 2743 2739 Νιτρίας
2771 2668 2852 2731 εἰς
2882 2667 2981 2738 τὴν
3009 2666 3326 2738 προσφορὰν
3353 2664 3444 2719 τοῦ
3494 2664 3640 2718 ἀ66ᾶ

379 2753 593 2810 Pambo
621 2773 635 2822 ;
667 2767 718 2811 et
753 2757 941 2812 dicunt
966 2759 1016 2813 ei
1041 2775 1203 2815 senes
1238 2779 1252 2815 :
1291 2759 1608 2815 Sermonem
1635 2762 1816 2831 profer
1844 2761 1952 2816 fra-

2061 2760 2298 2831 Παμϐώο
2326 2760 2421 2812 καὶ
2442 2759 2690 2828 λέγουσιν
2738 2759 2886 2828 αὐτῷ
2926 2760 2976 2811 οἰ
3013 2758 3286 2829 γέροντες·
3325 2757 3460 2810 Εἰπὲ
3486 2756 3640 2827 ῥῆμα

382 2848 582 2913 tribus,
620 2849 806 2906 Pater.
861 2853 999 2906 Tum
1033 2853 1124 2908 ille
1154 2854 1272 2908 iniit
1319 2873 1332 2909 :
1381 2853 1494 2924 Ego
1523 2854 1766 2908 nonduin
1809 2854 1958 2909 evasi

2061 2854 2169 2914 τοῖς
2190 2849 2458 2920 ἀδελφοῖς.
2487 2851 2628 2922 Πᾴτε
2639 2867 2688 2919 ρ.
2706 2849 2764 2902 Ὀ
2793 2849 2853 2903 δὲ
2883 2845 3057 2902 εἶπενο
3099 2848 3242 2918 Ἐγὼ
3269 2848 3421 2903 οὔπω
3439 2848 3638 2916 γέγονα

382 2940 438 2993 in
471 2942 844 3008 monachum;
893 2945 986 2998 sed
1039 2947 1338 3001 monachos
1364 2947 1500 3000 vidi.
1547 2945 1674 2999 Mihi
1723 2961 1958 3016 namque

2062 2944 2314 3015 μοναχὸς,
2361 2941 2476 2996 ἀλλ’
2521 2938 2661 2997 εἶδον
2713 2941 3000 3012 μοναχούς.
3051 2940 3364 3012 Καθημένῳ
3408 2941 3518 3010 γάρ
3552 2938 3639 3008 μοί

382 3031 682 3102 aliquando
722 3034 938 3091 sedenti
983 3037 1036 3090 in
1084 3038 1219 3091 cella
1266 3039 1408 3108 apud
1451 3040 1676 3103 Scetim,
1720 3040 1958 3095 molestae

2061 3056 2189 3091 ποτε
2218 3039 2274 3090 ὲν
2312 3037 2391 3107 τῷ
2419 3035 2612 3106 κελλίῳ
2647 3037 2730 3098 εἰς
2759 3035 2980 3105 Σκῆτιν,
3030 3033 3282 3105 ώχλησάν
3317 3050 3406 3103 μοι
3451 3033 3504 3085 οἱ
3548 3032 3640 3085 λο-

385 3133 546 3176 erant
597 3124 1000 3195 cogitationes.
1044 3135 1398 3197 suggerentes
1446 3143 1457 3178 :
1504 3128 1856 3184 Proﬁciscere
1903 3129 1958 3184 in

2062 3129 2251 3199 γισμοί
2278 3128 2550 3196 λέγοντεςο
2597 3125 2832 3179 Ἀπελθε
2871 3127 2952 3189 εἰς
2984 3127 3082 3196 τὴν
3111 3125 3334 3197 ἔρημον,
3364 3123 3459 3178 καὶ
3491 3125 3565 3177 ἴδε
3590 3118 3642 3178 τί

383 3215 762 3277 solitudinem,
794 3225 846 3270 et
878 3219 1001 3274 vide
1029 3219 1163 3289 quid
1199 3219 1312 3275 illic
1336 3219 1513 3276 oeulis
1545 3222 1656 3277 tuis
1681 3231 1954 3276 occurret.

2066 3220 2283 3290 βλέπεις
2317 3221 2450 3273 ἐκεῖ.
2488 3219 2717 3288 Ἔμεινα
2745 3217 2803 3270 δὲ
2827 3217 3078 3288 πολεμῶν
3111 3216 3190 3288 τῷ
3211 3215 3456 3286 λογισμῷ
3481 3216 3640 3268 πέντε

380 3306 606 3363 Perstiti
653 3316 832 3363 autem
889 3311 1133 3380 quinque
1177 3312 1360 3374 annis,
1401 3328 1652 3383 pugnans
1695 3313 1958 3368 adversus

2061 3313 2177 3383 ἔτην
2227 3307 2424 3380 λέγων.
2478 3312 2691 3380 Μήπως
2733 3310 2840 3364 ἀπὸ
2897 3307 3164 3381 δαιμόνων
3204 3309 3369 3365 ἐστίν.
3422 3308 3536 3364 Kal
3566 3312 3643 3372 ὼς

381 3401 792 3471 cogitationem,
823 3400 901 3456 Ne
929 3403 1094 3468 forte,
1127 3403 1404 3473 inquiens,
1433 3420 1463 3458 a
1493 3406 1835 3461 daemonibus
1865 3409 1955 3462 sit.

2061 3403 2323 3474 ἐπέμενεν
2375 3403 2403 3455 6
2449 3397 2725 3473 λογισμὸς,
2757 3402 2997 3472 ἀπῆλθον
3032 3403 3111 3464 εἰς
3146 3401 3244 3474 τὴν
3273 3401 3496 3473 ἔρημονυ
3548 3403 3644 3456 καὶ

387 3491 566 3562 thue
593 3496 964 3563 perseveravit
999 3495 1280 3565 cogitatio,
1314 3497 1420 3551 abii
1456 3498 1510 3550 in
1547 3513 1811 3552 eremum.
1843 3497 1958 3554 Illic

2061 3490 2228 3566 ηὗρον
2255 3495 2371 3546 ἐκεῖ
2396 3492 2590 3565 λίμνην
2623 3493 2848 3558 ὑδάτων,
2875 3494 2968 3546 xa'l
2993 3494 3155 3563 νῆσον
3181 3495 3238 3547 ὲν
3267 3495 3417 3565 μέσῳ
3447 3493 3641 3564 αὑτῆςο

383 3581 566 3638 inveni
619 3591 870 3653 stagnum
903 3600 1026 3638 cum
1065 3586 1241 3640 insula
1283 3588 1342 3641 in
1385 3589 1564 3643 medio
1604 3589 1768 3656 ejus:
1811 3597 1865 3643 et
1891 3590 1959 3644 ad

383 3671 518 3726 illud
560 3673 850 3727 veniebant
896 3675 1085 3728 bestiae
1131 3677 1336 3740 eremi,
1384 3685 1444 3730 ut
1485 3677 1754 3732 biberent.
1813 3678 1961 3744 Quas

382 3762 525 3818 inter
551 3765 808 3834 conspexi
837 3765 978 3820 duos
1007 3766 1255 3822 homines
1281 3767 1458 3822 nudos
1489 3786 1502 3822 :
1537 3777 1592 3822 et
1621 3771 1960 3824 contremuit

382 3869 584 3924 corpus
620 3872 832 3923 meum;
866 3857 1179 3912 existimavi
1213 3860 1356 3913 enim
1391 3875 1517 3914 esse
1551 3860 1802 3930 spiritus.
1851 3859 1958 3933 Ipsi

381 3956 513 3995 vero
545 3951 834 4011 postquam
879 3948 963 3998 me
1001 3945 1258 3999 viderunt
1295 3953 1640 4010 trementem,
1692 3948 1766 4001 ita
1791 3948 1958 4003 locuti

385 4042 515 4086 sunt
547 4051 560 4086 :
593 4032 713 4087 Noli
737 4036 960 4099 timere;
987 4037 1149 4089 etiam
1185 4053 1286 4092 nos
1315 4038 1566 4092 homines
1594 4054 1810 4093 sumus.
1838 4037 1958 4094 Dixi

382 4128 523 4182 illis:
569 4125 723 4182 Unde
755 4131 918 4195 estis,
955 4140 1008 4183 et
1037 4133 1316 4200 quomodo
1349 4131 1583 4188 venistis
1616 4133 1671 4188 in
1705 4135 1962 4189 solitudi-

384 4231 509 4270 nem
553 4216 730 4270 hanc?
763 4215 1182 4286 Responderunt
1212 4235 1228 4272 :
1259 4220 1299 4273 E
1330 4219 1588 4273 cmnobio
1626 4237 1819 4276 sumus
1848 4238 1861 4274 :
1887 4229 1963 4274 at-

385 4324 577 4378 que-ex
612 4318 802 4362 mutuo
834 4325 1104 4364 consensu
1137 4312 1344 4380 egressi
1376 4314 1628 4368 venimus
1661 4315 1766 4368 huc
1791 4325 1806 4379 ;
1833 4327 1961 4368 ecce

385 4404 747 4474 q‘uadraginta
773 4403 976 4458 abhinc
1003 4405 1132 4458 anni
1175 4406 1572 4474 prmterierunt.
1620 4406 1772 4463 Unus
1797 4423 1828 4462 e
1858 4421 1958 4460 no-

2062 3587 2156 3640 καὶ
2177 3581 2339 3657 ἦλθον
2360 3585 2428 3638 τὰ
2460 3586 2630 3657 κτήνη
2660 3586 2760 3656 τῆς
2787 3587 2996 3656 ἐρήμου
3035 3587 3179 3639 πιεῖν
3225 3583 3284 3650 ἐξ
3313 3585 3502 3655 αὐτῆς.
3531 3585 3644 3640 Kal

2062 3674 2202 3730 εἶδον
2253 3679 2308 3730 ἐν
2349 3677 2498 3749 μέσῳ
2527 3677 2709 3730 αὐτῶν
2737 3675 2829 3730 δύο
2871 3675 3194 3747 ἀνθρώπους
3237 3675 3501 3745 γυμνοὺςο
3548 3677 3644 3730 καὶ

2063 3767 2324 3821 ὲδειλίασε
2372 3763 2434 3821 τὸ
2468 3767 2629 3838 σῶμά
2678 3784 2799 3838 μου·
2834 3765 3058 3836 ἐνόμισα
3109 3765 3218 3834 γὰρ
3248 3763 3328 3817 ὅτι
3361 3764 3644 3835 πνεύματὰ

2063 3859 2220 3912 εἰσιν.
2251 3858 2413 3911 Αὐτοὶ
2444 3857 2498 3910 δέ
2517 3875 2582 3926 με
2606 3856 2682 3921 ώς
2717 3851 2857 3910 εἶδον
2889 3855 3189 3917 δειλιῶντα,
3214 3855 3482 3924 ἐλάλησαν
3506 3855 3642 3924 πρὸς

2066 3952 2156 4020 μέ·
2194 3947 2284 4021 Μὴ
2317 3948 2506 4020 φοϐοὖο
2549 3950 2644 4002 καὶ
2675 3947 2836 4018 ἡμεῖς
2885 3945 3159 4018 ἄνθρωποί
3196 3948 3380 4016 ἐσμεν.
3417 3946 3528 3998 Kal
3564 3940 3641 3997 εῐ-

2063 4057 2164 4094 πον
2191 4040 2392 4103 αὐτοῖς·
2418 4038 2587 4092 Πόθεν
2610 4039 2754 4101 ἐστὲ,
2779 4038 2873 4090 καὶ
2914 4037 3030 4100 πῶς
3072 4037 3263 4109 ἤλθετε
3287 4039 3366 4099 εἰς
3383 4036 3481 4105 τὴν
3515 4035 3641 4107 ἕρηο

2067 4149 2164 4202 μον
2207 4130 2442 4201 ταύτην;
2488 4131 2598 4183 Kal
2640 4125 2812 4184 εἰπονο
2843 4130 2977 4182 Ἀπὸ
3017 4128 3278 4182 κοινοϐίου
3319 4128 3506 4198 ἐσμέν·
3551 4127 3642 4180 καὶ

2062 4225 2284 4293 γέγονεν
2301 4225 2432 4294 ἡμῖν
2465 4224 2774 4293 συμφωνία,
2808 4223 2900 4276 καὶ
2921 4220 3212 4292 ἐξήλθομεν
3235 4213 3358 4274 ὧδεο
3397 4221 3504 4274 ἰδοὺ
3523 4237 3644 4273 τεσ-

2065 4316 2376 4387 σαράκοντα
2403 4314 2496 4386 ἔτη
2525 4315 2590 4346 ³⁸·
2625 4315 2721 4368 καὶ
2753 4317 2782 4369 6
2801 4315 2900 4385 μὲν
2933 4309 3014 4377 εἷς
3035 4314 3350 4382 Αἰγύπτιος,
3381 4315 3410 4366 6
3441 4313 3498 4366 δὲ
3531 4313 3642 4365 ἔτε-

2065 4424 2159 4479 ρος
2182 4406 2417 4469 Λιϐυκὸς
2440 4406 2694 4476 ὑπάρχει.
2727 4407 2836 4459 Kal
2861 4403 3216 4475 ὲπερώτησάν
3249 4419 3316 4472 με
3347 4404 3441 4455 καὶ
3466 4402 3639 4463 αὐτοὶ,

385 4496 472 4552 bis
499 4494 789 4568 Egyptius
821 4503 927 4563 est,
951 4497 1087 4552 alter
1117 4495 1374 4570 Libycus.
1406 4497 1509 4568 Ipsi
1543 4514 1760 4570 quoque
1788 4500 1958 4554 inter-

2067 4500 2338 4568 λέγοντες·
2367 4498 2490 4561 Πῶς
2507 4500 2533 4551 6
2555 4499 2784 4569 κόσμος;
2814 4499 2908 4551 καὶ
2938 4498 2986 4549 εἰ
3007 4497 3226 4568 ἔρχεται
3255 4496 3315 4548 τὸ
3341 4495 3484 4565 ὕδωρ
3507 4496 3643 4550 κατὰ

385 4595 717 4657 rogaverunt
753 4603 856 4652 me,
900 4587 986 4642 his
1033 4589 1214 4643 verbis
1267 4603 1281 4641 :
1331 4589 1616 4657 Quomodo
1684 4607 1746 4646 se
1797 4590 1958 4645 habet

2069 4593 2259 4662 καιρὸν
2291 4587 2476 4654 αὐτοῦ,
2502 4591 2595 4644 καὶ
2618 4592 2666 4642 εἰ
2705 4589 2818 4660 ἔχει
2846 4590 2874 4641 6
2913 4592 3118 4661 κόσμος
3154 4589 3253 4660 τὴν
3277 4588 3533 4658 εὐθηνίαν
3553 4588 3644 4640 αὐ-

387 4678 658 4734 mundus?
690 4676 919 4734 Venitne
972 4693 1114 4749 aqua
1169 4680 1223 4734 in
1277 4688 1520 4752 tempore
1553 4683 1690 4738 suo?
1723 4681 1958 4738 Mundus

2068 4683 2162 4736 τοῦ
2187 4701 2200 4748 ;
2230 4685 2341 4736 Kal
2373 4679 2526 4736 εἷπον
2553 4683 2753 4745 αὐτοῖς·
2778 4682 2905 4737 Ναί.
2936 4679 3105 4751 Κάγὼ
3137 4681 3332 4744 αὐτοὺς
3363 4679 3641 4752 ἠρώτησα·

384 4773 667 4827 obtinetne
700 4770 1094 4826 abundantiam
1114 4773 1376 4826 solitam?
1409 4773 1682 4843 Respondi
1713 4792 1726 4828 :
1761 4773 1958 4827 Etiam.

387 4862 644 4918 Vicissim
699 4879 798 4935 ego
839 4874 1194 4934 percontatus
1237 4880 1358 4918 sum
1394 4881 1408 4918 :
1446 4865 1694 4931 Quanam
1746 4867 1961 4921 ratione

388 4951 716 5022 ﬁeripotcro
745 4952 1086 5008 monachus?
1126 4952 1295 5006 Aiunt
1328 4953 1460 5008 mihi
1497 4973 1509 5008 :
1547 4953 1664 5011 Nisi
1704 4955 1829 5024 quis
1875 4970 1964 5009 re-

390 5042 727 5097 nuntiaverit
753 5043 1010 5097 omnibus
1034 5042 1224 5096 mundi
1265 5044 1451 5108 rebus,
1486 5059 1594 5099 non
1630 5054 1809 5115 potest
1849 5045 1964 5102 ﬁeri

391 5133 713 5188 monachus.
751 5132 950 5202 Excepi
994 5151 1007 5186 :
1053 5131 1166 5202 Ego
1207 5133 1456 5190 infirmus
1511 5151 1656 5196 sum,
1702 5151 1804 5192 nec
1844 5151 1967 5206 pos-

392 5241 514 5281 sum
545 5224 706 5281 sicuti
730 5240 848 5279 vos.
880 5223 1224 5295 Exceperunt
1255 5227 1420 5282 etiam
1447 5228 1526 5282 illi
1555 5247 1570 5283 :
1597 5226 1652 5283 Si
1678 5245 1787 5284 non
1807 5237 1962 5301 potes

388 5315 849 5391 quemadmodum
883 5331 1006 5378 nos.
1047 5318 1175 5374 sede
1217 5319 1271 5373 in
1309 5320 1448 5374 cella
1495 5331 1606 5387 tua,
1640 5329 1695 5377 et
1731 5332 1955 5393 peccata

389 5419 485 5466 tua
512 5408 666 5464 delle.
691 5406 929 5474 Quaesivi
960 5409 1027 5465 ab
1055 5409 1139 5466 eis
1173 5429 1187 5466 :
1217 5411 1450 5477 Quando
1490 5413 1664 5469 hiems
1700 5424 1804 5482 cst,
1847 5429 1955 5470 non

463 5567 509 5600 ⁸³
529 5567 615 5621 Δὶ.
639 5567 932 5638 περισσῶς.
1010 5566 1054 5600 ’⁸
1083 5568 1170 5623 ΔΙ.
1205 5567 1330 5624 add.
1355 5568 1571 5640 ἔχομεν.

463 5725 574 5794 (81)
617 5722 720 5782 vn.
759 5723 908 5778 Patr.
949 5741 1027 5780 ιιι.
1057 5725 1110 5779 ι.
1870 5699 1881 5739 ⁷

2068 4776 2196 4840 Πῶς
2240 4775 2473 4847 δύναμαι
2520 4776 2772 4844 γενέσθαι
2819 4775 3084 4847 μοναχόςς
3119 4773 3230 4826 Kal
3263 4771 3480 4840 λέγουσί
3531 4789 3641 4842 μοι·

2082 4867 2207 4922 Ἐὰν
2237 4867 2313 4939 μὴ
2365 4867 2702 4936 ἀποτάξηταί
2734 4884 2817 4930 τις
2847 4867 2980 4918 πᾶσι
3019 4865 3131 4929 τοῖς
3157 4863 3250 4916 τοῦ
3298 4865 3528 4932 κόσμου,
3585 4863 3644 4914 οὐ

2065 4955 2286 5012 δύναται
2326 4957 2578 5026 γενέσθαι
2628 4959 2879 5028 μοναχός.
2921 4957 3032 5010 Kal
3075 4952 3227 5009 εἷπον
3252 4955 3453 5018 αὐτοῖς’
3507 4952 3646 5022 Ἐγὼ

2066 5047 2298 5118 ἀσθενής
2341 5050 2477 5118 εἰμι,
2523 5049 2616 5101 καὶ
2657 5049 2718 5101 οὐ
2753 5047 2987 5119 δύναμαι
3029 5048 3104 5111 ώς
3141 5049 3318 5118 ὑμεῖς.
3349 5045 3459 5098 Kal
3491 5041 3643 5098 εἰπόν

2071 5157 2159 5210 μοι
2184 5141 2278 5193 καὶ
2316 5141 2489 5193 αὑτοίυ
2532 5141 2642 5194 Kal
2670 5141 2764 5195 ἐὰν
2813 5141 2873 5194 οὐ
2902 5141 3124 5194 δύνασαι
3155 5139 3232 5203 ὡς
3259 5140 3444 5210 ἡμεῖς,
3476 5137 3643 5191 κάθου

2069 5232 2148 5294 εἰς
2175 5231 2234 5283 τὸ
2281 5231 2488 5284 κελλίον
2539 5249 2652 5294 σου,
2682 5232 2778 5285 καὶ
2809 5232 3042 5286 κλαῦσον
3078 5231 3174 5295 τὰς
3217 5229 3494 5303 ἁμαρτίας
3526 5245 3636 5282 σου.

2065 5321 2174 5374 Kal
2194 5321 2455 5394 ἠρώτησα
2477 5323 2690 5387 αὐτούς·
2718 5324 2885 5378 Ὅταν
2904 5323 3120 5393 γίνηται
3141 5320 3368 5394 χειμὼν,
3398 5320 3459 5373 οὐ
3489 5321 3643 5390 ῥιγᾶο

2065 5431 2160 5482 τε;
2192 5417 2288 5470 καὶ
2313 5417 2440 5472 ὅταν
2465 5418 2681 5490 γίνηται
2712 5417 2919 5488 καῦμα,
2966 5417 3028 5471 οὐ
3056 5416 3268 5472 καίεται
3301 5414 3370 5470 τὰ
3421 5413 3644 5485 σώματα
