3874 6346
1331 361 1935 423 APOPHTHEGMATA
1975 361 2282 418 PATRUM.

3347 357 3458 414 262

181 487 342 560 ὕμῶν
367 503 384 550 ;
413 486 476 538 Οἱ
495 483 552 538 δὲ
581 477 754 536 εἷπον·
791 482 850 536 Ὀ
875 481 1006 546 Θεὸς
1049 483 1302 556 ἐποίησεν
1331 485 1463 554 ἡμῖν
1495 480 1594 552 τὴν
1630 481 1775 531 οἰκο-

1897 476 2110 546 tlgetis?
2144 474 2366 546 quando
2413 479 2583 528 aestus
2615 479 2722 534 est,
2769 484 2876 522 non
2915 467 3094 522 uritur
3126 481 3328 540 corpus
3365 487 3462 528 ve.

179 576 382 648 νομίαν
421 574 650 646 ταύτην·
680 575 778 628 καῖ.
809 574 930 626 οὔτε
969 573 1044 644 τῷ
1073 572 1305 645 χειμῶνι
1331 571 1597 644 ριγῶμεν.
1649 567 1771 620 οὔτε

179 671 258 740 τῷ
289 669 444 740 θέρει
479 668 540 722 τὸ
565 667 758 738 καῦμα
779 667 927 738 ἡμᾶς
946 666 1142 720 ἀδικεῖ.
1159 667 1258 720 Διὰ
1273 664 1432 718 τοῦτο
1454 661 1605 716 εἷπον
1622 663 1772 731 ὑμῖν,

179 763 264 816 ὃτι
295 759 456 814 οὔπω
477 759 680 828 γέγονα
717 759 972 830 μοναχδς,
1001 757 1118 812 ἀλλ’
1153 753 1292 811 εἶδον
1317 754 1609 828 μοναχούς.
1639 755 1778 821 Συγ-

179 854 334 924 χωρή
343 851 480 904 σατὲ
513 869 626 922 μοι,
653 849 894 921 ἀδελφοί.

255 1011 328 1080 γ’.
373 1012 437 1064 ’0
459 1009 636 1072 ἁῦϐἄς
673 1007 958 1078 Μακάριος
990 1007 1078 1060 ὅτε
1113 1005 1245 1076 ᾤκει
1281 1007 1340 1060 ἐν
1357 1007 1423 1077 τῇ
1449 1005 1773 1078 πανερήμῳ·

185 1101 254 1176 ἣν
281 1105 340 1156 δὲ
379 1103 544 1172 μόνος
573 1103 634 1154 ἐν
667 1101 806 1172 αὐτῇ
850 1101 1169 1171 ἀναχωρῶν,
1206 1101 1510 1172 παρακάτω
1540 1099 1598 1152 δὲ
1643 1097 1777 1168 ἄλλη

185 1197 398 1269 ἔρημος
423 1191 494 1264 ἦν
539 1194 802 1246 πλειόνων
848 1193 1111 1263 ἀδελφῶν.
1145 1193 1454 1263 Παρετήρει
1473 1191 1528 1244 δὲ
1545 1193 1573 1244 6
1601 1191 1779 1260 γέρων

185 1291 286 1360 τὴν
313 1288 456 1342 ὁδόν·
491 1287 587 1341 καὶ
630 1287 734 1358 ὁρᾷ
773 1285 866 1338 τὸν
907 1287 1144 1340 σατανᾶν
1175 1285 1534 1356 ἀνερχόμενον
1559 1285 1616 1336 ὲν
1649 1285 1781 1356 σχή-

189 1399 322 1454 ματι
347 1379 666 1452 ἀνθρώπου,
702 1377 995 1450 παρελθεῖν
1024 1377 1090 1432 δι’
1115 1378 1301 1432 αὐτοῦ·
1339 1377 1590 1447 ἐφαίνετο
1621 1377 1678 1430 δὲ
1706 1377 1782 1440 ὡς

187 1473 476 1544 πιχὰριον
509 1470 692 1542 φορῶν
721 1469 898 1522 λινοῦν
918 1467 1257 1540 τρωγλωτόν·
1293 1470 1385 1522 καὶ
1413 1470 1552 1522 κατὰ
1576 1487 1782 1540 τρυμα-

185 1563 308 1616 λίαν
341 1564 626 1635 ἐκρέματο
655 1561 964 1632 ληκύνθιον.
1001 1563 1110 1616 Kal
1141 1562 1289 1632 λέγει
1322 1561 1468 1632 αὐτῷ
1495 1563 1523 1615 6
1555 1562 1731 1632 γέρων
1754 1561 1784 1614 ὁ

187 1659 392 1730 μέγας·
439 1655 553 1709 Ποῦ
602 1654 839 1728 πορεύῃς
870 1657 982 1708 Kal.
1025 1651 1176 1708 εἶπεν
1233 1655 1403 1726 αὐτῷ·
1448 1654 1783 1726 Ἀπέρχομαι

185 1749 513 1820 ὑπομνῆσαι
571 1747 699 1812 τοὺς
749 1747 1013 1818 ἀδελφούς
1063 1747 1197 1819 (8‘2).
1249 1750 1304 1800 Ὀ
1332 1747 1396 1802 δὲ.
1424 1747 1603 1819 γέρων
1641 1743 1779 1800 εἷπε·

1875 575 2047 622 strum
2073 567 2096 620 ?
2125 567 2469 638 Responsum
2522 562 2794 618 dederunt
2825 579 2840 616 :
2885 559 3028 616 Deus
3060 575 3188 633 erga
3227 577 3328 618 nos
3358 562 3464 620 hac

1875 675 2010 715 usus
2048 667 2134 715 est
2187 656 2634 729 dispensatione;
2683 669 2784 708 nec
2824 653 3005 708 hieme
3051 653 3314 723 rigemus,
3352 670 3461 712 nec

1875 762 2060 808 testate
2099 768 2200 807 nos
2229 759 2397 806 aestus
2445 747 2612 803 laedit.
2653 745 2948 816 Propterea.
2982 745 3100 799 dixi
3143 746 3324 813 vobis,
3377 761 3467 803 me

1875 843 2118 898 nondum
2145 843 2198 897 in
2231 841 2563 898 monachum
2592 839 2865 900 evasisse,
2895 851 3085 892 verum
3114 834 3322 894 vidisse
3345 850 3468 893 tuo-

1877 915 2105 986 nachos.
2137 929 2410 1002 Ignoscite
2441 928 2598 993 mihi,
2637 927 2860 981 fratres.

1949 1020 2125 1092 5.(85)
2146 1021 2330 1075 Ahbas
2360 1018 2632 1073 Macarius
2663 1031 2786 1071 cum
2805 1016 2859 1070 in
2877 1014 3201 1082 Paneremo,
3227 1030 3322 1071 seu
3347 1029 3467 1070 om-

1879 1111 2101 1168 nimoda
2129 1111 2428 1167 solitudine
2457 1109 2768 1175 habitaret;
2809 1107 2962 1162 solus
2991 1116 3172 1161 autem
3200 1105 3312 1160 illic
3333 1119 3469 1186 ana-

1881 1203 2214 1257 choreticam
2267 1202 2432 1255 vitam
2481 1199 2754 1264 ducebat;
2817 1198 2956 1252 infra
3009 1213 3141 1254 vero
3186 1198 3294 1252 alia
3343 1203 3469 1252 erat

1881 1309 2120 1356 eremus,
2163 1293 2217 1346 in
2245 1307 2350 1363 qua
2385 1291 2568 1360 plures
2610 1289 2806 1344 fratres
2858 1289 3128 1360 degebant
3177 1308 3192 1345 :
3246 1305 3333 1354 eo,
3381 1287 3470 1343 in-

1881 1401 2069 1454 quam,
2132 1383 2238 1438 loci
2301 1381 2598 1453 aliquando
2653 1398 2751 1453 per
2803 1381 2946 1435 viam
3011 1381 3470 1452 circumspiciens

1884 1491 2077 1538 senex,
2112 1473 2249 1529 vidit
2299 1473 2564 1528 Satanam
2592 1473 2898 1527 venientem
2931 1471 2985 1525 in
3011 1471 3184 1543 ﬁgura
3207 1473 3468 1540 hominis,

1884 1572 1944 1618 ut
1975 1579 2070 1634 per
2117 1563 2297 1618 locum
2337 1563 2392 1617 in
2421 1578 2531 1632 quo
2553 1569 2672 1616 erat
2702 1562 2970 1616 transiret
2999 1579 3011 1615 :
3048 1563 3349 1632 apparebat
3370 1578 3474 1617 au-

1885 1665 1991 1710 tem
2034 1657 2192 1726 quasi
2239 1655 2488 1710 tunicam
2539 1663 2758 1724 gestans
2801 1655 2999 1720 lineam
3049 1654 3406 1725 perforatam,
3440 1670 3473 1710 ιι

1841 1803 1845 1806 _
1887 1746 2046 1815 cujus
2079 1746 2454 1802 foraminibus
2490 1746 2803 1816 pendebant
2851 1761 3033 1815 parva:
3069 1745 3289 1816 lecythi.
3336 1745 3476 1800 Dicit.

187 1843 302 1896 Kal.
329 1843 426 1896 ἵνα
458 1841 516 1894 τί
547 1858 630 1894 σοι
657 1840 726 1894 τὰ
767 1839 1036 1912 ληκύνθια
1075 1840 1279 1906 “caiisa;
1314 1841 1424 1894 Kal
1474 1835 1614 1893 εἶπε·
1653 1839 1784 1892 1‘56-

1897 1835 1938 1890 εἰ
1959 1852 2188 1905 magnus
2215 1851 2382 1892 senex
2417 1854 2430 1891 :
2462 1834 2582 1903 Quo
2625 1837 2820 1891 vadis?
2845 1835 3145 1908 Respondit
3193 1856 3205 1890 :
3250 1836 3476 1892 Profici-

193 1949 343 2002 ματα
365 1931 638 2003 ἁποφέρω
668 1934 781 1995 τοῖς
807 1932 1073 2001 ἀδελφοῖς.
1120 1932 1176 1985 '0
1205 1931 1260 1984 δὲ
1293 1931 1472 2002 γέρων
1500 1927 1642 1984 εἶπε·
1676 1932 1784 1985 Kal

187 2023 367 2077 ταῦτα
401 2023 536 2086 ὅλας
565 2023 885 2096 Ἀπεκρίθη·
919 2021 1046 2076 Ναί·
1077 2021 1170 2075 ἐὰν
1197 2025 1269 2093 μὴ
1303 2022 1364 2074 τὸ
1387 2023 1444 2074 ἓν
1467 2023 1641 2095 ἀρέσῃ
1658 2024 1782 2082 τινὶ,

190 2117 348 2187 φέρω
373 2116 530 2170 ἄλλο·
552 2117 649 2168 ἐὰν
673 2115 730 2168 δὲ
761 2117 835 2188 μὴ
868 2115 960 2169 καὶ
979 2113 1158 2178 τοῦτο,
1177 2114 1304 2169 διδῶ
1333 2115 1477 2170 ἄλλο·
1499 2115 1713 2178 πάντως
1731 2114 1787 2167 δὲ

189 2208 248 2273 ἒξ
285 2207 477 2260 αὐτῶν
518 2207 623 2259 κᾶν
670 2207 728 2258 ἓν
785 2207 972 2279 ἀρέσει
1027 2205 1196 2276 αὐτῷ.
1253 2207 1364 2259 Kal.
1408 2206 1578 2260 ταῦτα
1621 2205 1786 2260 εἰπὼν

189 2301 464 2370 ἀπῆλθεν,
506 2300 563 2351 '0
595 2299 650 2351 δὲ
693 2299 874 2370 γέρων
927 2298 1108 2370 ἔμεινε
1157 2297 1646 2370 παρατηρούμενος
1690 2297 1788 2361 τὰς

187 2393 368 2457 δεηθῇς,
397 2392 508 2454 ἓως
531 2390 696 2444 πάλιν
717 2392 924 2454 ἐκεῖνος
951 2379 1243 2461 ἐπανῆλθεῖ
1285 2391 1394 2442 Καὶ
1418 2388 1493 2453 ὡς
1527 2385 1666 2442 εἶδεν
1693 2391 1790 2442 αὖ·

189 2485 284 2537 τὸν
306 2485 334 2536 6
367 2484 578 2555 γέρων,
601 2483 753 2552 λέγει
781 2483 953 2554 αὐτῷ·
987 2471 1249 2554 Σωοείης.
1301 2484 1357 2535 Ὀ
1391 2483 1448 2536 δὲ
1493 2481 1787 2554 ἀπεκρίθη·

193 2577 306 2630 Ποῦ
347 2577 430 2630 ἔνι
467 2594 560 2647 μοι
610 2575 882 2646 σωθῆναι;
929 2575 1092 2644 Λέγει
1131 2575 1276 2646 αὑτῷ
1304 2577 1332 2629 6
1359 2576 1556 2647 γέρων·
1607 2575 1790 2634 Διατί;

203 2671 262 2722 '0
295 2670 354 2722 δὲ
391 2669 567 2738 λέγει·
611 2668 732 2720 Ὀτι
761 2667 960 2730 πάντες
1018 2665 1200 2737 ἄγριοί
1249 2685 1337 2736 μοι
1376 2665 1624 2734 ἐγένοντο
1656 2666 1790 2736 (85),

191 2763 291 2815 καὶ
316 2761 505 2824 οὐδείς
529 2777 632 2830 μου
658 2759 910 2829 ἀνέχεται
939 2759 1005 2812 ⁸³.
1037 2759 1196 2827 Λέγει
1231 2758 1378 2829 αὐτῷ
1407 2761 1434 2811 6
1459 2761 1658 2830 γέρων·
1685 2761 1793 2811 Οὐ-

189 2853 322 2906 δένα
339 2849 442 2912 οὖν
469 2851 627 2920 φίλον
654 2851 798 2922 ἔχεις
825 2853 972 2917 ὲκεῖ;
1027 2849 1086 2902 ’0
1109 2849 1165 2902 δὲ
1203 2848 1496 2920 ἀπεκρίθη·
1529 2849 1658 2914 Ναὶ,
1698 2849 1794 2902 ἕνα

195 2947 444 3018 μοναχὸν
470 2945 518 2976 ’⁸
541 2945 651 3015 ἔχω
681 2947 799 2998 ἐκεῖ
831 2943 982 3012 φίλον
1009 2943 1077 3008 ³⁷,
1109 2943 1201 2996 καὶ
1226 2941 1331 2995 κᾶν
1361 2941 1524 3005 αὑτός
1568 2958 1655 3012 μοι
1677 2941 1795 2994 πεί-

195 3043 374 3094 Θεται·
405 3039 502 3092 καὶ
521 3039 610 3092 ὅτε
628 3040 730 3109 ὁρᾷ
761 3055 850 3109 με,
884 3038 1176 3106 στρέφεται
1197 3035 1271 3099 ὡς
1293 3035 1488 3104 ἀνέμη.
1515 3033 1675 3102 Λέγει
1699 3034 1797 3086 αὐ-

193 3133 278 3204 τῷ
309 3135 340 3186 6
363 3131 569 3202 γέρων·
605 3131 715 3182 Kal.
736 3130 818 3192 τίς
849 3128 1094 3182 καλεῖται
1123 3129 1150 3180 ό
1178 3126 1433 3195 ἁδελφός;
1463 3125 1522 3180 '0
1544 3125 1598 3177 δὲ
1625 3125 1791 3192 λέγει·

189 3227 591 3294 Θεὸπεμπτος.
631 3221 814 3274 Εἰπὼν
847 3222 901 3274 δὲ
943 3221 1114 3274 ταῦτα
1151 3219 1382 3288 ἀπῆλθε.
1423 3217 1531 3270 Kal.
1557 3217 1798 3281 ἀναστὰς

195 3321 226 3372 ὁ
263 3316 448 3378 ἀϐεᾶς
487 3315 775 3386 Μακάριος
798 3314 1095 3384 ἀπέρχεται
1119 3311 1210 3365 ἐπὶ
1225 3311 1325 3379 τὴν
1355 3311 1658 3383 παρακάτω
1678 3309 1798 3381 ἔρη-

199 3428 325 3480 μον.
369 3407 487 3461 Καὶ
519 3407 852 3468 ἀκούσαντες
883 3406 929 3457 οἱ
975 3404 1214 3472 ἀδελφοὶ,
1252 3401 1506 3464 λαϐόντες
1547 3400 1675 3471 βαΐα
1709 3399 1795 3466 ἐξ·

193 3501 364 3573 ἦλθον
397 3501 480 3562 εἰς
513 3498 818 3567 ἀπάντησιν
849 3496 1014 3550 αὑτοῦ
1051 3495 1184 3565 (8-4).
1219 3495 1327 3548 Kal.
1349 3493 1534 3546 λοιπὸν
1563 3491 1794 3554 ἕκαστος

195 3588 595 3661 ηὑτρεπξζετο,
626 3587 864 3658 νομίζων
913 3587 994 3639 ὅτι
1047 3588 1177 3657 παρ’
1219 3583 1368 3655 αὑτῷ
1401 3583 1590 3654 ἔμελλε
1626 3599 1799 3636 κατα-

197 3686 352 3738 λύειν
380 3685 411 3734 6
431 3682 637 3753 γέρων.
682 3683 740 3734 Ὀ
765 3683 820 3734 δὲ
848 3680 1030 3752 ἐζήτει
1057 3681 1142 3743 τίς
1169 3680 1254 3750 εἴη
1277 3681 1304 3732 ὁ
1321 3677 1651 3748 καλούμενος
1675 3677 1804 3731 Θεό-

197 3797 461 3850 πεμπτος
493 3779 550 3828 ἐν
571 3775 652 3847 τῷ
684 3775 821 3848 ὖρει.
857 3776 966 3829 Kal.
995 3774 1194 3846 εὑρὼν,
1229 3772 1476 3842 εἰσῆλθεν
1499 3773 1577 3836 εἰς
1601 3772 1659 3825 τὸ
1677 3772 1802 3825 κελ-

235 3937 286 3968 ⁹³
314 3937 406 3989 Al.
445 3951 540 4004 μοι
567 3931 834 3988 πείθεται.
911 3929 958 3961 ³⁸
983 3929 1065 3983 Al.
1102 3901 1282 3999 μένον.
1348 3929 1390 3960 ’⁷
1423 3929 1509 3982 ΑΙ.
1539 3927 1785 3997 ἀδελφόν.

277 4077 394 4146 (82)
440 4075 790 4146 Ἀπέρχομᾳι
812 4067 1163 4146 ῥπομνῆσαι
1183 4069 1326 4146 τοὺς
1376 4067 1796 4146 ἀδελφαῖς-...1η

211 4137 351 4202 Ῠίὶὶε
377 4137 389 4146 ’
413 4137 651 4199 Patruini
673 4137 703 4198 ε’
741 4141 885 4194 Vada
926 4137 1248 4194 commovere
1284 4140 1478 4206 fratres
1499 4179 1513 4200 ,
1532 4137 1692 4194 facili
1719 4139 1799 4191 la-

199 4236 332 4289 psu,
363 4219 484 4271 vice
497 4229 838 4289 commonere
873 4230 890 4268 :
922 4210 1387 4289 quemadmodum
1415 4217 1564 4289 recte
1601 4213 1653 4263 in
1681 4209 1796 4289 ‘Pa-

203 4281 456 4344 sellasio.
497 4285 714 4353 Parque
743 4291 982 4337 erratum
1019 4283 1262 4335 occurrit
1303 4282 1408 4336 sub
1447 4282 1605 4353 finem
1658 4281 1801 4348 Apo-

199 4357 594 4430 phthegmatis.
619 4351 756 4430 Cod.
797 4353 962 4430 Corb.
993 4368 1323 4430 commoneri:
1349 4361 1401 4406 et
1427 4351 1727 4430 admonere:

277 4421 396 4500 (83")
431 4427 667 4500 Πάντες
694 4423 890 4500 {ir-pici
913 4441 1014 4500 μρι
1035 4421 1336 4500 ἐγένοντορ
1367 4433 1420 4476 et
1451 4421 1799 4500 paulo‘infra,

203 4491 406 4570 (1ηῴιοῖ
439 4501 606 4570 εἰσιν·
635 4491 788 4557 sua;
817 4503 870 4548 et
895 4491 1138 4570 πάντων
1165 4492 1516 4570 ἀγριῴεερος
1543 4491 1799 4562 ἐγένετο.

1900 1944 2030 1984 scor
2062 1929 2129 1982 ad
2165 1927 2386 1994 fratres,
2415 1937 2476 1983 ut
2501 1929 2570 1984 iis
2599 1929 2654 1984 in
2677 1929 2996 1984 memoriam
3011 1945 3316 2001 suggeram.
3335 1929 3475 1984 Tum

1885 2035 2052 2074 scuex
2103 2040 2114 2074 :
2167 2017 2234 2072 Et
2283 2035 2455 2091 quare
2501 2021 2598 2075 tibi
2640 2022 2894 2090 ampulla:
2943 2022 3071 2076 hae?
3112 2022 3254 2078 Ille:
3294 2021 3478 2077 Allero

1887 2113 2155 2169 fratribus
2187 2114 2565 2170 condimenta.
2604 2114 2783 2171 Senex
2822 2134 2834 2170 :
2864 2113 2930 2170 Et
2967 2113 3084 2170 haec
3116 2115 3341 2170 omnia?
3368 2113 3479 2169 Ex-

1887 2206 2028 2276 cepit
2068 2225 2082 2260 :
2123 2205 2298 2260 Etiam
2328 2225 2342 2260 :
2379 2207 2426 2262 si
2453 2223 2621 2262 unum
2654 2205 2818 2262 alicui
2855 2223 2964 2262 non
2995 2207 3286 2278 placuerit,
3323 2205 3476 2262 aliud

1889 2299 2139 2369 porrigo;
2168 2298 2215 2353 si
2247 2313 2424 2369 neque
2451 2298 2580 2364 hoc,
2617 2298 2690 2353 do
2711 2297 2858 2352 aliud
2893 2316 2907 2352 :
2932 2298 3162 2362 omnino
3193 2305 3376 2352 autem
3401 2313 3472 2353 ex

1891 2392 1997 2446 illis
2050 2392 2240 2447 saltem
2301 2409 2470 2448 unum
2525 2394 2858 2464 placiturum
2911 2399 2997 2448 est
3035 2391 3110 2447 ei.
3155 2391 3334 2460 Atque
3392 2391 3479 2446 bis

1890 2485 2052 2539 dictis
2108 2485 2262 2540 abiit.
2312 2485 2383 2540 At
2434 2473 2602 2542 senex
2662 2487 2951 2550 remansit,
2996 2485 3302 2538 observans
3338 2483 3478 2547 vias,

1891 2577 2064 2631 donec
2105 2587 2491 2634 reverteretur.
2537 2577 2716 2649 thue
2765 2577 3060 2648 conspexit
3107 2577 3284 2637 illum.
3339 2576 3415 2631 ait
3462 2591 3477 2627 :

1893 2670 2090 2723 Salvus
2137 2669 2234 2724 sis.
2301 2669 2392 2725 Ille
2445 2669 2726 2740 respondit
2769 2690 2782 2725 :
2825 2669 3110 2736 Quomodo
3163 2667 3483 2738 contingere

1895 2762 2024 2816 mihi
2053 2761 2254 2832 poterit
2283 2773 2340 2816 ut
2371 2765 2557 2818 salvus
2597 2761 2744 2816 sim?
2785 2761 2967 2816 Senex
3005 2779 3017 2814 :
3052 2760 3234 2827 Quare
3270 2759 3294 2814 ’ἒ
3340 2757 3433 2814 Ille
3465 2777 3481 2816 :

1895 2853 2028 2919 Quia
2051 2852 2234 2907 cuncti
2259 2853 2391 2905 mihi
2423 2851 2645 2906 fuerunt
2685 2851 2946 2916 immites,
2992 2865 3095 2904 nec
3135 2849 3280 2903 ullus
3316 2849 3488 2904 susti-

1900 2943 2020 2998 nuit
2047 2961 2152 2998 me.
2177 2941 2258 2997 Ad
2291 2959 2414 2998 eum
2454 2959 2620 2998 senex
2655 2960 2668 2998 :
2699 2941 2892 2998 Nullus
2934 2957 3065 3012 ergo
3086 2941 3199 2996 illic
3227 2939 3322 2994 tibi
3349 2943 3488 2994 ami-

1895 3035 2030 3090 cus?
2073 3035 2154 3088 Ad
2195 3051 2381 3090 senem
2432 3033 2666 3090 Satanas
2703 3053 2716 3088 :
2753 3033 2864 3096 Nae,
2907 3048 3078 3087 unum
3117 3033 3190 3086 ibi
3244 3033 3482 3086 amicum

1899 3125 2096 3192 habeo,
2123 3127 2214 3196 qui
2243 3127 2326 3180 vel
2367 3127 2483 3196 ipse
2518 3125 2648 3179 mihi
2697 3125 3078 3194 obtemperat;
3119 3138 3356 3195 cumque
3399 3141 3488 3182 me

1902 3219 2194 3288 conspicit,
2231 3224 2402 3274 instar
2437 3235 2585 3274 aura:
2615 3219 2870 3274 vertitur.
2908 3217 3048 3273 Tum
3083 3233 3250 3274 senex
3291 3219 3485 3286 :Quo-

1902 3313 2063 3365 modo
2091 3321 2319 3366 vocatur
2344 3313 2513 3366 frater
2557 3313 2687 3368 ille?
2733 3312 2970 3366 Satanas
3015 3309 3083 3365 ad
3111 3311 3218 3366 hoc
3251 3328 3264 3365 :
3300 3311 3485 3369 Theo-

1901 3411 2177 3473 pemptus.
2215 3405 2336 3470 Quo
2387 3405 2558 3470 dicto,
2592 3405 2870 3460 discessit.
2909 3405 3099 3474 Itaque
3127 3421 3360 3476 surgens
3389 3407 3487 3462 ab-

1899 3493 1998 3549 bas
2063 3494 2378 3562 Macarius,
2428 3500 2666 3568 perrexit
2727 3497 2794 3552 ad
2852 3497 3170 3553 inferiorem
3217 3515 3484 3555 eremum.

1900 3587 2086 3658 anue
2120 3605 2178 3643 re
2217 3599 2498 3662 comperta
2543 3591 2762 3656 fratres,
2817 3598 3098 3646 sumentes
3132 3607 3316 3648 ramos
3357 3593 3477 3663 pal-

1900 3695 2136 3744 marum,
2169 3681 2220 3737 ei
2249 3684 2466 3738 obviam
2509 3685 2852 3753 prodierunt.
2889 3685 3156 3738 Caeterum
3191 3688 3488 3757 unusquis-

1900 3790 2006 3844 que
2030 3791 2221 3831 eorum
2253 3779 2596 3848 praeparabat
2619 3795 2708 3842 se,
2735 3786 2938 3850 putans
2963 3775 3108 3848 quod
3133 3777 3278 3850 apud
3307 3780 3485 3850 ipsum

1906 4069 2003 4123 lissi
2035 4067 2241 4120 itineris
2273 4067 2385 4137 vias
2419 4068 2618 4136 gaudia
2670 4070 2877 4132 maiora
2907 4073 3191 4137 reperiens,
3221 4074 3276 4128 in
3302 4091 3488 4130 occur-

1905 4155 2022 4192 sum
2051 4154 2203 4191 suum
2227 4135 2434 4204 ponulis
2468 4139 2693 4204 undique
2726 4135 3080 4202 tendentibus,
3111 4135 3228 4197 curn
3255 4145 3485 4204 lucernis

1906 4219 1955 4264 et
1979 4207 2328 4281 lampadibus
2352 4211 2684 4281 et_arborum
2713 4212 3014 4281 frondibus.
3054 4215 3300 4270 Tertium
3350 4233 3486 4272 con-

1909 4283 2112 4334 tinetur
2138 4280 2192 4332 in
2216 4279 2366 4333 notis
2393 4277 2580 4334 Jacobi
2622 4277 2898 4338 Sirinondi
2930 4285 2996 4337 ad
3037 4293 3242 4340 tomum
3266 4289 3485 4344 tertium

1911 4349 2269 4405 Conciliorum
2305 4347 2519 4412 Galliae,
2549 4368 2612 4405 ex
2659 4352 2988 4408 Narratione
3025 4357 3348 4412 clericorum
3381 4357 3487 4414 Ile-

1913 4422 2204 4498 mensiutn,
2231 4419 2298 4498 de
2326 4419 2511 4498 ἱερου-υ
2537 4421 2833 4498 :_Receptus
2874 4436 2969 4498 est_
2987 4427 3052 4478 ab
3081 4428 3334 4494 episcopis
3367 4429 3485 4498 suf-

1910 4491 2180 4566 [raganeis
2201 4493 2333 4551 suis,
2361 4490 2602 4544 Rat/mdo
2631 4495 2891 4566 episcopo,
2931 4490 3172 4550 Simeone
3217 4490 3482 4566 episcopo,

203 4549 534 4626 E‘xr'llvulini
593 4549 1043 4637 interpretatione
1097 4549 1374 4637 contratji,
1393 4549 1508 4637 iet.
1550 4549 1804 4637 a'grestes,
1837 4549 1884 4607 Ι)
1909 4549 2056 4630 Lupo
2079 4549 2341 4637 episcopo,
2370 4578 2479 4637 una
2506 4579 2626 4637 cum
2653 4549 2838 4632 legatis
2869 4549 3102 4619 omnium
3126 4549 3488 4637 alioi'uni

201 4655 376 4711 atque
411 4638 658 4695 omnibus
701 4631 932 4711 ainplius
991 4635 1250 4711 asperior.
1293 4633 1366 4686 Ex
1393 4631 1646 4711 illa_vero
1699 4631 1804 4711 Ea-

203 4703 444 4774 schasii,
478 4708 762 4770 contrarii,
781 4715 1038 4776 agrestes,
1070 4705 1309 4776 omnibus
1331 4705 1588 4776 asperior.
1615 4705 1685 4756 At
1703 4703 1807 4776 Pe-

205 4787 392 4854 lagius
432 4773 666 4854 legebat
711 4773 856 4854 ἅγιοι
884 4816 898 4838 ,
929 4789 1030 4854 ac__
1047 4775 1367 4854 ἁγιώτερος.
1425 4773 1586 4854 Nam“
1606 4775 1801 4854 vertit:

201 4843 404 4910 05mg.
437 4843 769 4916 εαῑιειὶβταιῖ
789 4857 932 4900 sunt.
989 4843 1108 4898 Toti
1137 4843 1312 4899 sancti
1362 4853 1506 4899 sunt.
1544 4843 1802 4900 Omnibus

203 4927 451 4980 sanctior
481 4931 559 4974 est
587 4921 786 4987 factus.
819 4916 1180 4987 Minusbene.

277 4999 398 5066 (84)
422 4985 617 5066 Auﬁda
629 5006 729 5054 τες
746 4987 896 5066 βαΐα
919 4985 1186 5055 ἐξῆλθον
1207 4987 1292 5051 εἰς
1323 4985 1674 5066 dada-matr
1696 4986 1804 5066 ai)-

205 5056 332 5120 τοῦ.
367 5056 451 5118 Ad
507 5061 895 5115 illustrandum
933 5072 1140 5111 morem
1175 5057 1532 5126 praeclarum,
1587 5056 1801 5110 obviam

203 5137 374 5192 eundi
413 5133 606 5198 alicui,
649 5130 878 5184 honoris
924 5143 1117 5190 causa,
1176 5126 1440 5198 gestando
1469 5141 1652 5182 ramos
1681 5126 1802 5196 pal-

207 5225 428 5262 marum
462 5213 562 5257 aut
592 5195 836 5254 aliarum
875 5195 1200 5262 arborumf
1223 5197 1330 5250 tria
1381 5195 1696 5266 deprompsi
1735 5212 1802 5252 ex

207 5275 552 5334 adversariis
573 5272 713 5326 meis
745 5269 979 5339 insignia
1012 5267 1346 5322 testimonia.
1387 5265 1802 5339 Primnuipeti-

209 5360 294 5402 tur
331 5365 402 5404 ex
443 5343 738 5398 ltinerario
769 5337 1257 5409 Hierosolymitano
1287 5337 1698 5409 Antoninizlbi
1719 5354 1804 5392 ve-

206 5429 403 5474 nerunt
451 5414 702 5468 mulieres
731 5415 786 5465 in
843 5408 1121 5464 occursum
1153 5408 1302 5462 nobis
1332 5424 1447 5462 cunt
1483 5408 1800 5476 infamibus,

203 5493 418 5554 palmas
445 5489 502 5540 in
533 5483 780 5539 manibus
809 5492 1056 5554 tenentes,
1079 5490 1128 5533 et
1151 5479 1416 5554 ampullas
1445 5495 1563 5532 cum
1587 5495 1802 5532 rosaceo

207 5549 320 5614 oleo
344 5578 363 5614 :
397 5570 448 5612 et
477 5563 768 5626 prostrata:
797 5551 1016 5626 pedibus
1070 5551 1286 5626 nostris,
1319 5549 1534 5626 plantas
1586 5561 1802 5626 nostras

207 5619 500 5701 angebant,
536 5619 927 5701 concutiuntque
958 5619 1489 5701 linguan/Egyptiaca
1515 5619 1802 5701 psallentes

207 5691 574 5769 An'tiphonam
593 5713 611 5750 :
632 5691 904 5769 Benedicti
944 5691 1046 5769 vos
1066 5709 1098 5745 a
1129 5691 1394 5769 Domino:
1407 5691 1803 5769 benedictung

207 5759 466 5826 adcentus
501 5780 702 5832 vester,
743 5765 962 5820 Osanna
989 5765 1044 5816 in
1080 5761 1320 5832 excelsis.
1362 5759 1672 5816 Secundum
1707 5759 1804 5815 ha-

209 5843 366 5898 betur
395 5845 450 5896 in
497 5841 614 5893 l'ita
645 5831 705 5892 S.
741 5833 1031 5906 Fulgentii,
1057 5849 1178 5904 cap.
1205 5831 1276 5888 29
1311 5832 1446 5889 :Per
1475 5849 1651 5888 omnes
1677 5848 1801 5900 pro-

1908 4649 2186 4705 scaporum
2219 4631 2492 4705 Bernensis
2515 4631 2814 4698 diwceseos,
2855 4637 2946 4705 qui
2989 4638 3148 4689 variis
3177 4640 3373 4691 detenti
3400 4631 3486 4692 in-

1907 4701 2254 4772 ﬁrmitatibus
2287 4701 2415 4754 illuc
2470 4705 2737 4770 corporali
2765 4701 3047 4772 prafsentia
3079 4723 3354 4760 occurrere
3381 4726 3486 4763 non

1908 4775 2158 4832 ualentes,
2199 4789 2362 4847 suant
2391 4782 2563 4826 tamen
2610 4790 2700 4847 per
2742 4775 3126 4847 ecclesiasticus
3170 4777 3389 4847 legatos,
3433 4791 3486 4834 et

1906 4843 2273 4915 excusatorias
2324 4842 2564 4907 litteras,
2607 4845 2690 4896 illi
2733 4844 3078 4898 eahibuerunt
3117 4842 3483 4915 praisentt'am.

1909 4913 2135 4988 Insuper
2166 4913 2327 4966 etiam
2356 4930 2393 4988 a_
2412 4915 2756 4988 canoniciset
2786 4916 3076 4988 monac/tis,
3118 4913 3279 4988 atque
3307 4937 3486 4976 corre-

1906 4981 2204 5060 gionalibus
2252 4981 2570 5060 presbyteris
2602 4985 2760 5037 totius
2791 4987 3050 5060 dilecesis,
3095 4981 3249 5056 atque
3270 4991 3486 5060 inﬁnita

1908 5053 2247 5108 multitudine
2276 5055 2550 5122 utriusque
2575 5070 2752 5109 sexus.
2789 5057 2894 5122 Qui
2931 5073 3106 5112 omnes
3147 5053 3266 5113 cum
3316 5053 3484 5117 ramis

1905 5126 2208 5199 palmarum
2237 5136 2286 5179 et
2314 5123 2478 5177 cereis
2511 5125 2837 5199 ardentibus,
2887 5126 3170 5199 laudesque
3218 5131 3326 5186 Deo
3359 5137 3487 5187 inti-

1906 5194 2006 5268 mis
2038 5195 2284 5268 cordibus
2323 5194 2794 5268 et_excelsissintis
2832 5197 3041 5252 vocibus
3067 5194 3483 5268 proclamantes,

1907 5267 2058 5336 longe
2078 5266 2126 5320 ei
2147 5265 2212 5320 ab
2225 5264 2446 5336 ecclesia
2470 5265 2828 5332 obviarerunt,
2848 5279 2896 5322 et
2921 5264 3080 5334 usque
3108 5271 3175 5323 ad
3207 5264 3486 5328 ecclesiam

1905 5335 2256 5390 indesinenter
2274 5335 2558 5406 psallentes
2576 5353 2698 5405 eum.
2718 5339 3096 5406 perduxerunt.
3125 5341 3482 5400 Notissimum

1905 5415 1989 5462 est
2017 5407 2223 5462 Christi
2269 5405 2486 5478 Domini
2541 5405 2888 5478 exetnplntn:
2927 5408 3084 5466 .Ioan.
3125 5428 3224 5474 xlt,
3253 5414 3340 5468 I3.
3377 5415 3484 5471 Sed

1903 5487 1958 5534 et
1987 5479 2056 5533 ad
2096 5477 2386 5550 exsequias
2422 5493 2552 5550 cum
2591 5477 2787 5548 palmis
2819 5481 3142 5550 prodibant,
3185 5492 3246 5536 ut
3298 5485 3485 5541 videre

1905 5560 1986 5604 est
2007 5549 2150 5619 apud
2180 5549 2529 5619 Ammonium
2562 5549 2889 5604 monachum
2917 5551 2993 5605 De
3023 5553 3271 5608 l’atribus
3301 5554 3484 5610 Sinai-

1907 5622 1972 5673 tis
2001 5618 2464 5688 et’Raitltensibus,
2493 5633 2545 5688 p.
2567 5619 2848 5688 106,128,
2889 5621 3014 5688 l29;
3061 5631 3113 5677 et
3143 5624 3195 5678 in
3239 5625 3483 5681 Historia

1904 5689 2193 5756 Lausiaca,
2227 5705 2350 5759 cap.
2393 5687 2689 5745 59.7Mitto
2740 5695 2942 5748 inultas
2982 5693 3118 5748 alias
3166 5697 3482 5753 consimiles

1905 5761 2351 5817 consuetudines.

1977 5833 2090 5905 (85)
2127 5831 2232 5888 Vit.
2267 5830 2422 5888 Patr.
2462 5845 2618 5900 xvm,
2653 5831 2722 5900 9;
2756 5830 2983 5890 Doroth.
3016 5833 3200 5890 Doctr.
3236 5835 3292 5896 5.
