3874 6300
395 351 500 409 265

1551 350 1897 408 APPENDIX
1937 353 2026 408 Al)
2067 352 2288 408 PALLA
2302 353 2491 410 DIUM.

3559 357 3676 411 εισι

395 470 777 525 diversatnrus
802 475 948 525 esset
972 483 1160 524 senex.
1195 466 1263 521 At
1291 466 1380 522 ille
1411 469 1975 538 requisivitquisoam

2108 468 2191 522 κίον
2228 469 2416 523 αὐτοῦ.
2463 467 2521 521 '0
2549 468 2605 522 δὲ
2635 467 2989 539 Θεόπεμπτος
3021 469 3316 534 ὑπεδέξατο
3345 470 3504 524 αὑτὸν
3547 473 3673 542 χαί-

397 572 546 619 esset
578 563 632 617 in
659 569 844 617 monte
865 561 957 631 qui
989 559 1396 630 'I‘heopemptus
1424 560 1824 630 appellaretur.
1857 559 1976 626 Quo

398 655 646 718 invento,
685 653 907 708 intravit
938 651 990 706 in
1021 650 1214 706 cellam
1271 650 1413 720 ejus.
1446 649 1856 723 'I‘heOpemptus
1882 669 1980 706 au-

401 757 508 803 tem
536 749 775 818 suscepit
798 747 948 800 illum
974 745 1150 798 lzetus.
1181 743 1358 812 thue
1388 744 1554 814 cmpit
1577 746 1754 798 solum
1790 760 1977 799 secum

400 835 599 896 habere
648 854 846 900 senex,
886 836 1190 904 Quomodo,
1243 837 1441 908 inquit,
1497 853 1555 893 se
1608 854 1696 892 res
1737 846 1844 892 tute
1884 839 1981 891 ha-

398 935 550 996 bent,
587 931 793 985 frater?
827 929 877 985 Is
917 929 1053 984 dicit
1085 948 1098 984 :
1143 927 1334 994 Ilecte,
1374 945 1472 1000 per
1507 945 1699 1000 preces
1733 937 1880 986 tuas.
1915 929 1980 982 Et

399 1041 567 1081 senex
604 1043 616 1078 :
656 1022 795 1078 Num
834 1025 1159 1094 impugnant
1195 1031 1249 1077 te
1274 1023 1681 1094 cogitationes?
1715 1024 1806 1077 ille
1841 1041 1853 1077 :
1891 1023 1980 1077 In-

400 1116 556 1171 terim
604 1115 736 1169 mihi
778 1115 916 1168 bene
957 1121 1060 1169 est.
1105 1111 1352 1168 Pudebat
1384 1115 1532 1168 enim
1572 1130 1694 1168 eum
1741 1113 1978 1170 edicere.

399 1209 490 1262 Ait
523 1207 600 1262 iiIi
637 1223 802 1261 senex
843 1223 854 1257 :
896 1205 1034 1258 Ecce
1060 1222 1089 1258 a
1130 1206 1446 1274 quotannis
1489 1205 1655 1258 vitam
1688 1207 1983 1260 asceticam

401 1299 565 1360 duco,
599 1307 652 1354 et
696 1300 903 1353 honore
943 1298 1150 1352 alhcior
1186 1297 1253 1350 ab
1287 1297 1584 1362 omnibus;
1619 1305 1860 1352 attamen
1899 1314 1984 1353 me

403 1407 587 1446 senem
619 1391 848 1459 spiritus
886 1387 1269 1442 fornicationis
1299 1388 1543 1443 divexat.
1577 1387 1985 1459 TheOpemptus

402 1483 655 1552 excepit:
691 1482 885 1543 Crede,
927 1481 1096 1543 abba,
1139 1497 1226 1535 me
1266 1480 1452 1535 etiam.
1498 1479 1675 1534 Senex
1727 1497 1856 1536 vero
1907 1483 1985 1537 si-

401 1576 646 1628 mttlabat
670 1576 736 1629 ab
763 1575 886 1628 aliis
907 1576 1071 1627 etiam
1106 1573 1535 1642 cogitationibus
1569 1573 1875 1645 impugnari
1905 1590 1985 1638 se,

403 1668 578 1721 donec
645 1683 769 1720 eum
831 1666 896 1719 ad
951 1666 1354 1719 confessionem
1409 1664 1724 1719 adduceret.
1789 1665 1988 1721 Postea

405 1761 535 1813 dicit
563 1761 609 1814 ei
645 1777 658 1811 τ
695 1757 984 1824 Quomodo
1028 1758 1280 1827 jejunas?
1313 1756 1610 1825 Πυενοιιιιὶι
1639 1777 1650 1812 :
1678 1758 1756 1812 Ad
1799 1759 1988 1812 horam

406 1865 628 1904 nouam.
673 1847 812 1901 Tum
856 1865 1025 1902 senex
1067 1864 1079 1898 :
1127 1847 1324 1917 .chuna
1359 1863 1534 1917 usque
1575 1848 1641 1899 ad
1667 1864 1995 1917 vesperam,-

405 1958 601 1996 exerce
645 1951 729 2016 te;
768 1940 1030 1995 nieditare
1077 1955 1141 1995 ac
1180 1940 1348 1994 recita
1385 1940 1704 1994 memoriter
1729 1956 1796 1995 ex
1824 1942 1997 1995 Evan-

405 2032 548 2104 gelio
581 2032 816 2102 aliisque
858 2030 1198 2102 Scripturis;
1238 2047 1473 2102 cumque
1511 2041 1562 2086 te
1594 2031 1824 2087 subierit
1844 2034 1993 2104 cogi-

406 2125 566 2187 tatio,
607 2140 887 2194 nunquam
917 2125 1175 2178 deorsum
1209 2131 1446 2192 spectes,
1475 2122 1570 2178 sed
1605 2140 1825 2180 sursum
1857 2141 1994 2180 sem-

408 2229 544 2284 per;
597 2217 890 2285 statimque
937 2215 1035 2270 tibi
1091 2212 1356 2268 Dominus
1403 2213 1666 2282 praebebit
1705 2215 1990 2269 auxilium.

408 2310 474 2363 Et
502 2317 787 2379 postquam
823 2307 1046 2362 fratrem
1084 2305 1444 2362 informasset
1499 2323 1702 2368 senex,
1744 2324 1997 2366 reversus

407 2411 495 2457 est
542 2401 608 2456 ad
664 2399 1020 2456 solitudinem
1066 2415 1246 2454 suam.
1289 2397 1392 2454 Ubi
1432 2400 1756 2463 observans,
1797 2402 1992 2456 iterum

406 2497 556 2552 videt
581 2495 881 2550 daemonem
917 2494 1092 2556 illum,
1121 2494 1306 2563 aitque
1340 2494 1389 2547 ei
1425 2509 1436 2544 :
1478 2491 1598 2559 Quo
1640 2494 1838 2548 iterum
1866 2510 1991 2565 per-

411 2589 533 2661 gis?
578 2586 826 2652 Fratres,
881 2587 1080 2656 inquit,
1129 2586 1470 2656 instigatum.
1517 2589 1694 2655 Atque
1729 2587 1881 2641 abiit.
1925 2587 1999 2644 Ut

410 2695 545 2737 vero
569 2695 767 2735 rursus
816 2679 1062 2740 transiit,
1111 2678 1431 2732 sciscitatus
1483 2686 1565 2732 est
1607 2677 1758 2732 illum
1809 2695 1996 2743 senex,

411 2772 688 2844 quomodo
727 2771 994 2824 haberent
1048 2769 1269 2824 fratres.
1321 2767 1622 2838 Respondit
1661 2787 1674 2822 :
1724 2769 1886 2824 lllale.
1933 2770 1998 2824 Et

413 2881 579 2922 senex
619 2863 807 2919 :Cur?
841 2862 1059 2916 Daemon
1090 2877 1104 2914 :
1133 2860 1330 2916 Cuncti
1363 2859 1577 2915 feroces
1613 2870 1779 2929 sunt;
1820 2864 1998 2932 quod-

412 2974 519 3030 que
548 2957 704 3028 pejus
737 2965 842 3020 est,
888 2955 976 3010 ille
1018 2970 1182 3024 quem
1224 2954 1492 3008 habebam
1529 2955 1788 3022 amicum,
1817 2965 1870 3009 et
1895 2955 1995 3010 ob-

414 3063 729 3122 sequentem
760 3049 916 3109 mihi,
950 3051 1066 3118 ipse
1089 3047 1274 3111 etiatn,
1309 3047 1454 3100 unde
1484 3048 1691 3102 nescio.
1738 3048 1998 3103 inversus

412 3155 517 3208 est,
569 3156 669 3196 nec
720 3139 957 3210 amplitts
995 3154 1022 3192 a
1068 3153 1152 3191 me
1204 3137 1588 3207 persuadetur,
1647 3137 1742 3192 sed
1807 3141 2024 3194 eunetis
2085 3140 2322 3194 ferociOr
2369 3143 2547 3197 evasit

2088 579 2215 632 ρων.
2259 561 2348 624 Ὠς
2393 560 2451 613 δὲ
2488 559 2692 632 ἤρξατο
2746 559 2965 622 ἱδιάζειν
3015 561 3208 623 αὐτὸν,
3239 563 3267 613 6
3296 561 3472 631 ⁸ίέἔρων
3499 561 3671 630 λέγει·

2085 653 2208 714 Πῶς
2229 652 2298 705 τὰ
2329 653 2470 704 κατὰ
2511 651 2591 716 σὲ,
2631 652 2862 720 ἀδελφέ;
2911 652 2968 705 '0
3001 652 3057 705 δὲ
3101 648 3276 704 εἶπεν·
3302 654 3501 722 Εὑχαῖς
3551 671 3674 717 σου,

2086 741 2284 806 καλῶς.
2307 739 2441 795 Εἷπε
2470 741 2525 794 δὲ
2546 743 2575 794 6
2599 743 2795 812 γέρων·
2815 743 2905 813 Μὴ
2932 742 3227 812 πολεμοῦσί
3247 760 3303 795 σε
3317 745 3365 796 οί
3389 743 3673 815 λογισμοί;

2101 837 2158 888 '0
2191 835 2248 888 δὲ
2292 831 2430 888 εἶπε·
2458 834 2608 898 Τέως
2634 835 2813 898 καλῶς
2843 837 2976 903 εἰμι’
3009 835 3186 906 ῂδεῖτο
3218 836 3324 907 γὰρ
3354 837 3546 890 εἰπεῖν.
3573 836 3678 889 A6-

2089 947 2175 997 γει
2209 929 2358 999 αὐτῷ
2391 929 2419 981 6
2443 929 2641 1001 γέρων⁹
2701 929 2828 982 Ἰδοὺ
2859 931 3000 983 πόσα
3043 929 3136 1000 ἐτη
3170 931 3342 994 ἀσκῶ,
3384 931 3477 984 καὶ
3502 931 3678 1001 τιμῶ·

2094 1040 2188 1093 μαι
2217 1023 2366 1094 παρὰ
2389 1021 2630 1082 πάντων,
2663 1024 2755 1076 καὶ
2779 1023 2900 1092 ἐμοὶ
2929 1022 3005 1092 τῷ
3027 1023 3242 1094 γέροντι
3266 1024 3410 1094 ὀχλεῖ
3430 1029 3490 1078 τὸ
3522 1023 3680 1076 πνεῦο

2095 1134 2170 1188 μα
2201 1117 2303 1186 τῆς
2328 1117 2601 1186 πορνείας.
2621 1117 2917 1188 Ἀπεκρίθη
2944 1117 3116 1187 λέγων
3137 1120 3229 1172 καὶ
3249 1119 3276 1168 6
3296 1119 3676 1190 Θεόπεμπτος·

2093 1210 2342 1272 Πίστευε,
2385 1209 2546 1272 ἀδεᾶ,
2574 1209 2665 1261 καὶ
2707 1208 2847 1280 ἐμοί.
2896 1211 2952 1261 ’0
2975 1209 3031 1262 δὲ
3077 1213 3254 1282 γέρων
3282 1210 3680 1282 προεφασίζετο

2095 1302 2190 1354 καὶ
2239 1302 2460 1370 ἐτέρους
2507 1302 2800 1371 λογισμοὺς
2832 1301 3086 1371 πολεμεῖν
3130 1302 3298 1372 αὐτῷ,
3325 1302 3430 1364 ’ἑως
3456 1303 3680 1370 ποιήσει

2094 1395 2256 1448 αὑτὸν
2294 1395 2638 1465 ὁμολογῆσαι.
2680 1390 2809 1448 Εἶτα
2841 1395 2988 1463 λέγει
3018 1395 3183 1465 αύτῷ·
3220 1395 3343 1456 Πῶς
3365 1394 3678 1464 νηστεύειςς

2106 1487 2164 1542 '0
2205 1487 2259 1540 δὲ
2286 1487 2434 1555 λέγει
2460 1487 2627 1558 αὐτῷ·
2669 1488 2778 1558 Τὴν
2803 1487 3017 1557 ἐνάτην.
3043 1487 3204 1554 Λέγει
3232 1484 3379 1556 αύτῷ
3419 1488 3445 1538 6
3473 1485 3677 1554 γέρωνθ

2094 1579 2339 1649 Νήστευε
2362 1578 2464 1639 ἕως
2491 1576 2609 1646 ὀψὲ,
2629 1577 2720 1630 καὶ
2750 1577 2925 1630 ἄσκειο
2960 1577 3053 1629 καὶ
3085 1575 3413 1644 ἁποστήθιζε
3445 1575 3539 1628 τοῦ
3573 1577 3681 1627 Eg-

2095 1668 2352 1738 αγγελίου
2384 1669 2476 1722 καὶ
2512 1669 2619 1721 τῶν
2650 1669 2823 1722 ἄλλων
2859 1665 3108 1740 Γραιςῶν·
3136 1669 3230 1721 καὶ
3263 1668 3357 1721 ἐὰν
3392 1686 3471 1720 σοι
3500 1670 3677 1738 ἀναϐῇ

2096 1762 2374 1832 λογισμὸς,
2395 1763 2662 1832 μηδέποτε
2689 1763 2932 1833 πρόσχῃς
2954 1763 3121 1820 κάτω,
3141 1761 3273 1816 ἀλλὰ
3293 1762 3520 1814 πάντοτε
3543 1761 3679 1814 ἄνω

2100 1855 2193 1908 καὶ
2217 1853 2418 1916 εὐθέως
2458 1871 2540 1906 σοι
2565 1856 2592 1906 6
2628 1853 2826 1919 Κύριος
2862 1852 3064 1924 βοηθεῖ.
3101 1853 3210 1906 Kal
3241 1852 3497 1916 τυπώσας
3532 1855 3558 1904 6
3589 1853 3686 1919 γέ-

2101 1965 2209 2019 ρων
2237 1945 2326 1999 τὸν
2375 1945 2600 2014 ἀδελφὸν
2635 1946 2855 2015 ἐξῆλθεν
2891 1949 2970 2008 είς
3009 1945 3105 2016 τὴν
3134 1945 3268 1998 ἰδίαν
3307 1945 3533 2014 ἔρημον.
3569 1941 3683 1995 Kal

2101 2039 2434 2110 παρατηρῶν
2477 2037 2639 2092 πάλιν
2681 2040 2779 2108 ὁρᾷ
2820 2040 3026 2090 ἐκεῖνον
3066 2037 3158 2089 τὸν
3187 2036 3440 2106 δαίμονα,
3474 2033 3683 2087 καὶλέ-

2100 2147 2186 2198 γει
2221 2129 2387 2200 αὐτῷ’
2413 2128 2522 2182 Ποῦ
2551 2129 2710 2182 πάλιν
2738 2129 2985 2201 ἀπέρχῃς
3029 2130 3086 2182 '0
3113 2128 3170 2180 δὲ
3197 2127 3365 2195 λέγει’
3405 2125 3682 2196 Ὑπομνῆ-

2103 2239 2194 2274 σαι
2218 2221 2344 2280 τοὺς
2375 2220 2655 2289 ἀδελφούς.
2690 2219 2798 2273 Kal
2825 2219 3085 2290 ἀπῆλθεν.
3123 2220 3209 2279 Ὠς
3246 2219 3302 2272 δὲ
3332 2217 3494 2270 πάλιν
3518 2218 3712 2270 ἐπανο-

2102 2317 2257 2387 ἧλοε,
2293 2317 2440 2386 λέγει
2474 2317 2622 2387 αύτῷ
2652 2319 2679 2370 6
2701 2317 2876 2384 ἅγιος·
2907 2316 3031 2379 Πῶς
3060 2316 3108 2367 οἱ
3143 2311 3391 2380 ἁδελφοί;
3433 2311 3492 2363 '0
3519 2310 3575 2363 δὲ
3601 2309 3686 2362 λέ-

2101 2427 2207 2479 γει³
2239 2411 2458 2474 Κακῶς.
2495 2410 2557 2464 '0
2601 2410 2658 2463 δὲ
2696 2410 2872 2481 γέρων
2914 2408 3079 2477 λέγει’
3113 2405 3261 2460 Διατί
3282 2423 3295 2469 ;
3341 2406 3397 2458 '0
3421 2405 3478 2457 δὲ
3507 2399 3680 2456 εἶπεν·

2107 2503 2321 2575 Ἀγριοί
2352 2505 2488 2555 εἰσιν
2513 2503 2644 2556 ὄλοιο
2667 2504 2762 2556 καὶ
2788 2503 2848 2555 τὸ
2874 2502 3057 2572 μεῖζον
3083 2501 3272 2562 κακὸν,
3301 2501 3380 2552 ὅτι
3405 2498 3498 2550 καὶ
3524 2497 3582 2548 ὃν
3618 2492 3686 2548 εἷο

2103 2612 2195 2664 χον
2236 2595 2387 2664 φίλον
2413 2594 2759 2647 ὑπακούοντα
2787 2611 2898 2664 μοι,
2948 2595 3042 2646 καὶ
3067 2591 3228 2654 αὐτὸς
3258 2592 3356 2643 οὐκ
3377 2585 3491 2642 οἶδα
3521 2588 3685 2640 πόθεν

2101 2684 2424 2755 διεστράφη,
2457 2685 2550 2738 καὶ
2584 2685 2703 2738 οὐδὲ
2745 2685 2906 2748 αὑτός
2960 2701 3047 2752 μοι
3079 2682 3342 2748 πείθεται,
3379 2681 3517 2734 ἀλλὰ
3552 2681 3687 2732 πάν-

2104 2794 2208 2829 των
2238 2776 2574 2848 ἀγριώτερος
2619 2777 2854 2844 ἐγένετοο
2894 2776 2987 2830 καὶ
3010 2775 3199 2845 ῶμοσα
3247 2773 3442 2845 μηκέτι
3470 2773 3540 2826 τὰ
3570 2773 3689 2824 ἐκεῖ

2104 2869 2368 2939 πατῆσαι,
2398 2871 2446 2922 εί
2478 2869 2551 2940 μὴ
2586 2868 2724 2938 μετά
2751 2874 2960 2939 χρόνον.
2994 2868 3102 2921 Kal
3129 2866 3300 2930 οὕτως
3328 2866 3498 2919 εἰπὼν
3513 2864 3689 2933 ἀπῆλ-

2103 2960 2216 3025 Θεν,
2251 2961 2418 3024 ἐάσας
2449 2962 2540 3014 τὸν
2574 2962 2822 3032 γέροντα.
2852 2960 2962 3014 Kal
2997 2963 3025 3013 6
3057 2960 3211 3028 ἅγιος
3250 2957 3495 3028 εἰσῆλθεν
3524 2959 3604 3020 εἰς
3629 2956 3689 3008 τὸ

2101 3050 2311 3103 κελλίον
2335 3049 2520 3104 αὐτοῦ.

2597 3160 2611 3197 :
2654 3139 2796 3194 unde
2837 3139 3018 3208 juravi
3052 3154 3137 3193 me
3177 3138 3412 3208 amplius
3457 3154 3522 3194 ea
3567 3141 3690 3194 loca

413 3247 524 3286 non
559 3231 920 3290 calcaturum,
957 3227 1060 3280 nisi
1095 3236 1218 3297 post
1253 3237 1486 3297 tempus.
1533 3226 1654 3293 Quo
1683 3231 2047 3298 pronuntiato
2108 3232 2383 3299 discessit,
2425 3248 2609 3289 senem
2645 3234 2980 3303 relinquens.
3039 3230 3194 3286 Tune
3247 3241 3473 3286 sanctus
3519 3233 3690 3286 intra-

417 3327 492 3379 vit
527 3325 583 3379 in
615 3323 808 3378 cellam
838 3337 1016 3376 suam.

485 3418 540 3471 4.
583 3416 698 3485 (86)
741 3413 900 3469 Venit
943 3415 1118 3468 abbas
1162 3411 1435 3468 Macarius
1469 3429 1702 3486 magnus
1727 3415 1792 3469 ad
1835 3416 2002 3470 abha-
2029 3425 2072 3481 (ζ

414 3520 523 3564 tem
553 3508 850 3563 Antonium
896 3507 949 3560 in
989 3516 1268 3573 montem;
1311 3523 1547 3576 cumqtte
1593 3507 1867 3574 pulsasset
1910 3525 2001 3562 os-

414 3604 576 3670 tium,
613 3615 870 3672 egressus
901 3609 1011 3661 est,
1047 3599 1312 3668 petiitque
1347 3617 1359 3652 :
1390 3596 1471 3651 Tu
1501 3601 1625 3668 quis
1651 3598 1748 3652 es?
1779 3597 1873 3652 Ille
1903 3613 2000 3652 au-

415 3706 546 3759 tem,
580 3695 712 3766 Ego,
757 3693 952 3764 inquit,
996 3708 1118 3748 sum
1157 3691 1454 3746 Macarius.
1493 3689 1558 3743 Et
1605 3690 1750 3744 ostio
1784 3691 1998 3755 clauso,

415 3792 658 3858 intravit,
711 3788 1033 3858 relinquens
1082 3801 1228 3840 eum.
1274 3783 1382 3838 Sed
1435 3790 1729 3852 postquam
1778 3783 2002 3852 agnovit

416 3885 737 3957 patientiam
779 3882 932 3950 ejus,
984 3879 1224 3950 aperuit.
1270 3877 1452 3947 Atque
1495 3892 1620 3931 cutn
1674 3891 1741 3931 eo
1793 3876 2002 3931 urbane

415 3993 606 4049 agens,
639 3975 778 4029 dixit
807 3989 819 4023 :
852 3974 899 4026 Α
929 3973 1102 4026 multo
1136 3981 1381 4040 tempore
1409 3969 1594 4023 videre
1626 3977 1680 4024 te
1721 3968 2003 4024 desidera-

416 4069 566 4130 bam,
598 4066 785 4120 audita
811 4063 890 4116 tui
916 4063 1080 4116 fama.
1108 4061 1174 4115 Et
1197 4059 1542 4129 hospitaliter
1567 4066 1886 4130 susceptum
1917 4073 2004 4112 re-

417 4163 582 4226 I'ccit;
635 4165 754 4213 erat
796 4157 942 4210 enim
984 4171 1015 4209 e
1063 4155 1236 4208 multo
1285 4153 1475 4207 labore
1517 4151 1720 4209 fessus.
1762 4151 2003 4222 Vespere

417 4264 600 4310 autem
633 4253 798 4312 facto,
837 4249 1009 4304 abbas
1039 4246 1313 4300 Antonius
1343 4246 1448 4300 sibi
1481 4243 1775 4300 madefecit
1817 4257 2003 4299 ramos

418 4349 748 4419 palmarum.
781 4343 870 4394 Ait
900 4340 948 4395 ei
978 4339 1146 4393 abbas
1178 4335 1453 4390 Macarius
1490 4355 1502 4389 :
1546 4333 1685 4390 Iube
1715 4341 1776 4389 ut
1809 4342 1864 4389 et
1901 4348 2004 4406 ego

419 4439 553 4496 mihi
585 4438 908 4508 intinguam.
933 4433 1058 4487 Ille:
1090 4429 1362 4500 Itttingue,
1391 4429 1586 4498 inquit.
1635 4426 2005 4496 Confectoque

419 4549 619 4607 magno
658 4530 951 4594 fasciculo,
974 4527 1217 4582 intinxit.
1240 4525 1408 4594 Igitur
1432 4523 1688 4579 sedentes
1705 4538 1734 4575 a
1752 4536 2001 4590 vespera,

419 4626 676 4684 collocuti
703 4624 770 4680 de
801 4623 1110 4677 animarum
1137 4618 1395 4681 utilitate,
1434 4616 1746 4686 plectebant
1779 4634 1791 4669 :
1827 4615 2002 4685 plccta

421 4729 600 4776 autem
653 4733 746 4788 per
791 4716 1089 4770 fenestram
1140 4707 1513 4766 descendebat
1559 4708 1614 4762 in
1663 4709 2001 4778 speluncam.

2175 3424 2238 3476 δ’.
2265 3422 2581 3492 Παρέϐαλεν
2599 3426 2627 3477 6
2655 3422 2829 3486 ἁϐϐᾶς
2858 3423 3146 3492 Μακάριος
3174 3423 3202 3474 6
3227 3420 3402 3491 μέγας
3436 3420 3514 3488 τῷ
3547 3420 3690 3491 ἁϐϐᾆ

2121 3520 2408 3590 Ἀντωνίῳ,
2444 3523 2523 3583 είς
2544 3521 2603 3575 τὸ
2631 3521 2776 3592 ὅρος⁹
2813 3520 2904 3572 καὶ
2929 3519 3260 3590 κρούσαντος
3277 3515 3440 3570 αὐτοῦ
3471 3517 3572 3580 τὴν
3601 3516 3693 3568 θύ-

2111 3630 2229 3683 ραν,
2261 3611 2454 3682 ἐξῆλθε
2496 3614 2632 3683 πρὸς
2655 3613 2836 3676 αὑτὸν,
2871 3613 2965 3666 καὶ
3000 3608 3152 3665 εἶπεν
3181 3610 3346 3680 αὐτῷ·
3381 3610 3452 3662 Σὺ
3478 3610 3563 3673 τίς
3610 3605 3686 3675 εἷ;

2110 3708 2138 3759 6
2165 3705 2221 3759 δὲ
2249 3705 2375 3776 ἔφη’
2414 3706 2556 3776 Ἐγὼ
2573 3710 2687 3778 εἰμι
2704 3706 3133 3778 Μακάριος.Καὶ
3150 3704 3371 3765 κλείσας
3395 3702 3494 3774 τὴν
3518 3703 3690 3773 Θύραν

2108 3797 2326 3867 εἰσῆλθε
2361 3800 2454 3850 καὶ
2476 3799 2688 3869 ἀφῆκεν
2723 3798 2905 3852 αὐτόν.
2948 3797 3058 3849 Kal
3111 3793 3234 3850 ἰδὼν
3277 3796 3374 3866 τὴν
3409 3797 3692 3865 ὑπομονὴν

2108 3889 2296 3953 αὐτοῦ,
2326 3888 2535 3961 ἤνοιξεν
2563 3889 2731 3961 αὐτῷ,
2747 3891 2838 3942 καὶ
2867 3888 3337 3960 χαριεντιζόμενος
3362 3887 3478 3956 μετ’
3502 3886 3688 3948 αὑτοῦ,

2109 3976 2318 4045 ἐλεγενο
2384 3977 2518 4030 Ἀπὸ
2558 3977 2752 4031 πολλοῦ
2809 3978 3000 4050 χρόνου
3059 3976 3366 4047 ἐπεθύμουν
3425 3993 3484 4028 σε
3541 3976 3688 4038 ἰδεῖν,

2109 4070 2322 4125 ἀκούων
2345 4070 2411 4125 τὰ
2435 4072 2562 4141 περὶ
2593 4071 2707 4125 σοῦ.
2733 4072 2846 4124 Kal
2873 4069 3224 4140 φιλοξενήσας
3258 4069 3419 4123 αὐτὸν
3459 4067 3693 4120 ἀνέπαυ-

2112 4158 2308 4234 σεν·ἦν
2329 4163 2440 4234 γὰρ
2472 4164 2580 4216 ἀπὸ
2612 4165 2857 4234 καμάτου
2888 4162 3107 4217 πολλοῦ.
3153 4161 3337 4229 Ὀψίας
3370 4161 3427 4213 δὲ
3461 4160 3688 4230 γενομέ-

2110 4273 2228 4325 νης,
2264 4255 2483 4327 ἔϐρεξεν
2521 4253 2698 4324 ἐαυτῷ
2737 4256 2764 4308 6
2798 4253 2970 4316 ἁ66ἄς
2999 4253 3278 4314 Ἀντώνιος
3333 4251 3544 4304 Θαλλία.
3584 4251 3691 4304 Kal

2109 4349 2258 4417 λέγει
2306 4347 2452 4418 αὐτῷ
2495 4351 2522 4402 6
2558 4347 2728 4410 6666i;
2770 4348 3073 4416 Μακάριοςο
3107 4345 3374 4398 Κέλευσον
3419 4344 3504 4396 ἵνα
3535 4341 3692 4410 κάγὼ

2113 4439 2290 4509 βρέξω
2310 4439 2550 4510 ἐμαυτῷ.
2593 4441 2653 4492 ’0
2673 4438 2729 4491 δὲ
2758 4434 2898 4490 εἴπεο
2929 4437 3148 4507 Βρέξον.
3185 4435 3294 4489 Kal
3341 4437 3573 4505 ποιήσας
3605 4435 3690 4486 δε-

2113 4531 2248 4600 σμὸν
2290 4531 2480 4601 μέγαν,
2510 4528 2719 4601 ἔϐρεξε.
2750 4530 2859 4581 Kal
2891 4528 3186 4598 καθήμενοι
3207 4527 3314 4580 ἀπὸ
3338 4525 3693 4595 ὁψὲ,λαλοῦν-

2110 4640 2202 4686 τες
2227 4627 2355 4694 περὶ
2381 4622 2654 4693 σωτηρίας
2684 4620 2872 4692 ψυχῶν
2912 4620 3160 4673 ἔπλεκον·
3212 4618 3306 4672 καὶ
3334 4619 3366 4688 ὴ
3396 4616 3553 4689 σειρὰ
3607 4617 3692 4669 διὰ

2111 4717 2210 4786 τῆς
2240 4717 2452 4786 Θυρίδος
2486 4719 2564 4780 εἰς
2582 4716 2646 4769 τὸ
2677 4716 2938 4786 σπήλαιον
2960 4713 3266 4767 κατέϐαινε.
3302 4712 3409 4764 Kal
3437 4709 3692 4763 εἰσελθὼν

419 4811 487 4866 Ει
522 4826 681 4865 mane
719 4807 1040 4879 ingrediens
1080 4804 1276 4859 beatus
1317 4799 1610 4860 Antonius,
1641 4800 1776 4854 vidit
1819 4800 1996 4870 plectat

2112 4807 2258 4875 πρωϊ
2293 4811 2320 4861 6
2347 4809 2616 4877 μακάριος
2656 4805 2941 4868 Ἀντώνιος
2979 4801 3085 4858 εἶδε
3119 4804 3180 4856 τὸ
3215 4803 3418 4872 πλῆθος
3442 4802 3544 4870 τῆς
3582 4818 3693 4853 σει-

422 4905 636 4960 abbatis
677 4901 897 4956 Macarii
955 4898 1205 4969 copiam;
1245 4903 1298 4950 et
1340 4891 1459 4947 infit
1505 4910 1517 4945 :
1565 4890 1732 4947 Multa
1771 4892 1948 4948 virtus
1978 4907 2010 4946 e

422 4997 680 5053 manibus
709 4994 835 5049 istis
866 4991 1170 5064 egreditur.

493 5087 546 5141 5.
587 5087 702 5157 (87)
741 5085 923 5139 Abbas
976 5082 1249 5137 Macarius
1310 5079 1562 5152 praedixit
1622 5076 1889 5132 fratribus
1942 5077 2010 5132 de

423 5177 734 5233 vastatione
803 5173 1026 5230 Sceteos
1063 5173 1337 5239 :Quando
1389 5170 1766 5242 spectaveritis
1815 5171 2008 5227 cellam

427 5268 752 5327 mdiﬁcatam
796 5265 948 5336 juxta
990 5265 1265 5333 paludem,
1307 5263 1506 5320 scitote
1551 5261 1699 5332 quod
1737 5277 1906 5332 prope
1937 5263 2010 5318 sit

431 5363 654 5420 Sceteos
705 5359 975 5415 desolatio
1028 5373 1042 5411 :
1090 5358 1309 5428 quando
1351 5356 1598 5412 videritis
1647 5354 1893 5419 arbores,
1939 5354 2010 5409 ad

432 5457 580 5512 fores
604 5462 688 5510 est
717 5467 730 5506 :
759 5467 886 5506 cum
920 5458 1100 5505 autem
1133 5465 1336 5520 pueros
1362 5446 1793 5520 eouspexeritis,
1830 5447 2008 5504 tollite

428 5550 657 5604 melotes
683 5552 920 5607 vestras,
950 5550 1113 5612 atque
1142 5541 1428 5598 discedite.

491 5641 546 5696 6.
590 5640 700 5711 (88)
741 5638 889 5691 Dixit
934 5635 1158 5701 iterum,
1201 5635 1393 5692 volens
1437 5634 1640 5694 fratres
1683 5634 2004 5693 consolari:

496 5754 610 5823 (86)
649 5750 757 5823 νει.
791 5749 960 5823 ξων)
989 5763 1086 5813 vn,
1127 5747 1180 5802 9.

498 5817 611 5897 (87)
655 5821 760 5879 Vit.
796 5820 950 5876 Patr.
986 5833 1143 5882 xvm,
1177 5817 1230 5872 2.

2114 4900 2212 4969 ρᾶς
2235 4898 2327 4952 τοῦ
2349 4898 2492 4951 ἁϐϐἄ
2518 4897 2826 4969 Μακαρίου,
2856 4898 2949 4950 καὶ
2975 4896 3146 4964 ἔλεγε·
3174 4893 3348 4964 Πολλὴ
3377 4891 3608 4962 δύναμις
3633 4895 3694 4944 ὲκ

2109 4989 2218 5043 τῶν
2252 4990 2450 5060 χειρῶν
2476 4991 2684 5044 τούτων
2710 4990 3015 5061 ἐξέρχεται.

2183 5088 2247 5134 ε’.
2290 5081 2516 5150 Ἔλεγεν
2532 5082 2561 5132 6
2584 5081 2758 5144 ἁὸὂᾶς
2785 5081 3069 5151 Μακάριος
3094 5078 3342 5150 περὶτῆς
3358 5079 3458 5148 ὲρη
3469 5076 3694 5146 μῶσεως

2112 5172 2211 5242 τῆς
2274 5173 2530 5245 Σκήτεως
2585 5173 2698 5236 τοῖς
2748 5172 3024 5242 ἀδελφοῖς
3071 5171 3240 5224 Ὅταν
3291 5170 3434 5239 ἴδητε
3487 5169 3694 5222 κελλίον

2115 5248 2566 5338 οἰκοδομούμενον
2601 5266 2767 5334 ἐγγὺς
2800 5264 2894 5317 τοῦ
2939 5263 3116 5327 ἕλους,
3153 5262 3352 5334 μάθετε
3399 5263 3480 5315 ὅτι
3529 5262 3695 5330 ἐγγύς

2114 5357 2262 5410 ἐστιν
2293 5359 2326 5428 ὴ
2354 5358 2633 5428 ἐρήμωσις
2660 5355 2854 5426 αὐτῆς
2899 5356 3028 5409 ὅταν
3063 5354 3209 5424 ἴδητε
3238 5354 3450 5424 δένδρα,
3485 5354 3580 5406 ἐπὶ
3606 5354 3694 5406 ου-

2119 5449 2226 5518 ρῶν
2253 5449 2401 5501 ἐστιν
2419 5466 2434 5480 ·
2452 5449 2578 5500 ὅταν
2599 5447 2655 5500 δὲ
2679 5447 2824 5518 ἴδητε
2851 5447 3058 5512 παιδία,
3083 5447 3249 5518 ἄρατε
3276 5447 3345 5500 τὰ
3373 5445 3695 5518 μηλωτάρια

2115 5541 2145 5593 ὑ
2153 5539 2288 5612 μῶν,
2320 5540 2416 5593 καὶ
2444 5541 2857 5611 ἁναχωρήσατε.

2189 5637 2265 5696 ς’.
2322 5629 2515 5698 Ἔλεγε
2546 5629 2730 5689 πάλιν.
2772 5632 3156 5705 παρηγορῆσαι
3185 5631 3352 5686 θέλων
3393 5632 3518 5695 τοὺς
3545 5626 3696 5686 ἁδελ-

2193 5744 2304 5816 (88)
2349 5743 2450 5802 νη.
2490 5744 2644 5802 Patr.
2679 5763 2832 5814 xvnt,
2865 5747 2950 5802 to.
