3874 6332
467 315 572 372 257

1631 310 1972 368 APPENDIX
2009 308 2100 364 AD
2138 308 2555 370 PALLADIUM.

3623 326 3731 380 268

468 429 617 500 quod
652 443 778 484 cum
824 426 1135 488 advenisset
1173 425 1466 495 aliquando
1498 423 1566 478 ad
1597 427 1886 496 quemdam
1915 421 2029 480 ana?

3167 395 3179 414 κ

2154 425 2295 495 ρίου,
2312 427 2395 479 ὅτι
2424 427 2870 500 παραγενόμενός
2888 446 3017 484 ποτε
3043 433 3179 503 πρὸς
3195 450 3313 487 τινα
3336 435 3726 511 άναχωρητὴν,

468 521 772 584 chorctam,
826 526 878 572 et
908 517 1203 572 invenisset
1235 533 1356 571 eum
1385 525 1756 588 aegrotantem,
1795 517 2047 574 sciscita-

469 620 558 666 tus
597 610 688 674 sit,
723 609 979 680 quidnam
1020 609 1126 662 cibi
1158 609 1317 662 vellet
1367 623 1582 662 sumere
1628 628 1639 662 :
1687 609 2048 678 nihilquippe

467 709 588 757 erat
619 702 672 755 in
718 701 852 755 cella
898 700 1039 768 ejus.
1081 696 1184 765 Qui
1222 707 1510 769 postquam
1563 700 1810 762 dixisset,
1845 699 2047 757 Pastil-

467 793 601 857 lum,
646 807 755 846 non
799 792 972 862 piguit
1006 791 1183 844 virum
1237 791 1428 845 fortem
1455 789 1836 845 Alexandriam
1877 791 2044 861 profi-

466 883 622 948 cisci,
655 892 713 936 ut
734 897 876 954 zegro
901 884 1094 938 daret:
1121 883 1367 953 miraque
1397 899 1506 948 res,
1529 882 1732 938 nemini
1756 882 2042 938 manifesta

465 974 608 1030 facta
641 985 744 1031 est.

534 1067 587 1123 9.
627 1065 829 1121 lterum
869 1066 1189 1119 memoravit
1236 1081 1248 1116 :
1297 1065 1377 1120 Ad
1432 1066 1685 1121 abbatem
1743 1064 2038 1120 Macarium

462 1174 587 1215 cum
616 1158 876 1212 fratribus
904 1157 1124 1213 cunctis
1150 1159 1203 1212 in
1240 1158 1593 1229 simplicitate
1623 1168 2036 1213 conversantcm

463 1249 717 1305 dixerunt
761 1251 1009 1304 nonnulli
1057 1265 1070 1301 :
1128 1249 1308 1316 Quare
1350 1259 1400 1304 te
1449 1251 1610 1303 talem
1659 1249 1903 1319 praebes?
1946 1249 2040 1304 llle

461 1340 790 1412 respondit:
833 1341 1132 1396 Duodecim
1171 1343 1330 1397 annis
1375 1341 1573 1396 servivi
1623 1339 1854 1394 Domino
1895 1356 2036 1404 meo,

461 1442 523 1489 ut
564 1433 695 1488 mihi
741 1433 882 1487 hanc
930 1432 1162 1504 gratiam
1213 1432 1542 1503 largiretur;
1579 1439 1634 1486 et
1673 1447 1864 1490 omnes
1903 1432 2035 1485 mihi

461 1529 749 1585 consilium
776 1528 918 1584 datis
958 1530 1040 1582 uti
1069 1542 1190 1581 eam
1223 1525 1540 1597 deponam?

531 1623 618 1678 10.
661 1621 772 1692 (95)
817 1619 1081 1674 Dicebant
1125 1620 1191 1674 de
1231 1619 1427 1674 abbate
1471 1617 1733 1680 Macario,
1791 1618 1934 1689 quod
1987 1619 2034 1673 si

459 1730 583 1770 cum
617 1713 882 1768 fratribus
914 1727 1112 1767 vacans
1136 1718 1472 1775 versaretur,
1502 1711 1576 1765 ita
1607 1727 1793 1766 secum
1819 1711 2032 1766 consti-

456 1807 645 1863 tuebat
683 1804 782 1860 :Si
831 1806 1016 1860 vinum
1048 1801 1318 1874 {adfixet-it,
1366 1812 1593 1874 propter
1639 1804 1836 1859 fratres
1868 1804 2032 1870 bibe;

459 1908 512 1953 et
538 1913 635 1968 pro
662 1913 772 1952 uno
801 1896 911 1950 vini
954 1896 1174 1966 poculo,
1200 1911 1296 1965 per
1325 1911 1493 1950 unum
1521 1895 1665 1951 diem
1699 1899 1892 1965 aquain
1925 1913 2033 1951 non

455 1994 635 2049 bibas.
675 1994 841 2064 Igitur
873 1991 1094 2056 fratres,
1126 1991 1352 2046 reficere
1383 1991 1692 2062 cupientes,
1725 1992 1931 2045 dabant
1958 1993 2031 2048 ei.

460 2085 635 2140 Senex
668 2093 846 2138 autem
887 2099 1012 2138 cum
1050 2083 1250 2154 gaudio
1299 2083 1640 2146 admittebat,
1692 2093 1750 2137 ut
1792 2085 2031 2154 seipsum

457 2184 758 2248 torqueret.
815 2176 882 2230 At
923 2176 1232 2245 discipulus
1274 2175 1416 2244 ejus,
1464 2176 1552 2230 cui
1598 2191 1688 2231 res
1732 2185 1862 2230 nota
1893 2186 2031 2242 erat,

454 2270 669 2324 dicebat
717 2267 982 2322 fratribus
1040 2285 1052 2320 :
1099 2265 1202 2322 Per
1257 2265 1569 2324 Dominum.
1624 2283 1692 2321 ne
1744 2269 2031 2338 pwbeatis

453 2363 563 2429 illi;
604 2361 804 2432 alioqui
836 2361 890 2414 in
923 2361 1058 2415 cella
1098 2358 1454 2414 confecturus
1501 2368 1584 2415 est
1623 2376 1701 2416 se.
1730 2361 1848 2428 Quo
1882 2378 2032 2418 com-

452 2465 627 2526 perto,
666 2453 860 2509 fratres
892 2471 1002 2508 non
1025 2455 1262 2525 amplius
1296 2455 1342 2509 ei
1374 2455 1747 2524 porrigebant.

523 2549 614 2602 Η.
655 2548 767 2620 (9i)
810 2547 1174 2603 Proficiscens
1191 2548 1486 2618 aliquando
1515 2549 1683 2602 abbas
1708 2547 1979 2603 Macarius
2001 2565 2030 2602 a

447 2641 648 2710 palude
679 2642 733 2695 in
765 2642 956 2696 cellam
989 2657 1168 2706 suam,
1199 2642 1453 2712 portabat
1477 2641 1776 2710 palmarum
1810 2657 2026 2708 ramos;

448 2742 504 2791 et
547 2750 676 2790 ecce
693 2736 936 2791 occurrit
969 2734 1019 2790 ei
1062 2736 1115 2788 in
1158 2735 1244 2788 via
1277 2733 1532 2788 diabolus
1581 2732 1775 2786 falcem
1808 2749 2025 2803 gerens.

453 2825 630 2897 thue
657 2828 830 2882 voluit
857 2843 981 2882 eum
1019 2827 1207 2892 ferire,
1241 2843 1350 2884 non
1381 2826 1567 2880 valuit.
1608 2826 1792 2896 Itaque
1827 2829 1902 2881 ait
1928 2829 1976 2882 ei
2013 2847 2025 2883 :

448 2919 615 2976 Multa
657 2936 686 2974 a
730 2927 784 2975 te
822 2921 925 2983 vis,
979 2919 1204 2984 Macari,
1257 2921 1403 2990 quod
1454 2923 1741 2977 adversum
1797 2930 1848 2977 te
1896 2922 2030 2976 nihil

446 3012 622 3067 valeo.
657 3012 734 3067 En
773 3013 944 3078 enim,
974 3011 1237 3083 quidquid
1287 3013 1423 3084 agis,
1467 3030 1566 3084 ego
1613 3029 1830 3084 quoque
1864 3013 2026 3070 facio.

2149 517 2242 570 καὶ
2268 517 2442 589 εὑρὼν
2469 518 2632 572 αὑτὸν
2660 521 2831 574 κακού
2841 539 3023 593 μενον,
3053 525 3380 580 ἐπυνθάνετο
3401 529 3451 580 τί
3479 527 3729 598 βούλοιτο

2144 609 2441 680 τραφῆναι,
2478 610 2690 675 οὐδενὸς
2729 612 2883 677 ὄντος
2917 615 2975 667 ὲν
3013 614 3090 686 τῷ
3137 617 3333 690 κελλίῳ
3378 621 3568 679 αὐτοῦ.
3617 624 3729 676 Καὶ

2147 702 2418 770 φήσαντος
2469 703 2702 770 ἐκείνου,
2737 705 3024 770 Πάστιλον,
3059 710 3138 772 εἰς
3175 709 3273 781 τὴν
3332 710 3727 785 Ἀλεξανδρέων

2147 791 2300 844 πόλιν
2351 792 2450 844 οὐκ
2494 791 2740 863 ὤκνησεν
2782 797 2809 847 6
2856 796 3100 868 ἀνδρεῖος
3147 801 3576 871 παραγενέσθαι,
3629 807 3728 857 καὶ

2143 881 2325 934 δοῦναι
2354 881 2435 952 τῷ
2474 883 2773 955 κάμνοντι·
2807 887 2902 939 καὶ
2936 887 2995 940 τδ
3029 887 3338 959 θαυμαστὸν
3389 893 3581 963 μηδενὶ
3620 911 3723 946 κα-

2141 974 2368 1046 τάδηλον
2397 976 2710 1047 γενόμενον.

2212 1067 2278 1121 θ’.
2319 1063 2453 1121 Εἷπε
2484 1070 2668 1135 πάλιν,
2699 1071 2780 1124 ὅτι
2809 1073 2866 1124 ὲν
2892 1073 3098 1145 ἀκακία
3122 1074 3215 1128 τοῦ
3246 1075 3388 1129 ἀϐϐᾶ
3425 1078 3720 1146 Μακαρίου

2143 1158 2559 1231 πολιτευομένου
2601 1163 2739 1234 πρὸς
2769 1164 2978 1228 πάντας
3011 1166 3139 1230 τοὺς
3174 1166 3454 1234 ἀδελφοὺς,
3509 1169 3720 1238 ἔφησαν

2139 1250 2288 1320 αὐτῷ
2311 1269 2481 1315 τινεςο
2518 1255 2670 1307 Διατί
2709 1252 2883 1319 οὕτως
2925 1259 3115 1312 ἑαυτὸν
3144 1264 3344 1326 ποιείς;
3382 1263 3440 1316 Ὀ
3470 1263 3526 1316 δὲ
3563 1261 3715 1317 εἶπεο

2139 1342 2356 1396 Δώδεκα
2388 1345 2482 1414 ἔτη
2511 1346 2800 1401 ἐδούλευσα
2832 1350 2909 1421 τῷ
2938 1352 3128 1423 Κυρίῳ
3165 1371 3286 1423 μου,
3319 1356 3406 1408 ἵνα
3434 1373 3524 1426 μοι
3555 1359 3716 1428 χαρὲ-

2140 1452 2298 1506 σηται
2335 1435 2395 1489 τὺ
2439 1437 2682 1508 χάρισμα
2728 1441 2910 1504 τοῦτο,
2955 1445 3047 1496 καὶ
3092 1447 3292 1510 πάντες
3336 1466 3426 1518 μοι
3474 1450 3715 1519 συμϐου-

2138 1527 2323 1582 λεύετε
2359 1531 2658 1584 ἀποθέσθαι
2685 1533 2845 1600 αὐτός

2213 1631 2262 1676 ι’.
2299 1624 2523 1692 Ἔλεγον
2557 1627 2685 1697 περὶ
2713 1626 2804 1680 τοῦ
2835 1628 2978 1682 ἀϐϐἄ
3003 1629 3304 1702 Μακαρίου,
3327 1633 3406 1685 ὅτι
3439 1635 3488 1686 εί
3521 1636 3711 1688 εὐκαί-

2141 1733 2271 1786 ρησε
2326 1718 2463 1787 μετὰ
2511 1718 2779 1788 ἀδελφῶν,
2845 1720 3010 1774 ἐτίθει
3055 1723 3231 1793 ἐαυτῷ
3278 1725 3421 1796 ὅρον,
3483 1726 3712 1780 δτιἚὲν

2140 1808 2336 1878 εὑρεθῇ
2373 1803 2533 1875 οἶνος,
2565 1809 2652 1864 διὰ
2673 1813 2798 1875 τοὺς
2828 1811 3090 1881 ἀδελφοὺς
3131 1815 3273 1876 πίνε,
3307 1815 3399 1867 καὶ
3433 1816 3554 1868 ἀντὶ
3593 1814 3712 1878 ὲνδς

2141 1896 2402 1967 ποτηρίου
2441 1897 2608 1961 οἴνου,
2643 1899 2770 1970 μίαν
2801 1901 3014 1972 ἡμέραν
3057 1903 3130 1974 μὴ
3172 1903 3300 1975 πίῃς
3331 1904 3494 1975 ὕδωρ.
3530 1901 3713 1959 Ole-iv

2137 1987 2376 2057 ἀδελφοὶ,
2418 1989 2576 2059 χάριν
2607 1992 2968 2056 ἀναπαύσεως
3001 1994 3202 2047 ἐδίδουν
3234 1995 3402 2066 αὐτῷ.
3443 1998 3500 2049 ’0
3531 1997 3590 2050 δὲ
3628 1997 3714 2066 γέ-

2139 2098 2247 2153 ρων
2284 2082 2422 2151 μετὰ
2467 2086 2642 2156 χαρᾶς
2684 2085 3009 2155 ἐλάμϐανεν,
3056 2088 3140 2140 ἵνα
3180 2089 3368 2142 ἑαυτὸν
3418 2089 3708 2161 βασανίσῃ.

2147 2173 2205 2227 '0
2234 2173 2290 2227 δὲ
2319 2175 2567 2248 μαθητὴς
2587 2176 2741 2242 εἰδὼς
2768 2179 2827 2231 τὸ
2843 2181 3096 2250 πρᾶγμα,
3119 2180 3269 2250 ἔλεγε
3287 2186 3399 2246 τοῖς
3425 2183 3675 2253 ἀδελφοῖς
3693 2201 3708 2214 °

2135 2267 2233 2321 Διά
2259 2268 2351 2321 τὸν
2385 2269 2609 2340 Κύριον,
2641 2271 2714 2343 μὴ
2744 2271 2879 2326 δῶτε
2906 2274 3055 2345 αὐτῷ
3075 2290 3090 2307 σ
3122 2275 3170 2328 εί
3207 2275 3263 2328 δὲ
3309 2277 3381 2347 μή
3415 2293 3500 2345 γε,
3537 2279 3618 2340 είς
3649 2277 3712 2330 τὸ

2133 2361 2344 2415 κελλίον
2380 2361 2565 2433 μέλλει
2615 2365 2806 2418 ἑαυτὸν
2857 2365 3145 2437 δαμάζειν.
3179 2368 3288 2422 Καὶ
3344 2368 3608 2440 μαθόντες
3658 2371 3709 2422 oi

2133 2453 2374 2524 ἀδελφοὶ,
2401 2457 2500 2510 οὐκ
2537 2456 2617 2510 ἔτι
2648 2458 2798 2528 αὐτῷ
2835 2463 3117 2531 παρεῖχον.

2206 2553 2294 2600 ια’.
2326 2549 2742 2620 Παρερχόμενός
2770 2568 2900 2604 ποτε
2928 2552 3035 2605 ἀπὸ
3070 2551 3164 2606 τοῦ
3191 2553 3346 2618 ἕλους
3374 2556 3455 2618 είς
3497 2555 3560 2608 τὸ
3585 2555 3710 2609 κελ-

2131 2637 2242 2707 λιίον
2265 2640 2457 2692 ἑαυτοῦ
2483 2643 2510 2694 ὁ
2537 2641 2710 2706 άϐϐᾶς
2734 2643 3041 2715 Μακάριος,
3069 2645 3336 2710 ὲϐάσταζε
3371 2646 3582 2713 θαλλία,
3611 2650 3710 2701 καὶ

2135 2727 2243 2780 ίδοὺ
2271 2727 2580 2800 ὑπήντησεν
2608 2731 2756 2802 αὐτῴ
2786 2734 2813 2785 6
2839 2733 3084 2798 διάϐολος
3123 2737 3262 2790 κατὰ
3293 2737 3390 2808 τὴν
3423 2738 3540 2792 ὁδὸν
3566 2741 3710 2808 μετά

2129 2818 2421 2890 δρεπάνου·
2442 2822 2536 2874 καὶ
2556 2822 2631 2885 ὼς
2645 2823 2910 2894 ἠθέλησεν
2925 2825 3088 2879 αὑτὸν
3105 2827 3354 2897 κροῦσαι,
3376 2829 3474 2881 οὐκ
3492 2829 3706 2900 ἴσχυσε,

2132 2915 2223 2966 καὶ
2253 2914 2400 2984 λέγει
2444 2916 2624 2988 αὐτῷ·
2667 2917 2843 2990 Πολλὴ
2871 2919 2963 2989 βία
2991 2920 3100 2974 ἀπὸ
3140 2920 3256 2984 σοῦ,
3296 2924 3577 2994 Μακάριε,
3623 2926 3710 2978 ὅτι

2131 3006 2192 3058 οὐ
2238 3005 2472 3077 δύναμαι
2513 3008 2650 3080 πρὸς
2692 3009 2771 3065 σέ.
2823 3010 2952 3063 Ἰδοὺ
2998 3011 3105 3083 γὰρ
3136 3013 3189 3065 εί
3222 3031 3271 3066 τι
3309 3017 3502 3079 ποιεῖς,
3551 3016 3709 3083 κάγὼ

449 3105 532 3179 In
565 3106 688 3166 cibo
728 3105 994 3170 abstines,
1034 3113 1089 3160 et
1117 3121 1253 3177 ego;
1281 3107 1473 3177 vigilas
1496 3145 1510 3170 ,
1538 3123 1637 3177 ego
1669 3106 1887 3177 penitus
1921 3121 2026 3161 non

2142 3097 2302 3150 ποιῶ·
2340 3099 2403 3150 σὺ
2430 3099 2729 3171 νηστεύεις,
2763 3101 2917 3169 κάγώ
2946 3101 3010 3134 ἰ’
3041 3105 3359 3174 ἀγρυπνεῖς,
3387 3106 3543 3176 κάγὼ
3570 3109 3707 3171 ὅλως

446 3199 679 3255 dormio.
715 3197 889 3257 Unum
933 3199 1107 3253 solum
1139 3207 1223 3255 est
1259 3200 1312 3252 in
1356 3215 1465 3270 quo
1495 3201 1670 3256 vincis
1701 3215 1806 3257 me.
1844 3200 2017 3254 Inter-

447 3293 657 3363 rogavit
687 3291 857 3346 abbas
888 3290 1163 3346 Macarius
1203 3310 1216 3346 :
1257 3292 1542 3358 Quodnam
1581 3301 1665 3348 est
1687 3292 1858 3347 illud?
1887 3291 2024 3348 Res-

447 3384 641 3456 pondit
705 3401 718 3437 :
764 3382 1058 3440 Humilitas
1095 3395 1204 3439 tua.
1239 3384 1318 3438 Ac
1357 3391 1640 3455 propterea
1680 3383 1942 3439 adversus
1975 3391 2027 3440 te

449 3476 580 3532 nihil
610 3491 856 3546 possum.

518 3569 607 3624 12.
649 3567 761 3638 (95)
803 3567 1288 3639 lnterrogaverunt
1319 3566 1541 3638 quidam
1570 3583 1600 3623 e
1634 3566 1886 3622 Patribus
1927 3567 2025 3622 ab-

444 3663 624 3720 batem
652 3661 966 3716 Macarium
1004 3660 1347 3733 Egyptium,
1394 3660 1642 3717 dicentes
1682 3677 1695 3712 ε
1736 3659 1839 3727 Qui
1884 3661 1940 3714 fit
1967 3667 2027 3714 ut

445 3755 561 3810 sive
583 3753 844 3809 comedas
874 3752 990 3808 sive
1023 3753 1257 3822 jejunes,
1285 3766 1486 3822 corpus
1511 3760 1662 3806 tuum
1691 3753 1892 3823 pariter
1919 3753 2027 3807 sic-

442 3858 568 3900 cum
609 3845 728 3900 sit?
757 3843 1170 3915 Respondilque
1205 3845 1313 3900 illis
1346 3861 1508 3900 senex
1557 3863 1568 3899 :
1618 3839 1846 3916 Lignum
1878 3845 2023 3915 quod

441 3935 626 3994 versat
648 3948 922 3992 sarmenta
957 3953 1077 4008 qua:
1104 3937 1524 4001 comburuntur,
1557 3941 1781 3993 omnino
1809 3939 1877 3994 ab
1903 3939 2026 4009 igne

445 4030 809 4084 consumitur.
861 4027 1040 4084 Simili
1085 4030 1247 4084 modo
1297 4033 1341 4086 si
1377 4039 1614 4086 mentem
1653 4046 1812 4086 suam
1861 4032 2026 4087 homo

445 4124 504 4178 in
533 4124 730 4180 timore
770 4121 862 4177 Dei
910 4122 1281 4187 mundaverit,
1327 4123 1443 4194 ipse
1483 4122 1576 4178 Dei
1621 4124 1784 4179 timor
1823 4140 2027 4195 corpus

439 4215 571 4287 ejus
603 4215 899 4269 consumit.

519 4310 608 4364 4'5.
655 4308 764 4380 (96)
811 4308 1101 4365 Profectus
1128 4317 1211 4366 est
1239 4311 1536 4380 aliquando
1559 4312 1726 4366 abbas
1753 4313 2026 4370 Macarius

445 4417 475 4455 ο
515 4398 668 4455 Secti
714 4400 770 4454 in
815 4399 1200 4464 Terenuthim;
1233 4408 1288 4456 et
1313 4402 1594 4471 ingressus
1623 4413 1706 4458 est
1753 4405 1805 4459 in
1840 4406 2022 4460 fanum

2131 3192 2193 3244 οὐ
2225 3190 2538 3262 κοιμῶμαι’
2580 3192 2638 3245 ἓν
2684 3193 2800 3246 ἐστι
2849 3193 3007 3264 μόνον
3045 3197 3102 3248 ὲν
3131 3190 3174 3262 ᾧ
3204 3199 3359 3269 νικᾷς
3401 3217 3488 3269 με.
3540 3201 3705 3268 Λέγει

2131 3283 2278 3354 αὐτῷ
2311 3285 2339 3336 6
2365 3284 2539 3347 ἁϐϐἄς
2576 3285 2861 3356 Μακάριος
2881 3277 2902 3316 ”
2933 3287 3091 3340 Ποῖον
3120 3288 3307 3354 τοῦτο;
3350 3289 3408 3343 '0
3460 3290 3516 3343 δὲ
3564 3292 3670 3362 ἔφη
3690 3310 3705 3323 ·

2144 3375 2206 3428 Ἡ
2235 3375 2562 3440 ταπείνωσις
2583 3393 2695 3430 σου·
2723 3377 2817 3432 καὶ
2839 3377 2927 3432 διὰ
2947 3377 3106 3433 τοῦτο
3121 3380 3181 3433 οὺ
3209 3379 3444 3452 δύναμαι
3467 3383 3603 3455 πρὸς
3623 3386 3703 3438 σέ.

2203 3555 2290 3627 ιβ’.
2309 3554 2524 3629 Ἦρώτη
2533 3557 2632 3612 σάν
2647 3572 2793 3622 τινες
2805 3557 2915 3612 τῶν
2932 3558 3193 3627 Πατέρων
3215 3560 3305 3614 τὸν
3321 3561 3494 3617 ἀϐϐἇν
3511 3565 3708 3618 Μακά-

2131 3668 2247 3722 ριον
2290 3650 2380 3704 τὸν
2422 3650 2744 3720 Αίγύπτιον,
2777 3652 3060 3726 λέγοντεςο
3105 3655 3230 3715 Πῶς
3263 3657 3352 3709 ὅτε
3381 3656 3586 3721 ἐσθίεις
3614 3659 3708 3712 καὶ

2128 3743 2216 3796 ὅτε
2249 3744 2550 3816 νηστεύεις,
2583 3745 2644 3797 τὺ
2685 3743 2845 3816 σῶμά
2877 3763 2971 3798 σου
3017 3746 3181 3819 ξηρόν
3220 3749 3366 3814 ὲστι;
3411 3750 3522 3802 Καὶ
3556 3749 3706 3818 λέγει

2129 3840 2314 3903 αὐτοῖς
2349 3841 2376 3892 6
2414 3840 2626 3911 γέρωνο
2660 3841 2735 3895 Τὸ
2767 3841 2922 3908 ξύλον
2962 3841 3023 3895 τὸ
3059 3842 3288 3912 στρέφον
3321 3841 3388 3895 τά
3439 3843 3705 3913 καιόμενα

2131 3931 2407 4003 φρύγανα,
2432 3933 2498 3986 δι’
2528 3933 2652 3986 ὅλου
2681 3935 2922 3987 ἐσθίεται
2949 3937 3013 3989 ὲκ
3044 3935 3136 3988 τοῦ
3169 3935 3358 4006 πυρός.
3395 3934 3584 3999 Οὕτως
3611 3935 3706 3989 ἐὰν

2129 4025 2448 4098 καθαρεύσῃ
2508 4026 2796 4099 ἅνθρωπος
2842 4028 2933 4081 τὸν
2984 4027 3111 4080 νοῦν
3143 4025 3308 4080 αὐτοῦ
3337 4029 3393 4079 ἐν
3425 4026 3502 4098 τῷ
3553 4028 3706 4098 φόϐῳ

2126 4119 2221 4172 τοῦ
2259 4119 2417 4185 Θεοῦ,
2449 4119 2610 4183 αὐτὸς
2643 4122 2671 4174 6
2693 4119 2857 4191 φόϐος
2877 4119 2971 4173 τοῦ
2993 4119 3125 4173 Θεοῦ
3157 4118 3431 4172 κατεσθίει
3460 4119 3520 4172 τὸ
3548 4120 3707 4190 σῶμα

2129 4210 2317 4264 αὑτοῦ.

2203 4302 2289 4370 ιγ’.
2347 4301 2540 4372 Ἀνέϐη
2572 4302 2702 4356 ποτὲ
2732 4302 2761 4354 6
2786 4301 2961 4366 ἀϐϐἄς
3003 4303 3289 4376 Μακάριος
3318 4301 3426 4356 ἀπὸ
3453 4303 3708 4370 Σκήτεως

2130 4394 2210 4456 εἰς
2240 4393 2561 4463 Τερενοῦθιν
2585 4411 2598 4425 ο
2631 4395 2727 4447 καὶ⁵
2760 4393 3012 4464 εἰσῆλθεν
3053 4396 3133 4457 εἰς
3164 4394 3226 4446 τὸ
3263 4394 3406 4466 ἱερὸν
3432 4395 3706 4466 κοιμηθῆ-

446 4501 510 4547 υῑ
533 4492 819 4548 dormiret.
859 4491 1024 4547 Erant
1048 4500 1227 4547 autem
1260 4493 1332 4547 ibi
1357 4503 1537 4548 vetera
1563 4497 1904 4551 ethnicorum
1936 4514 2026 4552 ca-

2142 4505 2238 4540 ναι.
2288 4484 2471 4540 Ἦσαν
2516 4487 2573 4540 δὲ
2623 4487 2742 4540 ἐκεῖ
2778 4486 3112 4559 σκηνώματα
3163 4487 3426 4557 Ἑλλήνων
3463 4489 3666 4543 παλαιά
3689 4506 3702 4518 ’

445 4588 648 4644 davera
676 4607 690 4642 :
715 4605 746 4644 e
775 4589 977 4658 quibus
1005 4603 1172 4642 unum
1207 4598 1488 4657 acceptum
1516 4589 1696 4658 posuit
1721 4593 1822 4645 sub
1847 4592 2022 4661 capite

437 4697 572 4746 suo,
603 4680 754 4737 velut
781 4679 1151 4736 embrimium.
1183 4677 1462 4735 Dmmoues
1484 4695 1612 4750 ergo
1651 4682 1830 4736 intuiti
1855 4683 2021 4737 anda-

445 4775 587 4828 ciam
617 4773 761 4841 ejus,
794 4769 998 4826 invidia
1030 4769 1183 4824 ducti
1211 4776 1374 4836 sunt;
1400 4786 1465 4824 ac
1494 4773 1739 4827 volentes
1758 4789 1882 4828 eum
1913 4782 2020 4827 ter-

445 4879 584 4926 rere,
627 4863 775 4918 velut
818 4861 1074 4916 feminam
1114 4859 1180 4913 de
1223 4860 1440 4914 nomine
1488 4863 1788 4925 vocabant,
1837 4863 2019 4918 dicen-

443 4963 530 5008 tes
558 4969 574 5006 :
605 4950 723 5019 Illa,
763 4953 886 5006 veni
934 4951 1216 5004 nobiscum
1267 4951 1333 5004 ad
1377 4951 1630 5005 balneum
1683 4972 1695 5006 :
1743 4954 2023 5023 respondit

445 5053 627 5100 autem
673 5045 816 5099 alius
857 5044 1070 5104 daemon
1111 5043 1215 5098 sub
1256 5043 1374 5112 ipso
1407 5050 1664 5113 tanquam
1689 5060 1718 5098 e
1752 5048 2020 5109 mortuis,

445 5137 529 5191 sic
558 5152 574 5187 :
615 5133 973 5204 Peregrinum
1007 5135 1178 5192 habeo
1209 5153 1372 5208 super
1405 5154 1510 5204 me,
1537 5156 1634 5194 nec
1678 5156 1896 5210 possum
1934 5160 2024 5197 ve-

446 5227 590 5283 nire.
633 5226 702 5278 At
744 5241 907 5282 senex
945 5227 1170 5283 territus
1207 5243 1313 5282 non
1347 5238 1454 5295 est,
1491 5231 1583 5286 sed
1617 5232 1877 5288 audacter
1902 5249 2023 5287 ver-

448 5319 677 5375 berabat
705 5334 928 5388 corpus,
956 5317 1148 5390 Surge,
1182 5320 1455 5390 inquiens,
1488 5321 1626 5377 vade
1661 5324 1713 5376 in
1745 5328 2021 5387 tenebras,

443 5410 490 5466 si
531 5417 706 5479 potes.
750 5409 869 5474 Quo
925 5411 1112 5465 audito
1159 5411 1434 5468 daemones
1479 5413 1852 5468 clamaverunt
1894 5430 2025 5472 voce

517 5569 558 5601 "
590 5570 677 5641 ᾼι.
706 5569 816 5639 ἐγὼ
849 5569 968 5623 οὐδὲ
1001 5571 1138 5634 ὅλως
1161 5569 1381 5643 τρώγω.

514 5690 624 5755 (95)
667 5687 766 5744 Vit.
799 5689 951 5742 Patr.
982 5707 1056 5752 Iv,
1081 5690 1173 5744 26.

513 5760 623 5830 (94)
668 5757 772 5816 Vit.
805 5760 960 5818 Patr.
995 5779 1086 5828 xv,
1126 5761 1220 5822 9.6.

2131 4579 2226 4631 καὶ
2257 4575 2437 4631 λαϐὼν
2468 4576 2547 4637 ἒν.
2585 4577 2828 4648 ὑπέθηκε
2856 4579 2919 4648 τῇ
2953 4576 3148 4630 ἑαυτοῦ
3198 4577 3431 4649 κεφαλῇ,
3479 4579 3558 4642 ὡς
3609 4580 3705 4649 ἑμ-

2131 4668 2368 4740 6ρίμιον.
2404 4671 2467 4722 Οἱ
2497 4665 2589 4722 οὖν
2614 4669 2887 4739 δαίμονες,
2935 4669 3168 4742 ὁρῶντες
3207 4668 3371 4724 αὑτοῦ
3403 4671 3464 4723 τὸ
3503 4669 3706 4740 θαρσα-

2130 4763 2274 4828 λέον,
2309 4762 2610 4833 ἐφθόνησαν
2635 4780 2648 4794 ·
2689 4765 2782 4816 καὶ
2813 4761 3060 4826 θέλοντες
3095 4763 3254 4817 αὐτὸν
3286 4764 3541 4834 πτοῆσαι,
3568 4763 3706 4831 ἐφώ-

2130 4874 2253 4910 νουν
2285 4857 2360 4920 ὡς
2399 4858 2657 4925 γυναικὸς
2690 4859 2880 4928 δνομα,
2915 4857 3163 4925 λέγοντες
3183 4874 3196 4887 ·
3255 4857 3319 4910 Ἦ
3341 4857 3510 4920 δεῖνα,
3551 4853 3706 4929 δεῦρο

2135 4951 2254 5020 μεθ’
2303 4949 2460 5021 ἡμῶν
2506 4952 2586 5013 είς
2623 4951 2686 5003 τὸ
2735 4950 3034 5020 βαλανεῖον.
3090 4951 3397 5020 ’Υπὴκουσε
3445 4950 3501 5003 δὲ
3553 4951 3706 5013 ἄλλος

2128 5044 2339 5114 δαίμων
2355 5042 2705 5096 ὑποκάτωθεν
2731 5042 2894 5096 αὑτοῦ
2917 5043 2993 5107 ὡς
3025 5044 3088 5095 ὲκ
3110 5043 3221 5095 τῶν
3239 5041 3470 5111 νεκρῶν.
3498 5041 3670 5108 λέγων
3689 5060 3700 5070 ·

2129 5135 2292 5189 Ξένον
2324 5135 2430 5206 ἔχω
2467 5134 2651 5188 ἐπάνω
2680 5150 2805 5204 μου,
2832 5136 2924 5187 καὶ
2957 5135 3018 5187 οὐ
3062 5134 3294 5204 δύναμαι
3327 5133 3518 5187 ἐλθεῖν,
3566 5134 3623 5186 Ὀ
3648 5132 3700 5184 δὲ

2129 5230 2307 5303 γέρων
2340 5231 2438 5282 οὐκ
2483 5227 2756 5298 ἐπτοήθη·
2795 5227 2931 5281 ἀλλὰ
2973 5228 3192 5300 θαρρῶν
3242 5227 3438 5280 ἔτυπτε
3473 5227 3533 5280 τὸ
3575 5228 3701 5294 σκὴ·

2129 5341 2307 5394 νωμα,
2338 5322 2512 5390 λέγων
2535 5340 2547 5352 ο
2590 5324 2869 5393 Ἔγειραι,
2891 5320 3069 5389 ὕπαγε
3101 5323 3180 5384 είς
3214 5320 3271 5372 τὸ
3303 5320 3516 5383 σκότος,
3551 5322 3597 5370 εἰ
3621 5317 3701 5370 δύο

2127 5435 2307 5470 νασαι.
2343 5417 2452 5469 Καὶ
2497 5414 2656 5468 τοῦτο
2690 5413 3024 5476 ἀκούσαντες
3057 5415 3105 5465 οἱ
3151 5413 3423 5484 δαίμονες,
3477 5413 3699 5482 ἐϐόησα-ι

2207 5688 2316 5752 (95)
2356 5686 2462 5740 Vit.
2510 5685 2660 5740 Patr.
2687 5702 2768 5752 ιιι,
2793 5687 2845 5739 8.

2200 5760 2308 5833 (96)
2351 5757 2455 5812 Vit.
2487 5756 2640 5812 Patr.
2672 5773 2767 5827 vit,
2806 5755 2888 5811 10.
