3874 6302
201 327 314 385 Ξῧ9

1341 317 1953 377 A'POPIITIIEGM'ATA
1986 316 2294 377 PATRUM.

3352 323 3457 376 9.7a

196 445 353 516 φωνῇ
390 441 628 515 μεγῶῃ,
658 441 948 511 λέγοντεςο
1002 439 1290 512 Ἐνίκησας
1319 441 1491 511 ἡμᾶς.
1519 439 1631 494 Kal
1655 435 1777 508 ἔφυ-

1893 453 2079 508 magna
2143 459 2155 493 :
2206 437 2396 493 Vicisti
2438 452 2557 492 nos.
2591 437 2725 491 Tum
2756 436 2961 509 pudore
2995 435 3193 492 suﬂ'usi
3235 435 3458 507 aufuge-

193 555 293 606 γον
321 552 462 590 κατα
472 533 834 604 ισχυνὸμενοι.

269 629 355 682 ιδ’.
396 628 626 695 Ἔλεγον
656 627 786 697 περὶ
829 625 922 680 τοῦ
959 625 1104 680 sese
1149 627 1436 700 Μακαρίου
1471 625 1565 679 τοῦ
1612 626 1781 694 Αἰγυ-

197 720 362 772 πτίου
396 720 468 782 ³²,
499 720 583 772 ὅτι
605 719 921 774 ἀναϐαίνων
940 719 1049 772 ἀπὸ
1075 719 1346 790 Σκήτεως,
1376 720 1469 773 καὶ
1500 719 1780 789 βαστάζων

195 809 492 881 σπυρίδας,
519 809 788 872 κοπιάσας
811 808 1083 879 ἐκαθέσθη
1104 825 1118 839 ο
1149 810 1242 863 καὶ
1261 809 1464 880 ηὔξατο
1487 809 1686 877 λέγων·
1717 809 1780 862 '0

189 900 352 962 θεὸς,
394 901 460 952 σὺ
489 894 639 962 οἶδας
665 899 748 952 ὅτι
774 899 874 952 οὐκ
887 899 944 931 ⁴³
973 901 1162 971 ίσχύω.
1206 900 1315 954 Kal
1348 899 1551 962 εὐθέως
1578 899 1777 971 εὑρέθη

190 992 287 1043 ἐπὶ
320 991 416 1043 τὸν
441 990 707 1061 ποταμόν.

264 1078 352 1136 ιε’.
385 1077 497 1134 Ἦν
528 1099 610 1145 τις
655 1081 794 1152 ἔχων
833 1081 950 1134 υἱὸν
987 1081 1354 1154 παραλυτικὸν
1393 1082 1451 1134 ἐν
1480 1081 1776 1153 Αίγύπτῳο

194 1174 289 1226 καὶ
321 1173 561 1244 ἤνεγκεν
579 1173 740 1225 αὐτὸν
765 1175 845 1236 είς
865 1175 926 1226 τὸ
955 1173 1164 1227 κελλίον
1181 1172 1274 1226 τοῦ
1301 1173 1446 1226 assa
1459 1174 1745 1245 Μακαρίου
1763 1191 1775 1204 ο

191 1265 290 1318 καὶ
324 1265 491 1332 ἀφεὶς
525 1264 690 1317 αὑτὸν
723 1265 815 1317 ἐπὶ
837 1265 936 1333 τὴν
970 1265 1139 1337 θύραν
1166 1265 1441 1330 κλαίοντα,
1468 1265 1779 1338 ἀνεχώρησε

197 1358 443 1426 μακράν.
476 1355 817 1426 Παρακυψας
841 1353 932 1410 οὖν
955 1359 984 1410 ὁ
1010 1357 1208 1428 γέρων,
1238 1353 1346 1410 εἶδε
1370 1355 1432 1408 τὸ
1464 1356 1674 1410 παιδίον
1709 1358 1775 1422 ³⁸,

186 1450 287 1501 καὶ
314 1448 470 1518 λέγει
498 1447 679 1518 αὐτῷ⁹
714 1447 810 1512 Τίς
841 1449 1045 1519 ἤνεγκέ
1074 1465 1133 1501 σε
1168 1444 1304 1512 ὧδες
1341 1449 1454 1502 Kal
1495 1448 1676 1516 λέγει’
1721 1449 1778 1501 '0

187 1543 383 1612 πατήρ
416 1559 522 1611 μου
555 1541 744 1614 ἐρῤιψέ
779 1560 845 1612 με
878 1536 1002 1602 ὦδε.
1036 1543 1131 1596 καὶ
1158 1541 1389 1612 ἀπῆλθε.
1427 1542 1590 1610 Λέγει
1631 1542 1778 1613 αὐτῷ

181 1633 220 1684 ὁ
273 1631 492 1703 γέρων·
564 1631 823 1696 Ἀναστὰς
874 1632 1151 1686 ικατάλαεε
1197 1633 1379 1687 αὐτόν.
1428 1635 1536 1686 Kal
1577 1633 1777 1696 εὐθέως

190 1723 453 1791 ὑγιάνας,
489 1723 715 1794 ἀνέστη,
764 1724 856 1777 καὶ
889 1724 1161 1779 κατέλαϐε
1197 1727 1288 1779 τὸν
1319 1727 1528 1798 πατέρα
1577 1726 1738 1780 αὐτοῦ
1759 1744 1773 1758 ·

183 1815 289 1870 ,καὶ
315 1815 500 1878 οὕτως
530 1815 772 1886 ἀπῆλθον
801 1818 882 1880 είς
910 1817 1000 1870 τὸν
1037 1812 1186 1870 οἷκον
1217 1817 1415 1872 αὐτῶν.

265 1917 364 1974 ις’.
411 1909 474 1962 '0
511 1909 686 1972 asas;
725 1911 1010 1982 Μακάριος
1048 1913 1075 1964 ὁ
1117 1911 1290 1982 μέγας
1316 1911 1470 1982 ἔλεγε
1493 1916 1604 1976 τοῖς
1629 1913 1780 1967 ἁδελ-

193 2003 319 2068 φοίς
356 2001 419 2052 ἐν
447 2003 518 2070 τῇ
549 2001 767 2071 Σκήτει,
803 2001 888 2064 ’ὼς
927 2002 1128 2054 ἀπέλυε
1153 2003 1252 2072 τὴν
1291 2002 1584 2076 ἐκκλησίαν
1605 2022 1619 2036 ·
1649 2005 1783 2060 Φεύ-

192 2108 341 2159 γετε,
377 2091 622 2160 ἀδελφοί.
665 2093 772 2146 Kal
823 2088 970 2146 εἶπεν
1017 2093 1168 2164 αὐτῷ
1201 2111 1286 2158 τις
1326 2096 1436 2148 τῶν
1467 2098 1736 2169 γερόντων
1761 2117 1774 2130 ·

192 2182 305 2234 Ποῦ
339 2181 546 2252 ἔχομεν
582 2185 774 2250 φυγεῖν
796 2181 957 2234 πλέον
993 2183 1094 2251 τῆς
1125 2184 1332 2255 ἐρήμου
1357 2185 1595 2256 ταύτης;
1643 2189 1702 2240 '-U
1726 2188 1781 2242 δὲ

191 2278 364 2332 ἐτίθει
421 2279 518 2331 τὸν
555 2277 818 2332 δάκτυλον
867 2278 1035 2330 αὑτοῦ
1082 2280 1163 2342 είς
1214 2279 1276 2332 τὸ
1327 2280 1534 2351 στόμα,
1575 2281 1778 2350 λέγων’

191 2370 368 2424 Τοῦτο
391 2371 654 2441 φεύγετε.
686 2371 795 2424 Kal
821 2371 1108 2442 εἰσήρχετο
1133 2374 1214 2435 είς
1240 2371 1302 2426 τὸ
1331 2372 1540 2428 κελλίον
1559 2375 1778 2439 ἐαυτοῦ,

193 2460 289 2512 καὶ
315 2459 508 2512 ἐκλειε
539 2458 638 2530 τὴν
675 2458 870 2530 θύραν,
903 2459 999 2512 καὶ
1035 2459 1295 2530 ἐκάθητο.

264 2551 353 2615 ιζ’.
385 2548 560 2604 Εἶπεν
578 2550 613 2602 ὁ
634 2550 792 2614 αὐτὸς
825 2550 998 2614 assa;
1021 2550 1305 2624 Μακάριος
1323 2569 1336 2582 ·
1385 2553 1508 2607 Ἐάν
1525 2571 1628 2606 τινι
1659 2557 1772 2608 ἐπιο

192 2643 399 2714 τιμῶν,
450 2645 534 2706 είς
558 2644 731 2715 ὀργὴν
766 2643 1012 2715 κινηθῇς,
1049 2644 1176 2698 ἴδιον
1208 2644 1381 2709 πάθος
1415 2646 1661 2719 πληροῖς.
1695 2647 1770 2701 Οὐ

193 2735 304 2807 γὰρ
329 2736 431 2788 Ινα
463 2735 661 2797 ἄλλους
695 2733 896 2808 σώσῃς,
930 2735 1154 2790 σεαυτὸν
1185 2736 1493 2802 άπολέσεις.

257 2920 361 2985 ιη’.
395 2913 454 2967 '0
475 2913 639 2977 αὐτὸς
667 2913 839 2978 assa;
868 2915 1170 2986 Μακάριος,
1201 2919 1258 2969 ἐν
1287 2916 1545 2988 Αἰγύπτῳ
1577 2916 1673 2982 ὢν,
1693 2911 1783 2973 εὖ-

196 3022 290 3075 ρεν
319 3005 619 3077 ἄνθρωπον
641 3006 832 3077 ἔχοντα
850 3008 1046 3078 κτῆνος
1071 3009 1164 3061 καὶ
1191 3007 1453 3062 συλοῦντα
1475 3010 1573 3073 τὰς
1599 3011 1785 3082 χρείας

193 3097 366 3153 αὑτοῦ
389 3115 404 3131 ο
445 3099 548 3152 καὶ
587 3097 747 3162 αὐτὸς
771 3099 846 3164 ὡς
890 3099 1040 3165 ξένος
1089 3101 1376 3173 παραστὰς
1403 3101 1480 3172 τῷ
1513 3101 1782 3167 συλοῦντι,

194 3189 511 3260 συνεγέμου
561 3190 624 3243 τὸ
679 3191 897 3261 κτῆνος,
947 3193 1044 3244 καὶ
1100 3193 1237 3262 μετὰ
1297 3193 1500 3263 πολλῆς
1553 3194 1784 3266 ἡσυχίας

191 3281 566 3352 προέπεμπεν
594 3281 778 3344 αὑτὸν,
801 3281 1006 3350 λέγων,
1024 3283 1105 3336 ὅτι
1124 3282 1318 3336 Οὐδὲ-ν
1345 3283 1784 3354 εἰσηνέγκαμεν

189 3374 278 3438 εις
297 3371 424 3426 τὸν
465 3373 701 3441 κόσμον
731 3374 798 3438 ³⁸,
832 3372 1024 3440 δῆλον
1053 3373 1143 3428 ὅτι
1176 3375 1320 3430 οὐδὲ
1358 3374 1696 3445 ἐξενεγκεῖν
1729 3393 1782 3429 τι

189 3461 528 3533 δυνάμεθα.
575 3464 638 3517 '0
662 3465 875 3532 Κύριος
911 3465 1163 3520 ἔδωκεν·
1204 3467 1285 3534 ὡς
1331 3468 1514 3533 αὐτὸς
1565 3467 1783 3536 «ἠθέλη-

188 3571 325 3620 cer,
364 3557 566 3622 οὕτως
602 3556 702 3609 καί
747 3554 1005 3626 ἐγένετο.
1045 3560 1395 3629 Εὐλογητὸς
1441 3560 1659 3628 Κύριος
1681 3560 1781 3614 ἐπὶ

189 3648 411 3704 πᾶσιν.

265 3739 361 3793 ιθ’.
405 3737 730 3811 Ἦρὼτησάν
767 3756 912 3802 τινες
947 3738 1040 3792 τδν
1071 3739 1245 3795 ἀϐὀᾶν
1266 3741 1573 3814 Μακάριον,
1597 3743 1781 3813 λέγον-

189 3847 313 3896 τες·
365 3831 496 3894 Πῶς
535 3831 829 3902 ὀφείλομεν
863 3829 1292 3902 προσεύχεσθαις
1330 3832 1494 3901 Λέγει
1531 3835 1716 3899 αὐτοῖς
1751 3835 1780 3886 ὁ

187 3923 383 3994 γέρων
405 3939 417 3950 ·
450 3923 568 3976 Οὐκ
595 3922 714 3974 ἔστι
735 3921 894 3992 χρεία
917 3920 1280 3990 βαττολογεῖν,
1310 3922 1424 3976 ἀλλ’
1453 3926 1712 3979 ἐκτείνειν
1733 3926 1780 3958 ³⁸

188 4016 291 4078 τάς
339 4014 558 4084 χεῖρας,
603 4013 698 4067 καὶ
731 4013 944 4082 λέγειν’
997 4012 1190 4086 Κύριε,
1242 4015 1319 4079 ὡς
1366 4015 1542 4081 θέλεις
1574 4019 1669 4071 καὶ
1698 4019 1780 4083 ὡς

183 4105 374 4172 οἶδας,
395 4107 624 4176 ἐλέησον
658 4107 722 4159 ³⁷.
747 4106 875 4159 Ἐὰν
900 4105 958 4158 δὲ
989 4107 1260 4161 ἐπίκειται
1288 4108 1553 4180 πόλεμος·
1583 4111 1776 4181 Κύριε,

186 4197 388 4269 βοήθει
420 4197 488 4251 ³⁸.
523 4197 635 4250 Kal
666 4195 827 4261 αὐτὸς
850 4191 958 4249 οἶδε
985 4195 1056 4249 τά
1090 4198 1457 4271 συμφέροντα,
1500 4202 1599 4254 καὶ
1634 4203 1779 4254 ποιεῖ

192 4288 315 4360 μεθ’
353 4287 392 4358 ἡ
399 4286 520 4358 μῶν
556 4286 726 4353 ἕλεος.

1887 540 2036 588 runt.

1957 625 2045 679 M.
2089 625 2202 696 (97)
2247 624 2509 680 Dicebant
2555 624 2622 678 de
2664 621 2857 677 abbate
2901 621 3139 676 Macario
3179 621 3458 692 Egyptio,

1883 713 2030 784 quod
2063 713 2369 768 ascendens
2393 728 2422 768 e
2454 712 2600 767 Sceti
2625 749 2641 776 ,
2671 725 2734 764 ac
2767 713 3040 781 sportulas
3079 719 3324 780 portans,
3360 710 3457 764 de-

1900 804 2161 876 fatigatus
2197 803 2680 873 sedit;oravitque
2707 802 2774 856 ad
2816 785 2961 856 hunc
2995 804 3212 856 modum
3247 822 3258 856 :
3297 801 3456 864 Dens,

1882 905 1942 952 tu
1969 898 2077 953 scis
2099 897 2232 952 nihil
2268 897 2399 952 mihi
2443 897 2645 951 virium
2705 911 3008 965 superesse.
3040 895 3106 950 Et
3130 896 3274 949 illico
3304 895 3458 964 juxta

1882 987 2108 1043 ﬂuvium
2131 997 2211 1042 est
2230 989 2465 1046 delatus.

1955 1081 2041 1136 15.
2085 1082 2197 1148 (98)
2226 1080 2466 1147 Quidam
2511 1082 2566 1134 iu
2613 1080 2849 1152 Egypto
2882 1080 3048 1134 tilium
3087 1080 3320 1134 habebat
3373 1095 3464 1149 pa-

1891 1173 2178 1243 ralyticum
2211 1189 2226 1238 ;
2253 1181 2307 1227 et
2341 1173 2464 1227 tulit
2497 1188 2620 1226 eum
2652 1175 2716 1226 ad
2741 1175 2932 1226 cellam
2960 1174 3172 1226 abbatis
3205 1172 3456 1235 Macarii;

1879 1263 2190 1331 relinquens
2237 1270 2416 1317 autem
2439 1262 2508 1314 ad
2552 1261 2754 1316 ostium
2782 1263 3104 1332 plorantem,
3147 1264 3306 1332 longe
3334 1263 3464 1316 abs-

1879 1355 2066 1409 cessit.
2137 1353 2305 1423 Igitur
2353 1369 2516 1408 senex
2559 1353 2816 1408 deorsum
2849 1355 3121 1424 aspiciens
3161 1355 3297 1407 vidit
3326 1371 3460 1422 νηρ-

1879 1461 2000 1500 rum
2033 1462 2047 1511 ;
2097 1453 2152 1499 et
2201 1445 2560 1514 interrogavit
2597 1461 2719 1499 eum
2770 1464 2782 1499 :
2819 1444 2963 1511 Quis
2997 1453 3049 1500 te
3090 1447 3197 1501 huc
3240 1448 3462 1500 attulit?

1880 1535 2184 1606 Respondit
2219 1553 2232 1589 :
2265 1536 2424 1592 Pater
2455 1553 2610 1593 meus
2650 1537 2738 1591 hic
2779 1553 2865 1592 me
2898 1539 3161 1608 projecit,
3205 1547 3258 1592 et
3293 1540 3457 1596 abiit.

1881 1628 2022 1682 Dicit
2066 1630 2115 1683 ei
2145 1644 2312 1684 senex
2348 1647 2361 1683 :
2390 1628 2628 1700 Surgens
2649 1645 2950 1700 'assequerc
2981 1647 3124 1685 eum.
3161 1629 3462 1701 Statimque

1881 1719 2116 1774 sanitate
2152 1728 2473 1790 recuperata
2515 1721 2773 1782 surrexit,
2803 1729 2860 1774 et
2891 1729 3103 1788 patrem
3135 1730 3462 1775 consecutus

1813 1803 1857 1858 Β
1890 1819 1980 1866 est
2020 1828 2035 1864 :
2075 1818 2239 1880 atque
2269 1812 2342 1864 ita
2369 1811 2576 1867 reversi
2607 1819 2735 1865 sunt
2774 1811 2828 1865 in
2853 1811 3076 1865 domum
3109 1828 3282 1867 suam.

1963 1903 2052 1958 16.
2100 1902 2215 1973 (99)
2255 1901 2437 1958 Abbas
2474 1902 2746 1958 Macarius
2785 1919 3017 1975 magnus
3081 1903 3299 1959 dicebat
3357 1904 3463 1958 fra-

1882 1997 2064 2052 tribus
2115 1999 2171 2052 in
2221 1996 2410 2062 Sceti,
2459 2005 2744 2068 postquam
2785 1998 3073 2053 ecclesiam
3120 1998 3456 2053 dimisisset:

1884 2088 2116 2160 Fugite,
2161 2089 2379 2145 fratres.
2435 2090 2523 2142 Ait
2562 2091 2638 2143 illi
2681 2090 2957 2144 seniorum
3011 2091 3228 2159 quidam
3263 2105 3277 2137 =
3315 2089 3462 2153 Quo-

1890 2198 2015 2236 nam
2047 2182 2231 2254 fugere
2255 2183 2554 2253 poterimus
2594 2183 2734 2236 ultra
2761 2182 3111 2238 solitudinem
3141 2183 3283 2238 hanc
3301 2184 3326 2265 ξ
3347 2183 3465 2251 Ipse

1887 2290 2018 2330 vero
2056 2275 2282 2346 digitum
2313 2291 2470 2330 suum
2499 2276 2564 2328 ad
2599 2289 2661 2328 os
2705 2275 2955 2344 ponebat,
2993 2275 3182 2329 dicens
3227 2291 3238 2325 :
3274 2273 3464 2344 Fugite

1884 2366 2009 2420 hoc.
2043 2365 2181 2419 Tum
2226 2365 2636 2436 ingrediebatur
2660 2365 2713 2419 in
2736 2366 2927 2419 cellam
2969 2381 3149 2431 suam,
3184 2376 3238 2420 et
3267 2366 3464 2421 clauso

1883 2460 2030 2514 ostio
2059 2457 2305 2514 sedebat.

1958 2551 2044 2605 t7.
2088 2551 2164 2620 (1)
2205 2549 2352 2603 Dixit
2406 2549 2545 2605 idem
2599 2550 2771 2605 abbas
2821 2547 3092 2605 Macarius
3128 2569 3141 2605 :
3173 2549 3228 2603 Si
3275 2566 3465 2619 quem-

1885 2642 2030 2712 piam
2079 2638 2432 2709 increpando,
2485 2641 2549 2695 ad
2604 2641 2739 2694 iram
2787 2643 3190 2705 commoveris,
3247 2642 3462 2694 πισοί-ιιιὶ

1887 2744 1982 2788 ιιιο
2007 2731 2304 2788 satisfacis.
2335 2729 2456 2785 Non
2494 2731 2639 2787 enim
2673 2738 2731 2784 ut
2757 2731 2895 2786 alios
2925 2733 3131 2800 salves,
3160 2735 3359 2804 perdes-
3384 2741 3465 2787 te-

1885 2823 2086 2894 ipsum.

1960 2914 2044 2969 18.
2086 2913 2164 2985 (2)
2225 2913 2372 2967 Idem
2451 2912 2624 2968 abbas
2691 2911 2960 2970 Macarius
3016 2915 3144 2970 dum
3205 2925 3351 2972 esset
3411 2918 3464 2970 in

1885 3006 2146 3078 Egypto,
2182 3007 2394 3062 invenit
2428 3006 2705 3064 hominem
2732 3007 3022 3062 habentem
3055 3008 3384 3077 jnmentum,
3412 3020 3466 3065 et

1889 3099 2219 3168 praedantem
2256 3113 2378 3169 qua:
2417 3100 2483 3154 ad
2524 3114 2690 3154 usum
2741 3114 2905 3153 suum
2951 3098 3264 3168 possidebat
3303 3117 3315 3151 :
3351 3101 3466 3170 ipse

1891 3207 2018 3247 vero
2067 3201 2327 3262 tanquam
2356 3191 2679 3262 peregrinus
2725 3200 2914 3246 astans
2973 3192 3102 3252 furi,
3135 3208 3241 3246 una
3270 3206 3468 3247 onera-

1887 3282 1979 3337 bat
2012 3282 2343 3352 jumenturn.
2379 3297 2684 3351 magnaque
2708 3297 2832 3335 cum
2856 3282 3040 3351 quiete
3069 3283 3461 3352 deduxiteupi,

1884 3375 2074 3429 dicens
2104 3393 2118 3428 :
2161 3373 2316 3428 Nihil
2345 3373 2625 3428 intulimus
2659 3373 2715 3426 in
2748 3373 3004 3426 mundum
3035 3391 3052 3426 :
3081 3374 3224 3427 haud
3247 3374 3464 3428 dubium

1881 3467 2020 3538 quod
2046 3483 2136 3521 nec
2175 3466 2385 3528 auferre
2425 3467 2552 3538 quid
2568 3483 2848 3537 possumus
2873 3465 2941 3518 ³⁹.
2980 3466 3234 3521 Dominus
3272 3467 3412 3521 dedit
3445 3484 3462 3520 :

1881 3560 2018 3614 sicut
2053 3560 2164 3630 ipse
2193 3561 2379 3624 voluit,
2424 3561 2503 3613 ita
2547 3569 2597 3614 et
2646 3559 2847 3630 factum
2881 3570 2982 3614 est.
3015 3559 3328 3616 Benedictus
3355 3562 3463 3616 Do-

1881 3652 2055 3706 minus
2078 3653 2130 3704 in
2156 3649 2394 3704 omnibus
2411 3649 2478 3704 “.

1953 3743 2040 3797 19.
2085 3742 2161 3813 (5)
2200 3743 2678 3812 lnterrogaverunt
2717 3740 2937 3810 quidam
2992 3739 3242 3794 abbatem
3286 3740 3462 3794 Maca-

1882 3835 2044 3894 rium,
2083 3833 2325 3889 dicentes
2354 3851 2369 3888 ι
2424 3833 2544 3900 Quo
2591 3835 2750 3888 modo
2779 3834 3043 3888 debemus
3075 3832 3283 3884 orare?
3324 3830 3460 3886 Res-

1877 3927 2070 3998 pondit
2099 3927 2208 3982 illis
2243 3942 2435 3982 senex:
2468 3925 2586 3980 Non
2620 3941 2758 3996 opus
2788 3934 2872 3980 est
2903 3917 3047 3994 loqui
3077 3925 3330 3990 multum,
3366 3924 3461 3978 seti

1879 4017 2234 4074 extendendae
2264 4025 2391 4072 sunt
2428 4031 2623 4071 manus
2649 4058 2664 4080 ,
2709 4015 3239 4086 proferendumqne:
3279 4015 3462 4069 Domi-

1878 4124 1966 4168 ne.
2005 4109 2148 4164 sicut
2183 4108 2266 4163 vis
2292 4116 2347 4162 et
2395 4107 2538 4163 sicut
2572 4107 2740 4169 nosti,
2773 4107 3050 4162 miserere.
3084 4105 3138 4158 Si
3168 4113 3347 4160 autem
3380 4105 3458 4158 in-

1879 4201 2085 4270 gruerit
2134 4200 2452 4255 tentationis
2483 4201 2823 4271 impugnatio
2845 4239 2859 4262 ,
2901 4199 3008 4253 dici
3040 4197 3235 4252 debet:
3280 4197 3464 4253 Domi-

1879 4308 1966 4351 ne.
2029 4290 2247 4361 adjuva.
2312 4293 2432 4362 Ipse
2489 4294 2593 4347 scit
2649 4309 2774 4364 qua:
2825 4291 3158 4362 expediant,
3212 4303 3265 4346 et
3331 4291 3462 4347 facit

1878 4383 2161 4439 nobiscum
2187 4384 2644 4440 misericordiam.

256 4479 330 4527 κ’.
374 4465 544 4524 Εἶπεν
579 4471 608 4524 ὁ
637 4469 811 4533 assa;
836 4469 1119 4542 Μακάριος
1139 4487 1154 4500 ο
1187 4470 1251 4523 Ei.
1280 4471 1503 4540 γέγονεν
1541 4474 1598 4526 ἐν
1629 4475 1712 4526 σο).
1741 4476 1774 4546 ἡ

1948 4476 2040 4534 20.
2083 4476 2161 4548 (4)
2202 4475 2346 4530 Dixit
2395 4478 2562 4533 abbas
2597 4477 2899 4534 Macarius:
2939 4477 2995 4534 Si
3029 4482 3173 4551 apud
3209 4491 3262 4536 te
3290 4480 3460 4536 exsti-

187 4563 552 4629 ἐξουδένωσις
573 4563 650 4624 ὡς
677 4565 706 4616 ὁ
735 4561 976 4627 ἔπαινος,
1005 4564 1100 4616 καὶ
1118 4565 1152 4633 ἡ
1186 4563 1342 4617 πενία
1363 4565 1438 4628 ὼς
1464 4567 1492 4618 ό
1523 4565 1772 4632 πλοῦτος,

186 4658 284 4710 καὶ
317 4657 358 4727 ἡ
397 4655 576 4708 ἔνδεια
599 4655 674 4718 ὼς
695 4657 728 4724 ἡ
757 4655 1030 4724 δαψίλεια,
1055 4657 1153 4710 οὐκ
1187 4657 1570 4729 ἀποθνήσκεις.
1607 4661 1775 4733 Ἀμή-

185 4764 362 4816 χανον
392 4746 504 4816 γάρ
532 4748 649 4799 ἐστι
686 4748 779 4798 τὸν
813 4745 997 4810 καλῶς
1028 4747 1374 4811 πιστεύοντα,
1407 4751 1498 4803 καὶ
1530 4753 1587 4804 ἐν
1619 4753 1775 4806 εὐσε-

183 4839 311 4909 ϐείᾳ
362 4838 754 4908 ἐργαζόμενον,
795 4840 1059 4909 ἐμπεσεῖν
1085 4842 1164 4903 εἰς
1209 4841 1550 4914 ἀκαθαρσίαν
1588 4844 1777 4900 παθῶν

184 4931 282 4982 καὶ
308 4930 590 4998 δαιμόνων
617 4929 849 4999 πλάνην.
1291 4942 1294 4944 ⁷

255 5019 372 5075 κα’.
409 5021 661 5087 Ἔλεγον,
691 5023 774 5075 ὅτι
807 5020 1123 5091 ἐσφάλησαν
1150 5023 1244 5078 δύο
1281 5025 1500 5096 ἀδελφοὶ
1540 5028 1738 5098 Σκῆτιν
1759 5043 1773 5058 ⁸

181 5115 277 5166 καὶ
305 5111 582 5184 ἐχώρισεν
611 5113 808 5178 αὐτοὺς
831 5115 860 5168 ὁ
888 5112 1062 5178 assa;
1087 5119 1373 5190 Μακάριος
1401 5121 1430 5172 ὁ
1457 5119 1730 5184 πολιτικός
1753 5139 1768 5153 ο

255 5294 302 5324 ³¹
321 5294 410 5347 AI.
446 5293 672 5364 μεγάλε.
769 5295 814 5327 ³³
837 5297 922 5350 AI.
948 5295 1153 5350 οὐκέτι.

178 5365 467 5424 ιωκνάῴ.
495 5363 751 5420 Dorothei
785 5366 956 5436 Epist.
994 5368 1048 5422 1.
1124 5367 1169 5399 ⁸⁷
1201 5366 1286 5421 Al.
1329 5367 1454 5423 add.
1489 5384 1576 5438 με.

250 5520 372 5588 (97)
417 5517 523 5574 Vit.
557 5519 710 5576 Patr.
744 5537 806 5588 It,
831 5522 884 5576 6.

250 5591 370 5660 (98)
418 5588 530 5660 Vit.
561 5589 715 5646 Patr.
747 5609 806 5658 ιι,
835 5593 885 5646 7.

250 5661 370 5727 (99)
412 5659 519 5714 Vit.
556 5660 710 5716 Patr.
744 5678 818 5729 tv,
840 5663 932 5718 27.

248 5730 337 5796 (1)
385 5729 492 5785 Vit.
529 5730 680 5788 Patr.
710 5747 793 5801 III,
827 5733 926 5800 87;
959 5749 1033 5801 tv,
1082 5732 1186 5803 28;
1219 5736 1455 5807 Appeud.
1501 5752 1553 5807 p.
1603 5735 1761 5805 1001,

1245 5293 1311 5328 ’³⁸
1339 5295 1422 5350 Al.
1450 5294 1578 5352 add.
1628 5297 1710 5350 ὅτι
1755 5294 1989 5350 ἔκλαιεν.

1653 5367 1700 5399 ³⁸
1727 5365 1812 5422 ΑΙ.
1845 5366 1969 5421 add.
2009 5383 2117 5437 μοι.
2195 5368 2238 5398 ³⁹
2278 5366 2298 5419 1
2329 5366 2470 5420 Tim.
2499 5382 2574 5432 vt,
2609 5369 2658 5422 7.
2725 5369 2772 5401 ⁸ο
2801 5368 2903 5423 Job
2932 5385 2969 5434 I,
3003 5369 3092 5427 21.

1881 4569 2007 4624 terit
2031 4578 2380 4639 contemptus
2397 4571 2542 4625 velut
2565 4571 2704 4633 laus,
2732 4580 3022 4641 paupertas
3079 4583 3336 4644 tanquam
3372 4573 3458 4626 ili-

1882 4662 2027 4717 vitite
2052 4704 2067 4728 ,
2106 4663 2403 4734 indigentia
2443 4664 2586 4718 sicut
2624 4665 2978 4727 abundantia,
3027 4682 3132 4720 non
3184 4665 3454 4720 u‘mrieris.

1883 4749 2027 4806 Fieri
2071 4753 2217 4808 enim
2269 4769 2379 4808 non
2420 4762 2618 4824 potest,
2671 4763 2730 4808 ut
2764 4755 2860 4824 qui
2900 4764 3047 4810 recte
3089 4757 3284 4820 credit,
3317 4757 3452 4811 etin

1885 4847 2086 4915 pietate
2129 4837 2406 4914 operatur',
2459 4845 2666 4900 incidat
2703 4845 2757 4900 in
2802 4845 3057 4901 vitiorum
3111 4848 3342 4910 sordes,
3391 4865 3456 4902 ac

1883 4935 2190 4990 dtemonum
2225 4950 2490 4991 errorem.

1951 5029 2040 5082 21.
2084 5027 2412 5084 Referebant
2449 5047 2461 5083 :
2507 5029 2624 5083 Duo
2668 5028 2868 5085 fratres
2915 5031 2970 5086 in
3019 5029 3165 5086 Sceti
3211 5031 3455 5101 delique-

1879 5127 2042 5184 runt;
2093 5133 2234 5188 quos
2282 5118 2588 5190 segregavit
2615 5133 2714 5174 seu
2747 5122 3244 5179 excommunicavit
3281 5123 3452 5177 abbas

2091 5297 2135 5328 ³⁵
2170 5296 2335 5350 Abest
2388 5297 2458 5351 ab
2506 5297 2577 5351 al.
2629 5298 2734 5354 hoc
2768 5313 3001 5354 comma.
3079 5301 3124 5333 ³⁸
3158 5302 3242 5355 Al.
3279 5301 3445 5358 inscr.

1873 5541 1928 5580 n.
1966 5525 2052 5578 17.

1943 5594 2020 5664 (2)
2073 5592 2177 5648 Vit.
2206 5594 2353 5649 Patr.
2383 5611 2492 5659 XVI,
2519 5593 2572 5648 6.

1945 5667 2020 5731 (5)
2076 5665 2177 5716 Vit.
2205 5665 2357 5719 Patr.
2395 5682 2492 5728 xn,
2528 5667 2611 5720 10.

1948 5737 2026 5805 (lt)
2079 5731 2182 5791 Vit.
2223 5735 2371 5791 Patr.
2409 5753 2636 5802 xxxvln,
2661 5737 2716 5794 ‘2.
