3874 6316
157 297 254 332 6³99.

159 299 254 350 27?-
1292 299 1912 358 APOPHTHEGMATA
1953 303 2262 360 PATRUM.

3314 323 3420 378 σει-ι

221 415 336 466 κ.,’.
383 405 674 479 Παρέὄαλέ
718 425 848 463 ποτε
890 411 918 462 6
957 410 1131 475 ἀδεεῖς
1160 414 1446 486 Μακάριος
1479 419 1556 489 τῷ
1600 418 1741 489 ἁϐϐᾷ

1917 419 2011 474 26.
2049 421 2362 491 Aliquando
2380 423 2631 479 abbatem
2655 429 2950 484 Antonium
2970 435 3227 488 convenit
3250 436 3420 496 abbas

164 498 436 568 Ἀντωνίῳ
463 517 476 529 ·
515 501 611 554 καὶ
642 500 885 574 λαλήσας
919 503 1090 575 αὐτῷ,
1127 505 1465 579 ὑπέστρεψεν
1489 512 1570 573 είς
1596 511 1740 582 Σκῆ-

149 603 248 641 τιν.
283 591 398 643 Καὶ
426 585 592 662 ἦλθον
616 595 666 645 οἱ
697 595 939 666 Πατέρες
963 599 1041 660 εἰς
1070 598 1378 670 ἀπάντησιν
1409 601 1592 656 αὑτοῦ.
1629 603 1740 656 Καὶ

150 681 222 744 ὡς
249 680 501 748 ἐλάλουν,
545 681 698 738 εἶπεν
733 688 916 751 αὐτοῖς
945 688 974 740 6
1017 688 1223 758 γέρωνσ
1265 693 1442 764 "Erg-qv
1480 694 1557 765 τῷ
1597 695 1740 766 ἀδδᾷ

163 775 472 846 ’Δντωνίῳ,
511 779 586 841 ὡς
626 781 727 834 οὐκ
763 779 960 852 ἔχομεν
1011 787 1328 858 προσφορὰν
1371 789 1430 841 ἐν
1472 788 1549 859 τῷ
1591 790 1740 862 τόπῳ

151 865 325 934 ἡμῶν.
375 867 490 922 Καὶ
525 866 760 940 ἢρξαντο
797 874 847 925 οἱ
887 873 1129 947 Πατέρες
1161 875 1341 930 λαλεῖν
1381 878 1509 949 περὶ
1546 877 1740 943 ἄλλων,

149 961 239 1012 καὶ
283 961 388 1013 οὐκ
421 960 716 1034 ἠρώτησαν
759 963 838 1018 ἔτι
883 966 1074 1036 μαθεῖν
1117 967 1215 1040 τὴν
1255 968 1549 1041 ἀπόκρισιν
1590 971 1742 1044 παρὰ

150 1047 240 1102 τοῦ
269 1050 554 1122 γέροντος,
591 1053 718 1108 οὔτε
754 1058 783 1109 6
817 1057 996 1129 γέρων
1031 1059 1216 1125 αὐτοῖς
1253 1058 1396 1118 εἷπε.
1439 1064 1609 1118 Τοῦτο
1649 1061 1741 1120 οὖν

151 1139 302 1208 ἐλεγέ
337 1158 428 1204 τις
455 1141 568 1196 τῶν.
603 1145 884 1218 Πατέρων,
921 1149 1002 1202 ὅτι
1039 1150 1134 1203 ἐὰν
1186 1151 1368 1205 ἴδωσιν
1407 1156 1457 1206 οἱ
1499 1155 1743 1228 Πατέρες

149 1231 226 1284 ὅτι
279 1231 544 1287 λανθάνει
589 1239 714 1301 τοὺς
763 1238 1028 1310 ἀδελφοὺς
1073 1242 1153 1313 τῷ
1194 1243 1238 1274 ¹⁵¹
1291 1245 1568 1317 ἐρωτῆσαι
1614 1250 1744 1319 περὶ

149 1325 480 1396 πράγματος
495 1326 836 1395 ὠφελοῦντος
862 1333 1078 1400 αὐτοὺς,
1099 1335 1498 1406 ἀναγκάζουσιν
1519 1340 1745 1404 ἑαυτοὺς

149 1418 324 1470 εἰπεῖν
345 1417 528 1489 ἀρχὴν
548 1421 644 1473 τοῦ
673 1421 834 1492 λόγου
859 1443 872 1456 ο
899 1425 994 1478 ἐὰν
1024 1426 1081 1479 δὲ
1117 1427 1192 1499 μὴ
1219 1429 1614 1497 ἀναγκασθῶσι
1645 1406 1746 1486 πα-

151 1508 218 1580 ρὰ
241 1507 358 1572 τῶν
391 1511 664 1581 ἀδελφῶν,
707 1517 809 1569 οὐκ
839 1516 920 1570 ἔτι
960 1517 1182 1572 λαλοῦσι
1214 1520 1304 1573 τὸν
1329 1520 1518 1590 λόγον·
1553 1523 1639 1578 ἵνα
1668 1525 1741 1596 μὴ

147 1601 450 1672 εὑρεθῶσιν
481 1604 560 1668 ὡς
596 1606 670 1678 μὴ
717 1608 1137 1680 ἐπερωτώμενοι
1171 1612 1263 1665 κα)⁸
1303 1612 1610 1679 λαλοῦντες,
1651 1617 1744 1678 καί

145 1693 220 1756 ὡς
245 1695 556 1766 ἀργολογία
585 1699 932 1772 εὑρίσκηται.

1845 509 2142 577 Macarius,
2171 515 2470 586 habitoque
2513 516 2580 570 ad
2625 534 2748 574 eum
2780 536 3054 588 sermone,
3085 524 3287 582 Scetim
3329 545 3420 584 re-

1841 620 2036 662 versus
2061 615 2164 664 est.
2199 607 2427 663 Obviam
2477 611 2524 664 ei
2577 625 2966 682 processerunt
2991 615 3203 676 Patres.
3243 620 3308 675 Et
3363 623 3421 678 in

1844 697 2118 768 colloquio
2141 699 2218 752 ait
2249 699 2357 756 illis
2393 715 2593 757 senex:
2623 703 2814 759 Abbati
2838 705 3078 762 Antonio
3100 711 3233 777 dixi,
3269 715 3418 783 quod

1845 786 1900 841 in
1933 787 2056 844 loco
2089 799 2281 846 nostro
2311 807 2600 848 careamus
2629 793 2928 853 oblatione.
2978 799 3276 871 Coeperunt
3311 805 3420 860 Pa—

1843 889 1955 935 tres
1986 881 2256 938 disserere
2283 884 2402 940 aliis
2431 887 2497 941 de
2529 887 2710 952 rebus,
2775 903 2874 944 nec
2913 891 3285 960 requisierunt
3336 911 3420 952 re-

1845 987 2111 1044 Sponsum
2145 976 2357 1032 discere
2383 992 2413 1030 a
2444 993 2594 1042 sene,
2632 997 2732 1035 nec
2764 996 2928 1036 senex
2971 983 3052 1039 eis
3101 988 3421 1054 prolocutus

1845 1073 1946 1121 est.
1975 1066 2084 1121 Hoc
2117 1083 2248 1140 ergo
2296 1072 2686 1139 pronuntiabat
2735 1073 2955 1128 Patrum
2987 1075 3210 1146 quidam
3243 1079 3419 1134 :Cum

1823 1157 2086 1212 eviderint
2109 1158 2324 1226 Patres,
2357 1176 2388 1215 e
2418 1161 2648 1217 fratrum
2675 1167 2937 1220 memoria
2977 1169 3228 1226 excidere
3259 1179 3320 1227 ut
3345 1172 3426 1226 in-

1843 1257 2122 1320 terrogent
2153 1250 2221 1306 de
2259 1267 2319 1307 re
2369 1251 2438 1308 iis
2484 1255 2627 1319 utili,
2680 1257 3063 1313 necessitatem
3105 1260 3213 1314 sibi
3247 1261 3422 1334 impo-

1845 1347 1985 1394 nunt
2017 1341 2350 1412 principium
2399 1345 2668 1400 orationis
2720 1344 3069 1416 proferendi:
3104 1351 3252 1419 quod
3293 1353 3340 1408 si
3389 1369 3420 1408 a

1845 1433 2112 1488 fratribus
2143 1451 2252 1490 non
2285 1436 2595 1507 adigantur,
2627 1453 2737 1492 non
2771 1451 3178 1511 persequuntur
3211 1459 3423 1500 sermo-

1845 1541 1992 1590 nem,
2026 1534 2083 1580 ut
2131 1543 2202 1582 ne
2241 1526 2719 1598 deprehendantur
2761 1531 2932 1586 locuti
2968 1549 3145 1604 neque
3184 1535 3421 1592 interro-

1844 1618 1976 1688 gati,
2009 1619 2370 1691 videaturque
2394 1623 2728 1680 esse'otiosa
2772 1625 3010 1696 loquela.

213 1787 316 1850 κζ’.
345 1789 667 1860 Ἦρώτησεν
695 1793 723 1845 6
753 1769 926 1858 ἀδϐἄς
964 1795 1192 1864 Ἡσαΐας
1215 1799 1306 1856 τὸν
1334 1801 1508 1855 άδόἄν
1539 1801 1736 1856 Μακά-

1909 1801 2000 1856 27.
2036 1801 2194 1858 Hunc
2221 1805 2278 1864 in
2313 1807 2536 1864 modum
2565 1817 2918 1879 percontatus
2955 1819 3040 1868 est
3061 1807 3230 1868 abbas
3255 1811 3424 1869 lsaias

149 1895 278 1948 ριον,
313 1880 500 1949 λέγων
523 1901 537 1913 ο
579 1883 717 1938 Είπέ
759 1904 849 1956 μοι
882 1888 1054 1959 ῥῆμα.
1087 1891 1198 1946 Καὶ
1227 1892 1374 1962 λέγει
1402 1893 1552 1964 αὐτῷ
1578 1896 1606 1948 6
1641 1895 1737 1964 γέ-

149 1988 286 2042 ρων·
327 1973 514 2042 Φεῦγε
555 1977 684 2040 τοὺς
729 1978 1066 2051 ἀνθρώπους.
1115 1983 1278 2052 Λέγει
1323 1984 1470 2055 αὐτῷ
1509 1987 1537 2038 6
1567 1985 1740 2051 άϐϐᾶς

157 2065 392 2129 Ἡσαΐας
411 2083 424 2096 ·
462 2067 530 2120 Τί
563 2068 679 2122 ἐστι
709 2069 770 2122 τὸ
797 2071 1020 2141 φεύγειν
1051 2075 1179 2140 τοὺς
1203 2075 1523 2147 ἀνθρώπους
1543 2096 1556 2144 ;
1579 2142 1582 2144 π
1603 2079 1660 2132 Ὀ
1684 2080 1740 2132 δὲ

146 2159 324 2228 γέρων
373 2155 533 2214 εἶπεν
567 2162 742 2234 αὐτῷ’
783 2165 856 2217 T6
889 2167 1111 2221 καθίσαι
1154 2172 1234 2234 εἰς
1271 2169 1332 2223 τὸ
1367 2172 1574 2227 κελλίον
1609 2191 1702 2227 σου
1724 2217 1736 2238 ,

145 2251 234 2302 καὶ
269 2250 514 2306 κλαῦσαι
543 2255 642 2318 τὰς
671 2239 948 2330 ἁμαρτίας
985 2277 1100 2316 σου.

211 2351 322 2414 κη’.
383 2346 618 2415 Ἔλεγεν
651 2351 678 2401 6
711 2351 884 2416 ὰϐϐᾶς
929 2353 1268 2422 Παιρνούτιος
1302 2357 1328 2410 6
1363 2357 1610 2429 μαθητὴς
1645 2359 1738 2412 τοῦ

145 2437 288 2492 ὰϐὗᾶ
319 2441 642 2513 Μακαρίου,
679 2445 760 2498 ὅτι
808 2447 1167 2519 Παρεκάλεσα
1214 2451 1304 2502 τὸν
1342 2451 1564 2522 Πατέρα
1599 2470 1700 2524 μου
1723 2495 1738 2517 ,

145 2533 316 2602 λέγων
337 2551 352 2564 ·
387 2534 530 2589 Εἰπέ
564 2555 654 2607 μοι
682 2538 860 2607 λόγον.
907 2541 965 2594 '0
986 2541 1042 2594 δὲ
1069 2541 1176 2613 ἔφη
1195 2561 1209 2574 ·
1240 2544 1331 2614 Μὴ
1363 2547 1740 2620 κακοποιήσῃς

143 2625 262 2678 τινα
282 2667 296 2688 ,
335 2627 478 2698 μηδὲ
507 2629 843 2704 κατακρίνῃς
867 2631 1008 2684 τινά.
1035 2632 1220 2688 Ταῦτα
1251 2635 1426 2704 τήρει,
1451 2635 1545 2688 καὶ
1570 2633 1734 2708 σώζῃ.

212 2715 322 2767 κθ’.
363 2713 538 2770 Εἶπεν
575 2721 604 2771 6
643 2719 819 2784 ὰϐϐᾶς
861 2723 1180 2796 Μακάριος⁸
1217 2725 1310 2796 Μὴ
1352 2725 1622 2798 κοιμηθῇς
1663 2731 1742 2792 εἰς

147 2805 360 2860 κελλξον
397 2808 632 2877 ἀδελξοῦ
659 2811 873 2882 ἔχοντος
905 2815 1082 2886 κακὴν
1109 2818 1313 2888 φήμην.

213 2899 278 2951 λ’.
317 2901 646 2972 Παρέϐαλόν
672 2921 802 2957 ποτε
835 2905 913 2977 τῷ
937 2906 1080 2978 άϐϐᾄ
1119 2909 1390 2981 Μακαρίῳ
1421 2910 1642 2981 ἀδελφοὶ
1663 2914 1741 2976 είς

145 2993 374 3064 Σκῆτιν,
404 2995 502 3048 καὶ
530 2997 628 3066 οὐχ
667 2991 827 3069 εῦρον
855 3000 913 3052 ἐν
947 2998 1024 3070 τῷ
1052 3000 1248 3070 κελλίῳ
1277 3001 1440 3056 αὐτοῦ
1487 3004 1659 3067 οὐδὲν,
1694 3007 1742 3058 εί

147 3088 222 3159 μὴ
247 3087 406 3159 ὕδωρ
441 3090 669 3161 σαπρόν.
705 3091 814 3145 Καὶ
845 3091 1094 3162 λέγουσιν
1138 3095 1318 3166 αὐτῷ·
1366 3095 1553 3162 Ἀϐϐά,
1587 3097 1744 3170 δεῦρο

143 3183 258 3234 ἂνω
283 3183 372 3244 εἰς
399 3181 502 3253 τὴν
527 3181 744 3256 κώμην,
775 3185 870 3238 καὶ
891 3187 1244 3258 ἀναπαύομέν
1269 3205 1350 3242 σε.
1372 3191 1535 3258 Λέγει
1561 3192 1744 3254 αὐτοῖς

143 3275 172 3328 6
197 3273 416 3348 γέρωνο
455 3275 671 3340 Οἴδατε,
713 3277 952 3346 ἀδελφοὶ,
978 3279 1038 3332 τὸ
1065 3281 1422 3354 ἁρτοκοπεῖον
1453 3283 1546 3336 τοῦ
1576 3284 1746 3348 δεῖνος

143 3365 223 3426 εἰς
243 3365 354 3434 τὴν
383 3363 614 3437 κώμην;
655 3367 764 3420 Καὶ
805 3367 1058 3437 λέγουσιν
1092 3371 1240 3442 αὑτῷ
1261 3391 1272 3403 ·
1299 3374 1426 3427 Ναί.
1462 3373 1604 3447 Ἔφη
1645 3377 1745 3429 αὐ-

141 3459 258 3518 τοῖς
282 3457 314 3508 6
339 3455 529 3528 γέρων
549 3475 562 3489 ⁸
603 3459 776 3528 Κάγὼ
802 3457 919 3515 οἴδα
945 3463 1098 3517 αὐτὰ
1128 3465 1320 3519 Οἴδατε
1350 3467 1525 3520 καὶτὸ
1547 3470 1746 3542 χωρίον

143 3548 236 3600 τοῦ
274 3549 458 3612 δεῖνος
491 3551 624 3603 ὅπου
655 3555 684 3606 6
717 3555 960 3624 ποταμὸς
991 3555 1211 3627 κρούεις
1245 3559 1512 3627 Λέγουσιν
1555 3561 1707 3632 αὐτῷ
1727 3581 1741 3593 ·

143 3637 272 3690 Ναί.
317 3639 488 3706 Λέγει
533 3642 715 3705 αὐτοῖς
742 3644 770 3695 6
802 3644 998 3715 γέρων·
1049 3645 1219 3714 Κάγὼ
1263 3643 1378 3700 οῖδα
1433 3649 1582 3704 αὐτό.
1617 3640 1746 3704 Ὅτε

143 3725 238 3782 οὖν
277 3727 460 3796 θέλω,
489 3731 550 3784 οὗ
585 3732 775 3804 χρείαν
816 3736 968 3804 ὑμῶν
1013 3736 1158 3807 ἔχω,
1203 3737 1316 3791 ἀλλ’
1363 3741 1584 3813 ἐμαυτῷ
1623 3743 1748 3796 ἁνα-

145 3817 302 3882 6άζω
331 3823 406 3873 ⁸⁸.

213 3909 320 3964 λα’.
361 3911 592 3982 Ἔλεγον
623 3933 688 3967 πε
700 3915 752 3986 pi.
777 3915 872 3968 τοῦ
903 3917 1047 3972 άϐϐᾶ
1071 3919 1378 3991 Μακαρίου,
1406 3923 1487 3975 ὅτι
1508 3925 1555 3976 εἰ
1577 3941 1746 3996 7:90:1-

143 4012 356 4075 ηρχετο
387 4007 536 4076 αὑτῷ
571 4007 817 4078 ἀδελφὸς,
861 4009 936 4073 ὡς
970 4001 1110 4083 ἅγίῳ
1143 4013 1361 4084 γέροντι
1408 4015 1500 4067 καὶ
1528 4017 1748 4087 μεγάλῳ

147 4095 292 4164 μετὰ
325 4095 694 4166 φόϐου,οὺδὲν
709 4101 886 4154 ἐλάλει
907 4101 1074 4173 αὐτῷ.
1105 4103 1168 4156 Εἰ
1194 4103 1248 4156 δὲ
1275 4103 1458 4172 ἔλεγεν
1487 4106 1635 4176 αὐτῷ
1667 4125 1748 4170 τις

143 4188 256 4241 τῶν
281 4189 540 4258 ἀδελφῶν
571 4191 648 4253 ὼς
678 4191 969 4256 ἐξουθενῶν
1009 4193 1168 4246 αὐτόν
1189 4213 1201 4224 ·
1254 4194 1446 4256 Ἀϐϐά,
1478 4190 1588 4266 ἆρα
1620 4197 1748 4250 ὅταν

143 4275 212 4351 ἧς
235 4281 561 4354 καμηλίτης
595 4283 692 4337 καὶ
721 4283 982 4350 ἔκλεπτες
1003 4287 1182 4357 νίτρον
1205 4287 1299 4339 καὶ
1329 4287 1560 4352 ἐπώλεις
1593 4289 1758 4355 αὐτὸ,

145 4379 248 4428 οὐκ
293 4377 490 4448 ἔδερόν
537 4394 598 4430 σε
637 4379 685 4430 ot
725 4379 960 4450 τηρηταί
1008 4379 1173 4444 δ⁸;Ε⁴ί
1221 4378 1396 4433 ταῦτά
1438 4396 1521 4442 τις
1563 4380 1748 4449 ἔλεγεν

145 4471 322 4542 αὑτῷ,
357 4469 538 4524 ἐλάλει
561 4471 711 4542 αὐτῷ
738 4471 874 4541 μετὰ
903 4473 1097 4543 χαρᾶς,
1138 4471 1258 4526 εἴτι
1285 4471 1445 4526 αὐτὸν
1470 4472 1676 4545 ἠρώτα.

213 4657 324 4710 16'.
371 4653 604 4722 Ἔλεγον
628 4655 759 4726 περὶ
782 4653 876 4708 τοῦ
899 4653 1044 4707 acea
1063 4653 1352 4726 Μακαρίου
1371 4655 1463 4708 τοῦ
1485 4656 1748 4726 μεγάλου,

145 4749 228 4802 ’ὁτι
253 4749 462 4818 γέγονε
497 4746 682 4810 καθώς
733 4749 849 4800 ἐστι
887 4746 1272 4818 γεγραμμένον
1308 4745 1432 4812 θεὸςΔ
1470 4749 1742 4816 ἐπίγειος,

143 4845 226 4896 ὅτι
249 4843 452 4912 ὥσπερ
477 4840 628 4892 ἐστὶν
657 4843 686 4893 6
715 4839 848 4902 Θεὸς
872 4839 1164 4902 σκεπάξων
1184 4839 1276 4892 τὸν
1307 4839 1510 4909 κόσμον
1530 4839 1746 4904 ,οὕτως

141 4937 384 5004 γέγονεν
428 4933 458 4984 6
505 4931 684 5000 άϐὅᾷς
733 4932 1016 4999 Μακάριος
1069 4929 1358 4993 σκέπάζων
1405 4931 1474 4983 τὰ
1511 4931 1748 4986 ἐλαττώ-

145 5047 326 5100 ματα,
357 5027 392 5081 ἃ
413 5025 644 5080 ἔϐλεπεν
677 5024 752 5088 ὡς
786 5023 859 5094 μὴ
883 5021 1120 5094 βλέπων,
1151 5023 1244 5075 καὶ
1276 5021 1312 5076 ἃ.
1343 5023 1538 5093 ἤκουεν
1561 5023 1636 5088 ὡς
1673 5023 1748 5097 μὴ

141 5123 394 5176 ἁκούων.
887 5175 894 5181 .

215 5217 330 5286 λγ.
389 5217 706 5286 Διηγήσατο
761 5213 790 5266 6
839 5212 1016 5276 ἀὸὁᾶς
1059 5213 1326 5284 Βιτίμιος,
1371 5213 1454 5265 ὅτι
1493 5211 1676 5280 ἔλεγεν
1721 5215 1749 5266 6

143 5311 332 5374 6.665.;
367 5310 688 5381 Μακάριος·
726 5307 1058 5379 Καθημένου
1104 5306 1202 5378 μού
1240 5322 1368 5359 ποτε
1402 5307 1482 5368 εἰς
1522 5305 1740 5375 Σκῆτιν,

143 5401 474 5467 κατέϐησαν
498 5401 603 5470 ,δύο
635 5399 892 5473 νεώτεροι
926 5400 1130 5468 ξενικοὶ
1172 5399 1316 5453 ἐκεῖο
1347 5399 1444 5453 καὶ
1471 5400 1500 5451 6
1531 5399 1628 5470 μὲν
1663 5393 1744 5462 εἷς

215 5571 268 5604 ⁸¹
297 5569 393 5624 ΔΙ.
423 5568 507 5622 τό.
587 5565 634 5598 ⁸³
657 5563 766 5621 Pro
795 5563 1132 5629 ἁναόιὸάξω.
1209 5563 1254 5594 ⁵³
1281 5561 1368 5618 ΑΙ.
1400 5562 1608 5637 κριταί;

221 5731 310 5802 (5)
361 5730 469 5784 Vit.
509 5727 668 5802 Patr.
695 5724 876 5802 τιμᾷ.

221 5789 312 5874 (63
347 5798 588 5870 Append.
619 5815 676 5872 p.
710 5795 870 5865 1006,
921 5813 978 5854 n.
1017 5794 1157 5863 107;
1192 5791 1485 5851 Constitut.
1520 5789 1746 5864 apaatol.

1844 1891 2096 1950 abbatem
2144 1895 2488 1954 Macarium:
2537 1900 2730 1958 Profer
2777 1904 2912 1958 mihi
2969 1906 3320 1961 sententiam.
3356 1905 3424 1961 Et

1844 1984 1982 2040 dixit
1999 1988 2048 2042 ei
2077 2003 2276 2045 senex:
2309 1990 2570 2050 Homines
2595 1993 2740 2066 fuge.
2766 1995 2984 2052 Rursus
3020 1996 3191 2053 abbas
3213 1995 3420 2054 Isaias:

1845 2079 1987 2146 Quid
2027 2090 2112 2139 est
2139 2083 2328 2156 fugere
2379 2088 2674 2146 homines?
2709 2089 2886 2146 Senex
2921 2107 3050 2148 vero
3087 2111 3100 2147 :
3129 2093 3330 2148 Sedere
3367 2093 3422 2147 in

1844 2172 1982 2226 cella
2015 2180 2129 2240 tua,
2157 2185 2212 2230 et
2238 2177 2438 2234 deflere
2462 2187 2554 2233 tua
2584 2189 2832 2250 peccata.

1914 2351 2125 2410 28.Hoc
2147 2352 2417 2410 referebat
2434 2354 2603 2412 abbas
2621 2355 2981 2426 Paphnutius,
2999 2343 3308 2427 discipulus
3325 2359 3422 2413 ab-

1844 2444 1988 2502 batis
2017 2444 2258 2504 Macarii;
2287 2445 2721 2518 RogaviPatrem
2737 2463 2939 2512 meum,
2976 2455 3035 2503 ut
3063 2447 3264 2518 aliquid
3288 2447 3422 2503 mihi

1845 2539 2067 2594 diceret.
2123 2537 2273 2596 Illius
2307 2550 2487 2597 autem
2512 2541 2685 2596 oratio
2713 2540 2848 2596 fuit:
2880 2541 3162 2598 Neminem
3193 2544 3422 2609 laeseris,

1847 2631 2116 2686 neminem
2141 2631 2605 2689 condemnaveris.
2625 2632 2750 2688 Haac
2765 2635 3012 2698 observa,
3029 2643 3081 2690 et
3099 2635 3283 2691 salvus
3303 2634 3418 2693 fles.

1915 2721 2006 2778 29.
2037 2721 2184 2776 Dixit
2219 2723 2389 2778 abbas
2419 2721 2724 2778 Macarius:
2764 2720 2886 2776 Noli
2908 2723 3148 2778 dormire
3183 2725 3238 2778 in
3284 2725 3422 2780 cella

1847 2812 2032 2870 fratris
2055 2815 2146 2884 qui
2178 2816 2373 2870 malam
2409 2813 2606 2870 famam
2641 2815 2821 2870 habet.

1917 2907 2006 2962 50.
2041 2908 2410 2964 Accesserunt
2462 2907 2756 2979 aliquando
2799 2907 2998 2964 fratres
3049 2907 3116 2962 ad
3175 2907 3424 2962 abbatem

1851 2998 2148 3054 Macarium
2185 2999 2330 3057 Sceti
2380 3010 2652 3073 agentem,
2710 3015 2810 3056 nec
2844 2999 3146 3070 quidquam
3196 3001 3424 3054 invene-

1850 3097 1979 3144 runt
2012 3090 2068 3146 in
2096 3091 2234 3145 cella
2252 3093 2394 3160 ejus,
2425 3091 2529 3146 nisi
2558 3106 2755 3162 aquam
2779 3089 3074 3159 putridam.
3109 3089 3308 3145 Dicunt
3337 3093 3385 3146 ei
3409 3109 3423 3144 :

1851 3182 2024 3248 Abba,
2065 3186 2300 3240 ascende
2346 3187 2400 3238 in
2449 3199 2671 3254 pagum,
2713 3183 3022 3239 reiiciemus
3067 3193 3140 3238 te.
3199 3183 3427 3253 Excepit

1851 3290 2048 3330 senex:
2079 3274 2287 3338 Nostis,
2339 3275 2558 3343 fratres,
2611 3275 2761 3331 illius
2795 3276 2920 3332 talis
2953 3275 3192 3334 hominis
3241 3277 3430 3348 pistri-

1851 3383 1980 3421 num
2015 3367 2070 3422 in
2107 3370 2290 3440 pago?
2339 3367 2729 3440 Respondent:
2786 3367 2985 3422 Etiam.
3030 3367 3166 3422 Tum
3221 3384 3423 3424 senex:

1852 3459 1963 3530 Ego
1993 3475 2212 3531 quoque
2269 3462 2418 3516 novi.
2457 3461 2623 3516 Scitis
2679 3467 2733 3516 et
2789 3449 3054 3532 praedium
3107 3459 3279 3525 illius,
3335 3459 3428 3514 ubi

1851 3551 2050 3608 ﬂuvius
2076 3552 2236 3608 salit?
2262 3553 2466 3607 Aiunt:
2504 3552 2744 3608 Scimus.
2777 3550 2890 3622 Ego
2913 3565 3130 3621 quoque
3176 3551 3313 3617 scio,
3343 3549 3431 3606 in-

1850 3647 1974 3715 quit,
2021 3657 2209 3702 senex.
2250 3643 2479 3712 Quando
2514 3645 2678 3715 igitur
2703 3645 2901 3716 placet,
2945 3642 3116 3699 vestri
3151 3658 3290 3713 opus
3317 3657 3427 3698 non

1853 3737 2045 3799 habeo,
2070 3737 2164 3790 sed
2207 3737 2338 3790 mihi
2365 3745 2614 3806 apporto.

1921 3919 2008 3972 51.
2048 3917 2124 3989 (5)
2153 3915 2388 3972 Aiebant
2431 3917 2498 3972 de
2543 3919 2738 3973 abbate
2765 3917 3029 3984 Macario,
3071 3917 3216 3988 quod
3270 3917 3315 3974 si
3359 3917 3428 3972 ad

1849 4025 1976 4064 eum
2025 4009 2313 4064 accederet
2371 4010 2561 4077 frater,
2616 4025 2742 4066 cum
2785 4011 3003 4076 timore,
3052 4020 3320 4081 tanquam
3360 4011 3430 4064 ad

1851 4111 2100 4156 sanctum
2143 4108 2197 4154 et
2231 4116 2486 4171 magnum
2544 4115 2753 4164 senem,
2791 4101 2928 4156 nihil
2983 4105 3030 4158 ei
3080 4103 3427 4172 loquebatur.

1853 4192 1908 4246 Si
1943 4207 2072 4246 vero
2113 4190 2346 4246 fratrum
2399 4192 2670 4262 quispiam
2727 4199 2984 4263 tanquam
3019 4193 3173 4249 nihili
3219 4193 3430 4250 faciens

1849 4286 1897 4338 ei
1945 4283 2183 4339 diceret:
2220 4283 2393 4349 Abba,
2446 4283 2678 4354 quando.
2707 4299 2834 4338 eras
2863 4285 3215 4348 camelarius,
3257 4296 3308 4340 et
3343 4286 3429 4339 ni-

1853 4389 1994 4432 trum
2031 4377 2326 4442 furabaris,
2357 4393 2420 4432 ac
2443 4378 2738 4442 vendebas,
2771 4393 2953 4433 nonne
2975 4380 3344 4434 verberabant
3379 4387 3430 4434 te

1851 4472 2146 4526 custodes?
2178 4469 2234 4524 Si
2283 4471 2357 4524 ita
2398 4471 2523 4540 quis
2572 4477 2716 4526 esset
2763 4471 3106 4540 prolocutus,
3142 4471 3273 4529 huic
3303 4487 3428 4526 cum

1855 4564 2087 4635 gaudio,
2123 4567 2167 4620 si
2205 4563 2336 4634 quid
2367 4564 2782 4634 interrogasset,
2814 4579 3142 4635 responsum
3174 4563 3358 4618 dabat.

1925 4661 2009 4718 '52.
2047 4661 2122 4732 (‘3)
2159 4659 2233 4715 De
2289 4659 2488 4715 abbate
2539 4659 2776 4713 Macario
2828 4673 3026 4727 magno
3085 4658 3425 4721 asserebant,

1855 4755 2002 4826 quod
2032 4754 2330 4817 exstiterit,
2359 4753 2504 4808 sicut
2528 4756 2793 4822 scriptum
2828 4761 2933 4814 est,
2963 4754 3100 4807 deus
3130 4750 3426 4807 terrestris.

1855 4847 1992 4913 Quia
2023 4845 2482 4917 quemadmodum
2512 4843 2653 4900 Deus
2683 4843 2945 4898 mundum
2981 4846 3134 4914 tegit,
3160 4842 3234 4898 ita
3263 4841 3432 4897 abbas

1851 4936 2126 4992 Macarius
2155 4936 2352 4990 delicta
2384 4935 2707 5005 obtegebat;
2735 4949 2857 5006 qua:
2887 4933 3098 4988 viderat
3135 4933 3292 5004 quasi
3321 4945 3430 4989 non

1849 5030 2098 5094 vidisset,
2129 5045 2250 5101 qua:
2275 5029 2523 5085 audierat
2543 5029 2700 5098 quasi
2733 5043 2840 5083 non
2879 5025 3166 5084 audiissct.

1920 5209 2009 5264 53.
2037 5207 2114 5280 (7)
2137 5207 2393 5302 Narratio
2426 5207 2636 5262 abbatis
2671 5205 2878 5262 Vitimii
2913 5207 3144 5272 exstitit,
3171 5205 3317 5277 quod
3355 5204 3430 5259 ita

1851 5303 2099 5358 retulerit
2128 5298 2297 5357 abbas
2326 5301 2630 5359 Macarius:
2663 5300 2900 5357 Sedente
2923 5316 3010 5356 me
3034 5299 3333 5372 aliquando
3374 5298 3430 5352 in

1854 5395 2022 5466 Sceti,
2065 5395 2470 5453 descenderunt
2515 5398 2646 5453 illuc
2685 5397 2796 5452 duo
2832 5395 3065 5466 juvenes
3113 5391 3430 5467 peregrini;

1859 5719 1946 5784 Η,
1974 5718 2064 5772 26.

1931 5789 2010 5861 (7)
2052 5787 2158 5846 νει.
2183 5787 2339 5846 Patr.
2374 5801 2456 5857 ut,
2479 5785 2536 5846 2.
