3874 6300
401 254 512 310 97Ξί

1541 265 1883 322 APPENDIX
1923 267 2014 322 AD
2048 260 2463 320 PALLADIUM.

3591 257 3677 312 76

401 380 634 435 quorum
669 380 815 419 unus
846 364 1074 419 barbam
1124 367 1371 437 gerebat,
1427 371 1567 428 alter
1595 391 1728 432 vero
1754 377 1979 449 primam

2091 370 2208 447 εἶχε
2239 376 2467 445 γένειον,
2501 375 2530 426 6
2566 372 2625 426 δὲ
2653 371 2812 435 ἄλλος
2843 371 3019 443 ἀρχὴν
3054 370 3268 442 βάλλων
3289 369 3520 440 γενείου.
3556 369 3679 423 Καὶ

399 457 684 512 emittebat
707 457 1049 528 lanuginem.
1083 455 1148 512 Hi
1178 470 1444 516 venerunt
1474 464 1541 519 ad
1573 482 1681 536 me,
1704 481 1979 540 rogantes,

399 551 492 633 ubi
539 561 685 604 esset
741 552 879 605 cella
937 551 1153 606 abbatis
1197 551 1446 611 Macarii.
1495 556 1633 614 Tum
1673 576 1808 633 ego:
1841 561 1984 629 Quid

397 631 523 695 eum
562 642 765 695 vultis?
794 641 1005 696 Aiunt:
1053 642 1254 698 Audita
1285 645 1406 714 ejus
1441 663 1505 703 ac
1550 631 1782 708 Sceteos
1817 652 1991 718 fama,

399 733 653 788 venimus
687 743 746 786 ut
776 734 1064 788 videamus
1094 751 1243 790 eum.
1287 737 1455 794 Dico:
1486 739 1596 812 Ego
1627 759 1769 798 sum.
1800 741 1984 798 Facta-

399 841 509 894 que
556 827 807 894 corporis
858 828 1234 895 inclinatione,
1289 831 1579 905 inqutunt_:
1631 836 1749 892 Hoc
1777 838 1833 892 in
1865 838 1986 892 loco

400 920 653 987 rupimus
680 936 920 975 manere.
961 920 1072 992 Ego
1102 940 1230 978 vero
1257 927 1447 984 videns
1487 944 1582 986 cos
1614 930 1879 986 delicatos
1933 940 1988 988 et

399 1013 548 1065 velut
575 1014 629 1066 in
653 1014 862 1068 divitiis
883 1015 1166 1080 educatos,
1194 1020 1314 1074 aio:
1341 1020 1459 1077 Non
1489 1026 1720 1093 potestis
1749 1025 1987 1081 residere

400 1105 511 1159 hic.
541 1103 678 1160 Tum
713 1107 892 1175 maior
926 1109 1074 1164 inﬁt:
1108 1109 1163 1165 Si
1221 1128 1330 1167 non
1381 1115 1660 1184 possimus
1704 1133 1988 1173 remanere

398 1197 511 1261 hic,
547 1199 610 1252 ad
643 1200 810 1252 alium
841 1218 1131 1272 pel-gemes
1166 1205 1378 1261 locum.
1421 1206 1533 1278 Ego
1571 1209 1717 1264 intra
1749 1219 1983 1266 mentem

401 1305 614 1344 meam:
647 1291 758 1345 Cur
794 1294 937 1361 pello
961 1308 1080 1358 eos,
1121 1307 1174 1350 et
1207 1299 1527 1353 scandalum
1568 1301 1878 1370 patientur?
1902 1301 1990 1356 Ef-

403 1381 548 1436 liciet
580 1383 755 1444 labor,
792 1393 850 1438 ut
877 1386 978 1453 ipsi
1009 1397 1206 1458 sponte
1237 1389 1470 1460 fugiant.
1502 1391 1692 1463 itaque
1726 1393 1851 1449 dico
1871 1396 1984 1450 eis:

407 1471 621 1538 Venite,
671 1479 978 1534 construile
1014 1481 1171 1536 vobis
1217 1483 1436 1549 cellam,
1483 1485 1531 1540 si
1571 1489 1821 1557 potestis.
1863 1488 1943 1542 illi
1971 1504 1994 1542 ι

399 1566 641 1623 Ostende
686 1571 850 1625 nobis
903 1573 1108 1637 locum,
1155 1585 1568 1633 construemus.
1608 1578 1764 1634 Dedit
1805 1591 1987 1636 autem

401 1661 484 1715 eis
539 1677 707 1716 senex
753 1665 1014 1727 securim,
1056 1681 1356 1737 peramque
1397 1669 1613 1738 plenam
1652 1672 1905 1740 panibus,
1935 1683 1990 1727 et

2082 465 2246 541 ἦλθον
2298 467 2435 539 πρὸς
2479 465 2545 536 μὲ
2592 464 2872 530 λέγοντεςο
2926 461 3036 516 Ποῦ
3081 463 3228 516 ἐστιν
3273 465 3306 534 ἡ
3355 461 3518 515 κέλλα
3570 459 3678 515 τοῦ

2085 559 2229 612 ἀὸὅᾶ
2260 555 2548 628 Μακαρίου
2570 571 2584 618 ;
2608 547 2778 623 Κάγὼ
2798 549 2950 606 εἷπον
2973 569 2987 583 ·
3013 553 3077 606 Τί
3098 552 3280 606 θέλετε
3313 551 3475 605 αὐτόν
3503 569 3518 617 ;
3558 553 3679 606 Καὶ

2085 652 2366 719 λέγουσιν’
2427 646 2742 710 ’Λκούοντες
2780 645 2850 698 τά
2894 645 3022 714 περὶ
3063 644 3228 698 αὐτοῦ
3274 645 3491 714 καὶτῆς
3520 645 3674 715 Σκή-

2085 761 2250 807 τεως,
2275 742 2512 813 ἤλθομεν
2541 739 2670 792 ἰδεῖν
2693 739 2872 792 αὐτόν.
2909 739 3066 806 Λέγω
3095 737 3278 801 αὐτοῖς
3300 753 3316 769 ·
3357 734 3497 805 Ἐγώ
3525 737 3678 807 εἰμι.

2089 836 2198 891 Καὶ
2231 834 2421 887 ἔϐαλον
2458 832 2749 903 μετάνοιαν
2769 874 2783 896 ,
2809 830 3062 900 λέγοντες
3083 847 3096 860 ο
3134 823 3262 882 Ὧδε
3297 828 3522 900 θέλομεν
3549 832 3675 900 μεῖ-

2085 945 2197 981 ναι.
2243 925 2474 994 Ἐγὼδὲ
2506 923 2725 995 βλέπων
2753 923 2949 986 αὐτοὺς
2981 922 3287 992 τρυφεροὺς
3323 922 3418 974 καὶ
3450 923 3527 986 ὼς
3560 921 3684 976 ἀπὸ

2087 1019 2338 1083 πλούτου,
2371 1018 2517 1086 λέγω
2549 1019 2766 1080 αὐτοῖς’
2792 1015 2866 1069 Οὐ
2899 1013 3127 1068 δύνασθε
3154 1013 3373 1067 καθίσαι
3401 1007 3526 1068 ὦδε.
3556 1014 3676 1068 Καὶ

2085 1112 2232 1180 λέγει
2259 1113 2286 1163 δ
2323 1109 2633 1181 μειζὸτερος
2652 1125 2666 1137 ⁸
2709 1107 2832 1161 Ἐὰν
2869 1107 2942 1178 μὴ
2972 1105 3254 1177 δυνώμεθα
3279 1105 3498 1160 καθίσαι
3521 1099 3625 1161 ὧδε
3650 1147 3680 1173 ,

2089 1205 2370 1275 ὑπάγομεν
2397 1200 2653 1272 ἀλλαχοῦ.
2677 1201 2836 1268 Λέγω
2854 1198 2964 1268 ἐγὼ
2991 1199 3073 1270 τῷ
3093 1198 3338 1270 λογισμῷ
3363 1217 3492 1270 μου·
3513 1197 3680 1252 Διατί

2085 1294 2266 1349 διώκω
2306 1295 2532 1359 αὐτοὺς,
2568 1293 2662 1347 καὶ
2707 1291 3189 1357 σκανδαλίζονταις
3233 1293 3261 1344 6
3310 1291 3477 1354 κόπος
3523 1294 3682 1346 ποιεῖ.

2088 1387 2284 1450 αὐτοὺς
2315 1386 2382 1439 δι’
2413 1384 2624 1439 ἑαυτῶν
2655 1387 2864 1454 φυγεῖν.
2910 1385 3019 1438 Καὶ
3048 1383 3190 1452 λέγω
3219 1384 3433 1446 αὐτοῖς’
3467 1383 3670 1449 Δεῦτε,

2089 1480 2352 1550 ποιήσατε
2388 1479 2604 1542 ἑαυτοῖς
2632 1475 2864 1542 κελλίον,
2896 1477 2944 1529 εί
2973 1475 3222 1530 δύνασθε.
3258 1477 3366 1530 Καὶ
3404 1476 3628 1544 λέγουσι
3654 1495 3674 1510 ο

2094 1572 2272 1639 Δεῖξον
2307 1573 2438 1642 ἡμῖν
2463 1571 2648 1636 τόπον,
2680 1569 2774 1623 καὶ
2804 1568 3081 1640 ποιοῦμεν.
3116 1569 3322 1622 Ἔδωκε
3350 1569 3406 1623 δὲ
3430 1571 3616 1634 αὐτοῖς
3643 1571 3688 1623 ὁ

2090 1666 2267 1737 γέρων
2301 1665 2534 1717 πέλεκυν
2555 1663 2622 1728 ⁸⁵,
2653 1663 2746 1716 καὶ
2777 1661 3084 1715 άναϐολίδιν
3119 1661 3162 1694 ⁸⁸
3197 1661 3392 1733 μεστὸν
3413 1661 3672 1732 ψωμίων,

398 1753 514 1818 sal;
551 1754 898 1826 ostenditque
929 1767 1137 1827 petram
1169 1761 1363 1814 duram
1391 1803 1406 1824 ,
1437 1778 1667 1818 monens
1711 1781 1724 1818 :
1751 1763 1979 1835 Lapides

2087 1761 2180 1814 καὶ
2204 1759 2338 1823 ἃλας
2359 1775 2371 1790 ·
2397 1757 2565 1822 ἑδειξε
2595 1756 2651 1810 δὲ
2674 1755 2857 1818 αὐτοῖς
2891 1756 2920 1807 ὁ
2948 1755 3127 1826 γέρων
3151 1753 3244 1808 καὶ⁵
3270 1755 3480 1826 πέτραν
3506 1754 3678 1825 σκλη-

400 1845 491 1898 hic
515 1847 763 1909 incidite,
799 1857 965 1918 atque
1009 1866 1074 1906 ex
1125 1852 1320 1921 palude
1361 1863 1572 1924 portate
1619 1855 1773 1911 vobis
1811 1857 1978 1927 ligna,

401 1948 661 2008 tectoque
684 1940 964 2011 imposito,
987 1943 1244 2000 residete.
1271 1945 1538 2001 Putabam
1554 1956 1758 2012 autem,
1785 1949 1978 2020 inquit,

399 2031 526 2087 illos
565 2042 788 2102 propter
829 2035 1068 2092 laborem
1118 2054 1462 2094 recessuros.
1496 2039 1670 2096 Porro
1704 2042 1982 2112 petierunt

399 2138 429 2176 a
484 2139 590 2190 me,
628 2126 761 2195 quid
814 2142 880 2181 eo
926 2127 1032 2183 loci
1093 2131 1368 2199 operaturi
1418 2141 1624 2186 essent.
1676 2131 1978 2204 Respondi,

398 2216 630 2282 plectam
657 2217 897 2275 facerent
922 2238 936 2287 ;
967 2222 1353 2292 sumptisquee
1380 2223 1575 2294 palude
1607 2223 1750 2279 foliis
1773 2225 1982 2294 palma-

405 2323 548 2371 rum,
607 2310 823 2364 ostendi
861 2311 998 2381 ipsis
1051 2312 1242 2383 plecte
1293 2329 1388 2369 seu
1441 2315 1590 2368 funis
1626 2315 1976 2386 principium,

398 2409 567 2468 utque
608 2415 881 2456 consuere
919 2411 1229 2473 oporteret;
1279 2404 1539 2476 dixique:
1593 2403 1782 2460 Facite
1816 2421 1979 2475 spor-

397 2497 504 2552 tas,
541 2505 681 2559 quas
731 2491 962 2546 tradetis
1021 2493 1372 2560 custodibus,
1416 2493 1519 2563 ipsi
1567 2509 1697 2550 vero
1755 2493 1981 2550 atl‘erent

400 2581 556 2636 vobis
580 2598 768 2651 panes.
806 2583 1013 2639 Deinde
1041 2586 1306 2642 abscessi.
1343 2587 1411 2640 At
1433 2587 1508 2641 illi
1541 2585 1808 2656 patienter
1833 2603 1981 2658 quae-

397 2687 614 2744 cunque
649 2676 1035 2730 mandaveram
1078 2679 1324 2732 exsecuti
1360 2686 1528 2734 sunt:
1579 2694 1680 2733 nec
1711 2688 1978 2736 venerunt

399 2767 464 2818 ad
503 2783 588 2819 me
621 2767 799 2820 tribus
832 2769 1019 2823 annis.
1056 2767 1170 2840 Ego
1203 2785 1332 2825 vero
1373 2770 1594 2827 assidue
1637 2787 1761 2826 cum
1796 2773 1978 2827 animo

399 2861 522 2912 meo
547 2859 904 2924 colluctabar,
946 2869 1237 2930 reputans:
1273 2861 1474 2932 Ecqua:
1499 2872 1583 2919 est
1624 2879 1816 2919 eorum
1846 2880 1978 2935 ope-

398 2949 559 3011 ratio,
589 2949 732 3017 quod
777 2966 884 3004 non
917 2953 1256 3008 accesserint
1304 2954 1694 3026 interrogaturi
1725 2956 1792 3012 de
1823 2959 1978 3030 cogi-

399 3038 638 3094 tatione?
672 3039 776 3106 Qui
831 3043 1020 3111 procul
1077 3042 1346 3108 babitant,
1401 3047 1624 3100 veniunt
1673 3048 1740 3100 ad
1776 3061 1895 3102 me:
1925 3059 1978 3103 et

401 3130 491 3184 isti
527 3147 649 3185 cum
690 3135 981 3207 propinqui
1015 3135 1146 3196 sint.
1183 3152 1291 3190 non
1322 3146 1700 3200 accesserunt.
1760 3155 1862 3194 nec
1909 3139 1978 3195 ad
2007 3101 2049 3158 Ο

398 3223 534 3277 alios
568 3224 793 3292 prol‘crti
823 3235 982 3280 sum:
1041 3227 1306 3282 duntaxat
1328 3239 1556 3300 pergunt
1581 3231 1647 3284 ad
1668 3231 1979 3300 ecclesiam,

401 3315 578 3374 taciti,
618 3325 675 3368 ut
705 3318 980 3388 accipiant
1011 3319 1367 3375 oblationem.
1404 3321 1574 3392 Igitur
1610 3323 1768 3375 oravi
1801 3322 1982 3378 Domi-

398 3422 551 3469 num,
592 3407 847 3478 jejunans
879 3426 988 3464 una
1009 3411 1370 3475 hebdomade.
1398 3414 1825 3469 utmanilestum
1849 3417 1982 3470 tnihi

398 3497 620 3563 iaceret,
661 3501 924 3569 quidnam
965 3515 1345 3571 operareutur.
1394 3503 1526 3560 Post
1581 3505 1982 3561 hebdomadam

397 3607 528 3642 vero
559 3608 813 3664 surgens.
851 3597 923 3650 ad
949 3613 1045 3652 eos
1075 3598 1208 3661 abii,
1261 3606 1320 3653 ut
1369 3599 1614 3656 intuerer
1663 3615 1773 3670 quo
1819 3601 1982 3656 modo

397 3692 642 3751 agerent.
692 3687 757 3738 Et
811 3701 934 3747 cum
984 3689 1316 3758 pulsassem,
1378 3701 1730 3761 aperuerunt.
1786 3708 1982 3764 meque

398 3777 705 3832 salutarunt
739 3796 861 3834 cum
925 3782 1162 3836 silentio.
1215 3781 1340 3838 Feci
1389 3786 1712 3850 orationem,
1756 3795 1810 3840 et
1841 3787 1976 3843 sedi.

396 3865 572 3935 Major
609 3871 785 3923 innuit
816 3872 1009 3926 minori
1047 3883 1103 3927 ut
1126 3876 1514 3944 egrederetur;
1559 3877 1786 3948 ipseque
1815 3879 1977 3945 sedit,

396 3958 464 4010 ad
508 3960 906 4016 conﬁciendam
943 3964 1197 4033 plectam,
1251 3983 1350 4022 nee
1381 3969 1677 4041 quidquam
1721 3972 1981 4041 loqueba-

397 4060 503 4104 tur.
535 4051 616 4104 Ad
651 4046 838 4106 horam
877 4072 1003 4109 vero
1044 4073 1242 4111 nonam
1283 4061 1568 4130 strepitum
1596 4061 1784 4116 edidit.
1822 4061 1980 4117 Venit

391 4143 603 4210 iunior,
627 4144 753 4197 fecit
780 4162 969 4214 parum
999 4139 1249 4218 pol'cmae.
1276 4167 1339 4205 ac
1359 4153 1562 4222 majore
1584 4155 1864 4220 innuente,
1890 4170 1980 4225 ap-

396 4237 580 4306 posuit.
612 4254 882 4304 mensam,
915 4256 1152 4311 cmnque
1183 4259 1348 4313 super
1376 4259 1495 4298 eam
1525 4254 1640 4300 tres
1676 4247 1978 4316 paximates

399 4328 704 4397 posuisset,
753 4337 906 4385 stetit
959 4342 1166 4387 tacens.
1227 4333 1498 4405 Egovero
1534 4337 1687 4392 dixi:
1733 4336 1974 4408 Surgite,

2084 1853 2205 1924 ράν,
2245 1851 2455 1920 λέγων’
2511 1849 2872 1919 Λατομήσατε
2916 1839 3056 1910 ὧδε,
3091 1847 3186 1900 καὶ
3235 1846 3428 1919 φέρετε
3477 1848 3675 1911 αὐτοῖς

2082 1944 2214 2012 ξύλα
2242 1945 2306 1997 ἐκ
2337 1942 2436 1996 τοῦ
2459 1942 2643 2009 ἕλους,
2664 1941 2760 1995 καὶ
2789 1940 3155 2009 στεγάσαντες
3183 1939 3466 1994 καθίσατε.
3514 1939 3666 1992 Ἐνό·

2085 2037 2239 2108 μιζον
2267 2036 2324 2090 δὲ
2346 2033 2476 2104 ἐγὼ,
2511 2034 2698 2106 φησὶν,
2727 2034 2823 2088 ἇτι.
2841 2033 3095 2104 μέλλουσι
3116 2032 3206 2087 διά
3233 2033 3324 2087 τὸν
3346 2033 3514 2087 κόπον
3533 2034 3670 2086 άνα-

2081 2131 2275 2200 χωρεῖν
2300 2127 2364 2182 ⁸⁸.
2396 2123 2713 2196 Ἦρὼτησαν
2728 2124 2784 2177 δέ
2811 2141 2898 2193 με,
2920 2124 2974 2176 τί
2993 2122 3330 2195 ἐργάζωνται
3355 2117 3478 2178 ὧδε.
3505 2125 3681 2193 Λέγω

2081 2222 2262 2282 αὐτοῖς
2287 2238 2297 2249 θ
2319 2217 2430 2289 Τὴν
2465 2217 2652 2286 σειρὰν
2674 2235 2686 2247 ·
2723 2216 2819 2270 καὶ
2839 2216 3101 2286 λαμϐάνω
3125 2215 3254 2287 βαΐα
3275 2218 3339 2270 ὲκ
3366 2216 3460 2270 τοῦ
3485 2216 3673 2281 ἕλους,

2082 2312 2178 2364 καὶ
2212 2309 2440 2362 δεικνύω
2479 2309 2663 2371 αὐτοῖς
2696 2307 2794 2378 τὴν
2829 2308 3002 2378 ἀρχὴν
3035 2307 3133 2377 τῆς
3172 2309 3387 2379 σειρᾶς,
3417 2308 3510 2362 καί
3541 2308 3661 2373 πῶς

2083 2403 2308 2473 ῥάπτειν
2337 2400 2436 2460 δεῖ,
2469 2399 2562 2452 καὶ
2596 2395 2780 2451 εἷπον·
2830 2399 3040 2451 Ποιεῐτε
3077 2397 3369 2470 σπυρίδας,
3399 2399 3491 2452 καὶ
3521 2415 3666 2470 παρ-

2079 2493 2232 2564 έχετε
2264 2495 2376 2555 τοῖς
2412 2490 2607 2560 φύλαξι
2639 2490 2733 2544 καὶ
2773 2489 3025 2562 φέρουσιν
3058 2490 3186 2560 ύμῖν
3215 2490 3421 2560 ψωμία.
3459 2492 3675 2545 Λοιπὸν

2079 2580 2172 2638 οὖν
2199 2582 2310 2653 ἐγὼ
2347 2582 2688 2654 ἀνεχώρησα.
2721 2582 2884 2634 Αὐτοὶ
2919 2580 2975 2633 δὲ
3021 2580 3138 2652 μεθ’
3179 2582 3453 2654 ὑπομονῆς
3483 2585 3668 2638 πάντα.

2079 2677 2364 2746 ἐποίησαν,
2404 2675 2505 2727 ὅσα
2539 2669 2691 2727 εἷπον
2731 2673 2948 2736 αὐτοῖς·
2993 2674 3088 2726 καὶ
3121 2673 3184 2726 οὐ
3217 2673 3522 2745 παρέϐαλόν
3569 2693 3664 2745 μοι

2079 2768 2172 2820 ἐπὶ
2209 2766 2336 2839 τρία
2374 2765 2490 2837 ἐτη.
2535 2763 2646 2817 Καὶ
2674 2763 2866 2834 ἑμεινα
2908 2761 3160 2834 πολεμῶν
3193 2767 3305 2828 τοῖς
3341 2764 3661 2835 λογισμοῖς,

2080 2861 2252 2929 λέγων
2271 2877 2286 2890 ·
2327 2859 2423 2922 Τίς
2451 2858 2560 2932 ἄρα
2592 2857 2740 2910 ἐστὶν
2771 2858 2804 2928 ἡ
2839 2856 3068 2929 ἐργασία
3101 2857 3302 2925 αὐτῶν,
3337 2860 3418 2912 ὃτι
3442 2860 3543 2914 οὐκ
3567 2855 3664 2931 ἦλ-

2081 2953 2172 3006 θον
2205 2953 2480 3024 ἐρωτῆσαι
2510 2949 2800 3022 λογισμόν,
2822 2951 2885 3003 Oi
2918 2950 3026 3002 ἀπὸ
3065 2951 3301 3022 μήκοθεν
3334 2952 3376 2983 ’⁸⁷
3412 2953 3676 3023 ἔρχονται

2081 3045 2218 3118 πρὸς
2249 3045 2316 3116 μέ
2339 3065 2350 3076 ⁸
2384 3035 2480 3098 καὶ
2501 3037 2645 3098 οὗτοι
2670 3043 2722 3095 οἱ
2749 3043 2916 3112 ἐγγὺς
2943 3042 3043 3095 οὐκ
3075 3039 3259 3113 ἦλθον,
3285 3043 3420 3098 οὔτε.
3443 3045 3500 3097 δὲ
3524 3045 3671 3116 πρὸς

2083 3137 2276 3202 ἄλλους
2311 3137 2520 3207 ὑπῆγον
2542 3154 2556 3166 ·
2597 3138 2647 3190 εἰ
2683 3135 2760 3208 μὴ
2791 3134 2948 3207 μόνον
2977 3136 3054 3198 si;
3094 3136 3190 3208 τὴν
3216 3135 3511 3207 ἐκκλησίαν
3537 3154 3672 3190 σιω-

2084 3228 2329 3292 πῶντες,
2384 3226 2571 3280 λαϐεῖν
2615 3227 2714 3297 τὴν
2753 3225 3088 3299 προσφοράν.
3141 3227 3252 3281 Καὶ
3289 3226 3543 3299 ηὐξάμην
3592 3230 3667 3298 τῷ

2083 3319 2203 3390 Θεῷ
2231 3317 2537 3390 νηστεύσας
2575 3318 2674 3389 τὴν
2703 3317 2995 3388 ἑϐδομάδα,
3037 3318 3122 3370 ἵνα
3147 3316 3295 3390 δείξῃ
3328 3337 3417 3390 μοι
3444 3319 3543 3392 τὴν
3570 3322 3672 3392 ἐρ-

2083 3412 2280 3482 γασίαν
2335 3411 2534 3466 αὐτῶν.
2600 3409 2861 3473 Ἀναστάς
2917 3410 2974 3463 δὲ
3026 3411 3164 3481 μετὰ
3222 3411 3320 3483 τὴν
3370 3411 3672 3484 ἑϐδομάδα,

2083 3503 2328 3573 ἀπῆλθον
2358 3503 2495 3574 πρὸς
2524 3503 2720 3567 αὐτοὺς
2757 3503 2883 3556 ἰδεῖν
2919 3503 3034 3565 πῶς
3057 3503 3341 3576 κάθηνται.
3371 3507 3482 3559 Καὶ
3503 3507 3670 3574 κρού-

2086 3594 2282 3658 σαντος
2315 3612 2415 3665 μου
2442 3594 2706 3664 ἀνέῳξαν,
2743 3595 2838 3648 καὶ
2867 3594 3182 3663 ἠσπάσαντο
3221 3613 3286 3666 με
3317 3597 3676 3659 σιωπῶντεςδ

2083 3687 2178 3741 καὶ
2214 3689 2446 3758 ποιήσας
2473 3687 2658 3757 εὐχὴν,
2689 3687 2937 3740 ἐκάθισα.
2978 3686 3192 3750 Νεύσας
3215 3687 3271 3741 δὲ
3296 3688 3323 3740 6
3355 3688 3560 3758 μείζων
3589 3689 3679 3761 τῷ,

2087 3779 2395 3850 μικροτέρῳ
2435 3778 2690 3844 ἐξελθεῖν,
2733 3778 2953 3832 ἐκάθισε
2987 3777 3208 3832 πλέκειν
3236 3778 3282 3810 ⁸⁸
3312 3780 3407 3851 τὴν
3448 3781 3671 3852 σειρὰν,

2080 3868 2324 3940 λαλήσας
2368 3869 2566 3940 μηδέν·
2615 3869 2710 3923 καὶ
2747 3872 2815 3939 τῇ
2848 3868 2966 3941 ὦρᾳ
3006 3870 3107 3940 τῆς
3145 3871 3374 3943 ἐνάτης,
3411 3871 3666 3944 ἔκρουσε,

2083 3961 2176 4014 καὶ
2202 3957 2365 4031 ἦλθεν
2394 3963 2422 4014 6
2450 3958 2712 4031 νεώτερος
2743 3960 2808 4025 ",
2840 3961 2933 4016 καὶ
2960 3961 3182 4031 ἐποίησε
3215 3963 3407 4034 μικρὸν
3439 3963 3676 4036 iniqua,

2082 4053 2174 4106 καὶ
2199 4053 2479 4125 παρέθηκε
2513 4051 2815 4124 τράπεζαν,
2851 4053 3142 4118 νεύσαντος
3173 4054 3318 4126 αὐτῷ
3354 4055 3448 4108 τοῦ
3484 4057 3668 4128 μειζο-

2079 4145 2238 4215 τὲρου
2265 4161 2279 4175 °
2319 4149 2411 4200 καὶ
2441 4145 2636 4216 έθηκεν
2667 4146 2745 4208 εἰς
2789 4146 2958 4220 αὐτὴν
2991 4151 3139 4219 τρεῖς
3173 4150 3498 4220 παξαμάδας
3518 4191 3534 4215 ,
3569 4153 3669 4213 καὶ

2082 4238 2209 4308 ἔστη
2250 4237 2494 4291 σιωπῶν.
2534 4236 2674 4307 Ἐγὼ
2704 4239 2760 4292 δέ
2788 4233 2970 4293 εἷπονο
3016 4239 3346 4312 Ἐγείρεσθε,
3377 4242 3664 4313 φάγωμεν.

2083 4331 2190 4383 Kal.
2213 4331 2566 4394 ἀναστάντες,
2597 4331 2877 4402 ἐφάγομεν
2897 4349 2910 4364 ·
2931 4331 3025 4386 καὶ
3049 4333 3245 4404 ἤνεγκε
3267 4333 3324 4386 τὸ
3346 4333 3663 4404 βαυκάλιον,

395 4421 777 4477 eomedamus.
808 4423 937 4478 lude
965 4436 1380 4494 consurgentes,
1411 4429 1592 4483 cibum
1615 4431 1972 4500 sumpsimus.

2082 4422 2178 4474 καὶ
2217 4422 2465 4491 ἐπίομεν.
2517 4423 2604 4485 Ὠς
2636 4423 2692 4476 δὲ
2739 4423 2954 4492 ἐγένετο
2991 4424 3228 4504 ἑσπέρα,
3275 4426 3492 4495 λέγουσί
3533 4443 3660 4496 μοι·

401 4511 599 4567 Attulit
629 4515 880 4577 baucalc,
915 4532 977 4571 ac
999 4517 1254 4574 bibimus.
1287 4519 1355 4574 Ut
1384 4530 1563 4574 autem
1602 4521 1823 4577 advenit
1884 4540 1978 4578 ve-

393 4620 575 4673 spera,
635 4615 825 4675 petunt
869 4624 898 4660 a
939 4625 1058 4663 me:
1112 4608 1446 4666 Recedisne?
1493 4610 1797 4683 Respondi:
1830 4613 1972 4679 Non,

393 4695 487 4747 sed
523 4696 610 4750 hic
645 4695 880 4751 dormio.
917 4697 1074 4754 Unde
1113 4713 1416 4770 posuerunt
1459 4705 1591 4758 mihi
1627 4715 1868 4761 storearn
1903 4723 1975 4762 ex

394 4797 564 4852 parte,
594 4795 646 4841 et
677 4787 779 4840 sibi
811 4787 879 4842 ad
908 4789 1071 4844 alium
1103 4794 1365 4862 angulum
1397 4810 1461 4849 ex
1497 4797 1975 4865 parteztulerunt-

392 4893 500 4943 que
539 4894 708 4932 zonas
751 4897 880 4935 suas
919 4892 972 4936 et
1008 4885 1407 4947 succinctoria,
1437 4887 1713 4958 simulque
1738 4890 1977 4945 colloca»

390 4978 590 5022 verunt
621 4988 680 5024 se
721 4972 774 5024 in
831 4983 998 5027 matta
1042 4989 1169 5030 ante
1220 4993 1324 5033 me.
1370 4979 1637 5034 (Steterunt
1680 4990 1974 5053 postquam

390 5071 820 5128 composuerunt
857 5081 937 5127 se,
963 5066 1114 5119 oravi
1145 5067 1309 5122 Deum
1347 5078 1405 5123 til.
1435 5071 1567 5124 mihi
1596 5074 1973 5140 Operationem

390 5169 585 5206 eorum
622 5156 910 5212 rev-claret.
946 5157 1100 5216 Tunc
1136 5173 1384 5226 apertum
1415 5172 1500 5224 est
1536 5173 1766 5226 tectum,
1818 5175 1972 5220 orta-

389 5261 499 5312 que
528 5255 613 5299 est
652 5247 768 5306 lux.
801 5249 951 5318 velut
1003 5267 1100 5320 per
1129 5252 1297 5316 diem,
1331 5255 1452 5320 ipsi,
1472 5263 1655 5310 autem
1711 5271 1818 5310 non
1850 5271 1970 5310 cer-

390 5340 594 5392 nubant
626 5341 824 5395 lucem.
861 5341 996 5396 Cum
1030 5361 1163 5400 vero
1186 5348 1577 5403 existimarunt
1593 5348 1834 5418 dormire
1855 5363 1965 5409 me.

389 5427 566 5497 major
607 5429 812 5486 fodicat
842 5434 1073 5490 minoris
1106 5437 1269 5493 latus.
1309 5437 1691 5510 Consurgunt,
1739 5438 1968 5508 cingunt

462 5625 506 5654 ⁸⁸
535 5623 617 5677 Al.
646 5625 872 5680 πέλυκα.
897 5627 940 5657 ⁸⁸
974 5629 1056 5685 Al.
1083 5631 1439 5688 ἀναϐολίδιον.

1517 5634 1562 5665 ⁸⁸
1595 5635 1672 5690 Al.
1708 5635 1951 5705 φεύγειν.

391 5689 439 5724 ⁸³
471 5696 556 5748 Al.
583 5695 744 5749 inser.
789 5697 976 5770 ἀλλην.

1058 5702 1098 5732 ⁸¹
1137 5704 1222 5756 Al.
1267 5704 1325 5757 ἑν
1356 5705 1562 5778 ἡμέρᾳ.

2096 4512 2357 4579 Ὑπάγεις
2380 4529 2393 4574 ;
2432 4511 2572 4582 Ἐγὼ
2594 4512 2648 4565 δὲ
2676 4508 2830 4566 εἷπον
2853 4531 2866 4544 ο
2897 4501 3052 4586 Οὐχὶ,
3081 4516 3196 4569 ἀλλ’
3221 4509 3319 4569 ὦδε
3356 4517 3659 4588 κοιμῶμαι.

2083 4604 2192 4656 Καὶ
2221 4602 2424 4673 ἕθηκάν
2457 4620 2547 4674 μοι
2575 4603 2788 4674 ψιάθιον
2823 4604 2974 4676 παρά
3005 4605 3197 4678 μέρος,
3223 4607 3316 4660 καὶ
3349 4609 3561 4673 ἑαυτοῖς
3583 4613 3664 4674 εἰς

2079 4696 2178 4767 τὴν
2201 4697 2245 4726 ⁵⁰
2269 4695 2471 4764 γωνίαν
2501 4698 2650 4768 παρὰ
2689 4697 2883 4769 μέρος·
2916 4699 3007 4752 καὶ
3045 4695 3182 4770 ἦραν
3211 4701 3308 4764 τάς
3336 4701 3660 4767 {Lb-lacha—

2079 4788 2188 4842 τῶν
2223 4790 2315 4843 καὶ
2349 4790 2477 4853 τούς,
2505 4788 2805 4854 ἀναλάϐους
2827 4831 2841 4854 ,
2882 4792 2975 4844 καὶ
3013 4791 3216 4862 ἔθηκαν
3254 4795 3478 4859 ἑαυτοὺς
3520 4795 3659 4866 ὁμοῦ

2079 4882 2159 4943 είς
2184 4879 2243 4932 τὸ
2265 4879 2481 4948 ψιάθιον
2509 4879 2819 4952 ἔμπροσθέν
2843 4900 2964 4953 μου.
2999 4884 3084 4946 Ὠς
3101 4885 3155 4937 δὲ
3179 4885 3381 4957 ἔθηκαν
3407 4889 3658 4954 ἑαυτοὺς,

2079 4973 2333 5044 ηὐξάμην
2367 4972 2446 5043 τῷ
2475 4972 2623 5050 Θεῷ,
2654 4973 2742 5028 ἵνα
2774 4991 2863 5043 μοι
2903 4975 3227 5050 ἀποκαλύψῃ
3263 4978 3362 5048 τὴν
3397 4979 3661 5047 ἐργασίαν

2079 5065 2280 5119 αὐτῶν.
2319 5066 2425 5119 Καὶ
2463 5065 2708 5138 ἠνεῴχθη
2749 5067 2782 5138 ἡ
2827 5068 2992 5140 στέγη
3014 5110 3027 5132 ,
3062 5070 3152 5122 καὶ
3184 5069 3400 5138 ἐγένετο
3427 5071 3542 5139 φῶς
3584 5072 3658 5136 ὡς

2080 5159 2261 5229 ἡμέρα
2301 5159 2343 5189 ⁸¹
2367 5175 2380 5188 ·
2428 5159 2582 5212 αὐτοὶ
2610 5159 2666 5219 δὲ
2707 5159 2807 5212 οὐκ
2837 5158 3102 5232 ἐθεώρουν
3142 5161 3202 5214 τὸ
3245 5160 3379 5231 φῶς.
3425 5163 3536 5216 Καὶ
3583 5162 3660 5226 ὡς

2078 5248 2326 5320 ἐνόμιζον
2358 5250 2438 5303 ὅτι
2484 5251 2786 5321 κοιμῶμαι,
2825 5251 3012 5305 νύσσει
3036 5255 3063 5306 6
3099 5253 3298 5322 μείζων
3339 5254 3428 5306 τὸν
3460 5255 3658 5326 μικρό-

2074 5361 2231 5414 τερον
2273 5345 2353 5407 είς
2386 5343 2485 5415 τὴν
2529 5343 2790 5416 πλευράν,
2825 5345 2919 5399 καὶ
2958 5346 3282 5417 ἐγείρονται,
3315 5349 3408 5401 καὶ
3450 5347 3656 5413 Cdmon-

2077 5415 2160 5488 σιν
2190 5437 2236 5468 ⁸¹
2268 5437 2514 5500 ἑαυτοὺς,
2551 5437 2645 5489 καὶ
2673 5435 2974 5492 ἐκτείνουσι
3000 5437 3098 5504 τάς
3123 5441 3311 5512 χεῖρας
3340 5443 3420 5505 είς
3442 5441 3536 5494 τὸν
3562 5441 3655 5495 ού-

2070 5638 2113 5672 "
2143 5635 2224 5688 Al.
2261 5634 2550 5708 μακρόθεν.
2629 5637 2676 5671 ⁸⁸
2699 5637 2782 5692 Al.
2813 5638 3051 5696 πλέκων.
3092 5642 3136 5676 δ’
3169 5642 3254 5699 Al.
3298 5647 3652 5724 μικρότερος.

1639 5708 1684 5739 ⁸¹
1714 5707 1800 5761 ΑΙ.
1841 5707 2201 5773 ζωννύουσιν.
