3874 6300
219 245 330 300 277

1361 241 1979 301 APOPHTHEGMATA
2017 241 2350 315 jPATBUM.

3380 242 3486 297 278

215 356 405 428 ρανόν.
431 356 544 411 Καὶ
579 355 847 428 ἐθεώρουν
875 355 1100 420 αὐτούς’
1134 357 1286 412 αὐτοὶ
1321 358 1378 412 δέ
1408 359 1509 412 οὐκ
1539 357 1805 427 ἐθεώρουν

1929 371 1990 419 se.
2025 355 2342 428 expanduut
2364 367 2558 410 manus
2587 353 2644 407 in
2673 353 2896 410 coelum.
2929 351 3102 408 Porro
3133 367 3235 422 ego
3289 368 3489 410 cerne-

219 465 292 518 με
313 465 328 478 ·
359 449 460 501 καὶ
479 445 620 502 εἶδον
647 449 771 512 τοὺς
791 447 1054 518 δαίμονας
1075 449 1403 520 ἐρχομένους
1423 449 1610 521 ὥσπερ
1639 449 1804 520 μυίας

213 541 310 592 ἐπὶ
339 539 436 594 τὸν
469 541 822 611 μικρότερον·
855 540 951 593 καὶ⁵
977 541 1024 592 οἱ
1063 541 1163 610 μὲν
1191 541 1422 612 ἡρχοντο
1451 541 1674 596 καθίσαι
1723 543 1806 605 εἰς

211 633 278 684 τὸ
301 632 482 702 στόμα
505 630 696 693 αὑτοῦ,
729 632 778 683 οἱ
809 631 866 684 δέ
889 632 970 694 εἰς
998 634 1123 692 τοὺς
1144 632 1453 704 ὀφθαλμοὺς
1480 633 1666 688 αὑτοῦ.
1693 633 1804 688 Καὶ

213 719 358 776 εῗῶν
407 722 642 791 ἄγγελον
694 721 898 791 Κυρίου
943 723 1242 794 κατέχοντα
1293 725 1564 796 ῥομφαίαν
1614 725 1805 796 πυρὸς,

211 813 314 865 καὶ
345 809 828 882 περιχαρακοῦντα
855 811 1020 864 αὐτὸν
1055 813 1149 865 καὶ
1175 811 1440 867 διώκοντα
1463 816 1588 876 τοὺς
1620 814 1812 885 δαίμοτ

213 921 312 967 νας
345 901 648 956 ἀπἀὐτοῦ.
685 902 776 972 Τῷ
813 903 868 956 δέ
905 903 1203 974 μειζοτέρῳ
1239 907 1337 960 οὐκ
1364 905 1613 959 ἐδύναντο
1641 923 1810 976 προσ-

209 997 466 1064 εττεσαι-
505 997 614 1048 Καὶ
650 995 727 1059 ὡς
783 996 912 1064 περὶ
945 996 1045 1066 τὴν
1075 997 1286 1067 ιπρωῖαν
1315 997 1516 1068 ἔθηκαν
1547 997 1807 1062 ἑαυτούς·

213 1088 382 1156 κάγὼ
427 1089 661 1159 ἐποίησα
717 1088 954 1158 ἐμαυτὸν
1006 1091 1087 1142 ὃτι
1129 1089 1470 1162 διῦπνίσθην,
1522 1091 1616 1144 καὶ
1659 1093 1812 1145 αὐτοὶ

211 1184 508 1246 ὡσαύτως.
543 1179 677 1236 Εἶπε
704 1183 761 1236 δέ
789 1200 878 1254 μοι
909 1186 936 1236 ὀ
965 1183 1166 1254 μείζων
1198 1183 1288 1237 τὸν
1313 1184 1468 1254 λόγον
1499 1185 1686 1240 τοῦτον
1720 1185 1814 1257 μόο

211 1293 310 1328 νον
335 1295 348 1306 ·
377 1275 568 1338 Θέλεις
603 1275 854 1346 βάλωμεν
899 1277 1026 1340 τοὺς
1071 1277 1281 1332 δώδεκα
1311 1277 1591 1350 ψαλμούς;
1624 1279 1809 1349 Λέγω·

211 1367 350 1422 Ναί.
387 1366 500 1418 Καὶ
553 1365 746 1436 ψάλλει
776 1369 804 1420 6
857 1368 1188 1440 μικρότερος
1223 1369 1382 1422 πέντε
1427 1368 1676 1440 ψαλμοὺς
1704 1371 1814 1425 ἀπὸ

211 1458 274 1524 ἓξ
323 1459 528 1528 στίχων
587 1461 684 1514 καὶ
731 1459 790 1512 ἓν
857 1459 1190 1531 Ἀλληλούῖα
1255 1464 1362 1518 Καὶ
1411 1463 1556 1518 κατὰ
1606 1465 1810 1536 στίχον,

213 1545 486 1615 ἐξήρχετο
514 1549 740 1620 λαμπὰς
770 1555 940 1626 πυρὸς
965 1559 1028 1610 ἐκ
1065 1559 1156 1611 τοῦ
1195 1562 1458 1632 στόματος
1487 1564 1649 1617 αὑτοῦ
1669 1604 1684 1630 ,
1713 1567 1808 1620 καὶ

213 1637 510 1692 ἀνέϐαινεν
537 1643 616 1706 εἰς
635 1645 726 1698 τὸν
747 1646 990 1717 οὐρανόν.
1019 1651 1290 1718 Ὡσαύτως
1315 1656 1408 1710 καὶ
1429 1659 1458 1710 6
1477 1655 1698 1726 μείζων,
1717 1661 1806 1714 ὅτε

209 1729 406 1797 ἦνοιγε
429 1732 490 1784 τὸ
523 1734 696 1804 στόμα
717 1737 882 1792 αὑτοῦ
902 1740 1143 1810 ψάλλων,
1175 1745 1250 1810 ὡς
1275 1749 1506 1816 σχοινίον
1534 1750 1704 1820 πυρὸς
1729 1751 1806 1822 (8)

213 1823 511 1894 ἐξήρχετο,
542 1825 636 1876 καὶ
663 1823 892 1893 ἔφθανεν
921 1827 1026 1890 ἓως
1058 1827 1152 1880 τοῦ
1183 1828 1433 1900 ούρανοῦ.
1469 1831 1639 1900 Κάγὼ
1663 1829 1813 1886 εἷπον

215 1913 426 1982 μικρὸν
465 1913 576 1966 ἀπὸ
613 1913 864 1985 στήθους.
913 1917 1024 1970 Καὶ
1067 1915 1318 1983 ἐξελθὼν,
1357 1919 1528 1987 λέγω·
1573 1920 1814 1985 Εῦξασθε

215 2002 350 2074 περὶ
369 2001 421 2032 ⁸³
445 2002 608 2072 ἐμοῦ.
642 2003 808 2056 Αὐτοὶ
834 2005 890 2056 δέ
920 2005 1110 2058 ἔϐαλον
1137 2007 1445 2077 μετάνοιαν,
1479 2010 1810 2075 σιωπῶντες.

219 2095 476 2164 Ἔμαθον
500 2092 592 2150 οὖν
619 2097 700 2150 ὅτι
730 2099 758 2150 6
785 2098 989 2166 μείζων
1015 2099 1221 2164 τέλειός
1249 2103 1364 2154 ἐστι
1391 2119 1404 2133 ·
1439 2102 1514 2172 τῷ
1539 2104 1596 2157 δέ
1622 2123 1814 2178 μικρο-

211 2186 364 2256 τέρῳ
418 2187 606 2260 ἀκμὴν
655 2190 910 2262 ἐπολέμει
951 2194 978 2245 6
1031 2193 1246 2265 ἐχθρός.
1307 2195 1464 2248 Μετὰ
1509 2196 1564 2249 δὲ
1613 2199 1816 2270 μικρὰς

215 2277 446 2348 ἡμέρας
471 2317 486 2341 ,
529 2279 798 2351 ἐκοιμήθη
844 2281 872 2333 6
903 2281 1103 2352 μείζων
1142 2283 1390 2354 ἁδελφὸς,
1425 2289 1518 2340 καὶ
1548 2291 1613 2360 τῇ
1656 2291 1816 2364 τρίτῃ

215 2367 411 2438 ἡμέρᾳ
449 2371 480 2421 6
525 2371 870 2446 μικρότερος.
925 2375 1035 2428 Καὶ
1067 2377 1154 2430 ὅτε
1197 2378 1504 2449 παρέϐαλον
1533 2399 1677 2446 τινες
1709 2383 1816 2438 τῶν

215 2460 489 2533 Πατέρων
523 2463 660 2534 πρὸς
693 2465 784 2518 τὸν
826 2466 1000 2520 ἀὸὅᾶν
1031 2470 1333 2542 Μακάριον,
1380 2473 1684 2544 ἐλάμϐανεν
1715 2477 1818 2530 αὺ-

215 2555 348 2618 τοὺς
377 2557 462 2618 εἰς
499 2555 600 2627 τὴν
645 2557 840 2611 κέλλαν
875 2560 1076 2625 αὐτῶν,
1117 2563 1318 2634 λέγων·
1351 2567 1516 2620 Δεῦτε
1537 2607 1553 2636 ,
1586 2569 1724 2623 ἴδετε
1755 2572 1820 2624 τὸ

217 2647 538 2720 μαρτύριον
566 2648 676 2704 τῶν
709 2653 924 2724 μικρῶν
953 2655 1142 2720 ξένων.

289 2913 391 2967 λδν.
441 2914 796 2971 Ἀπέστειλάν
823 2937 950 2973 ποτε
978 2920 1114 2992 πρὸς
1140 2921 1228 2975 τὸν
1255 2923 1428 2976 ἀδὸἄν
1451 2925 1734 2998 Μακάριον
1759 2929 1816 2980 ἐν

215 3008 288 3076 τῇ
311 3007 530 3076 τΣκήτει
557 3009 606 3060 οἱ
632 3009 886 3081 γέροντες
909 3013 1001 3066 τοῦ
1029 3014 1216 3086 ὅρους,
1245 3017 1692 3088 παρακαλοῦντες
1718 3021 1816 3078 αύ-

215 3099 348 3150 τόν·
398 3099 498 3152 καί
545 3117 680 3170 φασι
723 3104 860 3174 πρὸς
902 3105 1097 3158 αὐτόν·
1141 3107 1260 3160 Ἵνα
1311 3107 1386 3180 μὴ
1422 3110 1592 3182 σκυλῇ
1640 3113 1746 3177 πᾶς
1791 3115 1820 3166 6

217 3189 352 3254 λαὸς
377 3191 520 3262 πρὸς
548 3193 626 3255 σὲ,
661 3193 921 3266 ἀξιοῦμέν
948 3215 1008 3250 σε
1037 3200 1444 3272 παραγενέσθαι
1478 3203 1616 3275 πρὸς
1646 3206 1816 3276 ἡμᾶς,

217 3283 378 3346 ὃπως
407 3283 736 3356 θεασώμεθα
765 3289 872 3358 πρὸ
896 3288 990 3344 τοῦ
1023 3308 1080 3343 σε
1105 3293 1412 3364 ἐκδημῆσαι
1431 3295 1568 3367 πρὸς
1589 3295 1816 3368 Κύριον.

217 3375 688 3447 Παραγενομένου
733 3378 788 3432 δέ
822 3380 988 3434 αὑτοῦ
1015 3383 1072 3434 ἐν
1101 3383 1180 3454 τῷ
1207 3383 1344 3455 ὅρει,
1379 3387 1618 3461 συνήχθη
1653 3391 1761 3454 πᾶς
1793 3394 1822 3446 6

217 3466 354 3531 λαὸς
399 3468 540 3538 πρὸς
566 3469 750 3524 αὐτόν.
781 3473 892 3526 Καὶ
921 3475 1260 3546 παρεκάλουν
1291 3479 1454 3532 αὐτὸν
1487 3481 1536 3532 οε
1568 3481 1823 3553 γέροντες

219 3560 406 3612 εἰπεῖν
431 3561 593 3628 λόγον
618 3565 730 3626 τοῖς
759 3564 1026 3634 ἀδελφοῖς.
1071 3567 1126 3620 '0
1149 3568 1204 3622 δέ
1227 3569 1465 3636 ἀκούσας
1486 3572 1588 3644 ἔφη
1609 3589 1622 3604 ο
1649 3575 1825 3630 Κλαύ-

223 3669 442 3722 σωμεν,
479 3653 720 3723 ἀδελφοὶ,
783 3657 876 3709 καὶ
929 3661 1394 3729 καταγαγέτωσαν
1447 3666 1495 3716 οἱ
1551 3665 1822 3740 ὀφθαλμοὶ

221 3747 392 3818 ἡμῶν
415 3747 648 3819 δάκρυα,
674 3748 781 3820 πρὸ
801 3749 896 3802 τοῦ
928 3752 1074 3822 ἡμᾶς
1104 3753 1380 3820 ἀπελθεῖν,
1406 3757 1541 3810 ὅπου
1573 3757 1641 3812 τὰ
1664 3761 1696 3830 ή
1707 3761 1822 3830 μῶν

219 3838 446 3911 δάκρυα
481 3841 819 3894 κατακαύσει
849 3841 918 3895 τὰ
946 3841 1173 3914 σώματα
1207 3847 1384 3918 ἡμῶν.
1415 3850 1523 3903 Καὶ
1555 3849 1824 3908 ἔκλαυσαν

227 3934 448 4000 πάντες
469 3972 484 3996 ,
517 3933 610 3986 καὶ
639 3935 832 3987 ἕπετον
868 3935 959 3988 ἐπὶ
980 3937 1268 4008 πρόσωπον
1289 3939 1486 4008 αὐτῶν,
1511 3943 1605 3997 καὶ
1637 3940 1788 4000 εἷπον
1805 3961 1818 3974 ·

223 4027 440 4098 Πάτερ,
467 4023 618 4092 εὖξαι
637 4028 772 4098 ὑπὲρ
799 4029 977 4099 ἡμῶν.

293 4119 398 4172 λε’.
443 4119 666 4172 Ἀλλοτε
709 4121 895 4185 πάλιν,
930 4121 1140 4192 δαίμων
1171 4125 1376 4198 ἐπέστη
1413 4127 1492 4198 τῷ
1528 4129 1672 4201 ἀσϐᾷ
1705 4132 1824 4184 Μα-

221 4209 416 4280 καρίῳ
455 4209 591 4280 μετὰ
626 4211 936 4283 μαχαιρίου,
961 4211 1130 4267 θέλων
1155 4214 1245 4267 τὸν
1267 4215 1402 4270 πόδα
1431 4219 1594 4273 αὐτοῦ
1625 4221 1789 4288 κόψαι
1807 4241 1822 4254 ο

223 4300 328 4352 καλ
359 4299 450 4354 διὰ
479 4301 578 4371 τὴν
607 4305 1105 4378 ταπεινοφροσύνην
1135 4309 1300 4363 αὐτοῦ
1329 4311 1404 4384 μὴ
1435 4311 1708 4384 δυνηθεὶς,
1736 4314 1824 4369 λέ-

223 4409 318 4460 τει
367 4393 551 4464 αὐτῷ·
593 4395 732 4448 Ὅσα
767 4395 950 4466 ἔχετε,
1000 4400 1092 4452 καὶ
1132 4402 1294 4472 ἡμεῖς
1328 4401 1552 4476 ἔχομεν’
1591 4406 1729 4480 μόνῃ
1757 4411 1822 4480 τῇ
1860 4428 1904 4484 ι)

221 4487 708 4560 ταπεινοφροσύνῃ
739 4489 1025 4562 διαφέρετε
1059 4493 1238 4564 ἡμῶν,
1268 4497 1364 4549 καὶ
1384 4501 1662 4569 κρατεῖτε.

299 4661 418 4728 λς’.
455 4659 626 4715 Εἶπεν
669 4665 697 4716 6
741 4663 916 4730 ἀὸϐᾶς
954 4667 1273 4739 Μακάριος’
1329 4669 1454 4725 Ἐὰν
1497 4671 1826 4745 μνησθῶμεν

221 4759 346 4809 τῶν
381 4757 488 4809 ὑπὸ
531 4755 640 4809 τῶν
688 4757 994 4829 ἀνθρώπων
1035 4761 1392 4832 ἐπαγομένων
1433 4767 1564 4836 ἡμῖν
1611 4767 1818 4833 κακῶν,

225 4847 576 4920 ἀναιροῦμεν
601 4847 699 4922 τὴν
729 4849 960 4921 δύναμιν
986 4852 1083 4923 τῆς
1113 4853 1206 4906 τοῦ
1243 4853 1377 4907 Θεοῦ
1409 4858 1650 4928 μνήμης.
1699 4861 1822 4914 Ἐὰν

221 4944 286 4998 δὲ
347 4943 678 5015 μνησθῶμεν
723 4943 830 4998 τῶν
875 4946 1064 5000 κακῶν
1109 4947 1217 5000 τῶν
1253 4947 1543 5020 δαιμόνων,
1587 4952 1825 5024 ἐσόμεθα

223 5039 492 5110 ἄτρωτοι.

301 5131 404 5196 λζ’.
443 5129 610 5187 Εἶπεν
629 5133 657 5184 6
683 5131 858 5196 i663;
883 5132 1218 5202 Παφνούτιος
1242 5137 1269 5188 6
1298 5135 1543 5207 μαθητὴς
1563 5137 1655 5208 τοῦ
1681 5137 1850 5206 ἀϐϐᾶ⁴

227 5225 551 5296 Μακαρόυ,
592 5225 674 5280 ὅτι
710 5225 896 5294 ἔλεγεν
935 5228 962 5279 6
998 5225 1174 5300 γέρων
1210 5227 1311 5292 ὅτι,
1351 5229 1481 5282 Ὅτε
1511 5229 1825 5300 ἥμηνπαι-

313 5382 361 5416 ιι
386 5383 475 5438 Al.
513 5385 679 5456 ὑπέρ.

305 5545 386 5626 (β)
419 5544 703 5626 ξχρινίως
737 5545 946 5626 πυρός.
985 5541 1676 5626 Ϊιιηξευζᾳδξςηὶε-ῇιιθηρ.
1699 5544 1832 5626 Pro-

239 5617 374 5672 inde
403 5615 468 5668 ad
497 5613 730 5670 Joannis
769 5615 1076 5670 versionem
1113 5617 1169 5668 in
1205 5613 1396 5670 iisdem
1441 5614 1574 5670 Vitis
1603 5615 1829 5670 Patrum

205 5721 208 5724 -
235 5689 422 5756 fumus
454 5685 697 5754 irrepsit,
734 5701 796 5740 ex
824 5685 1232 5741 abbreviatione
1281 5686 1433 5741 vocis
1465 5687 1752 5756 funiculus.

1911 446 2034 502 bam
2065 463 2190 506 eos:
2225 445 2328 516 ipsi
2363 459 2470 498 non
2507 443 2765 499 videbant
2797 459 2904 499 me.
2937 444 3018 498 Ad
3074 445 3188 499 haec
3234 445 3343 526 vidi
3375 446 3484 501 ἀίει

1909 555 2098 594 mones
2133 537 2308 594 instar
2335 552 2650 594 muscarum
2681 539 2967 593 venientes
3007 551 3173 608 super
3195 539 3487 608 minorem,

1909 646 2144 702 quorum
2195 631 2288 684 alii
2325 629 2658 684 accedebant
2696 638 2755 682 ut
2792 629 3046 684 sederent
3103 629 3157 686 in
3207 618 3304 686 o’rc
3347 630 3490 700 ejus,

1910 724 2001 777 alii
2037 723 2090 776 in
2119 723 2315 776 oculis.
2349 720 2522 774 Simul
2548 721 2809 790 conspexi
2845 723 3093 792 angelum
3129 721 3490 778 Dominicum

1909 813 2090 883 gladio
2127 811 2271 879 ignis
2305 825 2412 880 prze
2459 810 2738 872 manibus,
2795 811 3304 866 cireuu‘tvallantem
3341 827 3492 876 eum,

1912 903 2297 974 daemonesque
2350 903 2418 956 ab
2452 917 2516 956 eo
2571 903 2991 972 propellentem.
3031 907 3102 955 At
3136 904 3332 972 majori
3379 920 3492 958 non

1912 1004 2163 1067 poterant
2231 995 2690 1066 appropinquare.
2760 993 2919 1050 Ci-rca
2973 998 3302 1050 matutinum
3353 1011 3496 1049 vero

1914 1098 2150 1158 tempus,
2181 1089 2584 1142 recubuerunt:
2621 1101 2720 1157 ego
2765 1086 3088 1150 assimilavi,
3133 1102 3220 1141 me
3246 1103 3370 1142 mox
3397 1103 3494 1141 ex-

1915 1179 2312 1252 pergefactum;
2375 1181 2589 1250 ipsique
2646 1179 2918 1234 similiter.
2971 1177 3082 1232 Hoc
3129 1188 3310 1232 autem
3356 1180 3500 1234 dun-

1915 1279 2064 1326 taxat
2093 1271 2226 1324 mihi
2262 1271 2512 1326 elocutus
2535 1280 2618 1326 est
2645 1271 2872 1324 verbum
2907 1269 3122 1339 major:
3164 1268 3258 1326 Vis
3303 1273 3498 1326 recite-

1915 1378 2038 1418 mus
2097 1363 2383 1418 duodecim
2443 1361 2719 1433 psalmos?
2765 1361 2994 1430 Excipio
3041 1380 3054 1415 :
3099 1361 3294 1415 Etiam.
3358 1361 3498 1420 Tum

1915 1454 2100 1525 psallit
2123 1455 2300 1509 minor
2329 1455 2572 1524 quinque
2625 1455 2890 1524 psalmos,
2921 1469 2950 1507 a
2991 1469 3084 1508 sex
3117 1455 3390 1516 versibus,
3444 1459 3500 1508 et

1918 1563 2084 1600 unum
2141 1547 2394 1602 Alleluia.
2443 1545 2622 1618 Atque
2650 1547 2718 1601 ad
2769 1561 3218 1616 unumquemque
3257 1561 3499 1612 versum,

1916 1639 2100 1692 exibat
2143 1639 2288 1709 ignis
2333 1639 2542 1710 lampas
2575 1655 2640 1695 ex
2683 1654 2778 1694 ore
2810 1639 2931 1708 ejus
2966 1639 3405 1708 ascendebatque
3443 1639 3502 1694 in

1921 1730 2143 1784 cmlum.
2173 1729 2294 1783 Pari
2331 1730 2493 1806 modo
2525 1731 2688 1786 etiam
2721 1731 2920 1800 major,
2957 1732 3180 1802 quando
3221 1729 3504 1800 aperiebat

1921 1817 1982 1876 os
2043 1821 2097 1874 in
2130 1821 2435 1892 psallendo.
2468 1830 2728 1893 tanquam
2764 1822 3044 1878 funiculus
3069 1823 3211 1892 ignis
3257 1821 3503 1894 egredie-

1919 1911 2101 1978 batur,
2139 1921 2192 1968 et
2225 1913 2571 1986 pertingebat
2606 1931 2782 1985 usque
2823 1916 2877 1969 iu
2913 1915 3137 1970 cmlum.
3183 1913 3360 1968 Etiam
3400 1929 3504 1984 ego

1923 2019 2218 2076 parumper
2269 2021 2336 2061 ex
2383 2015 2606 2076 pectore
2658 2021 2721 2060 ac
2771 2009 3032 2062 memoria
3091 2007 3337 2062 recitavi.
3373 2004 3504 2061 Post

1922 2098 2068 2168 quod
2109 2099 2323 2168 exiens,
2360 2081 2472 2154 dixi
2507 2117 2520 2152 :
2564 2098 2729 2154 Orate
2767 2113 2867 2168 pro
2905 2114 3009 2154 me.
3047 2097 3154 2168 lpsi
3192 2107 3376 2154 autem
3419 2097 3506 2152 in-

1923 2191 2270 2245 clinaverunt
2294 2207 2374 2257 se,
2407 2199 2674 2246 tacentes.
2707 2191 2960 2262 Comperi
2996 2206 3125 2262 ergo
3155 2190 3300 2261 quod
3329 2190 3506 2260 major

1923 2280 2196 2351 perfectus
2225 2291 2388 2346 esset,
2426 2283 2693 2336 minorem
2726 2281 2906 2336 adhuc
2943 2282 3284 2354 impugnaret
3317 2281 3506 2335 inimi-

1923 2391 2046 2432 cus.
2097 2375 2366 2431 Caaterum
2419 2383 2545 2448 post
2601 2389 2807 2446 paucos
2839 2375 2980 2438 dies,
3019 2375 3214 2430 mortis
3251 2389 3504 2430 somnum

1921 2468 2258 2524 obdormivit
2293 2468 2469 2536 major
2493 2467 2682 2533 frater,
2718 2483 2781 2522 ac
2813 2468 2972 2523 tertia
2997 2467 3123 2522 dein
3157 2465 3247 2522 die
3293 2467 3502 2522 minor.

1923 2555 2171 2626 Cumque
2203 2571 2234 2611 e
2259 2554 2516 2612 Patribus
2557 2557 2808 2611 nonnulli
2848 2555 3067 2611 adirent
3100 2556 3355 2612 abbatem
3397 2555 3510 2610 lla-

1923 2649 2154 2716 carium,
2197 2648 2425 2704 ducebat
2471 2663 2567 2703 eos
2601 2649 2655 2702 in
2707 2648 2943 2702 istorum
2995 2649 3210 2712 cellam,
3259 2664 3384 2704 cum
3416 2649 3504 2703 his

1923 2741 2146 2796 verbis:
2185 2739 2400 2806 Venite,
2447 2739 2628 2796 videte
2671 2740 2996 2816 martyrium
3025 2741 3302 2794 minorum
3347 2755 3506 2812 pere-

1921 2839 2224 2904 grinorum.

1995 2925 2169 2996 5M9)
2205 2923 2476 2980 Mlserunt
2501 2924 2797 2996 aliquando
2823 2922 2890 2978 ad
2925 2923 3177 2978 abbatem
3210 2921 3509 2978 Macarium

1927 3017 1980 3071 in
2013 3015 2160 3072 Sceti
2185 3018 2576 3074 consistentem
2612 3033 2773 3073 senes
2822 3015 3048 3080 montis,
3085 3009 3308 3071 orantes
3342 3031 3467 3071 eum
3491 3054 3508 3081 ,

1927 3117 1980 3162 et
2006 3108 2196 3162 aiunt:
2234 3107 2310 3164 Ne
2331 3109 2588 3165 universa
2619 3108 2912 3164 multitudo
2940 3107 3006 3162 ad
3049 3115 3102 3163 te
3127 3106 3401 3162 veniendo
3431 3105 3512 3162 fa-

1927 3199 2154 3270 tigetur,
2195 3215 2486 3270 precamur
2533 3209 2593 3255 ut
2641 3201 2877 3256 accedas
2909 3200 2978 3256 ad
3023 3213 3147 3266 nos,
3183 3213 3296 3270 quo
3321 3199 3510 3256 videa-

1929 3307 2053 3348 mus
2075 3301 2370 3364 antequam
2406 3295 2642 3365 emigres
2667 3294 2732 3348 ad
2767 3293 3078 3348 Dominum.
3111 3291 3214 3361 Qui
3253 3292 3326 3350 ad
3351 3309 3512 3348 mon-

1931 3392 2036 3438 tem
2082 3401 2208 3440 cum
2237 3385 2530 3450 adfuisset,
2561 3393 2892 3458 congregata
2928 3393 3012 3442 est
3043 3387 3224 3442 omnis
3269 3386 3513 3442 multitu-

1929 3477 2000 3531 do
2027 3478 2172 3531 circa
2201 3493 2348 3532 eum.
2384 3478 2558 3534 Senes
2580 3493 2712 3534 vero
2744 3486 3096 3549 rogaverunt,
3125 3486 3184 3532 ut
3212 3481 3280 3536 ad
3311 3478 3512 3536 fratres

1931 3569 2154 3625 haberet
2183 3585 2514 3628 sermonem.
2541 3571 2635 3626 llle
2659 3571 2844 3626 audita
2875 3573 3180 3642 rogatione.
3201 3570 3508 3636 Ploremus,

1930 3663 2132 3733 inquit,
2159 3663 2380 3732 fratres,
2427 3671 2482 3718 et
2511 3665 2656 3718 ocuii
2711 3663 2888 3718 nostri
2951 3664 3287 3734 profundant
3327 3665 3506 3736 lacry-

1929 3769 2072 3820 mas,
2103 3765 2392 3826 antequam
2440 3771 2508 3811 eo
2541 3757 2822 3822 abeamus,
2877 3757 2970 3812 ubi
3017 3757 3275 3827 lacrymm
3306 3763 3510 3810 nostra:

1931 3850 2299 3904 combustum
2328 3857 2458 3904 sunt
2487 3865 2718 3919 corpora
2771 3857 2984 3905 nostra.
3042 3846 3108 3901 Et
3159 3848 3510 3918 ploraverunt

1931 3943 2138 4006 cuncti,
2172 3941 2602 4011 cecideruntque
2632 3959 2798 4013 super
2829 3942 3022 3998 faciem
3070 3957 3250 4006 suam,
3293 3955 3510 3997 necnon

1931 4032 2224 4087 dixerunt:
2252 4030 2436 4096 Pater,
2466 4049 2561 4088 ora
2590 4047 2688 4103 pro
2717 4034 2900 4090 nobis.

2001 4123 2089 4179 55.
2122 4124 2239 4178 Alia
2269 4123 2468 4179 iterum
2501 4125 2619 4181 vice
2663 4126 2874 4182 dannon
2909 4125 3214 4182 insurrexit
3245 4125 3513 4184 adversus

1933 4215 2184 4270 abbatem
2241 4215 2536 4274 Macarium
2581 4231 2706 4270 eum
2755 4215 3014 4287 gladiolo,
3075 4217 3280 4274 volens
3321 4215 3512 4290 pedem

1932 4305 2053 4376 ejus
2078 4316 2398 4378 amputare;
2435 4309 2530 4364 sed
2551 4323 2676 4362 cum
2701 4319 2922 4379 propter
2943 4309 3306 4365 humilitatem
3336 4309 3514 4381 ipsius

1933 4414 2042 4453 non
2071 4407 2275 4468 posset,
2313 4398 2453 4455 dixit
2483 4400 2569 4454 ei:
2603 4397 2954 4472 Quatcunque
2985 4399 3202 4456 habetis
3245 4399 3516 4458 habemus

1932 4491 2099 4544 etiam
2131 4505 2262 4558 nos;
2290 4493 2408 4548 sola
2439 4491 2746 4547 humilitate
2774 4506 2804 4544 a
2837 4491 2996 4548 nobis
3019 4492 3272 4556 diﬂertis,
3308 4499 3362 4548 et
3385 4507 3518 4564 prm-
3565 4531 3572 4544 .

1931 4585 2146 4639 valetis.

2000 4677 2086 4730 56.
2116 4677 2225 4749 (I0)
2245 4677 2388 4730 Dixit
2405 4677 2576 4732 abbas
2595 4676 2898 4732 Macarius:
2924 4676 2980 4730 Si
3000 4675 3390 4732 retinuerimus
3405 4689 3520 4731 me-

1935 4769 2165 4824 moriam
2223 4771 2491 4825 malorum
2541 4786 2662 4841 quae
2692 4771 2854 4825 nobis
2892 4768 3206 4824 inferuntur
3231 4771 3300 4824 ab
3338 4769 3519 4824 homi-

1932 4863 2120 4926 nibus,
2157 4863 2441 4919 abolemus
2481 4863 2588 4918 vim
2639 4861 3037 4918 recordationis
3088 4859 3220 4930 Dei;
3275 4862 3422 4934 quod
3471 4863 3518 4919 si

1932 4955 2206 5009 recordati
2269 4956 2536 5012 fuerimus
2601 4955 2870 5012 malorum
2927 4969 3049 5026 quae
3099 4969 3196 5027 per.
3235 4955 3516 5018 daemones

1933 5046 2280 5114 contingunt,
2312 5049 2520 5106 erimus
2547 5046 2899 5102 invulnerati.

2010 5139 2096 5204 37.
2133 5139 2340 5202 Retulit
2373 5140 2542 5196 abbas
2571 5138 2938 5210 Paphnutius,
2971 5139 3281 5211 discipulus
3302 5137 3518 5194 abbatis

1935 5230 2180 5297 Macarii,
2211 5231 2377 5294 verba
2409 5232 2558 5288 senis
2581 5245 2594 5288 :
2618 5231 2847 5299 Quando
2869 5245 3020 5288 eram
3051 5246 3208 5304 puer,
3241 5245 3366 5288 cum
3393 5229 3524 5284 aliis

2011 5546 2088 5618 (9)
2125 5545 2234 5618 Vit.
2265 5544 2422 5618 Patr.
2452 5561 2535 5611 tn,
2571 5548 2625 5603 9.

2012 5613 2126 5688 (1'0)
2167 5615 2274 5673 Vit.
2307 5615 2466 5673 Patr.
2493 5633 2548 5686 ι,
2575 5617 2673 5674 54.
2699 5615 2764 5675 L.
2802 5615 3082 5675 Socratem
3112 5629 3186 5684 Iv,
3213 5613 3314 5674 23-
