3874 6300
402 137 510 191 9.79

1550 165 1897 224 APPENDIX
1933 173 2025 226 AD
2055 175 2468 241 PALLADIUM.

3556 211 3665 266 28-3

390 251 581 315 Pueris
635 260 926 328 pascebam
980 264 1244 336 buculas;
1305 281 1359 328 et
1413 292 1775 346 perrexerunt
1829 287 1922 342 [ιη

393 359 508 393 Il'tm
543 352 684 393 ἥβης
761 353 1010 393 numnum
1045 371 1275 393 ωηο-...ηρ
1334 381 1438 393 ...ιη
1505 385 1563 393 Α..
1626 374 1690 393 εξμ
1753 392 1758 393 γ
1842 379 1910 393 ο..

2030 300 2051 350 ι
2080 297 2210 358 δῖον.
2262 305 2399 373 μετὰ
2436 305 2544 358 τῶν
2573 307 2747 362 ἄλλων
2781 313 3005 369 παιδίων
3039 317 3262 376 ἔϐοσκον
3308 323 3518 393 βοῒδια’
3560 333 3658 384 καὶ

393 359 508 408 uim
543 352 708 411 licus.
760 353 1010 428 Dumque
1045 371 1300 427 currunt,
1334 381 1438 420 una
1502 385 1567 424 ex
1626 374 1694 430 iis
1740 379 1969 434 cecidit:

391 463 554 516 quam
587 449 788 504 tollens
840 452 1075 507 comedi.
1109 453 1339 520 Quoties
1391 475 1524 532 ergo
1567 465 1695 534 ejus
1721 471 1801 524 rei
1832 473 1974 527 redit

388 542 668 602 memoria.
697 544 918 611 plorans
948 547 1133 602 sedeo.
1243 594 1278 618 λ,

459 634 549 689 58.
591 636 702 706 (ll)
736 637 983 692 Narravit
1012 641 1182 696 abbas
1216 643 1488 702 Macarius
1507 667 1527 702 ε
1552 648 1660 707 lter
1686 664 1850 725 agens
1874 672 1968 711 au-

388 727 612 795 quando
644 745 741 798 per
773 745 1043 795 cremant,
1082 733 1263 790 inveni
1301 740 1598 796 calvariam
1645 749 1844 802 mortui
1898 751 1965 804 ad

383 819 560 872 solum
583 820 889 890 jacentem;
922 839 1083 892 quam
1117 842 1240 882 cum
1266 831 1478 899 palmeo
1499 834 1696 892 baculo
1721 842 1967 909 quassis-

379 927 515 974 sem,
555 913 734 966 locuta
762 915 891 968 mihi
926 925 1010 972 est
1047 919 1305 975 calvaria.
1335 923 1467 978 Dico
1491 928 1538 980 ei
1574 928 1683 983 :Tu
1718 935 1844 1001 quis
1871 937 1965 989 cs?

380 1001 680 1072 Respondit
709 1006 838 1060 mihi
870 1009 1104 1064 calvaria
1137 1028 1151 1065 :
1188 1012 1300 1084 Ego
1331 1032 1478 1072 eram
1518 1022 1763 1091 pontifex
1790 1015 1967 1084 idolo:

379 1107 496 1145 rum
514 1109 816 1166 eorumque
843 1101 1127 1169 gentilium
1151 1107 1243 1175 qui
1271 1107 1375 1162 hoc
1409 1111 1528 1165 loco
1560 1117 1954 1187 morabantur;

377 1193 432 1238 tu
463 1203 596 1242 vero
628 1205 687 1244 es
744 1190 1018 1250 Macarius
1065 1199 1156 1266 qui
1195 1198 1458 1269 Spiritum
1508 1205 1599 1262 Dei
1638 1208 1780 1266 fers:
1823 1231 1957 1285 qua-

373 1293 592 1347 cunque
647 1281 779 1335 hora
820 1296 1131 1343 commotus
1173 1290 1343 1346 fueris
1397 1297 1778 1356 misericordia
1826 1322 1954 1375 erga

371 1384 467 1423 eos
488 1372 582 1441 qui
609 1372 663 1425 in
687 1378 977 1434 tormentis
1001 1390 1310 1446 versantur,
1339 1397 1392 1440 et
1421 1391 1666 1447 oraveris
1691 1409 1789 1462 pro
1818 1397 1951 1465 illis,

369 1463 626 1534 exiguum
670 1469 916 1523 sentiunt
960 1472 1240 1531 solatium.
1283 1477 1374 1532 Ait
1419 1496 1620 1538 senex:
1664 1463 1948 1550 Quodnam

367 1564 452 1610 est
486 1558 766 1622 solatium,
796 1569 852 1615 et
906 1566 1181 1632 quodnam
1235 1577 1599 1630 tormentum?
1647 1576 1945 1647 Quantum,

368 1648 566 1716 inquit,
609 1665 637 1702 a
691 1660 834 1705 terra
865 1653 1033 1709 distat
1065 1659 1286 1723 caelum,
1322 1671 1536 1718 tantum
1571 1678 1654 1723 est
1683 1671 1827 1742 ignis
1871 1644 1950 1730 iu-
1981 1644 2024 1699 Β

363 1735 448 1790 fra
480 1754 600 1803 nos,
627 1756 655 1794 a
684 1741 913 1811 pedibus
944 1747 1009 1800 ad
1053 1758 1215 1818 caput
1251 1756 1529 1812 stantibus
1559 1735 1806 1817 nobisin
1836 1781 1952 1820 me-

363 1830 456 1884 dio
489 1830 664 1901 ignis;
722 1850 823 1889 nec
864 1833 992 1890 licet
1025 1838 1164 1895 facie
1196 1842 1263 1897 ad
1303 1845 1500 1900 faciem
1537 1849 1722 1907 videre
1756 1870 1947 1924 quem-

360 1939 556 1990 quam;
580 1925 673 1979 sed
705 1927 975 1998 cujusque
1007 1930 1176 1988 facies
1209 1937 1374 1991 dorso
1422 1940 1652 1997 alterius
1682 1943 1940 2002 adhaeret.

357 2013 590 2079 Quando
621 2016 790 2089 igitur
835 2036 962 2077 oras
993 2039 1093 2092 pro
1129 2026 1312 2091 nobis,
1339 2045 1484 2086 unus
1515 2049 1582 2088 ex
1626 2045 1780 2104 parte
1815 2055 1939 2110 spe-

355 2112 468 2156 ctat
499 2104 694 2160 faciem
723 2109 969 2166 alterius.
1005 2111 1120 2168 Hoc
1149 2122 1233 2169 est
1265 2117 1542 2174 solatium.
1586 2121 1651 2176 Et
1686 2123 1822 2178 ﬂens
1845 2104 1940 2180 se—

355 2211 482 2258 nex,
511 2195 687 2251 dixit:
711 2197 803 2254 Va:
827 2200 930 2255 diei
961 2203 1016 2256 in
1049 2220 1156 2274 qua
1188 2217 1348 2264 natus
1375 2219 1458 2264 est
1482 2210 1670 2269 homo!
1693 2216 1936 2272 Addidit:

363 2285 529 2344 Estne
579 2289 725 2345 aliud
761 2294 983 2363 gravius
1017 2298 1380 2368 supplicium?
1403 2302 1610 2359 Retulit
1653 2309 1932 2364 cranium:

351 2379 524 2449 llajor
547 2398 707 2452 paena
737 2395 821 2440 est
858 2387 1046 2443 subter
1069 2406 1193 2448 nos.
1229 2391 1368 2447 Tum
1391 2411 1595 2451 senex:
1624 2397 1933 2470 thuinam

348 2473 463 2528 illic
498 2475 741 2545 degunt?
773 2477 996 2549 Excepit
1020 2500 1043 2535 τ-
1061 2482 1196 2548 Nos,
1224 2493 1414 2556 utpote
1442 2490 1535 2559 qui
1560 2490 1932 2561 ignoravimus

345 2562 540 2632 Deum,
604 2571 820 2625 modice
870 2573 1305 2631 misericordiam
1351 2583 1778 2654 consequimur;
1834 2585 1927 2655 qui

345 2671 478 2712 vero
515 2672 897 2728 COgnoveruut
932 2663 1123 2731 Deum,
1155 2676 1210 2723 et
1238 2681 1577 2739 negaverunt
1620 2690 1768 2742 eum,
1797 2677 1930 2732 sub-

342 2753 433 2800 tus
468 2761 576 2800 nos-
599 2759 747 2803 sunt.
781 2750 937 2808 Tunc
961 2770 1128 2811 senex
1158 2760 1454 2814 calvariam
1481 2777 1726 2828 sumens,
1756 2767 1936 2825 humo.

339 2837 641 2894 mandavit.

405 3009 496 3064 39.
533 3011 645 3082 (ita)
683 3012 896 3071 Dictum
931 3029 1016 3076 est
1049 3022 1116 3078 de
1147 2995 1344 3084 abbate
1370 3029 1608 3089 Macario
1635 3035 1914 3109 Egyptio,
1947 3018 1988 3075 ε

334 3102 481 3171 quod
520 3105 817 3176 aliquando
855 3128 884 3165 e
917 3111 1063 3169 Sceti
1097 3121 1429 3177 ascendebat
1462 3124 1518 3179 in
1554 3102 1797 3185 montem
1823 3102 1916 3185 Ni;

335 3195 473 3260 triae,
525 3206 580 3252 et
633 3211 691 3253 ut
741 3217 911 3273 prope
962 3207 1141 3262 locum
1188 3214 1420 3278 exstitit,
1465 3217 1604 3272 divit
1645 3220 1916 3293 discipulo

332 3303 434 3342 suo
481 3308 501 3342 :.
553 3289 808 3350 Praecede
861 3300 1165 3368 paululum.
1229 3305 1476 3378 Cumque
1517 3311 1606 3367 ille
1656 3316 1910 3384 praeiret,

330 3382 552 3436 obvium
584 3384 775 3441 habuit
813 3393 1106 3460 quemdam
1145 3399 1462 3456 Graecorum
1494 3418 1588 3459 seu
1629 3382 1910 3478 gentiliun'i

329 3476 693 3533 sacerdotem.
743 3481 833 3536 Ad
874 3500 1036 3552 quem
1089 3489 1334 3548 clamans
1385 3494 1576 3561 frater,
1639 3476 1906 3569 vocabat,

327 3565 466 3632 lleu,
500 3568 626 3636 heu,
667 3571 946 3642 inquiens,
982 3594 1094 3648 quo
1128 3585 1332 3647 curris,
1367 3586 1620 3643 dzemon?
1654 3590 1747 3648 llle
1779 3610 1910 3648 vero

325 3673 649 3725 conversus,
686 3665 876 3735 plagas
909 3667 957 3720 ei
1002 3667 1219 3737 inﬂixit,
1255 3675 1586 3746 reliquitque
1617 3681 1907 3736 semimor-

324 3761 500 3806 tuum.
546 3754 623 3806 Ac
665 3758 865 3813 tollens
896 3761 1043 3830 quod
1082 3765 1338 3832 portabat
1369 3767 1598 3837 lignum,
1640 3774 1904 3827 cucurrit.

321 3842 608 3900 Paululum
644 3865 936 3921 progresso
1008 3859 1250 3912 occurrit
1300 3859 1443 3915 inter
1471 3879 1699 3919 cursum
1735 3867 1905 3923 abbas

321 3937 617 4004 Macarius,
651 3945 746 4012 qui
788 3945 925 4000 dixit
955 3948 1003 4003 ei
1039 3965 1052 4001 :
1085 3949 1282 4008 Salvus
1322 3953 1420 4016 sis,
1461 3957 1647 4012 salvus
1691 3960 1790 4023 sis,
1828 3959 1907 4013 la-

319 4032 453 4088 bore
498 4034 774 4092 confccte.
821 4039 918 4094 Ille
960 4042 1288 4107 admiratus.
1341 4051 1491 4102 venit
1539 4049 1608 4102 ad
1653 4067 1803 4117 eum,
1848 4061 1904 4108 et

318 4125 394 4178 ait
430 4143 443 4180 :
479 4125 621 4191 Quid
654 4129 778 4183 boni
806 4131 987 4186 vidisti
1020 4135 1072 4187 i-n
1107 4155 1212 4199 me,
1242 4139 1389 4206 quod
1424 4156 1509 4194 me
1537 4145 1906 4200 salutaveris?

319 4216 456 4270 Tum
499 4233 666 4273 senex
700 4244 712 4276 ;
745 4222 1015 4288 Quoniam
1049 4231 1312 4298 conspexi
1355 4240 1406 4286 te
1432 4233 1618 4289 labore
1653 4235 1897 4304 fessum;

317 4323 382 4361 ac
436 4311 620 4365 nescis
658 4322 708 4367 te
753 4316 806 4367 in
848 4329 1047 4370 vanum
1096 4319 1408 4392 defatigari.
1458 4323 1730 4384 Sacerdos
1763 4347 1899 4401 quo-
1930 4366 1973 4422 ι)

318 4417 417 4422 ,____
495 4401 598 4422 υμ-
1001 4417 1012 4422 -

311 4417 421 4470 que
447 4424 458 4457 :
495 4401 606 4472 Ego
637 4404 966 4462 salutatione
999 4417 1092 4463 tua
1121 4423 1486 4482 compunctus
1517 4433 1670 4487 sunt;
1711 4433 1764 4477 et
1798 4439 1893 4478 co-

313 4493 474 4562 gnovi
517 4510 581 4549 ex
613 4505 766 4565 parte
805 4497 897 4554 Dei
928 4497 1164 4557 te'esse.
1204 4504 1360 4561 Alius
1399 4525 1528 4563 vero
1561 4515 1740 4568 malus
1773 4531 1893 4570 mo-

311 4587 543 4650 uachus,
615 4590 812 4646 obvius
866 4592 1066 4660 factus,
1134 4601 1468 4655 contumelia
1535 4619 1624 4659 me
1675 4606 1886 4676 alfecit;

315 4695 480 4748 quare
509 4697 608 4752 ego
647 4682 768 4738 dedi
803 4686 852 4741 ei
897 4688 1084 4759 plagas
1125 4692 1190 4745 ad
1223 4703 1475 4750 mortem.
1520 4699 1751 4769 Agnovit
1791 4718 1888 4757 au-

307 4782 415 4826 tem
449 4789 616 4829 senex
647 4778 793 4846 quod
832 4778 900 4833 de
929 4782 1201 4851 discipulo
1225 4803 1327 4842 suo
1365 4790 1702 4860 loqueretur.
1736 4793 1890 4850 Tunc

304 4864 665 4932 apprehensis
693 4871 842 4926 senis
873 4871 1106 4940 pedibus
1134 4879 1394 4936 sacerdos
1427 4883 1498 4937 ita
1532 4885 1746 4942 locutus
1770 4898 1884 4942 est:

301 4954 421 5009 Non
465 4957 738 5013 dimittam
786 4972 861 5027 te,
897 4965 1001 5020 nisi
1041 4981 1137 5023 ‘me
1173 4969 1373 5028 feceris
1416 4980 1769 5036 monachum.
1821 4982 1885 5036 Et

300 5057 578 5101 venerunt
605 5065 848 5115 sursum,
880 5057 972 5110 ubi
1007 5068 1126 5112 erat
1150 5064 1472 5128 monachus,
1499 5076 1884 5135 portaverunt-

301 5155 408 5208 que
454 5141 607 5196 illum
662 5146 728 5198 ad
778 5145 1071 5204 ecclesiam
1113 5156 1339 5210 montis.
1377 5156 1550 5214 Porro
1593 5175 1881 5222 cernentes

305 5234 650 5290 sacerdotem
687 5253 810 5292 cum
858 5257 947 5306 eo,
994 5246 1283 5313 stupefacti
1329 5258 1463 5304 sunt
1493 5275 1504 5308 :
1537 5264 1591 5310 et
1633 5256 1883 5314 fecerunt

372 5391 419 5482 εἰ
448 5393 530 5444 Al.
576 5395 754 5466 ἱερεὺς
780 5398 887 5450 τῶν
931 5399 1202 5471 Ἑλλήνιον
1231 5407 1340 5460 τῶν
1369 5426 1425 5479 μ.
1503 5412 1549 5443 ⁸⁸
1579 5414 1660 5467 ΑΙ.
1689 5416 1876 5482 νῶτο;.

438 5464 448 5482 Ι
481 5465 509 5482 ἔγ
544 5481 548 5482 ν
753 5467 768 5482 ‘
854 5469 863 5482 ¹
1012 5472 1023 5482 ¹
1305 5479 1315 5482 ⁸
1401 5481 1421 5482 θ

299 5460 346 5492 ⁸⁷
388 5460 646 5520 Αιήιιδοιί.
684 5467 777 5520 καὶ
807 5469 880 5540 μὴ
906 5460 1229 5542 ποιήσαντες
1260 5460 1424 5534 αὐτοῦ
1454 5481 1516 5536 τὸ
1545 5483 1786 5557 θέλημα..

370 5623 481 5694 (Η)
529 5623 630 5680 Vit.
664 5625 814 5682 Patr.
853 5645 932 5697 tu,
966 5630 1049 5686 l6.

2081 393 2321 462 ἀπῆλθον
2349 397 2545 468 κλέψαι
2587 402 2820 458 συκίδια.
2865 407 2975 460 Kal
3012 407 3088 473 ὼς
3126 412 3429 484 τρέχουσιν,
3461 419 3660 477 ἔπεσεν

2076 483 2134 537 ἓν
2162 485 2221 550 ἐξ
2247 488 2427 542 αὐτῶν
2446 508 2460 522 ο
2483 493 2574 545 καὶ
2597 492 2774 549 λαϐὼν
2793 497 2996 568 ἔφαγον
3021 502 3152 556 αὑτό
3172 520 3184 535 ⁶
3209 507 3304 560 καὶ
3329 509 3419 564 ὅτε
3446 530 3656 584 μνημο-

2074 575 2248 631 νεύσω
2280 581 2465 649 αὑτοῦ,
2501 585 2746 657 κάθημαι
2771 589 2992 651 κλαίων.

2144 669 2245 740 λη’.
2284 667 2453 727 Εἶπεν
2476 678 2506 730 6
2529 677 2705 744 άϐϐἄς
2733 681 3025 755 Μακάριος
3041 687 3144 752 ὅτι,
3169 690 3496 761 Περιπατῶν
3517 713 3652 750 ποτε

2071 761 2149 823 εἱς
2181 762 2280 834 τὴν
2310 763 2537 836 ἔρημον,
2575 765 2738 841 εὗρον
2770 775 2990 845 κρανίον
3029 779 3110 842 εὶς
3149 780 3209 832 τὸ
3238 781 3432 849 ἔδαφος
3453 787 3648 856 νεκροῦ

2068 854 2430 926 ἐρριμμένον·
2475 862 2570 914 καὶ
2613 863 2881 930 σαλεύσας
2923 869 3054 922 αὐτὸ
3109 873 3175 942 τῇ
3227 871 3385 947 βαΐνῃ
3441 854 3644 950 ράὅὸῳ,

2066 944 2292 1018 ὲλάλησέ
2332 967 2424 1020 μοι
2458 953 2518 1004 τὸ
2551 955 2792 1024 κρανίον.
2826 959 2932 1012 Καὶ
2957 960 3101 1028 λέγω
3123 964 3271 1035 αύτῷ
3293 983 3305 996 ⁸
3438 944 3522 1034 τίς

2077 1038 2374 1111 Ἀπεκρίθη
2417 1061 2507 1113 μοι
2546 1045 2608 1097 τὸ
2650 1049 2871 1118 κρανίον
2896 1067 2909 1081 ·
2972 1051 3113 1121 Ἐγὼ
3158 1053 3306 1126 ἥμην
3352 1057 3644 1132 ἀρχιερεὺς

2061 1126 2168 1179 τῶν
2199 1129 2452 1194 εἰδώλων,
2484 1135 2576 1186 καὶ
2602 1135 2712 1188 τῶν
2750 1139 3049 1208 μεινάντων
3091 1143 3359 1215 Ἑλλήνων
3393 1148 3439 1178 ⁸⁸
3471 1151 3528 1202 ὲν
3562 1150 3645 1222 τῷ

2059 1218 2209 1291 τόπῳ
2235 1221 2408 1293 τούτῳ
2428 1238 2441 1252 ⁸
2483 1225 2548 1277 σὺ
2595 1226 2651 1279 δὲ
2691 1224 2740 1280 εἷ
2771 1231 3058 1303 Μακάριος
3090 1235 3118 1287 6
3157 1240 3603 1312 πνευματοφόρος
3623 1260 3640 1274 ·

2056 1309 2174 1365 οἵαν
2197 1311 2345 1384 ὤραν
2374 1315 2779 1391 σπλαγχνισθῇς
2799 1321 2928 1386 τοὺς
2950 1324 3008 1376 ἐν
3032 1326 3097 1396 τῇ
3126 1326 3365 1394 κολάσει,
3390 1331 3483 1384 καὶ
3504 1331 3646 1408 εὔχῃ

2056 1401 2185 1470 περὶ
2228 1403 2428 1470 αὐτῶν,
2466 1409 2920 1480 παραμυθοῦνται
2963 1414 3162 1484 ὀλίγον.
3209 1419 3372 1488 Λέγει
3415 1401 3644 1494 αύτῷῃό

2053 1491 2230 1563 γέρων
2249 1509 2263 1523 ⁸
2295 1495 2430 1548 Ποία
2464 1499 2615 1553 ἐστὶν
2656 1502 2689 1570 ἡ
2725 1504 3066 1574 παραμυθία,
3093 1508 3187 1560 καὶ
3213 1508 3354 1582 τίςή
3385 1491 3644 1579 mam;

2053 1581 2219 1650 Λέγει
2245 1585 2428 1656 αὐτῷ’
2469 1589 2633 1642 Ὅσον
2667 1593 2864 1662 ἀπέχει
2902 1597 2931 1648 6
2971 1597 3200 1668 οὐρανὸς
3233 1600 3340 1653 ἀπὸ
3379 1602 3477 1672 τῆς
3507 1604 3636 1676 γῆς,

2051 1678 2304 1731 τοσοῦτόν
2337 1681 2457 1732 ἐστι
2488 1681 2549 1734 τὸ
2597 1683 2706 1755 πῦρ
2741 1685 3094 1741 ὑποκάτωθεν
3121 1690 3299 1761 ἡμῶν,
3326 1693 3432 1746 ἀπὸ
3457 1695 3638 1749 ποδῶν

2051 1767 2156 1832 ἕως
2179 1771 2423 1842 κεφαλῆς
2456 1773 2768 1844 ἑστηκότων
2797 1777 2956 1849 ἡμῶν
2981 1781 3148 1850 μέσον.
3171 1784 3266 1836 τοῦ
3299 1787 3468 1856 πυρός
3488 1803 3503 1818 ’
3539 1788 3636 1843 καὶ

2047 1865 2148 1918 οὐκ
2181 1864 2296 1920 ἔστι
2327 1868 2614 1938 πρόσωπον
2653 1871 2788 1943 πρὸς
2820 1873 3112 1944 πρόσωπον
3144 1877 3440 1935 θεάσασθαί
3469 1899 3591 1936 τινα
3611 1897 3639 1914 ⁸·

2045 1955 2181 2010 ἀλλά
2212 1958 2273 2011 τὸ
2300 1959 2594 2031 πρόσωπον
2615 1964 2661 1996 ⁵⁸
2691 1966 2946 2032 ἑκάστου,
2968 1969 3103 2040 πρὸς
3135 1971 3227 2024 τὸν
3255 1973 3442 2044 ἑτέρου
3463 1975 3632 2030 νῶτον

2045 2051 2388 2123 κεκόλληται.
2419 2055 2508 2120 Ὠς
2539 2052 2632 2110 οὖν
2660 2057 2793 2133 εὔχῃ
2823 2060 2961 2132 ὑπὲρ
2984 2065 3016 2132 ἡ
3028 2061 3165 2131 μῶν,
3197 2065 3265 2117 ὲκ
3302 2066 3504 2138 μέρους
3545 2086 3643 2132 τις

2043 2140 2238 2214 θεωρεῖ
2251 2145 2310 2198 τὸ
2329 2146 2618 2217 πρόσωπον
2642 2149 2735 2202 τοῦ
2760 2151 2969 2222 ἑτέρου.
2988 2151 3138 2225 Αὕτη
3156 2156 3302 2209 ἐστὶν
3321 2158 3352 2228 ή
3371 2174 3628 2230 παραμυ-

2041 2231 2151 2288 θία.
2187 2235 2297 2290 Kal
2321 2236 2606 2302 κλαύσαςὸ
2628 2241 2803 2312 γέρων
2823 2241 2975 2297 εἶπεν
2997 2263 3008 2277 ·
3025 2247 3162 2300 Οὐαὶ
3190 2251 3267 2318 τῇ,
3286 2249 3468 2321 ἡμέρᾳ
3489 2252 3547 2303 ἐν

2037 2327 2299 2399 ἐγεννήθη
2315 2329 2642 2402 όάνθρωττος
2659 2333 2727 2386 ⁸⁸.
2749 2336 2916 2403 Λέγει
2947 2337 3094 2409 αὐτῷ
3125 2340 3153 2392 6
3184 2340 3361 2411 γέρων
3385 2359 3398 2371 ·
3435 2343 3638 2397 Ἔστιν-

2035 2416 2168 2490 mn
2186 2420 2386 2489 χείρων
2427 2420 2698 2491 βάσανος;
2726 2425 2897 2494 Λέγει·
2923 2427 3072 2498 αὐτῷ
3116 2428 3177 2482 τὸ
3204 2430 3453 2500 κρανίον
3487 2433 3624 2486 Ms:-

2034 2508 2232 2582 ζοτέρα
2258 2511 2488 2582 βάσανός
2513 2517 2658 2570 ἐστιν
2691 2516 3049 2572 ὑποκάτωθεν
3078 2521 3255 2592 ἡμῶν.
3284 2523 3446 2592 Λέγει
3471 2525 3633 2596 αὐτῷ.

2031 2606 2059 2657 ὁ
2088 2604 2264 2676 γέρων
2286 2623 2300 2637 ·
2334 2607 2444 2659 Kal
2479 2607 2624 2671 τίνες
2659 2610 2796 2661 εἰσὶν
2837 2613 2980 2677 ὲκεῖ;
3021 2613 3182 2681 Λέγει
3222 2614 3371 2686 αύτῷ
3402 2615 3462 2668 τὸ
3492 2634 3622 2688 κρα-

2031 2689 2176 2742 νίον·
2231 2690 2424 2762 Ἡμεῖς
2475 2691 2550 2757 ὡς
2595 2693 2669 2764 μὴ
2715 2695 2917 2760 εἰδότες
2959 2697 3050 2750 τὸν
3088 2698 3238 2764 Θεὸν,
3288 2700 3391 2754 κᾶν
3439 2701 3620 2770 ὀλίγον

2027 2780 2326 2851 ἐλεούμεθα
2346 2799 2360 2812 ο
2386 2785 2435 2836 οἱ
2469 2783 2524 2837 δὲ
2555 2787 2870 2855 ἐπιγνόντες
2894 2787 2985 2843 τὸν
3010 2790 3162 2856 Θεὸν,
3190 2795 3282 2845 καὶ
3304 2794 3620 2866 ἀρνησάμε-

2032 2889 2111 2925 νοι
2139 2873 2302 2927 αὐτὸν
2318 2875 2928 2952 ⁸’,ύποκάτωθενξήμῶν
2956 2885 3084 2939 εἰσι.
3112 2885 3224 2938 Kal
3257 2885 3435 2939 λαϐὼν
3463 2890 3490 2940 6
3522 2888 3618 2956 γέ-

2033 2980 2142 3035 ρων
2179 2964 2241 3018 τὸ
2275 2968 2514 3039 κρανίον,
2555 2969 2760 3040 ἔχωσεν
2788 2974 2939 3031 αὐτό.

2090 3055 2187 3112 λθ’.
2225 3057 2450 3127 Ἔλεγον
2482 3062 2606 3132 περὶ
2651 3061 2743 3115 τοῦ
2792 3064 2938 3119 ἀϐὅᾶ
2972 3066 3261 3140 Μακαρῖου
3307 3068 3400 3123 τοῦ
3440 3072 3611 3138 Αἰγυ-

2022 3147 2199 3210 πτίου,
2233 3149 2313 3202 ὅτι
2347 3150 2598 3204 ἀνέϐαινε
2631 3171 2760 3205 ποτε
2791 3156 2855 3208 ὲκ
2879 3155 2978 3226 τῆς
3009 3159 3261 3228 Σκήτεως
3294 3163 3372 3224 εἰς
3396 3162 3455 3215 τὸ
3482 3161 3612 3233 ὅρος

2017 3239 2119 3308 τῆς
2156 3242 2388 3312 Νιτρίας
2409 3259 2423 3273 ’
2465 3245 2558 3297 καὶ
2580 3246 2656 3309 ὼς
2681 3247 2908 3316 ἤγγισεν
2935 3253 3014 3314 εἰς
3052 3252 3139 3305 τὸν
3165 3253 3350 3318 τόπον,
3387 3250 3508 3309 εἷπε
3533 3256 3619 3328 τῷ

2021 3332 2236 3405 μαθητῇ
2264 3336 2430 3390 αὐτοῦ
2453 3354 2465 3366 °
2495 3339 2742 3410 Πρόλαϐε
2777 3344 2995 3415 μικρόν.
3028 3347 3137 3398 Kal
3159 3348 3217 3400 ὲν
3242 3349 3318 3418 τῷ
3345 3351 3612 3420 προάγειν

2016 3426 2200 3488 αὑτὸν,
2229 3431 2466 3501 συναντᾷ
2489 3448 2596 3484 τινι
2630 3434 2768 3506 ἱερεῖ
2795 3435 2903 3488 τῶν
2940 3437 3206 3508 Ἑλλήνων
3228 3457 3242 3472 ο
3273 3444 3368 3495 καὶ
3394 3445 3606 3515 κράξας

2015 3517 2162 3588 αὐτῷ
2205 3521 2233 3572 6
2270 3519 2516 3589 ἀδελφὸς,
2567 3523 2766 3593 ἐφώνει
2809 3527 3017 3597 λέγων·
3055 3530 3121 3582 Λῖ
3161 3532 3218 3585 αἲ
3246 3532 3456 3606 δαῖμον,
3497 3537 3603 3590 ποῦ

2010 3609 2254 3680 τρέχεις;
2298 3612 2569 3682 Στραφεὶς
2598 3616 2655 3669 δὲ
2703 3619 2932 3683 ἐκεῖνος,
2983 3621 3120 3674 διδοῖ
3160 3625 3307 3695 αὐτῷ
3362 3627 3600 3696 πληγάς,

2011 3703 2104 3755 καὶ
2139 3704 2288 3772 ἀφίει
2322 3707 2485 3760 αὐτὸν
2519 3710 2780 3784 ἡμιθανῆ.
2814 3715 2924 3766 Kal
2945 3715 3083 3786 ἄρας
3107 3716 3167 3768 τὸ
3201 3717 3357 3783 ξύλον
3387 3719 3597 3792 ἔτρεχε.

2011 3792 2119 3843 Kal
2134 3795 2398 3862 προϐάντι
2417 3797 2616 3866 ὀλίγον,
2646 3805 2881 3875 συναντᾷ
2905 3805 3052 3876 αύτῷ
3070 3808 3097 3859 6
3119 3807 3291 3873 ὰϐὅᾶς
3310 3811 3600 3882 Μακάριος

2008 3886 2287 3957 τρέχοντι·
2323 3891 2416 3942 καὶ
2443 3889 2592 3959 λέγει
2624 3892 2774 3964 αὑτῷ
2794 3911 2806 3924 ο
2836 3895 3095 3969 Σωθείης,
3130 3899 3378 3972 σωθείης,
3413 3921 3596 3973 καμα-

2005 3979 2160 4049 τηρέ.
2204 3982 2315 4034 Kal
2370 3982 2657 4053 θαυμάσας
2688 3983 2818 4058 ἦλθε
2864 3989 3002 4060 πρὸς
3046 3991 3232 4057 αὑτὸν,
3263 3993 3358 4047 κάὶ
3403 3989 3594 4049 εἶπεν·

2005 4070 2072 4122 Τί
2107 4071 2268 4126 καλὸν
2298 4070 2435 4138 εἶδες
2465 4077 2523 4128 ὲν
2552 4078 2695 4147 ἐμοὶ,
2719 4079 2800 4133 ὅτι
2829 4083 3279 4155 προσηγόρευσάς
3306 4104 3402 4156 με;
3428 4089 3594 4158 Λέγει

2004 4162 2154 4233 αὐτῷ
2183 4167 2212 4218 6
2239 4167 2418 4235 γέρων
2444 4186 2456 4197 ·
2490 4169 2612 4222 ’Ότι
2645 4166 2784 4224 εἶδόν
2815 4189 2873 4225 σε
2908 4175 3185 4229 κοπιῶντα
3211 4195 3223 4207 ·
3259 4180 3353 4232 καὶ⁵
3385 4180 3484 4233 οὐκ
3511 4177 3591 4234 οἷ-

2001 4255 2098 4318 δας
2126 4258 2208 4309 ὅτι
2230 4259 2309 4323 εἰς
2327 4260 2480 4313 κενὸν
2498 4265 2714 4335 κοπιᾷς.
2737 4265 2899 4333 Λέγει
2925 4267 3072 4339 αύτῷ
3089 4271 3182 4323 καὶ
3201 4271 3363 4335 αύτός
3385 4290 3397 4302 ·
3421 4273 3592 4343 Κάγὼ

2002 4348 2094 4401 ἐπὶ
2121 4348 2198 4419 τῷ
2229 4350 2506 4423 ἀσπασμῷ
2536 4371 2628 4408 σου
2653 4357 2955 4427 κατενύγην
2978 4377 2991 4390 ·
3025 4362 3119 4414 καὶ
3147 4363 3346 4433 ἔμαθον
3375 4366 3456 4420 ὅτι
3493 4367 3586 4421 τοῦ

2006 4439 2210 4510 μέρους
2244 4443 2338 4496 τοῦ
2373 4445 2508 4498 Θεοῦ
2543 4443 2610 4501 εἴ.
2648 4448 2840 4514 Ἀλλος
2870 4452 2926 4504 δὲ
2961 4454 3130 4519 κακὸς
3165 4457 3396 4528 μοναχὸς
3412 4461 3586 4513 ἀπαν-

1998 4533 2174 4602 τήσας
2215 4553 2328 4605 μοι,
2377 4537 2570 4608 ὕϐρισε
2618 4557 2686 4610 με
2712 4559 2725 4572 ⁸
2775 4543 2932 4612 κάγὼ
2970 4546 3148 4602 ἔδωκα
3181 4551 3328 4621 αὐτῷ
3371 4553 3585 4624 πληγάς

2001 4625 2081 4689 εἰς
2104 4624 2353 4682 θάνατον.
2387 4631 2494 4684 Kal
2529 4631 2669 4702 ἔγνω
2699 4636 2729 4688 6
2765 4636 2944 4708 γέρων
2974 4640 3056 4692 ὃτι
3081 4643 3110 4694 6
3146 4641 3392 4716 μαθητὴς
3419 4647 3581 4701 αὐτοῦ

1999 4719 2134 4769 ἐστι.
2181 4720 2290 4771 Kal
2326 4725 2607 4794 κρατήσας
2632 4727 2759 4790 τοὺς
2803 4731 2969 4794 πόδας
2995 4734 3160 4787 αὐτοῦ
3189 4738 3217 4788 6
3253 4737 3431 4808 ἱερεὺς
3469 4740 3581 4794 ἔλε-

1997 4824 2093 4874 γεν
2113 4823 2128 4838 ⁸
2162 4811 2277 4864 υύκ
2302 4810 2422 4880 ἀφῶ
2455 4833 2537 4880 σε,
2570 4818 2664 4872 ἐὰν
2691 4820 2764 4893 μὴ
2800 4825 3033 4896 ποιήσῃς
3063 4842 3130 4896 με
3177 4831 3431 4899 μοναχόν.
3472 4833 3578 4886 Kal

1993 4895 2156 4969 ἦλθον
2186 4903 2372 4957 ἐπάνω
2412 4906 2544 4960 ὅπου
2574 4905 2640 4981 ἦν
2671 4913 2698 4963 6
2731 4895 2997 4984 μοναχὸς,
3020 4916 3114 4968 καὶ
3147 4895 3451 4985 ἐϐάσταξαν
3482 4924 3576 4975 αύ-

1990 4991 2104 5056 τὸν,
2133 4995 2228 5046 καὶ
2272 4996 2509 5066 ἤνεγκαν
2537 5001 2618 5064 εἰς
2657 5003 2756 5074 τὴν
2794 5006 3091 5076 ἐκκλησίαν
3125 5009 3217 5061 τοῦ
3253 5011 3433 5082 ὅρους.
3467 5014 3574 5066 Καὶ

1994 5079 2192 5149 ἰδόντες
2227 5087 2317 5141 τὸν
2349 5091 2499 5162 ἱερέα
2532 5096 2650 5163 μετ’
2677 5097 2865 5159 αὐτοῦ,
2905 5098 3224 5170 ἐξέστησανο
3259 5103 3355 5156 καὶ
3385 5105 3571 5176 ἐποίησ-

1991 5189 2090 5226 σαν
2120 5177 2283 5230 αὐτὸν
2321 5185 2573 5253 μοναχόν.
2619 5187 2730 5239 Καὶ
2764 5188 2949 5242 πολλοὶ
2993 5191 3102 5243 τῶν
3151 5193 3418 5266 Ἑλλήνων
3455 5198 3570 5264 ἐγέ-

1986 5283 2139 5320 νοντο
2162 5269 2229 5322 δι’
2255 5272 2418 5326 αὐτὸν
2452 5277 2788 5346 Χριστιανοί.
2827 5281 3052 5352 Ἔλεγεν
3082 5280 3175 5338 οὖν
3203 5287 3232 5338 ὁ
3259 5288 3435 5352 ἀῦὅᾶς
3459 5292 3570 5343 Ma-

1954 5422 2002 5452 “
2034 5428 2120 5482 Al.
2145 5429 2275 5485 add.
2303 5435 2350 5487 εἰ
2376 5433 2511 5506 αὐτή
2538 5435 2688 5490 ἐστιν
2718 5441 2749 5509 ἡ
2783 5440 3108 5512 παραμυθία
3145 5445 3242 5515 τῆς
3272 5446 3561 5512 κολάσεως.

2059 5649 2168 5721 (ΑΞ)
2211 5650 2310 5704 Vit.
2347 5651 2496 5707 Patr.
2523 5671 2601 5721 Ill,
2630 5655 2750 5712 ιεγ.
