3874 6374
211 316 318 372 ES!

1361 304 1984 364 APOPHTIIEGMATA
2018 303 2330 362 PATRL‘M.

3380 302 3492 360 28‘:

207 438 428 506 κάριος,
467 434 552 485 ὃτι
597 432 628 486 6
671 431 828 500 λόγος
864 431 893 484 6
937 428 1104 490 κακὸς
1129 427 1262 496 (I5),
1297 430 1390 482 καὶ
1429 429 1556 492 τοὺς
1601 427 1800 490 καλοὺς

1906 427 2055 481 illum
2089 427 2442 482 monachum.
2475 423 2752 495 Multique
2781 423 3064 497 gentilium
3103 431 3326 496 propter
3359 439 3486 478 eum

205 528 360 580 πειεῑ
401 522 642 586 κακούς·
690 523 786 576 καὶ
813 525 842 575 6
891 519 1056 584 καλὸς
1088 519 1265 587 λόγος,
1307 521 1556 583 καὶτοὺς
1597 521 1798 584 κακοὺς

208 619 356 670 ποιεῖ
384 613 608 678 καλούς.

277 793 354 862 μ’.
395 792 624 860 Ἔλεγον
656 788 906 862 περὶτοῦ
935 789 1079 844 ἀϐϐᾶ
1113 790 1420 862 Μακαρίου,
1457 791 1538 843 ὅτι
1569 789 1802 854 ἀπόντος

201 884 400 950 αὐτοῦ,
431 883 652 952 εἰσῆλθε
699 882 904 954 λῃστὴς
935 884 1016 946 είς
1049 882 1108 936 τὺ
1151 881 1359 936 κελλίον
1383 881 1570 936 αὑτοῦ,
1613 883 1802 953 Παρα-

199 977 508 1046 τενομένου
536 975 594 1028 δὲ
633 974 800 1030 αὑτοῦ
828 977 910 1038 εἰς
949 975 1010 1027 τὸ
1051 973 1284 1038 κελλίον,
1321 968 1446 1045 εὗρε
1485 974 1574 1026 τὸν
1598 973 1800 1045 λῃστὴν

199 1088 264 1137 γε
276 1071 509 1140 μίζοντα
529 1068 630 1141 τὴν
657 1070 903 1140 κάμηλον
925 1067 994 1122 τὰ
1013 1067 1181 1138 σκεύη
1211 1067 1396 1121 αὐτοῦ.
1419 1067 1588 1130 Αὐτὸς
1607 1067 1664 1119 δὲ
1689 1069 1804 1119 εἰσ·-

201 1161 376 1216 ελθὼν
409 1165 492 1226 εἰς
543 1162 608 1216 τὸ
648 1161 880 1222 κελλίον,
915 1160 1220 1230 ἐλάμϐανεν
1265 1160 1372 1213 ἀπὸ
1407 1160 1518 1212 τῶν
1566 1158 1798 1222 σκευῶν,

199 1259 300 1310 καὶ
355 1253 684 1326 συνεγέμιζε
737 1255 856 1326 μετ’
903 1253 1068 1308 αὐτοῦ
1115 1253 1215 1325 τὴν
1257 1251 1526 1322 κάμηλον.
1572 1252 1660 1316 Ὠς
1705 1245 1800 1303 οὖν

200 1348 502 1418 ἐγέμισαν,
531 1346 734 1418 ἤρξατο
758 1349 786 1400 6
809 1346 1013 1418 λῃστὴς
1033 1346 1259 1399 τύπτειν
1287 1344 1386 1415 τὴν
1412 1343 1679 1414 κάμηλον,
1713 1343 1800 1396 ἵνα

197 1443 446 1512 ἀναστῇ·
487 1442 582 1494 καὶ
609 1441 710 1494 οὐκ
743 1440 1019 1511 ἠγείρετο.
1063 1437 1210 1491 Ἰδὼν
1243 1437 1299 1490 δὲ
1331 1440 1360 1491 6
1405 1436 1580 1500 ἀϐϐᾶς
1605 1435 1798 1490 Μακά-

199 1552 320 1607 ριος
345 1535 432 1587 ὃτι
459 1534 562 1586 οὐκ
602 1531 898 1602 ἐγείρεται,
940 1529 1198 1584 εἰσελθὼν
1231 1532 1288 1585 ἐν
1321 1529 1400 1600 τῷ
1445 1528 1642 1600 κελλίῳ
1671 1519 1826 1599 εὗρε.

197 1625 405 1700 μικρὸν
431 1625 680 1680 σκαλίδιν
701 1625 748 1656 ⁸⁸
772 1641 785 1656 ο
815 1625 911 1678 καὶ
957 1622 1204 1677 ἐκϐαλὼν
1227 1623 1294 1686 ⁸⁸,
1319 1621 1556 1692 ἐπέθηκε
1595 1622 1662 1690 τῇ
1703 1637 1802 1674 κα.-

199 1721 386 1791 μὴλῳ,
422 1719 633 1788 λέγων·
681 1718 924 1786 Ἀδελφέ,
955 1717 1114 1770 τοῦτο
1146 1716 1358 1788 ζητεῖὴ
1395 1715 1658 1786 κάμηλος.
1693 1714 1800 1768 Καὶ

1908 520 2036 574 facti
2071 529 2200 576 sunt
2227 517 2548 574 Christiani.
2597 519 2892 576 Asserebat
2936 533 3066 590 ergo
3101 517 3272 572 abbas
3321 515 3492 571 Maca-

1906 615 2045 678 rius,
2083 613 2228 684 quod
2283 628 2465 668 sermo
2507 614 2708 678 malus,
2758 616 2921 668 etiam
2967 613 3154 668 bonos
3193 612 3366 668 malos
3409 610 3490 665 fa-

1905 707 2013 760 ciat
2035 745 2051 766 .
2083 713 2137 758 et
2161 719 2343 759 sermo
2371 705 2572 768 bonus,
2606 704 2770 758 etiam
2805 705 2979 758 malos
3019 705 3216 758 bonos.

1975 797 2068 876 40.
2107 796 2182 851 De
2227 797 2426 852 abbate
2454 797 2696 852 Macario
2745 797 3148 860 memorabant,
3179 795 3346 866 quod,
3389 794 3488 848 ab—

1907 895 2062 964 sente
2093 888 2208 954 illo,
2243 888 2526 959 ingressus
2559 889 2632 943 sit
2670 889 2816 942 latro
2853 888 2908 942 in
2945 889 3308 957 cellatnejus.
3347 886 3485 942 Cum

1907 995 2085 1036 autem
2131 983 2409 1046 rediisset,
2461 983 2670 1038 invenit
2729 983 3022 1048 latronem,
3073 982 3166 1052 qui
3216 982 3488 1036 camelum

1907 1073 2243 1142 supellectile
2293 1087 2388 1128 sua
2439 1073 2722 1128 onerabat.
2773 1073 2892 1144 Ipse
2935 1074 3108 1144 igitur
3161 1073 3376 1126 intrans
3431 1072 3488 1126 in

1907 1166 2127 1231 cellam,
2163 1165 2230 1220 de
2261 1167 2410 1221 vasis
2440 1165 2760 1236 accipiebat,
2803 1176 2856 1222 et
2886 1183 2993 1221 una
3025 1181 3152 1221 cum
3184 1181 3250 1221 eo
3293 1179 3492 1220 onera-

1906 1259 1999 1313 bat
2031 1258 2325 1313 camelum.
2359 1257 2429 1313 Ut
2479 1273 2614 1329 ergo
2653 1259 2926 1314 sarcinam
2971 1259 3340 1321 immiserunt,
3373 1271 3488 1312 cu:-

1907 1350 1986 1419 pit
2039 1349 2130 1403 fur
2167 1350 2460 1403 verberare
2508 1349 2800 1414 camelum,
2857 1355 2916 1403 ut
2968 1356 3220 1418 surgeret
3263 1361 3490 1416 :neque

1906 1442 2190 1512 surgebat.
2230 1439 2432 1496 Videas
2477 1455 2640 1510 porro
2685 1441 2856 1496 abbas
2886 1440 3160 1494 Macarius
3189 1437 3335 1508 quod
3377 1451 3485 1490 non

1905 1543 2245 1606 exsurgeret,
2279 1535 2472 1590 cellam
2505 1535 2812 1606 ingressus,
2856 1534 3063 1590 invenit
3099 1547 3326 1602 parvum
3365 1545 3486 1584 sar-

1905 1629 2130 1695 culum;
2195 1628 2574 1697 emissumque
2626 1627 2888 1697 imposuit
2935 1625 3176 1692 camelo,
3233 1623 3424 1678 dicens
3467 1641 3480 1676 :

1907 1719 2117 1782 Frater.
2161 1721 2268 1776 hoc
2299 1721 2580 1791 quaerebat
2621 1719 2888 1774 camelus.
2922 1717 3064 1773 Pede
3099 1731 3228 1770 vero
3261 1717 3486 1786 pulsans
3519 1763 3525 1768 .

195 1811 446 1881 κρούσας
503 1811 674 1882 αὐτὴν
721 1812 749 1864 6
793 1810 975 1880 γέρων
1023 1809 1100 1878 τῷ
1137 1808 1280 1868 ποδὶ,
1326 1807 1506 1874 λέγει·
1549 1807 1804 1858 Ἀνάστα.

1906 1831 2029 1871 eum
2094 1829 2284 1877 senex,
2339 1815 2413 1867 ait
2466 1832 2479 1868 :
2519 1813 2712 1883 Surge.
2761 1810 3179 1879 Confestimque
3223 1807 3485 1872 surrexit,

195 1905 312 1956 Καὶ
337 1903 548 1966 εὐθέως
581 1902 805 1974 ἀνέστη,
825 1902 920 1954 καὶ
948 1900 1157 1970 ἀπῆλθε
1185 1899 1380 1970 μικρὸν
1399 1898 1488 1952 διὰ
1511 1899 1602 1952 τὸν
1632 1897 1792 1966 λόγον

193 1995 390 2050 αὑτοῦ.
425 1996 541 2049 Καὶ
567 1994 728 2048 πάλιν
755 1994 997 2057 ἐκάθισε,
1029 1994 1123 2047 καὶ
1149 1993 1248 2046 οὐκ
1283 1992 1482 2063 ἀνέστη
1501 2031 1517 2056 ,
1555 1991 1660 2054 ἕως
1695 1991 1794 2043 ἀπ-

192 2087 466 2158 εγέμισαν
515 2087 612 2140 ὅλα
640 2085 710 2139 τὰ
745 2085 914 2156 σκεύη
935 2102 950 2116 ·
985 2085 1078 2138 καὶ
1106 2083 1278 2147 οὕτως
1304 2083 1564 2154 ἀπῆλθεν.

267 2273 382 2337 μα’.
422 2267 486 2320 '0
516 2267 690 2330 ἀϐϐἄς
726 2267 856 2320 ’Λῖὼ
883 2265 1138 2340 ἠρώτησε
1166 2268 1258 2320 τὸν
1282 2267 1458 2321 ἀϐϐᾶν
1481 2265 1790 2338 Μακάριον,

191 2357 372 2426 λέγων
393 2373 410 2386 ·
445 2357 586 2411 Είπέ
619 2375 708 2428 μοι
745 2359 916 2429 ῥῆμα.
948 2358 1114 2426 Λέγει
1149 2358 1298 2429 αὐτῴ
1331 2361 1358 2412 6
1395 2357 1570 2421 ἀϐϐᾶς
1601 2359 1796 2412 Μακά-

195 2467 342 2519 ριος·
377 2449 556 2517 Φεῦγε
591 2452 718 2513 τοὺς
746 2448 1068 2520 ἀνθρώπους
1089 2468 1100 2480 ·
1137 2451 1362 2504 κάθισον
1391 2453 1470 2514 είς
1493 2450 1556 2504 τὸ
1583 2451 1792 2506 κελλίον

195 2559 310 2602 σου,
351 2541 451 2594 καὶ
493 2540 729 2594 κλαῦσον
758 2543 853 2604 τὰς
878 2543 1158 2614 ἁμαρτίας
1185 2559 1278 2596 σου
1301 2561 1314 2574 ·
1347 2544 1438 2596 καὶ
1474 2544 1548 2615 μὴ
1579 2545 1796 2614 ἀγαπή-

193 2647 292 2704 an;
325 2631 524 2684 λαλιὰν
551 2629 856 2701 ἀνθρώπων
892 2646 904 2659 ·
937 2634 1029 2684 καὶ
1071 2631 1238 2705 σώζῃ.

650 2745 790 2814 Περὶ
829 2746 933 2800 τοῦ
967 2746 1118 2802 ἀϐϐᾱ
1142 2746 1348 2815 Μωσῆ.

259 2838 335 2890 α’.
379 2839 733 2910 Ἑπολεμήθη
766 2839 897 2892 ποτὲ
923 2841 952 2893 6
990 2839 1165 2904 ἀϐϐἄς
1203 2841 1446 2910 Μωῦσῆς
1477 2841 1524 2872 ⁶⁰
1553 2841 1634 2904 είς
1658 2857 1794 2912 πορ-

191 2931 344 2984 νείαν
369 2931 552 2986 πάνυ·
589 2933 684 2985 καὶ
717 2933 918 3002 μηκέτι
967 2932 1167 3003 ἰσχύων
1200 2933 1422 2988 καθίσαι
1461 2937 1542 2998 είς
1583 2935 1644 2988 τὸ
1668 2935 1795 2988 κελ-

189 3025 326 3088 λίον,
359 3023 604 3094 ἀπῆλθε,
631 3025 725 3078 καὶ
757 3025 1050 3096 ἀνήγγειλε
1085 3024 1164 3095 τῷ
1196 3025 1340 3097 ἁϐϐᾷ
1381 3027 1657 3099 Ἰσιδώρῳ.
1685 3029 1796 3082 Καὶ

1892 1917 1947 1962 et
1992 1923 2291 1977 parumper
2333 1907 2552 1961 itineris
2596 1903 2834 1959 confecit
2866 1911 3088 1973 propter
3117 1901 3238 1972 ejus
3281 1913 3488 1955 sermo-

1890 2015 2039 2054 nem.
2091 1997 2197 2052 Sed
2272 1999 2468 2052 iterum
2513 1997 2720 2052 resedit
2771 2009 2872 2049 nec
2923 1992 3260 2058 exsurrexit,
3311 1991 3488 2046 donec

1892 2091 2284 2160 deposuissent
2331 2095 2590 2144 cunctam
2649 2085 3068 2157 supellectilem.
3125 2082 3282 2139 Tunc
3329 2082 3476 2138 enim

1894 2185 2050 2241 abiit.

1973 2277 2068 2334 41.
2113 2274 2226 2346 (l6)
2257 2273 2438 2329 Abbas
2475 2271 2578 2326 Aio
2618 2269 2972 2340 interrogavit
3015 2268 3266 2322 abbatem
3308 2265 3485 2320 Maca-

1905 2370 2071 2432 rium,
2097 2368 2178 2422 sic
2211 2385 2224 2420 :
2253 2366 2433 2420 Dicito
2462 2363 2596 2418 mihi
2633 2361 2863 2431 aliquid.
2903 2361 2996 2414 Ait
3022 2361 3072 2416 ei
3105 2360 3278 2414 abbas
3311 2357 3485 2412 Maca‘

1897 2463 2018 2515 rius
2053 2478 2066 2514 :
2103 2457 2252 2529 Fuge
2301 2456 2580 2522 homines;
2632 2453 2764 2510 sede
2807 2453 2862 2506 in
2903 2453 3040 2507 cella
3089 2459 3204 2515 tua,
3256 2459 3308 2504 et
3349 2448 3488 2505 delle

1895 2561 2125 2624 peccata
2149 2557 2276 2614 tua;
2307 2563 2410 2602 nec
2444 2547 2707 2602 dilexeris
2733 2546 3006 2616 loquelam
3036 2546 3358 2612 hominum;
3390 2557 3484 2602 sa-

1896 2645 2092 2714 lusque
2115 2642 2212 2696 tibi
2239 2641 2505 2712 obtinget.

2425 2754 2501 2808 De
2554 2753 2742 2807 abbate
2787 2752 2954 2807 Mosa.

1973 2851 2020 2902 l.
2064 2847 2205 2919 (Μ’)
2257 2845 2502 2914 Quodam
2561 2854 2807 2918 tempore
2853 2845 3023 2900 abbas
3077 2841 3290 2913 Moyses
3325 2840 3488 2895 vrhe-
3581 2889 3586 2894 .

1899 2941 2242 2996 ιιιριιιὶεείιηο
2266 2945 2614 3010 oppugnatus
2645 2946 2729 2992 est
2761 2951 2826 2990 ac
2858 2943 3102 2991 tentatus
3137 2935 3204 2988 ad
3236 2932 3480 2987 fornica-

1901 3037 2140 3099 tionem;
2177 3049 2277 3089 ncc
2312 3034 2504 3087 valens
2535 3031 2772 3100 amplius
2809 3030 3000 3086 sedere
3043 3029 3097 3082 in
3125 3028 3284 3090 eella,
3321 3027 3480 3092 abiit,

189 3117 580 3188 παρεκάλεσεν
625 3117 786 3170 αὑτὸν
827 3121 855 3172 6
901 3119 1102 3190 γέρων,
1145 3119 1230 3170 ἴνα
1265 3119 1580 3191 ὑποστρέψῃ
1627 3123 1706 3184 είς
1735 3121 1826 3200 τδ⁴

1906 3125 2283 3194 nuntiavitque
2349 3123 2529 3177 abbati
2577 3120 2808 3176 Isidoro.
2863 3120 3042 3174 Senex
3097 3118 3350 3171 hortatus
3400 3120 3484 3170 est

191 3209 412 3262 κελλίον
463 3209 653 3262 αὐτοῦ.
688 3211 798 3262 Καὶ
837 3211 896 3262 οὐ
932 3209 1274 3275 κατεδέξατο,
1329 3209 1502 3278 λέγων
1547 3212 1650 3276 ὅτι,
1681 3211 1794 3264 Οὐκ

1906 3235 2046 3284 eum,
2085 3227 2146 3272 ut
2179 3219 2233 3272 in
2272 3217 2465 3271 cellam
2504 3229 2659 3270 suam
2701 3221 3092 3266 reverteretur.
3135 3208 3337 3264 Verum
3374 3222 3486 3260 non

193 3301 390 3370 ἰσχύω.
429 3299 600 3353 ἀϐϐἇ.
635 3301 746 3354 Καὶ
776 3299 956 3353 λαϐὼν
990 3300 1151 3354 αὑτὸν
1183 3299 1301 3372 μεθ’
1341 3300 1562 3364 ἑαυτοῦ,
1591 3303 1796 3372 ἀνήγα-

189 3411 284 3460 γεν
321 3395 409 3456 είς
455 3393 520 3444 τὸ
553 3393 729 3463 δῶμα,
765 3393 859 3446 καὶ
890 3394 1038 3462 λέγει
1078 3393 1259 3464 αὐτῷ·
1305 3394 1546 3464 Πρόσχες
1593 3397 1672 3457 είς
1705 3395 1794 3448 δυ-

191 3485 360 3551 σμάς.
395 3485 510 3536 Καὶ
534 3483 806 3555 προσχὼν,
833 3481 940 3538 εἶδε
967 3485 1170 3557 πλῆθος
1191 3487 1460 3557 δαιμόνων
1493 3488 1798 3560 ἀναρίθμη-

189 3594 316 3629 τον·
353 3579 454 3630 καὶ
500 3573 642 3648 ἦσαν
689 3579 1108 3648 τεταραγμένοι,
1159 3581 1252 3633 καὶ
1299 3579 1656 3651 θορυϐοῦντες
1701 3581 1794 3634 τοῦ

191 3669 478 3740 πολεμεῖν.
505 3668 670 3736 Λέγει
695 3670 844 3742 αὐτῷ
872 3671 1036 3724 πάλιν
1064 3673 1092 3723 6
1117 3670 1292 3734 ἀϐϐἄς
1333 3671 1631 3745 Ἰσίδωρος·
1667 3671 1796 3725 Βλέ-

189 3763 294 3831 ῷον
326 3763 428 3815 καὶ
473 3763 556 3824 εἰς
597 3761 696 3824 τὰς
739 3763 1024 3828 ἀνατολάς.
1057 3765 1168 3818 Καὶ
1209 3765 1500 3836 προσέσχε,
1539 3766 1630 3818 καὶ
1659 3761 1798 3818 εἶδεν

191 3855 558 3926 ἁναρίθμητα
615 3853 794 3924 πλήθη
853 3855 1025 3923 ἁγίων
1076 3857 1323 3925 ἀγγέλων
1371 3857 1794 3929 δεδοξασμένων.

189 3947 306 3998 Καὶ
355 3945 516 3998 εἶπεν
565 3947 596 3998 6
639 3945 814 4010 ἀϐϐἇς
853 3947 1156 4019 Ἰσίδωρος·
1207 3949 1338 4004 Ἰδοὺ
1380 3943 1526 4002 οὗτοί
1577 3954 1715 4004 εἰσιν
1747 3954 1796 4005 oi

187 4039 660 4110 ἀποστελλόμενοι
681 4041 794 4103 τοῖς
824 4041 998 4110 ἁγίοις
1026 4041 1178 4113 παρὰ
1206 4043 1299 4096 τοῦ
1329 4045 1536 4115 Κυρίου
1567 4047 1646 4108 εἰς
1679 4046 1799 4116 βοή-

189 4131 370 4184 θειαν.
399 4131 464 4182 Οί
521 4129 578 4182 δὲ
625 4131 706 4194 εἰς
738 4131 968 4202 δυσμὰς,
1022 4133 1161 4186 είσὶν
1203 4134 1254 4185 οἱ
1299 4133 1663 4204 πολεμοῦντες
1704 4136 1834 4192 αὺ-,

189 4223 324 4285 τούς
355 4222 426 4276 ⁵³.
465 4221 698 4284 Πλείους
729 4216 820 4274 οὖν
863 4223 1002 4275 εἰσιν
1033 4224 1084 4275 oi
1122 4223 1241 4294 μεθ’
1273 4223 1456 4294 ἡμῶν.
1491 4224 1599 4276 Καὶ
1623 4223 1798 4287 οὕτως

189 4316 609 4386 εὐχαριστήσας
650 4317 680 4368 6
711 4313 886 4376 ἁϐϐᾶς
913 4316 1156 4386 Μωῡσῆς
1183 4315 1429 4386 τῷΙΘεῷ,
1467 4316 1626 4371 ἔλαϐε
1662 4317 1796 4387 θάρέ

195 4423 314 4476 σος,
341 4409 438 4462 καὶ
473 4407 789 4478 ὑπέστρεψε
821 4409 900 4471 είς
923 4407 984 4460 τὸ
1011 4407 1219 4461 κελλίον
1253 4407 1442 4464 αὑτοῦ.

269 4584 338 4654 β’.
386 4585 644 4652 ’Δδελφὸς
674 4603 806 4638 ποτε
837 4586 1046 4658 ἐσφάλη
1084 4587 1164 4651 είς
1187 4587 1390 4658 Σκῆτιν
1413 4607 1424 4618 ·
1459 4589 1552 4642 καὶ
1577 4589 1802 4660 γενομέ-

189 4699 292 4735 νου
323 4682 628 4754 συνεδρίου,
665 4681 997 4736 ἀπέστειλαν
1030 4681 1164 4751 πρὸς
1205 4682 1297 4734 τὸν
1323 4681 1498 4736 ἀϐϐᾶν
1532 4684 1794 4754 Μωῦσῆν.

201 4773 270 4826 '0
291 4773 350 4826 δὲ
377 4775 482 4828 οὐκ
503 4773 699 4844 ἤθελεν
731 4773 928 4830 ἐλθεῖν.
973 4774 1319 4828 Ἀπέστειλεν
1343 4769 1438 4828 οὖν
1467 4775 1605 4847 πρὸς
1633 4775 1798 4830 αὐτὸν

187 4866 220 4918 6
249 4863 653 4936 πρεσϐύτερος,
679 4865 856 4934 λέγων
875 4884 888 4897 ·
940 4867 1114 4934 Ἐλθὲ,
1160 4868 1242 4920 ὅτι
1275 4885 1332 4920 σε
1359 4869 1388 4920 6
1418 4867 1542 4930 λαὸς
1567 4867 1796 4938 περιμέ-

189 4975 300 5012 νει.
347 4959 404 5012 ’0
424 4959 482 5012 δὲ
515 4959 758 5020 ἀναστὰς
779 4955 932 5031 ἦλθε.
959 4959 1062 5014 Καὶ
1091 4959 1274 5014 λαϐὼν
1300 4961 1534 5032 σπυρίδα
1557 4977 1800 5032 τετρημ-

191 5051 376 5122 μένην
399 5053 468 5120 ⁸⁸,
501 5054 598 5106 καὶ
629 5054 868 5124 γεμίσας
889 5055 1098 5125 ἄμμου,
1124 5053 1446 5108 ἐϐάστασεν.
1481 5055 1543 5106 Οἱ
1571 5053 1628 5106 δὲ
1653 5052 1799 5116 ἐξελ-

189 5145 390 5210 θόντες
413 5148 496 5209 είς
523 5145 832 5216 ἀπάντησιν
857 5145 1046 5210 αὐτοῦ,
1079 5146 1331 5216 λέγουσιν
1367 5145 1516 5216 αὐτῷ
1537 5163 1552 5176 ·
1589 5145 1654 5198 Τί
1683 5147 1796 5197 ἐστι

189 5237 384 5300 τοῦτο,
421 5240 608 5310 Πάτερ
633 5256 648 5304 ;
681 5237 820 5294 Eii-cs
841 5239 901 5294 δὲ
929 5240 1112 5304 αὐτοῖς
1139 5241 1167 5293 6
1189 5240 1366 5312 γέρων
1387 5258 1398 5271 ·
1430 5241 1495 5294 Δί
1527 5239 1795 5311 ἁμαρτίαι

281 5377 339 5409 ⁸³
377 5379 460 5432 AI.
503 5377 805 5432 σκαλίδιον.
901 5379 945 5408 ⁸⁸
985 5375 1072 5430 Αἰ.
1115 5375 1318 5430 λαϐὼν.

191 5448 400 5519 μένην.

271 5567 396 5636 (15)
433 5567 496 5620 '0
522 5567 710 5636 λόγος
739 5567 772 5616 ό
803 5561 1009 5636 κανεός.
1045 5560 1105 5636 ln_
1123 5559 1360 5636 Colberti.
1383 5559 1508 5636 _Iib.
1693 5572 1791 5636 _re-

189 5626 324 5710 peri
363 5626 772 5710 Apophth'egina
805 5650 818 5685 :
859 5626 1024 5710 Εἶπεν
1045 5631 1107 5698 γέ
1116 5647 1250 5710 ρων·
1269 5702 1282 5710 _
1383 5628 1539 5710 λόγος
1563 5629 1592 5679 6
1610 5626 1790 5710 ¹σῑιιλςιιιῖ

195 5697 302 5780 ἰλὺς
337 5697 432 5760 καὶ
455 5697 582 5772 τοὺς
606 5697 806 5768 κᾶὶοὺς
827 5705 971 5757 ποιεῖ
995 5697 1198 5764 κακούς
1217 5717 1228 5728 ·
1260 5702 1288 5754 6
1317 5699 1373 5753 δὲ
1406 5697 1567 5762 καλὸς
1593 5697 1794 5768 ὠφελεῖ

191 5794 444 5841 παν-ξας.

1433 5376 1478 5404 ⁶⁰
1529 5374 1612 5427 Al.
1647 5374 1818 5428 inscr.
1866 5375 1894 5426 6
1928 5375 2010 5436 είς
2063 5372 2160 5446 τὴν
2213 5372 2447 5441 Πέτραν.
2526 5371 2570 5402 ⁶¹
2612 5370 2695 5424 At.
2724 5372 2895 5442 ἡμᾶς.

1898 3311 2196 3382 acquievit,
2247 3309 2442 3364 dicens
2473 3325 2485 3362 :
2519 3305 2636 3361 Non
2685 3306 2860 3368 valeo,
2913 3303 3072 3358 abba.
3122 3301 3278 3356 Tunc
3330 3315 3482 3356 assu-

1899 3419 2054 3459 mens
2103 3417 2226 3456 ettm
2269 3415 2478 3466 secum,
2521 3398 2748 3452 adduxit
2786 3399 2838 3450 in
2872 3405 3102 3455 tectum.
3152 3401 3207 3448 et
3244 3393 3358 3448 ait:
3387 3392 3482 3445 At-

1862 3556 1867 3561 .
1899 3493 2059 3548 tende
2087 3493 2151 3548 ad
2185 3492 2546 3546 occidentem.
2585 3491 2763 3560 Atque
2797 3489 3108 3548 attendens,
3139 3484 3277 3540 vidit
3309 3485 3478 3538 innu-

1897 3601 2105 3639 meram
2137 3585 2444 3639 dmmonum
2475 3579 2916 3644 multitudinem;
2954 3585 3112 3634 erant
3151 3585 3330 3631 autem
3352 3589 3482 3630 con-

1897 3676 2122 3741 turbati,
2156 3686 2210 3731 et
2235 3675 2636 3729 tumultuantes
2660 3673 2726 3726 ad
2753 3669 3252 3742 praeliandum.’Ait
3282 3669 3484 3724 iterum

1897 3769 2069 3823 abbas
2115 3767 2364 3822 Isidorus
2401 3785 2413 3820 :
2449 3765 2684 3835 Respice
2725 3765 2888 3819 etiam
2927 3763 2994 3815 ad
3044 3762 3336 3816 orientem.
3387 3759 3486 3812 At-

1897 3861 2091 3922 tendit,
2133 3861 2528 3928 eonspexitque
2563 3855 3022 3911 innumerabilem
3059 3851 3474 3906 multitudinem

1897 3961 2214 4014 sanctorum
2253 3953 2571 4022 angelorum
2603 3949 2776 4019 gloria
2812 3947 3163 4001 donatorum.
3197 3943 3346 3998 Dixit
3377 3959 3481 3998 au-

1898 4054 2007 4100 tem
2051 4044 2222 4097 abbas
2256 4039 2502 4096 Isidorus
2533 4060 2544 4095 :
2581 4039 2724 4093 Ecce
2751 4037 2842 4093 isti
2873 4043 3002 4090 sunt
3029 4035 3119 4106 qui
3157 4052 3187 4088 a
3216 4034 3326 4088 Deo
3355 4035 3484 4088 mit-

1898 4146 2090 4192 tuntur
2121 4135 2330 4190 sanctis
2378 4133 2433 4187 in
2482 4133 2774 4186 auxilium.
2808 4129 2910 4195 Qui
2941 4143 3072 4183 vero
3102 4126 3168 4181 ad
3199 4141 3484 4192 occasum,

1900 4228 1934 4281 ii
1973 4235 2102 4282 sunt
2127 4225 2222 4295 qui
2256 4223 2477 4280 eosdem
2506 4230 2732 4276 sanctos
2758 4223 3102 4290 impugnant.
3135 4218 3488 4272 Multitudine

1897 4333 2034 4387 ergo
2073 4325 2338 4385 superant
2364 4317 2456 4382 qui
2490 4313 2798 4369 nobiscum,
2818 4319 2969 4366 sunt.
2999 4308 3184 4370 Atque
3215 4310 3289 4362 ita
3315 4309 3486 4364 abbas

1901 4409 2116 4480 Moyses
2147 4408 2341 4479 gratiis
2383 4407 2498 4460 Deo
2534 4405 2693 4470 actis,
2731 4403 2986 4458 fiduciam
3022 4403 3281 4482 sumpsit,
3315 4410 3368 4454 et
3399 4415 3486 4454 re-

1829 4527 1876 4580 D
1913 4516 2107 4558 versus
2143 4508 2226 4556 est
2257 4500 2312 4553 in
2341 4499 2532 4552 cellam
2565 4511 2741 4551 suam.

1974 4595 2028 4646 2.
2074 4591 2186 4663 (15)
2215 4591 2271 4645 In
2309 4589 2453 4644 Sceti
2495 4589 2789 4658 aliquando
2825 4587 2995 4640 frater
3025 4585 3216 4656 lapsus
3267 4591 3390 4648 est;
3431 4593 3486 4636 et

1903 4685 2052 4740 facto
2091 4701 2378 4750 consessu,
2431 4683 2698 4736 miserunt
2735 4681 2800 4733 ad
2838 4681 3086 4734 abbatem
3135 4677 3398 4749 Moysem.
3435 4675 3484 4730 Is

1903 4795 2032 4832 vero
2060 4775 2248 4832 venire
2295 4777 2490 4831 noluit.
2527 4775 2718 4844 Itaque
2751 4774 2818 4828 ad
2855 4789 2980 4828 euut
3027 4769 3328 4827 destinavit
3361 4785 3484 4838 pre-

1903 4871 2106 4940 sbyter,
2149 4868 2455 4922 nuntians:
2488 4865 2648 4930 Veni,
2691 4866 2818 4934 quia
2859 4873 2912 4918 te
2939 4871 3120 4919 metus
3177 4869 3488 4932 exspectat-

1901 4964 2144 5032 Surgeus
2197 4962 2287 5016 ille
2337 4957 2614 5030 profectus
2658 4967 2764 5014 est.
2805 4957 3183 5026 Ekaecipieus
3237 4961 3480 5026 sportam

1900 5055 2256 5127 perforatam.
2286 5053 2630 5122 implensque
2653 5065 2842 5114 arena,
2874 5051 3136 5121 portavit.
3165 5049 3245 5102 Illi
3274 5063 3480 5104 exeun-

1898 5157 1979 5201 tes
2011 5147 2066 5200 in
2092 5161 2383 5200 occursum
2413 5145 2554 5213 ejus,
2582 5151 2780 5214 regant
2805 5161 2816 5196 :
2845 5142 2987 5210 Quid
3019 5143 3124 5198 hoc
3153 5149 3260 5207 est,
3282 5141 3482 5196 Pater?

1899 5237 2200 5308 Respondit
2237 5252 2448 5292 senex:
2478 5235 2708 5292 Peccata
2753 5252 2870 5292 mea
2927 5244 3052 5307 post
3087 5253 3172 5292 me
3209 5233 3478 5294 deﬂuunt,

2997 5371 3042 5402 "
3073 5368 3157 5424 Al.
3201 5385 3480 5441 τετρυπη-

1970 5558 2081 5627 (LI)
2131 5558 2238 5613 Vit.
2261 5559 2418 5614 Patr.
2455 5575 2541 5622 ιιι,
2569 5559 2688 5614 189.

1971 5629 2106 5698 (14⁸)
2145 5629 2250 5682 Vit.
2283 5628 2434 5683 Patr.
2463 5645 2618 5698 xvttt,
2645 5630 2730 5686 1‘2.

1889 5747 1892 5750 .
1973 5699 2086 5770 (15]
2134 5698 2234 5753 Vit.
2266 5699 2422 5756 Patr.
2448 5717 2522 5770 ix,
2547 5701 2602 5754 4.
2779 5727 2782 5732 -
