3874 6304
271 293 382 351 285

1413 305 2026 366 APOPHTHEGMATA
2064 286 2378 366 ramum.

3419 311 3535 370 286

264 411 414 462 ἔοικε
449 412 696 484 σταφυλῇ
731 412 902 486 ὀπτῇ’
940 417 970 470 6
996 417 1055 471 δέ
1094 418 1154 472 ἐν
1175 419 1482 493 ἀνθρώποις
1515 423 1612 490 ὢν,
1647 425 1723 489 ὡς
1747 426 1831 497 ὅμι

1952 425 2130 494 giens,
2167 425 2364 480 similis
2395 429 2480 480 est
2517 429 2744 479 maturae
2771 438 2936 492 uvae;
2959 424 3051 497 qui
3091 440 3219 482 vero
3253 425 3395 484 inter
3423 429 3527 486 ho-

263 501 374 570 φαξ
414 501 584 556 ἐστίν.

334 600 410 663 η’.
455 595 695 648 Ἧκουσέ
747 615 873 651 ποτε
902 600 930 652 6
973 601 1157 672 ἄρχων
1190 605 1318 676 περὶ
1365 606 1460 661 τοῦ
1509 608 1657 664 ἀϐϐᾶ
1685 611 1850 664 Monii-

261 684 426 747 σέως,
463 686 557 740 καὶ
587 687 829 758 ἀπῆλθεν
855 690 936 753 είς
959 691 1160 762 Σκῆτιν
1187 694 1313 748 ίδεῖν
1338 696 1501 752 αὐτόν
1518 715 1533 729 ο
1562 699 1660 752 καὶ
1682 699 1850 770 ἀνήγε-

255 775 452 843 γειλάν
488 794 634 841 τινες
660 778 740 849 τῷ
772 781 985 851 γέροντι
1020 783 1080 836 τὸ
1102 787 1364 857 πρᾶγμα·
1397 791 1490 843 καὶ
1517 791 1712 863 ἀνέστη
1746 810 1849 861 φυ-

259 870 383 935 γεῖν
431 871 512 932 είς
559 871 620 924 τὸ
651 870 790 935 ἕλος.
844 873 954 926 Καὶ
1010 875 1325 948 ὑπήντησαν
1370 880 1518 953 αὐτῷ
1563 881 1844 951 λέγοντες*

257 960 402 1014 Εἰπὲ
433 964 590 1032 ἡμῖν,
621 963 785 1035 γέρον
806 979 822 996 ⁶
853 967 956 1020 ποῦ
983 967 1131 1022 ἐστιν
1163 971 1196 1040 ή
1219 970 1384 1025 κέλλα
1408 973 1502 1028 τοῦ
1525 975 1668 1030 ἁϐϐᾶ
1691 979 1850 1032 Monii-

257 1053 442 1117 σέως;
473 1055 586 1107 Καὶ
619 1055 766 1125 λέγει
797 1058 980 1122 αὐτοῖς
999 1075 1014 1090 ο
1051 1060 1116 1112 Τί
1146 1060 1328 1117 θέλετε
1361 1066 1488 1135 παρ’
1518 1067 1717 1136 αὑτοῢ;
1753 1062 1848 1126 ἄν·

254 1144 481 1213 θρωπος
513 1148 674 1213 σαλός
702 1150 837 1205 ἐστι.
877 1152 989 1205 Καὶ
1033 1153 1203 1208 ἐλθὼν
1240 1158 1269 1210 6
1296 1158 1479 1229 ἄρχων
1519 1162 1598 1225 εις
1625 1163 1725 1233 τὴν
1750 1165 1844 1219 ἐκ-

252 1239 510 1309 κλησίαν,
543 1241 690 1311 λέγει
720 1247 832 1309 τοῖς
861 1245 1140 1319 κληρικοῖς
1158 1265 1174 1280 ⁶
1214 1251 1360 1320 Ἐγὼ
1385 1255 1598 1311 ἀκούων
1624 1258 1700 1312 τὰ
1718 1262 1847 1332 περὶ

250 1329 347 1382 τοῦ
381 1331 532 1385 ἁϐὄᾶ
562 1335 861 1403 Μωῡσέως,
899 1339 1168 1410 κατῆλθον
1212 1343 1342 1398 ίδεῖν
1382 1347 1581 1402 αὐτόν·
1607 1350 1704 1405 καὶ
1733 1329 1842 1407 ίδοὺ

247 1422 571 1495 ὑπήντησεν
603 1426 733 1497 ἡμῖν
780 1427 957 1500 γέρων
1011 1433 1237 1501 ὑπάγων
1282 1437 1362 1499 είς
1408 1437 1708 1507 Αἴγυπτον,
1745 1444 1843 1496 καὶ

245 1515 482 1586 εἴπομεν
504 1517 655 1589 αὐτῷ
673 1537 688 1550 ·
715 1520 823 1574 Ποῦ
845 1521 1042 1597 ἐστινὴ
1071 1525 1234 1580 κέλλα
1255 1527 1346 1581 τοῦ
1370 1529 1514 1584 esse
1527 1534 1836 1604 Μωῦσέωςς

245 1609 344 1660 καὶ
374 1607 530 1677 λέγει
573 1612 706 1682 ήμῖν
729 1628 743 1643 ·
778 1613 843 1665 Τί
873 1614 1054 1669 θέλετε
1093 1618 1188 1670 ἀπ’
1229 1620 1430 1688 αὑτοῦ;
1467 1625 1629 1690 σαλός
1672 1628 1842 1686 ἐστιν.

258 1700 626 1767 Ἀκούσαντες
661 1704 718 1757 δὲ
749 1706 799 1758 oi
825 1706 1098 1778 κληρικοὶ,
1145 1711 1512 1786 ἐλυπήθησαν,
1556 1718 1840 1788 λέγοντες·

1955 515 2129 570 mines
2160 523 2431 580 versatur,
2471 524 2556 570 est
2585 516 2731 570 sicut
2753 530 2858 570 uva
2891 518 3112 575 acerba.

2021 605 2074 658 8.
2112 604 2225 675 (25)
2268 606 2489 661 Aurlivit
2545 608 2840 677 aliquando
2897 618 3078 665 rector
3115 611 3414 681 provincia:
3457 610 3527 666 de

1952 695 2146 750 abbate
2182 695 2388 767 Moyse,
2413 705 2468 752 et
2494 695 2694 752 Scetim
2731 699 2798 754 ad
2841 699 3135 757 videndum
3177 718 3300 758 eum
3344 703 3527 773 profe—

1951 794 2072 840 ctus
2106 793 2227 840 est:
2279 786 2499 856 quidam
2535 798 2716 843 autem
2773 804 2886 844 rem
2931 794 3322 849 nuntiaverunt
3367 795 3521 862 seni;

1949 877 2042 946 qui
2083 879 2324 934 surrexit
2357 888 2417 934 ut
2468 879 2679 951 fugeret
2719 881 2773 936 in
2821 884 3095 952 paludem.
3145 885 3524 942 Occurrerunt

1948 971 2020 1036 ei,
2052 972 2468 1049 percontatique
2497 983 2663 1028 sunt:
2690 972 2888 1036 Senex.
2914 976 3145 1032 ostende
3209 978 3367 1034 nobis
3410 980 3524 1034 ubi-

1945 1076 2074 1116 nam
2106 1065 2180 1118 sit
2202 1065 2417 1120 abbatis
2453 1065 2858 1138 Moysis-cella?
2896 1069 3198 1138 Respondit
3231 1072 3312 1125 eis
3339 1089 3352 1125 :
3377 1070 3522 1137 Quid

1947 1153 2016 1207 ab
2044 1168 2110 1209 eo
2133 1155 2330 1210 vultis?
2361 1156 2526 1211 homo
2555 1155 2790 1212 stolidus
2815 1166 2920 1215 est.
2959 1157 3200 1214 Veniens
3231 1176 3361 1232 ergo
3381 1177 3524 1232 prte-

1946 1259 2034 1300 ses
2063 1245 2129 1301 ad
2165 1247 2475 1315 ecclesiam,
2507 1249 2582 1303 ait
2612 1250 2828 1305 clericis
2862 1269 2874 1304 :
2911 1249 3042 1321 Ego,
3069 1252 3270 1309 auditis
3304 1254 3524 1309 abbatis

1905 1362 1914 1368 -
1948 1335 2151 1408 lloysis
2178 1339 2498 1405 virtutibus,
2543 1340 2736 1396 deveni
2772 1351 2831 1395 ut
2855 1341 3098 1397 viderem
3124 1359 3272 1397 eum.
3300 1344 3364 1397 Et
3391 1360 3523 1401 ecce

1945 1429 2142 1484 obvius
2193 1430 2354 1486 nobis
2403 1430 2505 1485 fuit
2569 1447 2734 1488 senex
2782 1447 3014 1503 pergens
3057 1434 3125 1488 ad
3184 1433 3521 1505 Aigyptum;

1946 1536 2108 1591 quem
2155 1521 2638 1592 interrogavimus,
2673 1521 2770 1576 ubi
2798 1531 2944 1588 esset
2967 1525 3105 1578 cella
3130 1525 3343 1579 abbatis
3369 1525 3521 1596 Moy-

1944 1613 2039 1667 sis.
2088 1611 2354 1683 Deditque
2401 1627 2766 1682 responsum:
2804 1614 2946 1680 Quid
2981 1631 3107 1671 eum
3140 1617 3344 1672 vultis?
3375 1617 3525 1672 Mota

1945 1711 2125 1760 mente
2168 1712 2276 1760 est.
2309 1704 2524 1771 Quibus
2546 1705 2856 1771 intellectis,
2901 1706 3126 1762 tristitia
3171 1706 3346 1763 affecti
3390 1716 3521 1764 sunt

243 1793 507 1858 Ποταπὺς
527 1791 597 1866 ἦν
615 1797 644 1848 6
663 1798 842 1868 γέρων
855 1801 884 1854 6
910 1800 1084 1855 ταῦτα
1106 1783 1345 1876 λαλήσας
1365 1783 1504 1863 κατὰ
1530 1783 1831 1882 τοῦνάγίοιῇ

1944 1783 2166 1862 eierici;
2220 1794 2986 1866 dixeruntque:Cujusmodi
3033 1805 3150 1853 erat
3197 1814 3362 1854 senex
3405 1799 3524 1867 ille,

243 1887 311 1938 0i
345 1886 404 1938 δὲ
429 1883 588 1942 εἷπον
608 1905 623 1920 ο
656 1889 859 1962 Γέρων,
886 1895 1090 1949 παλαιὰ
1125 1898 1328 1968 φορῶν,
1364 1903 1577 1971 μακρὸς
1605 1906 1701 1958 καὶ
1741 1924 1837 1976 με·-

242 1976 428 2070 λανίς.
466 1981 533 2034 Οἱ
566 1980 624 2034 δὲ
662 1976 818 2037 εἷπον
841 2003 855 2016 ·
887 1987 1060 2052 Αὐτός
1092 1989 1242 2044 ἐστιν
1281 1992 1310 2044 ὁ
1343 1993 1519 2058 ἀὸϐᾶς
1556 1998 1799 2070 Μωῢσῆς
1819 2016 1834 2032 ⁸

241 2069 339 2121 καὶ
371 2069 465 2122 διὰ
516 2072 579 2124 τὸ
615 2071 688 2144 μὴ
722 2075 1034 2146 ἀπαντῆσαι
1073 2079 1236 2133 αὐτὸν
1269 2082 1418 2154 ὑμῖν,
1465 2085 1642 2141 ταῦτα
1683 2069 1836 2143 εἶπεν

239 2162 398 2232 ὑμῖν.
425 2164 610 2218 Πολλὰ
633 2165 690 2218 δὲ
717 2167 1018 2240 ὠφεληθεὶς
1047 2173 1075 2224 6
1099 2173 1282 2244 ἄρχων
1320 2176 1690 2251 ἀνεχώρησεν.

307 2341 377 2395 θ’.
420 2343 650 2412 Ἔλεγεν
676 2346 704 2398 6
725 2345 900 2410 ἁϐϐᾶς
933 2349 1174 2421 Μωῠσῆς
1202 2351 1261 2404 ἐν
1294 2352 1492 2424 Σκήτει
1513 2370 1527 2385 ο
1576 2355 1700 2410 Ἐὰν
1733 2375 1834 2427 φυ-

232 2434 499 2507 λάξωμεν
533 2438 633 2502 τὰς
685 2440 904 2505 ἐντολὰς
934 2444 1041 2496 τῶν
1068 2443 1328 2516 Πατέρων
1381 2448 1559 2518 ήμῶν,
1590 2442 1706 2519 ἐγῶ
1742 2455 1834 2520 ἐγ·-

231 2528 659 2616 γυῶμαιῄὑμᾶς
700 2532 839 2603 πρὸς
880 2534 970 2587 τὸν
1004 2536 1157 2603 Θεὸν,
1189 2537 1272 2591 ὅτι
1315 2536 1582 2611 βάρϐαροι
1617 2545 1716 2596 οὐκ
1741 2544 1833 2616 έρ-

229 2638 426 2688 χονται
457 2615 587 2676 ὧδε.
613 2624 676 2676 Ei
709 2623 766 2676 δὲ
794 2625 869 2696 μὴ
909 2624 1251 2698 φυλάξωμεν,
1275 2630 1630 2703 ἐρημωθῆναι
1659 2615 1783 2704 ἔχει
1804 2638 1832 2689 6

227 2714 406 2775 τόπος
434 2708 615 2778 οὗτος.

306 2810 363 2855 ι’.
407 2803 755 2874 Καθημένων
779 2806 836 2859 δέ
875 2824 1004 2860 ποτε
1035 2809 1145 2863 τῶν
1193 2811 1438 2881 ἀδελφῶν
1469 2814 1604 2885 πρὸς
1645 2815 1828 2881 αὑτὸν,

228 2895 429 2964 ἔλεγεν
477 2899 696 2962 αὐτοῖς·
748 2899 876 2952 Ἰδοὺ
921 2899 1186 2972 βάρϐαροι
1232 2905 1470 2976 σήμερον
1503 2909 1585 2970 είς
1631 2909 1830 2979 Σκῆτιν

228 2989 493 3059 ἔρχονται
516 3006 529 3018 ·
551 2990 688 3044 ἀλλὰ
716 2992 986 3063 ἀνάστητε
1010 2994 1104 3046 καὶ
1125 2996 1344 3065 φύγετε.
1373 2999 1636 3068 Λέγουσιν
1658 3000 1824 3070 αὐτῷ·

227 3078 303 3130 ΣΞ)
336 3075 436 3131 οὖν
459 3081 522 3132 οὐ
552 3081 795 3148 φεύγεις,
825 3081 1002 3147 άϐϐᾶς
1056 3083 1114 3137 '0
1141 3085 1199 3138 δὲ
1242 3081 1395 3140 εἶπεν
1429 3090 1644 3152 αὐτοῖς’
1688 3089 1828 3159 Ἐγὼ

223 3171 481 3224 τοσαῦτα
513 3171 608 3241 ἐτη
639 3173 922 3246 προσδοκῶ
948 3175 1046 3246 τὴν
1065 3176 1279 3247 ἡμέραν
1301 3178 1505 3252 ταύτην
1529 3196 1543 3211 ·
1573 3181 1659 3234 ἵνα
1691 3181 1829 3252 πλη-

228 3261 384 3334 ρωθῇ
421 3265 452 3316 6
475 3262 634 3330 λόγος
656 3262 749 3317 τοῦ
773 3266 1045 3320 Δεσπότου
1073 3268 1334 3339 Χριστοῦ,
1363 3269 1611 3340 λέγοντος
1631 3287 1644 3302 ⁸
1672 3271 1828 3326 Πάν-

225 3371 331 3420 τες
382 3357 440 3407 οἱ
489 3356 782 3422 λαϐόντες
826 3356 1148 3427 μάχαιραν,
1189 3361 1260 3414 ἐν
1298 3364 1564 3432 μαχαίρᾳ
1601 3365 1827 3420 ἀποθα-

222 3447 488 3500 νοῦνται
514 3447 586 3500 ⁷⁸.
621 3449 886 3517 Λέγουσιν
935 3451 1114 3522 αὐτῷ*
1157 3453 1290 3506 Οὑδέ
1325 3455 1487 3525 ἡμεῖς
1532 3456 1823 3528 φεύγομεν,

223 3538 375 3592 ἀλλὰ
421 3538 565 3608 μετὰ
599 3539 693 3592 σοῦ
737 3539 1173 3611 ἀποθνήσκομεν.
1215 3543 1272 3597 '0
1302 3543 1358 3596 δὲ
1406 3539 1559 3598 εἶπεν
1604 3545 1820 3610 αὐτοῖς·

237 3631 389 3700 Ἐγὼ
427 3633 665 3702 πρᾶγμα
689 3632 789 3686 οὐκ
820 3633 928 3704 ἔχω
948 3651 960 3663 ·
997 3635 1227 3698 ἕκαστος
1268 3636 1510 3706 βλεπέτω
1544 3637 1659 3702 πῶς
1689 3640 1824 3693 καθ-

219 3723 437 3788 έζεται.
488 3720 669 3778 Ἦσαν
708 3725 766 3778 δὲ
816 3726 957 3780 ἑπτὰ
1005 3727 1240 3798 ἀδελφοὶ,
1267 3730 1360 3782 καὶ
1410 3731 1558 3799 λέγει
1599 3733 1781 3798 αὐτοῖς
1810 3751 1822 3764 ο

235 3820 378 3873 Ἰδοὺ
409 3821 460 3872 oi
499 3818 766 3891 βάρϐαροι
800 3821 1079 3889 ἐγγίζουσι
1117 3824 1182 3893 τῇ
1221 3821 1380 3895 θύρᾳ.
1410 3825 1520 3878 Καὶ
1552 3813 1823 3878 εἰσελθόν-

218 3929 345 3978 τες,
395 3912 699 3981 ἐφόνευσαν
739 3913 957 3978 αὐτούς.
1008 3911 1104 3979 Εἷς
1133 3915 1191 3968 δὲ
1240 3916 1299 3982 ἐξ
1344 3917 1522 3972 αὐτῶν
1549 3918 1594 3949 ’τί
1625 3917 1824 3988 ἔφυγεν

219 4006 412 4058 ὀπίσω
435 4005 538 4076 τῆς
570 4007 759 4077 σειρᾶς
779 4024 792 4036 ·
826 4008 923 4060 καὶ
962 4002 1100 4064 εἶδεν
1131 4009 1272 4064 ἐπτὰ
1301 4012 1599 4080 στεφάνους
1627 4011 1824 4066 κατελ-

224 4099 456 4162 θόντας,
491 4099 588 4151 καὶ
622 4097 1080 4169 στεφανώσαντας
1111 4102 1328 4167 αὐτούς.

299 4199 399 4245 ια’.
447 4191 703 4261 Ἀδελφὺς
723 4192 977 4265 ἠρώτησε
1009 4195 1101 4248 τὸν
1127 4196 1301 4252 ἀϐϐᾶν
1331 4198 1591 4262 Μωῦσέα,
1613 4197 1788 4268 λέγων
1809 4215 1822 4229 ο

233 4285 394 4356 Ὁρῶ
426 4285 660 4338 ἐνώπιόν
693 4303 795 4357 μου
824 4289 1078 4358 πρᾶγμα,
1103 4291 1198 4344 καὶ
1223 4290 1283 4344 οὐ
1309 4289 1544 4360 δύναμαι
1577 4291 1712 4347 αὐτὸ
1736 4309 1829 4346 κα-

220 4373 481 4442 τασχεῖν.
509 4371 676 4440 Λέγει
714 4372 864 4445 αὐτῷ
887 4376 916 4428 6
945 4377 1155 4448 γέρων·
1201 4378 1325 4432 Ἐὰν
1354 4382 1430 4452 μὴ
1476 4381 1600 4453 γίνῃ
1629 4381 1824 4454 νεκρὸς

221 4467 303 4530 ὡς
339 4468 392 4518 οἱ
428 4466 717 4535 ταφέντες,
749 4468 810 4522 οὐ
834 4468 1058 4525 δύνασαι
1082 4471 1214 4525 αὐτὸ
1239 4478 1552 4545 κατασχεῖν.

301 4643 398 4698 ιϐ’.
437 4639 607 4697 Εἶπεν
648 4647 676 4698 6
700 4644 879 4709 ἀϐϐᾶς
911 4631 1142 4718 Ποὶμὴν,
1184 4649 1266 4702 ὃτι
1312 4648 1539 4720 ἀδελφὸς
1575 4649 1826 4720 ἠρώτησε

220 4734 322 4786 τὸν
355 4732 535 4787 άϐϐᾶν
566 4735 826 4800 Μωῦσέα,
865 4736 1004 4808 ποίῳ
1047 4738 1236 4809 τρόπῳ
1277 4742 1460 4812 νεκροί
1498 4741 1690 4795 ἐαυτὸν
1730 4743 1824 4796 ἆν-

222 4825 458 4898 θρωπος
487 4826 597 4879 ἀπὸ
641 4827 736 4881 τοῦ
773 4829 1021 4899 πλησίον.
1055 4831 1166 4883 Καὶ
1198 4827 1353 4884 εἶπεν
1393 4832 1544 4902 αὐτῷ
1589 4834 1618 4885 6
1645 4833 1825 4905 γέρων

219 4921 340 4982 ὅτι,
386 4919 512 4972 Ἐὰν
557 4921 632 4992 μὴ
669 4920 826 4990 θήσει
877 4922 1164 4994 ἄνθρωπος
1192 4927 1250 4977 ἐν
1287 4928 1353 4996 τῇ
1387 4926 1586 4998 καρδίᾳ
1633 4927 1818 4992 αὐτοῦ,

219 5012 427 5068 ἑαυτὸν
462 5013 506 5044 τ’
540 5013 642 5085 ήδη
689 5015 989 5086 τριήμερον
1022 5014 1068 5046 ⁷³
1100 5015 1157 5068 ὲν
1206 5017 1476 5088 μνημείῳ,
1521 5018 1582 5071 οὐ
1629 5017 1821 5086 φθάνει

218 5110 308 5170 εἰς
343 5108 432 5159 τὸν
467 5106 628 5175 λόγον
651 5106 863 5160 τοῦτον.

301 5206 394 5268 ιγ’.
434 5199 662 5268 Ἔλεγον
703 5200 833 5271 περὶ
861 5197 956 5253 τοῦ
999 5200 1145 5255 άϐϐᾶ
1172 5202 1451 5267 Μωῦσέως
1476 5204 1556 5268 είς
1595 5204 1817 5275 Σκῆτιν,

216 5295 311 5345 ὅτι
343 5291 421 5356 ὡς
469 5291 710 5363 ήμελλεν
748 5291 923 5345 ἐλθεῖν
972 5295 1052 5358 είς
1101 5294 1199 5365 τὴν
1250 5295 1485 5367 Πέτραν,
1524 5297 1820 5352 ἐκοπίασεν

218 5384 431 5440 ὁδεύων
454 5402 471 5415 ·
499 5385 596 5438 καὶ
625 5384 812 5456 ἔλεγεν
845 5389 903 5442 ἐν
934 5388 1111 5460 ἐαυτῷ
1133 5404 1148 5419 ⁶
1179 5388 1304 5454 Πῶς
1330 5389 1563 5463 δύναμαι
1592 5391 1653 5444 τὸ
1675 5391 1818 5464 ὕδωρ

1937 1887 2030 1956 qui
2055 1887 2169 1940 hac
2210 1888 2438 1958 protulit
2487 1889 2753 1944 adversus
2805 1892 3102 1945 sanctum?
3135 1890 3214 1946 llli
3252 1912 3263 1945 :
3315 1890 3516 1960 Senex,

1937 1977 2135 2031 detrita
2165 1986 2336 2044 veste,
2365 1979 2563 2050 longus
2593 1988 2648 2034 et
2674 1979 2851 2050 niger.
2877 1980 3034 2036 Tune
3064 1982 3251 2037 clerici
3277 2002 3290 2037 :
3320 1983 3370 2038 ls
3399 1985 3517 2054 ipse

1935 2079 2020 2125 est
2043 2070 2216 2126 abbas
2245 2071 2613 2142 Moyses-,qm
2644 2089 2713 2128 ne
2742 2074 3024 2129 vobiscum
3058 2075 3524 2145 congrederetur,

1935 2160 2038 2214 ista
2070 2162 2387 2230 prolocutus
2418 2171 2523 2218 est.
2556 2163 2760 2220 ﬂeet-or
2789 2181 2915 2221 cum
2939 2182 3136 2238 magno
3167 2169 3361 2223 animae
3389 2185 3521 2240 pro-

1935 2266 2127 2323 gressu
2161 2255 2441 2311 discessit.

2006 2363 2058 2418 9.
2103 2363 2216 2435 (26)
2249 2363 2471 2419 Dicebat
2513 2365 2682 2423 abbas
2728 2367 2940 2439 Moyses
2991 2368 3045 2423 in
3084 2369 3229 2424 Seeti
3265 2389 3281 2426 :
3314 2370 3371 2425 Si
3413 2387 3518 2427 eu-
3575 2445 3578 2450 _

1939 2454 2294 2508 stodierimus
2346 2456 2599 2510 mandata
2640 2453 2864 2510 Patrum
2914 2465 3249 2524 nostrorum,
3294 2475 3395 2532 ego
3437 2460 3518 2518 de

1933 2543 2044 2601 Deo
2071 2546 2224 2602 vobis
2251 2547 2514 2617 spondeo,
2547 2549 2653 2602 huc
2697 2549 2961 2604 barbaros
2995 2566 3342 2623 nequaquam
3373 2570 3510 2610 ven-

1934 2646 2104 2692 turos.
2146 2639 2302 2704 Quod
2334 2640 2380 2694 si
2418 2655 2526 2693 non
2575 2643 2996 2708 servaverimus,
3030 2644 3136 2699 iste
3172 2645 3325 2701 locus
3357 2646 3520 2703 deva-

1935 2728 2193 2783 stabitur.

2005 2821 2090 2884 lu.
2136 2821 2248 2891 (27)
2301 2820 2628 2878 Sedentibus
2675 2833 2856 2878 autem
2911 2826 3204 2895 aliquando
3250 2828 3521 2884 fratribus

1932 2913 2076 2982 apud
2101 2929 2247 2974 eum.
2299 2915 2624 2984 signiﬁcavit
2676 2917 2822 2973 illis:
2861 2917 2938 2972 lin
2988 2920 3148 2974 hodie
3186 2919 3408 2974 barbari
3456 2921 3518 2976 in

1940 3004 2143 3061 Scetim
2174 3008 2388 3062 venturi
2418 3017 2590 3076 sunt;
2616 3009 2711 3064 sed
2749 3010 2957 3080 surgite
2991 3027 3061 3067 ac
3096 3011 3286 3081 fugite.
3319 3010 3519 3068 Dicunt

1932 3098 1982 3150 ei
2014 3113 2029 3150 :
2059 3094 2146 3150 Tu
2195 3111 2328 3167 ergo
2368 3113 2476 3152 non
2528 3100 2699 3169 fugis,
2746 3101 2922 3155 abba?
2950 3101 3251 3172 Respondit
3281 3122 3295 3160 :
3330 3104 3441 3176 Ego
3483 3123 3521 3161 as

1936 3197 2018 3243 tot
2063 3188 2222 3243 annis
2253 3202 2512 3260 exspecto
2541 3192 2684 3246 diem
2720 3192 2888 3259 hunc,
2915 3204 2976 3248 ut
3011 3198 3352 3266 compleatur
3409 3200 3518 3255 iste

1929 3297 2111 3338 sermo
2167 3282 2382 3337 Domini
2425 3285 2630 3340 Christi
2663 3304 2675 3340 :
2713 3285 2908 3341 Omnes
2927 3289 3017 3358 qui
3056 3292 3350 3358 acceperint
3405 3291 3519 3362 gla-

1925 3374 2074 3429 dium
2105 3374 2285 3446 gladio
2318 3375 2652 3444 peribunt“.
2696 3377 2851 3433 Tunc
2880 3380 2956 3434 illi
2988 3398 3002 3434 :
3029 3380 3214 3452 Neque
3245 3399 3348 3438 nos
3371 3381 3515 3454 fugi-

1928 3483 2072 3531 mus,
2107 3469 2201 3524 sed
2226 3477 2410 3525 tecum
2457 3474 2750 3527 morimur.
2782 3472 3038 3544 Excepit:
3073 3475 3182 3546 Ego
3211 3485 3365 3532 extra
3395 3478 3517 3532 eul-

1930 3576 2053 3630 pam
2081 3577 2233 3629 sum;
2263 3563 2443 3618 videat
2482 3567 2862 3636 unusquisque
2894 3583 3003 3638 quo
3041 3569 3204 3622 modo
3245 3570 3506 3624 resideat.

1929 3652 2103 3709 Porro
2132 3663 2291 3710 erant
2318 3665 2524 3727 septem
2556 3657 2777 3714 fratres.
2800 3660 2890 3713 Ait
2928 3661 3036 3716 illis
3072 3677 3086 3715 :
3121 3661 3262 3716 Ecce
3290 3663 3518 3716 barbari

1929 3746 2073 3800 ostio
2100 3748 2562 3818 appropinquant.
2592 3747 2696 3814 Qui
2720 3751 3012 3815 intrantes,
3038 3752 3362 3806 occiderunt
3386 3766 3505 3807 eos.

1928 3836 2084 3894 Unus
2140 3849 2327 3894 autem
2381 3841 2517 3912 fugit
2548 3850 2674 3911 post
2704 3841 2973 3912 plectam;
3017 3843 3260 3914 viditque
3303 3851 3515 3916 septem

1927 3947 2164 3989 coronas
2203 3933 2620 4001 descendentes,
2655 3934 2914 3990 redimire
2947 3936 3128 4007 capita
3155 3951 3368 3993 eorum.

1972 4193 2084 4248 ου.
2131 4191 2323 4251 Frater
2363 4195 2444 4252 sic
2488 4195 2851 4259 interrogavit
2914 4197 3164 4254 abbatem
3219 4199 3461 4273 Moysem
3495 4223 3515 4261 ;

1930 4283 2064 4341 Rem
2105 4285 2264 4342 video
2302 4303 2488 4343 coram
2524 4304 2632 4356 me,
2670 4304 2773 4344 nec
2803 4305 3031 4360 possum
3061 4307 3182 4346 eam
3216 4309 3513 4366 occupare.

1928 4379 2068 4435 Dicit
2099 4381 2149 4435 ei
2188 4395 2398 4436 senex:
2435 4381 2554 4438 Nisi
2604 4381 2786 4437 factus
2815 4382 2987 4439 fueris
3028 4395 3302 4451 mortuus,
3338 4389 3515 4442 instar

1862 4492 1904 4544 ι)
1927 4487 2116 4528 eorum
2157 4475 2249 4543 qui
2299 4475 2556 4545 sepulcro
2586 4475 2944 4547 obteguntur,
2977 4491 3085 4531 non
3123 4478 3331 4547 poteris
3361 4479 3516 4533 illam.

1932 4566 2360 4636 apprehendere.

2005 4654 2092 4708 12.
2139 4654 2253 4725 (28)
2281 4653 2571 4712 Referente
2601 4658 2798 4714 abbate
2833 4657 3090 4713 Pmmene
3119 4659 3504 4729 cognovimus,

1927 4747 2075 4818 quod
2106 4749 2276 4804 frater
2302 4750 2551 4805 abbatem
2605 4751 2843 4824 Moysem
2888 4753 3325 4824 interrogaverit,
3359 4756 3512 4825 quali

1927 4840 2092 4895 modo
2125 4841 2290 4896 homo
2339 4842 2579 4913 seipsum
2641 4852 2918 4899 mortuum
2965 4846 3217 4914 proximo
3258 4862 3360 4900 suo
3397 4847 3512 4902 eiii-

1925 4936 2069 4999 eiat;
2100 4934 2450 5004 responderit
2470 4945 2650 4990 autem
2682 4952 2847 5005 senes
2875 4956 2888 4992 :
2916 4935 3033 4992 Nisi
3062 4939 3313 5009 posuerit
3341 4939 3509 4994 homo

1927 5026 1984 5079 in
2010 5026 2175 5080 corde
2206 5041 2327 5087 suo,
2359 5042 2419 5082 se
2443 5027 2556 5096 iam
2588 5026 2905 5082 triduanum
2938 5029 2994 5082 in
3023 5029 3503 5102 sepulcrojacere,

1922 5133 2030 5172 non
2060 5119 2320 5190 pertingit
2349 5119 2418 5174 ad
2449 5135 2575 5176 eum
2605 5135 2935 5176 sermonem.

1996 5209 2080 5263 15.
2138 5210 2370 5266 Aiebant
2414 5212 2482 5268 de
2537 5212 2732 5268 abbate
2780 5211 2966 5284 Moyse
3024 5213 3077 5269 in
3134 5214 3304 5280 Seeti.
3355 5216 3504 5286 quod

1920 5298 2141 5356 Petram
2177 5311 2463 5366 venturus,
2499 5303 2828 5374 defatigatus
2861 5313 2946 5361 est
2984 5306 3038 5360 in
3073 5307 3303 5371 itinere;
3331 5308 3502 5362 dixit-

1920 5409 2028 5464 que
2080 5396 2224 5466 apud
2270 5395 2627 5467 semetipsum
2669 5416 2682 5451 :
2723 5396 2844 5464 Qua
2897 5399 3110 5454 ratione
3163 5408 3352 5470 potero
3411 5399 3499 5454 hic

285 5551 338 5584 "
376 5551 464 5604 Al.
496 5550 848 5606 ἀπολοῦνται.
925 5553 968 5584 ⁷¹
998 5553 1082 5610 Al.
1123 5553 1291 5612 inser.
1321 5555 1602 5629 φοϐηθείς.
1691 5559 1831 5617 "Al.

1944 5579 2037 5616 ειν.
2073 5562 2120 5594 ⁷³
2149 5561 2235 5617 ΑΙ.
2256 5561 2383 5634 τρία
2415 5561 2534 5635 ἔτη.
2611 5563 2658 5596 ⁷⁸
2685 5561 2875 5619 Matth.
2916 5580 3062 5630 xxvn,
3098 5566 3189 5621 52.

302 5709 422 5776 (23S)
465 5708 575 5763 Vit.
617 5709 769 5764 Patr.
803 5727 922 5770 vm.
959 5709 1046 5764 10.

302 5781 417 5851 (26)
463 5779 575 5834 Vit.
600 5779 758 5837 Patr.
787 5797 942 5846 xvm,
971 5782 1055 5839 15.

2003 5717 2115 5780 (ΞἹ)
2165 5715 2266 5770 Vit.
2301 5715 2454 5772 Patr.
2481 5733 2635 5783 xvut,
2663 5719 2752 5773 14.

2003 5787 2112 5860 (28)
2153 5785 2258 5845 Vit.
2296 5788 2449 5843 Patr.
2482 5805 2537 5859 x,
2558 5788 2650 5858 65,
2685 5806 2796 5859 vu;
2833 5805 2983 5856 xxvr,
3010 5789 3050 5845 ί·
