3874 6300
313 309 417 365 28⁸1

1454 301 1801 365 APPENDIX
1841 306 1934 362 AD
1970 306 2401 364 PALLADIUM.

3467 307 3575 362 9.38

312 425 650 492 congregare
679 436 876 491 aquam
908 422 1122 477 meam?
1147 420 1302 476 Tunc
1332 421 1616 477 descendit
1647 421 1712 476 ad
1737 422 1888 476 illum

2017 439 2100 474 tou
2120 423 2447 490 συναγαγεῖν
2471 413 2572 473 ὧδε
2597 437 2610 485 ;
2631 419 2741 472 Kal
2767 409 2933 485 ἦλθεν
2957 419 3106 489 αὐτῷ
3135 419 3286 491 φωνὴ
3315 420 3571 488 λέγουσα·

318 527 423 566 vox
457 512 775 582 hujusmodi
811 531 824 567 :
860 513 1031 575 intra,
1086 528 1203 568 nec
1243 513 1542 583 quidquam
1588 514 1890 568 curaveris.

316 604 506 672 itaque
541 603 810 656 introivit.
850 603 1218 658 Accesserunt
1247 604 1314 658 ad
1345 620 1470 658 eum
1502 603 1724 658 Patrum
1756 619 1896 657 non-

318 697 489 764 nulli;
521 711 620 751 nec
646 696 832 750 habuit
862 695 966 752 nisi
1003 700 1218 750 unicam
1260 698 1507 767 lagonam
1547 713 1738 767 aquae:
1776 713 1894 767 qum

317 790 412 845 ubi
453 805 643 860 parum
682 789 1068 844 lenticularum
1111 791 1376 856 coxisset,
1425 797 1751 859 consumpta
1787 798 1891 844 est.

320 882 475 938 Unde
508 899 670 938 senex
717 885 1040 953 angebatur.
1080 883 1220 954 Ergo
1268 884 1584 954 ingrediens
1629 899 1692 938 ac
1735 897 1892 953 egre-

319 978 476 1031 diens
516 976 711 1031 orabat
744 977 934 1031 Deum.
977 978 1112 1032 Cum
1155 993 1284 1034 ecce
1313 979 1488 1034 nubes
1521 978 1715 1033 imbris
1746 977 1895 1032 venit

321 1082 487 1136 super
514 1065 769 1122 Petram:
798 1077 963 1139 atque
1002 1085 1031 1124 e
1062 1069 1244 1140 pluvia
1278 1073 1462 1125 omnia
1495 1085 1624 1126 vasa
1661 1085 1760 1126 sua
1795 1071 1898 1124 im-

319 1159 509 1229 plevit.
541 1159 673 1216 Post
700 1161 817 1217 haec
848 1177 1032 1218 senem
1066 1163 1398 1232 compellant
1441 1182 1454 1218 :
1495 1163 1752 1218 Edissere
1794 1179 1897 1218 no-

320 1251 430 1316 bis,
455 1268 625 1323 quare
650 1253 1050 1325 ingrediebaris
1080 1263 1135 1309 et
1164 1255 1552 1325 egrediebaris.
1586 1255 1899 1325 Respondet

321 1347 400 1402 eis
435 1366 447 1402 :
478 1348 713 1402 Causam
752 1363 876 1402 cum
906 1347 1018 1403 Deo
1046 1348 1416 1419 disceptabam
1448 1367 1461 1402 :
1488 1348 1779 1404 Adduxisti
1813 1364 1899 1403 me

320 1443 450 1504 huc,
483 1449 648 1511 atque
681 1458 749 1496 cn
797 1457 936 1512 aqua
975 1457 1157 1503 careo,
1188 1456 1352 1512 quam
1395 1442 1583 1496 bibant
1618 1441 1762 1498 servi
1795 1443 1895 1495 tui.

319 1533 614 1605 PrOpterea
647 1533 918 1588 intrabam
945 1542 998 1590 et
1021 1534 1240 1589 exibam
1271 1548 1472 1604 rogans
1496 1532 1690 1598 Deum,
1724 1548 1900 1603 usque

319 1641 430 1697 quo
463 1627 625 1682 nobis
656 1628 886 1681 miserit.

394 1717 478 1772 M.
515 1719 535 1787 (
554 1717 658 1788 29)
691 1717 837 1772 Dixit
870 1718 1038 1773 abbas
1072 1717 1322 1789 Moyses:
1353 1717 1519 1774 Debet
1554 1718 1716 1773 homo
1759 1717 1893 1772 mori

323 1812 475 1866 socio
506 1828 630 1878 suo,
666 1820 722 1866 ut
755 1829 863 1867 non
900 1814 1107 1884 judicet
1136 1829 1260 1868 eum
1293 1813 1348 1866 in
1379 1812 1488 1866 ulla
1521 1827 1599 1867 re.

394 1988 482 2043 15.
523 1989 658 2062 ('50)
690 1989 894 2045 lterum
935 1992 1074 2045 dixit
1115 2011 1128 2046 :
1162 1989 1332 2046 Debet
1363 1991 1528 2046 homo
1573 1989 1903 2045 mortificare

1997 513 2241 577 Είσελθε,
2291 515 2385 567 καὶ
2421 512 2586 584 μηδὲν
2635 512 2947 584 φροντίσῃς.
2998 512 3259 584 Εἰσῆλθεν
3307 509 3420 566 οὖν.
3464 512 3580 567 Kal

1999 606 2306 672 παρέϐαλον
2337 605 2486 676 αύτῷ
2515 623 2660 669 τινες
2693 605 2803 658 τῶν
2832 605 3113 676 Πατέρων,
3157 605 3251 659 καὶ
3284 605 3385 659 οὐκ
3426 601 3578 676 εἶχεν

1997 702 2044 753 εἰ
2086 700 2161 771 μὴ
2193 699 2250 753 ἒν
2300 700 2460 770 μόνον
2493 699 2748 769 λαγύνιον
2780 699 2971 763 ὓδατος
2991 715 3006 729 ·
3043 699 3134 752 καὶ
3164 699 3448 762 ποιοῦντος
3479 700 3578 754 αὐ-

1996 793 2091 846 τοῦ
2128 793 2322 863 μικρὸν
2361 791 2552 860 φακὸν,
2594 791 2868 862 ἀνηλώθη.
2912 791 2971 844 '0
3003 791 3060 844 δὲ
3092 791 3269 863 γέρων
3307 791 3574 849 ἐθλίὸετο.

1998 886 2392 956 Εἰσερχόμενος
2435 881 2527 938 οὖν
2561 885 2653 937 καὶ
2690 882 3062 956 ἐξερχόμενος,
3101 882 3300 955 ηύχετο
3323 883 3400 955 τῷ
3431 884 3572 955 Θεῷ.

1999 977 2111 1030 Καὶ
2133 978 2240 1030 ldo-Ii
2267 976 2463 1048 νεφέλη
2491 976 2689 1048 βροχῆς
2710 973 2840 1048 ἦλθε
2865 975 2988 1030 κατ’
3013 976 3183 1047 αὐτῆς
3209 977 3309 1048 τῆς
3330 976 3544 1048 Πέτρας
3561 994 3574 1006 ο

2000 1072 2094 1124 καὶ
2131 1071 2387 1141 ἐγέμισεν
2411 1069 2507 1122 ὅλα
2530 1069 2598 1122 τά
2626 1070 2820 1138 ἀγγεῖα
2843 1068 3028 1124 αὐτοῦ.
3056 1069 3164 1121 Kal
3188 1068 3407 1136 λέγουσι
3439 1069 3577 1139 μετὰ

1999 1161 2171 1216 ταῦτα
2190 1162 2267 1233 τῷ
2295 1161 2510 1233 γέροντι
2532 1179 2543 1192 ’
2580 1163 2714 1215 Εἰπὲ
2740 1164 2891 1234 ἡμῖν,
2926 1161 2981 1215 τί
3009 1163 3263 1234 είσήρχου
3299 1161 3393 1214 καὶ
3419 1161 3578 1232 ἐξήρ-

1999 1273 2118 1327 χου.
2154 1256 2263 1308 Kal
2290 1255 2437 1324 λέγει
2473 1255 2658 1318 αὐτοῖς
2685 1257 2713 1308 6
2741 1254 2920 1326 γέρων
2939 1271 2953 1286 ·
2989 1255 3156 1326 Δίκην
3194 1254 3410 1308 ἐποίουν
3439 1253 3578 1325 μετὰ

2000 1348 2093 1401 τοῦ
2127 1347 2262 1401 Θεοῦ
2309 1349 2412 1414 ὅτι,
2445 1348 2720 1416 Ἤνεγκάς
2752 1365 2818 1418 με
2851 1341 2974 1415 ὧδε,
3020 1348 3116 1401 καὶ
3160 1347 3270 1400 ἰδοὺ
3305 1345 3450 1418 ὕδωρ
3477 1346 3578 1399 οὐκ

2002 1441 2109 1511 ἔχω
2130 1443 2218 1494 ἵνα
2246 1441 2444 1495 πίωσιν
2482 1443 2531 1495 οἱ
2560 1440 2736 1495 δοῦλοί
2772 1458 2886 1496 σου.
2918 1439 3018 1494 Διὰ
3053 1440 3210 1494 τοῦτο
3243 1439 3578 1511 είσηρχόμην

2002 1534 2096 1588 καὶ
2127 1533 2434 1606 ἐξηρχόμην
2463 1534 2793 1606 παρακαλῶν
2813 1533 2904 1586 τὸν
2932 1533 3086 1598 Θεὸν,
3117 1533 3221 1597 ἕως
3251 1525 3311 1586 οὗ
3337 1532 3429 1584 ἐπε
3441 1533 3579 1602 μψεν

2000 1626 2034 1695 ἡ
2045 1625 2151 1695 μῖν.

2077 1714 2158 1770 ιδ’.
2191 1711 2359 1768 Εἶπεν
2385 1717 2414 1768 6
2444 1713 2618 1778 assa;
2649 1716 2891 1786 Μωῦσῆς
2926 1714 3061 1786 (54),
3094 1716 3176 1768 ὅτι
3225 1716 3429 1784 ὀφείλει
3483 1716 3580 1770 ἄν·

2005 1807 2226 1878 θρωπος
2269 1808 2563 1862 ἀποθανεῖν
2604 1809 2712 1862 ἀπὸ
2759 1808 2854 1862 τοῦ
2891 1808 3108 1879 ἑταίρου
3157 1809 3342 1874 αὐτοῦ,
3370 1808 3465 1862 τοῦ
3504 1811 3580 1880 μὴ

2002 1901 2210 1972 κρίνειν
2241 1902 2404 1956 αὑτὸν
2437 1902 2493 1956 ἐν
2525 1920 2659 1958 τινι.

2079 2000 2158 2045 ιε’.
2192 1992 2359 2046 Πάλιν
2385 1988 2538 2046 εἶπεν
2565 1994 2668 2057 ὅτι,
2715 1992 2951 2062 Ὀφείλει
2996 1993 3282 2064 ἄνθρωπος
3309 1990 3581 2062 νεκρῶσαι

323 2100 384 2140 se
419 2083 486 2136 ab
513 2084 665 2139 omni
709 2099 768 2139 re
809 2085 972 2147 mala,
1017 2085 1335 2155 priusquam
1361 2083 1677 2154 egrediatur
1711 2099 1741 2138 e
1784 2099 1901 2138 cor-

2017 2085 2198 2137 ἑαυτὸν
2239 2084 2348 2137 ἀπὸ
2385 2083 2590 2147 παντὸς
2639 2083 2880 2155 πονηροῦ
2927 2084 3277 2155 πράγματος,
3337 2081 3443 2152 πρὸ
3487 2078 3581 2134 τοῦ

323 2194 476 2249 pore,
512 2185 570 2232 ut
597 2176 730 2231 nulli
756 2176 967 2231 homini
1000 2177 1142 2231 male
1173 2168 1360 2231 faciat.

395 2364 481 2417 16.
526 2362 669 2431 (51)
703 2361 769 2414 Et
796 2360 992 2414 iterum
1017 2377 1030 2412 :
1051 2357 1168 2413 Nisi
1199 2358 1362 2412 homo
1384 2357 1634 2412 habuerit
1658 2357 1714 2411 in
1741 2359 1906 2414 corde

323 2473 445 2520 suo,
479 2455 623 2526 quod
665 2462 920 2525 peccator
963 2460 1072 2516 est,
1129 2451 1272 2507 Deus
1312 2467 1421 2506 non
1455 2466 1580 2506 eum
1626 2451 1900 2507 exaudiet.

322 2546 807 2613 Aitfrater:Quid
850 2544 1206 2601 estzﬂabere
1254 2545 1307 2598 in
1353 2547 1536 2609 corde,
1578 2544 1722 2614 quod
1771 2559 1902 2615 pec-

321 2650 478 2696 cator
504 2640 613 2703 sit?
644 2637 949 2708 Respondit
979 2652 1145 2693 senex
1175 2654 1188 2691 :
1218 2634 1275 2690 Si
1315 2637 1440 2706 quis
1475 2644 1650 2706 portet
1679 2645 1902 2706 peccata

323 2748 442 2799 sua,
478 2749 582 2786 non
616 2731 921 2786 intuebitur
954 2729 1149 2784 delicta
1181 2729 1413 2799 proximi
1445 2730 1550 2783 sui.

299 2891 305 2900 ’
393 2912 480 2966 17.
516 2909 650 2980 (52)
681 2908 825 2964 Dixit
848 2909 1060 2963 adhuc:
1084 2907 1200 2963 Nisi
1229 2910 1375 2963 actio
1411 2911 1756 2966 consenserit
1781 2926 1906 2964 cum

323 3006 595 3065 oratione,
635 3001 839 3056 frustra
869 3001 1084 3055 laborat
1115 3001 1300 3068 homo.
1333 3001 1691 3071 Interrogavit
1716 3002 1904 3057 frater:

2005 2176 2244 2241 ἐξελθεῖν
2269 2176 2488 2231 ἀπὸτοῦ
2521 2176 2796 2248 σώματος,
2823 2176 2917 2230 τοῦ
2953 2176 3028 2248 μὴ
3061 2176 3308 2229 κακῶσαί
3337 2193 3457 2228 τινα
3487 2176 3582 2229 ἇν-

2009 2270 2245 2341 θρωπον.

2081 2369 2177 2427 ις’.
2210 2360 2347 2418 Εἶπε
2400 2363 2601 2417 παλινο
2650 2363 2778 2414 Ἐὰν
2835 2361 2911 2432 μὴ
2944 2360 3231 2432 ἄνθρωπος
3282 2359 3378 2431 ἔχῃ
3421 2361 3481 2412 ἐν
3511 2362 3578 2430 τῇ

2005 2456 2204 2528 καρδίᾳ.
2233 2455 2400 2524 αὐτοῦ
2441 2457 2522 2509 ὅτι
2570 2454 2894 2527 ἁμαρτωλός
2925 2455 3094 2516 ἐστιν,
3126 2455 3154 2506 6
3185 2452 3318 2515 Θεὸς
3348 2454 3448 2505 ούκ
3472 2453 3585 2504 εἰσ-

2003 2547 2191 2602 ακούει
2221 2548 2409 2601 αὑτοῦ.
2445 2547 2556 2600 Kal
2585 2542 2736 2599 εἶπεν
2765 2548 2793 2598 6
2835 2544 3088 2612 ἀδελφός·
3116 2542 3180 2596 Τί
3212 2545 3378 2609 ἐστιν,
3402 2540 3515 2612 ἔχει
3537 2542 3582 2573 ⁷⁷

2004 2643 2062 2694 ὲν
2091 2643 2157 2712 τῇ
2190 2639 2386 2711 καρδίᾳ
2405 2641 2451 2672 ⁷⁸
2496 2641 2579 2693 ὅτι
2631 2637 2954 2710 ἁμαρτωλός
3006 2638 3190 2701 sum;
3241 2635 3344 2689 Kal
3374 2631 3526 2688 εἶπεν
3559 2637 3586 2687 6

2007 2735 2186 2805 γέρων
2210 2735 2314 2798 ὅτι,
2347 2733 2415 2786 Εἴ
2444 2750 2527 2795 τις
2571 2730 2831 2802 βαστάζει
2865 2729 2964 2792 τὰς
2991 2729 3264 2802 ἁμαρτίας
3301 2726 3490 2792 αὐτοῦ,
3523 2727 3585 2781 οὐ

2013 2827 2199 2896 βλέπει
2224 2825 2324 2888 τὰς
2354 2822 2446 2878 τοῦ
2473 2824 2700 2894 πλησίον
2730 2822 2916 2876 αὐτοῦ.

2087 2916 2170 2982 ιζ’.
2208 2913 2344 2970 Εἷπε
2377 2916 2571 2971 πάλιν·
2610 2915 2734 2968 Ἐὰν
2794 2914 2869 2987 μὴ
2924 2915 3266 2988 συμφωνήσῃ
3309 2914 3342 2983 ἡ
3387 2911 3589 2984 πρᾶξις

2019 3010 2155 3082 μετὰ
2195 3011 2291 3080 τῆς
2339 3007 2526 3078 εὐχῆς,
2570 3008 2649 3070 εἰς
2696 3006 2874 3078 μάτην
2930 3007 3096 3076 κοπιᾷ
3113 3005 3179 3058 ⁷⁸.
3226 3005 3335 3058 Kal
3377 2999 3528 3057 εἶπεν
3557 3006 3588 3057 6

325 3097 467 3164 Quid
510 3103 595 3151 est
638 3109 944 3150 consensus
984 3093 1167 3163 operis
1209 3108 1334 3148 cum
1381 3094 1574 3164 prece?
1609 3092 1786 3149 Senex
1820 3111 1901 3149 re-

2017 3103 2243 3169 ἀδελφός
2265 3118 2279 3131 ·
2305 3101 2370 3154 Τί
2397 3103 2533 3165 ἐστι,
2563 3099 2918 3171 συμφώνησις
2942 3098 3192 3170 πράξεως
3217 3096 3353 3167 μετὰ
3378 3095 3546 3165 εὐχῆς
3571 3114 3584 3162 ;

326 3186 670 3259 sponditzUt
704 3202 802 3256 pro
835 3186 1036 3256 quibus
1069 3199 1377 3256 precamur,
1425 3203 1533 3240 non
1562 3186 1792 3256 amplius
1820 3185 1903 3240 fa-

325 3284 535 3337 ciamus
564 3298 645 3336 ea.
689 3280 986 3350 Postquam
1023 3281 1170 3334 enim
1199 3280 1362 3333 homo
1400 3279 1670 3334 dimiserit
1716 3280 1906 3334 volun-

326 3387 467 3430 tates
499 3390 650 3440 suas,
682 3381 813 3429 tunc
843 3373 985 3429 Deus
1013 3373 1402 3429 reconciliatur
1429 3374 1498 3440 ei,
1528 3384 1580 3427 et
1600 3375 1904 3428 orationem

325 3469 472 3522 illius
509 3466 767 3521 admittit.

361 3560 484 3614 'l8.
545 3560 673 3629 (55)
723 3557 1083 3628 Interrogavit
1135 3556 1356 3612 frater:
1398 3556 1456 3610 In
1510 3557 1658 3611 omni
1719 3557 1908 3618 labore

327 3653 586 3717 hominis,
608 3649 866 3720 quidnam
894 3657 979 3703 est
1004 3647 1148 3717 quod
1170 3663 1293 3702 eum
1321 3648 1576 3716 adjuvat?
1605 3647 1908 3718 Respondit

327 3761 492 3800 senex
524 3763 538 3798 :
570 3743 712 3798 Deus
741 3751 824 3796 est
855 3743 949 3811 qui
983 3742 1226 3810 adjuvat.
1277 3741 1554 3810 Scriptum
1602 3749 1686 3794 est
1723 3742 1902 3796 enim:

327 3839 469 3892 Deus
497 3846 676 3891 noster
706 3835 969 3905 refugium
994 3845 1042 3888 et
1065 3836 1258 3899 virtus;
1287 3832 1504 3898 adiutor
1528 3835 1580 3887 in
1605 3832 1908 3888 tribulatio-

328 3931 479 3985 nibus
519 3947 636 4001 qute
675 3932 980 3984 invenerunt
1019 3945 1111 3982 nos
1151 3929 1308 3982 nimis
1343 3928 1409 3981 ⁷⁵.
1442 3927 1665 3998 Excepit
1694 3927 1905 3982 frater:

327 4022 539 4091 Jejunia
563 4030 615 4076 et
637 4021 833 4087 vigilia:
861 4036 998 4090 quas
1026 4020 1188 4074 homo
1211 4019 1435 4090 peragit,
1463 4019 1722 4090 quidnam
1746 4019 1909 4074 sunt?

331 4112 509 4166 Senex
543 4109 610 4163 ad
635 4125 758 4164 eum
788 4126 802 4163 :
828 4108 951 4162 Haec
978 4108 1217 4164 elliciunt
1247 4117 1306 4162 ut
1334 4110 1515 4163 anima
1546 4124 1603 4164 se
1632 4108 1911 4163 humiliter

330 4205 598 4258 demittat.
640 4199 887 4269 Namque
917 4203 1179 4268 scriptum
1222 4210 1346 4254 est:
1384 4198 1514 4255 Vide
1556 4201 1910 4254 humilitatem

330 4310 500 4348 meam
530 4302 579 4347 et
617 4291 846 4345 laborem
889 4307 1060 4345 meum
1081 4331 1095 4354 ,
1126 4301 1176 4345 et
1207 4291 1414 4346 dimitte
1446 4293 1687 4346 universa
1720 4291 1912 4345 delicta

330 4405 447 4442 mea
489 4388 556 4442 ".
607 4386 664 4440 Si
706 4385 898 4440 fecerit
941 4385 1123 4441 anima
1170 4384 1382 4440 fructus
1427 4385 1551 4446 hos,
1603 4383 1747 4439 Deus
1783 4399 1910 4455 erga

2007 3195 2120 3249 Kal
2151 3190 2301 3248 εἶπεν
2333 3195 2362 3246 6
2393 3195 2604 3264 γέρωνο
2638 3192 2754 3244 Ἵνα
2790 3191 2932 3262 ὑπὲρ
2957 3185 3031 3245 ὧν
3066 3189 3358 3260 εὐχόμεθα,
3390 3189 3589 3259 μηκέτι

2008 3287 2252 3357 ποιῶμεν
2286 3286 2445 3340 αὐτά.
2476 3285 2646 3338 Ὅταν
2689 3282 2799 3355 γὰρ
2848 3282 3134 3354 ἄνθρωπος
3167 3282 3277 3352 ἁφῇ
3329 3280 3399 3332 τὰ
3431 3279 3592 3349 θελή-

2012 3397 2154 3451 ματα
2193 3377 2378 3440 αὐτοῦ,
2428 3377 2550 3429 τότε
2594 3375 3022 3430 καταλλάσσεται
3067 3372 3215 3446 αὐτῷ
3245 3375 3272 3426 6
3310 3372 3465 3439 Θεὸς,
3494 3373 3591 3425 καὶ

2006 3467 2217 3537 δέχεται
2243 3467 2338 3536 τὴν
2362 3465 2524 3535 εὐχὴν
2556 3464 2740 3517 αὐτοῦ.

2083 3565 2170 3629 ιη’.
2213 3555 2522 3629 Ἠρώτησεν
2561 3557 2588 3608 6
2622 3555 2850 3625 ἀδελφὸς
2875 3556 2978 3619 ὅτι,
3012 3555 3098 3608 Ἐν
3126 3555 3287 3607 παντὶ
3314 3553 3468 3623 κόπῳ
3492 3569 3588 3605 του

2010 3649 2321 3721 ἀνθρώπου,
2353 3649 2406 3702 τί
2425 3649 2542 3701 ἐστι
2567 3647 2628 3702 τὸ
2656 3646 2886 3719 βοηθοῦν
2907 3647 3090 3718 atina};
3118 3648 3229 3700 Kal
3265 3645 3411 3714 λέγει
3439 3647 3466 3698 6
3491 3645 3588 3714 γέ-

2012 3762 2151 3816 ρωνο
2198 3743 2262 3817 'Q
2301 3743 2434 3806 Θεός
2477 3743 2625 3795 ἐστιν
2666 3743 2694 3794 6
2731 3739 2960 3812 βοηθῶν.
3012 3741 3324 3811 Γέγραπται
3356 3738 3493 3808 γάρ·
3533 3738 3592 3788 Ὀ

2013 3837 2158 3900 Θεὸς
2209 3835 2380 3906 ἡμῶν
2433 3831 2747 3903 καταφυγὴ
2799 3833 2897 3886 καὶ
2944 3831 3216 3900 δύναμις,
3247 3828 3476 3897 ,βοηθὸς
3517 3829 3591 3882 ἐν

2012 3930 2257 3998 θλίψεσι
2303 3929 2434 3992 ταῖς
2483 3928 2806 3994 εὐρούσαις
2855 3923 3014 3993 ἡμᾶς
3060 3921 3316 3992 σφόδρα.
3358 3917 3520 3974 Εἶπεν
3560 3925 3591 3975 6

2012 4015 2270 4084 ἁδελφόςο
2300 4017 2366 4067 Αἰ
2400 4017 2646 4086 νηστεῖαι
2674 4013 2769 4066 καὶ
2791 4012 3090 4084 ἀγρυπνίας
3110 4011 3175 4074 ἃς
3202 4015 3346 4064 ποιεῖ
3377 4010 3591 4081 ἄνθρω-

2013 4127 2133 4173 πος,
2166 4110 2218 4162 τί
2244 4109 2482 4178 γίνονται
2503 4125 2518 4172 ;
2546 4108 2709 4176 Λέγει
2738 4106 2886 4177 αύτῷ
2913 4108 2941 4158 6
2965 4105 3171 4176 γέρων·
3200 4100 3367 4158 Abrae
3401 4103 3590 4156 ποιοῦ-

2015 4219 2067 4254 σι
2103 4202 2204 4272 τὴν
2251 4200 2432 4271 ψυχὴν
2479 4197 2903 4270 ταπεινωθῆναι.
2955 4198 3268 4269 Γέγραπται
3313 4197 3448 4266 γάρ·
3485 4193 3594 4248 ἰδὲ

2014 4294 2130 4361 τὴν·
2155 4292 2521 4346 ταπείνωσιν
2537 4301 2659 4361 μου
2677 4290 2774 4344 καὶ
2805 4288 2912 4342 τὸν
2938 4289 3132 4342 κόπον
3155 4305 3295 4358 μου,
3316 4286 3414 4340 καὶ
3439 4286 3592 4355 ἄφες

2015 4387 2220 4452 πάσας
2243 4386 2350 4451 τὰς
2372 4384 2663 4453 ἁμαρτίας
2679 4401 2817 4452 μου.
2861 4380 2986 4435 Ἐάν
3011 4383 3042 4452 ἡ
3073 4380 3218 4453 ψυχὴ
3246 4381 3450 4450 ποιήσῃ
3466 4380 3593 4440 τοὺς

330 4481 478 4536 illam
505 4486 793 4550 propterea
819 4476 1196 4532 misericordia
1221 4477 1676 4532 commovebitur.
1705 4477 1901 4531 lterum

2017 4480 2264 4550 καρποὺς
2292 4477 2538 4541 τούτους,
2574 4473 2997 4544 σπλαγχνίζεται
3026 4471 3203 4534 ὁΘεὸς
3234 4472 3331 4524 ἐπ’
3356 4471 3494 4539 αὐτῇ
3519 4469 3602 4521 δι”

332 4574 541 4645 rogavit
586 4588 770 4629 senem
814 4570 1028 4626 frater:
1070 4571 1211 4635 Quid
1249 4570 1413 4628 faciet
1455 4571 1617 4625 homo
1661 4571 1716 4625 in
1761 4569 1901 4625 omni

2017 4571 2215 4624 αὐτῶν.
2251 4569 2414 4636 Λέγει
2439 4569 2467 4620 6
2497 4566 2723 4634 ἁδελφὸς
2754 4564 2832 4635 τῷ
2865 4565 3106 4635 γέροντιο
3138 4561 3203 4616 Τί
3239 4561 3455 4630 ποιήσει
3495 4559 3593 4612 ἇν-

330 4668 632 4722 tentatione
670 4682 792 4737 quae.
835 4665 1213 4736 supervenerit
1252 4665 1330 4726 ei,
1374 4665 1459 4720 vel
1503 4664 1557 4719 in
1588 4665 1736 4718 omni
1783 4680 1901 4735 sug-

2019 4664 2237 4735 θρωπος
2265 4663 2323 4713 ἐν
2371 4661 2533 4712 παντὶ
2562 4657 2858 4729 πειρασμῷ
2895 4654 3250 4726 ἐπερχομένῳ
3279 4654 3464 4706 ἐπάνω
3492 4652 3598 4705 αύ-

334 4761 576 4830 gestione
615 4759 870 4815 inimici?
907 4757 1086 4814 Senex
1143 4774 1467 4828 responsum
1521 4758 1671 4814 dedit
1709 4778 1721 4813 :
1755 4757 1901 4813 Flere

2019 4756 2134 4820 τοῦ,
2168 4755 2202 4826 ἢ
2230 4755 2286 4808 ἐν
2317 4753 2480 4806 παντὶ
2517 4750 2764 4822 λογισμῷ
2791 4749 2885 4803 τοῦ
2917 4747 3155 4820 ἐχθροῦς,
3191 4747 3354 4815 Λέγει
3387 4745 3534 4814 αὐτῷ
3566 4747 3596 4798 6

333 4851 493 4906 debet
520 4861 643 4906 ante
684 4851 983 4906 bonitatem
1018 4834 1136 4913 Dei,
1182 4857 1239 4904 nt
1271 4850 1318 4904 ei
1350 4857 1671 4914 succurrat;
1715 4856 1768 4904 et
1800 4849 1901 4902 cito

2017 4850 2194 4921 γέρων
2215 4865 2229 4878 ⁸
2266 4845 2490 4900 Κλαίειν
2518 4844 2723 4913 ὀφείλει
2751 4840 2980 4894 ἐνώπιον
3005 4844 3104 4911 τῆς
3136 4839 3472 4921 ἀγαθύτητος
3499 4839 3596 4892 τοῦ

334 4944 571 5014 quietem
610 4945 805 5015 capiet,
830 4944 994 5000 modo
1034 4929 1308 5015 rogaverit
1336 4959 1460 4999 cum
1492 4944 1742 5000 scientia.
1771 4942 1901 5009 Quia

2017 4919 2176 5002 Θεοῦ,
2205 4937 2292 4991 ἵνα
2345 4935 2590 5008 βοηθήσῃ
2633 4932 2814 5004 αὐτῷ·
2841 4933 2937 4985 καὶ
2977 4919 3318 4984 ἀναπαύεται
3360 4931 3594 5000 ταχέως,

410 5103 453 5137 ⁷³
477 5102 624 5158 Psal.
658 5119 780 5168 va,
817 5104 874 5160 2.
949 5105 996 5136 ⁷⁸
1021 5102 1167 5159 Psal.
1196 5120 1345 5172 xxiv,
1374 5105 1460 5159 18.
1538 5105 1584 5137 ⁷⁷
1613 5104 1698 5158 Al.
1723 5101 1889 5174 ἔχειν.

2044 5099 2130 5153 Al.
2167 5097 2336 5152 inser.
2371 5093 2561 5150 αὐτοῦ.
2633 5095 2682 5127 ⁷⁸
2715 5093 2801 5147 Al.
2840 5090 2966 5145 add.
2998 5088 3306 5162 ἄνθρωπος.

409 5289 524 5360 (29)
563 5286 670 5360 ἵει.
710 5287 867 5360 Patr.
893 5303 968 5354 vt,
1008 5303 1083 5360 tv,
1120 5287 1170 5340 1.

409 5357 519 5427 (50)
561 5358 668 5412 Vit.
709 5357 864 5411 Patr.
889 5375 975 5423 λιν,
1011 5358 1064 5411 2.

408 5432 521 5502 (51)
565 5428 670 5502 Υ-ἰγι.
702 5427 855 5502 Patr.
886 5444 958 5494 tv,
989 5428 1042 5502 5_.

2025 5282 2104 5350 τῷ
2129 5277 2546 5350 ἀὸϐᾷΠοιμένι.
2582 5276 2640 5330 in
2669 5273 2791 5350 aliis
2832 5273 3059 5350 duobus
3077 5287 3185 5328 non
3213 5271 3421 5350 pejoris
3452 5279 3597 5350 nota:

2028 5341 2366 5405 bibliotheca
2396 5341 2638 5417 ejusdem
2656 5363 2672 5400 :
2707 5341 3192 5417 Ἐπτὰίκεφᾴλαια,
3209 5343 3246 5417 6.
3263 5341 3598 5417 Δἀπέστειλεν

2027 5424 2054 5474 6
2079 5421 2253 5483 ἀὸὄᾶς
2278 5411 2516 5488 Μωῦσῆς
2547 5417 2624 5487 τῷ
2669 5415 2814 5485 eos;
2852 5411 3103 5488 Ποιμένιο
3139 5415 3279 5488 καὶύ
3311 5411 3599 5488 φυλάττων

411 5481 526 5566 lissi
571 5481 680 5554 γε..
703 5481 874 5553 Patr.
909 5481 982 5562 ni,
1004 5499 1058 5554 4.

2026 5490 2186 5556 αὐτὰ,
2217 5481 2549 5566 ρύεταιῇἅπὸ
2576 5481 3080 5566 πάσηςᾲολάσεως,
3126 5485 3222 5566 καὶ.
3253 5481 3598 5566 ἀναπαύεται

711 5551 1056 5632 Ραινξινίιί,
1089 5578 1192 5623 etc.
1249 5637 1252 5638 ν
1851 5635 1862 5638 _

2025 5551 2183 5638 ὅπου
2215 5551 2590 5638 κάθηται,
2619 5551 2727 5610 εἴτε
2765 5557 3064 5638 ὲν-ὲρῄμῳ,
3115 5556 3250 5638 efren
3263 5551 3400 5638 μετὰ
3425 5552 3599 5638 velsy

416 5624 526 5710 (δέ)
559 5637 805 5710 Εἷπενίό
829 5624 1011 5706 ἀόϐἇς
1040 5624 1324 5707 Μωϋσῆς.
1355 5639 1555 5695 Codice
1586 5638 1789 5707 optimo
1809 5635 1896 5710 vir

2025 5632 2176 5710 μέσῳ
2207 5624 2474 5710 ἀδελφῷν.
2502 5624 3174 5710 .1ορριιεεὲιιὺᾱὶέεοιιμεξ
3209 5624 3599 5710 ἕεριεηιαταρῖῖ

347 5696 706 5768 illustrissimi
736 5709 966 5765 Joannis
987 5696 1260 5780 'Baptistzn'
1282 5696 1528 5765 tlolberti
1565 5696 1915 5780 praeponitur
2022 5696 2158 5780 iuba,
2182 5696 2475 5780 quwﬂaisit
2523 5699 2684 5780 abbas
2739 5697 2952 5780 Moyses
2987 5697 3170 5749 abbati
3200 5696 3468 5750 Pwmem‘o
3497 5709 3515 5746 .'
3544 5702 3596 5747 et

348 5785 567 5840 titulus:
609 5782 894 5852 Κεφάλαια
924 5781 990 5846 ζ’,
1023 5783 1058 5836 ἃ
1079 5769 1409 5835 ’ἀπέστειλεν
1430 5769 1648 5842 ὸάὸϐἆς
1675 5769 1901 5850 Μωῦσῆς

2019 5774 2108 5843 qui
2141 5769 2446 5828 custodierit
2476 5788 2556 5838 ea,
2595 5769 2904 5825 liberabitur
2934 5786 2965 5821 a
2985 5783 3158 5836 pana.
