3874 6378
288 354 395 408 289

1415 347 2026 408 ΑΡΟΡΗΤΗΕΟΜΑΤΑ
2064 352 2372 412 PATRUM.
3411 324 3524 420 eoo

284 469 387 524 ἐὰν
427 467 723 539 παρακαλῇ
759 466 818 519 ὲν
856 462 1053 534 γνώσει
1073 481 1086 494 ο
1137 465 1442 537 γέγραπται
1475 467 1614 538 γάρ·
1642 466 1852 533 Κύριος

1965 465 2244 538 Scriptura
2277 470 2446 524 dicit:
2475 468 2730 524 Dominus
2764 472 2892 525 milii
2935 473 3178 541 adjutor;
3225 482 3274 526 et
3309 491 3416 527 non
3457 484 3525 528 tt-

282 560 417 629 ἑμοὶ
446 559 700 627 βοηθὸς,
731 557 829 611 καὶ
860 557 1374 626 06y06n01j0'opat
1405 558 1461 610 τί
1491 555 1730 622 ποιήσει
1753 573 1855 625 μοι

281 651 623 718 ἄνθρωπος.
669 647 978 720 Ἥρὼτησεν
1009 650 1038 700 6
1063 647 1288 716 ἀδελφὸς
1325 649 1428 711 ὃτι,
1472 648 1600 702 Ἰδοὺ
1647 647 1854 720 ἄνθρω-

282 759 388 805 πος
413 741 561 811 δέρει
579 741 670 792 τὸν
689 738 874 792 δοῦλον
890 739 1053 792 αὐτοῦ
1076 739 1145 792 δι’
1163 738 1438 809 ἁμαρτίαν
1457 741 1523 809 ἢν
1545 739 1766 810 ἔπραξε.
1791 739 1854 791 Τί

283 831 404 900 ἐρεῖ
432 832 461 881 6
484 828 703 892 δοῦλος;
730 827 891 895 Λέγει
924 828 952 880 6
984 825 1189 899 γέρων·
1238 829 1362 881 Ἐάν
1390 829 1505 880 ἐστι
1535 828 1717 892 δοῦλος
1752 845 1854 881 κα-

280 920 398 983 λὸς,
428 921 576 991 ὲρεῖ’
627 918 879 987 Ἐλέησόν
929 935 1021 988 με,
1055 918 1370 988 ἡμάρτηκα.
1426 918 1588 985 Λέγει
1635 917 1783 987 αὑτῷ
1826 919 1855 969 6

280 1010 540 1080 ἀδελφεάς·
575 1011 742 1063 Οὐδὲν
776 1010 902 1064 ἄλλο
934 1009 1109 1077 λέγει;
1159 1009 1322 1076 Λέγει
1367 1011 1395 1061 6
1437 1010 1646 1079 γέρων·
1698 1010 1851 1078 Οὐχί.

291 1105 414 1171 Ἀφ’
430 1093 494 1156 οὗ
523 1100 633 1172 γὰρ
661 1103 759 1172 τὴν
779 1101 983 1172 μέμψιν
1006 1100 1235 1154 ἐπιτιθεῖ
1256 1101 1340 1169 ἐφ’
1363 1100 1555 1170 ἑαυτῷ,
1579 1102 1672 1154 καὶ
1701 1101 1850 1172 εἴπῃ,

287 1192 645 1264 Ἦμάρτηκα,
686 1192 887 1254 εὐθέως
939 1190 1358 1260 σπλαγχνίζεται
1394 1192 1479 1244 ἐπ’
1517 1191 1666 1261 αὑτῷ
1697 1195 1724 1244 6
1765 1191 1856 1243 κύ-

279 1305 401 1358 ριος
433 1286 628 1340 αὐτοῦ.
661 1286 825 1348 Τέλος
855 1285 912 1337 δὲ
943 1285 1148 1338 τούτων
1193 1285 1432 1348 πάντων,
1467 1286 1526 1338 τὸ
1554 1285 1627 1356 μὴ
1674 1289 1854 1356 κρῖναι

277 1377 370 1431 τὸν
401 1377 651 1448 πλησίον.
683 1377 810 1428 Ὅτε
839 1375 947 1447 γὰρ
977 1379 1008 1446 ἡ
1039 1378 1158 1447 χεὶρ
1193 1377 1396 1445 Κυρίου
1432 1376 1718 1430 ἀπέκτεινε
1748 1379 1854 1430 πᾶν

277 1471 629 1541 πρωτότοκον
658 1472 713 1522 ἐν
741 1471 811 1540 γῇ
844 1468 1122 1539 Αἰγύπτῳ,
1157 1469 1254 1521 οὐκ
1281 1465 1348 1538 ἦν
1391 1463 1536 1533 οἶκος
1567 1463 1628 1522 οὗ
1655 1471 1754 1523 οὐκ
1787 1466 1856 1540 ἦν

276 1565 334 1616 ὲν
368 1563 522 1633 αὐτῷ
545 1561 840 1632 τεθνηκώς.
870 1560 1030 1628 Λέγει
1053 1560 1200 1629 αὐτῷ
1222 1563 1250 1613 6
1287 1561 1512 1630 ἀδελφός
1532 1577 1544 1590 ·
1579 1562 1673 1625 Τίς
1710 1565 1854 1615 ἐστιν

274 1659 301 1710 6
329 1655 493 1722 λόγος
540 1649 728 1718 οὗτοςς
766 1652 926 1720 Λέγει
957 1651 1105 1723 αὐτῷ
1126 1654 1153 1705 6
1186 1652 1362 1724 γέρων
1396 1654 1497 1719 ὅτι,
1535 1653 1657 1706 Ἐάν
1707 1657 1853 1725 ἡμᾶς

274 1747 516 1801 ἐάσωσιν
532 1747 580 1778 ⁸⁸
618 1746 744 1799 ἰδεῖν
784 1745 882 1808 τὰς
921 1745 1190 1816 ἁμαρτίας
1224 1744 1400 1816 ἡμῶν,
1443 1747 1501 1798 οὐ
1547 1746 1621 1816 μὴ
1657 1747 1855 1814 ἴδωμεν

1955 559 2100 614 mebo
2167 559 2292 629 quid
2342 560 2507 628 faciat
2550 561 2676 613 mihi
2709 562 2860 616 homo
2885 562 2956 614 ⁸⁵.
2985 563 3176 617 Adhuc
3212 550 3524 620 sciscitatus

1954 658 2038 705 est
2072 649 2238 705 frater
2263 670 2276 705 :
2307 649 2446 706 Ecce
2479 651 2642 706 homo
2670 652 2918 708 verberat
2948 668 3163 708 servum
3212 669 3394 721 suum,
3425 656 3520 710 de-

1957 741 2068 794 licti
2087 753 2251 796 causa
2277 742 2419 811 quod
2447 742 2742 807 commisit,
2765 743 2895 812 quid
2918 743 3165 800 dicturus
3192 756 3277 801 est
3299 747 3526 801 servus?

1956 829 2092 883 Tum
2129 846 2293 886 senex
2320 850 2332 884 :
2359 831 2413 885 Si
2451 842 2642 887 Servus
2682 834 2885 901 probus
2925 835 3017 898 sit,
3059 835 3236 890 dicet:
3267 837 3522 900 Miserere

1955 922 2088 987 mei;
2121 924 2357 991 peccavi.
2401 923 2588 978 Frater
2613 944 2626 979 :
2655 924 2873 981 Nihilne
2916 929 3062 982 aliud
3111 929 3388 999 proferet?
3425 931 3522 986 Se-

1955 1029 2099 1068 nex:
2139 1013 2278 1068 Non.
2315 1014 2393 1068 Ex
2423 1031 2532 1085 quo
2560 1017 2703 1071 enim
2733 1019 2944 1087 culpam
2981 1019 3035 1073 in
3076 1036 3134 1074 se
3167 1023 3431 1090 posuerit,
3466 1032 3520 1077 et

1953 1105 2132 1161 fassus
2181 1107 2343 1161 fuerit
2381 1122 2634 1176 peccasse
2676 1125 2755 1176 se,
2800 1111 3087 1166 confestim
3141 1113 3517 1168 misericordia

1953 1213 2082 1267 erga
2112 1199 2264 1252 illum
2294 1208 2541 1254 movetur
2567 1201 2840 1256 dominus.
2869 1202 3042 1258 Porro
3071 1205 3262 1258 horum
3294 1213 3519 1259 cuncto-

1954 1305 2074 1342 rum
2114 1305 2326 1345 summa
2366 1298 2483 1356 est,
2535 1307 2643 1346 non
2681 1293 2930 1361 judicare
2975 1296 3280 1365 proximum
3335 1312 3516 1351 suum.

1954 1381 2088 1435 Nam
2119 1383 2334 1452 quando
2358 1398 2548 1439 manus
2571 1383 2780 1440 Domini
2817 1402 2976 1442 omne
3015 1388 3426 1457 primogenitum
3465 1388 3519 1442 in

1955 1481 2098 1528 terra
2136 1473 2356 1544 Egypti
2403 1474 2718 1542 interfecit,
2769 1492 2878 1532 non
2926 1485 3042 1531 erat
3083 1479 3277 1533 domus
3313 1480 3366 1532 in
3413 1494 3520 1548 qua

1955 1580 2063 1618 non
2099 1573 2243 1620 esset
2277 1575 2528 1620 mortuus
2555 1567 2712 1635 (35).
2745 1565 2897 1621 Tunc
2921 1567 3090 1622 frater
3109 1569 3174 1622 ad
3197 1585 3318 1623 eum
3345 1568 3516 1634 :Quid

1954 1665 2037 1711 est
2064 1658 2165 1711 hoc
2203 1656 2386 1711 verbi?
2413 1657 2480 1710 Et
2522 1671 2687 1712 senex
2735 1659 2850 1712 illi:
2884 1659 2939 1714 Si
2987 1660 3141 1714 nobis
3173 1661 3520 1730 permiserint
3566 1649 3590 1674 ⁸

1955 1749 2137 1803 videre
2165 1755 2383 1818 peccata
2413 1756 2624 1813 nostra,
2667 1765 2777 1804 non
2820 1765 3108 1805 cernemus
3140 1759 3364 1819 peccata
3394 1767 3520 1821 pro-

271 1839 374 1902 τὰς
409 1838 687 1908 ἁμαρτίας
708 1837 802 1890 τοῦ
841 1837 1087 1908 πλησίον.
1120 1838 1316 1908 Μωρία
1341 1839 1448 1909 γάρ
1471 1840 1616 1892 ἐστιν
1643 1838 1852 1910 ἀνθρώ-

1959 1841 2110 1894 ximi.
2160 1839 2400 1895 Stultitia
2435 1841 2635 1911 quippe
2664 1850 2749 1897 est
2795 1843 3000 1896 homini
3043 1850 3313 1896 mortuum
3359 1858 3514 1896 suum

273 1949 386 2002 πῳ,
443 1931 623 2001 ἔχοντι
673 1930 762 1982 τὸν
819 1931 1014 1983 ἑαυτοῦ
1050 1931 1261 2001 νεκρὸν,
1287 1933 1508 2000 ἀφεῖναι
1553 1932 1711 1985 αὐτὸν
1759 1934 1852 1986 καὶ

272 2025 535 2078 ἀπελθεῖν
565 2023 796 2077 κλαῦσαι
844 2025 933 2076 τὸν
965 2023 1060 2076 τοῦ
1101 2025 1345 2094 πλησίον.
1379 2024 1451 2078 Τὸ
1478 2013 1766 2079 ἀποθανεῖν
1797 2026 1852 2078 δὲ

271 2116 382 2169 ἀπὸ
430 2116 529 2168 τοῦ
579 2115 804 2186 πλησίον
839 2133 965 2178 σου,
997 2115 1156 2169 τοῦτό
1195 2118 1312 2170 ἐστι
1347 2117 1407 2169 τὸ
1449 2116 1714 2187 βαστάσαι
1759 2134 1851 2170 σου

268 2209 372 2272 τὰς
402 2208 701 2279 ἁμαρτίας,
730 2208 824 2262 καὶ¹
848 2209 1170 2279 ἀμεριμνείν
1193 2209 1301 2261 ἀπὸ
1319 2210 1517 2273 παντὸς
1540 2209 1848 2278 ἀνθρώπου,

269 2303 352 2354 ὅτι
389 2294 548 2362 οὗτος
599 2299 760 2361 καλός
794 2302 960 2362 ἐστιν,
998 2297 1211 2370 ἢοῦτος
1258 2301 1442 2364 κακός.
1491 2302 1580 2370 Μὴ
1623 2305 1851 2370 ποιήσῃς

270 2393 444 2446 κακὸν
488 2391 679 2462 μηδενὶ
706 2389 995 2461 ἀνθρώπῳ,
1032 2391 1167 2462 μηδὲ
1195 2391 1408 2461 λογίζου
1434 2391 1665 2463 πονηρὸν
1707 2393 1762 2443 ὲν
1783 2395 1848 2462 τῇ

269 2481 474 2553 καρδίᾳ
503 2498 596 2533 σου
644 2481 722 2543 ei;
748 2496 868 2532 τινα
887 2496 900 2510 ·
936 2479 1068 2551 μηδὲ
1100 2479 1454 2551 ὲξουδενώσῃς
1487 2481 1605 2534 τινὰ
1635 2481 1848 2534 ποιοῦν-

266 2592 339 2628 τα
361 2574 536 2627 κακόν
559 2589 573 2604 ·
609 2573 744 2643 μηδὲ
764 2571 989 2641 πεισθῇς
1006 2571 1084 2642 τῷ
1108 2571 1485 2631 κακοποιοῦντι
1516 2572 1604 2625 τὸν
1628 2573 1850 2642 πλησίον
1881 2585 1884 2588 ’

265 2666 461 2730 αὐτοῦ,
514 2665 649 2736 μηδὲ
703 2667 859 2735 χαῖρε
908 2664 1046 2734 μετὰ
1091 2663 1183 2716 τοῦ
1238 2663 1511 2727 ποιοῦντος
1556 2664 1722 2717 κακὸν
1774 2664 1851 2734 τῷ

267 2758 506 2827 πλησίον
553 2755 753 2809 αὑτοῦ·
796 2754 869 2826 μὴ
919 2754 1299 2829 καταλαλήσῃς
1325 2756 1480 2809 τινά’
1523 2755 1660 2809 ἀλλὰ
1692 2756 1847 2824 λέγε·

273 2854 336 2905 '0
371 2851 511 2914 Θεὸς
541 2849 803 2919 γινώσκει
833 2850 1082 2902 ἕκαστον·
1110 2848 1184 2918 μὴ
1211 2847 1552 2919 συμπεισθῇς
1587 2848 1724 2919 μετὰ
1757 2848 1848 2900 τοῦ

263 2941 728 3002 καταλαλοῦντος.
762 2939 895 3009 μηδὲ
932 2940 1208 3007 συγχαρῇς
1231 2935 1368 3007 μετὰ
1396 2937 1494 3006 τῆς
1522 2937 1851 3000 καταλαλιᾶς

261 3032 459 3099 αὑτοῦ,
487 3033 628 3103 μηδὲ
686 3031 921 3101 μισήσῃς
949 3028 1038 3081 τὸν
1067 3027 1471 3082 καταλαλοῦντα
1503 3029 1595 3082 τὸν
1626 3028 1850 3098 πλησίον

1953 1930 2191 1994 habenti,
2216 1931 2520 2000 relinquere
2552 1934 2750 2001 ipsum,
2779 1943 2939 2004 atque
2971 1933 3240 2004 proficisci
3270 1935 3336 1986 ad
3360 1936 3517 2002 plan-

1952 2021 2184 2090 gendum
2224 2033 2495 2078 mortuum
2527 2026 2778 2094 proximi.
2814 2026 2945 2079 Mori
2994 2034 3173 2081 autem
3219 2043 3342 2094 erga
3392 2043 3519 2096 pro-

1952 2114 2155 2166 ximum
2183 2122 2357 2180 tuum,
2386 2116 2518 2171 illud
2547 2124 2653 2181 est,
2697 2128 2915 2187 portare
2947 2117 3142 2172 delicta
3182 2127 3292 2179 tua,
3325 2136 3424 2174 nec
3450 2120 3519 2173 de

1951 2219 2224 2272 quoquam
2264 2205 2482 2261 homine
2514 2222 2635 2264 esse
2675 2210 2992 2274 sollicitum,
3037 2211 3182 2278 quod
3215 2212 3302 2264 ille
3340 2211 3516 2265 bonus

1950 2296 2039 2357 sit,
2077 2303 2171 2349 aut
2197 2296 2283 2349 ille
2311 2297 2507 2352 malus.
2536 2297 2615 2354 Ne
2647 2298 2985 2354 malefeceris
3019 2300 3112 2353 ulli
3143 2301 3384 2366 homini;
3413 2318 3510 2356 nec

1951 2388 2004 2442 in
2039 2397 2129 2442 tuo
2159 2388 2321 2442 corde
2355 2391 2601 2460 cogitato,
2638 2391 2838 2444 malum
2880 2392 3145 2447 adversus
3185 2393 3510 2460 quemlibet;

1952 2495 2127 2549 neque
2156 2483 2548 2551 contempseris
2577 2485 2881 2552 quempiam
2913 2499 3077 2554 prave
3105 2493 3386 2554 agentem;
3421 2498 3514 2540 aut

1951 2572 2300 2626 consenseris
2340 2574 2478 2625 cum
2523 2588 2590 2628 eo
2629 2573 2720 2642 qui
2771 2575 3074 2644 proximum
3115 2591 3273 2630 suum
3314 2587 3510 2638 vexat;

1952 2670 2004 2714 et
2027 2661 2134 2715 noli
2158 2661 2390 2733 gaudere
2420 2679 2544 2718 cum
2576 2665 2670 2719 illo
2697 2667 2789 2736 qui
2818 2666 3124 2734 proximum
3157 2667 3298 2721 malo
3327 2667 3511 2721 allicit.

1951 2754 2030 2807 Ad
2074 2754 2207 2817 haec,
2235 2769 2304 2808 ne
2332 2753 2602 2809 ullatenus
2630 2756 2981 2824 obloquaris;
3015 2755 3110 2811 sed
3136 2755 3302 2810 dicito
3329 2774 3341 2808 :
3370 2755 3514 2810 Dens

1952 2860 2390 2916 unumquemque
2424 2848 2725 2915 cognoscit.
2766 2846 2844 2902 Ne
2872 2849 3219 2903 consenseris
3255 2864 3380 2903 cum
3419 2850 3516 2902 ob-

1953 2937 2216 3000 locutore,
2245 2950 2420 3006 neque
2451 2937 2738 2993 collmteris
2774 2939 2828 2992 in
2855 2938 3193 2994 detractione
3233 2939 3374 3009 ejus,
3404 2953 3516 2992 non

1952 3043 2130 3084 tamen
2168 3027 2294 3083 odio
2331 3028 2556 3084 habebis
2585 3027 2964 3086 detractorem.
3001 3029 3066 3083 Et
3115 3030 3221 3084 hoc
3260 3037 3366 3093 est,
3400 3020 3516 3084 non

260 3126 459 3180 αὑτοῦ.
484 3124 598 3177 Καὶ
624 3121 779 3174 τοῦτό
795 3124 909 3173 ἐστι
941 3119 1000 3172 τὸ
1030 3119 1103 3190 μὴ
1127 3120 1388 3191 κρῖναιθί.
1416 3119 1507 3190 Μὴ
1530 3119 1620 3190 ἔχε
1650 3119 1848 3190 ἔχθραν

1959 3119 2214 3188 iudicare.
2256 3117 2375 3175 Noli
2416 3119 2732 3176 inimicitias
2778 3123 3057 3190 suscipere
3090 3137 3228 3175 cum
3274 3123 3387 3175 nllo
3428 3122 3518 3174 ho-

263 3218 413 3289 μετά
443 3233 594 3279 τινος
647 3213 953 3284 ἀνθρώπου,
1006 3213 1100 3264 καὶ
1139 3213 1212 3282 μὴ
1247 3213 1526 3285 κρατήσῃς
1559 3211 1756 3283 ἔχθραν
1791 3212 1850 3263 ὲν

1959 3209 2119 3272 mine,
2159 3223 2262 3263 nec
2292 3208 2586 3264 retinueris
2611 3208 2963 3265 hostilitatem
2987 3210 3041 3263 in
3066 3209 3231 3264 corde
3256 3217 3382 3273 tuo;
3407 3224 3515 3260 non

257 3315 331 3381 τῇ
365 3309 574 3379 καρδίαν⁵
611 3324 735 3360 σου·
770 3306 844 3377 μὴ
895 3308 1130 3378 μισήσῃς
1184 3305 1273 3359 τὸν
1329 3304 1678 3374 ὲχθραίνοντα
1715 3303 1851 3372 μετὰ

257 3403 360 3457 τοῦ
398 3402 651 3473 πλησίον.
687 3401 798 3454 Καὶ
833 3401 968 3471 αὕτη
1010 3400 1156 3452 ἐστὶν
1193 3398 1226 3468 ἡ
1281 3398 1491 3468 εἰρήνη.
1537 3397 1624 3449 Ἑν
1644 3396 1852 3458 τούτοις

257 3497 464 3552 ἑαυτὸν
516 3493 858 3565 παρακάλειο
893 3493 1028 3564 πρὸς
1073 3491 1253 3558 ὀλίγον
1304 3489 1491 3561 χρόνον
1519 3491 1547 3541 6
1583 3488 1848 3558 κάματος,

258 3590 362 3642 καί
408 3589 490 3650 είς
533 3586 622 3639 ἀεὶ
657 3587 690 3655 ἡ
737 3585 1062 3647 ἀνάπαυσις,
1106 3582 1287 3652 χάριτι
1318 3580 1426 3635 ,τοῦ
1481 3579 1614 3632 Θεοῦ
1655 3578 1851 3646 Λόγου.

271 3680 484 3750 ’Δμήν.

681 3786 822 3855 Περὶ
849 3787 954 3841 τοῦ
978 3785 1128 3841 ἀεϐᾶ
1156 3786 1356 3851 Ματόη
1383 3785 1449 3837 ⁸⁸.

337 3887 415 3934 α’.
461 3878 694 3947 Ἔλεγεν
732 3880 761 3930 6
789 3877 962 3941 ὰὸὄᾶς
989 3876 1242 3945 Ματόης·
1275 3875 1423 3928 Θέλω
1449 3871 1705 3945 ἐργασίαν
1730 3871 1854 3925 έλα-

257 3976 418 4043 φρὰν
444 3971 545 4024 καὶ
577 3969 944 4040 ἐμμένουσαν,
978 3968 1011 4038 ἢ
1053 3967 1311 4020 ἐπίπονον
1339 3965 1398 4031 ἐξ
1438 3966 1609 4036 ἀρχῆς
1641 3964 1734 4016 καὶ
1765 3980 1856 4016 τα-

257 4067 409 4130 χέως
443 4060 872 4131 ὲκκοπτομένην.

339 4152 410 4223 β’.
443 4148 587 4205 Eine
617 4151 809 4204 πάλιν·
842 4151 1006 4203 Ὅσον
1055 4149 1264 4217 ἐγγίζει
1295 4148 1578 4217 ἅνθρωπος
1607 4144 1682 4214 τῷ
1713 4143 1851 4209 Θεῷ,

257 4243 531 4298 τοσοῦτον
568 4239 891 4311 ἁμαρτωλὸν
923 4238 1114 4292 ἑαυτὸν
1149 4238 1354 4308 βλέπει.
1402 4236 1628 4298 Ἡσαΐας
1676 4231 1784 4304 γὰρ
1827 4234 1855 4284 6

257 4337 564 4408 προφήτης
621 4331 744 4385 ἰδὼν
785 4330 875 4384 τὸν
922 4331 1054 4382 Θεὸν
1076 4331 1144 4394 ⁸³,
1177 4330 1343 4383 τάλαν
1397 4328 1492 4381 καὶ
1550 4325 1855 4396 ἀκάθαρτον

257 4430 456 4496 ἔλεγεν
483 4425 697 4480 ἑαυτόν.

1953 3305 2078 3359 odio
2104 3303 2451 3374 prosequeris
2488 3319 2613 3358 eum
2647 3303 2790 3357 inter
2819 3317 2978 3372 quem
3016 3310 3069 3357 et
3107 3302 3411 3371 proximum
3442 3301 3517 3354 si-

1953 3398 2208 3453 multates
2252 3397 2614 3452 intercedunt.
2651 3397 2826 3465 Atque
2869 3395 2984 3450 haec
3011 3403 3094 3450 est
3127 3409 3248 3464 pax.
3297 3395 3357 3450 ιιι
3395 3395 3519 3448 istis

1954 3491 2186 3559 teipsum
2217 3488 2521 3542 consolare.
2553 3487 2633 3541 Ad
2665 3487 2826 3542 breve
2859 3495 3073 3556 tempus
3101 3487 3276 3552 labor,
3307 3487 3364 3541 in
3407 3502 3522 3557 per-

1955 3588 2174 3651 petuum
2209 3579 2457 3649 requies;
2490 3579 2662 3650 gratia
2698 3577 2791 3634 Dei
2823 3576 3012 3632 Verbi:
3050 3578 3241 3632 Amen.

2476 3783 2552 3832 Ue
2585 3777 2772 3831 abbate
2804 3775 3001 3830 Hatoe.

2025 3870 2078 3924 i.
2117 3869 2251 3940 (56)
2279 3867 2499 3923 Dicebat
2542 3867 2712 3921 abbas
2758 3865 2960 3920 Matoes
3001 3883 3014 3919 :
3055 3863 3197 3917 Malo
3247 3866 3525 3933 operatio-

1955 3975 2086 4015 nem
2100 3961 2268 4015 levem
2287 3975 2352 4014 ac
2370 3968 2794 4028 permanentem,
2809 3971 2972 4026 quam
2993 3955 3148 4010 initio
3167 3955 3492 4010 laboriosam
3505 3996 3522 4019 ,

1955 4053 2048 4108 sed
2075 4053 2184 4106 cito
2212 4052 2522 4106 intercisam
2551 4065 2615 4104 ac
2641 4049 3008 4106 desinentem.

2022 4143 2075 4197 2.
2110 4143 2242 4213 (37)
2302 4143 2444 4196 Dixit
2482 4142 2677 4197 iterum
2717 4161 2730 4196 :
2769 4141 3043 4208 Quantum
3090 4141 3254 4196 homo
3287 4139 3397 4196 Deo
3430 4157 3524 4211 ap-

1959 4236 2306 4305 propinquat,
2338 4242 2546 4290 tantnm
2580 4251 2639 4291 se
2669 4244 3009 4306 peccatorem
3037 4236 3306 4305 agnoscit.
3352 4233 3524 4290 Isaias

1957 4327 2100 4381 enim
2132 4327 2395 4396 prepheta
2435 4327 2504 4393 ⁸⁵,
2555 4326 2724 4381 Deum
2756 4325 2970 4391 videns,
3013 4326 3272 4382 miserum
3301 4340 3360 4381 se
3385 4325 3528 4378 allii--

1962 4419 2143 4473 mabat
2171 4426 2225 4473 et
2256 4416 2616 4472 immundum.

334 4527 415 4587 γ.
451 4519 651 4584 Ἔλεγε
686 4516 847 4571 πάλιν
867 4533 881 4548 ’
923 4516 1048 4569 Ὅτε
1080 4515 1226 4585 ήμην
1273 4511 1553 4584 νεώτερος,
1581 4511 1763 4579 ἔλεγον
1797 4514 1852 4564 ὲν

2028 4511 2081 4564 5.
2113 4508 2307 4565 Aiebat
2328 4516 2589 4579 praeterea
2619 4526 2632 4562 :
2658 4505 2886 4572 Quando
2915 4522 3063 4563 eram
3089 4507 3327 4576 juvenis,
3363 4522 3527 4575 repu-

253 4609 455 4680 ὲαυτῷ
489 4611 598 4673 ὅτι,
635 4609 792 4678 Τάχα
819 4608 871 4660 τί
897 4624 1025 4660 ποτε
1063 4605 1363 4676 ἐργάζομαι
1399 4603 1630 4673 ἀγαθόν’
1659 4605 1752 4658 νῦν
1797 4605 1854 4657 δὲ

251 4701 340 4763 ὡς
379 4701 657 4770 ὲγήρασα,
697 4696 880 4766 βλέπω
917 4697 997 4748 ὃτι
1029 4695 1129 4748 οὐκ
1175 4693 1283 4765 ἔχω
1331 4693 1388 4747 ἒν
1410 4693 1567 4766 ἔργον
1592 4693 1754 4747 καλὸν
1797 4696 1855 4747 ἐν

254 4790 533 4862 ἐμαυτῷ.
1595 4840 1599 4846 ,

333 4883 409 4936 δ’.
446 4879 584 4936 Εἷπε
619 4867 781 4934 πάὶέιν
802 4898 813 4910 ’
845 4881 959 4932 Οὐκ
992 4873 1132 4932 οἶδεν
1170 4879 1197 4931 6
1232 4875 1477 4939 Σατανᾶς
1512 4876 1648 4946 ποίῳ
1697 4875 1856 4929 πάθει

252 4978 505 5046 ἡττᾶται
525 4977 559 5045 ἡ
592 4973 760 5043 ψυχή.
799 4972 1020 5044 Σπείρει
1061 4972 1178 5042 μὲν,
1203 4970 1316 5024 ἀλλ’
1342 4970 1439 5022 οὐκ
1467 4965 1606 5021 οἶδεν
1639 4970 1687 5020 εί
1714 4967 1849 5038 θερί-

254 5084 353 5120 σει
377 5082 394 5096 ·
428 5065 556 5127 τοὺς
590 5064 690 5134 μὲν
731 5064 858 5134 περὶ
906 5062 1181 5133 πορνείας,
1211 5062 1336 5124 τοὺς
1359 5059 1415 5111 δὲ
1452 5059 1576 5130 περὶ
1621 5059 1859 5111 καταλα-

252 5158 396 5218 hac;
448 5153 772 5224 λογισμοὺς,
815 5153 910 5206 καὶ
953 5152 1155 5222 ὁμοίως
1207 5149 1278 5203 τὰ
1326 5147 1489 5202 λοιπὰ
1528 5147 1696 5218 πάθη.
1752 5147 1863 5199 Καὶ

253 5253 350 5312 είς
396 5242 512 5300 οἷον
564 5246 735 5310 πάθος
787 5247 869 5317 ἴδῃ
919 5248 1016 5318 τὴν
1070 5245 1246 5317 ψυχὴν
1303 5244 1578 5307 κλίνασαν,
1637 5246 1863 5316 χορηγεῖ

253 5344 439 5410 αὑτῇ.

339 5457 395 5526 ’ξ’
441 5456 528 5508 Al.
564 5453 896 5526 προσχῶμεν
932 5456 1066 5526 Δςὶηιε
1099 5455 1266 5526 ἡμᾷς.

251 5527 311 5560 ⁸⁸
343 5524 500 5578 Psal.
527 5521 807 5588 cxvuJi.‘
853 5524 898 5553 ⁸⁵
932 5521 1035 5577 lsa.
1069 5521 1151 5590 vi,
1179 5524 1230 5578 5.

342 5710 466 5773 (35)
509 5708 737 5761 Doroth.
764 5705 948 5762 Doctr.
981 5707 1034 5760 6.

341 5783 464 5852 (3-6)
521 5779 626 5832 Vit.
661 5777 928 5844 Palmm,
965 5777 1044 5833 ll.

1381 5455 1422 5486 ‘“
1454 5453 1536 5508 Al.
1594 5454 1803 5526 κρίνετε
1845 5453 1939 5507 καὶ
1977 5453 2040 5506 οὺ
2104 5451 2178 5522 μὴ
2211 5451 2454 5522 κριθῆτε.

1955 4604 2134 4656 tabam
2163 4603 2305 4671 apud
2334 4616 2453 4656 me:
2475 4599 2636 4654 Forte
2660 4597 2864 4669 aliquid
2894 4599 3021 4653 boni
3044 4598 3354 4667 operabor;
3381 4613 3529 4650 nunc

1955 4709 2086 4749 vero
2115 4700 2402 4763 postquam
2433 4691 2609 4754 senui,
2642 4691 2801 4745 video
2833 4689 2980 4759 quod
3018 4705 3086 4743 ne
3117 4703 3282 4742 unum
3307 4689 3526 4757 quidem

1955 4787 2158 4841 bonum
2192 4799 2330 4854 opus
2359 4783 2413 4837 in
2444 4798 2530 4837 me
2559 4783 2810 4837 habeam.

2027 4877 2080 4930 4.
2113 4875 2490 4944 (58)Rursus
2533 4871 2922 4927 dixitzNescit
2975 4869 3245 4932 Satanas,
3303 4868 3524 4922 cuinam

1955 4969 2092 5024 vitio
2121 4967 2440 5022 succumbet
2483 4965 2683 5018 anima.
2729 4962 2973 5017 Seminat
3007 4962 3247 5032 quidem,
3279 4975 3334 5014 at
3374 4962 3528 5027 igno-

1957 5067 2044 5114 rat
2085 5073 2154 5112 an
2188 5073 2474 5112 messurus
2511 5057 2620 5119 sit;
2657 5055 2790 5110 serit
2824 5054 3179 5124 cogitationes
3213 5063 3324 5106 tum
3355 5051 3530 5106 forni-

1959 5152 2212 5214 cationis,
2252 5161 2362 5204 tum
2396 5149 2784 5214 detractionis,
2830 5146 3101 5216 similique
3131 5145 3292 5200 modo
3331 5145 3383 5198 in
3426 5160 3527 5196 ca:-

1959 5245 2093 5299 teris
2123 5244 2270 5298 vitiis
2311 5262 2324 5296 :
2357 5250 2410 5297 et
2457 5241 2524 5295 ad
2569 5256 2730 5310 quem
2772 5255 2997 5308 pravum
3035 5237 3285 5292 affectum
3332 5237 3525 5290 viderit

1961 5337 2197 5390 animum
2236 5333 2684 5405 propendentem,
2719 5333 2892 5387 eidem
2929 5332 3124 5386 animm
3161 5331 3489 5400 suppeditat.

2546 5450 2590 5482 "
2622 5449 2708 5504 Al.
2762 5449 2988 5520 Ματώη.
3101 5449 3146 5482 ⁸³
3181 5448 3266 5503 Al.
3305 5444 3530 5516 Κύριον.

2038 5707 2146 5774 (57)
2189 5705 2296 5760 Vit.
2331 5704 2480 5758 Patr.
2508 5721 2596 5764 xv.
2633 5704 2726 5758 28.

2038 5773 2148 5846 (58)
2195 5775 2296 5831 Vit.
2326 5775 2478 5830 Patr.
2507 5791 2562 5840 ι,
2590 5773 2678 5830 53.
