3874 6326
389 323 488 381 291

1529 323 1888 382 ,τΛΡΡΕΝΒΙΧ
1919 324 2011 379 AI)
2043 323 2471 385 PALLADIUM.

3547 325 3657 389 9.95

465 436 519 492 5.
551 433 745 490 Frater
781 440 1058 490 convento
1089 433 1288 490 abbate
1327 433 1525 503 Matoe,
1563 439 1718 507 petiit
1749 439 1818 493 ab
1862 453 1966 493 eo:

2143 447 2207 496 ε’.
2257 439 2509 509 ’Λδελφὸς
2541 439 2814 511 παρέϐαλε
2835 439 2914 512 τῷ
2943 439 3085 514 ἀϐϐᾷ
3133 441 3354 516 Martii“,
3377 445 3475 500 καὶ
3501 445 3653 517 λέγει

392 528 514 596 Quo
555 528 721 582 modo
752 527 1009 582 Seetimaa
1044 527 1166 597 plus
1211 525 1455 584 Iacerent
1483 544 1648 598 quam
1687 531 1968 601 Scriptura

393 620 696 692 praecipiat,
728 619 1003 691 diligendo
1043 619 1296 674 inimicos
1339 635 1471 675 suos
1519 621 1641 690 plus
1681 637 1842 691 quam
1889 637 1970 676 se.

393 708 485 760 Ait
514 709 560 761 ei
597 708 765 763 abbas
797 706 1042 762 Matoes:
1075 706 1185 778 Ego
1215 723 1348 763 sane
1374 723 1498 763 eum
1532 693 1624 780 qui
1659 725 1745 765 me
1769 711 1970 781 diligit,

395 815 506 854 non
540 799 709 869 diligo
747 799 891 852 sicut
926 799 1214 870 meipsum.

466 889 520 944 6.
571 888 766 944 Frater
823 883 1184 962 interrogavit
1235 889 1485 947 abbatem
1534 891 1973 960 Matoemz-Quid

395 995 574 1051 agam,
610 983 654 1037 si
693 985 902 1038 venerit
941 984 1007 1038 ad
1053 999 1140 1038 me
1183 983 1371 1048 frater,
1415 985 1597 1054 sitque
1629 985 1748 1041 dies
1776 986 1971 1056 jejunii

394 1083 490 1128 aut
540 1073 878 1129 diluculum?
922 1075 1184 1145 quoniam
1223 1076 1407 1130 animo
1454 1091 1645 1146 angor.
1699 1077 1764 1133 Et
1807 1080 1883 1132 ait
1914 1079 1972 1134 xei

395 1179 592 1220 senex:
617 1165 674 1218 Si
695 1165 917 1235 quidem
949 1169 1190 1236 angeris,
1216 1174 1269 1220 et
1292 1167 1600 1223 comederis
1623 1183 1748 1224 cum
1779 1168 1968 1236 fratre,

394 1270 541 1314 recte
573 1258 756 1314 facies.
787 1258 943 1326 Quod
978 1260 1024 1313 si
1062 1259 1332 1323 neminem
1355 1269 1701 1332 exspectans,
1738 1262 1975 1317 manduo

395 1350 631 1414 caveris,
665 1357 796 1405 tunc
826 1359 912 1406 est
939 1349 1194 1406 voluntas
1225 1358 1338 1404 tua.

468 1442 520 1495 7.
557 1442 708 1505 Adii,
735 1441 978 1496 narravit
1011 1441 1179 1496 abbas
1202 1439 1396 1506 Jacob,
1424 1441 1674 1497 abbatem
1702 1441 1972 1505 Matoem;

395 1543 602 1592 etcum
632 1535 915 1590 rediturus
961 1550 1160 1597 essem,
1193 1534 1332 1589 dixit
1357 1535 1409 1589 ei
1448 1552 1462 1589 :
1493 1534 1668 1605 Cupio
1701 1536 1975 1604 proficisci

299 1637 314 1652 ‘
396 1627 468 1682 ad
527 1627 716 1682 Cellia.
771 1629 862 1682 Ait
901 1627 1028 1683 ille:
1063 1628 1251 1682 Saluta
1301 1627 1521 1682 nomine
1561 1644 1682 1683 meo
1725 1630 1972 1684 abbatem

391 1717 680 1776 Joannem.
713 1719 950 1778 Veniens
976 1720 1140 1788 igitur
1159 1719 1226 1774 ad
1250 1720 1496 1776 abbatem
1522 1719 1782 1776 Joannem
1805 1763 1818 1784 ,
1849 1722 1972 1776 dico

2073 532 2248 603 αὐτῷ·
2292 533 2417 596 Πῶς
2455 533 2506 585 οἱ
2558 531 2862 605 Σκητιῶται
2897 535 3112 587 ὲποίουν
3136 536 3519 608 περισσότερον
3552 540 3653 609 τῆς

2073 625 2316 696 Γραφῆς.
2341 621 2665 692 ἀγαπῶντες
2703 626 2829 688 τοὺς
2869 624 3098 695 ἐχθροὺς
3137 627 3316 680 αὐτῶν
3345 627 3483 700 ὑπὲρ
3522 632 3648 682 ἑαν-

2071 715 2227 782 τούς;
2260 715 2423 784 Λέγει
2451 715 2599 786 αὐτῷ
2631 718 2660 769 6
2685 715 2858 779 ἀϐϐᾶς
2901 715 3168 788 Ματώηςο
3203 717 3344 788 Ἐγὼ
3371 719 3510 784 τ’έως
3557 723 3648 774 τὸν

2065 805 2376 876 ἀγαπῶντα
2405 824 2470 876 με
2522 807 2623 859 οὐκ
2653 806 2851 874 ἀγαπῶ
2871 806 2947 870 ὡς
2966 807 3222 878 ἐμαυτόν.
3541 793 3544 796 ’

2145 905 2222 964 ς’.
2294 897 2546 968 ’Ᾱδελφὸς
2578 896 2830 969 ἠρώτησε
2876 899 2966 952 τὸν
3017 899 3192 954 ἁϐϐᾶν
3251 901 3522 974 Ματώηνο
3573 904 3646 955 Τί

2074 993 2284 1064 ποιήσω
2312 992 2404 1046 ἐὰν
2445 991 2734 1063 παραϐάλῃ
2759 1009 2850 1062 μοι
2885 991 3130 1062 ἁδελφὸς,
3162 994 3254 1048 καὶ
3283 993 3396 1047 ἔστι
3426 996 3647 1065 νηστεία

2072 1084 2107 1155 ἢ
2157 1083 2336 1155 πρωΐ;
2367 1083 2449 1136 ὅτι
2503 1081 2776 1153 θλίϐομαι.
2830 1083 2938 1136 Kal.
2976 1083 3124 1152 λέγει
3176 1085 3325 1155 αὐτῷ
3370 1088 3398 1138 6
3431 1086 3643 1156 γέρωνο

2082 1177 2212 1230 Ἐὰν
2256 1178 2353 1246 μὲν
2382 1175 2499 1229 06‘"
2522 1175 2701 1246 θλίϐῃ,
2736 1176 2830 1229 καὶ
2861 1177 3038 1249 φάγῃς
3077 1177 3214 1249 μετὰ
3253 1178 3345 1230 τοῦ
3387 1178 3642 1246 ἀδελφοῦ,

2074 1269 2253 1333 καλῶς
2286 1273 2472 1332 ποιεῖς.
2515 1268 2640 1322 Ἐὰν
2665 1269 2721 1322 δὲ
2758 1269 2832 1340 μὴ
2859 1271 3159 1343 προσδοκᾷς
3173 1289 3312 1339 τινα,
3333 1273 3426 1325 καὶ
3444 1273 3644 1343 φάγῃς,

2072 1361 2231 1414 τοῦτο
2257 1360 2352 1413 ’σὸν
2375 1359 2585 1432 θέλημά
2607 1362 2778 1416 ἐστιν.

2147 1452 2212 1517 ζ’.
2242 1448 2408 1506 Εἶπεν
2428 1453 2463 1505 6
2491 1452 2666 1518 ἀϐϐᾶς
2698 1454 2889 1508 Ἰακὼϐ
2919 1456 3020 1518 ὅτι,
3054 1452 3367 1526 Παρέϐαλον
3396 1469 3471 1521 τῳ
3501 1453 3649 1524 αϐϐᾆ

2075 1540 2313 1615 Ματώῃ·
2346 1544 2440 1596 καὶ
2484 1543 2904 1614 ὰνακάμψαντός
2957 1562 3080 1615 μου,
3133 1539 3283 1596 εἷπον
3332 1541 3482 1611 αὐτῷ
3540 1542 3644 1608 ὅτι,

2073 1632 2226 1686 Θέλω
2277 1633 2613 1704 παραϐαλεῖν
2676 1636 2758 1698 εἰς
2815 1634 2883 1687 τὰ
2953 1634 3171 1688 Κελλία.
3220 1633 3330 1687 Kal
3357 1627 3476 1685 εἶπέ
3521 1649 3644 1703 μοι·

2077 1727 2352 1779 Ἄσπασαι
2405 1726 2464 1793 ἐξ
2512 1726 2651 1796 ἐμοῦ
2695 1727 2786 1780 τὸν
2832 1727 3005 1780 ἁϐὄᾶν
3033 1727 3302 1796 Ἰωάννην.
3348 1725 3547 1779 Ἐλθὼν
3591 1728 3647 1780 δὲ

391 1813 444 1869 ei
473 1832 487 1868 :
520 1813 732 1868 Salutat
774 1825 826 1868 te
869 1815 1040 1868 abbas
1075 1812 1299 1868 Matoes.
1336 1812 1474 1866 Tum
1519 1812 1587 1866 ad
1636 1828 1722 1866 me
1765 1830 1969 1868 senex:

2080 1815 2186 1884 ἐγὼ
2218 1817 2355 1888 πρὸς
2375 1815 2470 1870 τὸν
2509 1816 2682 1870 ecca;
2723 1817 2997 1887 Ἰωάννην,
3032 1816 3176 1884 λέγω
3213 1815 3393 1887 αὐτῷ·
3439 1818 3648 1872 Ἀσπά-

395 1903 531 1959 Ecce
567 1908 736 1960 abbas
767 1906 990 1971 Matoes,
1026 1924 1140 1961 vere
1171 1906 1448 1967 Israelita,
1481 1907 1534 1958 in
1561 1923 1662 1975 quo
1689 1906 1842 1961 dolus
1871 1925 1972 1961 non

388 2008 470 2051 est
505 1999 572 2051 “.
616 1999 896 2067 (iompleto
945 2007 1126 2054 autem
1167 2015 1340 2064 anno,
1392 2016 1585 2054 rursus
1619 2000 1687 2054 ad
1722 2001 1971 2055 abbatem

394 2086 625 2143 ﬂatoem
657 2090 863 2143 accessi
892 2106 908 2156 ;
947 2090 1107 2158 eique
1136 2091 1299 2144 retuli
1343 2089 1725 2144 salutationem
1761 2091 1973 2146 abbatis

384 2176 640 2233 Joannis.
675 2178 739 2232 Et
775 2179 1124 2235 seneszon
1179 2196 1300 2235 sum
1348 2181 1592 2250 quidem,
1644 2182 1842 2252 inquit.
1891 2183 1974 2236 di-

391 2287 533 2342 gnus
581 2273 732 2328 senis
783 2273 992 2343 elogio;
1045 2281 1302 2327 caeterum
1338 2273 1391 2327 id
1431 2273 1604 2340 scito,
1655 2275 1801 2344 quod
1847 2289 1972 2328 cum

391 2364 634 2420 audieris
678 2381 862 2420 senem
892 2365 988 2436 qui
1031 2367 1342 2435 proximum
1372 2382 1544 2436 super
1588 2382 1646 2422 se
1687 2367 1970 2436 praedicat,

385 2455 458 2509 ad
494 2471 743 2528 magnam
790 2459 1008 2527 pietatis
1042 2473 1357 2512 mensuram
1401 2459 1493 2514 ille
1532 2461 1798 2528 pervenit.
1849 2459 1972 2513 Haec

384 2556 474 2605 est
503 2551 649 2604 enim
681 2549 962 2620 perfectio,
993 2552 1309 2620 proximum
1345 2568 1507 2608 suum
1551 2552 1810 2622 praeferre
1839 2553 1969 2607 sibi.

461 2823 512 2879 8.
531 2823 644 2895 (59)
660 2823 950 2880 Referebat
966 2825 1137 2882 abbas
1158 2824 1364 2881 Matoes
1387 2845 1398 2880 :
1423 2823 1660 2880 Venitad
1680 2823 1972 2890 mefrater,

387 2917 484 2987 qui
523 2918 829 2980 allirmavit,
873 2919 1266 2974 detractionem
1300 2919 1538 2989 peiorem
1577 2933 1700 2973 esse
1742 2916 1975 2971 fornica-

385 3009 560 3065 tione.
603 3008 666 3063 Et
698 3010 812 3066 dixi
852 3028 867 3066 :
907 3009 1089 3066 Durus
1131 3020 1215 3065 est
1264 3011 1356 3064 hic
1409 3025 1610 3066 sermo.
1666 3008 1760 3064 Ille
1809 3011 1974 3080 igitur

391 3103 523 3156 mihi
552 3121 565 3157 :
599 3103 665 3156 Et
700 3119 808 3174 quo
850 3105 1010 3159 modo
1038 3105 1123 3160 vis
1152 3121 1273 3160 esse
1308 3106 1450 3159 hanc
1486 3103 1642 3159 rem?
1685 3104 1833 3173 Ego:
1873 3105 1972 3158 De-

389 3198 590 3252 tractio
621 3197 843 3268 quidem
882 3199 1022 3251 mala
1065 3206 1170 3260 est,
1215 3197 1310 3254 sed
1344 3197 1578 3252 celerem
1625 3196 1785 3251 habet
1809 3213 1970 3250 cura-

387 3289 631 3355 tionem;
679 3305 823 3360 saepe
863 3291 1012 3344 enim
1062 3289 1340 3344 detractor
1389 3289 1708 3359 pcenitentia
1769 3287 1970 3342 ductus

388 3381 603 3435 veniam
641 3382 797 3452 petit,
828 3381 1090 3436 dicendo:
1122 3381 1257 3437 Male
1282 3382 1502 3436 locutus
1521 3397 1672 3438 sum.
1703 3383 1772 3435 At
1800 3379 1972 3435 forni-

386 3476 559 3540 eatio,
594 3476 919 3530 naturaliter
945 3491 1094 3530 mors
1115 3483 1220 3531 est.

463 3565 516 3619 9.
565 3567 698 3635 (40)
741 3564 992 3620 Perrexit
1063 3565 1358 3634 aliquando
1427 3566 1598 3620 abbas
1661 3563 1867 3618 Matoes
1936 3577 1971 3615 a

389 3657 628 3712 Rbaitlm
659 3659 723 3712 ad
749 3667 932 3729 partes
958 3657 1363 3728 Magdulorum;
1395 3665 1515 3713 erat
1545 3664 1727 3711 autem
1755 3671 1880 3710 cum
1904 3671 1972 3710 eo

393 3752 562 3806 frater
589 3753 730 3822 ejus.
769 3751 832 3804 Et
867 3753 1156 3822 episcopus
1179 3767 1363 3806 senem
1389 3751 1816 3822 apprehensum,
1852 3764 1973 3819 pre-

388 3845 667 3916 sbyterum
707 3844 851 3900 fecit.
886 3846 1136 3914 Cumque
1172 3847 1334 3900 simul
1364 3851 1570 3907 essent,
1602 3843 1741 3898 dixit
1769 3845 1975 3913 episco-

387 3953 530 4008 pus:
569 3937 798 4009 Ignosce
844 3939 1017 4001 milii,
1062 3938 1234 4003 abba;
1284 3939 1400 3995 scio
1456 3950 1508 3993 te
1542 3938 1789 3994 noluisse
1809 3938 1971 3993 lianc

389 4045 551 4095 rem;
601 4047 787 4085 verum
834 4039 893 4084 ut
933 4047 960 4085 a
997 4041 1048 4086 te
1096 4030 1483 4095 benedicerer,
1531 4031 1585 4084 id
1630 4046 1800 4086 ausus
1847 4046 1968 4087 sum

392 4123 593 4177 facere.
630 4123 809 4178 Senex
840 4139 972 4177 vero
1018 4124 1301 4193 respondit
1349 4123 1396 4178 ei
1443 4135 1566 4177 cum
1611 4123 1966 4178 humilitate:

390 4213 570 4268 Etiam
609 4211 829 4270 animus
866 4231 1022 4269 meus
1056 4231 1247 4286 parum
1275 4215 1523 4278 volebat;
1557 4225 1815 4270 caeterum
1843 4230 1972 4286 pro-

391 4318 574 4375 pterea
608 4306 848 4375 graviter
883 4305 1020 4369 fero,
1052 4307 1197 4376 quod
1231 4307 1573 4376 separandus
1603 4307 1704 4362 sim
1740 4322 1769 4360 a
1801 4307 1973 4362 fratre

392 4397 486 4468 qui
534 4412 748 4451 mecum
787 4404 889 4452 est.
930 4396 1049 4451 Non
1091 4398 1236 4452 enim
1285 4398 1391 4452 hoc
1435 4406 1656 4468 portare
1708 4413 1968 4467 possum,

391 4498 452 4544 ut
483 4504 679 4559 preces
714 4489 1005 4544 universas
1041 4488 1234 4543 faciam
1291 4489 1460 4544 solus.
1514 4492 1604 4543 Ait
1635 4492 1964 4560 episcopus:

2076 1904 2225 1970 ζεταί
2256 1922 2315 1958 σε
2355 1908 2383 1958 6
2421 1907 2600 1969 (166:1;
2639 1906 2897 1978 Ματώης.
2938 1909 3048 1960 Kal.
3088 1907 3234 1975 λέγει
3270 1925 3359 1978 μοι
3382 1909 3410 1960 6
3433 1908 3644 1979 γέρωνο

2088 1998 2241 2052 Ἰδοὺ
2270 1999 2301 2050 ὁ
2333 1997 2507 2062 άϐϐἄς
2539 1999 2798 2068 Ματώης,
2829 1997 3066 2066 ἀληθῶς
3095 1998 3482 2066 Ἰσραηλίτης,
3502 1999 3574 2051 ἐν

2073 2090 2254 2157 δόλος
2281 2093 2392 2145 οὐκ
2424 2091 2579 2144 ἐστι.
2627 2091 2738 2144 Kal
2773 2089 3149 2160 πληρωθέντος
3196 2087 3460 2151 ἐνιαυτοῦ,
3487 2089 3650 2142 πάλιν

2076 2184 2383 2256 παρέϐαλον
2432 2183 2511 2254 τῷ
2557 2183 2708 2255 ἀϐϐᾷ
2746 2184 2970 2254 Ματὸῃο
3028 2183 3121 2236 καὶ
3164 2178 3314 2235 εἶπον
3369 2182 3520 2252 αὑτῷ
3557 2183 3650 2235 τὸν

2075 2275 2364 2347 ἀσπασμὸν
2395 2275 2487 2329 τοῦ
2516 2274 2662 2328 ἀϐϐᾶ
2693 2275 2960 2328 Ἰωάννου.
2999 2275 3110 2328 Kal
3165 2273 3312 2340 λέγει
3357 2274 3386 2325 6
3437 2273 3646 2344 γέρων*

2075 2369 2188 2422 Οὐκ
2233 2369 2349 2440 εἰμὶ
2398 2367 2496 2439 μὲν
2552 2368 2700 2433 ἄξιος
2739 2367 2835 2420 τοῦ
2867 2367 3022 2436 λόγου
3064 2365 3158 2421 τοῦ
3193 2367 3478 2438 γέροντος·
3509 2365 3649 2435 πλὴν

2075 2461 2230 2515 τοῦτο
2272 2461 2527 2530 γίνωσκε,
2558 2461 2638 2513 ὅτι
2666 2461 2793 2514 ὅταν
2822 2459 3059 2533 ἀκούσῃς
3088 2462 3341 2531 γέροντος
3385 2459 3480 2524 τὸν
3515 2459 3648 2528 πλη-

2076 2556 2188 2608 σίον
2247 2554 2558 2619 δοξάζοντος
2599 2555 2740 2626 ὑπὲρ
2797 2553 3010 2619 ἑαυτὸν,
3069 2554 3149 2617 εἰς
3197 2553 3368 2624 μέτρα
3439 2552 3652 2623 μεγάλα

2075 2648 2326 2717 ἔφθασεν.
2355 2646 2503 2717 Αὕτη
2534 2647 2642 2716 γάρ
2675 2649 2819 2700 ἐστιν
2845 2649 2878 2716 ἡ
2904 2645 3196 2717 τελειότης,
3227 2645 3367 2699 ὥστε
3390 2645 3480 2698 τὸν
3517 2645 3654 2715 πλη-

2075 2740 2189 2793 σίον
2211 2737 2405 2792 ἑαυτοῦ
2433 2737 2677 2805 δοξάζειν
2703 2738 2843 2809 ὑπὲρ
2874 2738 3086 2792 ἑαυτόν.
3112 2799 3121 2809 _

2142 2835 2214 2899 η’.
2249 2829 2476 2898 Ἔλεγεν
2496 2831 2524 2882 6
2557 2828 2731 2892 ἀϐϐᾶς
2756 2827 2997 2899 Ματώης
3038 2830 3141 2891 ὅτι,
3173 2823 3377 2881 Ἦλθεν
3421 2826 3650 2896 ἀδελφὸς

2080 2919 2218 2992 πρὸς
2251 2919 2338 2991 μὲ,
2367 2920 2462 2973 καὶ
2494 2915 2619 2972 εἶπέ
2655 2936 2768 2990 μοι,
2803 2919 2884 2971 ὅτι
2908 2920 2945 2989 ἡ
2988 2916 3286 2970 καταλαλιὰ
3324 2916 3503 2987 χεῖρόν
3534 2917 3650 2967 ἐστι

2073 3013 2171 3083 τῆς
2221 3013 2497 3084 πορνείας.
2546 3012 2656 3065 Kal.
2702 3006 2892 3064 εἶπονο
2949 3009 3192 3081 Σκληρός
3239 3011 3387 3062 ἐστιν
3414 3007 3645 3074 ὀλὸγος.

2075 3105 2237 3174 Λέγει
2268 3100 2360 3159 οὖν
2389 3121 2509 3175 μοι·
2540 3103 2651 3158 Καὶ
2673 3103 2791 3166 πῶς
2811 3103 2987 3166 θέλεις
3013 3099 3152 3157 εἶναι
3188 3102 3248 3154 τὸ
3269 3103 3497 3170 πρᾶγμα
3523 3098 3648 3152 τοῦ-

2074 3214 2162 3262 το;
2206 3197 2348 3267 Ἐγὼ
2393 3196 2450 3249 δὲ
2486 3196 2657 3268 ἔφην’
2700 3195 2763 3249 Ἦ
2797 3196 2897 3266 μὲν
2932 3193 3249 3264 ξκαταλαλιὰ
3291 3193 3433 3263 κακή
3468 3195 3646 3244 ἐστιν’

2069 3291 2291 3359 ταχεῖαν
2320 3287 2376 3340 δὲ
2407 3287 2518 3359 ἔχει
2543 3286 2874 3359 θεραπείαν·
2925 3289 3174 3357 μετανοεί
3203 3285 3308 3356 γὰρ
3336 3283 3596 3344 πολλάκις
3622 3283 3652 3331 δ

2071 3357 2475 3452 καταλαλήσας,
2524 3357 2728 3448 λέγων·
2759 3379 2962 3442 Κακῶς
3013 3379 3268 3448 ἐλάλησα.
3325 3377 3390 3429 Ἠ
3431 3376 3488 3429 δὲ
3520 3392 3652 3446 πορ-

2070 3471 2208 3534 νεία,
2244 3473 2470 3542 φυσικὸς
2487 3472 2532 3505 ⁸⁸
2569 3471 2794 3535 θάνατός
2823 3472 2990 3524 ἐστιν.

2144 3563 2209 3617 θ’.
2257 3564 2496 3636 Ἀπῆλοέ
2533 3582 2664 3618 ποτε
2708 3568 2737 3618 ὁ
2772 3564 2946 3629 ἁϐϐἄς
2975 3564 3213 3635 Ματὼης
3235 3565 3343 3618 ἀπὸ
3367 3563 3465 3635 τῆς
3503 3564 3650 3615 Ῥαι-

2073 3658 2188 3723 θοῦ,
2222 3662 2301 3722 εἰς
2342 3659 2412 3714 τὰ
2467 3661 2608 3733 μέρη
2665 3659 2964 3729 Μαγδολῶν
2995 3661 3041 3692 ⁸ο
3076 3659 3228 3731 (41)·
3265 3655 3332 3730 ἦν
3361 3659 3416 3711 δὲ
3440 3661 3469 3711 ὁ
3498 3656 3649 3710 ἀδελσ

2073 3752 2171 3822 φὺς
2202 3753 2378 3818 αὐτοῦ,
2400 3755 2517 3824 μετ’
2544 3754 2728 3808 αὐτοῦ.
2760 3753 2870 3806 Καὶ
2899 3755 3177 3824 κρατήσας
3198 3754 3225 3805 ὁ
3243 3751 3540 3814 ἐπίσκοπος
3561 3750 3648 3801 τὸν

2071 3844 2326 3915 γέροντα,
2369 3845 2622 3915 ἐποίησεν
2673 3843 2835 3897 αὑτὸν
2873 3842 3260 3916 πρεσϐύτερον.
3287 3843 3396 3894 Kal.
3432 3839 3650 3908 γενομέ-

2072 3955 2177 3991 νων
2191 3938 2236 3968 ⁹⁰
2263 3936 2441 3990 αὐτῶν
2476 3938 2635 4007 ὁμοῦ,
2670 3937 2854 4006 ἔλεγεν
2891 3939 2919 3989 6
2963 3936 3291 3998 ἐπίσκοπος⁹
3349 3930 3645 4003 Συγχὼρη-

2075 4030 2166 4082 σόν
2203 4047 2317 4102 μοι,
2357 4029 2500 4084 acea
2520 4047 2534 4061 ·
2564 4026 2683 4084 οἶδα
2721 4031 2804 4084 ὅτι
2833 4030 2933 4083 οὐκ
2958 4029 3148 4100 ἠθελες
3177 4027 3236 4080 τὸ
3261 4028 3490 4098 πρᾶγμα
3531 4024 3649 4077 τοῦ-

2071 4139 2165 4175 τοο
2203 4121 2341 4176 ἀλλὰ
2379 4122 2470 4175 διὰ
2507 4122 2568 4175 τὸ
2597 4121 2957 4193 εὐλοῃθῆναί
2991 4138 3056 4190 με
3087 4119 3238 4191 παρὰ
3268 4117 3385 4182 σοῦ,
3416 4116 3647 4188 ὲτόλμηυ

2075 4229 2144 4266 σα
2175 4213 2334 4267 τοῦτο
2373 4213 2617 4284 ποιῆσαι.
2651 4209 2788 4267 Εἷπε
2818 4213 2875 4266 δὲ
2905 4212 3054 4282 αὐτῷ
3082 4214 3110 4265 ὁ
3147 4212 3324 4280 γέρων
3368 4209 3507 4280 μετὰ
3555 4227 3649 4262 τα-

2075 4303 2421 4368 πεινώσεως·
2478 4305 2589 4358 Kal
2636 4305 2664 4356 6
2719 4304 2979 4374 λογισμός
3026 4321 3128 4373 μου
3184 4300 3377 4373 μικρὸν
3421 4299 3644 4371 ἢθελεν·

2077 4395 2216 4466 πλὴν
2269 4398 2350 4460 είς
2393 4396 2550 4450 τοῦτο
2592 4395 2703 4464 ἐγὼ
2738 4394 2917 4449 κοπιῶ
2937 4395 3003 4457 ’⁸,
3039 4395 3120 4448 ὅτι
3156 4391 3491 4465 χωρισθῆναι
3543 4391 3647 4460 ἔχω

2075 4486 2182 4539 ἀπὸ
2227 4485 2320 4540 τοῦ
2372 4487 2602 4555 ἀδελφοῦ
2638 4487 2733 4540 τοῦ
2788 4486 3084 4557 μετ’ὲμοῦ.
3130 4485 3204 4538 Οὐ
3253 4483 3504 4553 βαστάζω
3542 4483 3647 4552 γὰρ

393 4580 450 4633 Si
481 4579 624 4635 nosti
661 4579 884 4650 dignum
925 4595 1068 4645 esse,
1107 4595 1206 4650 ego
1252 4583 1429 4650 ipsum
1461 4580 1750 4636 ordinabo.
1782 4580 1967 4636 Abbas

2080 4579 2199 4640 ὅλας
2247 4579 2346 4642 τὰς
2391 4578 2554 4648 εὐχὰς
2593 4578 2881 4648 ποιῆσαι²³²
2926 4576 3100 4646 μόνος.
3155 4572 3259 4627 Kal.
3299 4575 3447 4641 λέγει
3479 4575 3508 4626 6
3539 4573 3652 4624 ἐπί-

388 4671 598 4728 Matoes
625 4673 840 4742 excepit
873 4691 885 4727 :
915 4672 1106 4728 Utrum
1134 4673 1352 4742 quidem
1385 4674 1584 4743 dignus
1616 4674 1706 4738 sit,
1742 4675 1964 4740 nescio;

392 4779 560 4818 unum
599 4779 729 4819 vero
765 4764 907 4828 scio,
944 4763 1090 4834 quod
1135 4780 1219 4818 me
1248 4765 1319 4819 sit
1352 4766 1564 4820 melior.
1601 4765 1788 4836 Itaque
1823 4767 1968 4821 hunc

390 4856 596 4924 pariter
639 4853 930 4909 ordinavit.
971 4857 1145 4926 Atque
1187 4856 1345 4910 ambo
1383 4858 1584 4910 mortui
1634 4869 1800 4921 sunt,
1844 4875 1966 4913 Cllm

387 4960 670 5015 nunquam
695 4945 853 4998 altari
884 4947 1416 5016 appropinquassent
1438 4948 1502 4999 ad
1531 4947 1966 5002 consecrandam

2077 4687 2307 4734 σκοποςο
2349 4671 2411 4722 Εἰ
2431 4668 2577 4732 οἶδας
2604 4672 2686 4723 ὅτι
2717 4668 2862 4732 ἄξιός
2891 4669 3058 4731 ἐστιν,
3093 4665 3203 4732 ἐγὼ
3224 4666 3384 4718 αὑτὸν
3411 4680 3650 4735 χειροτο-

2075 4765 2171 4818 νῶ.
2206 4764 2368 4832 Λέγει
2419 4762 2566 4834 αὐτῷ
2612 4763 2640 4814 6
2695 4761 2870 4824 ἁϐϐἄς
2919 4759 3190 4830 Ματώης’
3248 4760 3306 4811 Εἰ
3357 4758 3454 4829 μὲν
3503 4756 3651 4820 ἄξιός

2072 4861 2243 4921 ἐστιν,
2267 4858 2366 4910 οὐκ
2399 4851 2516 4908 οἶδα
2537 4873 2549 4886 ·
2584 4854 2642 4908 ἓν
2669 4855 2728 4907 δὲ
2758 4850 2898 4916 οἶδα,
2927 4854 3009 4906 ὅτι
3053 4851 3187 4923 ἐμοῦ
3220 4851 3452 4905 καλλίων
3481 4851 3649 4904 ἐστίν.

2087 4948 2497 5020 Ἐχειροτόνησε
2552 4946 2611 4999 δὲ
2646 4945 2741 4999 καὶ
2789 4945 2972 4998 αὐτόν.
3024 4946 3134 4998 Kal
3187 4942 3561 5013 ἐκοιμήθησαν
3604 4942 3652 4992 οἱ

560 5098 717 5179 Jg_a_n_.
748 5117 787 5164 l,
819 5101 909 5157 47.
938 5102 1240 5179 A_"’_l_lbest.
1289 5104 1357 5179 ob
1386 5103 1455 5158 ab
1477 5103 1549 5179 al_.
1624 5103 1774 5179 {"Al.
1807 5120 1969 5174 φυσικ

2151 5105 2200 5137 ⁸⁸
2216 5104 2300 5157 Al.
2338 5103 2597 5158 Γαϐάλων
2627 5100 3046 5179 θιλΒαϐυλῶνος.
3087 5101 3133 5131 νο
3155 5099 3240 5152 AI.
3276 5099 3650 5167 γευσαμένων.

387 5170 436 5202 *⁸
467 5169 554 5225 ΑΙ.
589 5169 864 5242 θλίϐομαι.
937 5173 982 5204 ’⁸
1010 5172 1198 5229 Abest.
1237 5175 1461 5246 ποιῆσαι
1493 5173 1563 5228 ab
1601 5175 1672 5228 al.

459 5283 577 5354 (39)
621 5283 723 5343 γει.
750 5285 904 5341 Patr.
933 5303 987 5350 v,
1011 5286 1066 5341 7.

466 5356 580 5424 (te)
620 5355 727 5412 va.
757 5355 908 5412 Patr.
945 5373 1033 5419 xv,
1060 5357 1150 5410 ετ.

459 5425 608 5501 (ιι).
625 5426 758 5501 ags.)
789 5427 899 5501 τῆς
934 5427 1290 5501 Palmam
1326 5430 1568 5501 τὰμέρη
1604 5429 1962 5501 Μαγδολῶν.

389 5492 528 5549 Coll.
562 5492 811 5551 'Colbert.
852 5492 1133 5553 Γαϐάλων.
1177 5492 1338 5554 Iusta
1397 5492 1650 5555 Rufinum
1690 5492 1801 5556 z'de
1851 5503 1963 5556 loco

429 5565 482 5618 ui
515 5575 790 5639 revocatur
823 5567 1128 5639 Bagilham.
1161 5573 1213 5624 in
1238 5571 1476 5639 partibus
1524 5571 1826 5626 Gebalonis.
1885 5573 1961 5626 Ex

441 5638 680 5711 αἰδεῖο-τ
721 5643 783 5711 de
820 5638 1032 5711 Παρίην
1083 5643 1136 5695 in
1165 5642 1404 5711 partibus
1461 5640 1713 5696 Gebalon.
1771 5641 1965 5697 Versio

390 5706 880 5783 autetti_Paschasii
943 5712 1006 5783 de
1030 5713 1144 5767 loco
1165 5706 1266 5775 'qui
1285 5726 1498 5765 vocatur
1534 5712 1816 5783 Ragita,t’n
1841 5730 1968 5781 par-

384 5775 538 5851 tibus
567 5777 856 5838 Gebilonir.
910 5782 1102 5856 Magna
1132 5785 1434 5840 varietate:
1472 5799 1581 5839 non
1617 5775 1856 5855 'quideni
1897 5783 1966 5841 de

2078 5289 2316 5343 Rhaithu
2355 5305 2366 5340 :
2411 5291 2612 5358 quippe
2645 5285 3015 5358 qumintelligi
3052 5285 3262 5358 possit,_
3287 5293 3503 5358 ortaex
3529 5297 3655 5351 pro—

2077 5355 2717 5430 nuntiationeigut’turali
2750 5357 3108 5430 Orientalium
3131 5373 3153 5430 ;Δ
3173 5356 3337 5430 setl_in
3358 5355 3476 5430 alia
3497 5368 3649 5430 voce.

2073 5431 2400 5486 Conciliatio
2429 5424 2614 5485 forsan
2650 5429 2878 5497 petenda
2919 5437 3002 5482 est
3037 5443 3103 5482 ex
3142 5427 3228 5480 his
3262 5424 3478 5497 Eusebii
3515 5425 3654 5497 libro

2074 5502 2151 5555 De
2172 5501 2301 5554 locis
2341 5498 2616 5553 Hebraicis
2647 5493 2664 5552 Ξ
2698 5498 3005 5569 Μαγεδιήλῇ
3037 5501 3130 5550 καὶ
3156 5496 3293 5567 αὕτη
3326 5494 3434 5569 τῶν
3457 5493 3653 5564 ἠγεμὸ-

2072 5589 2178 5625 νων
2217 5570 2394 5642 Ἐδῲμ
2431 5573 2488 5623 ὲν
2511 5573 2573 5642 τῇ
2604 5565 2911 5642 Γαϐγαληνῇ.
2932 5565 3061 5622 ἠοω
3088 5579 3174 5642 est
3201 5565 3503 5642 secundum
3526 5580 3653 5642 ver-

2073 5643 2285 5696 sionem
2318 5633 2660 5710 Hieronimi,
2699 5633 2935 5711 Μαάάῖει
2964 5651 3050 5694 ret
3070 5640 3186 5711 iure
3209 5639 3263 5690 in
3294 5638 3502 5707 regione
3533 5633 3652 5691 Ga-

2073 5712 2283 5780 balena,
2316 5709 2563 5781 possessa
2589 5713 2715 5766 olim
2749 5732 2777 5767 α
2798 5709 3026 5766 ducibus
3061 5709 3248 5764 Edam.
