3874 6312
368 355 478 410 295

1508 355 1854 411 APPENDIX
1895 358 1987 412 AD
2023 356 2446 414 PALLADIUM.

3509 357 3621 411 295

369 468 458 522 die
489 467 831 534 accedentes,
879 473 1213 526 accusabant
1245 486 1392 525 eum.
1447 473 1516 522 At
1548 488 1712 526 senex
1745 489 1955 528 assum-

2066 473 2350 526 ἐνεκάλουν
2391 471 2553 524 αὐτόν
2571 471 2635 523 ’⁸.
2670 469 2866 523 Λαϐὼν
2891 469 2947 522 δὲ
2983 468 3179 533 αὐτοὺς
3207 468 3418 540 ἐξῆλθε,
3456 470 3551 523 καὶ
3578 471 3632 524 ἔ-

370 559 482 628 ptis
506 558 573 613 iis
605 573 861 628 egressus
887 569 1002 627 est;
1034 577 1097 616 ac
1122 577 1217 630 per
1247 561 1489 630 singulas
1513 563 1678 616 cellas
1705 563 1946 632 pulsans,

367 652 585 707 dicebat
612 669 625 705 :
657 651 846 707 Frater
878 653 988 717 ille,
1021 655 1166 719 veni,
1199 661 1252 708 te
1286 655 1417 708 mihi
1446 671 1583 724 opus
1611 664 1714 709 est.
1749 653 1858 708 Nec
1885 671 1948 709 ex

369 744 440 800 iis
479 744 623 798 ullus
657 745 804 798 illico
847 745 1071 814 prodiit,
1126 752 1418 801 secuturus
1466 761 1611 799 eum.
1671 743 1771 799 Ubi
1822 761 1952 800 vero

370 838 590 908 pertigit
623 835 688 889 ad
733 836 922 891 cellam
965 835 1152 904 Marci,
1197 836 1455 906 foresque
1499 835 1665 899 feriit,
1703 852 1948 891 vocans:

369 931 582 996 Marce;
613 930 724 996 ille,
768 928 956 982 audita
989 930 1135 984 senis
1168 944 1322 993 voce,
1366 930 1548 983 statim
1579 937 1731 984 extra
1780 931 1956 998 prosi-

371 1022 468 1075 liit.
509 1019 798 1093 Senexque
830 1021 982 1075 misit
1006 1037 1129 1076 eum
1157 1021 1224 1075 ad
1260 1022 1650 1076 ministerium.
1685 1022 1762 1074 Ad
1793 1038 1954 1078 senes

366 1123 546 1166 autem
577 1112 682 1165 ait:
711 1112 921 1176 Patres,
954 1113 1045 1166 ubi
1083 1121 1210 1167 sunt
1243 1113 1440 1166 fratres
1473 1113 1710 1181 reliqui?
1752 1113 1954 1166 Deinde

367 1205 644 1274 ingressus
677 1205 735 1258 in
773 1205 965 1258 cellam
1004 1205 1145 1274 ejus,
1197 1209 1558 1260 contrectavit
1611 1205 1784 1275 ipsius
1817 1221 1955 1274 qua-

365 1296 704 1362 ternionem;
758 1296 1072 1367 invenitque
1121 1298 1266 1366 quod
1318 1313 1538 1351 manum
1591 1298 1835 1352 misisset
1885 1299 1951 1350 ad

365 1387 696 1442 exarandam
734 1388 970 1444 litteram
1001 1408 1065 1453 ω,
1093 1391 1186 1444 sed
1221 1389 1450 1445 audiens
1479 1405 1666 1444 senem
1697 1405 1806 1443 non
1831 1405 1952 1444 ver-

365 1478 526 1555 tisset
555 1479 824 1533 calamum
865 1487 924 1532 ut
968 1481 1267 1549 compleret
1306 1497 1446 1533 eam.
1483 1478 1641 1534 Tunc
1674 1496 1834 1536 senes
1879 1480 1953 1532 ita

367 1569 537 1625 locuti
569 1579 738 1625 sunt:
769 1569 976 1624 Revera
1014 1588 1174 1640 quem
1215 1579 1273 1625 tu
1314 1572 1514 1640 diligis,
1553 1572 1714 1638 abba,
1759 1581 1809 1626 et
1853 1585 1954 1626 nos

366 1662 669 1732 diligimus,
709 1662 960 1734 Deusque
999 1664 1176 1733 diligit
1207 1679 1353 1717 eum.

437 1752 491 1807 2.
534 1751 608 1808 De
666 1753 859 1808 abbate
921 1752 1142 1808 Silvano
1200 1755 1738 1822 commemorabam,
1801 1754 1948 1825 quod

2054 581 2253 634 κρουσε
2272 562 2414 617 κατὰ
2441 563 2672 626 κελλίον,
2705 561 2877 629 λέγων
2899 577 2912 591 ⁸
2955 559 3184 613 Ὀιδεῖνα
3209 560 3429 630 ἀδελφέ.
3453 561 3632 634 δεῦρο,

2053 658 2134 710 ὃτι
2176 656 2362 727 χρῄζω
2416 673 2532 709 σου.
2565 655 2674 706 Kal
2703 649 2782 717 εἷς
2815 651 2876 717 ἐξ
2906 652 3107 716 αὐτῶν,
3139 652 3237 705 οὐκ
3269 652 3632 723 ἠκολούθησεν

2053 748 2200 819 αὐτῷ
2241 747 2421 812 εὐθύς.
2457 747 2566 800 Kal
2595 745 2765 799 ἐλθὼν
2802 747 2895 798 ἐπὶ
2929 745 3026 816 τὴν
3070 745 3267 799 κέλλαν
3298 747 3556 817 Μάρκου,
3584 746 3633 798 ἓν

2055 858 2274 912 κρουσε,
2303 839 2474 908 λέγων
2492 855 2505 868 ο
2530 839 2747 909 Μάρκε.
2789 839 2847 891 '0
2869 837 2925 890 δὲ
2953 837 3189 902 ἀκούσας
3215 839 3308 908 τῆς
3335 839 3521 908 φωνῆς
3540 839 3633 889 τοῦ

2054 934 2332 1005 γέροντος,
2364 931 2522 994 εὐθὺς
2571 931 2841 1000 ἐπήδησεν
2873 929 3006 994 ἔξω·
3039 931 3133 982 xal
3189 929 3434 999 ἔπεμψεν
3470 929 3632 982 αὑτὸν

2055 1027 2136 1088 είς
2169 1024 2462 1078 διακονίαν.
2498 1023 2608 1076 Kal
2640 1022 2790 1091 λέγει
2830 1025 2942 1087 τοῖς
2996 1021 3248 1092 γέρουσι·
3275 1021 3384 1073 Ποῦ
3416 1021 3557 1074 εἰσὶν
3586 1023 3632 1073 οἱ

2060 1113 2238 1168 λοιποὶ
2283 1113 2526 1181 ἀδελφοὶ,
2555 1113 2824 1184 Πατέρες;
2854 1113 2962 1166 Kal
3003 1111 3259 1166 εἰσελθὼν
3287 1113 3366 1174 εἰς
3394 1112 3492 1182 τὴν
3512 1111 3636 1164 κέλ-

2054 1206 2151 1259 λαν
2181 1206 2370 1268 αὑτοῦ,
2401 1205 2716 1276 ἐψηλάφησε
2738 1206 2799 1257 τὸ
2836 1204 3116 1275 τετράδιον
3138 1201 3332 1255 αὐτοῦ’
3361 1204 3458 1255 καὶ
3480 1195 3635 1273 εὗρεν

2054 1299 2136 1352 ὅτι
2159 1317 2204 1351 ω
2244 1298 2406 1350 ἔϐαλε
2447 1301 2605 1370 χεῖρα
2633 1299 2804 1351 ποιεῖν
2822 1299 2866 1330 ⁸⁸
2889 1315 2903 1326 ·
2937 1297 3027 1350 καὶ
3049 1295 3288 1359 ἀκούσας
3319 1295 3414 1348 τοῦ
3442 1297 3634 1366 γέρον-

2053 1409 2162 1454 τος,
2193 1393 2294 1444 οὐκ
2339 1391 2568 1462 ἔστρεψε
2632 1391 2715 1442 τὸν
2768 1391 3013 1460 κάλαμον
3040 1389 3327 1461 πληρῶσαι
3362 1389 3518 1442 αὑτό.
3546 1390 3636 1441 Δέξ

2053 1496 2238 1546 γουσιν
2271 1475 2363 1532 οὖν
2396 1481 2444 1532 οἱ
2474 1481 2754 1551 γέροντεςο
2788 1481 2994 1543 Ὄντως
3018 1478 3078 1532 ὃν
3113 1481 3176 1532 σὺ
3199 1481 3447 1549 ἀγαπᾷς,
3469 1478 3634 1541 ἀὸϐᾶ,

2054 1573 2150 1626 καὶ
2195 1575 2358 1643 ἡμεῖς
2395 1573 2618 1627 αὑτὸν⁹⁶
2669 1571 3000 1641 ἀγαπῶμεν.
3038 1572 3131 1624 καὶ
3147 1572 3192 1611 ⁸⁷
3227 1573 3255 1624 6
3285 1570 3418 1633 Θεὸς
3473 1570 3638 1622 αὑτὸν

2053 1664 2264 1736 ἀγαπᾷ.

2127 1755 2192 1827 β’.
2246 1757 2471 1824 Ἔλεγον
2519 1755 2645 1827 περὶ
2694 1755 2787 1808 τοῦ
2836 1754 2980 1808 ὰϐϐᾶ
3023 1753 3340 1816 Σιλουανοῦ,
3383 1754 3467 1806 ὅτι
3508 1752 3637 1805 ποτὲ

367 1844 664 1914 aliquando
699 1844 754 1899 in
789 1843 932 1900 Secti
966 1845 1252 1900 ambulans
1285 1861 1408 1899 cum
1441 1847 1687 1913 senibus,
1730 1848 1948 1902 volens-

2066 1848 2369 1921 περιπατῶν
2410 1850 2467 1900 ὲν
2517 1851 2582 1919 τῇ
2616 1849 2812 1918 Σκήτει
2848 1847 2987 1916 μετὰ
3035 1846 3140 1899 τῶν
3184 1847 3486 1916 γερόντων,
3539 1847 3636 1900 καὶ

365 1950 473 2006 que
505 1937 570 1990 iis
594 1936 848 2006 discipuli
897 1937 982 1991 sui
1026 1935 1190 1989 Marci
1229 1936 1592 1992 obedientiam
1630 1940 1943 2001 ostendere,

365 2043 432 2084 ac
493 2028 868 2100 propterquid
939 2029 1191 2099 diligeret
1239 2046 1387 2091 eum,
1434 2037 1729 2100 conspecto
1784 2046 1950 2101 parvo

366 2136 522 2191 apro,
561 2122 696 2174 dixit
741 2121 790 2176 ei
822 2136 836 2174 :
874 2120 1108 2186 Cernis,
1145 2122 1239 2186 ﬁli,
1295 2138 1524 2192 parvum
1579 2123 1732 2176 illum
1780 2123 1951 2176 buba-

367 2213 517 2266 lum?
558 2211 908 2282 Respondit:
966 2212 1162 2272 Etiam.
1218 2214 1376 2268 abba.
1437 2212 1502 2268 Et
1567 2228 1773 2282 cornua
1829 2214 1950 2284 ejus

365 2320 528 2374 quam
575 2304 843 2374 elegantia
879 2305 1044 2360 sunt?
1081 2305 1212 2360 Ait:
1261 2304 1378 2368 Νεε,
1412 2305 1571 2359 abba.
1627 2306 1798 2360 Senes
1821 2321 1951 2374 ergo

366 2396 619 2450 dentirati
653 2405 780 2451 sunt
812 2411 1138 2467 responsum
1167 2398 1308 2466 ejus.
1337 2407 1392 2452 et
1419 2397 1672 2453 aediﬁcati
1705 2406 1835 2454 sunt
1866 2399 1950 2452 ἰη-

366 2488 668 2558 structique
699 2490 768 2542 ob
803 2498 1007 2542 tantam
1041 2489 1430 2544 obedientiam.

435 2578 487 2632 5.
533 2578 644 2647 (45)
685 2577 844 2634 Venit
894 2581 1192 2650 aliquando
1227 2597 1351 2634 cum
1405 2597 1606 2652 magno
1655 2583 1954 2638 comitatus

366 2682 660 2740 apparatu,
687 2681 860 2726 mater
883 2673 1097 2728 abbatis
1139 2672 1329 2737 Marci,
1368 2682 1425 2727 ut
1456 2675 1662 2729 videret
1693 2690 1814 2728 eum
1842 2693 1855 2728 :
1885 2675 1955 2728 ad

369 2779 538 2833 quam
573 2779 699 2818 cum
732 2765 958 2818 exiisset
987 2781 1174 2828 senex,
1212 2766 1302 2819 illa
1331 2766 1468 2819 dixit
1498 2785 1509 2820 :
1538 2765 1710 2833 Abba,
1743 2765 1874 2834 jube
1897 2774 1955 2820 ut

369 2858 518 2912 tilias
570 2873 725 2913 meus
777 2858 1108 2928 egrediatur,
1146 2875 1254 2928 quo
1289 2860 1496 2914 videam
1550 2876 1695 2914 eum.
1739 2859 1955 2916 lntrans

369 2956 556 3003 autem
609 2965 798 3012 senex,
835 2952 909 3003 ait
960 2950 1177 3004 Marco:
1229 2949 1414 3017 Prodi,
1462 2959 1519 3006 ut
1551 2960 1604 3007 te
1651 2954 1956 3024 conspiciat

370 3053 545 3098 mater
576 3050 692 3097 tua.
725 3043 984 3099 Gestabat
1013 3054 1195 3098 autem
1249 3054 1452 3100 vestem
1499 3061 1530 3101 e
1562 3045 1730 3100 variis
1785 3045 1952 3116 panni

369 3135 666 3206 segmentis
696 3145 1005 3199 consutam,
1035 3147 1265 3206 eratque
1308 3135 1532 3206 fuligine
1567 3138 1815 3206 coquinze
1838 3138 1958 3190 tin-

2054 1941 2221 1994 Θέλων
2254 1941 2434 2004 αὐτοῖς
2467 1942 2566 2011 τὴν
2601 1941 2847 2011 ὑπακοὴν
2873 1940 2968 1992 τοῦ
3003 1938 3248 2009 μαθητοῦ
3282 1938 3449 1992 αὐτοῦ
3481 1939 3638 2008 Μάρ-

2053 2050 2148 2086 κου
2176 2033 2366 2097 δεῖξαι,
2397 2033 2491 2086 καὶ
2518 2033 2583 2085 δι’
2615 2032 2643 2085 ὃ
2673 2033 2862 2103 ἀγαπᾷ
2901 2032 3088 2094 αὑτὸν,
3125 2031 3407 2101 θεωρήσας
3439 2031 3636 2101 μικρὸν

2054 2127 2310 2198 σύαγρον,
2343 2126 2494 2194 λέγει
2531 2125 2710 2196 αὐτῷ·
2751 2126 2990 2196 Θεωρεῖς
3031 2125 3093 2178 τὸ
3134 2124 3326 2193 μικρὸν
3356 2123 3638 2193 βουϐάλων

2055 2223 2250 2281 ἐκεῖνο,
2311 2220 2540 2282 τέκνον;
2589 2219 2754 2287 Λέγει
2812 2217 2998 2289 αὐτῷ’
3050 2218 3180 2281 Nal,
3210 2216 3375 2270 6.665.
3412 2217 3522 2270 Kal
3570 2216 3639 2268 τὰ

2053 2312 2259 2388 κέρατα
2286 2310 2451 2364 αὑτοῦ
2490 2310 2606 2374 πῶς
2629 2310 2836 2365 πιθανά
2867 2311 3044 2374 εἰσιν;
3079 2309 3246 2377 Λέγει
3267 2325 3279 2337 ·
3311 2309 3440 2370 Nal,
3471 2307 3634 2361 assa.

2054 2407 2163 2459 Kal
2188 2404 2506 2476 ἐθαύμασαν
2537 2406 2586 2458 οἱ
2610 2405 2866 2474 γέροντες
2888 2402 2986 2474 τὴν
3011 2402 3302 2472 ἀπόκρισιν
3331 2399 3519 2462 αὐτοῦ,
3545 2402 3638 2454 καὶ

2056 2496 2481 2569 ᾡκοδομήθησαν
2510 2500 2567 2550 ὲν
2601 2499 2666 2567 τῇ
2694 2497 2906 2567 ὑπακοῇ
2943 2496 3129 2549 αὐτοῦ.

2128 2596 2195 2658 γ’.
2238 2589 2490 2658 Κατῆλθέ
2538 2606 2664 2642 ποτε
2705 2591 2738 2659 ἡ
2793 2591 2981 2659 μήτηρ
3010 2586 3103 2640 τοῦ
3149 2587 3294 2639 ἀ66ἄ
3327 2587 3371 2619 ’⁸
3408 2586 3638 2656 Μάρκου

2059 2683 2188 2736 ἰδεῖν
2218 2682 2411 2736 αὐτόν’
2444 2682 2538 2733 καὶ
2570 2676 2681 2750 εἶχε
2711 2678 2908 2750 πολλ’ὴν
2935 2678 3251 2748 φαντασίαν.
3281 2677 3391 2730 Kal
3420 2676 3639 2747 ἐξῆλθεν

2055 2775 2083 2826 6
2114 2775 2290 2845 γέρων
2349 2773 2476 2844 πρὸς
2511 2773 2701 2842 αὑτήν.
2749 2772 2860 2825 Kal
2896 2768 3048 2823 εἶπεν
3077 2769 3255 2840 αὐτῷ’
3302 2768 3488 2829 ’A66i,
3517 2767 3641 2820 εἰπὲ

2056 2866 2148 2919 τὸν
2177 2867 2292 2919 υίὸν
2317 2868 2360 2900 ’⁸
2391 2882 2492 2935 μου
2524 2864 2780 2932 ἐξελθεῖν.
2816 2864 2903 2916 ἵνα
2942 2863 3035 2916 ῑδω
3069 2864 3248 2917 αὐτόν.
3283 2859 3552 2915 Εἰσελθὼν
3583 2859 3639 2913 δὲ

2059 2959 2088 3010 6
2114 2959 2312 3029 γέρων,
2343 2953 2496 3010 εἶπεν
2543 2955 2723 3026 αὐτῷ·
2757 2954 3002 3018 Ἔξελθε,
3036 2955 3122 3007 ἵνα
3162 2970 3221 3006 σε
3257 2953 3338 3021 ἴδῃ
3380 2955 3413 3023 ὴ
3457 2953 3642 3022 μήτηρ

2062 3067 2176 3103 σου.
2208 3046 2315 3103 Ἦν
2349 3049 2405 3101 δὲ
2456 3048 2636 3119 φορῶν
2686 3048 3063 3119 κεντονάριον,
3119 3046 3214 3098 καὶ
3263 3045 3641 3114 ὴσὸολωμένος

2061 3143 2168 3195 ἀπὸ
2199 3142 2293 3194 τοῦ
2342 3141 2676 3213 μαγειρείου.
2718 3139 2825 3194 Kal
2859 3136 3088 3202 ἐξελθὼν
3121 3136 3208 3190 διὰ
3241 3137 3336 3206 τὴν
3371 3137 3640 3206 ὑπακοὴν,

370 3237 516 3283 ctus.
544 3226 714 3297 Igitur
745 3235 966 3298 propter
990 3226 1353 3283 obedientiam
1377 3229 1586 3292 exiens,
1614 3229 1955 3283 clausitOCu-

2066 3236 2349 3306 ὲκάμμυσε
2383 3235 2509 3297 τοὺς
2547 3233 2857 3304 ὀφθαλμοὺς
2899 3229 3085 3294 αὑτοῦ,
3118 3230 3211 3283 καὶ
3246 3225 3395 3283 εἶπεν
3421 3231 3639 3292 αὐτοῖς·

309 3337 320 3353 ο
371 3321 454 3375 los
480 3360 494 3382 ,
533 3329 585 3374 et
625 3319 761 3373 dixit
795 3338 809 3373 :
853 3317 1046 3376 Salvos
1082 3336 1180 3376 vos
1229 3321 1387 3383 volo,
1443 3323 1622 3376 salvos
1659 3338 1755 3375 vos
1794 3323 1951 3385 volo,

369 3411 552 3466 salvos
590 3425 686 3464 vos
721 3409 873 3474 volo;
912 3425 1013 3464 nec
1043 3409 1179 3464 vidit
1213 3425 1563 3480 quemquam.
1613 3409 1783 3464 Mater
1824 3425 1954 3464 vero

371 3517 480 3556 non
502 3503 721 3572 agnovit
745 3502 943 3570 ipsum.
973 3501 1171 3557 lterum
1195 3519 1324 3571 ergo
1355 3503 1504 3558 misit
1534 3503 1598 3556 ad
1627 3517 1836 3568 senem,
1874 3519 1960 3572 pe-

374 3603 530 3649 tens:
575 3594 746 3657 Abba,
798 3594 952 3649 mitte
983 3594 1116 3647 mihi
1159 3593 1325 3647 lilium
1359 3610 1558 3655 meum,
1588 3602 1646 3648 ut
1676 3610 1799 3648 eum
1833 3610 1961 3664 spe-

368 3696 536 3741 ctem.
585 3685 724 3740 Tum
762 3701 929 3741 senex
978 3686 1044 3740 ad
1083 3685 1370 3758 Marcum:
1422 3685 1615 3740 Nonne
1664 3687 1776 3740 dixi
1821 3686 1959 3740 tibi:

375 3776 666 3850 Egredere,
700 3788 758 3832 ut
791 3787 842 3832 te
870 3778 1104 3849 aspiciat
1138 3789 1310 3835 mater
1336 3778 1469 3832 tua?
1495 3779 1796 3850 Respondit
1822 3778 1963 3832 Mar-

371 3885 513 3925 cus:
553 3870 821 3942 Egressns
857 3886 999 3935 sum,
1032 3870 1186 3939 juxta
1223 3886 1528 3926 sermonem
1583 3879 1758 3936 tuum,
1799 3869 1960 3923 abba.

376 3952 577 4017 Verum
621 3979 754 4032 rogo
784 3971 872 4026 te,
906 3979 972 4017 ne
1005 3966 1200 4018 iterum
1223 3963 1417 4032 jnbeas
1463 3978 1548 4017 me
1595 3963 1767 4026 exire,
1795 3973 1853 4016 ut
1896 3977 1963 4015 ne

378 4055 478 4108 tibi
511 4055 615 4109 sim
647 4055 1038 4124 inobsequens.
1065 4053 1222 4107 Tunc
1250 4069 1510 4125 egressus
1541 4070 1704 4108 senex
1735 4055 1812 4106 ait
1844 4069 1965 4107 mu-

374 4147 495 4202 lieri
522 4164 538 4201 :
562 4146 680 4216 Ipse
706 4154 788 4201 est
811 4146 900 4214 qui
925 4147 1073 4200 venit
1093 4147 1157 4199 ad
1179 4161 1292 4208 vos,
1322 4145 1568 4215 dixitque
1598 4165 1610 4200 :
1642 4145 1833 4202 Salvos
1868 4161 1964 4198 vos

375 4237 523 4292 volo.
559 4236 625 4289 Et
651 4237 903 4291 hortatus
935 4237 1364 4306 consolatusque
1395 4253 1538 4300 eam,
1566 4237 1639 4290 ita
1662 4235 1888 4292 dimisit.

449 4331 504 4384 ι.
542 4329 694 4382 Alias
745 4329 972 4399 contigit
998 4368 1012 4392 ,
1051 4336 1110 4381 ut
1147 4344 1405 4399 egressus
1439 4344 1470 4381 e
1515 4327 1683 4390 Secti,
1720 4336 1969 4399 pergeret.

379 4422 439 4476 in
486 4431 726 4477 montem
786 4420 942 4487 Sina,
998 4431 1053 4477 et
1115 4421 1227 4475 illic
1284 4430 1546 4476 maneret.
1599 4421 1742 4475 Misit
1795 4431 1968 4474 mater

381 4513 573 4578 Marci,
607 4513 868 4584 adjurans
889 4529 1015 4568 cum
1049 4512 1328 4582 lacrymis,
1363 4521 1423 4565 ut
1449 4513 1622 4567 exiret
1652 4512 1795 4567 [ilius
1824 4513 1965 4581 ejus,

2062 3329 2353 3401 Σωθείητε,
2378 3327 2660 3398 σωθείητε,
2687 3325 2976 3396 σωθείητε’
3008 3327 3101 3377 καὶ
3133 3324 3233 3376 οὐκ
3259 3318 3396 3375 εἶδεν
3420 3319 3642 3383 αὐτούς.

2075 3421 2136 3474 ’Π
2169 3421 2224 3472 δὲ
2273 3422 2455 3492 μήτηρ
2503 3418 2666 3473 αὑτοῦ
2701 3420 2802 3472 οὐκ
2843 3416 3136 3488 ἐγνώρισεν
3185 3416 3346 3470 αὐτόν
3387 3416 3425 3466 ⁸.
3471 3413 3644 3466 Πάλιν

2062 3512 2154 3568 οὖν
2183 3514 2385 3585 πέμπει
2415 3512 2551 3586 πρὸς
2574 3513 2666 3566 τὸν
2697 3513 2945 3584 γέροντα,
2976 3509 3238 3578 λέγουσαο
3277 3507 3468 3573 Ἀ66ᾶ,
3503 3506 3647 3575 πέμ-

2063 3607 2162 3677 ψον
2198 3624 2288 3676 μοι
2321 3606 2413 3660 τὸν
2451 3606 2564 3659 υἱόν
2614 3623 2747 3675 μου,
2783 3605 2869 3658 ἵνα
2914 3603 3073 3657 αὑτὸν
3106 3602 3220 3657 ἴδω,
3257 3601 3367 3654 Kal
3399 3596 3523 3652 εἷπε
3570 3599 3648 3668 τῷ

2064 3700 2306 3770 Μάρκῳο
2335 3700 2448 3752 Οὐκ
2483 3695 2636 3752 εἶπόν
2673 3715 2754 3751 σοι
2773 3714 2786 3728 ·
2811 3695 3052 3762 Ἔξελθε,
3080 3695 3164 3748 ἵνα
3198 3711 3254 3746 σε
3287 3693 3371 3765 ἴδῃ
3398 3695 3430 3763 ἡ
3465 3693 3648 3762 μήτηρ

2068 3809 2161 3845 σου
2189 3812 2203 3858 ;
2234 3793 2344 3846 Kal
2372 3787 2525 3845 εἶπεν
2559 3791 2707 3862 αὐτῷ
2745 3793 2772 3844 6
2802 3791 3060 3860 Μάρκος·
3105 3786 3356 3857 Ἑξῆλθον
3391 3784 3531 3838 κατὰ
3559 3784 3649 3836 τὸν

2065 3882 2221 3951 λόγον
2253 3900 2368 3946 σου,
2405 3882 2567 3936 ἀϐὄᾶ.
2602 3883 2748 3952 Πλὴν
2779 3877 3082 3952 παρακαλῶ
3117 3895 3198 3944 σε,
3237 3877 3311 3948 μὴ
3357 3878 3518 3948 εἴπῃς
3561 3894 3648 3945 μοι

2067 3974 2196 4026 ἄλλο
2221 3972 2412 4038 ama!
2449 3973 2705 4038 ἐξελθεῖν,
2755 3973 2842 4026 ἴνα
2891 3971 2965 4042 μὴ
2995 3968 3329 4042 παρακούσω
3380 3985 3496 4022 σου,
3540 3968 3650 4035 Kal

2067 4065 2301 4131 ἐξελθὼν
2326 4069 2354 4120 6
2381 4067 2558 4137 γέρων
2599 4062 2754 4119 εἶπεν
2800 4066 2936 4135 αὐτῇ
2961 4080 2975 4094 °
3011 4064 3182 4124 Αὐτός
3220 4064 3368 4115 ἐστιν
3411 4063 3439 4114 6
3472 4061 3648 4114 ἀπανο

2067 4159 2243 4227 τήσας
2292 4158 2442 4227 ὑμῖν,
2491 4157 2698 4226 λέγων’
2757 4155 3045 4227 Σωθείητε.
3105 4155 3214 4208 Kal
3261 4150 3650 4223 παρακαλέσας

2069 4250 2239 4319 αὐτὴν
2269 4249 2563 4305 ἀπέλυσεν.

2138 4342 2200 4394 δ’.
2240 4342 2462 4395 Ἀλλοτε
2513 4341 2710 4411 συνέϐη
2754 4338 2915 4392 αὐτὸν
2968 4337 3202 4405 ἐξελθεῖν
3243 4336 3349 4389 ἀπὸ
3378 4336 3654 4404 Σκήτεως,

2071 4435 2166 4487 καὶ
2205 4431 2460 4488 ἀπελθεῖν
2496 4434 2577 4497 εἰς
2621 4432 2683 4486 τὸ
2718 4431 2842 4502 ὄρος
2875 4431 2934 4484 τὸ
2967 4430 3117 4494 Σινὰ,
3161 4431 3254 4483 καὶ
3300 4431 3478 4498 μεῖναι
3515 4428 3650 4478 ἐκεῖ.

2071 4527 2182 4578 Kal
2209 4526 2510 4596 ἔπεμψενὴ
2543 4527 2726 4596 μήτηρ
2752 4523 2844 4577 τοῦ
2888 4523 3114 4592 Μάρκου
3162 4519 3455 4592 ὁρκίζουσα
3491 4515 3651 4568 αὑτὸν

378 4621 446 4662 ac
482 4606 691 4661 videret
719 4621 864 4660 etim.
904 4605 1083 4661 Senex
1131 4610 1316 4658 autem
1351 4604 1504 4657 illum
1545 4603 1776 4661 dimisit.
1801 4603 1955 4659 Cum-

2076 4617 2214 4690 μετὰ
2238 4617 2511 4689 δακρύων.
2537 4618 2623 4670 ἵνα
2646 4615 2836 4687 ἐξέλθῃ
2854 4617 2881 4668 6
2902 4613 3013 4676 υἱὸς
3037 4613 3229 4682 αὐτῆς,
3245 4611 3338 4664 καὶ
3366 4611 3447 4680 ἴδῃ
3468 4607 3649 4660 αὐτόν.

379 4713 486 4765 que
507 4696 908 4766 composuisset
947 4695 1203 4750 melotem
1251 4710 1406 4750 suam
1443 4694 1509 4748 ad
1543 4696 1875 4760 exeundum,
1910 4702 1964 4748 et

384 4790 627 4844 venisset
655 4799 713 4843 ut
749 4805 933 4845 senem
964 4789 1252 4854 salutaret,
1289 4787 1435 4842 illico
1473 4788 1639 4856 coepit
1676 4788 1833 4851 nere;
1866 4801 1966 4840 nec
1999 4806 2014 4820 ~

383 4897 641 4950 egressus
659 4889 762 4936 cst.

465 5085 518 5139 5.
562 5085 674 5153 (44)
709 5084 1038 5139 Referebant
1065 5085 1132 5139 de
1159 5085 1355 5140 abbate
1386 5082 1633 5146 Silvano,
1661 5083 1808 5153 quod
1842 5097 1966 5137 cum

388 5177 552 5232 vellet
595 5177 648 5230 in
703 5175 919 5246 Syriam
963 5175 1258 5245 proﬁcisci,
1311 5176 1510 5230 dixerit
1567 5175 1614 5230 ei
1661 5174 1968 5244 discipulus

387 5270 511 5336 ejus
543 5267 758 5322 Marcus
790 5285 802 5320 :
853 5266 1033 5326 Pater.
1065 5267 1194 5320 nolo
1241 5267 1390 5322 exire
1436 5267 1598 5334 hinc;
1633 5268 1727 5321 sed
1785 5281 1883 5320 nec
1921 5275 1973 5319 te

390 5361 567 5431 patiar
605 5359 810 5430 egredi,
856 5359 1016 5412 abba.
1061 5358 1261 5414 Verum
1304 5360 1392 5414 hic
1427 5368 1540 5414 tres
1591 5358 1710 5414 dies
1758 5373 1974 5427 perma-

392 5463 540 5506 neto.
573 5451 640 5506 Et
665 5451 825 5506 tertia
852 5451 940 5505 die
968 5462 1142 5506 morte
1171 5453 1430 5508 occubuit
1465 5453 1695 5508 Marcus.

2083 4712 2142 4764 Ὀ
2180 4711 2235 4764 δὲ
2265 4710 2441 4782 γέρων
2468 4709 2736 4763 ἀπέλυσεν
2767 4707 2950 4760 αὐτόν.
2991 4706 3103 4760 Kal
3127 4705 3202 4768 ὼς
3228 4703 3400 4755 ἐποίει
3422 4702 3520 4768 τὴν
3553 4716 3654 4768 μη-

2072 4806 2248 4878 λωτὴν
2281 4803 2449 4860 αὐτοῦ
2493 4803 2588 4858 τοῦ
2619 4803 2885 4868 ἐξελθεῖν,
2927 4800 3022 4852 καὶ
3062 4799 3262 4868 ἤρχετο
3304 4791 3654 4848 ἀσπάσασθαι

2074 4901 2164 4952 τὸν
2205 4899 2459 4970 γέροντα,
2491 4896 2692 4959 εὐθέως
2738 4893 2926 4948 ἔϐαλλε
2961 4891 3188 4953 κλαίειν,
3231 4887 3322 4941 καὶ
3353 4887 3452 4938 οὐκ
3492 4883 3654 4956 ἐξήρ-

2077 5007 2220 5060 χετο.

2058 5063 2067 5078 ’
2148 5089 2208 5134 ε’.
2242 5083 2470 5150 Ἔλεγον
2495 5081 2624 5151 περὶ
2647 5079 2741 5132 τοῦ
2767 5077 2909 5132 ἀϐϐἅ
2937 5074 3246 5138 Σιλουανοῦ,
3265 5075 3348 5126 ὅτι
3375 5071 3450 5133 ὼς
3471 5069 3658 5136 ἤθελεν

2077 5176 2311 5240 ἐξελθεῖν
2344 5178 2422 5239 είς
2465 5174 2701 5246 Συρίαν,
2757 5168 2910 5225 εἶπεν
2954 5169 3100 5240 αὐτῷ
3127 5172 3156 5222 6
3206 5166 3450 5237 μαθητὴς
3493 5162 3656 5216 αὐτοῦ

2076 5269 2333 5340 Μάρκοςο
2367 5269 2568 5338 Πάτερ,
2601 5268 2662 5319 οὐ
2704 5266 2842 5318 θέλω
2888 5263 3120 5328 ἐξελθεῖν
3168 5261 3350 5312 ἔνθεν·
3397 5256 3510 5310 ἀλλ’
3539 5255 3659 5308 οὐδὲ

2081 5359 2138 5412 σὲ
2170 5359 2295 5428 άφ-ιῖ)
2326 5358 2582 5422 ἐξελθεῖν,
2606 5357 2769 5411 ἀ66ἄ.
2801 5355 2961 5408 Ἀλλὰ
2994 5353 3330 5424 παράμεινον
3348 5343 3484 5401 ὦδε³
3513 5349 3660 5418 τρεῖς

2078 5451 2314 5522 ἡμέρας.
2346 5452 2457 5504 Kal
2481 5454 2546 5525 τῇ
2582 5449 2740 5521 τρίτη
2765 5447 2949 5520 ἡμέρᾳ
2975 5444 3238 5517 ἐκοιμήθη
3261 5443 3303 5498 ⁸.

462 5571 509 5605 ⁸⁸
546 5570 691 5632 "me,
721 5579 814 5624 καὶ
834 5572 1123 5625 ἐνεκάλουν
1143 5575 1327 5630 αὐτόν.
1363 5575 1567 5628 absunt
1599 5573 1666 5627 ab
1687 5573 1757 5626 al.
1835 5573 1881 5604 ³³
1922 5573 1955 5625 Α

2066 5572 2101 5624 ;ὺ
2125 5575 2165 5625 0
2187 5571 2444 5642 ἧρξατοι
2485 5572 2532 5602 ’⁸
2573 5570 2731 5642 Qeest
2770 5569 2932 5642 αὐτόν
2975 5568 3027 5619 in
3055 5565 3132 5642 al.
3175 5565 3252 5642 _‘7
3278 5564 3386 5642 _.\l._
3410 5561 3536 5642 ins.-
3557 5559 3664 5642 δῖε..

389 5643 439 5675 ⁹’¹
479 5643 558 5696 ΑΙ.
587 5643 836 5714 ἀδελφοῦ.
862 5712 868 5714 Α
933 5644 992 5714 7”
1031 5645 1116 5696 ΑΙ.
1143 5645 1219 5713 τῷ
1247 5645 1366 5714 υἱῷ.

394 5722 564 5767 tnscr.
595 5713 783 5769 ἄλλας.
858 5712 879 5744 δ
916 5713 1000 5766 Al.
1039 5715 1166 5768 add.
1193 5712 1257 5767 ὲν
1294 5712 1507 5787 εἰρήνῃ.

463 5827 575 5897 (45)
609 5823 714 5882 Vit.
748 5823 905 5880 Patr.
939 5840 1051 5889 xiv,
1084 5825 1132 5880 6.

1462 5647 1477 5676 ί
1522 5645 1606 5697 Al.
1647 5643 1767 5696 οὐδὲ
1797 5645 1828 5713 ἡ
1863 5662 1918 5714 μ.
1953 5660 2005 5696 α.
2043 5646 2153 5710 ἐγν.
2189 5636 2240 5696 al
2278 5645 2360 5696 ὅτι
2389 5636 2543 5703 οὗτος
2591 5637 2667 5711 ἦν.

2785 5641 2804 5668 ¹
2830 5642 2993 5691 Abest
3054 5635 3198 5700 απαξ
3247 5634 3310 5686 ab
3340 5633 3408 5684 al.
3516 5629 3538 5660 ³
3575 5629 3661 5682 Al.

2164 5821 2276 5893 (Η)
2317 5820 2425 5877 Vit.
2467 5819 2614 5876 l’atr.
2649 5833 2805 5883 xvm,
2839 5816 2926 5872 51.
