3874 6370
173 371 268 432 197
727 397 748 416 .
1359 363 1756 424 ΑΡΟΡΗΤΗΕ(

1862 363 1970 420 ιΤΑ
2015 367 2319 426 PA'I'RUM.

571 491 714 560 napi
741 487 848 543 τοῦ
875 485 1028 546 ἀϐὅᾶ
1051 485 1377 553 Μιλησίου.

245 633 316 682 α’.
351 625 772 698 Παρερχόμενος
811 625 840 677 6
875 623 1049 687 ἀϐὅᾶς
1083 621 1348 694 Μιλήσιος
1386 621 1473 675 διὰ
1503 638 1644 684 τινος
1677 619 1765 672 τό-

179 735 302 783 που,
343 714 457 771 εἶδέ
501 735 626 772 τινα
655 716 886 790 μοναχὸν
933 713 1302 788 κρατούμενον
1347 713 1452 766 ὑπό
1482 729 1625 775 τινος
1645 750 1659 772 ,
1690 710 1764 772 ὡς

178 812 338 882 φόνον
373 813 701 884 ποιήσαντα.
729 811 842 864 Καὶ
875 807 1244 881 προσεγγίσας
1274 807 1302 859 6
1329 805 1526 876 γέρων,
1557 803 1764 873 ἐπερώ-

175 920 308 972 τησε
369 903 465 957 τὸν
517 901 770 972 ἀδελφόν.
813 901 925 955 Καὶ
963 898 1150 971 μαθὼν
1183 899 1266 952 ὅτι
1309 898 1760 965 συκοφαντεῖται,

177 995 324 1064 λέγει
382 995 524 1067 πρὸς
581 997 706 1058 τοὺς
757 991 1084 1062 κατέχοντας
1139 989 1332 1044 αὐτόν’
1381 987 1490 1041 Ποῦ
1542 986 1686 1039 ἐστιν
1735 987 1764 1039 6

175 1087 496 1154 φονευθείςς
531 1088 642 1140 Καὶ
680 1085 886 1151 ἔδειξαν
931 1083 1096 1154 αὐτῷ.
1141 1081 1250 1136 Καὶ
1286 1079 1648 1152 προσεγγίσας
1683 1075 1763 1146 τῷ

175 1177 510 1248 φονευθέντι,
535 1176 656 1232 εἷπε
683 1178 816 1230 πᾶσι
852 1174 1275 1246 προσεύξασθαι.
1308 1171 1478 1224 Αὑτοῦ
1507 1170 1562 1258 δε
1595 1171 1762 1222 ἐκπεκ

173 1269 446 1330 τάσαντος
473 1266 574 1330 τὰς
601 1269 791 1338 χεῖρας
813 1265 948 1336 πρὸς
978 1263 1067 1317 τὸν
1091 1263 1243 1326 Θεὸν,
1269 1261 1466 1329 ἀνέστη
1498 1261 1524 1312 6
1549 1257 1758 1328 νεκρός.

171 1359 280 1412 Καὶ
309 1353 470 1411 εἶπεν
519 1357 670 1428 αὐτῷ
698 1357 792 1410 ἐπὶ
821 1355 1038 1410 πάντων
1061 1371 1075 1384 ·
1109 1353 1242 1406 Εἰπὲ
1283 1353 1412 1422 ἡμῖν
1437 1351 1522 1414 τίς
1559 1351 1704 1401 ἐστιν
1733 1350 1761 1402 6

173 1451 450 1520 φονεύσας
483 1469 564 1504 σε.
600 1451 660 1506 Ὀ
701 1451 760 1505 δὲ
795 1447 972 1516 εἷπεν,
1008 1451 1088 1503 ὅτι
1130 1445 1401 1500 Εἰσελθὼν
1435 1447 1514 1507 είς
1543 1442 1640 1513 τὴν
1670 1443 1761 1494 ὲκ-

171 1542 428 1612 κλησίαν,
446 1541 656 1596 δέδωκα
688 1542 946 1614 χρήματα
967 1541 1044 1612 τῷ
1071 1537 1451 1612 πρεσϐυτέρῳ·
1480 1539 1508 1590 6
1543 1537 1600 1588 δὲ
1628 1536 1760 1588 ἀνα-

173 1633 324 1696 στὰς,
384 1633 590 1702 ἔσφαξέ
639 1649 742 1704 με⁸
774 1633 870 1686 καὶ
923 1632 1260 1700 ἀπενέγκας,
1300 1629 1520 1702 ἔρριψεν
1573 1629 1651 1691 εἰς
1699 1625 1760 1678 τὸ

171 1726 542 1798 μοναστήριον
571 1725 664 1778 τοῦ
701 1723 863 1778 ἀδεᾶ..
905 1723 1066 1778 Ἀλλὰ
1092 1721 1395 1794 παρακαλῶ
1428 1723 1606 1802 ὑμᾶς,
1659 1720 1756 1790 λη-

173 1819 378 1890 φθῆναι
421 1821 496 1874 τὰ
533 1821 814 1892 χρήματα,
847 1821 944 1874 καὶ
977 1819 1197 1890 δοθῆναι
1233 1821 1345 1881 τοῖς
1373 1815 1586 1878 τέκνοις
1633 1831 1756 1886 μου.
1795 1843 1838 1898 Β

169 1913 306 1966 Τότε
339 1908 468 1966 εἷπε
501 1911 636 1984 πρὸς
667 1913 830 1966 αὑτὸν
857 1914 885 1965 6
917 1911 1096 1982 γέρων
1119 1927 1132 1940 ·
1167 1906 1530 1972 Ἀπελοε,καὶ
1563 1905 1757 1976 κοιμῶ,

167 2006 274 2070 ἕως
299 2005 374 2062 ἂν
402 2004 538 2078 ἔλθῃ
563 2009 594 2058 6
631 2005 856 2078 Κύριος,
885 2005 978 2058 καὶ
1003 2003 1194 2074 ἐγείρῃ
1222 2019 1302 2056 σε.

241 2121 306 2190 β’.
353 2118 584 2173 ’Δλλοτε
619 2119 894 2184 οίκοῦντος
921 2119 1086 2174 αὐτοῦ
1120 2118 1257 2190 μετὰ
1295 2117 1387 2172 δύο
1419 2117 1678 2190 μαθητῶν
1705 2119 1761 2172 ὲν

169 2215 284 2276 τοῖς
311 2213 492 2284 ὁρίοις
527 2212 810 2282 Περσίδος,
841 2211 1064 2284 ἐξῆλθον
1096 2211 1190 2265 δύο
1229 2212 1336 2265 υἱοὶ
1363 2210 1456 2264 τοῦ
1499 2209 1762 2280 βασιλέως

171 2307 432 2376 σαρκικοί.
459 2305 703 2374 ἀδελφοὶ,
729 2305 993 2376 ἅγρεῦσαι
1019 2305 1162 2358 κατὰ
1182 2305 1242 2358 τὸ
1271 2303 1410 2367 ἔθος.
1442 2303 1672 2356 Ἔὸαλον
1703 2303 1761 2356 δὲ

165 2401 286 2455 λίνα
315 2402 412 2454 ἐπὶ
439 2400 578 2454 πολὺ
603 2400 880 2470 διάστημα
907 2398 1010 2450 κᾶν
1038 2397 1130 2450 ἐπὶ
1149 2397 1557 2468 τεσσαράκοντα
1578 2396 1757 2466 μίλια’

165 2495 308 2548 ὥστε
351 2495 404 2546 εἰ
451 2492 768 2564 εὑρίσκεται
820 2491 928 2543 ἔσω
966 2489 1076 2542 τῶν
1112 2489 1292 2552 λίνων,
1325 2487 1634 2560 ἀγρεύσωσι
1667 2489 1760 2541 καὶ

165 2584 540 2638 ἀποκτείνωσι
587 2583 816 2646 κόντοις.
857 2581 1072 2653 Εὐρέθη
1104 2581 1162 2634 δὲ
1199 2582 1229 2634 6
1260 2581 1440 2652 γέρων
1476 2581 1614 2651 μετὰ
1649 2579 1776 2632 τῶν

163 2675 258 2728 δύο
286 2673 556 2746 μαθητῶν
589 2671 774 2727 αὐτοῦ.
811 2673 923 2726 Καὶ
957 2671 1283 2742 θεασάμενοι
1326 2670 1489 2725 αὐτὸν
1521 2669 1758 2742 τριχώδη

167 2767 260 2819 καὶ
291 2766 374 2828 ὡς
406 2765 624 2836 ἄγριον,
661 2763 1066 2834 ἐξεπλάγησαν,
1093 2763 1188 2816 καὶ
1218 2759 1371 2816 εἷπον
1400 2762 1550 2834 αὐτῷ
1568 2779 1582 2792 ·
1627 2763 1757 2814 Ἀν-

165 2859 390 2930 ορωπος
425 2856 478 2911 εἱ
503 2857 538 2929 ἢ
575 2857 814 2928 πνεῦμα,
859 2857 980 2910 εἰπὲ
1013 2858 1164 2928 ἡμῖν.
1205 2856 1314 2909 Καὶ
1354 2851 1506 2909 εἶπεν
1530 2857 1714 2919 αὐτοῖς
1739 2871 1752 2885 ·

169 2951 498 3023 ⁹Δνθρωπόις
541 2953 657 3020 είμι
713 2951 1072 3022 ἁμαρτωλόςο
1119 2952 1215 3004 καὶ
1258 2949 1482 3020 ἐξῆλθον
1525 2949 1756 3004 κλαῦσαι

161 3041 262 3104 τὰς
281 3041 565 3112 ἁμαρτίας
595 3058 694 3110 μου
719 3058 730 3070 ·
757 3042 852 3095 καὶ
870 3041 1160 3112 προσκυνῶ
1189 3039 1396 3111 Ἰησοῦν
1415 3040 1506 3092 τὸν
1521 3039 1757 3111 Χριστὸν

161 3133 254 3185 τὸν
291 3133 422 3186 Υἰὸν
466 3131 562 3186 τοῦ
599 3132 735 3185 Θεοῦ
781 3132 876 3186 τοῦ
909 3131 1130 3197 ζῶντος.
1167 3134 1229 3186 Οἱ
1271 3131 1330 3185 δὲ
1370 3127 1524 3186 εἷπον
1568 3130 1752 3204 αὐτῷ’

161 3225 278 3278 Οὐκ
305 3223 462 3277 ἐστιν
497 3224 658 3288 ἄλλος
679 3224 832 3288 Θεὸς,
865 3225 1004 3298 πλὴν
1030 3222 1127 3277 τοῦ
1157 3224 1310 3294 ἡλίου
1341 3224 1433 3278 καὶ
1460 3223 1553 3276 τοῦ
1584 3224 1755 3294 πυρὸς

159 3318 258 3370 καὶ
299 3317 400 3370 τοῦ
450 3316 680 3379 ὓδατος·
711 3317 746 3370 ἃ
797 3317 1070 3372 ἐσέϐοντο.
1127 3317 1285 3370 Ἀλλὰ
1327 3317 1612 3387 πρόσελθε,
1661 3317 1758 3370 καὶ

157 3411 426 3464 ἐπίθυσον
481 3411 689 3472 αὐτοῖς.
737 3411 798 3463 Ὀ
839 3410 898 3464 δὲ
937 3406 1092 3464 εἶπεν
1151 3411 1364 3474 αὐτοῖς·
1407 3410 1592 3464 Ταῦτα
1640 3409 1755 3463 κτί-

159 3502 350 3572 σματὰ
379 3503 514 3564 εισι,
563 3501 660 3554 καὶ
691 3501 1001 3554 πλανᾶσθε·
1050 3501 1188 3556 ἀλλὰ
1234 3501 1538 3572 παρακαλῶ
1589 3501 1750 3572 ,ὑμᾶς

157 3592 500 3664 ἐπιστρέψαι
530 3591 628 3644 καὶ
669 3589 874 3659 γνῶναι
918 3591 1010 3644 τὸν
1038 3591 1290 3661 ἀληθινὸν
1325 3591 1456 3643 Θεὸν
1501 3590 1593 3642 τὸν
1640 3589 1754 3642 κτίο

157 3701 334 3738 σαντα
371 3683 556 3738 ταῦτα
593 3683 792 3736 πάντα.
825 3683 989 3736 Αὐτοὶ
1013 3683 1072 3735 δὲ
1116 3679 1296 3734 εἷπον·
1333 3683 1436 3736 Τὸν
1490 3699 1752 3752 κατακρι-

157 3778 330 3832 θέντα
359 3777 456 3831 καὶ
497 3775 880 3848 σταυρωθέντα
921 3775 1100 3844 λέγεις
1123 3775 1256 3828 Θεὸν
1279 3771 1418 3830 εἶναι
1457 3774 1707 3843 ἀληθινόν
1733 3793 1748 3840 ;

155 3869 276 3922 Καὶ
305 3869 506 3937 λέγειὸ
535 3867 748 3938 γέρων·
783 3867 887 3920 Τὸν
919 3867 1307 3936 σταυρώσαντα
1331 3866 1429 3937 τὴν
1459 3864 1752 3938 ἁμαρτίαν,

149 3963 262 4015 καὶ
291 3960 695 4015 ἀποκτείναντα
717 3959 808 4013 τὸν
838 3959 1085 4024 θάνατον,
1109 3959 1270 4011 αὑτὸν
1293 3959 1436 4028 λέγω
1457 3954 1596 4012 εἶναι
1621 3957 1752 4009 Θεὸν

149 4056 437 4124 ἀληθινόν.
463 4056 635 4107 Αὐτοὶ
658 4055 716 4107 δὲ
750 4054 1130 4125 βασανίζοντες
1159 4053 1321 4106 αὐτὸν
1353 4051 1492 4123 μετὰ
1519 4053 1614 4104 καὶ
1645 4051 1752 4104 τῶν

143 4149 431 4218 ἀδελφῶν,
458 4148 776 4218 ἠνάγκαζον
807 4148 974 4202 θύειν.
1009 4147 1119 4200 Καὶ
1149 4146 1320 4200 πολλὰ
1345 4146 1750 4215 βασανίσαντες,

147 4241 581 4310 ἁπεκεφὰλισαν
629 4243 756 4304 τοὺς
796 4240 890 4293 δύο
949 4239 1208 4307 ἀδελφούς
1228 4257 1241 4268 ·
1285 4239 1376 4292 τὸν
1423 4239 1481 4292 δὲ
1525 4238 1752 4308 γέροντα

145 4337 258 4388 ἐπὶ
281 4335 482 4398 πολλὰς
505 4334 718 4405 ἡμέρας
755 4332 1104 4412 ἐϐασάνιζον-ο
1133 4332 1355 4402 ὓστερον
1387 4333 1466 4396 δὲ,
1495 4335 1561 4402 τῇ
1588 4331 1749 4402 τέχνῃ

145 4429 344 4482 αὐτῶν
365 4429 609 4497 ἔστησαν
637 4427 798 4479 αὑτὸν
819 4427 898 4490 εἰς
925 4425 986 4478 τὸ
1016 4425 1199 4496 μέσον,
1228 4426 1324 4478 καὶ
1351 4423 1577 4497 ἕῤῥιψαν
1598 4423 1748 4494 βέλη,

143 4527 176 4575 ὁ
203 4517 298 4585 εἷς
329 4521 664 4593 ἑμπροσθεν,
693 4520 788 4574 καὶ
825 4522 853 4573 6
891 4514 972 4584 εἷς
997 4519 1218 4572 ὖπισθεν
1261 4517 1447 4571 αὑτοῦ.
1477 4517 1648 4580 Αὐτὸς
1691 4517 1746 4569 δὲ
1779 4533 1823 4587 ι)

145 4611 320 4667 εἶπεν
346 4613 532 4674 αὐτοῖς
555 4627 568 4642 ο
603 4610 824 4681 Ἐπειδὴ
855 4609 1112 4678 γεγόνατε
1145 4609 1204 4662 ὲν
1240 4608 1480 4678 ὁμονοίᾳ,
1511 4607 1604 4659 καὶ
1653 4607 1747 4658 ὲκ-

141 4709 318 4778 χέετε
367 4700 512 4776 αἷμα
549 4703 768 4767 ἀθῶον,
805 4705 864 4755 ὲν
897 4705 996 4773 μιᾷ
1046 4703 1184 4773 ῥοπῇ
1231 4699 1418 4772 αὔριον
1467 4702 1634 4771 ταύτῃ
1681 4703 1746 4769 τῇ

137 4801 308 4871 ὥρᾳ,
331 4795 670 4866 ἀτεκνωθείη
701 4796 736 4866 ἡ
772 4795 954 4866 μήτηρ
987 4793 1144 4864 ὑμῶν
1176 4794 1268 4861 ἀφ’
1299 4791 1471 4862 ὑμῶν,
1499 4792 1594 4845 καὶ
1629 4807 1744 4844 στε·

133 4892 359 4964 ρηθεῐη
407 4891 512 4960 τῆς
547 4889 771 4959 ἀγάπης
821 4887 977 4958 ὑμῶν
1002 4929 1016 4952 ,
1067 4889 1304 4951 καὶτοῖς
1355 4888 1504 4950 ίδίοις
1538 4886 1748 4956 βέλεσιν

131 4983 410 5053 ἀλλήλων
459 4982 531 5036 τὰ
579 4982 788 5052 αἵματα
816 4979 1062 5052 ὲκχέητε.
1117 4981 1642 5051 Καταφρονήσαντες
1690 4979 1748 5032 δὲ

3336 395 3440 451 293

2393 485 2468 538 De
2507 487 2692 542 abbate
2721 489 2945 546 Milesio.

1945 613 1993 666 I.
2035 612 2414 672 Peru-ansiens
2446 620 2614 676 abbas
2643 622 2890 681 Milesius
2919 642 3015 696 per
3043 633 3333 700 quemdam
3366 635 3442 688 lo-

1871 717 1995 758 cum
2035 745 2048 766 ,
2077 705 2214 760 vidit
2249 709 2576 764 monachum
2619 714 2686 768 ab
2720 715 2900 786 aliquo
2942 724 3135 785 teneri,
3163 725 3311 778 velut
3341 725 3445 778 ho-

1871 792 2146 849 micidam.
2214 795 2279 850 Et
2337 800 2783 872 appropinquans
2859 822 3026 864 senex
3083 813 3444 886 interrogavit

1871 883 2116 939 fratrem.
2144 885 2391 959 Cumque
2417 891 2720 960 didicisset,
2751 900 3077 957 calumniam
3115 905 3163 960 ei
3197 883 3334 974 ﬁeri,
3371 908 3438 962 ad

1870 975 1994 1030 illos
2018 977 2108 1046 qui
2140 978 2452 1038 detinebant
2480 985 2554 1038 ait
2579 1006 2590 1040 :
2623 987 2724 1042 Ubi
2743 1005 2823 1046 est
2849 995 2942 1062 qui
2965 995 3287 1054 interfectus
3307 999 3441 1054 fuit?

1871 1067 1936 1121 Et
1996 1071 2351 1126 ostenderunt
2399 1075 2470 1130 ei.
2524 1076 2710 1148 Itaque
2751 1083 2818 1137 ad
2870 1085 3219 1142 interfectum
3250 1095 3438 1160 proxi-

1863 1157 2044 1225 'mans,
2081 1161 2276 1216 indixit
2330 1168 2544 1222 cunctis
2595 1179 2652 1224 ut
2703 1183 2944 1229 orarent.
2981 1157 3276 1248 Postquam
3311 1197 3441 1236 vero

1867 1265 2064 1309 manus
2119 1256 2468 1324 expandisser.
2511 1261 2576 1314 ad
2615 1263 2821 1331 Deum,
2878 1273 3118 1326 surrexit
3167 1281 3435 1330 mortuus.

1869 1341 2005 1398 Tum
2034 1359 2218 1400 coram
2253 1350 2506 1406 omnibus
2539 1353 2782 1412 Milesius
2815 1359 2954 1414 dixit
2983 1362 3028 1416 ei
3073 1382 3087 1418 :
3131 1363 3310 1420 Eﬂ‘are
3339 1383 3442 1420 no—

1867 1436 1950 1492 bis
1981 1438 2105 1506 quis
2139 1441 2403 1496 occiderit
2453 1451 2524 1500 te.
2571 1447 2666 1502 Ille
2697 1453 2942 1507 narravit
2985 1457 3063 1510 sic
3096 1476 3109 1510 :
3155 1456 3442 1528 Ingressus

1867 1529 1920 1582 in
1955 1529 2276 1598 Ecclesiam,
2317 1535 2440 1590 dedi
2475 1542 2737 1607 pecunias
2777 1547 3132 1617 presbytero;
3171 1552 3266 1621 qui
3314 1567 3441 1606 sur—

1865 1637 1998 1692 gens
2023 1621 2294 1693 jugulavit
2339 1643 2456 1694 me,
2493 1642 2890 1708 asportansque
2921 1641 3150 1709 projecit
3189 1643 3243 1696 in
3275 1643 3441 1698 abba—

1865 1713 2378 1788 tismonasterium.
2421 1720 2526 1776 Sed
2562 1740 2693 1796 rogo
2737 1745 2862 1794 vos,
2895 1732 2970 1784 uti
3007 1736 3248 1801 pecuniae
3285 1749 3442 1790 recu-

1865 1814 2143 1874 perentur,
2181 1825 2244 1864 ac
2277 1813 2566 1868 tradantur
2595 1817 2782 1875 liberis
2829 1824 2985 1878 meis.
3022 1827 3162 1880 Tum
3188 1826 3254 1880 ad
3289 1828 3440 1883 illum

1865 1911 2031 1952 senex
2065 1917 2077 1953 :
2137 1900 2274 1965 Abi,
2309 1909 2364 1956 et
2411 1903 2610 1969 dormi,
2641 1909 2818 1966 donec.
2851 1913 3132 1970 advenerit
3177 1916 3440 1976 Dominus

1864 1995 2027 2058 atque
2054 1993 2376 2050 excitaverit
2415 2005 2486 2052 te.

1930 2103 1986 2159 2.
2031 2105 2146 2175 (45)
2185 2108 2335 2165 Alias
2367 2111 2646 2170 habitante
2689 2135 2756 2172 eo
2779 2135 2902 2174 cum
2943 2123 3159 2180 duobus
3197 2127 3442 2198 discipu-

1863 2193 1931 2252 iis
1957 2198 2010 2252 in
2037 2198 2278 2257 Persidis
2308 2203 2528 2270 ﬁnibus,
2551 2209 2660 2264 duo
2686 2212 2782 2266 ﬁlii
2809 2216 2976 2284 regis,
3008 2217 3206 2272 fratres
3241 2193 3438 2273 εειτὶιη-

1863 2289 1988 2343 dum
2023 2305 2261 2360 carnem,
2309 2300 2515 2367 egressi
2565 2310 2693 2355 sunt
2724 2305 2790 2358 ad
2822 2319 3144 2362 consuetam
3193 2313 3434 2365 venatio-

1863 2380 2008 2436 nem.
2037 2382 2412 2442 Extenderunt
2447 2400 2627 2447 autem
2663 2395 2800 2450 retia
2833 2397 2900 2452 ad
2939 2401 3168 2454 multum
3200 2405 3434 2471 spatium

1866 2491 1963 2545 per
1989 2477 2348 2548 quadraginta
2373 2482 2592 2538 circiter
2625 2486 2898 2556 milliaria,
2925 2501 2984 2544 ut
3010 2491 3273 2564 quidquid
3305 2509 3438 2549 con-

1865 2565 2078 2620 clusum
2143 2569 2355 2636 fuisset,
2399 2581 2748 2641 venarentur,
2809 2579 3100 2650 contisque
3167 2585 3438 2640 interﬁce-
3539 2577 3548 2582 ’

1863 2666 2006 2712 rent.
2053 2657 2323 2729 Repertus
2355 2671 2536 2718 autem
2564 2674 2647 2721 est
2693 2669 2836 2722 intra
2859 2687 3022 2726 senex
3066 2689 3188 2728 cum
3221 2675 3436 2731 duobus

1859 2747 2170 2819 discipulis.
2212 2753 2382 2819 Quem
2407 2756 2590 2812 intuiti
2613 2759 2848 2828 pilosum
2880 2777 2942 2818 ac
2973 2765 3118 2819 velut
3144 2775 3436 2836 agrestem,

1859 2839 2299 2911 obstupuerunt,
2333 2847 2699 2920 dixeruntque
2747 2853 2794 2906 ei
2831 2871 2843 2906 :
2875 2855 3034 2910 Sisne
3113 2856 3296 2920 homo,
3351 2861 3434 2914 vel

1859 2933 2112 3002 spiritus,
2168 2937 2327 2993 nobis
2373 2939 2632 2995 edissere.
2695 2942 3030 3014 Respondit:
3083 2948 3256 3003 IIomo
3315 2967 3434 3006 sum

1859 3033 2136 3094 peccator,
2170 3029 2262 3098 qui
2285 3031 2392 3084 exii
2431 3041 2489 3086 ut
2515 3035 2768 3090 deﬂerem
2811 3050 3034 3108 peccata
3068 3055 3224 3109 mea;
3266 3044 3437 3100 adoro

1857 3127 2037 3174 autem
2069 3119 2256 3176 Iesum
2277 3122 2553 3180 Christum
2601 3127 2795 3184 Filium
2828 3129 2920 3186 Dei
2967 3133 3218 3191 viventis.
3261 3137 3330 3192 At
3359 3140 3434 3195 illi

1861 3211 1929 3265 ad
1950 3227 2076 3268 eum
2105 3230 2120 3266 :
2159 3213 2278 3270 Non
2315 3225 2401 3272 est
2453 3220 2593 3276 alius
2623 3221 2766 3278 Deus
2797 3236 2992 3294 praeter
3033 3230 3223 3296 solem,
3253 3231 3434 3302 ignem

1857 3309 1911 3357 et
1957 3317 2188 3374 aquam;
2220 3321 2341 3376 qua:
2383 3309 2594 3366 scilicet
2633 3313 2742 3384 ipsi
2789 3317 3111 3374 adorabunt.
3147 3320 3316 3393 Igitur
3345 3339 3436 3378 ac-

1855 3393 2010 3462 cede,
2041 3397 2218 3468 iisque
2247 3401 2516 3458 sacriﬁca.
2555 3401 2692 3457 Tum
2724 3406 2834 3472 ille,
2867 3407 3012 3472 Ila-2c,
3047 3411 3247 3482 inquit,
3281 3429 3435 3469 erea—

1855 3493 1994 3538 turaa
2023 3495 2187 3550 sunt,
2218 3505 2424 3560 vosque
2466 3495 2662 3549 erratis
2700 3513 2712 3548 :
2761 3499 2854 3550 sed
2899 3500 3152 3564 obsecro,
3203 3517 3435 3559 conver—

1855 3574 2055 3638 timini,
2092 3580 2410 3648 cognoscite
2447 3595 2632 3636 verum
2673 3583 2876 3649 Deum,
2913 3591 3158 3645 omnium
3199 3592 3429 3647 istorum

1855 3675 2181 3726 creatorem.
2219 3669 2558 3742 Exceperunt
2592 3694 2604 3728 :
2646 3677 2768 3730 Ain’
2817 3681 3236 3737 coxidemnatum
3277 3685 3432 3739 illum

1859 3758 2119 3826 crucique
2140 3759 2356 3814 aﬂixum
2380 3805 2393 3828 ,
2430 3779 2552 3820 esse
2577 3783 2764 3822 verum
2816 3769 3026 3824 Deum?
3055 3773 3168 3842 (46)
3203 3773 3378 3830 Senex
3414 3797 3426 3830 :

1857 3850 1990 3902 I-lum
2023 3853 2113 3920 qui
2141 3855 2296 3913 cruci
2336 3855 2502 3909 amxit
2525 3872 2830 3927 peccatum,
2864 3873 2916 3916 et.
2944 3866 3146 3920 occidit
3175 3877 3427 3934 mortem,

1857 3939 2004 3993 hunc
2035 3941 2244 3996 aﬂirmo
2288 3958 2412 3998 esse
2451 3961 2639 4001 verum
2673 3949 2862 4004 Deum.
2893 3951 3063 4008 Porro
3090 3956 3126 4009 ii
3155 3964 3426 4014 tormenta

1839 4043 1970 4088 .tum
2017 4031 2117 4100 ipsi
2173 4039 2286 4088 tum
2329 4033 2590 4092 fratribus
2642 4040 2974 4108 inferentes,
3033 4049 3430 4118 compellebant

1855 4121 1924 4175 ad
1948 4121 2390 4181 sacriﬁcandum.
2428 4126 2507 4181 Ac
2542 4138 2666 4197 post
2709 4133 2908 4191 multos
2949 4138 3249 4206 cruciatus,
3289 4141 3429 4196 duos

1853 4212 2052 4267 fratres
2095 4213 2272 4283 capite
2307 4221 2674 4286 truncarunt;
2709 4236 2891 4275 senem
2933 4241 3062 4279 vero
3097 4241 3192 4295 per
3223 4229 3429 4281 multos

1853 4305 1971 4362 dies
2005 4308 2296 4362 tormentis
2331 4309 2702 4379 subjecerunt.
2741 4311 2943 4370 Deinde
2977 4333 3042 4371 ex
3076 4327 3192 4374 arte
3221 4337 3316 4374 sua
3354 4339 3430 4374 re-

1853 4399 2068 4452 natoria
2091 4397 2497 4455 collocaverunt
2525 4401 2674 4455 illum
2710 4404 2762 4456 in
2805 4405 2983 4460 medio
3003 4448 3018 4471 ,
3046 4419 3099 4463 et
3129 4411 3426 4466 emiserunt

1855 4486 2107 4556 sagittas,
2135 4503 2279 4543 unus
2307 4497 2454 4554 ante,
2480 4504 2509 4543 a
2541 4503 2692 4561 tergo
2722 4493 2877 4549 alter.
2913 4495 3067 4552 Tunc
3097 4515 3264 4555 senex
3289 4503 3426 4556 dixit

1851 4581 1932 4636 eis
1968 4597 1982 4634 :
2018 4579 2470 4652 Quandoquidem
2522 4599 2630 4638 uno
2683 4601 2956 4643 consensu
2995 4589 3271 4646 emunditis
3301 4609 3424 4648 sau-

1852 4672 2070 4741 guinem
2129 4675 2496 4741 innocentem,
2551 4676 2604 4730 in
2667 4689 2940 4732 momento
2976 4697 3083 4735 uno
3121 4698 3264 4748 cras,
3323 4685 3424 4739 hac

1852 4766 1969 4834 ipsa
2027 4765 2182 4830 hora,
2239 4774 2413 4820 mater
2461 4775 2640 4822 vestra
2694 4771 2979 4825 orbahitur
3018 4774 3172 4828 vobis
3233 4775 3422 4831 liberis

1851 4857 1990 4921 suis,
2039 4857 2453 4928 privahiturque
2487 4860 2756 4916 charitate
2797 4872 2998 4930 vestra,
3033 4882 3247 4922 necnon
3291 4886 3420 4939 pro-

1851 4949 1986 5018 priis
2008 4949 2210 5017 jaCulis
2248 4961 2496 5006 mutuum
2527 4955 2842 5022 sanguinem
2879 4957 3138 5012 I'undctis.
3181 4959 3258 5013 Illi
3293 4976 3418 5015 ora-

1853 5041 2054 5095 tionem
2081 5041 2201 5110 ejus
2239 5043 2393 5096 nihili
2427 5046 2742 5112 pendentes,
2783 5047 3008 5116 profecti
3042 5061 3170 5105 sunt
3200 5061 3421 5122 postero

125 5077 242 5136 τοῦ
293 5079 542 5148 ῥήματος
573 5074 762 5138 αὐτοῦ,
803 5070 966 5146 ἦλθον
989 5075 1082 5126 ἐπὶ
1116 5073 1214 5144 τὴν
1243 5072 1431 5145 αὒριον
1459 5071 1744 5143 θηρεῦσαι.

129 5173 266 5227 Καὶ
305 5169 556 5240 ὲξήλισεν
581 5168 677 5220 ἀπ’
710 5165 889 5218 αὐτῶν
925 5164 1022 5236 μία
1045 5164 1262 5234 ἔλαφος,
1289 5163 1398 5216 Kal.
1425 5161 1748 5224 καθίσαντες

123 5263 264 5324 τοῖς
317 5259 504 5322 ἵπποις
531 5296 546 5320 ,
591 5255 936 5326 κατέδραμον
975 5253 1064 5306 ἐπὶ
1090 5253 1150 5305 τὸ
1177 5251 1501 5316 καταλαϐεῖν
1540 5252 1708 5322 αὑτήν
1730 5269 1744 5282 ·

125 5357 240 5408 καὶ
299 5351 564 5422 ῥίψαντες
615 5348 744 5419 βέλη
775 5348 902 5400 κατ’.
925 5346 1093 5418 αὐτῆς
1113 5389 1128 5412 ,
1169 5347 1463 5418 ὲκόλλησαν
1498 5343 1746 5416 ἀλλήλοις

123 5445 306 5502 κατὰ
333 5444 430 5514 τῆς
464 5441 690 5514 καρδίας
728 5439 934 5493 ἑαυτῶν
956 5455 968 5469 '
993 5440 1134 5492 κατὰ
1153 5439 1212 5492 τὸ
1237 5439 1385 5511 ῥῆμα
1418 5438 1512 5492 τοῦ
1553 5439 1745 5510 γέρον·
1801 5465 1810 5474 ο

121 5555 234 5600 τος
275 5535 316 5588 ὃ
362 5529 512 5586 εἶπεν
547 5533 753 5594 αὐτοῖς,
820 5528 1207 5602 καταρώμενος
1245 5531 1444 5594 αὐτοῖς.
1489 5531 1596 5582 Καὶ
1637 5530 1745 5582 ὰπ-

125 5631 388 5686 ἔθανον.

1850 5133 1939 5188 die
1971 5135 2036 5189 ad
2065 5143 2342 5192 venatum.
2375 5133 2512 5190 Ecce
2535 5137 2730 5190 extulit
2766 5153 2825 5194 se
2856 5141 2998 5194 inter
3020 5141 3167 5211 ipsos
3199 5161 3418 5202 cervus.

1853 5225 2006 5280 Unde
2029 5227 2346 5280 conscensis
2377 5227 2552 5296 equis,
2580 5215 2963 5296 cucurrerunt,
2989 5242 3046 5286 ut
3071 5239 3422 5305 comprehen-

1851 5317 2072 5386 derent,
2098 5334 2332 5388 cumque
2356 5321 2538 5387 jaeula
2586 5322 2932 5390 cmisissent,
2963 5326 3196 5382 invicem
3239 5331 3422 5398 perfo-

1850 5411 2046 5466 derunt
2091 5411 2289 5475 corda;
2325 5413 2626 5465 secundum
2675 5415 2897 5468 verbum
2948 5418 3090 5487 quod
3121 5421 3424 5488 protulerat

1851 5517 2036 5566 senex,
2071 5503 2136 5558 iis
2164 5508 2518 5574 imprecatus.
2546 5505 2722 5574 Atque
2761 5507 2834 5561 ita
2869 5511 3064 5563 mortui
3101 5520 3248 5570 sunt.

211 5831 362 5908 (45)
395 5827 494 5884 Vit.
527 5829 682 5883 Patr.
711 5842 809 5892 vti,
843 5825 926 5880 12.

1922 5823 2030 5890 (liii)
2063 5819 2376 5890 Martyrium
2411 5821 2595 5890 Ignatii
2627 5839 2680 5876 n.
2717 5823 2770 5876 G.

415 5927 684 5986 ΡΑτιιοι..
733 5925 850 5985 (in.
903 5921 1088 5984 LXV.

2831 5949 2835 5952 -
3079 5919 3151 5976 10
