3874 6342
456 343 557 402 291

988 455 1063 510 De
1096 455 1281 509 abbate
1309 452 1368 507 M
1371 455 1498 508 otio.

532 549 583 602 1.
615 548 725 619 (47)
752 547 943 602 Frater
969 547 1318 618 interrogavit
1354 547 1601 601 abbatem
1639 545 1883 612 Metium,
1921 546 2028 599 hoc

461 639 834 693 sermone:Si
873 638 1057 691 abiero
1109 636 1177 690 ad
1231 637 1556 692 manendum
1614 636 1834 701 alicubi,
1887 650 2028 706 ιιιιοο

463 728 624 783 modo
678 728 761 783 vis
823 727 936 781 illic
966 727 1204 797 degam?
1255 728 1554 798 Respondit
1606 742 1807 783 senex:
1862 724 1920 778 Si
1975 725 2029 778 in

465 821 720 888 quapiam
753 819 874 873 loco
906 818 1264 881 habitaveris,
1292 819 1402 873 noli
1436 819 1532 872 tibi
1581 833 1778 871 nomen
1811 817 1865 870 in
1895 831 2031 885 quo-

465 926 628 981 quam
658 910 952 965 conciliare
979 950 995 975 ,
1026 910 1257 965 dicendo
1285 929 1298 964 :
1354 909 1472 964 Non
1521 909 1719 964 accedo
1768 908 1835 962 ad
1869 908 2035 961 colle-

465 1010 610 1055 ctam
638 1018 652 1067 ;
683 1003 787 1067 vel,
819 1002 879 1055 In
907 1016 1076 1072 agape
1105 1016 1214 1056 non
1244 1003 1490 1056 comedo.
1514 999 1640 1055 Haec
1659 999 1803 1055 enim
1833 1013 2032 1052 vanum

467 1107 668 1148 nomen
693 1092 950 1157 emciunt,
970 1101 1264 1164 posteaque
1287 1093 1493 1149 incides
1514 1093 1569 1147 in
1601 1101 1657 1146 tu
1668 1092 2030 1146 rbamentum.

471 1185 602 1238 Nam
634 1185 880 1240 homines
911 1185 1002 1240 ubi
1051 1185 1154 1240 ista
1187 1186 1494 1256 reperiunt,
1529 1185 1601 1238 ibi
1641 1191 1886 1237 currunt.
1947 1182 2035 1235 Ait

469 1275 666 1330 iterum
719 1275 924 1330 frater:
985 1275 1126 1342 Quid
1163 1291 1292 1346 ergo
1344 1274 1588 1329 faciam?
1629 1273 1782 1332 Tum
1811 1289 1974 1329 senex
2012 1292 2025 1326 :

475 1367 814 1438 Ubicunque,
851 1369 1046 1438 inquit,
1077 1367 1366 1430 resederis,
1393 1378 1546 1436 aequo
1587 1365 1723 1436 pede
1754 1379 1876 1418 cum
1916 1378 2034 1418 om-

471 1459 632 1514 nibus
655 1459 844 1514 incede
870 1478 885 1525 ;
913 1469 965 1514 et
997 1458 1257 1528 quidquid
1293 1456 1492 1512 videris
1521 1456 1634 1511 fieri
1688 1469 1718 1508 a
1777 1454 1910 1508 viris
1968 1453 2036 1508 de

473 1565 704 1619 quorum
735 1550 932 1620 pietate
963 1558 1146 1604 certus
1176 1564 1255 1610 es.
1305 1547 1358 1601 id
1414 1547 1599 1608 facito,
1650 1555 1888 1615 tuncque
1944 1560 2034 1599 re-

472 1640 652 1709 quiem
687 1643 1059 1710 consequeris.
1111 1639 1222 1694 Hoc
1271 1639 1470 1709 quippe
1522 1638 1802 1691 humilitas
1848 1644 1951 1701 est,
1985 1646 2037 1691 te

475 1748 597 1785 cum
633 1732 698 1786 iis
728 1733 951 1803 aequari.
987 1733 1051 1785 Et
1108 1731 1356 1786 homines
1394 1729 1577 1784 intuiti
1627 1737 1677 1783 te
1715 1737 2034 1783 caeterorum

476 1821 675 1877 limites
711 1801 818 1875 non
847 1820 1175 1892 transgredi,
1205 1820 1382 1874 instar
1420 1833 1609 1873 eorum
1640 1818 1840 1882 habent
1869 1833 1882 1882 ;
1918 1817 2040 1870 nul-
2075 1801 2117 1855 Β

476 1912 668 1981 [usque
695 1912 1022 1966 interturbat
1066 1923 1134 1966 te.

544 2004 599 2057 2.
636 2004 745 2075 (48)
773 2004 1023 2058 Narravit
1055 2004 1122 2059 de
1154 2003 1351 2059 abbate
1381 2004 1547 2058 Motio
1593 2003 1895 2074 discipulus
1923 2003 2042 2072 ejus

476 2095 643 2150 abbas
669 2096 852 2148 Isaac:
887 2095 1046 2150 ambo
1098 2102 1276 2149 autem
1335 2093 1555 2148 fuerunt
1588 2094 1867 2164 episcopi;
1902 2095 2070 2163 quod,

479 2183 654 2253 primo
687 2184 975 2237 aediﬁcavit
999 2184 1102 2240 sibi
1135 2200 1300 2239 senex
1344 2186 1732 2239 monasterium
1769 2184 1836 2238 ad
1869 2183 2038 2240 Hera-

476 2275 616 2328 clam
644 2292 658 2339 ;
689 2276 941 2344 quodque
969 2291 1094 2331 cum
1123 2276 1272 2330 illinc
1304 2276 1646 2342 recessisset,
1676 2283 1845 2345 atque
1868 2276 2045 2330 venis-

479 2374 561 2422 set
618 2367 672 2420 in
714 2369 879 2421 alium
933 2369 1136 2431 locum,
1188 2367 1388 2423 iterum
1455 2368 1761 2423 aedificavit.
1821 2366 1928 2422 Sed
1979 2383 2045 2422 ex

478 2459 833 2530 instigatione
861 2458 1084 2521 diaboli,
1117 2458 1374 2514 inventus
1424 2469 1507 2514 est
1559 2459 1670 2513 illic
1722 2458 1890 2514 frater
1927 2460 2047 2528 qui—

477 2549 600 2602 dam
635 2551 686 2604 ei
711 2551 966 2605 inimicus
997 2566 1059 2604 ac
1083 2552 1370 2606 molestus.
1401 2549 1557 2605 Unde
1585 2565 1815 2620 surgens
1855 2564 2042 2614 senex,

481 2643 710 2696 secessit
739 2642 803 2696 ad
835 2643 1014 2695 vicum
1040 2658 1220 2708 suum,
1252 2643 1467 2711 sibique
1499 2642 1887 2696 monasterium
1922 2656 2048 2696 con-

478 2731 628 2796 fecit,
663 2731 717 2784 in
779 2747 888 2802 quo
917 2733 1190 2787 conclusit
1234 2749 1391 2802 sese.
1430 2733 1625 2787 Postea
1678 2747 1835 2787 senes
1876 2733 1978 2786 loci
2017 2749 2047 2788 e

478 2836 588 2890 quo
625 2821 854 2885 exierat,
890 2830 1232 2877 assumentes
1259 2823 1421 2876 etiam
1465 2821 1684 2876 fratrem
1730 2823 1822 2890 qui
1861 2822 2047 2876 simul-

481 2919 645 2967 tatem
688 2912 951 2968 adversus
977 2927 1098 2968 eum
1147 2913 1431 2976 habuerat,
1471 2922 1844 2982 perrexerunt,
1899 2929 2048 2982 roga-

480 3003 611 3068 turi,
651 3012 710 3056 ut
739 3003 1062 3058 reducerent
1098 3005 1152 3057 in
1200 3007 1610 3058 monasterium.
1657 3005 1902 3073 Cumque
1952 3019 2048 3072 ap-

481 3095 938 3164 pmpinquassent
977 3095 1097 3150 loco
1132 3097 1188 3149 in
1227 3111 1336 3166 quo
1371 3094 1596 3165 degebat
1640 3096 1806 3148 abbas
1857 3094 2042 3158 Sores,

481 3187 708 3242 melotcs
740 3201 869 3240 suas
897 3195 951 3240 et
987 3184 1210 3240 fratrem
1263 3202 1495 3254 quocum
1531 3186 1817 3240 dissidium
1867 3185 2045 3240 fuerat

482 3279 817 3348 reliquerunt
850 3276 1010 3345 juxta
1043 3293 1188 3331 eum.
1243 3274 1421 3347 thue
1457 3277 1833 3346 pulsaverunt,
1886 3293 2048 3332 senex

481 3372 734 3439 apposuit
760 3383 979 3438 parvam
1011 3370 1210 3423 scalam
1244 3408 1259 3432 ,
1302 3369 1599 3438 prospexit,
1647 3369 1865 3438 agnovit
1912 3369 2044 3432 ens',

480 3471 536 3516 et
575 3461 970 3530 interregavit:
1034 3458 1137 3514 Ubi
1187 3469 1316 3516 sunt
1368 3461 1595 3515 melotes
1651 3459 1891 3514 vestrae?
1939 3458 2050 3514 Re-

483 3553 865 3623 spmderunt:
904 3551 1005 3618 En,
1042 3552 1146 3606 hoc
1196 3552 1250 3606 in
1311 3552 1430 3606 loco
1468 3591 1482 3615 ,
1537 3566 1661 3605 cum
1716 3551 1807 3605 illo
1865 3551 2052 3605 fratre.

483 3643 787 3713 Postquam
824 3651 1006 3697 autem
1037 3657 1206 3697 senex
1233 3642 1439 3696 audivit
1477 3657 1674 3696 nomen
1728 3641 1915 3695 fratris
1963 3642 2054 3710 qui

478 3751 650 3791 causa
681 3735 917 3790 tristitiae
948 3735 1250 3800 exstiterat,
1286 3749 1397 3804 prae
1425 3733 1623 3804 gaudio
1670 3734 1861 3788 eduxit
1894 3749 2054 3788 secu-

483 3828 608 3892 rim,
658 3827 931 3898 confregit
989 3827 1214 3890 ostium,
1271 3841 1634 3896 egressusque
1689 3826 1935 3880 cucurrit
1987 3827 2055 3879 ad

481 3916 663 3970 locum
705 3917 759 3969 in
789 3930 898 3985 quo
924 3923 1044 3970 erat
1072 3916 1276 3981 frater;
1315 3931 1378 3969 ac
1436 3916 1589 3985 prior
1642 3915 1948 3969 incurvavit
1997 3932 2056 3971 se

487 4008 736 4078 supplex,
769 4009 1163 4078 amplexusque
1193 4017 1282 4062 est
1319 4007 1493 4074 illum,
1539 4017 1699 4077 atque
1755 4007 2059 4064 introduxit

487 4098 543 4151 in
578 4099 768 4152 cellam
802 4113 978 4152 suam.
1012 4097 1151 4152 Tum
1187 4114 1282 4168 per
1337 4107 1446 4154 tres
1490 4100 1607 4154 dies
1636 4100 1903 4155 recreavit
1935 4115 2052 4164 eos,

488 4204 656 4258 seque
708 4205 829 4243 cum
873 4190 1006 4258 ipsis
1044 4190 1378 4254 oblectavit,
1436 4191 1579 4260 quod
1615 4191 1793 4246 facere
1852 4207 2056 4262 nequa-

486 4294 649 4348 quam
681 4289 1040 4335 consueverat
1064 4297 1078 4345 ;
1104 4297 1335 4350 surgens
1363 4281 1617 4351 denique,
1647 4297 1752 4336 una
1781 4283 2058 4352 profectus

483 4381 590 4426 est.
627 4371 896 4426 Cmterum
944 4383 1132 4442 postea
1166 4372 1347 4428 factus
1409 4385 1492 4429 est
1558 4375 1888 4445 episcopus-
1928 4375 2056 4431 Erat

1631 333 1984 394 APPENDIX
2022 335 2113 388 AD
2146 335 2558 392 PALLADIUM.

2060 456 2108 512 Λ

3595 336 3694 392 300

2550 449 2691 519 Περὶ
2717 448 2823 504 τοῦ
2854 447 3003 506 ἀϐϐᾱ
3034 450 3283 504 Μωτίου.

2205 543 2273 597 α’.
2321 541 2571 612 ’Λδελφὺς
2596 541 2846 614 ἠρώτησε
2869 541 2957 595 τὸν
2987 540 3159 596 ἀϐϐἄν
3185 539 3398 594 Μώτιον
3419 542 3462 604 ⁵,,
3494 540 3664 608 λέγων
3682 558 3695 572 ο

2147 636 2270 690 Ἐὰν
2295 635 2510 689 ἀπέλθω
2536 638 2711 706 μεῖναι
2727 637 2804 699 εἰς
2829 635 3010 698 τόπον,
3039 634 3153 698 πῶς
3168 633 3341 697 θέλεις
3367 632 3533 697 διάξω
3555 636 3699 702 ἐκεῖ;

2134 727 2295 796 Λέγει
2316 727 2462 797 αύτῷ
2485 729 2513 779 6
2533 728 2736 797 γέρων·
2767 726 2892 780 Ἐὰν
2911 728 3137 797 οἱκήσῃς
3159 728 3234 789 εἰς
3258 726 3437 789 τόπον,
3457 725 3533 796 μὴ
3559 724 3706 794 θελήο

2137 837 2236 892 σῃς
2262 819 2509 874 ἐκϐαλεῖν
2533 819 2740 890 σεαυτῷ
2766 820 2936 890 ὄνομα
2963 818 3019 872 ἐν
3049 818 3266 883 τινι,ὅτι
3295 819 3393 870 οὐκ
3416 817 3703 888 ἐξέρχομαι

2135 915 2214 975 είς
2243 911 2479 976 σύναξιν,
2497 911 2530 982 ἢ
2551 915 2630 975 είς
2656 912 2873 983 ἀγάπην
2893 913 2991 964 οὐκ
3021 911 3200 964 ἐσθίω.
3216 910 3395 963 Ταῦτα
3411 911 3519 980 γὰρ
3539 908 3706 979 ὄνομα

2137 1001 2350 1053 ποιοῦσι
2381 1001 2552 1065 κενὸν,
2583 1001 2676 1054 καὶ
2707 1000 2929 1070 ὕστερον
2949 1001 3219 1071 εὑρίσκεις
3249 1000 3482 1070 ὄχλησιν.
3509 1001 3571 1051 Oi
3602 999 3704 1069 γὰρ

2137 1092 2441 1164 ἄνθρωποι.
2484 1095 2614 1146 ὅπου
2664 1093 2973 1162 εὑρίσκουσι
3025 1093 3230 1156 ταῦτα,
3265 1093 3380 1144 ἐκεῖ
3432 1091 3703 1161 τρέχουσι.

2137 1184 2297 1252 Λέγει
2332 1180 2423 1237 οὖν
2465 1183 2612 1254 αὐτῷ
2659 1186 2686 1237 6
2715 1184 2972 1254 ἀδελφόςο
3022 1183 3085 1237 Τί
3114 1180 3205 1237 οὖν
3243 1184 3485 1253 ποιήσω;
3547 1183 3705 1250 Λέγει

2138 1279 2166 1328 6
2203 1276 2377 1346 γέρων
2401 1293 2413 1304 ·
2454 1277 2628 1328 Ὅπου
2671 1276 2764 1328 ἐὰν
2797 1275 3053 1348 καθίσῃς,
3115 1275 3244 1338 ἴσως
3307 1273 3444 1344 μετά
3490 1274 3706 1327 πάντων

2137 1368 2414 1421 ἀκολούθει
2438 1385 2449 1397 ·
2471 1369 2563 1422 καὶ
2591 1367 2644 1420 εῖ
2679 1387 2730 1421 τι
2762 1368 2974 1438 βλέπεις
3000 1368 3124 1430 τοὺς
3152 1367 3395 1430 εὐλαϐεῖς
3424 1366 3706 1428 ποιοῦντας

2140 1462 2219 1523 είς
2261 1461 2354 1525 οὓς
2403 1439 2744 1533 πληροφορῇ,
2783 1460 3029 1530 ποίησον,
3073 1461 3164 1513 κα)⁵
3215 1459 3490 1531 ἀναπαύῃ.
3537 1457 3707 1510 Τοῦτο

2139 1550 2247 1621 γὰρ
2273 1551 2600 1614 ταπείνωσις
2629 1552 2768 1616 ἐστι,
2805 1551 2863 1603 τὸ
2892 1545 3032 1604 εἷναί
3060 1568 3120 1602 σε
3155 1550 3349 1616 ἐπίσης
3374 1550 3572 1603 αὐτῶν.
3601 1549 3708 1600 Καὶ

2139 1645 2184 1695 οἱ
2219 1642 2493 1712 ἄνθρωποι
2521 1642 2850 1714 θεωροῦντες
2885 1661 2942 1695 σε
2976 1644 2995 1674 ⁶
3041 1641 3380 1708 ἐκϐαίνοντα,
3427 1641 3613 1713 ἔχουσί
3649 1658 3706 1693 σε

2147 1733 2343 1804 ἐπίσης
2380 1734 2626 1789 πάντων·
2667 1735 2760 1787 καὶ
2792 1734 2968 1798 οὐδείς
2995 1751 3076 1788 σοι
3103 1735 3268 1806 ὀχλεῖ.

2216 1976 2282 2045 β’.
2324 1976 2632 2047 Διηγήσατο
2665 1977 2915 2048 περὶτοῦ
2955 1976 3099 2030 eaea
3141 1977 3356 2031 Μωτίου
3397 1979 3426 2030 6
3462 1975 3712 2047 μαθητὴς

2146 2067 2310 2120 αὑτοῦ
2343 2068 2515 2132 ἀϐϐἄς
2554 2069 2737 2122 Ίσαάκ
2757 2085 2770 2099 ·
2801 2069 3101 2141 ἀμφότεροι
3127 2069 3183 2122 δὲ
3217 2069 3466 2138 ἐγένοντο
3492 2069 3714 2122 ἐπίσκο-

2146 2177 2265 2212 ποι·
2311 2161 2393 2213 ὅτι
2437 2161 2652 2231 πρῶτος
2677 2163 2696 2192 ⁷
2729 2161 3044 2232 ᾠκοδόμησε
3075 2163 3431 2232 μοναστήριον
3463 2164 3490 2214 6
3536 2162 3715 2232 γέρων

2147 2251 2226 2313 είς
2272 2251 2363 2306 τὸν
2406 2252 2714 2323 Ἠρακλᾶνο
2771 2254 2865 2307 καὶ
2921 2253 2996 2316 ώς
3063 2251 3406 2324 ἀνεχώρησεν
3460 2253 3712 2313 ἐκεῖθεν,

2147 2341 2386 2411 ἀπῆλθεν
2444 2345 2522 2406 εἰς
2568 2343 2755 2415 ἓτερον
2812 2344 3010 2413 τύπον,
3062 2344 3156 2398 καὶ
3203 2343 3551 2414 ᾠκοδόμησεν
3599 2344 3717 2394 ἐκεῖ

2147 2436 2344 2490 πάλιν.-
2387 2438 2496 2490 Καὶ
2535 2439 2654 2490 κατ’
2701 2437 2980 2507 ἐνέργειαν
3025 2437 3120 2490 τοῦ
3184 2437 3463 2500 διαϐόλου,
3513 2436 3716 2506 εὑρέθη

2147 2530 2372 2599 ἀδελφός
2398 2547 2481 2594 τις
2513 2531 2812 2602 ἐχθραίνων
2841 2531 3013 2602 αὐτῷ,
3039 2531 3133 2584 καὶ
3163 2530 3356 2583 θλίϐων
3387 2530 3571 2581 αὑτὸν.
3607 2530 3718 2581 Καὶ

2147 2623 2382 2688 ἀναστὰς
2411 2626 2438 2676 6
2470 2625 2646 2696 γέρων
2676 2623 3020 2696 ἀνεχώρησεν
3060 2625 3140 2687 είς
3177 2625 3276 2695 τὴν
3314 2624 3448 2676 ἰδίαν
3483 2622 3712 2692 κώμην·

2149 2717 2242 2770 καὶ
2281 2717 2533 2788 ἐποίησεν
2583 2717 2761 2788 ἐαυτῷ
2814 2718 3207 2789 μοναστήριον,
3256 2716 3350 2768 καὶ
3411 2715 3719 2768 ἐνέκλεισεν

2151 2809 2361 2862 ἑαυτόν.
2418 2809 2528 2861 Καὶ
2587 2808 2723 2878 μετὰ
2785 2808 2975 2878 χρόνον
3015 2805 3175 2878 ἦλθον
3225 2809 3275 2860 οἱ
3313 2808 3566 2878 γέροντες
3618 2807 3714 2860 τοῦ

2148 2902 2312 2954 τόπου
2342 2901 2463 2955 ὅθεν
2484 2901 2802 2972 ἐξῆλθε,κα“ι
2820 2901 3075 2965 λαϐόντες
3104 2901 3304 2954 καὶτὸν
3328 2901 3552 2970 ἀδελφὸν
3583 2902 3718 2953 ὅπου

2150 2989 2261 3063 εἶχε
2299 2995 2433 3065 πρὸς
2471 2994 2630 3047 αὑτὸν
2675 2995 2773 3064 τὴν
2815 2993 3019 3063 λύπην,
3053 2993 3292 3064 ἀπῆλθον
3341 2993 3720 3062 παρακαλέσαι

2150 3087 2332 3150 αὑτὸν,
2363 3086 2448 3139 ἵνα
2479 3087 2771 3155 ἐνέγκωσιν
2801 3087 2962 3140 αὑτὸν
2995 3089 3073 3149 είς
3097 3085 3193 3157 τὴν
3226 3086 3391 3156 μονὴν
3420 3086 3605 3138 αὑτοῦ.
3637 3087 3722 3148 Ὡς

2154 3178 2210 3230 δὲ
2238 3179 2469 3247 ἤγγισαν
2490 3179 2623 3237 ὅπου
2644 3174 2711 3249 ἦν
2733 3181 2761 3232 6
2784 3178 2957 3241 ἀϐϐἇς
2979 3177 3185 3249 Σώρης,
3209 3178 3423 3248 ἀφῆκαν
3443 3177 3512 3230 τὰ
3541 3177 3723 3247 μηλω-

2155 3272 2316 3342 τάρια
2343 3271 2519 3327 αὐτῶν
2545 3272 2710 3340 ἐγγὺς
2735 3271 2919 3335 αὐτοῦ,
2939 3271 3032 3324 καὶ
3061 3270 3150 3324 τὸν
3171 3270 3396 3340 ἀδελφὸν
3412 3269 3501 3323 τὸν
3531 3269 3723 3340 ἔχοντα

2154 3363 2251 3434 τὴν
2279 3363 2476 3435 λύπην.
2504 3365 2613 3417 Καὶ
2637 3364 2713 3426 ὡς
2734 3363 3017 3434 ἔκρουσαν,
3038 3362 3218 3433 βάλλει
3244 3366 3272 3416 6
3298 3363 3474 3433 γέρων
3509 3363 3571 3415 τὸ
3605 3362 3723 3415 κλιο

2159 3459 2375 3526 μάκιον,
2407 3459 2499 3510 καὶ
2535 3456 2903 3528 παρακύπτει,
2946 3456 3039 3509 καὶ
3081 3455 3334 3526 γνωρίζει
3376 3454 3594 3519 αὐτοὺς,
3628 3456 3725 3507 καὶ⁵

2155 3549 2334 3616 λέγει’
2374 3531 2481 3601 ίῖοῦ
2523 3549 2590 3601 τὰ
2619 3548 2938 3620 μηλωτάρια
2967 3547 3156 3618 ὑμῶν;
3188 3549 3249 3601 Οἱ
3281 3546 3337 3598 δὲ
3369 3543 3525 3598 εἷπον
3545 3563 3559 3576 ο
3591 3545 3726 3598 Ἰδοὺ

2157 3637 2257 3695 ὦδε
2296 3642 2432 3712 μετά
2453 3641 2605 3694 τοῦδε
2628 3640 2721 3694 τοῦ
2748 3639 2998 3708 ἀδελφοῦ.
3040 3641 3126 3702 Ὠς
3152 3638 3208 3691 δέ
3235 3639 3434 3708 ἤκουσε
3462 3637 3525 3689 τὸ
3551 3637 3726 3707 δνομα

2155 3733 2248 3786 τοῦ
2278 3731 2505 3800 ἀδελφοῦ
2565 3731 2658 3784 τοῦ
2701 3731 3040 3802 λυπήσαντος
3085 3730 3267 3794 αὐτὸν,
3325 3732 3354 3782 6
3387 3730 3568 3799 γέρων
3619 3729 3728 3782 ἀπὸ

2155 3827 2328 3896 χαρᾶς
2367 3824 2566 3877 ἐϐαλεδ
2595 3825 2846 3888 πέλεκυν,
2878 3824 2970 3877 καὶ
3012 3823 3343 3893 κατέστρεψε
3387 3823 3485 3892 τὴν
3530 3821 3725 3893 θύραν,

2157 3917 2251 3968 καὶ
2295 3914 2484 3986 ἐξῆλθε
2521 3914 2728 3987 τρέχων
2757 3915 2890 3967 ὅπου
2926 3911 2992 3985 ἦν
3021 3915 3050 3966 6
3100 3912 3351 3980 ἁδελφός·
3382 3914 3478 3964 καὶ
3536 3911 3730 3964 ἔϐαλεν

2159 4007 2305 4077 αὐτῷ
2346 4007 2634 4076 μετάνοιαν
2666 4006 2900 4077 πρῶτος,
2929 4007 3023 4059 καὶ
3064 4005 3348 4074 ἠσπάσατο
3392 4004 3593 4057 αὐτόν·
3638 4005 3732 4058 καὶ

2155 4102 2468 4171 εἰσήνεγκεν
2523 4101 2681 4152 αὑτὸν
2743 4101 2822 4164 είς
2873 4099 2933 4151 τὸ
2975 4098 3181 4152 κελλξον
3239 4096 3400 4150 αὑτοῦ
3429 4113 3442 4127 ·
3493 4097 3589 4149 καὶ
3640 4097 3734 4148 ἐπὶ

2156 4196 2304 4264 τρεῖς
2332 4192 2546 4264 ἡμέρας
2572 4191 2841 4262 εὔφρανεν
2882 4189 3077 4252 αύτούς
3097 4207 3109 4218 ·
3147 4190 3240 4242 καί⁸
3265 4188 3426 4250 αὐτὸς
3472 4189 3590 4258 μετ’
3630 4187 3732 4240 αὐ-

2155 4287 2296 4340 τῶν’
2329 4289 2466 4358 ὅπερ
2510 4287 2610 4339 οὐκ
2642 4281 2751 4356 εἶχε
2795 4283 3076 4354 συνήθειαν
3109 4285 3279 4334 ποιεῖν
3300 4297 3313 4311 ⁸
3350 4280 3444 4334 καὶ
3489 4279 3737 4340 ἀναστὰς

2158 4380 2422 4452 ἐπορεύθη
2475 4379 2589 4450 μετ’
2639 4377 2842 4432 αὐτῶν.
2883 4376 2992 4429 Καὶ
3022 4375 3160 4446 μετά
3209 4375 3382 4427 ταῦτα
3433 4373 3738 4433 ἐπίσκοπος

483 4465 629 4520 enim
659 4464 1046 4518 miraculorum
1083 4464 1320 4520 effector.
1358 4465 1464 4521 Sed
1501 4477 1554 4521 et
1579 4467 1908 4536 discipulum
1931 4469 2044 4538 ejus

2157 4469 2398 4537 γέγονεν.
2443 4464 2549 4520 Ἦν
2604 4466 2712 4538 γὰρ
2756 4465 3132 4536 σημειοφόρος,
3173 4465 3282 4518 Καὶ
3335 4464 3428 4516 τὸν
3481 4462 3738 4533 μαθητὴν

483 4557 736 4610 abbatem
825 4556 1068 4612 lsaacum
1147 4557 1337 4612 beatus
1411 4559 1645 4628 Cyrillus
1736 4559 2049 4629 episcopum

483 4664 604 4703 crea
615 4650 709 4702 vit.

959 4762 1036 4818 De
1061 4763 1247 4818 abbate
1282 4763 1564 4836 Megethio.

559 4875 609 4928 1.
665 4874 918 4931 Relatum
968 4877 1069 4933 fuit
1123 4877 1190 4934 de
1277 4879 1470 4934 abbate
1534 4879 1825 4950 Megethio,
1906 4883 2048 4950 quod

486 4983 710 5038 egresso
743 4985 808 5023 eo
837 4986 866 5023 e
897 4971 1053 5035 cella,
1114 4971 1161 5025 si
1189 4980 1421 5027 mentem
1478 4973 1737 5026 subiisset
1795 4973 2052 5042 cogitatio

485 5059 773 5114 secedendi
803 5061 999 5125 eloco,
1028 5077 1133 5115 non
1169 5063 1545 5133 regrederetur
1567 5065 1619 5117 in
1646 5064 1837 5118 cellam
1870 5079 2048 5118 suam.

481 5147 626 5202 Nihil
666 5151 866 5220 quippe
907 5151 1148 5206 materiae
1174 5168 1240 5206 ex
1304 5153 1404 5207 hoc
1458 5154 1658 5206 seculo
1707 5151 2046 5222 possidebat,

481 5244 586 5296 nisi
620 5257 777 5297 acum
811 5256 972 5296 unam
1009 5257 1114 5311 qua
1141 5244 1346 5313 palmas
1377 5259 1504 5298 suas
1529 5243 1832 5298 scindebat.
1869 5244 2050 5296 Conli-

479 5336 657 5391 cicbat
694 5336 838 5390 enim
892 5336 1133 5395 quotidie
1193 5347 1304 5393 tres
1358 5339 1670 5408 sportellas,
1730 5337 1872 5391 unde
1930 5338 2044 5392 alc-

481 5437 664 5482 batur.

544 5585 564 5613 ⁸
605 5585 687 5637 Al.
721 5586 916 5640 Ματόῖ.
991 5589 1010 5616 ⁶
1048 5584 1108 5638 F.
1135 5586 1302 5641 inser.
1345 5589 1462 5645 οὐκ.
1541 5591 1560 5622 ⁷
1597 5589 1657 5648 F.
1703 5589 1958 5660 πρώτως.

548 5742 659 5816 ($7)
697 5744 800 5800 Vit.
839 5744 990 5798 Patr.
1027 5762 1143 5813 vm,
1173 5745 1228 5798 2.

2159 4559 2325 4613 αὐτοῦ
2356 4559 2608 4629 ἐποίησεν
2642 4558 2934 4611 ἐπίσκοπον
2965 4560 2993 4610 6
3024 4557 3287 4630 μακάριος
3317 4555 3586 4626 Κύριλλος
3644 4556 3739 4607 τὸν

2161 4651 2334 4705 ἁϐϐᾶν
2372 4651 2576 4705 Ἰσαάκ.

2549 4762 2687 4830 Περὶ
2714 4762 2819 4816 τοῦ
2849 4760 2996 4816 ἀόϐᾶ
3027 4762 3335 4831 Mercator).

2231 4884 2297 4930 α’.
2343 4877 2565 4945 Ἔλεγον
2595 4877 2722 4947 περὶ
2747 4877 2841 4928 τοῦ
2871 4876 3014 4929 ἀϐϐᾶ
3041 4874 3333 4942 Μεγεθίου,
3361 4875 3441 4927 ὅτι
3466 4873 3746 4945 ἐξήρχετο

2155 4969 2246 5022 τοῦ
2278 4969 2489 5023 κελλίου
2511 4987 2524 5000 ·
2556 4970 2650 5022 καὶ
2689 4970 2734 5021 εἰ
2769 4970 2966 5039 ἤρχετο
3017 4968 3164 5038 αύτῷ
3210 4968 3468 5038 λογισμὸς
3517 4969 3746 5038 ἀναχω-

2159 5065 2317 5134 ρῆσαι
2352 5065 2415 5116 ἐκ
2435 5063 2528 5116 τοῦ
2553 5063 2738 5129 τόπου,
2770 5064 2870 5115 οὐκ
2911 5063 3258 5130 ἀνέκαμπτεν
3294 5063 3370 5124 εἰς
3406 5062 3502 5131 τὴν
3535 5063 3747 5114 κὲλλαν

2161 5159 2345 5211 αὑτοῦ.
2367 5157 2498 5211 eoae
2524 5158 2630 5230 γὰρ
2659 5152 2770 5225 εἶχέ
2796 5155 2848 5207 τί
2868 5173 2996 5208 ποτε
3019 5153 3112 5206 τοῦ
3132 5154 3327 5216 αἰῶνος
3355 5153 3548 5206 τούτου
3579 5155 3743 5226 ὓλην,

2160 5253 2207 5302 εἰ
2239 5251 2312 5322 μὴ
2363 5251 2558 5323 ῥαφίδα
2589 5250 2715 5320 μίαν
2749 5249 2882 5300 ὅπου
2926 5249 2993 5300 τὰ
3031 5246 3219 5299 θαλλία
3257 5245 3498 5316 ἔσχιζεν
3545 5249 3751 5320 είργά-

2158 5340 2281 5405 ζετο
2309 5342 2417 5414 γὰρ
2443 5340 2565 5395 καθ’
2598 5340 2808 5412 ἡμέραν
2837 5339 2963 5410 τρία
2995 5338 3253 5409 μαλάκια,
3281 5338 3342 5390 τὸ
3381 5336 3481 5407 τῆς
3518 5341 3752 5409 τροφῆς

2161 5436 2344 5490 αὐτοῦ.

2043 5594 2064 5623 ³
2097 5591 2181 5646 Al.
2231 5591 2411 5644 ἔλαϐε.

2230 5743 2338 5821 (48)
2385 5749 2486 5805 Vit.
2533 5749 2687 5804 Patr.
2716 5765 2797 5820 ιιι,
2834 5751 2887 5804 4.
