3874 6388
221 383 320 442 861

1377 375 1978 435 ΔΡΟΡΗΤΗΕΟΜΑΤΑ
2021 375 2328 432 PATRUM.

3343 364 3452 424 5ῧὲ

295 499 362 568 β’.
399 497 624 566 Ἔλεγον
651 497 780 567 περὶ
804 493 898 549 τοῦ
917 495 1172 567 δευτέρου
1191 495 1302 566 (49)
1332 495 1472 549 ἀϐϐἄ
1499 495 1787 564 Μεγεθίου,
1819 548 1820 553 η

1967 491 2024 548 2.
2062 493 2288 547 Aiebam
2323 490 2390 545 de
2441 487 2686 546 secundo
2735 487 2928 542 abbate
2979 483 3269 556 Megethio,
3305 483 3452 552 quod

223 592 306 644 ὅτι
353 585 422 659 ἦν
467 587 722 650 ταπεινὸς
765 587 1003 658 σφόδρα,
1051 587 1409 658 μαθητευθεὶς
1461 583 1589 658 παρ’
1629 587 1794 654 Λίγυ-

223 682 422 746 πτίοις,
456 679 550 732 καὶ
580 677 856 748 συντυχὼν
896 677 1110 742 πολλοῖς
1133 679 1376 749 γέρουσι,
1411 679 1504 732 καὶ
1537 678 1620 748 ,τῷ
1652 677 1794 749 ἀϐϐᾷ

221 773 408 842 Σισὸῃ,
443 771 538 824 καὶ
574 769 654 840 τῷ
681 769 823 839 ἀϐϐᾷ
846 770 1095 840 Ποιμένι.
1127 771 1346 840 Ἔμεινε
1383 770 1440 822 δὲ
1472 772 1565 824 καὶ
1591 772 1670 835 είς
1695 787 1792 822 πο-

219 866 396 933 ταμὸν
427 865 510 926 είς
535 862 595 915 τὸ
624 861 772 915 Σινά.
793 861 903 915 Kal.
927 861 1124 930 συνέϐη
1148 860 1270 914 τινὰ
1293 861 1400 914 τῶν
1427 862 1596 930 ἁγίων
1621 879 1796 931 παρα-

222 956 408 1008 ϐαλεῖν
451 953 603 1025 αὐτῷ
629 955 724 1022 (ὡς
760 953 918 1017 αὐτὸς
943 952 1287 1025 διηγήσατο),
1317 953 1410 1006 καὶ
1445 953 1592 1020 λέγει
1614 952 1792 1022 αὐτῷ·

223 1045 348 1108 Πῶς
383 1045 615 1113 διάγεις,
661 1043 891 1112 ἀδελφέ,
944 1047 1000 1098 ὲν
1044 1046 1110 1114 τῇ
1157 1045 1347 1114 ἐρήμῳ
1399 1029 1604 1114 emitr];
1643 1045 1700 1095 Ὀ
1742 1043 1800 1096 δὲ

222 1133 346 1188 εἷπε
367 1153 382 1166 ’
441 1135 707 1204 Νηστεύω
740 1134 834 1187 δύο
863 1134 988 1196 δύο,
1018 1135 1112 1188 καὶ
1155 1134 1250 1186 ἕνα
1282 1135 1443 1204 ἄρτον
1473 1133 1654 1186 ἐσθίω.
1689 1133 1800 1186 Kal.

223 1227 374 1294 λέγει
399 1243 530 1297 μοι·
561 1227 622 1278 Εἰ
655 1225 828 1288 θέλεις
861 1224 1089 1278 ἀκοῦσαί
1120 1241 1242 1296 μου,
1281 1225 1421 1292 φάγε
1444 1224 1564 1276 καθ’
1588 1223 1801 1294 ἡμέραν

221 1318 286 1370 τὸ
313 1319 492 1388 ἦμισυ
527 1315 622 1369 τοῦ
653 1316 842 1385 ἄρτου.
873 1317 982 1368 Καὶ
1007 1317 1239 1378 ποιήσας
1271 1314 1443 1378 οὕτως
1476 1307 1632 1382 εὗρεν
1667 1313 1799 1367 ἀνά-

225 1427 460 1462 παυσιν.

307 1509 384 1570 γ’.
425 1501 748 1572 Ἦρώτησάν
771 1517 914 1564 τινες
943 1498 1050 1552 τῶν
1081 1499 1339 1570 Πατέρων
1370 1498 1460 1552 τὸν
1488 1496 1658 1551 ἀϐϐἄν
1688 1499 1803 1552 Με-

227 1592 436 1662 γέθιον,
461 1592 712 1660 λέγοντες
730 1609 746 1624 ο
789 1593 915 1644 Ἐὰν
956 1591 1344 1662 περισσεύηται
1388 1589 1575 1662 ’έψημα
1601 1593 1680 1653 είς
1709 1589 1804 1661 τὴν

229 1686 402 1754 ἄλλην
429 1687 666 1756 ἡμέραν,
699 1685 870 1748 θέλεις
900 1687 986 1738 ἵνα
1015 1685 1260 1754 φάγωσιν
1286 1686 1336 1736 οἱ
1367 1683 1617 1752 ἀδελφοί;
1644 1681 1806 1752 Λέγει

231 1779 420 1840 αὐτοῖς
448 1780 478 1829 ὁ
509 1777 686 1845 γέρων
705 1795 718 1807 ·
761 1777 890 1830 Ἐὰν
915 1778 1226 1847 ἠρήμωται,
1258 1773 1356 1827 οὒκ
1381 1775 1496 1827 ἔστι
1529 1775 1690 1828 καλὸν
1722 1775 1808 1826 ἵνα

1895 595 2042 640 esset
2069 585 2224 639 valde
2255 583 2500 646 humilis,
2531 580 2757 635 edoctus
2801 579 2870 632 ab
2897 577 3190 648 Egyptiis,
3225 583 3278 630 et
3327 591 3455 629 con-

1897 691 2118 745 gressus
2145 691 2270 730 cum
2315 673 2500 728 multis
2523 672 2768 735 senibus,
2800 685 3033 739 cumque
3071 667 3267 722 abbate
3297 665 3456 720 Sisoe

1897 775 1951 820 et
2004 766 2197 820 abbate
2249 763 2528 820 Parmeno.
2571 763 2768 817 Mansit
2816 769 2996 816 autem
3039 761 3105 814 ad
3137 759 3362 812 {luvium
3399 765 3452 810 in

1904 855 2054 908 Sina.
2085 853 2278 918 Porro,
2309 853 2450 924 quod
2507 855 2622 922 ipse
2651 851 2932 913 narrabat,
2984 849 3215 918 contigit
3249 857 3306 900 ut
3356 848 3457 898 ali-

1907 949 2029 1016 quis
2059 955 2366 1002 sanctorum
2393 945 2710 1000 conveniret
2737 959 2858 997 eum
2887 960 2900 998 ;
2938 941 3030 1012 qui
3057 941 3190 994 dixit
3218 940 3269 994 ei
3294 955 3310 993 :
3361 937 3456 991 Vi-

1899 1045 2010 1090 tam
2040 1036 2312 1105 quomodo
2372 1035 2612 1089 traducis
2643 1033 2700 1087 in
2734 1049 2916 1088 eremo
2948 1033 3068 1097 bac,
3101 1031 3311 1086 frater?
3351 1032 3459 1084 lte-

1902 1126 2123 1196 sp0ndit
2145 1145 2158 1179 :
2184 1125 2382 1195 Jejuno
2407 1125 2472 1178 ad
2502 1125 2685 1189 bidua,
2724 1141 2889 1178 unum
2917 1140 3111 1194 panem
3143 1123 3458 1178 comedens.

1901 1218 2038 1272 Tum
2098 1219 2228 1272 ille:
2281 1217 2338 1272 Si
2374 1217 2534 1272 audis
2592 1216 2890 1270 consilium
2951 1231 3151 1276 meum,
3214 1215 3460 1285 quotidie

1901 1309 2158 1364 comedes
2185 1308 2466 1362 dimidium
2501 1308 2676 1377 panis.
2702 1305 2857 1372 Quod
2883 1321 3006 1360 cum
3037 1304 3275 1374 fecisset,
3309 1306 3460 1360 inve-

1902 1399 1984 1454 nit
2009 1400 2266 1468 quietem.

1978 1493 2034 1548 5.
2063 1491 2296 1557 Quidam
2323 1507 2354 1546 e
2388 1491 2644 1546 Patrihus
2691 1493 3163 1564 interrogaverunt
3208 1495 3458 1550 abbatem

1909 1583 2280 1653 Megethium:
2339 1583 2396 1636 Si
2426 1582 2754 1652 superfuerit
2805 1584 3140 1654 pulmentum
3177 1585 3242 1638 ad
3300 1586 3460 1638 aliam

1907 1672 2072 1736 diem,
2105 1673 2260 1726 visne
2291 1679 2350 1725 ut
2388 1673 2718 1726 manducent
2745 1672 2880 1726 illud
2915 1670 3160 1728 fratres?
3197 1673 3340 1728 Dicit
3377 1674 3464 1728 eis

1913 1776 2126 1816 senex:
2167 1761 2498 1830 Corruptum
2555 1763 2601 1816 si
2659 1759 2840 1825 fuerit,
2894 1777 3006 1816 non
3037 1773 3242 1816 rectum
3296 1771 3466 1818 estut

227 1839 656 1936 ἀναγκασθῶσιν
682 1870 732 1921 οἱ
771 1839 988 1936 ἀδελφοὶ
1011 1839 1217 1936 ’ξραγεῖν
1253 1866 1403 1930 αὐτὸ,
1447 1867 1538 1918 καὶ
1577 1866 1806 1936 ἀσθενὴ-

1930 1861 2185 1922 :ogantur
2217 1850 2411 1906 fratres
2434 1849 2569 1904 illud
2626 1851 2928 1916 comedere,
2961 1851 3105 1906 unde
3154 1853 3468 1919 aegrotaturi

229 1977 406 2012 σωσιν
426 1999 442 2023 ,
481 1960 618 2013 ἀλλὰ
639 1963 769 2032 ριφῇ
789 1977 801 1990 ’
835 1958 928 2012 ἐὰν
955 1959 1012 2012 δὲ
1040 1958 1200 2012 καλὸν
1231 1959 1368 2023 ἐστι,
1398 1958 1490 2010 καὶ
1517 1957 1604 2009 διὰ
1645 1957 1808 2028 στρῆ-

225 2069 324 2116 νος
359 2056 516 2124 ριερῇ,
545 2053 642 2105 καὶ
675 2051 802 2104 ἄλλο
821 2051 1015 2122 ἑψηθῇ,
1047 2049 1204 2103 τοῦτο
1234 2049 1398 2102 κακόν
1431 2051 1596 2104 ἐστιν.

303 2225 374 2280 δ’.
415 2217 554 2277 Eia-.2
595 2222 790 2276 πάλινο
847 2221 934 2274 Ἑν
978 2223 1119 2292 ἀρχῇ
1165 2220 1255 2272 ὅτε
1288 2216 1628 2288 συνηγόμεθα
1676 2216 1812 2286 πρὸς

231 2316 526 2386 ἀλλήλους,
555 2317 648 2368 καὶ
681 2313 972 2381 ἐλαλοῦμεν
1005 2313 1133 2383 περὶ
1157 2310 1420 2381 ὠφελείας
1455 2308 1814 2380 συγκροτοῦν-

229 2425 328 2469 τες
381 2407 670 2476 ἀλλήλους,
707 2404 995 2474 ἐγινόμεθα
1027 2403 1179 2472 χοροὶ⁸
1227 2403 1410 2472 χοροὶ,
1453 2403 1546 2454 καὶ
1579 2400 1814 2469 ἁνηρχό-

239 2499 388 2570 μεθα
441 2502 522 2561 εἰς
573 2499 699 2560 τοὺς
729 2495 1008 2568 οὐρανούς.
1037 2495 1170 2547 Νυνὶ
1210 2494 1266 2546 δὲ
1316 2492 1677 2563 συναγόμεθα,
1723 2493 1816 2544 καὶ

237 2587 322 2654 εἷς
376 2589 472 2642 τὸν
509 2589 607 2642 ἕνα
655 2589 732 2651 είς
777 2585 1106 2640 καταλαλιὰν
1139 2583 1456 2656 ἐρχόμενοι,
1508 2582 1817 2653 κατάγομεν

233 2684 420 2738 κάτω.

711 2791 852 2861 Περὶ
887 2791 992 2845 τοῦ
1023 2789 1170 2847 ἀϐϐᾶ
1205 2789 1384 2854 Μιώς.

325 2913 390 2958 α’.
433 2903 606 2960 Εἶπεν
637 2906 664 2956 ὁ
699 2903 869 2967 ἀϐϐἄς
907 2903 1060 2966 Μιὼς
1087 2903 1115 2954 ὁ
1156 2901 1250 2954 τοῦ
1285 2901 1498 2962 Βελέου,
1530 2901 1611 2952 ὅτι
1653 2901 1684 2969 ἡ
1717 2900 1820 2951 ὐπ-

239 2997 388 3065 ακοὴ
438 2995 562 3048 ἀντὶ
602 2994 846 3064 ὑπακοῆς
893 2995 1057 3046 ἐστιν.
1087 2991 1152 3044 Εἴ
1177 3010 1260 3054 τις
1294 2989 1554 3045 ὑπακούει
1581 2989 1659 3060 τῷ
1681 2988 1820 3058 Θεῷ,

241 3091 274 3140 ὁ
307 3087 444 3149 Θεὸς
474 3086 742 3139 ὑπακούει
770 3085 950 3138 αὑτὸν.

1912 1953 2062 2008 sunt,
2095 1945 2188 2000 sed
2234 1944 2574 2014 projiciatur.
2605 1944 2664 1998 Si
2694 1958 2823 1998 vero
2849 1944 3050 1998 bonum
3075 1955 3177 2006 est,
3214 1947 3469 2014 projicia-

1913 2049 2110 2107 turque
2133 2052 2230 2106 per
2263 2035 2483 2095 fastum.
2520 2045 2572 2089 et
2595 2043 2863 2104 coquatur
2893 2036 3064 2098 aliud,
3098 2050 3160 2090 ea
3201 2052 3287 2090 res
3328 2039 3470 2090 mula

1911 2136 2014 2184 est.
2477 2111 2486 2122 “

1983 2219 2035 2272 4.
2068 2217 2212 2272 Dixit
2240 2220 2437 2273 iterum
2465 2235 2481 2273 :
2513 2218 2675 2272 Initio
2711 2233 2835 2272 cum
2864 2219 2920 2272 in
2947 2233 3112 2272 unum
3142 2218 3466 2274 convenire—

1914 2326 2058 2373 mus,
2091 2318 2146 2364 et
2169 2311 2516 2380 loqueremur
2549 2311 2616 2364 de
2647 2311 2840 2364 animae
2869 2311 3122 2378 utilitate,
3151 2325 3250 2364 nos
3283 2318 3472 2366 mutuo

1913 2399 2285 2460 exhortantes.
2331 2414 2550 2454 eramus
2585 2400 2738 2454 ebori
2768 2400 2943 2462 ebori,
2966 2410 3020 2454 et
3047 2400 3472 2454 ascendebamus

1915 2491 1970 2545 in
2022 2490 2208 2545 ccelos.
2245 2489 2400 2545 Nune
2435 2505 2564 2544 vero
2615 2505 3026 2561 congregatum,
3061 2499 3114 2546 et
3173 2507 3313 2546 unus
3343 2507 3467 2546 cum

1917 2579 2022 2633 alio
2064 2582 2128 2632 ad
2177 2581 2568 2635 detractionem
2606 2582 2883 2636 venientes
2909 2621 2924 2646 ,
2985 2581 3365 2635 descendimus
3414 2583 3470 2635 in

1919 2671 2210 2726 infernum.

2471 2788 2547 2844 De
2570 2789 2756 2844 abbate
2777 2787 2834 2843 Μ
2839 2791 2932 2844 ias.

2001 2901 2050 2958 1.
2079 2901 2222 2957 Dixit
2251 2905 2419 2960 abbas
2450 2904 2607 2969 Mios,
2642 2907 2730 2960 ille
2759 2905 2902 2960 Belei
2931 2924 2942 2960 :
2979 2902 3338 2958 Obaudicntia
3384 2917 3479 2973 pro

1923 2995 2271 3050 obaudientia
2311 3005 2414 3052 est.
2447 2995 2503 3052 Si
2529 2999 2652 3068 quis
2687 2997 2796 3052 Deo
2847 2996 3170 3061 obaudierit,
3205 2995 3347 3050 Deus
3380 2995 3482 3050 ob—

1923 3087 2108 3141 audiet
2135 3103 2283 3141 eum.
2711 3083 2718 3090 ’

323 3178 392 3248 β’.
429 3173 568 3230 Εἷπε
603 3176 763 3229 πάλιν
798 3176 922 3246 περί
963 3192 1105 3240 τινος
1135 3174 1407 3245 γέροντος,
1447 3173 1529 3226 ὅτι
1555 3168 1623 3243 ἦν
1669 3173 1726 3224 ὲν
1755 3174 1820 3244 τῇ

1995 3178 2048 3232 2.
2087 3179 2203 3250 (51)
2236 3178 2379 3234 Dixit
2413 3180 2604 3235 iterum
2633 3181 2702 3235 de
2733 3181 2963 3250 quodam
2999 3194 3160 3245 sene,
3194 3182 3339 3252 quod
3389 3183 3484 3236 de-

247 3271 452 3338 Σκήτει
473 3286 486 3297 ·
517 3264 586 3338 ἦν
615 3269 672 3320 δὲ
706 3267 812 3320 ἀπὸ
857 3265 1087 3320 δούλων·
1135 3267 1352 3334 ἐγένετο
1389 3265 1446 3318 δὲ
1493 3263 1823 3334 διακριτικὸς

249 3364 484 3434 σφόδρα.
521 3363 632 3415 Καὶ
653 3361 848 3431 ἤρχετο
869 3358 988 3412 κατ’
1012 3358 1254 3410 ἐνιαυτὸν
1283 3359 1361 3419 είς
1400 3354 1822 3424 Ἀλεξάνδρειαν,

249 3458 434 3526 φέρων
477 3455 576 3525 τὴν
629 3451 1026 3524 μισθοφορίαν⁹
1076 3454 1187 3512 τοῖς
1233 3450 1440 3520 κυρίοις
1489 3447 1673 3502 αὑτοῦ.
1715 3448 1825 3500 Καὶ

249 3550 513 3618 ὑπήντων
539 3543 708 3614 αὐτῷ,
739 3545 828 3596 καὶ
859 3542 1224 3614 προσεκύνουν
1254 3541 1420 3611 αὐτῷ.
1455 3541 1512 3593 Ὁ
1548 3539 1604 3592 δὲ
1649 3539 1824 3609 γέρων

249 3638 449 3690 ἔϐαλεν
485 3635 633 3705 ὕδωρ
659 3637 737 3697 εἰς
773 3634 863 3686 τὸν
902 3633 1138 3703 νιπτῆρα
1159 3673 1172 3698 ,
1203 3633 1297 3684 καὶ
1334 3631 1542 3700 ἔφερεν,
1581 3630 1668 3683 ἵνα
1699 3629 1827 3701 νίψῃ

251 3731 382 3791 τοὺς
409 3725 634 3797 κυρίους
661 3723 703 3754 ¹⁰
725 3722 908 3776 αὐτοῦ.
949 3723 1010 3775 Οἱ
1041 3721 1096 3774 δὲ
1127 3721 1262 3792 πρὸς
1289 3721 1444 3773 αὑτὸν
1459 3720 1640 3786 ἔλεγον
1663 3733 1677 3747 ⁸
1712 3719 1824 3790 Μὴ,

253 3819 464 3887 Πάτερ,
494 3815 570 3884 μὴ
611 3813 782 3882 βαρῇς
808 3811 974 3881 ἡμᾶς.
1019 3810 1076 3862 Ὀ
1115 3809 1172 3862 δὲ
1197 3807 1332 3879 πρὸς
1367 3808 1560 3867 αὐτοὺς
1608 3805 1790 3872 ἔλεγεν
1811 3817 1825 3830 ·

267 3907 555 3979 Ὁμολογῶ
583 3907 666 3958 ὅτι
689 3904 874 3968 δοῦλος
905 3903 1056 3974 ὑμῶν
1085 3903 1198 3971 εἰμι
1221 3917 1234 3930 ·
1263 3901 1358 3952 καὶ
1387 3896 1722 3968 εὐχαριστῶν
1747 3897 1829 3949 ὅτι

253 3999 514 4072 ἀφήκατε
551 4015 620 4068 με
643 3996 927 4067 ἐλεύθερον
955 3993 1222 4047 δουλεύειν
1243 3992 1320 4062 τῷ
1346 3991 1484 4061 Θεῷ,
1513 3989 1648 4042 ἀλλὰ
1677 3987 1830 4056 κάγὼ

255 4097 434 4146 νίπτω
468 4092 638 4162 ὑμᾶς,
665 4091 758 4141 καὶ
791 4087 1012 4151 δέξασθε
1046 4085 1142 4155 τὴν
1175 4082 1528 4154 μισθοφορίαν
1563 4099 1664 4151 μου
1701 4079 1832 4131 ταύ-

255 4203 356 4255 την
389 4186 456 4237 ⁸³.
507 4183 572 4234 ΟΞ
615 4181 672 4233 δὲ
720 4179 1080 4247 ἐφιλονείκουν
1124 4176 1232 4246 (50)
1280 4176 1354 4246 μὴ
1395 4173 1828 4242 καταδεχόμενοι.

263 4277 492 4342 Ἔλεγεν
521 4269 614 4325 οὖν
659 4271 840 4334 αὐτοῖς
859 4287 872 4300 ·
923 4267 1046 4321 Ἐὰν
1076 4266 1148 4337 μὴ
1187 4265 1372 4334 θέλητε
1401 4264 1668 4328 δέξασθαι,
1701 4261 1832 4314 κάθ-

263 4385 400 4436 ημαι
437 4359 545 4418 ὦδε
585 4361 848 4416 δουλεύων
894 4361 1041 4430 ὑμῖν.
1075 4359 1184 4412 Kal.
1223 4357 1542 4427 φοϐούμενοι
1579 4355 1620 4384 ¹¹
1651 4353 1831 4416 αὑτὸν,

261 4461 421 4528 ﬁng
449 4459 494 4489 ί³
523 4457 552 4508 ὃ
589 4453 840 4508 ἐϐούλετο
869 4452 1122 4522 ποιῆσαι·
1156 4450 1250 4503 καὶ
1285 4447 1636 4518 προέπεμπον
1676 4446 1835 4498 αὑτὸν

1927 3270 2086 3340 gebat
2135 3270 2190 3322 in
2229 3271 2394 3334 Sceti,
2461 3271 2639 3327 fuerat
2676 3282 2856 3328 autem
2907 3291 3116 3338 servus,
3171 3277 3486 3346 exstititque

1927 3361 2214 3414 admodum
2248 3362 2454 3430 peritus
2485 3363 2540 3416 in
2575 3363 2953 3436 discernenda.
2991 3363 3086 3418 llic
3118 3365 3353 3436 singulis
3387 3380 3486 3420 an-

1927 3450 2014 3503 nis
2047 3449 2430 3504 Alexandriam
2465 3435 2930 3520 proﬁciscebatur,
2963 3454 3194 3509 ali'erens
3219 3435 3483 3508 salarium

1927 3540 2162 3596 dominis
2197 3541 2332 3595 suis.
2361 3541 2462 3606 Qui
2497 3552 2848 3598 occurrentes
2877 3545 3246 3598 venerabundi
3279 3547 3486 3599 saluta-

1928 3633 2059 3688 bant
2088 3647 2233 3687 eum.
2263 3633 2332 3686 At
2358 3649 2520 3689 senex
2555 3635 2806 3688 mittebat
2831 3651 3026 3705 aquam
3068 3637 3122 3689 in
3157 3637 3373 3704 pelvim,
3404 3637 3488 3690 af—

1931 3722 2246 3791 ferebatque
2287 3731 2344 3776 ut
2378 3723 2582 3778 lavaret
2643 3725 2892 3780 dominos
2941 3740 3090 3780 suos.
3149 3726 3230 3778 illi
3255 3741 3382 3780 vero
3422 3726 3490 3779 ad

1932 3827 2055 3866 eum
2083 3810 2216 3874 :Ne,
2252 3810 2430 3876 Pater,
2459 3829 2528 3867 ne
2549 3815 2860 3883 gravaveris
2893 3829 3012 3869 nos.
3055 3815 3102 3868 Is
3149 3823 3326 3868 autem
3361 3815 3442 3870 eis
3474 3833 3488 3868 :

1933 3905 2208 3960 Conﬁteor
2232 3921 2318 3960 me
2377 3921 2594 3960 servum
2661 3917 2904 3960 vestrum
2974 3922 3138 3969 esse;
3187 3913 3241 3958 et
3289 3907 3494 3976 gratias

1933 4011 2100 4066 agens
2122 3999 2265 4066 quod
2299 3998 2653 4066 permiseritis
2713 4015 2798 4054 me
2827 4000 3056 4054 liberum
3108 4003 3312 4058 servire
3344 4002 3490 4068 Deo,

1935 4103 2036 4158 ego
2073 4089 2313 4144 vicissim
2346 4091 2467 4145 lavo
2499 4107 2631 4145 vos:
2667 4093 2918 4162 accipite,
2949 4107 3154 4164 quaeso,
3181 4094 3286 4149 hoc
3315 4110 3494 4149 meum

1937 4179 2220 4234 salarium.
2256 4180 2338 4233 Illi
2371 4197 2502 4236 vero
2531 4183 2951 4249 contendebant,
2987 4186 3236 4240 nolentes
3277 4187 3496 4256 acquie-

1939 4285 2115 4325 scere.
2157 4269 2344 4340 ltaque
2378 4272 2594 4327 dicebat
2627 4274 2750 4329 eis:
2791 4273 2908 4329 Nisi
2964 4277 3248 4332 volueritis
3300 4278 3498 4332 admit-

1937 4365 2074 4422 tere,
2107 4361 2398 4414 remanebo
2424 4361 2512 4415 hic
2535 4363 2780 4418 serviens
2806 4365 2981 4418 vobis.
3009 4367 3086 4419 Ac
3110 4368 3327 4421 reveriti
3351 4383 3496 4432 eum,

1943 4448 2195 4504 sinebant
2237 4449 2416 4507 facere
2452 4451 2598 4521 quod
2643 4455 2843 4520 veliet;
2883 4457 3340 4528 remittebantque
3373 4475 3500 4514 cum

269 4551 404 4620 μετὰ
429 4547 646 4602 πολλῶν
675 4545 893 4616 χρειῶν,
935 4545 1026 4596 καὶ
1069 4541 1268 4612 πολλῆς
1292 4542 1336 4572 ³⁵
1363 4543 1545 4611 τιμῆς,
1585 4541 1671 4591 ἵνα
1709 4542 1820 4608 ποιῇ

1945 4537 2116 4590 multo
2144 4538 2370 4602 honore,
2405 4555 2528 4594 cum
2567 4543 2753 4596 multis
2805 4543 2873 4597 ad
2925 4545 3090 4597 vitam
3151 4548 3499 4607 necessariis,

265 4641 364 4692 ύπὲ
371 4657 404 4712 ρ
431 4637 616 4690 αὐτῶν
636 4635 871 4703 ἁγάπας.
887 4633 996 4686 Καὶ
1020 4631 1106 4684 διὰ
1135 4631 1290 4683 τοῦτο
1311 4630 1522 4698 ἐγένετο
1544 4629 1836 4699 ὀνομαστὸς

269 4733 348 4793 εἰς
383 4729 608 4796 Σκῆτιν,
646 4727 740 4778 καὶ
772 4721 1052 4793 ἀγαπητός
1085 4721 1148 4773 ”.

335 4830 404 4889 γ’.
452 4816 742 4887 Ἦρωτήθη
777 4817 805 4867 ὀ
833 4813 1003 4877 ἁϐϐᾶς
1045 4810 1196 4874 Μιὼς
1247 4809 1352 4863 ὑπὸ
1390 4809 1836 4880 στρατευομένου,

265 4911 320 4962 εἰ
351 4910 457 4978 ἄρα
487 4907 702 4976 δέχεται
736 4905 1018 4975 μετάνοιαν
1051 4903 1078 4952 ὁ
1098 4901 1247 4963 Θεός.
1274 4901 1332 4952 '0
1364 4899 1420 4951 δὲ
1453 4899 1586 4969 μετὰ
1617 4899 1678 4949 τὸ
1705 4915 1840 4950 κατι

257 5003 468 5072 ηχῆσαι
513 4997 676 5051 αὑτὸν
715 4999 772 5048 ὲν
817 4993 1028 5057 πολλοῖς
1057 4993 1231 5061 λόγοις
1249 5033 1264 5058 ,
1293 4989 1438 5059 λέγει
1469 4991 1605 5060 πρὸς
1635 4991 1794 5044 αὐτόν
1823 5007 1838 5020 ο

346 5178 368 5207 ³
411 5181 492 5232 Al.
537 5178 706 5232 inser.
736 5175 921 5230 αὐτοῦ.
1019 5175 1174 5246 i°.Al.
1202 5173 1364 5246 πόδας
1395 5173 1502 5226 τῶν
1531 5175 1752 5246 κυρίων.

263 5248 626 5318 παρεχώρουν
653 5247 822 5316 αύτῷ.
897 5247 939 5276 ³³
971 5245 1136 5298 Abest
1159 5245 1356 5307 πολλῖπς
1379 5247 1446 5298 ab
1472 5247 1542 5298 al.

345 5409 452 5472 μθ)
493 5407 753 5474 Ἔλεγον
793 5405 926 5471 περὶ
975 5405 1082 5459 τοῦ
1124 5403 1425 5474 δευτέρου.
1473 5403 1641 5458 Paulo
1690 5406 1845 5458 aliter

257 5483 394 5534 cod.
427 5477 675 5530 Colbert.
729 5476 984 5544 nimirum
1015 5477 1094 5530 sic
1133 5491 1146 5526 :
1183 5475 1405 5542 Ἔλεγον
1441 5474 1675 5544 περὶτοῦ
1701 5475 1846 5528 ἀϐϐἄ

257 5547 566 5615 Μεγεθξου,
622 5547 704 5616 ξτι
750 5545 851 5616 διὰί
884 5543 976 5598 δύο
1007 5545 1220 5616 ἐσθίων,
1246 5546 1355 5616 ἕνα.
1393 5543 1554 5616 ἄρτον
1607 5545 1838 5616 ἔτρωγε.

257 5612 559 5686 Συντυχὼν
593 5612 688 5668 οὖν
735 5615 897 5677 αὐτὸς
925 5616 1002 5685 τῷ
1037 5615 1178 5686 ἀῦϐᾷ
1229 5613 1408 5686 Σισώῃ
1435 5612 1532 5686 ’καὶ
1577 5612 1843 5686 τῷ’ἀϐϐᾷ

251 5685 516 5756 Ποιμὲνι,
543 5687 734 5756 ἠρώτα
763 5687 958 5756 αὐτοὺς
990 5688 1117 5756 περὶ
1154 5685 1663 5756 τούτουίΛίέγουσιν
1694 5685 1840 5754 αύτῷ

249 5755 500 5813 ἐκεῖνον
535 5755 759 5820 Τέκνον,
789 5757 838 5806 εἰ
873 5755 1044 5818 θέλεις
1065 5755 1306 5808 κάκοῦσαι
1341 5755 1516 5826 ἡμῶν,
1549 5757 1709 5824 φάγε,
1732 5765 1834 5808 etc.

353 5828 460 5898 (50)
495 5829 558 5880 Οἱ
577 5826 646 5879 δὲ
671 5827 1108 5895 ἐφιλονείκουν.
1131 5825 1369 5882 Proinde
1389 5829 1444 5880 ιιι
1472 5825 1674 5896 Pelagii
1717 5841 1840 5882 ver-

1875 5177 1916 5206 ”
1949 5175 2116 5248 Abest
2158 5177 2358 5248 ταύτην
2393 5179 2459 5231 ab
2477 5177 2546 5232 al.

1624 5245 1664 5276 "
1709 5245 1902 5310 Verba,
1933 5247 2026 5299 καί¹
2055 5245 2330 5319 ἁγαπητόξ
2357 5249 2552 5304 desunt
2587 5249 2642 5304 in
2671 5249 2742 5304 al.

1947 4635 2006 4680 ut
2045 4643 2145 4697 pro
2181 4629 2317 4697 ipsis
2339 4629 2492 4684 daret
2519 4631 2938 4703 eleemosynam.
2968 4633 3196 4705 Propter
3224 4639 3368 4707 quod
3397 4639 3504 4694 fuit

1948 4722 2134 4776 clarus
2161 4731 2216 4776 et
2245 4723 2448 4778 cbarus
2480 4725 2534 4778 in
2575 4723 2741 4778 Sceti.

2013 4815 2067 4867 5.
2097 4813 2474 4884 Interrogatus
2506 4825 2590 4869 est
2620 4815 2788 4870 abbas
2813 4815 2950 4870 Mios
2979 4831 3008 4868 a
3034 4817 3228 4882 miute,
3259 4831 3328 4871 an
3355 4817 3504 4876 Deus

1948 4902 2256 4956 admitteret
2295 4905 2686 4972 ptenitentiam.
2717 4903 2811 4959 ille
2845 4921 2972 4959 vero
3003 4914 3290 4978 postquam
3331 4910 3506 4964 homi-

1951 5009 2074 5047 nem
2125 4993 2286 5064 longo
2339 5010 2594 5050 sermone
2645 4997 2992 5064 instituisset,
3041 4999 3151 5052 ait:
3211 4999 3316 5056 Dic-
3349 5003 3502 5066 mihi,

2666 5181 2719 5254 "_
2742 5180 2824 5234 Al.
2870 5181 3274 5254 εὐλαϐούμενοι.
3351 5185 3394 5215 ⁸³
3417 5186 3502 5238 ΑΙ.

1955 5407 2108 5461 sione
2141 5407 2328 5476 reponi
2357 5407 2514 5462 debet
2547 5411 2946 5472 contendebant.
2985 5428 3110 5470 cum
3155 5415 3212 5466 in
3248 5413 3508 5468 editioni-

1951 5477 2055 5531 bus
2077 5487 2350 5540 cernatur,
2381 5476 2475 5529 Illi
2503 5495 2618 5532 vero
2650 5482 3066 5536 contemnebant.
3096 5482 3266 5537 Porro
3296 5485 3510 5538 initium

1951 5549 2144 5622 capitis
2191 5547 2244 5622 in
2278 5563 2408 5601 mss.
2460 5547 2698 5604 Colbert.
2736 5551 2984 5618 duobus,
3035 5554 3330 5622 respondet
3359 5553 3512 5608 Pela-

1952 5621 2125 5688 gianae
2185 5617 2644 5688 interpretationi
2680 5639 2692 5674 :
2731 5617 2975 5688 Ἔλεγον
3015 5617 3147 5688 περῖ
3203 5622 3296 5676 τοῦ
3372 5624 3516 5678 ὰϐϐἄ

1949 5673 2254 5826 gemmam
2308 5673 2386 5750 είξ
2435 5688 2652 5758 Σκῆτιν,
2706 5695 2787 5744 ὅτι
2849 5673 2955 5746 ὸίπὸ
3010 5673 3210 5748 δούλων
3262 5689 3362 5768 ἦν,
3423 5695 3519 5751 καὶ

1987 5774 2207 5826 ρχετοη
2322 5825 2332 5826 7

2059 5774 2163 5808 ετο.

1987 5774 2276 5897 ρξ”γίι
2310 5825 2464 5886 Patr.
2503 5845 2590 5894 xv,
2623 5829 2710 5883 ει.
