  <div class='ocr_page' id='page_1' title='image "/cluster/home/n/w/nwhite01/storage/ocr_20150623/65/hvd.32044014812317/157.png"; bbox 0 0 3874 6342; ppageno 0'>
   <div class='ocr_carea' id='block_1_1' title="bbox 425 360 535 418">
    <p class='ocr_par' dir='ltr' id='par_1_1' title="bbox 425 360 535 418">
     <span class='ocr_line' id='line_1_1' title="bbox 425 360 535 418; baseline -0.018 -1"><span class='ocrx_word' id='word_1_1' title='bbox 425 360 535 418; x_wconf 69' lang='lat'><strong>505</strong></span> 
     </span>
    </p>
   </div>
   <div class='ocr_carea' id='block_1_2' title="bbox 1593 343 2536 400">
    <p class='ocr_par' dir='ltr' id='par_1_2' title="bbox 1593 343 2536 400">
     <span class='ocr_line' id='line_1_2' title="bbox 1593 343 2536 400; baseline -0.001 0"><span class='ocrx_word' id='word_1_2' title='bbox 1593 343 1946 400; x_wconf 81' lang='lat' dir='ltr'><strong>APPENDIX</strong></span> <span class='ocrx_word' id='word_1_3' title='bbox 1984 343 2076 399; x_wconf 83' lang='lat' dir='ltr'><strong>AD</strong></span> <span class='ocrx_word' id='word_1_4' title='bbox 2117 343 2536 400; x_wconf 76' lang='lat' dir='ltr'><strong>PALLADIUM.</strong></span> 
     </span>
    </p>
   </div>
   <div class='ocr_carea' id='block_1_3' title="bbox 3565 341 3668 397">
    <p class='ocr_par' dir='ltr' id='par_1_3' title="bbox 3565 341 3668 397">
     <span class='ocr_line' id='line_1_3' title="bbox 3565 341 3668 397; baseline 0.01 -1"><span class='ocrx_word' id='word_1_5' title='bbox 3565 341 3668 397; x_wconf 61' lang='lat'><strong>506</strong></span> 
     </span>
    </p>
   </div>
   <div class='ocr_carea' id='block_1_4' title="bbox 426 459 2013 533">
    <p class='ocr_par' dir='ltr' id='par_1_4' title="bbox 426 461 1998 533">
     <span class='ocr_line' id='line_1_4' title="bbox 426 461 1998 533; baseline -0.01 -5"><span class='ocrx_word' id='word_1_6' title='bbox 426 473 624 528; x_wconf 87' lang='lat' dir='ltr'><strong>dilecte</strong></span> <span class='ocrx_word' id='word_1_7' title='bbox 651 511 665 533; x_wconf 90' lang='lat'><strong>,</strong></span> <span class='ocrx_word' id='word_1_8' title='bbox 714 469 759 524; x_wconf 90' lang='lat' dir='ltr'><strong>si</strong></span> <span class='ocrx_word' id='word_1_9' title='bbox 790 467 954 522; x_wconf 89' lang='lat' dir='ltr'><strong>fuerit</strong></span> <span class='ocrx_word' id='word_1_10' title='bbox 985 465 1156 522; x_wconf 88' lang='lat' dir='ltr'><strong>scissa</strong></span> <span class='ocrx_word' id='word_1_11' title='bbox 1200 473 1335 518; x_wconf 66' lang='lat' dir='ltr'><strong>laena</strong></span> <span class='ocrx_word' id='word_1_12' title='bbox 1371 469 1484 524; x_wconf 87' lang='lat' dir='ltr'><strong>tua,</strong></span> <span class='ocrx_word' id='word_1_13' title='bbox 1527 461 1829 532; x_wconf 83' lang='lat' dir='ltr'><strong>projicisne</strong></span> <span class='ocrx_word' id='word_1_14' title='bbox 1877 475 1998 516; x_wconf 88' lang='lat' dir='ltr'><strong>eam</strong></span> 
     </span>
    </p>
   </div>
   <div class='ocr_carea' id='block_1_5' title="bbox 2116 459 3670 533">
    <p class='ocr_par' dir='ltr' id='par_1_5' title="bbox 2116 459 3670 532">
     <span class='ocr_line' id='line_1_5' title="bbox 2116 459 3670 532; baseline 0 -19"><span class='ocrx_word' id='word_1_15' title='bbox 2116 461 2236 514; x_wconf 74' lang='grc' dir='ltr'>Εἰπέ</span> <span class='ocrx_word' id='word_1_16' title='bbox 2275 478 2404 532; x_wconf 87' lang='grc' dir='ltr'>μοι,</span> <span class='ocrx_word' id='word_1_17' title='bbox 2454 459 2704 530; x_wconf 82' lang='grc' dir='ltr'>ἀγαπητέ</span> <span class='ocrx_word' id='word_1_18' title='bbox 2728 476 2741 490; x_wconf 78' lang='grc' dir='ltr'><strong>ο</strong></span> <span class='ocrx_word' id='word_1_19' title='bbox 2773 459 2870 514; x_wconf 76' lang='grc' dir='ltr'>ἐὰν</span> <span class='ocrx_word' id='word_1_20' title='bbox 2923 459 3114 531; x_wconf 82' lang='grc' dir='ltr'>σχισθῇ</span> <span class='ocrx_word' id='word_1_21' title='bbox 3152 477 3244 513; x_wconf 89' lang='grc' dir='ltr'><strong>σου</strong></span> <span class='ocrx_word' id='word_1_22' title='bbox 3277 460 3336 514; x_wconf 82' lang='grc' dir='ltr'><strong>τὸ</strong></span> <span class='ocrx_word' id='word_1_23' title='bbox 3383 460 3670 530; x_wconf 74' lang='grc' dir='ltr'>χλανίδιον,</span> 
     </span>
    </p>
   </div>
   <div class='ocr_carea' id='block_1_6' title="bbox 428 553 1999 628">
    <p class='ocr_par' dir='ltr' id='par_1_6' title="bbox 428 553 1999 628">
     <span class='ocr_line' id='line_1_6' title="bbox 428 553 1999 628; baseline -0.006 -10"><span class='ocrx_word' id='word_1_24' title='bbox 428 562 620 618; x_wconf 86' lang='lat' dir='ltr'><strong>foras?</strong></span> <span class='ocrx_word' id='word_1_25' title='bbox 645 558 947 628; x_wconf 78' lang='lat' dir='ltr'><strong>Respondit</strong></span> <span class='ocrx_word' id='word_1_26' title='bbox 973 574 986 610; x_wconf 91' lang='lat'><strong>:</strong></span> <span class='ocrx_word' id='word_1_27' title='bbox 1019 555 1395 625; x_wconf 86' lang='lat' dir='ltr'><strong>Nequaquam.</strong></span> <span class='ocrx_word' id='word_1_28' title='bbox 1448 553 1542 608; x_wconf 88' lang='lat' dir='ltr'><strong>sed</strong></span> <span class='ocrx_word' id='word_1_29' title='bbox 1573 567 1803 618; x_wconf 87' lang='lat' dir='ltr'><strong>consuo,</strong></span> <span class='ocrx_word' id='word_1_30' title='bbox 1836 560 1999 622; x_wconf 88' lang='lat' dir='ltr'><strong>atque</strong></span> 
     </span>
    </p>
   </div>
   <div class='ocr_carea' id='block_1_7' title="bbox 430 644 1996 716">
    <p class='ocr_par' dir='ltr' id='par_1_7' title="bbox 430 644 1996 716">
     <span class='ocr_line' id='line_1_7' title="bbox 430 644 1996 716; baseline -0.006 -9"><span class='ocrx_word' id='word_1_31' title='bbox 430 655 525 707; x_wconf 90' lang='lat' dir='ltr'><strong>illa</strong></span> <span class='ocrx_word' id='word_1_32' title='bbox 564 660 708 707; x_wconf 87' lang='lat' dir='ltr'><strong>utor.</strong></span> <span class='ocrx_word' id='word_1_33' title='bbox 738 650 875 703; x_wconf 89' lang='lat' dir='ltr'><strong>Tum</strong></span> <span class='ocrx_word' id='word_1_34' title='bbox 926 662 1092 704; x_wconf 80' lang='lat' dir='ltr'><strong>senex</strong></span> <span class='ocrx_word' id='word_1_35' title='bbox 1120 664 1132 700; x_wconf 89' lang='lat'><strong>:</strong></span> <span class='ocrx_word' id='word_1_36' title='bbox 1165 645 1300 700; x_wconf 89' lang='lat' dir='ltr'><strong>Cum</strong></span> <span class='ocrx_word' id='word_1_37' title='bbox 1333 661 1463 716; x_wconf 86' lang='lat' dir='ltr'><strong>ergo</strong></span> <span class='ocrx_word' id='word_1_38' title='bbox 1497 652 1552 699; x_wconf 92' lang='lat' dir='ltr'><strong>tu</strong></span> <span class='ocrx_word' id='word_1_39' title='bbox 1590 659 1785 716; x_wconf 90' lang='lat' dir='ltr'><strong>parcas</strong></span> <span class='ocrx_word' id='word_1_40' title='bbox 1835 644 1996 709; x_wconf 91' lang='lat' dir='ltr'><strong>vesti,</strong></span> 
     </span>
    </p>
   </div>
   <div class='ocr_carea' id='block_1_8' title="bbox 431 739 1418 810">
    <p class='ocr_par' dir='ltr' id='par_1_8' title="bbox 431 739 1418 810">
     <span class='ocr_line' id='line_1_8' title="bbox 431 739 1418 810; baseline -0.007 -10"><span class='ocrx_word' id='word_1_41' title='bbox 431 746 574 800; x_wconf 85' lang='lat' dir='ltr'><strong>Deus</strong></span> <span class='ocrx_word' id='word_1_42' title='bbox 605 752 867 800; x_wconf 73' lang='lat' dir='ltr'><strong>creaturae</strong></span> <span class='ocrx_word' id='word_1_43' title='bbox 897 757 1008 797; x_wconf 76' lang='lat' dir='ltr'><strong>sua:</strong></span> <span class='ocrx_word' id='word_1_44' title='bbox 1039 755 1149 795; x_wconf 87' lang='lat' dir='ltr'><strong>non</strong></span> <span class='ocrx_word' id='word_1_45' title='bbox 1185 739 1418 810; x_wconf 85' lang='lat' dir='ltr'><strong>parcet?</strong></span> 
     </span>
    </p>
   </div>
   <div class='ocr_carea' id='block_1_9' title="bbox 807 938 1625 1011">
    <p class='ocr_par' dir='ltr' id='par_1_9' title="bbox 807 938 1625 1011">
     <span class='ocr_line' id='line_1_9' title="bbox 807 938 1625 1011; baseline -0.004 -14"><span class='ocrx_word' id='word_1_46' title='bbox 807 941 882 997; x_wconf 80' lang='lat' dir='ltr'><strong>De</strong></span> <span class='ocrx_word' id='word_1_47' title='bbox 907 940 1091 995; x_wconf 76' lang='lat' dir='ltr'><strong>abbate</strong></span> <span class='ocrx_word' id='word_1_48' title='bbox 1120 938 1305 993; x_wconf 79' lang='lat' dir='ltr'><strong>Marco</strong></span> <span class='ocrx_word' id='word_1_49' title='bbox 1350 939 1625 1011; x_wconf 63' lang='lat' dir='ltr'><strong>Egyptio.</strong></span> 
     </span>
    </p>
   </div>
   <div class='ocr_carea' id='block_1_10' title="bbox 506 1029 1997 1108">
    <p class='ocr_par' dir='ltr' id='par_1_10' title="bbox 506 1029 1997 1108">
     <span class='ocr_line' id='line_1_10' title="bbox 506 1029 1997 1108; baseline -0.002 -17"><span class='ocrx_word' id='word_1_50' title='bbox 506 1037 618 1108; x_wconf 76' lang='lat'><strong>(59.)</strong></span> <span class='ocrx_word' id='word_1_51' title='bbox 653 1034 1024 1090; x_wconf 75' lang='lat' dir='ltr'><strong>Memoraliant</strong></span> <span class='ocrx_word' id='word_1_52' title='bbox 1053 1034 1133 1088; x_wconf 91' lang='lat' dir='ltr'><strong>sic</strong></span> <span class='ocrx_word' id='word_1_53' title='bbox 1161 1032 1228 1087; x_wconf 92' lang='lat' dir='ltr'><strong>de</strong></span> <span class='ocrx_word' id='word_1_54' title='bbox 1271 1032 1466 1087; x_wconf 89' lang='lat' dir='ltr'><strong>abbate</strong></span> <span class='ocrx_word' id='word_1_55' title='bbox 1509 1031 1690 1087; x_wconf 84' lang='lat' dir='ltr'><strong>Marco</strong></span> <span class='ocrx_word' id='word_1_56' title='bbox 1713 1029 1997 1103; x_wconf 70' lang='lat' dir='ltr'><strong>Egyptio:</strong></span> 
     </span>
    </p>
   </div>
   <div class='ocr_carea' id='block_1_11' title="bbox 433 1124 2002 1200">
    <p class='ocr_par' dir='ltr' id='par_1_11' title="bbox 433 1124 2002 1200">
     <span class='ocr_line' id='line_1_11' title="bbox 433 1124 2002 1200; baseline -0.002 -16"><span class='ocrx_word' id='word_1_57' title='bbox 433 1131 686 1200; x_wconf 75' lang='lat' dir='ltr'><strong>Triginta</strong></span> <span class='ocrx_word' id='word_1_58' title='bbox 724 1143 898 1183; x_wconf 88' lang='lat' dir='ltr'><strong>annos</strong></span> <span class='ocrx_word' id='word_1_59' title='bbox 929 1126 1322 1198; x_wconf 86' lang='lat' dir='ltr'><strong>perseveravit,</strong></span> <span class='ocrx_word' id='word_1_60' title='bbox 1353 1139 1464 1179; x_wconf 90' lang='lat' dir='ltr'><strong>non</strong></span> <span class='ocrx_word' id='word_1_61' title='bbox 1495 1124 1783 1196; x_wconf 83' lang='lat' dir='ltr'><strong>egrediens</strong></span> <span class='ocrx_word' id='word_1_62' title='bbox 1811 1141 1840 1180; x_wconf 88' lang='lat' dir='ltr'><strong>e</strong></span> <span class='ocrx_word' id='word_1_63' title='bbox 1867 1126 2002 1181; x_wconf 88' lang='lat' dir='ltr'><strong>cella</strong></span> 
     </span>
    </p>
   </div>
   <div class='ocr_carea' id='block_1_12' title="bbox 434 1217 2001 1291">
    <p class='ocr_par' dir='ltr' id='par_1_12' title="bbox 434 1217 2001 1291">
     <span class='ocr_line' id='line_1_12' title="bbox 434 1217 2001 1291; baseline -0.005 -10"><span class='ocrx_word' id='word_1_64' title='bbox 434 1240 556 1281; x_wconf 86' lang='lat' dir='ltr'><strong>sua.</strong></span> <span class='ocrx_word' id='word_1_65' title='bbox 592 1222 814 1278; x_wconf 84' lang='lat' dir='ltr'><strong>Solebat</strong></span> <span class='ocrx_word' id='word_1_66' title='bbox 838 1231 1016 1276; x_wconf 85' lang='lat' dir='ltr'><strong>autem</strong></span> <span class='ocrx_word' id='word_1_67' title='bbox 1053 1219 1339 1291; x_wconf 90' lang='lat' dir='ltr'><strong>presbyter</strong></span> <span class='ocrx_word' id='word_1_68' title='bbox 1368 1217 1576 1283; x_wconf 88' lang='lat' dir='ltr'><strong>venire,</strong></span> <span class='ocrx_word' id='word_1_69' title='bbox 1602 1234 1667 1273; x_wconf 91' lang='lat' dir='ltr'><strong>ac</strong></span> <span class='ocrx_word' id='word_1_70' title='bbox 1695 1218 1743 1274; x_wconf 92' lang='lat' dir='ltr'><strong>ei</strong></span> <span class='ocrx_word' id='word_1_71' title='bbox 1777 1219 2001 1274; x_wconf 91' lang='lat' dir='ltr'><strong>missam</strong></span> 
     </span>
    </p>
   </div>
   <div class='ocr_carea' id='block_1_13' title="bbox 433 1312 2004 1383">
    <p class='ocr_par' dir='ltr' id='par_1_13' title="bbox 433 1312 2004 1383">
     <span class='ocr_line' id='line_1_13' title="bbox 433 1312 2004 1383; baseline -0.003 -11"><span class='ocrx_word' id='word_1_72' title='bbox 433 1317 734 1372; x_wconf 85' lang='lat' dir='ltr'><strong>celebrare.</strong></span> <span class='ocrx_word' id='word_1_73' title='bbox 770 1315 839 1366; x_wconf 86' lang='lat' dir='ltr'><strong>At</strong></span> <span class='ocrx_word' id='word_1_74' title='bbox 868 1313 1118 1369; x_wconf 87' lang='lat' dir='ltr'><strong>diabolus</strong></span> <span class='ocrx_word' id='word_1_75' title='bbox 1143 1326 1376 1366; x_wconf 86' lang='lat' dir='ltr'><strong>cernens</strong></span> <span class='ocrx_word' id='word_1_76' title='bbox 1406 1312 1722 1381; x_wconf 70' lang='lat' dir='ltr'><strong>praeclaram</strong></span> <span class='ocrx_word' id='word_1_77' title='bbox 1772 1313 1870 1366; x_wconf 91' lang='lat' dir='ltr'><strong>viri</strong></span> <span class='ocrx_word' id='word_1_78' title='bbox 1912 1328 2004 1383; x_wconf 90' lang='lat' dir='ltr'><strong>pa-</strong></span> 
     </span>
    </p>
   </div>
   <div class='ocr_carea' id='block_1_14' title="bbox 436 1403 2005 1473">
    <p class='ocr_par' dir='ltr' id='par_1_14' title="bbox 436 1403 2005 1473">
     <span class='ocr_line' id='line_1_14' title="bbox 436 1403 2005 1473; baseline -0.001 -12"><span class='ocrx_word' id='word_1_79' title='bbox 436 1405 705 1470; x_wconf 88' lang='lat' dir='ltr'><strong>tientiam,</strong></span> <span class='ocrx_word' id='word_1_80' title='bbox 737 1412 922 1459; x_wconf 91' lang='lat' dir='ltr'><strong>astute</strong></span> <span class='ocrx_word' id='word_1_81' title='bbox 954 1403 1287 1473; x_wconf 80' lang='lat' dir='ltr'><strong>excogitavit</strong></span> <span class='ocrx_word' id='word_1_82' title='bbox 1333 1410 1546 1458; x_wconf 90' lang='lat' dir='ltr'><strong>tentare</strong></span> <span class='ocrx_word' id='word_1_83' title='bbox 1578 1404 1729 1456; x_wconf 91' lang='lat' dir='ltr'><strong>illum</strong></span> <span class='ocrx_word' id='word_1_84' title='bbox 1785 1405 1838 1458; x_wconf 83' lang='lat' dir='ltr'><strong>in</strong></span> <span class='ocrx_word' id='word_1_85' title='bbox 1874 1420 2005 1460; x_wconf 92' lang='lat' dir='ltr'><strong>con-</strong></span> 
     </span>
    </p>
   </div>
   <div class='ocr_carea' id='block_1_15' title="bbox 437 1491 2007 1565">
    <p class='ocr_par' dir='ltr' id='par_1_15' title="bbox 437 1491 2007 1565">
     <span class='ocr_line' id='line_1_15' title="bbox 437 1491 2007 1565; baseline -0.001 -15"><span class='ocrx_word' id='word_1_86' title='bbox 437 1495 809 1551; x_wconf 88' lang='lat' dir='ltr'><strong>demnationis</strong></span> <span class='ocrx_word' id='word_1_87' title='bbox 843 1493 999 1549; x_wconf 90' lang='lat' dir='ltr'><strong>vitio.</strong></span> <span class='ocrx_word' id='word_1_88' title='bbox 1027 1492 1214 1564; x_wconf 86' lang='lat' dir='ltr'><strong>Itaque</strong></span> <span class='ocrx_word' id='word_1_89' title='bbox 1243 1491 1422 1548; x_wconf 75' lang='lat' dir='ltr'><strong>effecit</strong></span> <span class='ocrx_word' id='word_1_90' title='bbox 1455 1500 1513 1547; x_wconf 93' lang='lat' dir='ltr'><strong>ut</strong></span> <span class='ocrx_word' id='word_1_91' title='bbox 1547 1492 1767 1563; x_wconf 81' lang='lat' dir='ltr'><strong>quidam</strong></span> <span class='ocrx_word' id='word_1_92' title='bbox 1817 1510 1844 1546; x_wconf 92' lang='lat' dir='ltr'><strong>a</strong></span> <span class='ocrx_word' id='word_1_93' title='bbox 1896 1496 2007 1565; x_wconf 91' lang='lat' dir='ltr'><strong>spi-</strong></span> 
     </span>
    </p>
   </div>
   <div class='ocr_carea' id='block_1_16' title="bbox 435 1583 2006 1655">
    <p class='ocr_par' dir='ltr' id='par_1_16' title="bbox 435 1583 2006 1655">
     <span class='ocr_line' id='line_1_16' title="bbox 435 1583 2006 1655; baseline -0.001 -13"><span class='ocrx_word' id='word_1_94' title='bbox 435 1589 544 1642; x_wconf 82' lang='lat' dir='ltr'><strong>ritu</strong></span> <span class='ocrx_word' id='word_1_95' title='bbox 583 1585 863 1642; x_wconf 86' lang='lat' dir='ltr'><strong>immundo</strong></span> <span class='ocrx_word' id='word_1_96' title='bbox 915 1585 1150 1654; x_wconf 86' lang='lat' dir='ltr'><strong>agitatus</strong></span> <span class='ocrx_word' id='word_1_97' title='bbox 1196 1583 1262 1637; x_wconf 92' lang='lat' dir='ltr'><strong>ad</strong></span> <span class='ocrx_word' id='word_1_98' title='bbox 1302 1599 1488 1638; x_wconf 89' lang='lat' dir='ltr'><strong>senem</strong></span> <span class='ocrx_word' id='word_1_99' title='bbox 1546 1593 1838 1655; x_wconf 83' lang='lat' dir='ltr'><strong>pergeret,</strong></span> <span class='ocrx_word' id='word_1_100' title='bbox 1906 1586 2006 1640; x_wconf 86' lang='lat' dir='ltr'><strong>sub</strong></span> 
     </span>
    </p>
   </div>
   <div class='ocr_carea' id='block_1_17' title="bbox 436 1673 2007 1750">
    <p class='ocr_par' dir='ltr' id='par_1_17' title="bbox 436 1673 2007 1750">
     <span class='ocr_line' id='line_1_17' title="bbox 436 1673 2007 1750; baseline 0.001 -17"><span class='ocrx_word' id='word_1_101' title='bbox 436 1685 705 1750; x_wconf 68' lang='lat' dir='ltr'><strong>prattextu</strong></span> <span class='ocrx_word' id='word_1_102' title='bbox 738 1675 1022 1732; x_wconf 90' lang='lat' dir='ltr'><strong>orationis.</strong></span> <span class='ocrx_word' id='word_1_103' title='bbox 1077 1673 1250 1728; x_wconf 89' lang='lat' dir='ltr'><strong>Porro</strong></span> <span class='ocrx_word' id='word_1_104' title='bbox 1295 1675 1384 1730; x_wconf 90' lang='lat' dir='ltr'><strong>ille</strong></span> <span class='ocrx_word' id='word_1_105' title='bbox 1416 1691 1837 1747; x_wconf 88' lang='lat' dir='ltr'><strong>energumenus,</strong></span> <span class='ocrx_word' id='word_1_106' title='bbox 1883 1686 2007 1734; x_wconf 87' lang='lat' dir='ltr'><strong>ante</strong></span> 
     </span>
    </p>
   </div>
   <div class='ocr_carea' id='block_1_18' title="bbox 438 1766 2006 1839">
    <p class='ocr_par' dir='ltr' id='par_1_18' title="bbox 438 1766 2006 1839">
     <span class='ocr_line' id='line_1_18' title="bbox 438 1766 2006 1839; baseline 0.002 -17"><span class='ocrx_word' id='word_1_107' title='bbox 438 1784 652 1822; x_wconf 84' lang='lat' dir='ltr'><strong>omnem</strong></span> <span class='ocrx_word' id='word_1_108' title='bbox 689 1781 1020 1830; x_wconf 83' lang='lat' dir='ltr'><strong>sermonem,</strong></span> <span class='ocrx_word' id='word_1_109' title='bbox 1058 1766 1329 1820; x_wconf 88' lang='lat' dir='ltr'><strong>clamabat</strong></span> <span class='ocrx_word' id='word_1_110' title='bbox 1357 1767 1473 1821; x_wconf 85' lang='lat' dir='ltr'><strong>seni</strong></span> <span class='ocrx_word' id='word_1_111' title='bbox 1503 1787 1516 1821; x_wconf 89' lang='lat'><strong>:</strong></span> <span class='ocrx_word' id='word_1_112' title='bbox 1553 1766 1844 1839; x_wconf 87' lang='lat' dir='ltr'><strong>Presbyter</strong></span> <span class='ocrx_word' id='word_1_113' title='bbox 1879 1778 2006 1825; x_wconf 91' lang='lat' dir='ltr'><strong>tuus</strong></span> 
     </span>
    </p>
   </div>
   <div class='ocr_carea' id='block_1_19' title="bbox 2103 550 3670 624">
    <p class='ocr_par' dir='ltr' id='par_1_19' title="bbox 2103 550 3670 624">
     <span class='ocr_line' id='line_1_19' title="bbox 2103 550 3670 624; baseline -0.003 -16"><span class='ocrx_word' id='word_1_114' title='bbox 2103 553 2320 624; x_wconf 81' lang='grc' dir='ltr'><strong>βάλλεις</strong></span> <span class='ocrx_word' id='word_1_115' title='bbox 2361 551 2520 606; x_wconf 84' lang='grc' dir='ltr'>τοῦτο</span> <span class='ocrx_word' id='word_1_116' title='bbox 2565 552 2706 619; x_wconf 76' lang='grc' dir='ltr'>έξω;</span> <span class='ocrx_word' id='word_1_117' title='bbox 2747 551 2941 622; x_wconf 82' lang='grc' dir='ltr'><strong>Λέγει·</strong></span> <span class='ocrx_word' id='word_1_118' title='bbox 2977 550 3052 604; x_wconf 77' lang='grc' dir='ltr'>Ού</span> <span class='ocrx_word' id='word_1_119' title='bbox 3075 567 3090 582; x_wconf 86' lang='grc'><strong>·</strong></span> <span class='ocrx_word' id='word_1_120' title='bbox 3129 551 3262 605; x_wconf 83' lang='grc' dir='ltr'>ἀλλὰ</span> <span class='ocrx_word' id='word_1_121' title='bbox 3297 551 3484 623; x_wconf 81' lang='grc' dir='ltr'>ράπτω</span> <span class='ocrx_word' id='word_1_122' title='bbox 3517 553 3670 614; x_wconf 72' lang='grc' dir='ltr'>αὐτὸ.</span> 
     </span>
    </p>
   </div>
   <div class='ocr_carea' id='block_1_20' title="bbox 2100 639 3674 718">
    <p class='ocr_par' dir='ltr' id='par_1_20' title="bbox 2100 639 3674 718">
     <span class='ocr_line' id='line_1_20' title="bbox 2100 639 3674 718; baseline -0.001 -18"><span class='ocrx_word' id='word_1_123' title='bbox 2100 647 2196 700; x_wconf 76' lang='grc' dir='ltr'><strong>καὶ</strong></span> <span class='ocrx_word' id='word_1_124' title='bbox 2216 646 2434 718; x_wconf 84' lang='grc' dir='ltr'>χρῶμαι</span> <span class='ocrx_word' id='word_1_125' title='bbox 2462 643 2628 716; x_wconf 76' lang='grc' dir='ltr'>αὐτῷ.</span> <span class='ocrx_word' id='word_1_126' title='bbox 2657 644 2819 713; x_wconf 84' lang='grc' dir='ltr'><strong>Λέγει</strong></span> <span class='ocrx_word' id='word_1_127' title='bbox 2845 643 2983 715; x_wconf 83' lang='grc' dir='ltr'>πρὸς</span> <span class='ocrx_word' id='word_1_128' title='bbox 3004 642 3166 697; x_wconf 76' lang='grc' dir='ltr'>αὐτὸν</span> <span class='ocrx_word' id='word_1_129' title='bbox 3203 645 3232 695; x_wconf 88' lang='lat'><strong>6</strong></span> <span class='ocrx_word' id='word_1_130' title='bbox 3263 643 3459 717; x_wconf 83' lang='grc' dir='ltr'>γέρων·</span> <span class='ocrx_word' id='word_1_131' title='bbox 3495 645 3558 696; x_wconf 71' lang='lat' dir='ltr'><strong>Et</strong></span> <span class='ocrx_word' id='word_1_132' title='bbox 3582 639 3674 698; x_wconf 78' lang='grc' dir='ltr'>οὖν</span> 
     </span>
    </p>
   </div>
   <div class='ocr_carea' id='block_1_21' title="bbox 2103 736 3676 810">
    <p class='ocr_par' dir='ltr' id='par_1_21' title="bbox 2103 736 3676 810">
     <span class='ocr_line' id='line_1_21' title="bbox 2103 736 3676 810; baseline -0.002 -17"><span class='ocrx_word' id='word_1_133' title='bbox 2103 740 2168 793; x_wconf 78' lang='grc' dir='ltr'><strong>σὺ</strong></span> <span class='ocrx_word' id='word_1_134' title='bbox 2195 738 2289 792; x_wconf 84' lang='grc' dir='ltr'>τοῦ</span> <span class='ocrx_word' id='word_1_135' title='bbox 2345 737 2559 810; x_wconf 78' lang='grc' dir='ltr'>ἱματίου</span> <span class='ocrx_word' id='word_1_136' title='bbox 2593 737 2748 810; x_wconf 77' lang='grc' dir='ltr'>φείδῃ</span> <span class='ocrx_word' id='word_1_137' title='bbox 2768 777 2784 801; x_wconf 91' lang='grc'><strong>,</strong></span> <span class='ocrx_word' id='word_1_138' title='bbox 2826 739 2856 792; x_wconf 98' lang='lat'><strong>6</strong></span> <span class='ocrx_word' id='word_1_139' title='bbox 2885 737 3017 801; x_wconf 81' lang='grc' dir='ltr'>Θεὸς</span> <span class='ocrx_word' id='word_1_140' title='bbox 3060 737 3156 790; x_wconf 83' lang='grc' dir='ltr'>τοῦ</span> <span class='ocrx_word' id='word_1_141' title='bbox 3197 737 3329 790; x_wconf 76' lang='grc' dir='ltr'>ἰδίου</span> <span class='ocrx_word' id='word_1_142' title='bbox 3361 736 3676 808; x_wconf 76' lang='grc' dir='ltr'>πλάσματος</span> 
     </span>
    </p>
   </div>
   <div class='ocr_carea' id='block_1_22' title="bbox 2100 827 2480 896">
    <p class='ocr_par' dir='ltr' id='par_1_22' title="bbox 2100 827 2480 896">
     <span class='ocr_line' id='line_1_22' title="bbox 2100 827 2480 896; baseline 0 -16"><span class='ocrx_word' id='word_1_143' title='bbox 2100 827 2162 880; x_wconf 85' lang='grc' dir='ltr'><strong>ού</strong></span> <span class='ocrx_word' id='word_1_144' title='bbox 2199 828 2442 896; x_wconf 83' lang='grc' dir='ltr'><strong>φείσεται</strong></span> <span class='ocrx_word' id='word_1_145' title='bbox 2466 844 2480 894; x_wconf 89' lang='lat'><strong>;</strong></span> 
     </span>
    </p>
   </div>
   <div class='ocr_carea' id='block_1_23' title="bbox 2278 939 3495 1010">
    <p class='ocr_par' dir='ltr' id='par_1_23' title="bbox 2278 939 3495 1010">
     <span class='ocr_line' id='line_1_23' title="bbox 2278 939 3495 1010; baseline -0.002 -15"><span class='ocrx_word' id='word_1_146' title='bbox 2278 941 2417 1010; x_wconf 85' lang='grc' dir='ltr'>Περὶ</span> <span class='ocrx_word' id='word_1_147' title='bbox 2447 941 2553 996; x_wconf 87' lang='grc' dir='ltr'>τοῦ</span> <span class='ocrx_word' id='word_1_148' title='bbox 2575 939 2724 996; x_wconf 78' lang='grc' dir='ltr'><strong>ἁόὄᾶ</strong></span> <span class='ocrx_word' id='word_1_149' title='bbox 2748 939 2991 1008; x_wconf 82' lang='grc' dir='ltr'><strong>Μάρκου</strong></span> <span class='ocrx_word' id='word_1_150' title='bbox 3020 940 3126 995; x_wconf 78' lang='grc' dir='ltr'>τοῦ</span> <span class='ocrx_word' id='word_1_151' title='bbox 3150 940 3495 1010; x_wconf 72' lang='grc' dir='ltr'>Αἰγυπτίου.</span> 
     </span>
    </p>
   </div>
   <div class='ocr_carea' id='block_1_24' title="bbox 2174 1028 3671 1102">
    <p class='ocr_par' dir='ltr' id='par_1_24' title="bbox 2174 1028 3671 1102">
     <span class='ocr_line' id='line_1_24' title="bbox 2174 1028 3671 1102; baseline -0.001 -19"><span class='ocrx_word' id='word_1_152' title='bbox 2174 1029 2402 1100; x_wconf 85' lang='grc' dir='ltr'>Ἔλεγον</span> <span class='ocrx_word' id='word_1_153' title='bbox 2436 1030 2563 1102; x_wconf 74' lang='grc' dir='ltr'>περὶ</span> <span class='ocrx_word' id='word_1_154' title='bbox 2611 1029 2704 1084; x_wconf 82' lang='grc' dir='ltr'>τοῦ</span> <span class='ocrx_word' id='word_1_155' title='bbox 2752 1029 2896 1084; x_wconf 76' lang='grc' dir='ltr'>άδϐᾶ</span> <span class='ocrx_word' id='word_1_156' title='bbox 2941 1030 3169 1101; x_wconf 83' lang='grc' dir='ltr'>Μάρκου</span> <span class='ocrx_word' id='word_1_157' title='bbox 3219 1029 3314 1082; x_wconf 81' lang='grc' dir='ltr'>τοῦ</span> <span class='ocrx_word' id='word_1_158' title='bbox 3353 1028 3671 1097; x_wconf 75' lang='grc' dir='ltr'><strong>Αἰγυπτίου,</strong></span> 
     </span>
    </p>
   </div>
   <div class='ocr_carea' id='block_1_25' title="bbox 2100 1119 3674 1195">
    <p class='ocr_par' dir='ltr' id='par_1_25' title="bbox 2100 1119 3674 1195">
     <span class='ocr_line' id='line_1_25' title="bbox 2100 1119 3674 1195; baseline -0.002 -19"><span class='ocrx_word' id='word_1_159' title='bbox 2100 1123 2180 1176; x_wconf 80' lang='grc' dir='ltr'>ὅτι</span> <span class='ocrx_word' id='word_1_160' title='bbox 2213 1122 2394 1193; x_wconf 76' lang='grc' dir='ltr'>ἔμεινε</span> <span class='ocrx_word' id='word_1_161' title='bbox 2438 1122 2732 1195; x_wconf 87' lang='grc' dir='ltr'>τριάκοντα</span> <span class='ocrx_word' id='word_1_162' title='bbox 2765 1121 2858 1192; x_wconf 80' lang='grc' dir='ltr'>ἔτη</span> <span class='ocrx_word' id='word_1_163' title='bbox 2883 1164 2898 1188; x_wconf 91' lang='grc'><strong>,</strong></span> <span class='ocrx_word' id='word_1_164' title='bbox 2934 1122 3008 1194; x_wconf 79' lang='grc' dir='ltr'>μὴ</span> <span class='ocrx_word' id='word_1_165' title='bbox 3063 1121 3417 1193; x_wconf 77' lang='grc' dir='ltr'><strong>ἐξερχόμενος</strong></span> <span class='ocrx_word' id='word_1_166' title='bbox 3472 1122 3536 1174; x_wconf 85' lang='grc' dir='ltr'>ὲκ</span> <span class='ocrx_word' id='word_1_167' title='bbox 3581 1119 3674 1174; x_wconf 84' lang='grc' dir='ltr'><strong>τοῦ</strong></span> 
     </span>
    </p>
   </div>
   <div class='ocr_carea' id='block_1_26' title="bbox 2102 1208 3671 1284">
    <p class='ocr_par' dir='ltr' id='par_1_26' title="bbox 2102 1208 3671 1284">
     <span class='ocr_line' id='line_1_26' title="bbox 2102 1208 3671 1284; baseline -0.003 -16"><span class='ocrx_word' id='word_1_168' title='bbox 2102 1213 2313 1268; x_wconf 87' lang='grc' dir='ltr'>κελλίου</span> <span class='ocrx_word' id='word_1_169' title='bbox 2344 1212 2530 1268; x_wconf 80' lang='grc' dir='ltr'>αὐτοῦ.</span> <span class='ocrx_word' id='word_1_170' title='bbox 2563 1208 2691 1284; x_wconf 83' lang='grc' dir='ltr'>Εἶχε</span> <span class='ocrx_word' id='word_1_171' title='bbox 2717 1213 2772 1266; x_wconf 86' lang='grc' dir='ltr'>δὲ</span> <span class='ocrx_word' id='word_1_172' title='bbox 2796 1212 2915 1277; x_wconf 72' lang='grc' dir='ltr'>ἔθος</span> <span class='ocrx_word' id='word_1_173' title='bbox 2947 1215 2975 1267; x_wconf 88' lang='lat'><strong>6</strong></span> <span class='ocrx_word' id='word_1_174' title='bbox 3003 1212 3371 1284; x_wconf 78' lang='grc' dir='ltr'>πρεσϐύτερος</span> <span class='ocrx_word' id='word_1_175' title='bbox 3395 1211 3671 1284; x_wconf 74' lang='grc' dir='ltr'>ἔρχεσθαι,</span> 
     </span>
    </p>
   </div>
   <div class='ocr_carea' id='block_1_27' title="bbox 2103 1303 3676 1377">
    <p class='ocr_par' dir='ltr' id='par_1_27' title="bbox 2103 1303 3676 1377">
     <span class='ocr_line' id='line_1_27' title="bbox 2103 1303 3676 1377; baseline -0.001 -19"><span class='ocrx_word' id='word_1_176' title='bbox 2103 1306 2198 1359; x_wconf 57' lang='grc' dir='ltr'><strong>καὶ⁸</strong></span> <span class='ocrx_word' id='word_1_177' title='bbox 2220 1308 2391 1359; x_wconf 83' lang='grc' dir='ltr'>ποιεῖν</span> <span class='ocrx_word' id='word_1_178' title='bbox 2425 1305 2572 1377; x_wconf 78' lang='grc' dir='ltr'>αὐτῷ</span> <span class='ocrx_word' id='word_1_179' title='bbox 2599 1305 2696 1377; x_wconf 78' lang='grc' dir='ltr'>τὴν</span> <span class='ocrx_word' id='word_1_180' title='bbox 2725 1305 2887 1374; x_wconf 83' lang='grc' dir='ltr'>ἁγίαν</span> <span class='ocrx_word' id='word_1_181' title='bbox 2925 1305 3260 1377; x_wconf 81' lang='grc' dir='ltr'>προσφοράν.</span> <span class='ocrx_word' id='word_1_182' title='bbox 3324 1305 3383 1357; x_wconf 92' lang='lat'><strong>&#39;0</strong></span> <span class='ocrx_word' id='word_1_183' title='bbox 3404 1305 3462 1357; x_wconf 80' lang='grc' dir='ltr'>δὲ</span> <span class='ocrx_word' id='word_1_184' title='bbox 3490 1303 3676 1357; x_wconf 67' lang='lat'><strong>61.6160-</strong></span> 
     </span>
    </p>
   </div>
   <div class='ocr_carea' id='block_1_28' title="bbox 2103 1395 3675 1470">
    <p class='ocr_par' dir='ltr' id='par_1_28' title="bbox 2103 1395 3675 1470">
     <span class='ocr_line' id='line_1_28' title="bbox 2103 1395 3675 1470; baseline -0.001 -19"><span class='ocrx_word' id='word_1_185' title='bbox 2103 1399 2226 1464; x_wconf 87' lang='grc' dir='ltr'>λος,</span> <span class='ocrx_word' id='word_1_186' title='bbox 2261 1399 2541 1469; x_wconf 84' lang='grc' dir='ltr'><strong>θεωρήσας</strong></span> <span class='ocrx_word' id='word_1_187' title='bbox 2571 1399 2668 1470; x_wconf 85' lang='grc' dir='ltr'>τὴν</span> <span class='ocrx_word' id='word_1_188' title='bbox 2715 1398 2807 1451; x_wconf 81' lang='grc' dir='ltr'>τοῦ</span> <span class='ocrx_word' id='word_1_189' title='bbox 2861 1399 3052 1470; x_wconf 84' lang='grc' dir='ltr'>ἀνδρὸς</span> <span class='ocrx_word' id='word_1_190' title='bbox 3085 1398 3336 1470; x_wconf 77' lang='grc' dir='ltr'>ἐνάρετον</span> <span class='ocrx_word' id='word_1_191' title='bbox 3375 1395 3675 1468; x_wconf 76' lang='grc' dir='ltr'>ὑπομονὴν,</span> 
     </span>
    </p>
   </div>
   <div class='ocr_carea' id='block_1_29' title="bbox 2104 1487 3677 1563">
    <p class='ocr_par' dir='ltr' id='par_1_29' title="bbox 2104 1487 3677 1563">
     <span class='ocr_line' id='line_1_29' title="bbox 2104 1487 3677 1563; baseline -0.002 -20"><span class='ocrx_word' id='word_1_192' title='bbox 2104 1490 2576 1563; x_wconf 81' lang='grc' dir='ltr'>ὲπανουργεύσατο</span> <span class='ocrx_word' id='word_1_193' title='bbox 2622 1493 2678 1543; x_wconf 85' lang='grc' dir='ltr'>ὲν</span> <span class='ocrx_word' id='word_1_194' title='bbox 2709 1491 3030 1562; x_wconf 87' lang='grc' dir='ltr'>κατακρίσει</span> <span class='ocrx_word' id='word_1_195' title='bbox 3060 1490 3315 1561; x_wconf 90' lang='grc' dir='ltr'>πειράσαι</span> <span class='ocrx_word' id='word_1_196' title='bbox 3346 1489 3507 1542; x_wconf 81' lang='grc' dir='ltr'>αὐτόν</span> <span class='ocrx_word' id='word_1_197' title='bbox 3527 1503 3542 1517; x_wconf 86' lang='grc'><strong>·</strong></span> <span class='ocrx_word' id='word_1_198' title='bbox 3586 1487 3677 1540; x_wconf 76' lang='grc' dir='ltr'><strong>καὶ</strong></span> 
     </span>
    </p>
   </div>
   <div class='ocr_carea' id='block_1_30' title="bbox 2105 1581 3679 1656">
    <p class='ocr_par' dir='ltr' id='par_1_30' title="bbox 2105 1581 3679 1656">
     <span class='ocr_line' id='line_1_30' title="bbox 2105 1581 3679 1656; baseline 0 -20"><span class='ocrx_word' id='word_1_199' title='bbox 2105 1583 2486 1656; x_wconf 83' lang='grc' dir='ltr'>παρεσκεύασέ</span> <span class='ocrx_word' id='word_1_200' title='bbox 2532 1601 2654 1637; x_wconf 87' lang='grc' dir='ltr'>τινα</span> <span class='ocrx_word' id='word_1_201' title='bbox 2685 1583 3099 1654; x_wconf 84' lang='grc' dir='ltr'>πνευματιῶντα</span> <span class='ocrx_word' id='word_1_202' title='bbox 3117 1623 3135 1650; x_wconf 90' lang='grc'><strong>,</strong></span> <span class='ocrx_word' id='word_1_203' title='bbox 3167 1583 3302 1654; x_wconf 83' lang='grc' dir='ltr'>πρὸς</span> <span class='ocrx_word' id='word_1_204' title='bbox 3328 1582 3417 1635; x_wconf 82' lang='grc' dir='ltr'><strong>τὸν</strong></span> <span class='ocrx_word' id='word_1_205' title='bbox 3446 1581 3679 1655; x_wconf 74' lang='grc' dir='ltr'>γέροντα.</span> 
     </span>
    </p>
   </div>
   <div class='ocr_carea' id='block_1_31' title="bbox 2108 1671 3681 1748">
    <p class='ocr_par' dir='ltr' id='par_1_31' title="bbox 2108 1671 3681 1748">
     <span class='ocr_line' id='line_1_31' title="bbox 2108 1671 3681 1748; baseline -0.004 -18"><span class='ocrx_word' id='word_1_206' title='bbox 2108 1677 2377 1748; x_wconf 76' lang='grc' dir='ltr'>προφάσει</span> <span class='ocrx_word' id='word_1_207' title='bbox 2433 1675 2598 1746; x_wconf 80' lang='grc' dir='ltr'>εύχῆς</span> <span class='ocrx_word' id='word_1_208' title='bbox 2653 1675 2925 1728; x_wconf 79' lang='grc' dir='ltr'>ἀπελθεῖν.</span> <span class='ocrx_word' id='word_1_209' title='bbox 2986 1675 3042 1727; x_wconf 89' lang='lat'><strong>&#39;0</strong></span> <span class='ocrx_word' id='word_1_210' title='bbox 3086 1673 3142 1727; x_wconf 84' lang='grc' dir='ltr'>δὲ</span> <span class='ocrx_word' id='word_1_211' title='bbox 3190 1672 3537 1745; x_wconf 86' lang='grc' dir='ltr'>πνευματιῶν</span> <span class='ocrx_word' id='word_1_212' title='bbox 3573 1671 3681 1744; x_wconf 83' lang='grc' dir='ltr'><strong>πρὸ</strong></span> 
     </span>
    </p>
   </div>
   <div class='ocr_carea' id='block_1_32' title="bbox 2111 1764 3784 1838">
    <p class='ocr_par' dir='ltr' id='par_1_32' title="bbox 2111 1764 3784 1838">
     <span class='ocr_line' id='line_1_32' title="bbox 2111 1764 3784 1838; baseline -0.002 -17"><span class='ocrx_word' id='word_1_213' title='bbox 2111 1769 2311 1831; x_wconf 86' lang='grc' dir='ltr'>παντὸς</span> <span class='ocrx_word' id='word_1_214' title='bbox 2335 1768 2493 1836; x_wconf 83' lang='grc' dir='ltr'>λόγου</span> <span class='ocrx_word' id='word_1_215' title='bbox 2529 1767 2869 1838; x_wconf 80' lang='grc' dir='ltr'>προσεφώνει</span> <span class='ocrx_word' id='word_1_216' title='bbox 2903 1765 2979 1837; x_wconf 81' lang='grc' dir='ltr'>τῷ</span> <span class='ocrx_word' id='word_1_217' title='bbox 3019 1767 3261 1838; x_wconf 85' lang='grc' dir='ltr'>γέροντι·</span> <span class='ocrx_word' id='word_1_218' title='bbox 3293 1765 3351 1820; x_wconf 99' lang='lat'><strong>&#39;0</strong></span> <span class='ocrx_word' id='word_1_219' title='bbox 3378 1764 3682 1836; x_wconf 71' lang='grc' dir='ltr'>πρεσϐύτε-</span> <span class='ocrx_word' id='word_1_220' title='bbox 3777 1809 3784 1817; x_wconf 94' lang='grc'><strong>.</strong></span> 
     </span>
    </p>
   </div>
   <div class='ocr_carea' id='block_1_33' title="bbox 441 1857 2013 1931">
    <p class='ocr_par' dir='ltr' id='par_1_33' title="bbox 441 1857 2003 1929">
     <span class='ocr_line' id='line_1_33' title="bbox 441 1857 2003 1929; baseline 0.001 -15"><span class='ocrx_word' id='word_1_221' title='bbox 441 1862 607 1916; x_wconf 86' lang='lat' dir='ltr'><strong>habet</strong></span> <span class='ocrx_word' id='word_1_222' title='bbox 645 1858 867 1914; x_wconf 86' lang='lat' dir='ltr'><strong>odorem</strong></span> <span class='ocrx_word' id='word_1_223' title='bbox 920 1857 1166 1927; x_wconf 86' lang='lat' dir='ltr'><strong>peccati;</strong></span> <span class='ocrx_word' id='word_1_224' title='bbox 1226 1873 1337 1912; x_wconf 87' lang='lat' dir='ltr'><strong>non</strong></span> <span class='ocrx_word' id='word_1_225' title='bbox 1376 1859 1612 1929; x_wconf 88' lang='lat' dir='ltr'><strong>amplius</strong></span> <span class='ocrx_word' id='word_1_226' title='bbox 1674 1861 1824 1916; x_wconf 89' lang='lat' dir='ltr'><strong>sinas</strong></span> <span class='ocrx_word' id='word_1_227' title='bbox 1879 1879 2003 1916; x_wconf 87' lang='lat' dir='ltr'><strong>eum</strong></span> 
     </span>
    </p>
   </div>
   <div class='ocr_carea' id='block_1_34' title="bbox 2116 1857 3684 1931">
    <p class='ocr_par' dir='ltr' id='par_1_34' title="bbox 2116 1857 3684 1931">
     <span class='ocr_line' id='line_1_34' title="bbox 2116 1857 3684 1931; baseline 0 -19"><span class='ocrx_word' id='word_1_228' title='bbox 2116 1861 2201 1931; x_wconf 86' lang='grc' dir='ltr'><strong>ρός</strong></span> <span class='ocrx_word' id='word_1_229' title='bbox 2236 1875 2328 1913; x_wconf 90' lang='grc' dir='ltr'><strong>σου</strong></span> <span class='ocrx_word' id='word_1_230' title='bbox 2359 1859 2470 1930; x_wconf 74' lang='grc' dir='ltr'>ἔχει</span> <span class='ocrx_word' id='word_1_231' title='bbox 2517 1859 2690 1930; x_wconf 83' lang='grc' dir='ltr'>ὀσμὴν</span> <span class='ocrx_word' id='word_1_232' title='bbox 2732 1857 3032 1930; x_wconf 80' lang='grc' dir='ltr'>ἁμαρτίας,</span> <span class='ocrx_word' id='word_1_233' title='bbox 3067 1859 3260 1930; x_wconf 78' lang='grc' dir='ltr'>μηκέτι</span> <span class='ocrx_word' id='word_1_234' title='bbox 3308 1858 3469 1913; x_wconf 81' lang='grc' dir='ltr'>αὐτὸν</span> <span class='ocrx_word' id='word_1_235' title='bbox 3509 1858 3684 1931; x_wconf 76' lang='grc' dir='ltr'>ἐάσῃς</span> 
     </span>
    </p>
   </div>
   <div class='ocr_carea' id='block_1_35' title="bbox 441 1947 2002 2021">
    <p class='ocr_par' dir='ltr' id='par_1_35' title="bbox 441 1947 2002 2021">
     <span class='ocr_line' id='line_1_35' title="bbox 441 1947 2002 2021; baseline 0 -14"><span class='ocrx_word' id='word_1_236' title='bbox 441 1951 701 2007; x_wconf 88' lang='lat' dir='ltr'><strong>accedere</strong></span> <span class='ocrx_word' id='word_1_237' title='bbox 734 1950 800 2005; x_wconf 87' lang='lat' dir='ltr'><strong>ad</strong></span> <span class='ocrx_word' id='word_1_238' title='bbox 829 1959 900 2004; x_wconf 89' lang='lat' dir='ltr'><strong>te.</strong></span> <span class='ocrx_word' id='word_1_239' title='bbox 927 1949 997 2002; x_wconf 86' lang='lat' dir='ltr'><strong>At</strong></span> <span class='ocrx_word' id='word_1_240' title='bbox 1024 1949 1107 2002; x_wconf 91' lang='lat' dir='ltr'><strong>vir</strong></span> <span class='ocrx_word' id='word_1_241' title='bbox 1154 1963 1182 2001; x_wconf 91' lang='lat' dir='ltr'><strong>a</strong></span> <span class='ocrx_word' id='word_1_242' title='bbox 1216 1947 1326 2004; x_wconf 91' lang='lat' dir='ltr'><strong>Deo</strong></span> <span class='ocrx_word' id='word_1_243' title='bbox 1365 1949 1666 2021; x_wconf 87' lang='lat' dir='ltr'><strong>inspiratus</strong></span> <span class='ocrx_word' id='word_1_244' title='bbox 1694 1951 1812 2006; x_wconf 73' lang='lat' dir='ltr'><strong>inﬁt</strong></span> <span class='ocrx_word' id='word_1_245' title='bbox 1840 1971 1852 2007; x_wconf 89' lang='lat'>:</span> <span class='ocrx_word' id='word_1_246' title='bbox 1880 1953 2002 2017; x_wconf 88' lang='lat' dir='ltr'><strong>Fili,</strong></span> 
     </span>
    </p>
   </div>
   <div class='ocr_carea' id='block_1_36' title="bbox 440 2037 2007 2110">
    <p class='ocr_par' dir='ltr' id='par_1_36' title="bbox 440 2037 2007 2110">
     <span class='ocr_line' id='line_1_36' title="bbox 440 2037 2007 2110; baseline -0.003 -13"><span class='ocrx_word' id='word_1_247' title='bbox 440 2057 632 2098; x_wconf 91' lang='lat' dir='ltr'><strong>omnes</strong></span> <span class='ocrx_word' id='word_1_248' title='bbox 671 2039 1050 2110; x_wconf 90' lang='lat' dir='ltr'><strong>impuritatem</strong></span> <span class='ocrx_word' id='word_1_249' title='bbox 1080 2043 1234 2092; x_wconf 83' lang='lat' dir='ltr'><strong>extra</strong></span> <span class='ocrx_word' id='word_1_250' title='bbox 1268 2037 1609 2107; x_wconf 86' lang='lat' dir='ltr'><strong>projiciunt;</strong></span> <span class='ocrx_word' id='word_1_251' title='bbox 1659 2046 1717 2093; x_wconf 94' lang='lat' dir='ltr'><strong>tu</strong></span> <span class='ocrx_word' id='word_1_252' title='bbox 1759 2055 1888 2094; x_wconf 85' lang='lat' dir='ltr'><strong>vero</strong></span> <span class='ocrx_word' id='word_1_253' title='bbox 1940 2039 2007 2093; x_wconf 92' lang='lat' dir='ltr'><strong>ad</strong></span> 
     </span>
    </p>
   </div>
   <div class='ocr_carea' id='block_1_37' title="bbox 440 2127 2004 2199">
    <p class='ocr_par' dir='ltr' id='par_1_37' title="bbox 440 2127 2004 2199">
     <span class='ocr_line' id='line_1_37' title="bbox 440 2127 2004 2199; baseline -0.003 -10"><span class='ocrx_word' id='word_1_254' title='bbox 440 2149 529 2189; x_wconf 89' lang='lat' dir='ltr'><strong>me</strong></span> <span class='ocrx_word' id='word_1_255' title='bbox 564 2131 796 2186; x_wconf 88' lang='lat' dir='ltr'><strong>attulisti</strong></span> <span class='ocrx_word' id='word_1_256' title='bbox 827 2144 967 2185; x_wconf 88' lang='lat' dir='ltr'><strong>eam.</strong></span> <span class='ocrx_word' id='word_1_257' title='bbox 1005 2127 1206 2183; x_wconf 85' lang='lat' dir='ltr'><strong>Verum</strong></span> <span class='ocrx_word' id='word_1_258' title='bbox 1245 2128 1544 2199; x_wconf 74' lang='lat' dir='ltr'><strong>Scriptura:</strong></span> <span class='ocrx_word' id='word_1_259' title='bbox 1588 2145 1692 2185; x_wconf 91' lang='lat' dir='ltr'><strong>vox</strong></span> <span class='ocrx_word' id='word_1_260' title='bbox 1724 2140 1848 2188; x_wconf 91' lang='lat' dir='ltr'><strong>est:</strong></span> <span class='ocrx_word' id='word_1_261' title='bbox 1894 2131 2004 2186; x_wconf 91' lang='grc' dir='ltr'><strong>Νο-</strong></span> 
     </span>
    </p>
   </div>
   <div class='ocr_carea' id='block_1_38' title="bbox 442 2219 2008 2293">
    <p class='ocr_par' dir='ltr' id='par_1_38' title="bbox 442 2219 2008 2293">
     <span class='ocr_line' id='line_1_38' title="bbox 442 2219 2008 2293; baseline 0.001 -15"><span class='ocrx_word' id='word_1_262' title='bbox 442 2225 536 2279; x_wconf 77' lang='lat' dir='ltr'><strong>lite</strong></span> <span class='ocrx_word' id='word_1_263' title='bbox 551 2223 818 2293; x_wconf 78' lang='lat' dir='ltr'><strong>judicare.</strong></span> <span class='ocrx_word' id='word_1_264' title='bbox 838 2229 1005 2275; x_wconf 85' lang='lat' dir='ltr'><strong>etnon</strong></span> <span class='ocrx_word' id='word_1_265' title='bbox 1033 2219 1406 2290; x_wconf 73' lang='lat' dir='ltr'><strong>judicabimini</strong></span> <span class='ocrx_word' id='word_1_266' title='bbox 1436 2221 1498 2274; x_wconf 81' lang='grc'><strong>¹⁶.</strong></span> <span class='ocrx_word' id='word_1_267' title='bbox 1531 2219 1735 2278; x_wconf 86' lang='lat' dir='ltr'><strong>Tamen</strong></span> <span class='ocrx_word' id='word_1_268' title='bbox 1757 2225 2008 2293; x_wconf 86' lang='lat' dir='ltr'><strong>quamvis</strong></span> 
     </span>
    </p>
   </div>
   <div class='ocr_carea' id='block_1_39' title="bbox 441 2312 2007 2390">
    <p class='ocr_par' dir='ltr' id='par_1_39' title="bbox 441 2312 2007 2390">
     <span class='ocr_line' id='line_1_39' title="bbox 441 2312 2007 2390; baseline -0.003 -16"><span class='ocrx_word' id='word_1_269' title='bbox 441 2325 699 2390; x_wconf 88' lang='lat' dir='ltr'><strong>peccator</strong></span> <span class='ocrx_word' id='word_1_270' title='bbox 719 2317 814 2381; x_wconf 90' lang='lat' dir='ltr'><strong>sit,</strong></span> <span class='ocrx_word' id='word_1_271' title='bbox 841 2314 1108 2369; x_wconf 81' lang='lat' dir='ltr'><strong>Dominus</strong></span> <span class='ocrx_word' id='word_1_272' title='bbox 1136 2313 1348 2368; x_wconf 85' lang='lat' dir='ltr'><strong>salvum</strong></span> <span class='ocrx_word' id='word_1_273' title='bbox 1369 2312 1532 2368; x_wconf 89' lang='lat' dir='ltr'><strong>faciet</strong></span> <span class='ocrx_word' id='word_1_274' title='bbox 1556 2329 1701 2369; x_wconf 88' lang='lat' dir='ltr'><strong>eum.</strong></span> <span class='ocrx_word' id='word_1_275' title='bbox 1734 2312 2007 2385; x_wconf 88' lang='lat' dir='ltr'><strong>Scriptum</strong></span> 
     </span>
    </p>
   </div>
   <div class='ocr_carea' id='block_1_40' title="bbox 440 2405 2011 2474">
    <p class='ocr_par' dir='ltr' id='par_1_40' title="bbox 440 2405 2011 2474">
     <span class='ocr_line' id='line_1_40' title="bbox 440 2405 2011 2474; baseline -0.003 -8"><span class='ocrx_word' id='word_1_276' title='bbox 440 2410 739 2466; x_wconf 64' lang='lat' dir='ltr'><strong>estaenim:</strong></span> <span class='ocrx_word' id='word_1_277' title='bbox 781 2405 946 2462; x_wconf 84' lang='lat' dir='ltr'><strong>Orate</strong></span> <span class='ocrx_word' id='word_1_278' title='bbox 977 2419 1071 2474; x_wconf 82' lang='lat' dir='ltr'><strong>pro</strong></span> <span class='ocrx_word' id='word_1_279' title='bbox 1096 2405 1338 2470; x_wconf 77' lang='lat' dir='ltr'><strong>invicem,</strong></span> <span class='ocrx_word' id='word_1_280' title='bbox 1370 2412 1427 2458; x_wconf 83' lang='lat' dir='ltr'><strong>ut</strong></span> <span class='ocrx_word' id='word_1_281' title='bbox 1465 2405 1740 2460; x_wconf 77' lang='lat' dir='ltr'><strong>salvemini</strong></span> <span class='ocrx_word' id='word_1_282' title='bbox 1767 2407 1830 2460; x_wconf 85' lang='lat'><strong>&quot;.</strong></span> <span class='ocrx_word' id='word_1_283' title='bbox 1880 2406 2011 2463; x_wconf 91' lang='lat' dir='ltr'><strong>Post</strong></span> 
     </span>
    </p>
   </div>
   <div class='ocr_carea' id='block_1_41' title="bbox 441 2496 2010 2574">
    <p class='ocr_par' dir='ltr' id='par_1_41' title="bbox 441 2496 2010 2574">
     <span class='ocr_line' id='line_1_41' title="bbox 441 2496 2010 2574; baseline -0.003 -16"><span class='ocrx_word' id='word_1_284' title='bbox 441 2518 601 2574; x_wconf 82' lang='lat' dir='ltr'><strong>quem</strong></span> <span class='ocrx_word' id='word_1_285' title='bbox 635 2514 944 2556; x_wconf 85' lang='lat' dir='ltr'><strong>sermonem</strong></span> <span class='ocrx_word' id='word_1_286' title='bbox 982 2496 1125 2553; x_wconf 90' lang='lat' dir='ltr'><strong>facta</strong></span> <span class='ocrx_word' id='word_1_287' title='bbox 1166 2512 1329 2567; x_wconf 86' lang='lat' dir='ltr'><strong>prece</strong></span> <span class='ocrx_word' id='word_1_288' title='bbox 1357 2497 1659 2552; x_wconf 67' lang='lat' dir='ltr'><strong>daemonem</strong></span> <span class='ocrx_word' id='word_1_289' title='bbox 1695 2498 1903 2568; x_wconf 83' lang='lat' dir='ltr'><strong>fugavit</strong></span> <span class='ocrx_word' id='word_1_290' title='bbox 1943 2500 2010 2555; x_wconf 90' lang='lat' dir='ltr'><strong>ab</strong></span> 
     </span>
    </p>
   </div>
   <div class='ocr_carea' id='block_1_42' title="bbox 443 2587 2012 2660">
    <p class='ocr_par' dir='ltr' id='par_1_42' title="bbox 443 2587 2012 2660">
     <span class='ocr_line' id='line_1_42' title="bbox 443 2587 2012 2660; baseline -0.001 -10"><span class='ocrx_word' id='word_1_291' title='bbox 443 2594 683 2657; x_wconf 90' lang='lat' dir='ltr'><strong>homine,</strong></span> <span class='ocrx_word' id='word_1_292' title='bbox 741 2590 1059 2660; x_wconf 89' lang='lat' dir='ltr'><strong>dimisitque</strong></span> <span class='ocrx_word' id='word_1_293' title='bbox 1123 2604 1247 2645; x_wconf 85' lang='lat' dir='ltr'><strong>eum</strong></span> <span class='ocrx_word' id='word_1_294' title='bbox 1306 2603 1524 2644; x_wconf 89' lang='lat' dir='ltr'><strong>sanum.</strong></span> <span class='ocrx_word' id='word_1_295' title='bbox 1590 2587 1660 2644; x_wconf 91' lang='lat' dir='ltr'><strong>Ut</strong></span> <span class='ocrx_word' id='word_1_296' title='bbox 1710 2600 1890 2645; x_wconf 89' lang='lat' dir='ltr'><strong>autem</strong></span> <span class='ocrx_word' id='word_1_297' title='bbox 1945 2592 2012 2648; x_wconf 82' lang='lat' dir='ltr'><strong>de</strong></span> 
     </span>
    </p>
   </div>
   <div class='ocr_carea' id='block_1_43' title="bbox 446 2681 2011 2753">
    <p class='ocr_par' dir='ltr' id='par_1_43' title="bbox 446 2681 2011 2753">
     <span class='ocr_line' id='line_1_43' title="bbox 446 2681 2011 2753; baseline -0.001 -15"><span class='ocrx_word' id='word_1_298' title='bbox 446 2700 595 2738; x_wconf 90' lang='lat' dir='ltr'><strong>more</strong></span> <span class='ocrx_word' id='word_1_299' title='bbox 626 2683 774 2739; x_wconf 84' lang='lat' dir='ltr'><strong>venit</strong></span> <span class='ocrx_word' id='word_1_300' title='bbox 824 2681 1130 2753; x_wconf 88' lang='lat' dir='ltr'><strong>presbyter,</strong></span> <span class='ocrx_word' id='word_1_301' title='bbox 1190 2696 1356 2736; x_wconf 82' lang='lat' dir='ltr'><strong>senex</strong></span> <span class='ocrx_word' id='word_1_302' title='bbox 1405 2681 1648 2752; x_wconf 90' lang='lat' dir='ltr'><strong>suscepit</strong></span> <span class='ocrx_word' id='word_1_303' title='bbox 1702 2682 1852 2736; x_wconf 88' lang='lat' dir='ltr'><strong>illum</strong></span> <span class='ocrx_word' id='word_1_304' title='bbox 1885 2697 2011 2737; x_wconf 91' lang='lat' dir='ltr'><strong>cum</strong></span> 
     </span>
    </p>
   </div>
   <div class='ocr_carea' id='block_1_44' title="bbox 446 2773 2014 2840">
    <p class='ocr_par' dir='ltr' id='par_1_44' title="bbox 446 2773 2014 2840">
     <span class='ocr_line' id='line_1_44' title="bbox 446 2773 2014 2840; baseline -0.003 -8"><span class='ocrx_word' id='word_1_305' title='bbox 446 2777 655 2832; x_wconf 63' lang='lat' dir='ltr'><strong>laetitia.</strong></span> <span class='ocrx_word' id='word_1_306' title='bbox 703 2777 894 2830; x_wconf 88' lang='lat' dir='ltr'><strong>Bonus</strong></span> <span class='ocrx_word' id='word_1_307' title='bbox 927 2788 1058 2828; x_wconf 89' lang='lat' dir='ltr'><strong>vero</strong></span> <span class='ocrx_word' id='word_1_308' title='bbox 1087 2773 1254 2840; x_wconf 90' lang='lat' dir='ltr'><strong>Deus,</strong></span> <span class='ocrx_word' id='word_1_309' title='bbox 1303 2788 1537 2837; x_wconf 87' lang='lat' dir='ltr'><strong>cernens</strong></span> <span class='ocrx_word' id='word_1_310' title='bbox 1574 2773 1720 2828; x_wconf 90' lang='lat' dir='ltr'><strong>senis</strong></span> <span class='ocrx_word' id='word_1_311' title='bbox 1754 2774 2014 2828; x_wconf 85' lang='lat' dir='ltr'><strong>innocen-</strong></span> 
     </span>
    </p>
   </div>
   <div class='ocr_carea' id='block_1_45' title="bbox 444 2865 2014 2936">
    <p class='ocr_par' dir='ltr' id='par_1_45' title="bbox 444 2865 2014 2936">
     <span class='ocr_line' id='line_1_45' title="bbox 444 2865 2014 2936; baseline -0.003 -11"><span class='ocrx_word' id='word_1_312' title='bbox 444 2872 599 2934; x_wconf 90' lang='lat' dir='ltr'><strong>tiam,</strong></span> <span class='ocrx_word' id='word_1_313' title='bbox 635 2865 877 2924; x_wconf 87' lang='lat' dir='ltr'><strong>ostendit</strong></span> <span class='ocrx_word' id='word_1_314' title='bbox 907 2867 987 2921; x_wconf 89' lang='lat' dir='ltr'><strong>illi</strong></span> <span class='ocrx_word' id='word_1_315' title='bbox 1015 2865 1254 2936; x_wconf 90' lang='lat' dir='ltr'><strong>siguum.</strong></span> <span class='ocrx_word' id='word_1_316' title='bbox 1286 2865 1423 2920; x_wconf 87' lang='lat' dir='ltr'><strong>Nam</strong></span> <span class='ocrx_word' id='word_1_317' title='bbox 1453 2881 1576 2921; x_wconf 92' lang='lat' dir='ltr'><strong>cum</strong></span> <span class='ocrx_word' id='word_1_318' title='bbox 1611 2865 1848 2922; x_wconf 79' lang='lat' dir='ltr'><strong>clericus</strong></span> <span class='ocrx_word' id='word_1_319' title='bbox 1873 2867 2014 2936; x_wconf 85' lang='lat' dir='ltr'><strong>jam-</strong></span> 
     </span>
    </p>
   </div>
   <div class='ocr_carea' id='block_1_46' title="bbox 443 2957 2015 3034">
    <p class='ocr_par' dir='ltr' id='par_1_46' title="bbox 443 2957 2015 3034">
     <span class='ocr_line' id='line_1_46' title="bbox 443 2957 2015 3034; baseline -0.003 -17"><span class='ocrx_word' id='word_1_320' title='bbox 443 2964 556 3034; x_wconf 86' lang='lat' dir='ltr'><strong>jam</strong></span> <span class='ocrx_word' id='word_1_321' title='bbox 581 2967 996 3020; x_wconf 83' lang='lat' dir='ltr'><strong>staturusesset</strong></span> <span class='ocrx_word' id='word_1_322' title='bbox 1019 2967 1145 3014; x_wconf 88' lang='lat' dir='ltr'><strong>ante</strong></span> <span class='ocrx_word' id='word_1_323' title='bbox 1166 2973 1380 3014; x_wconf 89' lang='lat' dir='ltr'><strong>sacram</strong></span> <span class='ocrx_word' id='word_1_324' title='bbox 1406 2973 1674 3027; x_wconf 88' lang='lat' dir='ltr'><strong>mensam,</strong></span> <span class='ocrx_word' id='word_1_325' title='bbox 1700 2957 1846 3022; x_wconf 71' lang='lat' dir='ltr'><strong>Vidi,</strong></span> <span class='ocrx_word' id='word_1_326' title='bbox 1878 2959 2015 3014; x_wconf 82' lang='lat' dir='ltr'><strong>dixit</strong></span> 
     </span>
    </p>
   </div>
   <div class='ocr_carea' id='block_1_47' title="bbox 446 3049 2015 3120">
    <p class='ocr_par' dir='ltr' id='par_1_47' title="bbox 446 3049 2015 3120">
     <span class='ocr_line' id='line_1_47' title="bbox 446 3049 2015 3120; baseline -0.002 -11"><span class='ocrx_word' id='word_1_327' title='bbox 446 3068 562 3110; x_wconf 87' lang='lat' dir='ltr'><strong>rem</strong></span> <span class='ocrx_word' id='word_1_328' title='bbox 597 3065 866 3107; x_wconf 88' lang='lat' dir='ltr'><strong>enarrans</strong></span> <span class='ocrx_word' id='word_1_329' title='bbox 897 3065 1085 3114; x_wconf 80' lang='lat' dir='ltr'><strong>senex,</strong></span> <span class='ocrx_word' id='word_1_330' title='bbox 1133 3050 1384 3120; x_wconf 77' lang='lat' dir='ltr'><strong>angelum</strong></span> <span class='ocrx_word' id='word_1_331' title='bbox 1420 3049 1632 3106; x_wconf 89' lang='lat' dir='ltr'><strong>Domini</strong></span> <span class='ocrx_word' id='word_1_332' title='bbox 1683 3049 2015 3106; x_wconf 76' lang='lat' dir='ltr'><strong>descenden~</strong></span> 
     </span>
    </p>
   </div>
   <div class='ocr_carea' id='block_1_48' title="bbox 2107 1949 3682 2028">
    <p class='ocr_par' dir='ltr' id='par_1_48' title="bbox 2107 1949 3682 2028">
     <span class='ocr_line' id='line_1_48' title="bbox 2107 1949 3682 2028; baseline -0.003 -19"><span class='ocrx_word' id='word_1_333' title='bbox 2107 1955 2366 2009; x_wconf 79' lang='grc' dir='ltr'>εἰσελθεῖν</span> <span class='ocrx_word' id='word_1_334' title='bbox 2396 1955 2533 2028; x_wconf 80' lang='grc' dir='ltr'>πρὸς</span> <span class='ocrx_word' id='word_1_335' title='bbox 2559 1955 2640 2009; x_wconf 89' lang='grc' dir='ltr'><strong>σέ.</strong></span> <span class='ocrx_word' id='word_1_336' title='bbox 2684 1954 2742 2008; x_wconf 89' lang='grc' dir='ltr'>Ὀ</span> <span class='ocrx_word' id='word_1_337' title='bbox 2774 1955 2831 2008; x_wconf 87' lang='grc' dir='ltr'>δὲ</span> <span class='ocrx_word' id='word_1_338' title='bbox 2853 1953 3206 2016; x_wconf 86' lang='grc' dir='ltr'>θεόπνευστος</span> <span class='ocrx_word' id='word_1_339' title='bbox 3229 1952 3366 2024; x_wconf 77' lang='grc' dir='ltr'>ἀνὴρ</span> <span class='ocrx_word' id='word_1_340' title='bbox 3391 1949 3510 2005; x_wconf 80' lang='grc' dir='ltr'>εἷπε</span> <span class='ocrx_word' id='word_1_341' title='bbox 3543 1953 3682 2025; x_wconf 80' lang='grc' dir='ltr'>πρὸς</span> 
     </span>
    </p>
   </div>
   <div class='ocr_carea' id='block_1_49' title="bbox 2107 2044 3682 2117">
    <p class='ocr_par' dir='ltr' id='par_1_49' title="bbox 2107 2044 3682 2117">
     <span class='ocr_line' id='line_1_49' title="bbox 2107 2044 3682 2117; baseline -0.001 -16"><span class='ocrx_word' id='word_1_342' title='bbox 2107 2048 2269 2101; x_wconf 83' lang='grc' dir='ltr'>αὐτόν</span> <span class='ocrx_word' id='word_1_343' title='bbox 2291 2063 2308 2079; x_wconf 79' lang='grc' dir='ltr'><strong>ο</strong></span> <span class='ocrx_word' id='word_1_344' title='bbox 2357 2047 2557 2101; x_wconf 82' lang='grc' dir='ltr'>Τέκνον</span> <span class='ocrx_word' id='word_1_345' title='bbox 2582 2087 2598 2112; x_wconf 92' lang='grc'><strong>,</strong></span> <span class='ocrx_word' id='word_1_346' title='bbox 2651 2047 2851 2110; x_wconf 88' lang='grc' dir='ltr'>πάντες</span> <span class='ocrx_word' id='word_1_347' title='bbox 2887 2047 2985 2117; x_wconf 83' lang='grc' dir='ltr'>τὴν</span> <span class='ocrx_word' id='word_1_348' title='bbox 3025 2045 3362 2116; x_wconf 82' lang='grc' dir='ltr'>ἀκαθαρσίαν</span> <span class='ocrx_word' id='word_1_349' title='bbox 3397 2044 3501 2111; x_wconf 75' lang='grc' dir='ltr'>ἔξω</span> <span class='ocrx_word' id='word_1_350' title='bbox 3549 2045 3682 2115; x_wconf 69' lang='grc' dir='ltr'><strong>βάλο</strong></span> 
     </span>
    </p>
   </div>
   <div class='ocr_carea' id='block_1_50' title="bbox 2108 2135 3684 2209">
    <p class='ocr_par' dir='ltr' id='par_1_50' title="bbox 2108 2135 3684 2209">
     <span class='ocr_line' id='line_1_50' title="bbox 2108 2135 3684 2209; baseline -0.001 -20"><span class='ocrx_word' id='word_1_351' title='bbox 2108 2136 2259 2189; x_wconf 89' lang='grc' dir='ltr'>λουσι</span> <span class='ocrx_word' id='word_1_352' title='bbox 2285 2151 2300 2166; x_wconf 85' lang='grc'><em>’</em></span> <span class='ocrx_word' id='word_1_353' title='bbox 2338 2137 2401 2190; x_wconf 83' lang='grc' dir='ltr'><strong>σὺ</strong></span> <span class='ocrx_word' id='word_1_354' title='bbox 2426 2136 2482 2190; x_wconf 85' lang='grc' dir='ltr'>δὲ</span> <span class='ocrx_word' id='word_1_355' title='bbox 2510 2136 2646 2209; x_wconf 86' lang='grc' dir='ltr'>πρὸς</span> <span class='ocrx_word' id='word_1_356' title='bbox 2687 2135 2754 2207; x_wconf 88' lang='grc' dir='ltr'>μὲ</span> <span class='ocrx_word' id='word_1_357' title='bbox 2784 2137 3020 2208; x_wconf 73' lang='grc' dir='ltr'>ἤνεγκας</span> <span class='ocrx_word' id='word_1_358' title='bbox 3059 2137 3246 2208; x_wconf 79' lang='grc' dir='ltr'>αὑτήν.</span> <span class='ocrx_word' id='word_1_359' title='bbox 3295 2135 3453 2188; x_wconf 77' lang='grc' dir='ltr'>Ἀλλὰ</span> <span class='ocrx_word' id='word_1_360' title='bbox 3480 2135 3684 2207; x_wconf 85' lang='grc' dir='ltr'>γέγρα-</span> 
     </span>
    </p>
   </div>
   <div class='ocr_carea' id='block_1_51' title="bbox 2110 2226 3684 2298">
    <p class='ocr_par' dir='ltr' id='par_1_51' title="bbox 2110 2226 3684 2298">
     <span class='ocr_line' id='line_1_51' title="bbox 2110 2226 3684 2298; baseline -0.003 -16"><span class='ocrx_word' id='word_1_361' title='bbox 2110 2245 2270 2282; x_wconf 83' lang='grc' dir='ltr'>πται·</span> <span class='ocrx_word' id='word_1_362' title='bbox 2302 2227 2399 2294; x_wconf 81' lang='grc' dir='ltr'><strong>Μὴ</strong></span> <span class='ocrx_word' id='word_1_363' title='bbox 2430 2228 2694 2297; x_wconf 80' lang='grc' dir='ltr'>κρίνετε,</span> <span class='ocrx_word' id='word_1_364' title='bbox 2728 2227 2828 2281; x_wconf 76' lang='grc' dir='ltr'><strong>ἵνα</strong></span> <span class='ocrx_word' id='word_1_365' title='bbox 2852 2227 2936 2297; x_wconf 80' lang='grc' dir='ltr'>μὴ</span> <span class='ocrx_word' id='word_1_366' title='bbox 2976 2226 3232 2298; x_wconf 78' lang='grc' dir='ltr'>κριθῆτε.</span> <span class='ocrx_word' id='word_1_367' title='bbox 3267 2228 3454 2298; x_wconf 88' lang='grc' dir='ltr'>Ὅμως</span> <span class='ocrx_word' id='word_1_368' title='bbox 3495 2228 3546 2279; x_wconf 91' lang='grc' dir='ltr'>εί</span> <span class='ocrx_word' id='word_1_369' title='bbox 3591 2226 3684 2280; x_wconf 80' lang='grc' dir='ltr'>καὶ</span> 
     </span>
    </p>
   </div>
   <div class='ocr_carea' id='block_1_52' title="bbox 2111 2315 3684 2389">
    <p class='ocr_par' dir='ltr' id='par_1_52' title="bbox 2111 2315 3684 2389">
     <span class='ocr_line' id='line_1_52' title="bbox 2111 2315 3684 2389; baseline -0.002 -17"><span class='ocrx_word' id='word_1_370' title='bbox 2111 2317 2430 2389; x_wconf 84' lang='grc' dir='ltr'>ἁμαρτωλός</span> <span class='ocrx_word' id='word_1_371' title='bbox 2451 2318 2598 2370; x_wconf 78' lang='grc' dir='ltr'>ἐστιν</span> <span class='ocrx_word' id='word_1_372' title='bbox 2618 2357 2634 2383; x_wconf 92' lang='grc'><strong>,</strong></span> <span class='ocrx_word' id='word_1_373' title='bbox 2657 2316 2686 2369; x_wconf 91' lang='lat'><strong>6</strong></span> <span class='ocrx_word' id='word_1_374' title='bbox 2712 2315 2916 2388; x_wconf 84' lang='grc' dir='ltr'>Κύριος</span> <span class='ocrx_word' id='word_1_375' title='bbox 2947 2318 3109 2370; x_wconf 89' lang='grc' dir='ltr'>σώσει</span> <span class='ocrx_word' id='word_1_376' title='bbox 3149 2318 3333 2372; x_wconf 77' lang='grc' dir='ltr'>αὐτόν.</span> <span class='ocrx_word' id='word_1_377' title='bbox 3367 2316 3684 2388; x_wconf 81' lang='grc' dir='ltr'>Γέγραπται</span> 
     </span>
    </p>
   </div>
   <div class='ocr_carea' id='block_1_53' title="bbox 2111 2407 3685 2482">
    <p class='ocr_par' dir='ltr' id='par_1_53' title="bbox 2111 2407 3685 2482">
     <span class='ocr_line' id='line_1_53' title="bbox 2111 2407 3685 2482; baseline -0.001 -18"><span class='ocrx_word' id='word_1_378' title='bbox 2111 2411 2220 2482; x_wconf 87' lang='grc' dir='ltr'><strong>γάρ</strong></span> <span class='ocrx_word' id='word_1_379' title='bbox 2243 2427 2255 2439; x_wconf 89' lang='grc'><strong>·</strong></span> <span class='ocrx_word' id='word_1_380' title='bbox 2289 2410 2558 2480; x_wconf 84' lang='grc' dir='ltr'>Εὔχεσθε</span> <span class='ocrx_word' id='word_1_381' title='bbox 2589 2409 2737 2479; x_wconf 81' lang='grc' dir='ltr'>ὑπὲρ</span> <span class='ocrx_word' id='word_1_382' title='bbox 2765 2409 3074 2479; x_wconf 71' lang='grc' dir='ltr'><strong>ἀλλήλων,</strong></span> <span class='ocrx_word' id='word_1_383' title='bbox 3110 2408 3269 2475; x_wconf 81' lang='grc' dir='ltr'>ὅπως</span> <span class='ocrx_word' id='word_1_384' title='bbox 3303 2407 3523 2477; x_wconf 84' lang='grc' dir='ltr'>ίαθῆτε.</span> <span class='ocrx_word' id='word_1_385' title='bbox 3573 2410 3685 2462; x_wconf 73' lang='grc' dir='ltr'>Καὶ</span> 
     </span>
    </p>
   </div>
   <div class='ocr_carea' id='block_1_54' title="bbox 2112 2501 3686 2574">
    <p class='ocr_par' dir='ltr' id='par_1_54' title="bbox 2112 2501 3686 2574">
     <span class='ocr_line' id='line_1_54' title="bbox 2112 2501 3686 2574; baseline -0.001 -19"><span class='ocrx_word' id='word_1_386' title='bbox 2112 2503 2206 2555; x_wconf 78' lang='grc' dir='ltr'>ἐπὶ</span> <span class='ocrx_word' id='word_1_387' title='bbox 2236 2502 2312 2574; x_wconf 81' lang='grc' dir='ltr'><strong>τῷ</strong></span> <span class='ocrx_word' id='word_1_388' title='bbox 2339 2502 2483 2573; x_wconf 85' lang='grc' dir='ltr'>λόγῳ</span> <span class='ocrx_word' id='word_1_389' title='bbox 2517 2501 2692 2573; x_wconf 85' lang='grc' dir='ltr'>τούτῳ</span> <span class='ocrx_word' id='word_1_390' title='bbox 2729 2502 2959 2573; x_wconf 83' lang='grc' dir='ltr'>ποιήσας</span> <span class='ocrx_word' id='word_1_391' title='bbox 2994 2502 3155 2572; x_wconf 83' lang='grc' dir='ltr'>εύχὴν</span> <span class='ocrx_word' id='word_1_392' title='bbox 3179 2541 3193 2564; x_wconf 92' lang='grc'><strong>,</strong></span> <span class='ocrx_word' id='word_1_393' title='bbox 3230 2502 3560 2572; x_wconf 76' lang='grc' dir='ltr'>ἐφυγάδευσε</span> <span class='ocrx_word' id='word_1_394' title='bbox 3593 2501 3686 2554; x_wconf 80' lang='grc' dir='ltr'><strong>τὸν</strong></span> 
     </span>
    </p>
   </div>
   <div class='ocr_carea' id='block_1_55' title="bbox 2111 2590 3683 2665">
    <p class='ocr_par' dir='ltr' id='par_1_55' title="bbox 2111 2590 3683 2665">
     <span class='ocr_line' id='line_1_55' title="bbox 2111 2590 3683 2665; baseline -0.003 -19"><span class='ocrx_word' id='word_1_395' title='bbox 2111 2593 2337 2665; x_wconf 87' lang='grc' dir='ltr'>δαίμονα</span> <span class='ocrx_word' id='word_1_396' title='bbox 2362 2593 2469 2646; x_wconf 81' lang='grc' dir='ltr'>ἀπὸ</span> <span class='ocrx_word' id='word_1_397' title='bbox 2487 2590 2580 2646; x_wconf 80' lang='grc' dir='ltr'>τοῦ</span> <span class='ocrx_word' id='word_1_398' title='bbox 2608 2591 2916 2662; x_wconf 83' lang='grc' dir='ltr'>ἀνθρώπου,</span> <span class='ocrx_word' id='word_1_399' title='bbox 2945 2592 3036 2645; x_wconf 57' lang='grc' dir='ltr'><strong>καὶ¹</strong></span> <span class='ocrx_word' id='word_1_400' title='bbox 3061 2591 3325 2644; x_wconf 77' lang='grc' dir='ltr'>ἀπέλυσεν</span> <span class='ocrx_word' id='word_1_401' title='bbox 3350 2591 3508 2644; x_wconf 77' lang='grc' dir='ltr'>αὑτὸν</span> <span class='ocrx_word' id='word_1_402' title='bbox 3531 2591 3683 2660; x_wconf 80' lang='grc' dir='ltr'>ὑγιῆ.</span> 
     </span>
    </p>
   </div>
   <div class='ocr_carea' id='block_1_56' title="bbox 2126 2680 3687 2757">
    <p class='ocr_par' dir='ltr' id='par_1_56' title="bbox 2126 2680 3687 2757">
     <span class='ocr_line' id='line_1_56' title="bbox 2126 2680 3687 2757; baseline -0.003 -18"><span class='ocrx_word' id='word_1_403' title='bbox 2126 2687 2211 2748; x_wconf 81' lang='grc' dir='ltr'>Ὠς</span> <span class='ocrx_word' id='word_1_404' title='bbox 2249 2685 2304 2739; x_wconf 82' lang='grc' dir='ltr'><strong>δὲ</strong></span> <span class='ocrx_word' id='word_1_405' title='bbox 2332 2680 2494 2757; x_wconf 76' lang='grc' dir='ltr'>ἦλθεν</span> <span class='ocrx_word' id='word_1_406' title='bbox 2523 2685 2551 2736; x_wconf 86' lang='lat'><strong>6</strong></span> <span class='ocrx_word' id='word_1_407' title='bbox 2595 2683 2963 2756; x_wconf 76' lang='grc' dir='ltr'>πρεσϐύτερος</span> <span class='ocrx_word' id='word_1_408' title='bbox 2992 2682 3135 2737; x_wconf 77' lang='grc' dir='ltr'>κατὰ</span> <span class='ocrx_word' id='word_1_409' title='bbox 3186 2682 3247 2735; x_wconf 84' lang='grc' dir='ltr'><strong>τὸ</strong></span> <span class='ocrx_word' id='word_1_410' title='bbox 3303 2682 3528 2746; x_wconf 76' lang='grc' dir='ltr'>εἰωθὸς,</span> <span class='ocrx_word' id='word_1_411' title='bbox 3580 2684 3687 2736; x_wconf 84' lang='grc' dir='ltr'>ὑπ-</span> 
     </span>
    </p>
   </div>
   <div class='ocr_carea' id='block_1_57' title="bbox 2117 2773 3688 2848">
    <p class='ocr_par' dir='ltr' id='par_1_57' title="bbox 2117 2773 3688 2848">
     <span class='ocr_line' id='line_1_57' title="bbox 2117 2773 3688 2848; baseline -0.003 -18"><span class='ocrx_word' id='word_1_412' title='bbox 2117 2778 2335 2842; x_wconf 80' lang='grc' dir='ltr'>εδέξατο</span> <span class='ocrx_word' id='word_1_413' title='bbox 2367 2776 2529 2831; x_wconf 81' lang='grc' dir='ltr'>αὑτὸν</span> <span class='ocrx_word' id='word_1_414' title='bbox 2585 2777 2614 2829; x_wconf 91' lang='lat'><strong>6</strong></span> <span class='ocrx_word' id='word_1_415' title='bbox 2664 2777 2838 2848; x_wconf 87' lang='grc' dir='ltr'>γέρων</span> <span class='ocrx_word' id='word_1_416' title='bbox 2890 2775 3025 2846; x_wconf 82' lang='grc' dir='ltr'>μετὰ</span> <span class='ocrx_word' id='word_1_417' title='bbox 3056 2776 3246 2846; x_wconf 81' lang='grc' dir='ltr'>χαρᾶς.</span> <span class='ocrx_word' id='word_1_418' title='bbox 3290 2776 3348 2828; x_wconf 89' lang='lat'><strong>&#39;0</strong></span> <span class='ocrx_word' id='word_1_419' title='bbox 3379 2775 3435 2828; x_wconf 82' lang='grc' dir='ltr'><strong>δὲ</strong></span> <span class='ocrx_word' id='word_1_420' title='bbox 3482 2773 3688 2843; x_wconf 81' lang='grc' dir='ltr'>ἀγαθὸς</span> 
     </span>
    </p>
   </div>
   <div class='ocr_carea' id='block_1_58' title="bbox 2114 2863 3688 2938">
    <p class='ocr_par' dir='ltr' id='par_1_58' title="bbox 2114 2863 3688 2938">
     <span class='ocr_line' id='line_1_58' title="bbox 2114 2863 3688 2938; baseline -0.004 -16"><span class='ocrx_word' id='word_1_421' title='bbox 2114 2869 2243 2933; x_wconf 82' lang='grc' dir='ltr'><strong>Θεὸς</strong></span> <span class='ocrx_word' id='word_1_422' title='bbox 2265 2909 2280 2934; x_wconf 91' lang='grc'><strong>,</strong></span> <span class='ocrx_word' id='word_1_423' title='bbox 2318 2866 2441 2922; x_wconf 85' lang='grc' dir='ltr'>ίδὼν</span> <span class='ocrx_word' id='word_1_424' title='bbox 2481 2867 2581 2938; x_wconf 80' lang='grc' dir='ltr'>τὴν</span> <span class='ocrx_word' id='word_1_425' title='bbox 2607 2867 2845 2920; x_wconf 83' lang='grc' dir='ltr'>ἀκακίαν</span> <span class='ocrx_word' id='word_1_426' title='bbox 2868 2867 2962 2919; x_wconf 84' lang='grc' dir='ltr'>τοῦ</span> <span class='ocrx_word' id='word_1_427' title='bbox 2990 2867 3270 2936; x_wconf 84' lang='grc' dir='ltr'>γέροντος,</span> <span class='ocrx_word' id='word_1_428' title='bbox 3297 2865 3492 2929; x_wconf 75' lang='grc' dir='ltr'>ἔδειξεν</span> <span class='ocrx_word' id='word_1_429' title='bbox 3538 2863 3688 2934; x_wconf 76' lang='grc' dir='ltr'>αὐτῷ</span> 
     </span>
    </p>
   </div>
   <div class='ocr_carea' id='block_1_59' title="bbox 2118 2956 3690 3032">
    <p class='ocr_par' dir='ltr' id='par_1_59' title="bbox 2118 2956 3690 3032">
     <span class='ocr_line' id='line_1_59' title="bbox 2118 2956 3690 3032; baseline -0.004 -18"><span class='ocrx_word' id='word_1_430' title='bbox 2118 2963 2360 3032; x_wconf 87' lang='grc' dir='ltr'>σημεῖον.</span> <span class='ocrx_word' id='word_1_431' title='bbox 2391 2959 2689 3022; x_wconf 81' lang='grc' dir='ltr'>Μέλλοντος</span> <span class='ocrx_word' id='word_1_432' title='bbox 2717 2957 2826 3029; x_wconf 85' lang='grc' dir='ltr'>γὰρ</span> <span class='ocrx_word' id='word_1_433' title='bbox 2855 2957 2947 3012; x_wconf 81' lang='grc' dir='ltr'>τοῦ</span> <span class='ocrx_word' id='word_1_434' title='bbox 2976 2956 3236 3030; x_wconf 80' lang='grc' dir='ltr'>κληρικοῦ</span> <span class='ocrx_word' id='word_1_435' title='bbox 3269 2958 3458 3028; x_wconf 82' lang='grc' dir='ltr'>στῆναι</span> <span class='ocrx_word' id='word_1_436' title='bbox 3478 2957 3690 3028; x_wconf 80' lang='grc' dir='ltr'>ἐμπρο-</span> 
     </span>
    </p>
   </div>
   <div class='ocr_carea' id='block_1_60' title="bbox 2118 3045 3690 3121">
    <p class='ocr_par' dir='ltr' id='par_1_60' title="bbox 2118 3045 3690 3121">
     <span class='ocr_line' id='line_1_60' title="bbox 2118 3045 3690 3121; baseline -0.004 -17"><span class='ocrx_word' id='word_1_437' title='bbox 2118 3049 2240 3105; x_wconf 84' lang='grc' dir='ltr'>σθεν</span> <span class='ocrx_word' id='word_1_438' title='bbox 2289 3050 2388 3121; x_wconf 86' lang='grc' dir='ltr'><strong>τῆς</strong></span> <span class='ocrx_word' id='word_1_439' title='bbox 2445 3049 2606 3118; x_wconf 87' lang='grc' dir='ltr'>ἁγίας</span> <span class='ocrx_word' id='word_1_440' title='bbox 2655 3047 2965 3120; x_wconf 78' lang='grc' dir='ltr'>τραπέζης,</span> <span class='ocrx_word' id='word_1_441' title='bbox 3001 3045 3180 3111; x_wconf 84' lang='grc' dir='ltr'>καθὼς</span> <span class='ocrx_word' id='word_1_442' title='bbox 3212 3048 3240 3100; x_wconf 89' lang='lat'><strong>6</strong></span> <span class='ocrx_word' id='word_1_443' title='bbox 3287 3047 3464 3119; x_wconf 88' lang='grc' dir='ltr'>γέρων</span> <span class='ocrx_word' id='word_1_444' title='bbox 3497 3047 3690 3118; x_wconf 78' lang='grc' dir='ltr'>διηγή-</span> 
     </span>
    </p>
   </div>
   <div class='ocr_carea' id='block_1_61' title="bbox 451 3139 2013 3222">
    <p class='ocr_par' dir='ltr' id='par_1_61' title="bbox 451 3141 2013 3213">
     <span class='ocr_line' id='line_1_61' title="bbox 451 3141 2013 3213; baseline -0.003 -13"><span class='ocrx_word' id='word_1_445' title='bbox 451 3156 558 3200; x_wconf 89' lang='lat' dir='ltr'><strong>tem</strong></span> <span class='ocrx_word' id='word_1_446' title='bbox 590 3143 656 3199; x_wconf 92' lang='lat' dir='ltr'><strong>de</strong></span> <span class='ocrx_word' id='word_1_447' title='bbox 687 3143 847 3209; x_wconf 74' lang='lat' dir='ltr'><strong>etelo,</strong></span> <span class='ocrx_word' id='word_1_448' title='bbox 873 3141 968 3213; x_wconf 92' lang='lat' dir='ltr'><strong>qui</strong></span> <span class='ocrx_word' id='word_1_449' title='bbox 1005 3157 1226 3196; x_wconf 89' lang='lat' dir='ltr'><strong>manum</strong></span> <span class='ocrx_word' id='word_1_450' title='bbox 1263 3155 1417 3196; x_wconf 91' lang='lat' dir='ltr'><strong>suam</strong></span> <span class='ocrx_word' id='word_1_451' title='bbox 1447 3141 1629 3212; x_wconf 88' lang='lat' dir='ltr'><strong>posuit</strong></span> <span class='ocrx_word' id='word_1_452' title='bbox 1657 3156 1822 3212; x_wconf 91' lang='lat' dir='ltr'><strong>super</strong></span> <span class='ocrx_word' id='word_1_453' title='bbox 1852 3150 2013 3212; x_wconf 89' lang='lat' dir='ltr'><strong>caput</strong></span> 
     </span>
    </p>
   </div>
   <div class='ocr_carea' id='block_1_62' title="bbox 2116 3139 3689 3222">
    <p class='ocr_par' dir='ltr' id='par_1_62' title="bbox 2120 3139 3689 3211">
     <span class='ocr_line' id='line_1_62' title="bbox 2120 3139 3689 3211; baseline -0.001 -15"><span class='ocrx_word' id='word_1_454' title='bbox 2120 3160 2268 3208; x_wconf 87' lang='grc' dir='ltr'>σατο,</span> <span class='ocrx_word' id='word_1_455' title='bbox 2303 3143 2386 3198; x_wconf 84' lang='grc' dir='ltr'>ὅτι</span> <span class='ocrx_word' id='word_1_456' title='bbox 2414 3139 2567 3196; x_wconf 74' lang='grc' dir='ltr'>Εἶδον</span> <span class='ocrx_word' id='word_1_457' title='bbox 2600 3143 2826 3211; x_wconf 80' lang='grc' dir='ltr'>ἄγγελον</span> <span class='ocrx_word' id='word_1_458' title='bbox 2854 3141 3056 3211; x_wconf 85' lang='grc' dir='ltr'>Κυρίου</span> <span class='ocrx_word' id='word_1_459' title='bbox 3087 3144 3150 3195; x_wconf 81' lang='grc' dir='ltr'>ὲκ</span> <span class='ocrx_word' id='word_1_460' title='bbox 3170 3141 3262 3194; x_wconf 79' lang='grc' dir='ltr'>τοῦ</span> <span class='ocrx_word' id='word_1_461' title='bbox 3293 3140 3520 3211; x_wconf 84' lang='grc' dir='ltr'>ούρανοῦ</span> <span class='ocrx_word' id='word_1_462' title='bbox 3550 3159 3689 3194; x_wconf 81' lang='grc' dir='ltr'>κατ-</span> 
     </span>
    </p>
   </div>
   <div class='ocr_carea' id='block_1_63' title="bbox 453 3233 2016 3304">
    <p class='ocr_par' dir='ltr' id='par_1_63' title="bbox 453 3233 2016 3304">
     <span class='ocr_line' id='line_1_63' title="bbox 453 3233 2016 3304; baseline -0.002 -13"><span class='ocrx_word' id='word_1_463' title='bbox 453 3237 640 3292; x_wconf 86' lang='lat' dir='ltr'><strong>clerici</strong></span> <span class='ocrx_word' id='word_1_464' title='bbox 670 3276 684 3300; x_wconf 96' lang='lat'><strong>,</strong></span> <span class='ocrx_word' id='word_1_465' title='bbox 723 3235 1009 3304; x_wconf 90' lang='lat' dir='ltr'><strong>factusque</strong></span> <span class='ocrx_word' id='word_1_466' title='bbox 1045 3241 1129 3290; x_wconf 90' lang='lat' dir='ltr'><strong>est</strong></span> <span class='ocrx_word' id='word_1_467' title='bbox 1161 3233 1394 3288; x_wconf 90' lang='lat' dir='ltr'><strong>clericus</strong></span> <span class='ocrx_word' id='word_1_468' title='bbox 1452 3241 1708 3303; x_wconf 87' lang='lat' dir='ltr'><strong>tanquam</strong></span> <span class='ocrx_word' id='word_1_469' title='bbox 1761 3233 2016 3288; x_wconf 83' lang='lat' dir='ltr'><strong>columna</strong></span> 
     </span>
    </p>
   </div>
   <div class='ocr_carea' id='block_1_64' title="bbox 451 3324 2016 3400">
    <p class='ocr_par' dir='ltr' id='par_1_64' title="bbox 451 3324 2016 3400">
     <span class='ocr_line' id='line_1_64' title="bbox 451 3324 2016 3400; baseline -0.003 -17"><span class='ocrx_word' id='word_1_470' title='bbox 451 3329 616 3400; x_wconf 83' lang='lat' dir='ltr'><strong>ignis.</strong></span> <span class='ocrx_word' id='word_1_471' title='bbox 653 3326 735 3384; x_wconf 80' lang='lat' dir='ltr'><strong>Me</strong></span> <span class='ocrx_word' id='word_1_472' title='bbox 781 3335 966 3382; x_wconf 89' lang='lat' dir='ltr'><strong>autem</strong></span> <span class='ocrx_word' id='word_1_473' title='bbox 1018 3324 1406 3396; x_wconf 83' lang='lat' dir='ltr'><strong>obstupefacto</strong></span> <span class='ocrx_word' id='word_1_474' title='bbox 1457 3325 1511 3379; x_wconf 91' lang='lat' dir='ltr'><strong>in</strong></span> <span class='ocrx_word' id='word_1_475' title='bbox 1556 3325 1789 3390; x_wconf 82' lang='lat' dir='ltr'><strong>visione,</strong></span> <span class='ocrx_word' id='word_1_476' title='bbox 1836 3327 2016 3381; x_wconf 87' lang='lat' dir='ltr'><strong>audivi</strong></span> 
     </span>
    </p>
   </div>
   <div class='ocr_carea' id='block_1_65' title="bbox 448 3415 2017 3480">
    <p class='ocr_par' dir='ltr' id='par_1_65' title="bbox 448 3415 2017 3480">
     <span class='ocr_line' id='line_1_65' title="bbox 448 3415 2017 3480; baseline 0 -6"><span class='ocrx_word' id='word_1_477' title='bbox 448 3434 637 3476; x_wconf 86' lang='lat' dir='ltr'><strong>vocem</strong></span> <span class='ocrx_word' id='word_1_478' title='bbox 673 3419 743 3474; x_wconf 89' lang='lat' dir='ltr'><strong>ad</strong></span> <span class='ocrx_word' id='word_1_479' title='bbox 777 3434 863 3474; x_wconf 92' lang='lat' dir='ltr'><strong>me</strong></span> <span class='ocrx_word' id='word_1_480' title='bbox 912 3418 1168 3472; x_wconf 82' lang='lat' dir='ltr'><strong>emissam</strong></span> <span class='ocrx_word' id='word_1_481' title='bbox 1199 3436 1212 3470; x_wconf 91' lang='lat'><strong>:</strong></span> <span class='ocrx_word' id='word_1_482' title='bbox 1264 3415 1461 3480; x_wconf 85' lang='lat' dir='ltr'><strong>Homo,</strong></span> <span class='ocrx_word' id='word_1_483' title='bbox 1495 3432 1594 3471; x_wconf 89' lang='lat' dir='ltr'><strong>cur</strong></span> <span class='ocrx_word' id='word_1_484' title='bbox 1623 3417 1925 3474; x_wconf 88' lang='lat' dir='ltr'><strong>demiratus</strong></span> <span class='ocrx_word' id='word_1_485' title='bbox 1958 3434 2017 3474; x_wconf 89' lang='lat' dir='ltr'><strong>es</strong></span> 
     </span>
    </p>
   </div>
   <div class='ocr_carea' id='block_1_66' title="bbox 450 3509 2018 3583">
    <p class='ocr_par' dir='ltr' id='par_1_66' title="bbox 450 3509 2018 3583">
     <span class='ocr_line' id='line_1_66' title="bbox 450 3509 2018 3583; baseline -0.002 -13"><span class='ocrx_word' id='word_1_486' title='bbox 450 3528 617 3583; x_wconf 89' lang='lat' dir='ltr'><strong>super</strong></span> <span class='ocrx_word' id='word_1_487' title='bbox 648 3511 753 3566; x_wconf 89' lang='lat' dir='ltr'><strong>bac</strong></span> <span class='ocrx_word' id='word_1_488' title='bbox 783 3526 841 3565; x_wconf 92' lang='lat' dir='ltr'><strong>re</strong></span> <span class='ocrx_word' id='word_1_489' title='bbox 869 3511 890 3563; x_wconf 89' lang='lat'><strong>?</strong></span> <span class='ocrx_word' id='word_1_490' title='bbox 923 3509 978 3563; x_wconf 92' lang='lat' dir='ltr'><strong>Si</strong></span> <span class='ocrx_word' id='word_1_491' title='bbox 1007 3511 1151 3564; x_wconf 90' lang='lat' dir='ltr'><strong>enim</strong></span> <span class='ocrx_word' id='word_1_492' title='bbox 1183 3524 1272 3564; x_wconf 78' lang='lat' dir='ltr'><strong>rex</strong></span> <span class='ocrx_word' id='word_1_493' title='bbox 1304 3519 1556 3565; x_wconf 89' lang='lat' dir='ltr'><strong>terrenus</strong></span> <span class='ocrx_word' id='word_1_494' title='bbox 1579 3525 1688 3566; x_wconf 90' lang='lat' dir='ltr'><strong>non</strong></span> <span class='ocrx_word' id='word_1_495' title='bbox 1719 3513 2018 3582; x_wconf 85' lang='lat' dir='ltr'><strong>permissu-</strong></span> 
     </span>
    </p>
   </div>
   <div class='ocr_carea' id='block_1_67' title="bbox 463 3603 2050 3683">
    <p class='ocr_par' dir='ltr' id='par_1_67' title="bbox 463 3603 2050 3683">
     <span class='ocr_line' id='line_1_67' title="bbox 463 3603 2050 3683; baseline -0.001 -23"><span class='ocrx_word' id='word_1_496' title='bbox 463 3621 558 3660; x_wconf 93' lang='lat' dir='ltr'><strong>rus</strong></span> <span class='ocrx_word' id='word_1_497' title='bbox 589 3611 760 3660; x_wconf 90' lang='lat' dir='ltr'><strong>estut</strong></span> <span class='ocrx_word' id='word_1_498' title='bbox 804 3617 1060 3673; x_wconf 88' lang='lat' dir='ltr'><strong>proceres</strong></span> <span class='ocrx_word' id='word_1_499' title='bbox 1106 3603 1192 3657; x_wconf 87' lang='lat' dir='ltr'><strong>sui</strong></span> <span class='ocrx_word' id='word_1_500' title='bbox 1238 3610 1365 3658; x_wconf 90' lang='lat' dir='ltr'><strong>ante</strong></span> <span class='ocrx_word' id='word_1_501' title='bbox 1401 3617 1525 3658; x_wconf 90' lang='lat' dir='ltr'><strong>eum</strong></span> <span class='ocrx_word' id='word_1_502' title='bbox 1597 3611 1740 3658; x_wconf 85' lang='lat' dir='ltr'><strong>stent</strong></span> <span class='ocrx_word' id='word_1_503' title='bbox 1787 3605 2050 3683; x_wconf 20' lang='lat' dir='ltr'><strong>sordidi,‘</strong></span> 
     </span>
    </p>
   </div>
   <div class='ocr_carea' id='block_1_68' title="bbox 453 3694 2016 3767">
    <p class='ocr_par' dir='ltr' id='par_1_68' title="bbox 453 3694 2016 3767">
     <span class='ocr_line' id='line_1_68' title="bbox 453 3694 2016 3767; baseline -0.001 -13"><span class='ocrx_word' id='word_1_504' title='bbox 453 3712 555 3754; x_wconf 89' lang='lat' dir='ltr'><strong>nec</strong></span> <span class='ocrx_word' id='word_1_505' title='bbox 591 3697 698 3752; x_wconf 91' lang='lat' dir='ltr'><strong>nisi</strong></span> <span class='ocrx_word' id='word_1_506' title='bbox 737 3711 861 3750; x_wconf 90' lang='lat' dir='ltr'><strong>cum</strong></span> <span class='ocrx_word' id='word_1_507' title='bbox 903 3694 1076 3749; x_wconf 88' lang='lat' dir='ltr'><strong>multa</strong></span> <span class='ocrx_word' id='word_1_508' title='bbox 1113 3695 1288 3766; x_wconf 82' lang='lat' dir='ltr'><strong>gloria</strong></span> <span class='ocrx_word' id='word_1_509' title='bbox 1318 3713 1332 3750; x_wconf 91' lang='lat'><strong>:</strong></span> <span class='ocrx_word' id='word_1_510' title='bbox 1392 3703 1596 3764; x_wconf 86' lang='lat' dir='ltr'><strong>quanto</strong></span> <span class='ocrx_word' id='word_1_511' title='bbox 1630 3698 1804 3767; x_wconf 90' lang='lat' dir='ltr'><strong>magis</strong></span> <span class='ocrx_word' id='word_1_512' title='bbox 1837 3699 2016 3753; x_wconf 87' lang='lat' dir='ltr'><strong>divina</strong></span> 
     </span>
    </p>
   </div>
   <div class='ocr_carea' id='block_1_69' title="bbox 451 3785 2016 3856">
    <p class='ocr_par' dir='ltr' id='par_1_69' title="bbox 451 3785 2016 3856">
     <span class='ocr_line' id='line_1_69' title="bbox 451 3785 2016 3856; baseline 0 -13"><span class='ocrx_word' id='word_1_513' title='bbox 451 3791 670 3853; x_wconf 87' lang='lat' dir='ltr'><strong>virtus;</strong></span> <span class='ocrx_word' id='word_1_514' title='bbox 703 3802 887 3842; x_wconf 88' lang='lat' dir='ltr'><strong>nonne</strong></span> <span class='ocrx_word' id='word_1_515' title='bbox 938 3801 1107 3856; x_wconf 91' lang='lat' dir='ltr'><strong>puros</strong></span> <span class='ocrx_word' id='word_1_516' title='bbox 1141 3785 1334 3841; x_wconf 86' lang='lat' dir='ltr'><strong>efficiet</strong></span> <span class='ocrx_word' id='word_1_517' title='bbox 1370 3786 1652 3842; x_wconf 90' lang='lat' dir='ltr'><strong>ministros</strong></span> <span class='ocrx_word' id='word_1_518' title='bbox 1704 3799 2016 3844; x_wconf 90' lang='lat' dir='ltr'><strong>sanctorum</strong></span> 
     </span>
    </p>
   </div>
   <div class='ocr_carea' id='block_1_70' title="bbox 453 3879 2020 3954">
    <p class='ocr_par' dir='ltr' id='par_1_70' title="bbox 453 3879 2020 3954">
     <span class='ocr_line' id='line_1_70' title="bbox 453 3879 2020 3954; baseline -0.003 -16"><span class='ocrx_word' id='word_1_519' title='bbox 453 3883 861 3954; x_wconf 82' lang='lat' dir='ltr'><strong>mysteriorum,</strong></span> <span class='ocrx_word' id='word_1_520' title='bbox 911 3880 1006 3949; x_wconf 90' lang='lat' dir='ltr'><strong>qui</strong></span> <span class='ocrx_word' id='word_1_521' title='bbox 1053 3887 1202 3932; x_wconf 85' lang='lat' dir='ltr'><strong>stant</strong></span> <span class='ocrx_word' id='word_1_522' title='bbox 1251 3887 1378 3934; x_wconf 89' lang='lat' dir='ltr'><strong>ante</strong></span> <span class='ocrx_word' id='word_1_523' title='bbox 1432 3879 1656 3948; x_wconf 89' lang='lat' dir='ltr'><strong>gloriam</strong></span> <span class='ocrx_word' id='word_1_524' title='bbox 1692 3881 2020 3937; x_wconf 75' lang='lat' dir='ltr'><strong>cmlestem?</strong></span> 
     </span>
    </p>
   </div>
   <div class='ocr_carea' id='block_1_71' title="bbox 451 3967 2019 4042">
    <p class='ocr_par' dir='ltr' id='par_1_71' title="bbox 451 3967 2019 4042">
     <span class='ocr_line' id='line_1_71' title="bbox 451 3967 2019 4042; baseline 0.001 -18"><span class='ocrx_word' id='word_1_525' title='bbox 451 3973 621 4042; x_wconf 89' lang='lat' dir='ltr'><strong>Igitur</strong></span> <span class='ocrx_word' id='word_1_526' title='bbox 654 3985 953 4040; x_wconf 79' lang='lat' dir='ltr'><strong>generosus</strong></span> <span class='ocrx_word' id='word_1_527' title='bbox 1008 3976 1064 4023; x_wconf 88' lang='lat' dir='ltr'><strong>et</strong></span> <span class='ocrx_word' id='word_1_528' title='bbox 1111 3967 1313 4022; x_wconf 84' lang='lat' dir='ltr'><strong>athleta</strong></span> <span class='ocrx_word' id='word_1_529' title='bbox 1356 3967 1562 4022; x_wconf 77' lang='lat' dir='ltr'><strong>Christi</strong></span> <span class='ocrx_word' id='word_1_530' title='bbox 1608 3967 1823 4025; x_wconf 84' lang='lat' dir='ltr'><strong>Marcus</strong></span> <span class='ocrx_word' id='word_1_531' title='bbox 1851 3971 2019 4042; x_wconf 56' lang='lat' dir='ltr'><strong>[Egy-</strong></span> 
     </span>
    </p>
   </div>
   <div class='ocr_carea' id='block_1_72' title="bbox 453 4056 2018 4132">
    <p class='ocr_par' dir='ltr' id='par_1_72' title="bbox 453 4056 2018 4132">
     <span class='ocr_line' id='line_1_72' title="bbox 453 4056 2018 4132; baseline -0.001 -18"><span class='ocrx_word' id='word_1_532' title='bbox 453 4062 620 4132; x_wconf 85' lang='lat' dir='ltr'><strong>ptius,</strong></span> <span class='ocrx_word' id='word_1_533' title='bbox 661 4074 889 4129; x_wconf 88' lang='lat' dir='ltr'><strong>magnus</strong></span> <span class='ocrx_word' id='word_1_534' title='bbox 941 4056 1193 4120; x_wconf 69' lang='lat' dir='ltr'><strong>effectus,</strong></span> <span class='ocrx_word' id='word_1_535' title='bbox 1256 4056 1361 4111; x_wconf 85' lang='lat' dir='ltr'><strong>hoc</strong></span> <span class='ocrx_word' id='word_1_536' title='bbox 1422 4056 1658 4112; x_wconf 87' lang='lat' dir='ltr'><strong>donatus</strong></span> <span class='ocrx_word' id='word_1_537' title='bbox 1709 4066 1794 4114; x_wconf 91' lang='lat' dir='ltr'><strong>est</strong></span> <span class='ocrx_word' id='word_1_538' title='bbox 1837 4059 2018 4114; x_wconf 79' lang='lat' dir='ltr'><strong>chari-</strong></span> 
     </span>
    </p>
   </div>
   <div class='ocr_carea' id='block_1_73' title="bbox 453 4147 1618 4220">
    <p class='ocr_par' dir='ltr' id='par_1_73' title="bbox 453 4147 1618 4220">
     <span class='ocr_line' id='line_1_73' title="bbox 453 4147 1618 4220; baseline -0.003 -15"><span class='ocrx_word' id='word_1_539' title='bbox 453 4163 647 4216; x_wconf 80' lang='lat' dir='ltr'><strong>smate,</strong></span> <span class='ocrx_word' id='word_1_540' title='bbox 671 4151 798 4220; x_wconf 89' lang='lat' dir='ltr'><strong>quia</strong></span> <span class='ocrx_word' id='word_1_541' title='bbox 836 4163 944 4203; x_wconf 91' lang='lat' dir='ltr'><strong>non</strong></span> <span class='ocrx_word' id='word_1_542' title='bbox 970 4147 1310 4218; x_wconf 72' lang='lat' dir='ltr'><strong>iudicaverat</strong></span> <span class='ocrx_word' id='word_1_543' title='bbox 1341 4147 1618 4202; x_wconf 90' lang='lat' dir='ltr'><strong>clericum.</strong></span> 
     </span>
    </p>
   </div>
   <div class='ocr_carea' id='block_1_74' title="bbox 840 4437 1646 4493">
    <p class='ocr_par' dir='ltr' id='par_1_74' title="bbox 840 4437 1646 4493">
     <span class='ocr_line' id='line_1_74' title="bbox 840 4437 1646 4493; baseline -0.001 -1"><span class='ocrx_word' id='word_1_544' title='bbox 840 4439 916 4493; x_wconf 86' lang='lat' dir='ltr'><strong>De</strong></span> <span class='ocrx_word' id='word_1_545' title='bbox 957 4439 1144 4492; x_wconf 83' lang='lat' dir='ltr'><strong>abbate</strong></span> <span class='ocrx_word' id='word_1_546' title='bbox 1174 4437 1414 4492; x_wconf 78' lang='lat' dir='ltr'><strong>Macario</strong></span> <span class='ocrx_word' id='word_1_547' title='bbox 1446 4439 1646 4493; x_wconf 82' lang='lat' dir='ltr'><strong>urbice.</strong></span> 
     </span>
    </p>
   </div>
   <div class='ocr_carea' id='block_1_75' title="bbox 2120 3231 3691 3307">
    <p class='ocr_par' dir='ltr' id='par_1_75' title="bbox 2120 3231 3691 3307">
     <span class='ocr_line' id='line_1_75' title="bbox 2120 3231 3691 3307; baseline -0.004 -18"><span class='ocrx_word' id='word_1_548' title='bbox 2120 3235 2442 3307; x_wconf 87' lang='grc' dir='ltr'>ερχόμενον,</span> <span class='ocrx_word' id='word_1_549' title='bbox 2475 3234 2570 3288; x_wconf 74' lang='grc' dir='ltr'><strong>καὶ</strong></span> <span class='ocrx_word' id='word_1_550' title='bbox 2597 3233 2762 3303; x_wconf 81' lang='grc' dir='ltr'>ἔθηκε</span> <span class='ocrx_word' id='word_1_551' title='bbox 2816 3233 2913 3304; x_wconf 80' lang='grc' dir='ltr'>τὴν</span> <span class='ocrx_word' id='word_1_552' title='bbox 2940 3234 3098 3303; x_wconf 82' lang='grc' dir='ltr'>χεῖρα</span> <span class='ocrx_word' id='word_1_553' title='bbox 3144 3233 3307 3285; x_wconf 79' lang='grc' dir='ltr'>αὑτοῦ</span> <span class='ocrx_word' id='word_1_554' title='bbox 3342 3231 3550 3301; x_wconf 79' lang='grc' dir='ltr'>είς.τὴν</span> <span class='ocrx_word' id='word_1_555' title='bbox 3599 3248 3691 3284; x_wconf 86' lang='grc' dir='ltr'>κε-</span> 
     </span>
    </p>
   </div>
   <div class='ocr_carea' id='block_1_76' title="bbox 2120 3308 3691 3395">
    <p class='ocr_par' dir='ltr' id='par_1_76' title="bbox 2120 3308 3691 3395">
     <span class='ocr_line' id='line_1_76' title="bbox 2120 3308 3691 3395; baseline -0.002 -19"><span class='ocrx_word' id='word_1_556' title='bbox 2120 3323 2292 3395; x_wconf 78' lang='grc' dir='ltr'>φαλὴν</span> <span class='ocrx_word' id='word_1_557' title='bbox 2331 3322 2424 3376; x_wconf 82' lang='grc' dir='ltr'>τοῦ</span> <span class='ocrx_word' id='word_1_558' title='bbox 2480 3308 2779 3394; x_wconf 79' lang='grc' dir='ltr'>κληρικοῦ,</span> <span class='ocrx_word' id='word_1_559' title='bbox 2811 3323 2902 3375; x_wconf 77' lang='grc' dir='ltr'>καὶ</span> <span class='ocrx_word' id='word_1_560' title='bbox 2955 3322 3170 3392; x_wconf 79' lang='grc' dir='ltr'>ἐγένετο</span> <span class='ocrx_word' id='word_1_561' title='bbox 3226 3323 3254 3374; x_wconf 91' lang='lat'><strong>6</strong></span> <span class='ocrx_word' id='word_1_562' title='bbox 3299 3321 3557 3391; x_wconf 78' lang='grc' dir='ltr'>κληρικὸς</span> <span class='ocrx_word' id='word_1_563' title='bbox 3610 3321 3691 3384; x_wconf 85' lang='grc' dir='ltr'><strong>ὡς</strong></span> 
     </span>
    </p>
   </div>
   <div class='ocr_carea' id='block_1_77' title="bbox 2121 3412 3687 3484">
    <p class='ocr_par' dir='ltr' id='par_1_77' title="bbox 2121 3412 3687 3484">
     <span class='ocr_line' id='line_1_77' title="bbox 2121 3412 3687 3484; baseline -0.001 -18"><span class='ocrx_word' id='word_1_564' title='bbox 2121 3413 2309 3476; x_wconf 84' lang='grc' dir='ltr'>στύλος</span> <span class='ocrx_word' id='word_1_565' title='bbox 2338 3413 2526 3484; x_wconf 85' lang='grc' dir='ltr'>πυρός.</span> <span class='ocrx_word' id='word_1_566' title='bbox 2571 3412 2735 3483; x_wconf 85' lang='grc' dir='ltr'><strong>Ἑμοῦ</strong></span> <span class='ocrx_word' id='word_1_567' title='bbox 2761 3413 2817 3466; x_wconf 86' lang='grc' dir='ltr'>δὲ</span> <span class='ocrx_word' id='word_1_568' title='bbox 2847 3412 3226 3484; x_wconf 78' lang='grc' dir='ltr'>θαυμάσαντος</span> <span class='ocrx_word' id='word_1_569' title='bbox 3255 3414 3344 3466; x_wconf 74' lang='grc' dir='ltr'><strong>ἐπὶ</strong></span> <span class='ocrx_word' id='word_1_570' title='bbox 3380 3415 3446 3483; x_wconf 82' lang='grc' dir='ltr'>τῇ</span> <span class='ocrx_word' id='word_1_571' title='bbox 3475 3413 3687 3484; x_wconf 82' lang='grc' dir='ltr'>ὁράσει,</span> 
     </span>
    </p>
   </div>
   <div class='ocr_carea' id='block_1_78' title="bbox 2119 3501 3692 3575">
    <p class='ocr_par' dir='ltr' id='par_1_78' title="bbox 2119 3501 3692 3575">
     <span class='ocr_line' id='line_1_78' title="bbox 2119 3501 3692 3575; baseline -0.001 -19"><span class='ocrx_word' id='word_1_572' title='bbox 2119 3505 2326 3575; x_wconf 72' lang='grc' dir='ltr'>ἤκουσα</span> <span class='ocrx_word' id='word_1_573' title='bbox 2383 3503 2568 3573; x_wconf 75' lang='grc' dir='ltr'>φωνῆς</span> <span class='ocrx_word' id='word_1_574' title='bbox 2635 3502 2897 3575; x_wconf 87' lang='grc' dir='ltr'>λεγούσης</span> <span class='ocrx_word' id='word_1_575' title='bbox 2955 3504 3092 3575; x_wconf 84' lang='grc' dir='ltr'>πρὸς</span> <span class='ocrx_word' id='word_1_576' title='bbox 3127 3504 3222 3574; x_wconf 86' lang='grc' dir='ltr'>μέ·</span> <span class='ocrx_word' id='word_1_577' title='bbox 3267 3501 3585 3574; x_wconf 70' lang='grc' dir='ltr'>Ἄνθρωπε,</span> <span class='ocrx_word' id='word_1_578' title='bbox 3635 3503 3692 3555; x_wconf 88' lang='grc' dir='ltr'><strong>τί</strong></span> 
     </span>
    </p>
   </div>
   <div class='ocr_carea' id='block_1_79' title="bbox 2118 3594 3691 3667">
    <p class='ocr_par' dir='ltr' id='par_1_79' title="bbox 2118 3594 3691 3667">
     <span class='ocr_line' id='line_1_79' title="bbox 2118 3594 3691 3667; baseline 0 -19"><span class='ocrx_word' id='word_1_579' title='bbox 2118 3595 2471 3667; x_wconf 83' lang='grc' dir='ltr'>τεθαύμακας</span> <span class='ocrx_word' id='word_1_580' title='bbox 2495 3597 2589 3649; x_wconf 76' lang='grc' dir='ltr'><strong>ἐπὶ</strong></span> <span class='ocrx_word' id='word_1_581' title='bbox 2620 3595 2698 3666; x_wconf 84' lang='grc' dir='ltr'><strong>τῷ</strong></span> <span class='ocrx_word' id='word_1_582' title='bbox 2731 3594 3016 3666; x_wconf 85' lang='grc' dir='ltr'>πράγματι</span> <span class='ocrx_word' id='word_1_583' title='bbox 3046 3595 3249 3666; x_wconf 84' lang='grc' dir='ltr'>τούτῳ;</span> <span class='ocrx_word' id='word_1_584' title='bbox 3292 3595 3355 3648; x_wconf 77' lang='lat' dir='ltr'><strong>Et</strong></span> <span class='ocrx_word' id='word_1_585' title='bbox 3393 3595 3502 3667; x_wconf 81' lang='grc' dir='ltr'>γὰρ</span> <span class='ocrx_word' id='word_1_586' title='bbox 3531 3595 3691 3666; x_wconf 87' lang='grc' dir='ltr'>βασι-</span> 
     </span>
    </p>
   </div>
   <div class='ocr_carea' id='block_1_80' title="bbox 2119 3687 3690 3760">
    <p class='ocr_par' dir='ltr' id='par_1_80' title="bbox 2119 3687 3690 3760">
     <span class='ocr_line' id='line_1_80' title="bbox 2119 3687 3690 3760; baseline 0.001 -22"><span class='ocrx_word' id='word_1_587' title='bbox 2119 3687 2243 3750; x_wconf 82' lang='grc' dir='ltr'>λεὺς</span> <span class='ocrx_word' id='word_1_588' title='bbox 2285 3688 2523 3756; x_wconf 74' lang='grc' dir='ltr'>ἐπίγειος</span> <span class='ocrx_word' id='word_1_589' title='bbox 2572 3688 2632 3739; x_wconf 88' lang='grc' dir='ltr'><strong>ού</strong></span> <span class='ocrx_word' id='word_1_590' title='bbox 2666 3687 2740 3758; x_wconf 83' lang='grc' dir='ltr'>μὴ</span> <span class='ocrx_word' id='word_1_591' title='bbox 2787 3688 2923 3760; x_wconf 62' lang='grc' dir='ltr'>ἐάσῃ</span> <span class='ocrx_word' id='word_1_592' title='bbox 2970 3687 3092 3750; x_wconf 83' lang='grc' dir='ltr'>τοὺς</span> <span class='ocrx_word' id='word_1_593' title='bbox 3150 3689 3478 3756; x_wconf 80' lang='grc' dir='ltr'>μεγιστᾶνας</span> <span class='ocrx_word' id='word_1_594' title='bbox 3519 3687 3690 3740; x_wconf 76' lang='grc' dir='ltr'>αὑτοῦ</span> 
     </span>
    </p>
   </div>
   <div class='ocr_carea' id='block_1_81' title="bbox 2123 3778 3688 3852">
    <p class='ocr_par' dir='ltr' id='par_1_81' title="bbox 2123 3778 3688 3852">
     <span class='ocr_line' id='line_1_81' title="bbox 2123 3778 3688 3852; baseline 0.001 -20"><span class='ocrx_word' id='word_1_595' title='bbox 2123 3780 2398 3851; x_wconf 79' lang='grc' dir='ltr'>ῥυπαροὺς</span> <span class='ocrx_word' id='word_1_596' title='bbox 2427 3779 2615 3851; x_wconf 87' lang='grc' dir='ltr'>στῆναι</span> <span class='ocrx_word' id='word_1_597' title='bbox 2649 3778 2955 3851; x_wconf 77' lang='grc' dir='ltr'>ἔμπροσθεν</span> <span class='ocrx_word' id='word_1_598' title='bbox 2984 3779 3170 3843; x_wconf 81' lang='grc' dir='ltr'>αὑτοῦ,</span> <span class='ocrx_word' id='word_1_599' title='bbox 3197 3779 3290 3832; x_wconf 76' lang='grc' dir='ltr'><strong>ἐὰν</strong></span> <span class='ocrx_word' id='word_1_600' title='bbox 3320 3780 3392 3852; x_wconf 78' lang='grc' dir='ltr'>μὴ</span> <span class='ocrx_word' id='word_1_601' title='bbox 3430 3780 3567 3850; x_wconf 87' lang='grc' dir='ltr'>μετά</span> <span class='ocrx_word' id='word_1_602' title='bbox 3598 3780 3688 3832; x_wconf 81' lang='grc' dir='ltr'>δό-</span> 
     </span>
    </p>
   </div>
   <div class='ocr_carea' id='block_1_82' title="bbox 2120 3870 3691 3943">
    <p class='ocr_par' dir='ltr' id='par_1_82' title="bbox 2120 3870 3691 3943">
     <span class='ocr_line' id='line_1_82' title="bbox 2120 3870 3691 3943; baseline -0.001 -18"><span class='ocrx_word' id='word_1_603' title='bbox 2120 3873 2216 3942; x_wconf 80' lang='grc' dir='ltr'><strong>ξης</strong></span> <span class='ocrx_word' id='word_1_604' title='bbox 2242 3872 2437 3943; x_wconf 80' lang='grc' dir='ltr'>πολλῆς</span> <span class='ocrx_word' id='word_1_605' title='bbox 2459 3887 2472 3900; x_wconf 86' lang='grc'>⁶</span> <span class='ocrx_word' id='word_1_606' title='bbox 2503 3872 2652 3941; x_wconf 83' lang='grc' dir='ltr'>πόσῳ</span> <span class='ocrx_word' id='word_1_607' title='bbox 2685 3871 2883 3942; x_wconf 79' lang='grc' dir='ltr'>μᾶλλον</span> <span class='ocrx_word' id='word_1_608' title='bbox 2917 3871 3089 3942; x_wconf 80' lang='grc' dir='ltr'>ἡθεία</span> <span class='ocrx_word' id='word_1_609' title='bbox 3122 3870 3350 3942; x_wconf 83' lang='grc' dir='ltr'>δύναμις</span> <span class='ocrx_word' id='word_1_610' title='bbox 3374 3887 3388 3899; x_wconf 77' lang='grc'>⁶</span> <span class='ocrx_word' id='word_1_611' title='bbox 3425 3873 3485 3923; x_wconf 89' lang='grc' dir='ltr'><strong>ού</strong></span> <span class='ocrx_word' id='word_1_612' title='bbox 3512 3871 3556 3902; x_wconf 69' lang='grc'><strong>’⁸</strong></span> <span class='ocrx_word' id='word_1_613' title='bbox 3591 3889 3691 3923; x_wconf 87' lang='grc' dir='ltr'>κα-</span> 
     </span>
    </p>
   </div>
   <div class='ocr_carea' id='block_1_83' title="bbox 2121 3963 3689 4037">
    <p class='ocr_par' dir='ltr' id='par_1_83' title="bbox 2121 3963 3689 4037">
     <span class='ocr_line' id='line_1_83' title="bbox 2121 3963 3689 4037; baseline -0.002 -18"><span class='ocrx_word' id='word_1_614' title='bbox 2121 3966 2332 4037; x_wconf 84' lang='grc' dir='ltr'>θαρίσει</span> <span class='ocrx_word' id='word_1_615' title='bbox 2387 3965 2514 4029; x_wconf 81' lang='grc' dir='ltr'>τοὺς</span> <span class='ocrx_word' id='word_1_616' title='bbox 2563 3963 2907 4036; x_wconf 78' lang='grc' dir='ltr'>λειτουργοὺς</span> <span class='ocrx_word' id='word_1_617' title='bbox 2959 3963 3068 4016; x_wconf 83' lang='grc' dir='ltr'><strong>τῶν</strong></span> <span class='ocrx_word' id='word_1_618' title='bbox 3121 3963 3289 4033; x_wconf 84' lang='grc' dir='ltr'>ἁγίων</span> <span class='ocrx_word' id='word_1_619' title='bbox 3348 3966 3689 4034; x_wconf 83' lang='grc' dir='ltr'>μυστηρίων,</span> 
     </span>
    </p>
   </div>
   <div class='ocr_carea' id='block_1_84' title="bbox 2122 4057 3691 4129">
    <p class='ocr_par' dir='ltr' id='par_1_84' title="bbox 2122 4057 3691 4129">
     <span class='ocr_line' id='line_1_84' title="bbox 2122 4057 3691 4129; baseline 0 -19"><span class='ocrx_word' id='word_1_620' title='bbox 2122 4060 2420 4129; x_wconf 80' lang='grc' dir='ltr'>στήκοντας</span> <span class='ocrx_word' id='word_1_621' title='bbox 2441 4057 2746 4128; x_wconf 75' lang='grc' dir='ltr'>ἔμπροσθεν</span> <span class='ocrx_word' id='word_1_622' title='bbox 2769 4058 2866 4128; x_wconf 86' lang='grc' dir='ltr'>τῆς</span> <span class='ocrx_word' id='word_1_623' title='bbox 2893 4057 3140 4128; x_wconf 78' lang='grc' dir='ltr'>οὐρανίου</span> <span class='ocrx_word' id='word_1_624' title='bbox 3173 4057 3328 4128; x_wconf 81' lang='grc' dir='ltr'>δόξης</span> <span class='ocrx_word' id='word_1_625' title='bbox 3350 4075 3364 4122; x_wconf 90' lang='lat'><strong>;</strong></span> <span class='ocrx_word' id='word_1_626' title='bbox 3398 4058 3456 4109; x_wconf 87' lang='grc' dir='ltr'><strong>Ὀ</strong></span> <span class='ocrx_word' id='word_1_627' title='bbox 3479 4058 3539 4110; x_wconf 80' lang='grc' dir='ltr'>δὲ</span> <span class='ocrx_word' id='word_1_628' title='bbox 3567 4075 3691 4125; x_wconf 87' lang='grc' dir='ltr'>γεν-</span> 
     </span>
    </p>
   </div>
   <div class='ocr_carea' id='block_1_85' title="bbox 2122 4146 3688 4220">
    <p class='ocr_par' dir='ltr' id='par_1_85' title="bbox 2122 4146 3688 4220">
     <span class='ocr_line' id='line_1_85' title="bbox 2122 4146 3688 4220; baseline -0.003 -17"><span class='ocrx_word' id='word_1_629' title='bbox 2122 4153 2268 4214; x_wconf 85' lang='grc' dir='ltr'>ναῖος</span> <span class='ocrx_word' id='word_1_630' title='bbox 2303 4150 2398 4204; x_wconf 69' lang='grc' dir='ltr'><strong>καὶ</strong></span> <span class='ocrx_word' id='word_1_631' title='bbox 2424 4149 2657 4220; x_wconf 84' lang='grc' dir='ltr'>ἀθλητὴς</span> <span class='ocrx_word' id='word_1_632' title='bbox 2689 4148 2781 4200; x_wconf 82' lang='grc' dir='ltr'><strong>τοῦ</strong></span> <span class='ocrx_word' id='word_1_633' title='bbox 2815 4147 3052 4220; x_wconf 78' lang='grc' dir='ltr'>Χριστοῦ</span> <span class='ocrx_word' id='word_1_634' title='bbox 3073 4147 3296 4218; x_wconf 88' lang='grc' dir='ltr'>Μάρκος</span> <span class='ocrx_word' id='word_1_635' title='bbox 3323 4146 3688 4215; x_wconf 82' lang='grc' dir='ltr'>ὀΑίγύπτιος,</span> 
     </span>
    </p>
   </div>
   <div class='ocr_carea' id='block_1_86' title="bbox 2124 4223 3688 4312">
    <p class='ocr_par' dir='ltr' id='par_1_86' title="bbox 2124 4223 3688 4312">
     <span class='ocr_line' id='line_1_86' title="bbox 2124 4223 3688 4312; baseline -0.001 -18"><span class='ocrx_word' id='word_1_636' title='bbox 2124 4243 2292 4312; x_wconf 87' lang='grc' dir='ltr'>μέγας</span> <span class='ocrx_word' id='word_1_637' title='bbox 2315 4241 2603 4312; x_wconf 84' lang='grc' dir='ltr'>γενόμενος</span> <span class='ocrx_word' id='word_1_638' title='bbox 2623 4281 2637 4305; x_wconf 90' lang='grc'><strong>,</strong></span> <span class='ocrx_word' id='word_1_639' title='bbox 2659 4223 2967 4312; x_wconf 81' lang='grc' dir='ltr'>κατηξιώθη</span> <span class='ocrx_word' id='word_1_640' title='bbox 2993 4239 3086 4293; x_wconf 78' lang='grc' dir='ltr'>τοῦ</span> <span class='ocrx_word' id='word_1_641' title='bbox 3113 4239 3446 4312; x_wconf 84' lang='grc' dir='ltr'>χαρίσματος</span> <span class='ocrx_word' id='word_1_642' title='bbox 3469 4239 3688 4306; x_wconf 85' lang='grc' dir='ltr'>τούτου,</span> 
     </span>
    </p>
   </div>
   <div class='ocr_carea' id='block_1_87' title="bbox 2120 4332 3038 4404">
    <p class='ocr_par' dir='ltr' id='par_1_87' title="bbox 2120 4332 3038 4404">
     <span class='ocr_line' id='line_1_87' title="bbox 2120 4332 3038 4404; baseline 0.001 -18"><span class='ocrx_word' id='word_1_643' title='bbox 2120 4334 2200 4387; x_wconf 85' lang='grc' dir='ltr'><strong>ὅτι</strong></span> <span class='ocrx_word' id='word_1_644' title='bbox 2227 4333 2286 4386; x_wconf 84' lang='grc' dir='ltr'><strong>οὐ</strong></span> <span class='ocrx_word' id='word_1_645' title='bbox 2326 4332 2612 4404; x_wconf 80' lang='grc' dir='ltr'>κατέκρινε</span> <span class='ocrx_word' id='word_1_646' title='bbox 2639 4333 2730 4386; x_wconf 85' lang='grc' dir='ltr'><strong>τὸν</strong></span> <span class='ocrx_word' id='word_1_647' title='bbox 2762 4333 3038 4404; x_wconf 88' lang='grc' dir='ltr'>κληρικόν.</span> 
     </span>
    </p>
   </div>
   <div class='ocr_carea' id='block_1_88' title="bbox 2260 4445 3542 4514">
    <p class='ocr_par' dir='ltr' id='par_1_88' title="bbox 2260 4445 3542 4514">
     <span class='ocr_line' id='line_1_88' title="bbox 2260 4445 3542 4514; baseline 0.001 -15"><span class='ocrx_word' id='word_1_648' title='bbox 2260 4445 2399 4514; x_wconf 72' lang='grc' dir='ltr'>Περὶ</span> <span class='ocrx_word' id='word_1_649' title='bbox 2423 4445 2532 4499; x_wconf 85' lang='grc' dir='ltr'>τοῦ</span> <span class='ocrx_word' id='word_1_650' title='bbox 2559 4445 2708 4502; x_wconf 78' lang='grc' dir='ltr'><strong>ἀϐϐᾶ</strong></span> <span class='ocrx_word' id='word_1_651' title='bbox 2737 4447 3039 4514; x_wconf 81' lang='grc' dir='ltr'>Μακαρίου</span> <span class='ocrx_word' id='word_1_652' title='bbox 3082 4446 3185 4499; x_wconf 82' lang='grc' dir='ltr'>τοῦ</span> <span class='ocrx_word' id='word_1_653' title='bbox 3213 4445 3542 4500; x_wconf 76' lang='grc' dir='ltr'>πολιτικοῦ.</span> 
     </span>
    </p>
   </div>
   <div class='ocr_carea' id='block_1_89' title="bbox 528 4522 2013 4609">
    <p class='ocr_par' dir='ltr' id='par_1_89' title="bbox 528 4528 2012 4600">
     <span class='ocr_line' id='line_1_89' title="bbox 528 4528 2012 4600; baseline 0.001 -15"><span class='ocrx_word' id='word_1_654' title='bbox 528 4533 578 4585; x_wconf 90' lang='grc'><strong>1.</strong></span> <span class='ocrx_word' id='word_1_655' title='bbox 619 4530 769 4586; x_wconf 76' lang='lat' dir='ltr'><strong>Abiit</strong></span> <span class='ocrx_word' id='word_1_656' title='bbox 815 4529 1113 4600; x_wconf 87' lang='lat' dir='ltr'><strong>aliquando</strong></span> <span class='ocrx_word' id='word_1_657' title='bbox 1147 4530 1320 4586; x_wconf 88' lang='lat' dir='ltr'><strong>abbas</strong></span> <span class='ocrx_word' id='word_1_658' title='bbox 1371 4528 1794 4599; x_wconf 82' lang='lat' dir='ltr'><strong>Macarius,_ille</strong></span> <span class='ocrx_word' id='word_1_659' title='bbox 1844 4531 2012 4598; x_wconf 87' lang='lat' dir='ltr'><strong>urbis,</strong></span> 
     </span>
    </p>
   </div>
   <div class='ocr_carea' id='block_1_90' title="bbox 2116 4522 3688 4609">
    <p class='ocr_par' dir='ltr' id='par_1_90' title="bbox 2187 4537 3688 4609">
     <span class='ocr_line' id='line_1_90' title="bbox 2187 4537 3688 4609; baseline 0.001 -20"><span class='ocrx_word' id='word_1_660' title='bbox 2187 4537 2255 4590; x_wconf 79' lang='grc' dir='ltr'><strong>α’.</strong></span> <span class='ocrx_word' id='word_1_661' title='bbox 2302 4537 2536 4608; x_wconf 81' lang='grc' dir='ltr'>Ἀπῆλθέ</span> <span class='ocrx_word' id='word_1_662' title='bbox 2582 4555 2711 4591; x_wconf 88' lang='grc' dir='ltr'>ποτε</span> <span class='ocrx_word' id='word_1_663' title='bbox 2753 4540 2781 4592; x_wconf 89' lang='lat'><strong>6</strong></span> <span class='ocrx_word' id='word_1_664' title='bbox 2827 4538 3001 4600; x_wconf 77' lang='grc' dir='ltr'>άδϐἄς</span> <span class='ocrx_word' id='word_1_665' title='bbox 3032 4538 3314 4609; x_wconf 86' lang='grc' dir='ltr'>Μακάριος</span> <span class='ocrx_word' id='word_1_666' title='bbox 3353 4540 3380 4590; x_wconf 93' lang='lat'><strong>6</strong></span> <span class='ocrx_word' id='word_1_667' title='bbox 3410 4537 3688 4602; x_wconf 67' lang='grc' dir='ltr'>πολιτικὸς</span> 
     </span>
    </p>
   </div>
   <div class='ocr_carea' id='block_1_91' title="bbox 453 4621 2016 4692">
    <p class='ocr_par' dir='ltr' id='par_1_91' title="bbox 453 4621 2016 4692">
     <span class='ocr_line' id='line_1_91' title="bbox 453 4621 2016 4692; baseline 0 -14"><span class='ocrx_word' id='word_1_668' title='bbox 453 4624 520 4678; x_wconf 84' lang='lat' dir='ltr'><strong>ad</strong></span> <span class='ocrx_word' id='word_1_669' title='bbox 550 4621 820 4679; x_wconf 88' lang='lat' dir='ltr'><strong>secandos</strong></span> <span class='ocrx_word' id='word_1_670' title='bbox 863 4622 1172 4692; x_wconf 89' lang='lat' dir='ltr'><strong>palmarum</strong></span> <span class='ocrx_word' id='word_1_671' title='bbox 1207 4635 1427 4689; x_wconf 88' lang='lat' dir='ltr'><strong>ramos,</strong></span> <span class='ocrx_word' id='word_1_672' title='bbox 1474 4629 1739 4692; x_wconf 88' lang='lat' dir='ltr'><strong>erantque</strong></span> <span class='ocrx_word' id='word_1_673' title='bbox 1782 4639 1905 4678; x_wconf 86' lang='lat' dir='ltr'><strong>eum</strong></span> <span class='ocrx_word' id='word_1_674' title='bbox 1950 4639 2016 4679; x_wconf 91' lang='lat' dir='ltr'><strong>eo</strong></span> 
     </span>
    </p>
   </div>
   <div class='ocr_carea' id='block_1_92' title="bbox 453 4714 2018 4786">
    <p class='ocr_par' dir='ltr' id='par_1_92' title="bbox 453 4714 2018 4786">
     <span class='ocr_line' id='line_1_92' title="bbox 453 4714 2018 4786; baseline 0.001 -15"><span class='ocrx_word' id='word_1_675' title='bbox 453 4717 655 4773; x_wconf 77' lang='lat' dir='ltr'><strong>fratres</strong></span> <span class='ocrx_word' id='word_1_676' title='bbox 691 4758 705 4782; x_wconf 93' lang='lat'><strong>,</strong></span> <span class='ocrx_word' id='word_1_677' title='bbox 735 4717 824 4786; x_wconf 88' lang='lat' dir='ltr'><strong>qui</strong></span> <span class='ocrx_word' id='word_1_678' title='bbox 857 4715 1034 4786; x_wconf 90' lang='lat' dir='ltr'><strong>primo</strong></span> <span class='ocrx_word' id='word_1_679' title='bbox 1057 4715 1145 4771; x_wconf 87' lang='lat' dir='ltr'><strong>die</strong></span> <span class='ocrx_word' id='word_1_680' title='bbox 1177 4715 1366 4770; x_wconf 85' lang='lat' dir='ltr'><strong>dicunt</strong></span> <span class='ocrx_word' id='word_1_681' title='bbox 1393 4714 1443 4770; x_wconf 88' lang='lat' dir='ltr'><strong>ei</strong></span> <span class='ocrx_word' id='word_1_682' title='bbox 1470 4732 1483 4768; x_wconf 91' lang='lat'><strong>:</strong></span> <span class='ocrx_word' id='word_1_683' title='bbox 1514 4714 1668 4780; x_wconf 86' lang='lat' dir='ltr'><strong>Veni,</strong></span> <span class='ocrx_word' id='word_1_684' title='bbox 1692 4715 1887 4782; x_wconf 88' lang='lat' dir='ltr'><strong>Pater,</strong></span> <span class='ocrx_word' id='word_1_685' title='bbox 1920 4732 2018 4773; x_wconf 91' lang='lat' dir='ltr'><strong>no-</strong></span> 
     </span>
    </p>
   </div>
   <div class='ocr_carea' id='block_1_93' title="bbox 454 4806 2015 4864">
    <p class='ocr_par' dir='ltr' id='par_1_93' title="bbox 454 4806 2015 4864">
     <span class='ocr_line' id='line_1_93' title="bbox 454 4806 2015 4864; baseline 0.001 -1"><span class='ocrx_word' id='word_1_686' title='bbox 454 4809 668 4864; x_wconf 87' lang='lat' dir='ltr'><strong>biscum</strong></span> <span class='ocrx_word' id='word_1_687' title='bbox 717 4807 964 4864; x_wconf 86' lang='lat' dir='ltr'><strong>comede.</strong></span> <span class='ocrx_word' id='word_1_688' title='bbox 1023 4806 1312 4862; x_wconf 85' lang='lat' dir='ltr'><strong>Profectus</strong></span> <span class='ocrx_word' id='word_1_689' title='bbox 1373 4807 1464 4862; x_wconf 90' lang='lat' dir='ltr'><strong>ille</strong></span> <span class='ocrx_word' id='word_1_690' title='bbox 1503 4808 1759 4862; x_wconf 78' lang='lat' dir='ltr'><strong>ceinedit.</strong></span> <span class='ocrx_word' id='word_1_691' title='bbox 1816 4808 2015 4864; x_wconf 90' lang='lat' dir='ltr'><strong>lterum</strong></span> 
     </span>
    </p>
   </div>
   <div class='ocr_carea' id='block_1_94' title="bbox 455 4897 2012 4972">
    <p class='ocr_par' dir='ltr' id='par_1_94' title="bbox 455 4897 2012 4972">
     <span class='ocr_line' id='line_1_94' title="bbox 455 4897 2012 4972; baseline 0.002 -18"><span class='ocrx_word' id='word_1_692' title='bbox 455 4898 696 4956; x_wconf 88' lang='lat' dir='ltr'><strong>secundo</strong></span> <span class='ocrx_word' id='word_1_693' title='bbox 722 4899 811 4954; x_wconf 88' lang='lat' dir='ltr'><strong>die</strong></span> <span class='ocrx_word' id='word_1_694' title='bbox 842 4897 986 4954; x_wconf 91' lang='lat' dir='ltr'><strong>idem</strong></span> <span class='ocrx_word' id='word_1_695' title='bbox 1018 4905 1231 4968; x_wconf 86' lang='lat' dir='ltr'><strong>rogant.</strong></span> <span class='ocrx_word' id='word_1_696' title='bbox 1259 4897 1327 4951; x_wconf 84' lang='lat' dir='ltr'><strong>At</strong></span> <span class='ocrx_word' id='word_1_697' title='bbox 1353 4899 1551 4962; x_wconf 89' lang='lat' dir='ltr'><strong>noluit,</strong></span> <span class='ocrx_word' id='word_1_698' title='bbox 1583 4901 1674 4954; x_wconf 91' lang='lat' dir='ltr'><strong>sed</strong></span> <span class='ocrx_word' id='word_1_699' title='bbox 1703 4903 2012 4972; x_wconf 88' lang='lat' dir='ltr'><strong>respondit:</strong></span> 
     </span>
    </p>
   </div>
   <div class='ocr_carea' id='block_1_95' title="bbox 463 4987 2017 5060">
    <p class='ocr_par' dir='ltr' id='par_1_95' title="bbox 463 4987 2017 5060">
     <span class='ocr_line' id='line_1_95' title="bbox 463 4987 2017 5060; baseline 0.006 -17"><span class='ocrx_word' id='word_1_700' title='bbox 463 4987 632 5047; x_wconf 81' lang='lat' dir='ltr'><strong>Vobis</strong></span> <span class='ocrx_word' id='word_1_701' title='bbox 685 4991 806 5054; x_wconf 85' lang='lat' dir='ltr'><strong>filii,</strong></span> <span class='ocrx_word' id='word_1_702' title='bbox 841 5006 1068 5045; x_wconf 85' lang='lat' dir='ltr'><strong>necesse</strong></span> <span class='ocrx_word' id='word_1_703' title='bbox 1105 4998 1192 5045; x_wconf 88' lang='lat' dir='ltr'><strong>est</strong></span> <span class='ocrx_word' id='word_1_704' title='bbox 1221 4999 1279 5044; x_wconf 92' lang='lat' dir='ltr'><strong>ut</strong></span> <span class='ocrx_word' id='word_1_705' title='bbox 1314 4993 1499 5046; x_wconf 88' lang='lat' dir='ltr'><strong>cibum</strong></span> <span class='ocrx_word' id='word_1_706' title='bbox 1541 4995 1805 5060; x_wconf 88' lang='lat' dir='ltr'><strong>sumatis;</strong></span> <span class='ocrx_word' id='word_1_707' title='bbox 1838 4996 2017 5052; x_wconf 86' lang='lat' dir='ltr'><strong>adhuc</strong></span> 
     </span>
    </p>
   </div>
   <div class='ocr_carea' id='block_1_96' title="bbox 452 5080 2011 5150">
    <p class='ocr_par' dir='ltr' id='par_1_96' title="bbox 452 5080 2011 5150">
     <span class='ocr_line' id='line_1_96' title="bbox 452 5080 2011 5150; baseline 0.004 -14"><span class='ocrx_word' id='word_1_708' title='bbox 452 5080 598 5136; x_wconf 90' lang='lat' dir='ltr'><strong>enim</strong></span> <span class='ocrx_word' id='word_1_709' title='bbox 628 5093 759 5135; x_wconf 90' lang='lat' dir='ltr'><strong>caro</strong></span> <span class='ocrx_word' id='word_1_710' title='bbox 796 5081 932 5135; x_wconf 90' lang='lat' dir='ltr'><strong>estis</strong></span> <span class='ocrx_word' id='word_1_711' title='bbox 961 5098 975 5144; x_wconf 86' lang='lat'><strong>;</strong></span> <span class='ocrx_word' id='word_1_712' title='bbox 1016 5096 1116 5150; x_wconf 88' lang='lat' dir='ltr'><strong>ego</strong></span> <span class='ocrx_word' id='word_1_713' title='bbox 1155 5095 1285 5134; x_wconf 82' lang='lat' dir='ltr'><strong>vero</strong></span> <span class='ocrx_word' id='word_1_714' title='bbox 1314 5097 1460 5136; x_wconf 90' lang='lat' dir='ltr'><strong>nunc</strong></span> <span class='ocrx_word' id='word_1_715' title='bbox 1489 5083 1617 5138; x_wconf 91' lang='lat' dir='ltr'><strong>nolo</strong></span> <span class='ocrx_word' id='word_1_716' title='bbox 1662 5086 2011 5143; x_wconf 86' lang='lat' dir='ltr'><strong>manducare.</strong></span> 
     </span>
    </p>
   </div>
   <div class='ocr_carea' id='block_1_97' title="bbox 521 5257 2013 5323">
    <p class='ocr_par' dir='ltr' id='par_1_97' title="bbox 521 5257 2013 5323">
     <span class='ocr_line' id='line_1_97' title="bbox 521 5257 2013 5323; baseline 0.008 -12"><span class='ocrx_word' id='word_1_717' title='bbox 521 5259 573 5312; x_wconf 72' lang='lat'><strong>2.</strong></span> <span class='ocrx_word' id='word_1_718' title='bbox 608 5257 759 5312; x_wconf 83' lang='lat' dir='ltr'><strong>Adiit</strong></span> <span class='ocrx_word' id='word_1_719' title='bbox 811 5260 981 5314; x_wconf 86' lang='lat' dir='ltr'><strong>abbas</strong></span> <span class='ocrx_word' id='word_1_720' title='bbox 1039 5259 1308 5317; x_wconf 86' lang='lat' dir='ltr'><strong>Macarius</strong></span> <span class='ocrx_word' id='word_1_721' title='bbox 1360 5262 1606 5318; x_wconf 88' lang='lat' dir='ltr'><strong>abbatem</strong></span> <span class='ocrx_word' id='word_1_722' title='bbox 1663 5263 2013 5323; x_wconf 84' lang='lat' dir='ltr'><strong>Pachomium</strong></span> 
     </span>
    </p>
   </div>
   <div class='ocr_carea' id='block_1_98' title="bbox 2117 4628 3688 4701">
    <p class='ocr_par' dir='ltr' id='par_1_98' title="bbox 2117 4628 3688 4701">
     <span class='ocr_line' id='line_1_98' title="bbox 2117 4628 3688 4701; baseline 0.001 -17"><span class='ocrx_word' id='word_1_723' title='bbox 2117 4631 2278 4701; x_wconf 77' lang='grc' dir='ltr'>κόψαι</span> <span class='ocrx_word' id='word_1_724' title='bbox 2314 4629 2525 4695; x_wconf 86' lang='grc' dir='ltr'>θαλλία,</span> <span class='ocrx_word' id='word_1_725' title='bbox 2562 4633 2654 4685; x_wconf 78' lang='grc' dir='ltr'><strong>καὶ</strong></span> <span class='ocrx_word' id='word_1_726' title='bbox 2681 4631 2730 4684; x_wconf 90' lang='grc' dir='ltr'><strong>οί</strong></span> <span class='ocrx_word' id='word_1_727' title='bbox 2756 4631 2972 4700; x_wconf 72' lang='grc' dir='ltr'>ἀδελφοὶ</span> <span class='ocrx_word' id='word_1_728' title='bbox 3000 4631 3115 4700; x_wconf 85' lang='grc' dir='ltr'>μετ’</span> <span class='ocrx_word' id='word_1_729' title='bbox 3147 4628 3329 4685; x_wconf 81' lang='grc' dir='ltr'>αὑτοῦ.</span> <span class='ocrx_word' id='word_1_730' title='bbox 3361 4631 3470 4684; x_wconf 71' lang='grc' dir='ltr'><strong>Καὶ</strong></span> <span class='ocrx_word' id='word_1_731' title='bbox 3492 4631 3688 4700; x_wconf 85' lang='grc' dir='ltr'>λέγου-</span> 
     </span>
    </p>
   </div>
   <div class='ocr_carea' id='block_1_99' title="bbox 2119 4722 3690 4796">
    <p class='ocr_par' dir='ltr' id='par_1_99' title="bbox 2119 4722 3690 4796">
     <span class='ocr_line' id='line_1_99' title="bbox 2119 4722 3690 4796; baseline 0 -20"><span class='ocrx_word' id='word_1_732' title='bbox 2119 4739 2201 4776; x_wconf 92' lang='grc' dir='ltr'><strong>σιν</strong></span> <span class='ocrx_word' id='word_1_733' title='bbox 2230 4722 2376 4794; x_wconf 83' lang='grc' dir='ltr'>αὐτῷ</span> <span class='ocrx_word' id='word_1_734' title='bbox 2408 4723 2508 4794; x_wconf 83' lang='grc' dir='ltr'>τὴν</span> <span class='ocrx_word' id='word_1_735' title='bbox 2542 4722 2764 4796; x_wconf 86' lang='grc' dir='ltr'>πρώτην</span> <span class='ocrx_word' id='word_1_736' title='bbox 2809 4724 3021 4796; x_wconf 82' lang='grc' dir='ltr'>ἡμέραν</span> <span class='ocrx_word' id='word_1_737' title='bbox 3044 4740 3057 4752; x_wconf 87' lang='grc'><strong>·</strong></span> <span class='ocrx_word' id='word_1_738' title='bbox 3105 4722 3306 4794; x_wconf 76' lang='grc' dir='ltr'>Δεῦρο,</span> <span class='ocrx_word' id='word_1_739' title='bbox 3365 4723 3503 4791; x_wconf 81' lang='grc' dir='ltr'>φάγε</span> <span class='ocrx_word' id='word_1_740' title='bbox 3562 4722 3690 4794; x_wconf 81' lang='grc' dir='ltr'>μεθ’</span> 
     </span>
    </p>
   </div>
   <div class='ocr_carea' id='block_1_100' title="bbox 2119 4813 3691 4886">
    <p class='ocr_par' dir='ltr' id='par_1_100' title="bbox 2119 4813 3691 4886">
     <span class='ocr_line' id='line_1_100' title="bbox 2119 4813 3691 4886; baseline 0.003 -21"><span class='ocrx_word' id='word_1_741' title='bbox 2119 4813 2276 4885; x_wconf 80' lang='grc' dir='ltr'>ἡμῶν</span> <span class='ocrx_word' id='word_1_742' title='bbox 2297 4854 2314 4877; x_wconf 88' lang='grc'><strong>,</strong></span> <span class='ocrx_word' id='word_1_743' title='bbox 2342 4815 2543 4886; x_wconf 89' lang='grc' dir='ltr'>Πάτερ.</span> <span class='ocrx_word' id='word_1_744' title='bbox 2586 4816 2642 4869; x_wconf 88' lang='grc' dir='ltr'>Ὀ</span> <span class='ocrx_word' id='word_1_745' title='bbox 2670 4816 2726 4868; x_wconf 87' lang='grc' dir='ltr'>δὲ</span> <span class='ocrx_word' id='word_1_746' title='bbox 2759 4815 2965 4886; x_wconf 83' lang='grc' dir='ltr'>ἀπῆλθε</span> <span class='ocrx_word' id='word_1_747' title='bbox 3016 4816 3108 4869; x_wconf 73' lang='grc' dir='ltr'><strong>καὶ</strong></span> <span class='ocrx_word' id='word_1_748' title='bbox 3161 4814 3349 4884; x_wconf 76' lang='grc' dir='ltr'>ἔφαγε.</span> <span class='ocrx_word' id='word_1_749' title='bbox 3377 4816 3486 4868; x_wconf 75' lang='grc' dir='ltr'><strong>Καὶ</strong></span> <span class='ocrx_word' id='word_1_750' title='bbox 3520 4816 3691 4870; x_wconf 84' lang='grc' dir='ltr'>πάλιν</span> 
     </span>
    </p>
   </div>
   <div class='ocr_carea' id='block_1_101' title="bbox 2118 4904 3689 4977">
    <p class='ocr_par' dir='ltr' id='par_1_101' title="bbox 2118 4904 3689 4977">
     <span class='ocr_line' id='line_1_101' title="bbox 2118 4904 3689 4977; baseline 0.001 -19"><span class='ocrx_word' id='word_1_751' title='bbox 2118 4907 2182 4976; x_wconf 81' lang='grc' dir='ltr'>τῇ</span> <span class='ocrx_word' id='word_1_752' title='bbox 2213 4904 2345 4976; x_wconf 78' lang='grc' dir='ltr'><strong>ἄλλῃ</strong></span> <span class='ocrx_word' id='word_1_753' title='bbox 2399 4905 2646 4974; x_wconf 88' lang='grc' dir='ltr'>λέγουσιν</span> <span class='ocrx_word' id='word_1_754' title='bbox 2693 4905 2842 4976; x_wconf 77' lang='grc' dir='ltr'>αὐτῷ</span> <span class='ocrx_word' id='word_1_755' title='bbox 2875 4910 3083 4976; x_wconf 84' lang='grc' dir='ltr'>φαγεῖν.</span> <span class='ocrx_word' id='word_1_756' title='bbox 3119 4907 3174 4960; x_wconf 85' lang='lat'><strong>&#39;0</strong></span> <span class='ocrx_word' id='word_1_757' title='bbox 3217 4907 3272 4959; x_wconf 78' lang='grc' dir='ltr'>δὲ</span> <span class='ocrx_word' id='word_1_758' title='bbox 3323 4907 3422 4959; x_wconf 81' lang='grc' dir='ltr'><strong>οὐκ</strong></span> <span class='ocrx_word' id='word_1_759' title='bbox 3466 4905 3689 4977; x_wconf 72' lang='grc' dir='ltr'>ἤθελεν,</span> 
     </span>
    </p>
   </div>
   <div class='ocr_carea' id='block_1_102' title="bbox 2117 4994 3688 5067">
    <p class='ocr_par' dir='ltr' id='par_1_102' title="bbox 2117 4994 3688 5067">
     <span class='ocr_line' id='line_1_102' title="bbox 2117 4994 3688 5067; baseline 0.003 -19"><span class='ocrx_word' id='word_1_760' title='bbox 2117 4994 2231 5048; x_wconf 80' lang='grc' dir='ltr'><strong>ἀλλ’</strong></span> <span class='ocrx_word' id='word_1_761' title='bbox 2261 4995 2442 5060; x_wconf 77' lang='grc' dir='ltr'>ἔλεγεν</span> <span class='ocrx_word' id='word_1_762' title='bbox 2491 4997 2708 5059; x_wconf 80' lang='grc' dir='ltr'>αὐτοῖς·</span> <span class='ocrx_word' id='word_1_763' title='bbox 2773 4996 2960 5067; x_wconf 85' lang='grc' dir='ltr'>Ὑμεῖς</span> <span class='ocrx_word' id='word_1_764' title='bbox 3015 4997 3201 5067; x_wconf 86' lang='grc' dir='ltr'>χρείαν</span> <span class='ocrx_word' id='word_1_765' title='bbox 3257 4997 3407 5067; x_wconf 84' lang='grc' dir='ltr'>ἔχετε</span> <span class='ocrx_word' id='word_1_766' title='bbox 3462 5001 3688 5066; x_wconf 75' lang='grc' dir='ltr'>φαγεῖν,</span> 
     </span>
    </p>
   </div>
   <div class='ocr_carea' id='block_1_103' title="bbox 2117 5085 3695 5161">
    <p class='ocr_par' dir='ltr' id='par_1_103' title="bbox 2117 5085 3695 5161">
     <span class='ocr_line' id='line_1_103' title="bbox 2117 5085 3695 5161; baseline 0.004 -24"><span class='ocrx_word' id='word_1_767' title='bbox 2117 5085 2280 5138; x_wconf 91' lang='grc' dir='ltr'>τέκνα</span> <span class='ocrx_word' id='word_1_768' title='bbox 2307 5105 2322 5118; x_wconf 87' lang='grc'><strong>·</strong></span> <span class='ocrx_word' id='word_1_769' title='bbox 2351 5087 2533 5158; x_wconf 81' lang='grc' dir='ltr'>ἀκμὴν</span> <span class='ocrx_word' id='word_1_770' title='bbox 2567 5087 2674 5160; x_wconf 81' lang='grc' dir='ltr'>γὰρ</span> <span class='ocrx_word' id='word_1_771' title='bbox 2710 5087 2842 5161; x_wconf 80' lang='grc' dir='ltr'>σάρξ</span> <span class='ocrx_word' id='word_1_772' title='bbox 2883 5089 3034 5141; x_wconf 73' lang='grc' dir='ltr'>ὲστεο</span> <span class='ocrx_word' id='word_1_773' title='bbox 3069 5087 3177 5156; x_wconf 76' lang='grc' dir='ltr'><strong>ἐγὼ</strong></span> <span class='ocrx_word' id='word_1_774' title='bbox 3224 5089 3279 5141; x_wconf 83' lang='grc' dir='ltr'>δὲ</span> <span class='ocrx_word' id='word_1_775' title='bbox 3321 5088 3414 5141; x_wconf 79' lang='grc' dir='ltr'>νῦν</span> <span class='ocrx_word' id='word_1_776' title='bbox 3449 5089 3510 5141; x_wconf 86' lang='grc' dir='ltr'><strong>οὐ</strong></span> <span class='ocrx_word' id='word_1_777' title='bbox 3541 5089 3695 5144; x_wconf 80' lang='grc' dir='ltr'>θέλω</span> 
     </span>
    </p>
   </div>
   <div class='ocr_carea' id='block_1_104' title="bbox 2119 5192 3262 5244">
    <p class='ocr_par' dir='ltr' id='par_1_104' title="bbox 2119 5192 3262 5244">
     <span class='ocr_line' id='line_1_104' title="bbox 2119 5192 3262 5244; baseline -0.001 -16"><span class='ocrx_word' id='word_1_778' title='bbox 2119 5192 2334 5244; x_wconf 83' lang='grc' dir='ltr'>φαγειν.</span> <span class='ocrx_word' id='word_1_779' title='bbox 3254 5193 3262 5196; x_wconf 50' lang='grc' dir='ltr'>λ</span> 
     </span>
    </p>
   </div>
   <div class='ocr_carea' id='block_1_105' title="bbox 2188 5264 3695 5340">
    <p class='ocr_par' dir='ltr' id='par_1_105' title="bbox 2188 5264 3695 5340">
     <span class='ocr_line' id='line_1_105' title="bbox 2188 5264 3695 5340; baseline 0.004 -20"><span class='ocrx_word' id='word_1_780' title='bbox 2188 5264 2251 5334; x_wconf 85' lang='grc' dir='ltr'><strong>β’.</strong></span> <span class='ocrx_word' id='word_1_781' title='bbox 2289 5267 2600 5339; x_wconf 80' lang='grc' dir='ltr'>Παρέϐαλεν</span> <span class='ocrx_word' id='word_1_782' title='bbox 2642 5271 2670 5322; x_wconf 87' lang='grc' dir='ltr'>ὁ</span> <span class='ocrx_word' id='word_1_783' title='bbox 2703 5268 2875 5332; x_wconf 74' lang='grc' dir='ltr'><strong>άῆὖᾶς</strong></span> <span class='ocrx_word' id='word_1_784' title='bbox 2906 5268 3189 5334; x_wconf 86' lang='grc' dir='ltr'>Μακάριος</span> <span class='ocrx_word' id='word_1_785' title='bbox 3221 5269 3356 5340; x_wconf 78' lang='grc' dir='ltr'>πρὸς</span> <span class='ocrx_word' id='word_1_786' title='bbox 3385 5270 3475 5323; x_wconf 86' lang='grc' dir='ltr'><strong>τὸν</strong></span> <span class='ocrx_word' id='word_1_787' title='bbox 3507 5271 3695 5327; x_wconf 71' lang='grc' dir='ltr'>άϐϐἄν</span> 
     </span>
    </p>
   </div>
   <div class='ocr_carea' id='block_1_106' title="bbox 445 5349 2013 5432">
    <p class='ocr_par' dir='ltr' id='par_1_106' title="bbox 445 5349 2013 5424">
     <span class='ocr_line' id='line_1_106' title="bbox 445 5349 2013 5424; baseline 0.005 -21"><span class='ocrx_word' id='word_1_788' title='bbox 445 5349 940 5405; x_wconf 76' lang='lat' dir='ltr'><strong>Tabenesiotarum</strong></span> <span class='ocrx_word' id='word_1_789' title='bbox 986 5351 1349 5419; x_wconf 63' lang='lat' dir='ltr'><strong>pra’positum.</strong></span> <span class='ocrx_word' id='word_1_790' title='bbox 1401 5352 1503 5418; x_wconf 86' lang='lat' dir='ltr'><strong>Qui</strong></span> <span class='ocrx_word' id='word_1_791' title='bbox 1539 5355 1618 5407; x_wconf 90' lang='lat' dir='ltr'><strong>sic</strong></span> <span class='ocrx_word' id='word_1_792' title='bbox 1667 5365 2013 5424; x_wconf 88' lang='lat' dir='ltr'><strong>percontatus</strong></span> 
     </span>
    </p>
   </div>
   <div class='ocr_carea' id='block_1_107' title="bbox 2116 5349 3698 5432">
    <p class='ocr_par' dir='ltr' id='par_1_107' title="bbox 2116 5355 3698 5432">
     <span class='ocr_line' id='line_1_107' title="bbox 2116 5355 3698 5432; baseline 0.005 -25"><span class='ocrx_word' id='word_1_793' title='bbox 2116 5355 2404 5428; x_wconf 83' lang='grc' dir='ltr'>Παχώμιον</span> <span class='ocrx_word' id='word_1_794' title='bbox 2424 5358 2530 5411; x_wconf 81' lang='grc' dir='ltr'><strong>τῶν</strong></span> <span class='ocrx_word' id='word_1_795' title='bbox 2548 5359 2987 5430; x_wconf 80' lang='grc' dir='ltr'>Ταὸενησιωτῶν.</span> <span class='ocrx_word' id='word_1_796' title='bbox 3016 5360 3074 5412; x_wconf 91' lang='lat'><strong>&#39;0</strong></span> <span class='ocrx_word' id='word_1_797' title='bbox 3101 5360 3154 5412; x_wconf 79' lang='grc' dir='ltr'>δὲ</span> <span class='ocrx_word' id='word_1_798' title='bbox 3181 5359 3468 5431; x_wconf 86' lang='grc' dir='ltr'>Παχώμιος</span> <span class='ocrx_word' id='word_1_799' title='bbox 3495 5361 3698 5432; x_wconf 64' lang='grc' dir='ltr'>ἠρώτα</span> 
     </span>
    </p>
   </div>
   <div class='ocr_carea' id='block_1_108' title="bbox 446 5437 2013 5520">
    <p class='ocr_par' dir='ltr' id='par_1_108' title="bbox 446 5437 2008 5510">
     <span class='ocr_line' id='line_1_108' title="bbox 446 5437 2008 5510; baseline 0.003 -18"><span class='ocrx_word' id='word_1_800' title='bbox 446 5447 530 5494; x_wconf 76' lang='lat' dir='ltr'><strong>est</strong></span> <span class='ocrx_word' id='word_1_801' title='bbox 565 5454 728 5494; x_wconf 88' lang='lat' dir='ltr'><strong>eum:</strong></span> <span class='ocrx_word' id='word_1_802' title='bbox 762 5437 994 5504; x_wconf 83' lang='lat' dir='ltr'><strong>Quando</strong></span> <span class='ocrx_word' id='word_1_803' title='bbox 1024 5438 1222 5493; x_wconf 86' lang='lat' dir='ltr'><strong>fratres</strong></span> <span class='ocrx_word' id='word_1_804' title='bbox 1271 5439 1576 5510; x_wconf 53' lang='lat' dir='ltr'><strong>disciplina</strong></span> <span class='ocrx_word' id='word_1_805' title='bbox 1614 5440 1858 5496; x_wconf 88' lang='lat' dir='ltr'><strong>ordinem</strong></span> <span class='ocrx_word' id='word_1_806' title='bbox 1903 5459 2008 5497; x_wconf 89' lang='lat' dir='ltr'><strong>non</strong></span> 
     </span>
    </p>
   </div>
   <div class='ocr_carea' id='block_1_109' title="bbox 2116 5437 3700 5520">
    <p class='ocr_par' dir='ltr' id='par_1_109' title="bbox 2116 5447 3700 5520">
     <span class='ocr_line' id='line_1_109' title="bbox 2116 5447 3700 5520; baseline 0.004 -21"><span class='ocrx_word' id='word_1_807' title='bbox 2116 5447 2272 5500; x_wconf 82' lang='grc' dir='ltr'>αὑτὸν</span> <span class='ocrx_word' id='word_1_808' title='bbox 2297 5491 2312 5515; x_wconf 94' lang='grc'><strong>,</strong></span> <span class='ocrx_word' id='word_1_809' title='bbox 2359 5449 2561 5519; x_wconf 76' lang='grc' dir='ltr'><strong>λέγων⁰</strong></span> <span class='ocrx_word' id='word_1_810' title='bbox 2599 5451 2725 5504; x_wconf 85' lang='grc' dir='ltr'><strong>Ὅτε</strong></span> <span class='ocrx_word' id='word_1_811' title='bbox 2772 5453 2907 5504; x_wconf 84' lang='grc' dir='ltr'>εἰσιν</span> <span class='ocrx_word' id='word_1_812' title='bbox 2955 5451 3171 5520; x_wconf 71' lang='grc' dir='ltr'>ἀδελφοὶ</span> <span class='ocrx_word' id='word_1_813' title='bbox 3201 5453 3466 5515; x_wconf 82' lang='grc' dir='ltr'>ἄτακτοι,</span> <span class='ocrx_word' id='word_1_814' title='bbox 3521 5453 3700 5506; x_wconf 69' lang='grc' dir='ltr'>καλὸν</span> 
     </span>
    </p>
   </div>
   <div class='ocr_carea' id='block_1_110' title="bbox 442 5528 2013 5616">
    <p class='ocr_par' dir='ltr' id='par_1_110' title="bbox 442 5528 2010 5603">
     <span class='ocr_line' id='line_1_110' title="bbox 442 5528 2010 5603; baseline 0.003 -19"><span class='ocrx_word' id='word_1_815' title='bbox 442 5537 686 5592; x_wconf 82' lang='lat' dir='ltr'><strong>servant,</strong></span> <span class='ocrx_word' id='word_1_816' title='bbox 740 5529 1015 5584; x_wconf 86' lang='lat' dir='ltr'><strong>bonumne</strong></span> <span class='ocrx_word' id='word_1_817' title='bbox 1063 5537 1146 5583; x_wconf 89' lang='lat' dir='ltr'><strong>est</strong></span> <span class='ocrx_word' id='word_1_818' title='bbox 1195 5529 1475 5600; x_wconf 87' lang='lat' dir='ltr'><strong>corripere</strong></span> <span class='ocrx_word' id='word_1_819' title='bbox 1530 5531 1669 5586; x_wconf 80' lang='lat' dir='ltr'><strong>eos?</strong></span> <span class='ocrx_word' id='word_1_820' title='bbox 1711 5528 2010 5603; x_wconf 81' lang='lat' dir='ltr'><strong>Respondit</strong></span> 
     </span>
    </p>
   </div>
   <div class='ocr_carea' id='block_1_111' title="bbox 2116 5528 3697 5616">
    <p class='ocr_par' dir='ltr' id='par_1_111' title="bbox 2116 5540 3697 5616">
     <span class='ocr_line' id='line_1_111' title="bbox 2116 5540 3697 5616; baseline 0.004 -24"><span class='ocrx_word' id='word_1_821' title='bbox 2116 5540 2227 5593; x_wconf 75' lang='grc' dir='ltr'>ἐστι</span> <span class='ocrx_word' id='word_1_822' title='bbox 2263 5540 2546 5596; x_wconf 77' lang='grc' dir='ltr'>παιδεῦσαι</span> <span class='ocrx_word' id='word_1_823' title='bbox 2584 5543 2780 5609; x_wconf 85' lang='grc' dir='ltr'>αύτούς</span> <span class='ocrx_word' id='word_1_824' title='bbox 2806 5562 2821 5613; x_wconf 85' lang='grc'>;</span> <span class='ocrx_word' id='word_1_825' title='bbox 2855 5544 3017 5614; x_wconf 85' lang='grc' dir='ltr'>Λέγει</span> <span class='ocrx_word' id='word_1_826' title='bbox 3047 5544 3193 5616; x_wconf 76' lang='grc' dir='ltr'>αὐτῷ</span> <span class='ocrx_word' id='word_1_827' title='bbox 3223 5547 3250 5598; x_wconf 91' lang='grc' dir='ltr'>ὁ</span> <span class='ocrx_word' id='word_1_828' title='bbox 3281 5542 3453 5606; x_wconf 76' lang='grc' dir='ltr'>ἁϐὄᾶς</span> <span class='ocrx_word' id='word_1_829' title='bbox 3485 5543 3697 5599; x_wconf 70' lang='grc' dir='ltr'><strong>Μακὰν</strong></span> 
     </span>
    </p>
   </div>
   <div class='ocr_carea' id='block_1_112' title="bbox 517 5665 2106 5732">
    <p class='ocr_par' dir='ltr' id='par_1_112' title="bbox 517 5665 2106 5732">
     <span class='ocr_line' id='line_1_112' title="bbox 517 5665 2106 5732; baseline 0.009 -15"><span class='ocrx_word' id='word_1_830' title='bbox 517 5667 560 5696; x_wconf 74' lang='grc'><strong>³⁸</strong></span> <span class='ocrx_word' id='word_1_831' title='bbox 591 5665 780 5721; x_wconf 84' lang='lat' dir='ltr'><strong>Matth.</strong></span> <span class='ocrx_word' id='word_1_832' title='bbox 817 5679 911 5730; x_wconf 86' lang='lat' dir='ltr'><strong>vu,</strong></span> <span class='ocrx_word' id='word_1_833' title='bbox 957 5667 1008 5718; x_wconf 93' lang='grc'><strong>1.</strong></span> <span class='ocrx_word' id='word_1_834' title='bbox 1089 5665 1130 5696; x_wconf 88' lang='grc'><strong>¹⁷</strong></span> <span class='ocrx_word' id='word_1_835' title='bbox 1162 5665 1276 5720; x_wconf 84' lang='lat' dir='ltr'><strong>Jac.</strong></span> <span class='ocrx_word' id='word_1_836' title='bbox 1311 5683 1362 5732; x_wconf 91' lang='lat' dir='ltr'><strong>v,</strong></span> <span class='ocrx_word' id='word_1_837' title='bbox 1393 5667 1476 5722; x_wconf 89' lang='grc'>16.</span> <span class='ocrx_word' id='word_1_838' title='bbox 1558 5669 1599 5700; x_wconf 84' lang='grc'><strong>¹⁸</strong></span> <span class='ocrx_word' id='word_1_839' title='bbox 1636 5669 1803 5726; x_wconf 87' lang='lat' dir='ltr'><strong>Abest</strong></span> <span class='ocrx_word' id='word_1_840' title='bbox 1830 5673 1890 5724; x_wconf 78' lang='grc' dir='ltr'><strong>οὐ</strong></span> <span class='ocrx_word' id='word_1_841' title='bbox 1915 5673 2106 5731; x_wconf 87' lang='lat' dir='ltr'><strong>aBals.</strong></span> 
     </span>
    </p>
   </div>
   <div class='ocr_carea' id='block_1_113' title="bbox 511 5778 1215 5853">
    <p class='ocr_par' dir='ltr' id='par_1_113' title="bbox 511 5778 1215 5853">
     <span class='ocr_line' id='line_1_113' title="bbox 511 5778 1215 5853; baseline 0 -18"><span class='ocrx_word' id='word_1_842' title='bbox 511 5780 620 5853; x_wconf 72' lang='lat'><strong>(52)</strong></span> <span class='ocrx_word' id='word_1_843' title='bbox 650 5780 937 5835; x_wconf 88' lang='lat' dir='ltr'><strong>Balsamou</strong></span> <span class='ocrx_word' id='word_1_844' title='bbox 961 5794 1018 5847; x_wconf 86' lang='lat' dir='ltr'><strong>p.</strong></span> <span class='ocrx_word' id='word_1_845' title='bbox 1055 5778 1215 5835; x_wconf 83' lang='grc'>1109.</span> 
     </span>
    </p>
   </div>
  </div>
