3874 6304
216 285 326 344 305
1394 275 1999 334 APOPHTHEGMATA
2038 274 2347 332 PATRUM.
3369 267 3472 324 306

214 419 330 473 ριος
351 417 363 428 ·
403 397 700 451 Παίδευσον
724 437 737 458 ,
791 397 884 450 καὶ
927 399 1104 468 κρῖνον
1136 396 1358 460 δικαίως
1397 397 1520 459 τοὺς
1557 395 1662 449 ὑπὸ
1696 395 1786 448 σέ·

1939 395 2064 450 bbas
2092 392 2401 448 Macarius:
2444 389 2684 458 (instiga,
2739 396 2790 444 et
2820 387 2969 458 juste
3008 401 3104 443 eos
3147 384 3333 455 judica
3379 387 3474 456 qui

209 490 318 554 ἔξω
381 487 442 540 δὲ
505 485 580 556 μὴ
631 486 819 556 κρίνῃς
876 486 1045 548 τινάς.
1095 485 1404 557 Γέγραπται
1461 485 1602 556 γάρ’
1650 485 1799 553 Οὐχὶ

1939 487 2279 555 ubjiciuntur
2312 484 2407 540 tibi
2435 503 2448 538 :
2475 491 2630 538 extra
2651 497 2790 537 .vero
2814 480 3084 536 neminem
3107 477 3474 547 judicaveris:

210 581 358 646 τοὺς
397 579 526 632 ἔσω
574 578 746 646 ὑμεῖς
790 579 1063 646 κρίνετε;
1109 577 1250 642 τοὺς
1289 576 1358 630 δὲ
1409 576 1526 640 ἔξω
1571 579 1604 630 ὁ
1658 576 1799 641 Θεὸς

1939 582 2174 649 criptum
2214 577 2357 633 enim
2390 583 2510 632 est:
2549 573 2737 629 Nonne
2762 573 2825 629 de
2847 575 2912 628 iis
2946 574 3034 644 qui
3065 576 3209 626 intus
3236 581 3474 626 sunteas

209 673 403 739 κρίνει
414 711 427 724 .

188 755 198 832 ἵ
280 768 353 828 γ’.
404 760 661 831 Ἐποίησε
696 777 824 813 ποτε
858 763 886 812 6
914 761 1090 822 esse;
1118 760 1402 831 Μακάριος
1439 760 1800 830 τετράμηνον,

210 852 589 922 παραϐάλλων
618 854 724 905 τινὶ
761 852 972 924 ἀδελφῷ
1001 853 1360 924 ήμερούσιονο
1392 851 1487 905 καὶ
1517 851 1614 921 οὑχ
1643 843 1801 916 εὗρεν

212 945 379 996 αὑτὸν
410 926 776 1014 εὖκαιροῦντα
813 946 854 976 ¹⁹
887 945 995 997 ἀπὸ
1013 945 1110 1014 τῆς
1133 943 1442 1014 προσευχῆς
1469 943 1590 996 οὐδὲ
1616 943 1762 1009 ἅπαξ
1785 958 1797 970 ’

213 1035 307 1086 καὶ
332 1035 630 1100 θαυμάσας
654 1035 840 1103 ἔλεγεν
863 1051 876 1064 ο
920 1034 1051 1087 Ἰδοὺ
1093 1033 1334 1102 ἐπίγειος
1363 1031 1609 1102 ἄγγελος.

677 1237 845 1309 Ἀρχὴ
871 1236 965 1290 τοῦ
998 1238 1045 1290 Ν
1077 1237 1362 1307 στοιχείου.

651 1328 792 1394 Περὶ
827 1327 932 1381 τοῦ
958 1327 1108 1382 ἀϐϐᾶ
1137 1329 1376 1382 Νείλου.

291 1424 361 1470 α’.
399 1413 568 1471 Εἶπεν
620 1421 648 1472 6
701 1419 875 1482 ὰεδᾶς
925 1419 1154 1481 Νεῖλος’
1207 1421 1346 1472 Ὅσα
1397 1417 1464 1470 ἂν
1517 1419 1673 1488 ποιῇς
1725 1419 1802 1480 εἰς

218 1510 436 1578 ἄμυναν
457 1508 690 1577 ἀδελφοῦ
708 1508 1028 1579 ἠδικηκότος
1051 1526 1131 1569 σε,
1158 1509 1371 1563 ἅπαντα
1391 1511 1470 1573 είς
1493 1509 1717 1581 καρδίαν
1753 1509 1800 1539 ³ο

219 1619 302 1653 σοι
335 1603 630 1672 γενήσεται
665 1603 722 1652 ἐν
751 1600 926 1670 καιρῴ
953 1601 1280 1672 προσευχῆς.

290 1693 357 1763 β’.
384 1689 521 1746 Eine
548 1694 710 1746 πάλιν
727 1711 740 1723 ’
769 1694 1051 1763 Προσευχή
1079 1695 1192 1746 ἐστι
1235 1693 1532 1764 πραότητος
1557 1693 1646 1746 καὶ
1675 1693 1802 1764 ἀορ-

215 1789 422 1858 γησίας
461 1787 772 1858 βλάστημα.

288 1879 360 1948 γ’.
396 1875 536 1934 Εἶπε
560 1881 741 1933 πάλινθ
776 1879 1054 1949 Προσευχή
1083 1879 1197 1930 ἐστι
1240 1877 1416 1946 λύπης
1445 1877 1538 1930 καὶ
1571 1876 1803 1947 ἀθυμίας

213 1972 388 2042 ἀλέξη
399 1990 500 2042 μα.

286 2066 351 2118 δ’.
381 2059 524 2118 Eine
562 2065 720 2117 πάλιν
747 2081 762 2095 ο
805 2062 1078 2116 ’Δπελθὼν
1116 2060 1367 2132 πώλησόν
1402 2077 1495 2112 σου
1525 2059 1594 2113 τὰ
1625 2061 1803 2132 ὑπάρ-

213 2175 386 2228 χοντα
408 2197 424 2222 ,
480 2158 577 2211 καὶ
620 2156 708 2218 δὸς
757 2158 1023 2225 πτωχοῖςο
1056 2155 1150 2208 καὶ
1194 2151 1374 2206 λαὸὼν
1416 2151 1506 2206 τὸν
1551 2153 1804 2224 σταυρὸν,

211 2247 538 2316 ἁπάρνησαι
561 2245 806 2301 σεαυτόν
833 2245 918 2298 ⁶ίνα
944 2243 1174 2314 δυνηθῇς
1189 2241 1611 2312 ἀπερισπάστως
1641 2258 1807 2312 προσ-

214 2337 510 2407 εὐχεσθαι.

287 2439 352 2484 ε’.
387 2426 526 2483 Εῐπε
560 2428 754 2481 πάλιν·
789 2427 967 2498 Ὅπερ
991 2425 1056 2479 ἂν
1093 2424 1378 2495 ὑπομένων
1417 2422 1804 2494 φιλοσοφήσῃς,

209 2517 413 2570 τούτου
455 2517 549 2570 τὸν
582 2515 792 2588 καρπὸν
821 2515 963 2569 κατὰ
1009 2514 1099 2568 τὸν
1143 2514 1334 2585 καιρὸν
1371 2513 1471 2584 τῆς
1501 2511 1667 2582 εὐχῆς
1712 2511 1806 2564 εὐ-

328 2628 432 2666 εις.

328 2628 432 2666 εις.

213 2612 542 2768 ρήὲρεἶπε
580 2701 774 2754 πάλιν·
811 2697 1126 2769 Ἑπιθυμῶν
1170 2696 1571 2769 προσεύξασθαι
1599 2696 1676 2759 ὡς
1704 2695 1805 2760 δεῖ,

216 2798 294 2868 μὴ
327 2795 590 2867 λυπήσῃς
613 2793 793 2864 ψυχήν
813 2808 827 2822 ο
865 2791 914 2843 εί
941 2790 998 2843 δὲ
1033 2790 1193 2860 μήγε,
1228 2789 1306 2852 είς
1335 2788 1511 2860 μάτην
1536 2785 1770 2858 τρέχεις.

286 2972 356 3036 ζ’.
391 2965 530 3024 Εἷπε
580 2969 743 3023 πάλιν
768 2985 782 2998 ο
815 2967 908 3038 Μὴ
947 2964 1067 3018 θέλε
1117 2965 1194 3028 ὼς
1240 2965 1324 3018 σοὶ
1368 2964 1544 3029 δοκεῖ,
1578 2962 1691 3016 ἀλλ’
1733 2962 1808 3026 ὡς

1901 671 2207 741 judicatis?
2235 667 2380 722 Nam
2409 683 2497 722 eos
2521 667 2612 737 qui
2635 667 2767 735 foris
2789 675 2932 728 sunt,
2958 663 3097 717 Deus
3115 661 3328 732 judicat
3350 663 3420 715 ¹¹.

1979 764 2034 819 3.
2068 761 2318 829 Quodam
2348 767 2593 830 tempore
2624 759 2796 814 abbas
2819 757 3088 811 Macarius
3115 770 3211 825 per
3244 763 3480 825 quatuor

1911 855 2155 926 integros
2183 866 2405 910 menses
2434 850 2681 923 quotidie
2723 849 2955 905 visitans
2999 846 3327 902 nonnullum
3363 844 3478 900 fra-

1909 957 2074 1015 trem,
2101 959 2418 1016 nunquam,
2478 959 2548 999 ne
2601 942 2768 998 semel
2807 940 3050 1011 quidem,
3109 939 3316 994 invenit
3353 953 3479 994 eum

1907 1043 2194 1090 vacantem
2225 1035 2292 1088 ab
2325 1033 2598 1089 oratione.
2633 1032 2699 1086 Et
2741 1030 3047 1086 admiratus
3095 1029 3232 1085 dixit
3263 1047 3278 1084 :
3339 1027 3480 1084 Ecce

1908 1127 2193 1183 terrestris
2229 1127 2478 1193 angelus.

2363 1236 2697 1306 Principium
2723 1235 2919 1291 litterae
2944 1233 3011 1292 Ν.

2460 1328 2532 1382 De
2564 1328 2753 1382 abbate
2781 1326 2934 1381 Nilo.

1981 1423 2031 1477 1.
2063 1423 2176 1494 (33)
2205 1423 2350 1476 Dixit
2386 1420 2553 1475 abbas
2574 1418 2771 1475 Nilus:
2803 1418 3153 1488 Quaecunque
3188 1415 3384 1470 feceris
3423 1414 3489 1470 in'

1911 1512 2206 1568 vindictam
2246 1511 2434 1566 fratris
2481 1509 2574 1580 qui
2617 1519 2670 1564 te
2712 1510 2938 1576 laeserit,
2989 1518 3185 1564 cuncta
3220 1507 3275 1560 in
3315 1506 3480 1561 corde

1912 1615 2005 1658 tuo
2031 1604 2277 1659 orientur
2305 1610 2550 1672 tempore
2581 1599 2870 1655 orationis.

1981 1695 2036 1748 2.
2072 1694 2185 1765 (54)
2216 1693 2359 1747 Dixit
2399 1694 2634 1748 iterum:
2674 1689 2896 1757 Oratio,
2960 1690 3396 1746 mansuetudinis
3427 1698 3480 1746 et

1835 1762 1878 1817 Β
1907 1789 1977 1844 ab
2004 1762 2090 1842 ira:
2118 1762 2408 1843 vacuitatis
2439 1795 2526 1842 est
2555 1802 2798 1858 germen.

1979 1879 2032 1932 5.
2064 1878 2174 1947 (55)
2220 1877 2432 1933 Rursus
2460 1896 2472 1932 :
2505 1876 2758 1933 Precatio
2785 1884 2889 1940 est,
2939 1875 3179 1931 tristitia:
3211 1885 3266 1931 et
3294 1875 3484 1930 anxie-

1908 1973 2036 2028 tatis
2073 1971 2395 2026 remedium.

1977 2063 2029 2115 4.
2051 2059 2162 2132 (56)
2187 2059 2332 2113 Dixit
2357 2060 2572 2115 adhuc:
2624 2058 2829 2114 Abiens
2883 2059 3054 2113 vende
3102 2073 3224 2128 qua:
3273 2057 3479 2122 babes,

1907 2163 1961 2209 et
1985 2154 2052 2208 da
2083 2151 2454 2223 pauperibus;
2493 2159 2885 2221 assumptaque
2925 2164 3110 2215 cruce,
3145 2149 3354 2219 abnega
3404 2158 3482 2204 te-

1909 2245 2237 2316 metipsum;
2285 2258 2393 2312 quo
2447 2245 2628 2312 possis
2683 2242 2888 2313 absque
2906 2243 3054 2312 {ulla
3108 2242 3477 2298 distractione

1909 2351 2090 2391 orare.

1979 2426 2031 2480 5.
2060 2425 2173 2494 (57)
2205 2423 2318 2478 Hoc
2373 2438 2592 2493 quoque
2647 2422 3065 2493 pronuntiavit:
3127 2420 3185 2476 lu
3231 2437 3484 2493 quocun-

1908 2534 2015 2589 que
2062 2515 2346 2572 toleraudo
2398 2524 2452 2570 te
2500 2515 2884 2586 philosophum
2942 2515 3276 2584 praebueris,
3317 2515 3482 2585 hujus

1911 2609 2147 2665 fructum
2175 2618 2420 2678 tempore
2448 2609 2714 2662 orationis
2739 2609 3006 2666 invenies.

1977 2700 2030 2755 6.
2061 2699 2174 2770 (58)
2230 2698 2358 2754 Item
2424 2698 2611 2754 istud:
2664 2698 2721 2752 Si
2780 2697 3065 2753 desideras
3118 2712 3278 2752 orare
3339 2698 3484 2752 sicut

1910 2799 2144 2863 oportet,
2175 2808 2244 2846 nc
2275 2790 2498 2846 tristitia
2525 2789 2778 2845 aﬂ‘eceris
2810 2790 3052 2843 animum
3082 2806 3097 2855 ;
3153 2789 3396 2859 alioquin
3432 2788 3487 2843 in

1909 2899 2111 2937 vanum
2150 2883 2352 2937 curris.

1981 2976 2033 3029 7.
2071 2973 2184 3047 (59)
2215 2973 2438 3030 Necnon
2470 2973 2575 3028 hoc
2601 2991 2614 3028 :
2639 2969 2720 3026 Ne
2751 2972 2889 3028 velis
2920 2987 3009 3028 res
3043 2980 3168 3028 tuas
3197 2973 3274 3027 ita
3307 2973 3484 3028 admi-

212 3063 336 3135 Θεῷ
367 3063 598 3134 ἀρέσκει
640 3060 886 3130 γίνεσθαι
915 3057 982 3111 τὰ
1010 3057 1153 3112 κατὰ
1197 3057 1255 3111 σέ
1281 3073 1294 3087 ·
1331 3056 1425 3112 καὶ
1467 3056 1565 3130 ἔσῃ
1607 3055 1799 3128 ἀτάρα-

1939 3067 2139 3121 ιίδιτοιί
2173 3065 2636 3137 quemadmodum
2686 3063 2786 3118 tibi
2813 3063 3053 3130 videtur,
3111 3063 3208 3120 sed
3264 3071 3326 3119 ut
3367 3063 3485 3134 pla-

213 3172 309 3224 χος
337 3155 435 3207 καὶ
465 3153 790 3223 εὐχάριστος
819 3153 877 3205 ὲν
907 3152 1183 3221 προσευχῇ
1211 3166 1327 3202 σου.

287 3342 361 3406 η’.
385 3329 526 3387 Eia-:2
559 3331 721 3385 πάλιν
745 3349 758 3362 ·
790 3330 1076 3402 Μακάριος
1108 3331 1221 3383 ἐστι
1256 3328 1519 3400 μοναχὸς,
1538 3329 1566 3383 6
1593 3328 1830 3382 πάντων·

216 3426 517 3497 αρίψημα
543 3423 737 3478 ἑαυτὸν
762 3423 1132 3494 λογιζόμενος.

283 3607 354 3662 θ’.
382 3585 541 3660 Ἐῖπε
578 3604 740 3659 πάλιν
763 3620 777 3634 ⁸
822 3605 1101 3675 Ἀτρωτος
1141 3601 1384 3672 διαμένει
1441 3599 1670 3670 μοναχδς
1701 3600 1809 3652 ἀπὸ

211 3701 324 3753 τῶν
358 3697 537 3769 βελῶν
591 3696 686 3750 τοῦ
721 3695 919 3768 ἐχθροῦ
947 3736 962 3758 ,
1012 3696 1041 3748 6
1069 3693 1300 3762 ἀγαπῶν
1357 3691 1584 3762 ἡσυχίαν
1609 3708 1624 3723 ·
1673 3691 1702 3743 6
1750 3691 1808 3744 δὲ

215 3791 764 3863 συναναμιγνύμενος
789 3787 1020 3860 πλήθεσι
1052 3787 1295 3857 συνεχεῖς
1327 3784 1540 3854 δέχεται
1573 3782 1804 3854 πληγάς.

288 3979 343 4025 ι’.
369 3963 512 4023 Εῒπε
541 3969 703 4024 πάλιν
721 3987 736 4001 ο
784 3970 843 4023 '0
874 3969 1061 4033 δοῦλος
1084 3969 1114 4022 6
1134 3969 1350 4040 ἀμελῶν
1376 3967 1486 4021 τῶν
1516 3966 1692 4040 ἔργων
1711 3967 1805 4021 τοῦ

210 4063 414 4135 κυρίου
442 4061 609 4115 αὑτοῦ
639 4059 1009 4131 έτοιμαζέσθω
1031 4059 1166 4130 πρὸς
1196 4058 1484 4130 μάστιγας.

579 4175 721 4242 Περὶ
759 4173 866 4228 τοῦ
900 4173 1050 4229 ἀόϐᾶ
1077 4171 1442 4240 Νιστερώου.

284 4297 356 4344 a'.
408 4289 470 4342 Ὀ
492 4288 665 4352 ἀϐὅᾶς
692 4286 1004 4357 Νιστερῶος
1036 4288 1105 4319 ’θ’
1136 4289 1164 4340 6
1193 4287 1364 4358 μέγας
1407 4287 1725 4358 περιεπάτει
1748 4288 1806 4342 ὲν

212 4385 280 4452 τῇ
315 4383 518 4452 ἐρήμῳ
551 4378 690 4449 μετὰ
715 4377 944 4447 ἀδελφοῦ
971 4395 1145 4442 τινοςο
1173 4377 1268 4431 καὶ
1294 4378 1494 4442 ἰδόντες
1515 4378 1803 4450 δράκοντα,

1913 3160 2091 3214 cuerit
2126 3158 2276 3225 Deo;
2315 3158 2538 3228 erisque
2576 3156 2866 3212 turbarum
2898 3171 3128 3222 vacuus,
3188 3164 3244 3214 et
3294 3167 3486 3229 gratus

1909 3251 1964 3306 in
1995 3251 2256 3322 precibus
2287 3252 2421 3310 tuis.
3007 3291 3015 3301 .

1980 3343 2034 3397 8.
2069 3343 2184 3414 (60)
2234 3342 2518 3400 Sententia
2552 3344 2718 3400 etiam
2769 3345 2921 3402 illius
2979 3344 3118 3400 fuit:
3166 3342 3367 3398 Beatus
3399 3350 3492 3397 est.

1910 3434 2236 3500 monachus,
2267 3436 2361 3506 qui
2390 3452 2450 3492 se
2477 3443 2805 3492 cunctorum
2835 3441 3254 3507 purgamentum
3298 3433 3492 3490 existi-

1912 3536 2162 3580 mavertt.

1979 3617 2034 3672 9.
2069 3617 2181 3689 (61)
2222 3616 2367 3672 Dixit
2392 3621 2597 3690 pariter
2635 3636 2648 3674 :
2685 3619 3074 3674 Invulneratus
3120 3633 3152 3672 a
3199 3618 3325 3673 telis
3385 3618 3486 3672 ini-

1909 3711 2038 3765 mici
2074 3719 2260 3767 manet
2286 3713 2611 3780 monachus,
2643 3714 2736 3784 qui
2779 3723 2921 3767 amat
2956 3713 3192 3782 quietem
3222 3729 3239 3776 ;
3292 3719 3347 3765 at
3394 3711 3486 3766 ille

1908 3805 2000 3874 qui
2029 3798 2292 3860 miscetur
2314 3819 2439 3858 cum
2482 3806 2732 3876 plurimis
2779 3803 3118 3868 hominibus,
3177 3805 3476 3858 continuas

1910 3896 2111 3965 accipit
2142 3897 2350 3968 plagas.

1983 3989 2068 4044 10.
2119 3988 2347 4044 Demum
2407 3990 2588 4044 dixit:
2651 3988 2856 4046 Servus
2908 3989 3003 4060 qui
3057 3988 3286 4060 negligit
3317 4003 3484 4060 opera

1909 4077 2122 4134 domini
2152 4081 2259 4144 sui,
2294 4088 2520 4150 paratus
2549 4080 2620 4136 sit
2650 4081 2716 4135 ad
2747 4081 3054 4135 verbera“.

2392 4193 2469 4247 De
2498 4191 2684 4247 abbate
2724 4190 2994 4248 Nisteroo.

1986 4282 2036 4338 1.
2067 4281 2180 4355 (62)
2214 4283 2400 4339 Abbas
2459 4283 2750 4338 Nisterous
2797 4297 3030 4355 magnus
3064 4282 3351 4338 incedebat
3387 4298 3486 4354 per

1907 4389 2150 4431 eremum
2203 4392 2328 4430 cum
2386 4375 2625 4447 quodam
2680 4376 2884 4443 fratre;
2945 4383 3001 4432 et
3028 4377 3152 4432 viso
3203 4376 3483 4434 dracone.

213 4473 444 4540 ἔφυγον.
495 4470 606 4523 Καὶ
654 4468 802 4538 λέγει
834 4468 983 4540 αὐτῷ
1019 4471 1047 4522 6
1078 4468 1336 4538 ἀδελφός’
1383 4469 1494 4522 Καὶ
1542 4469 1606 4522 σὺ
1639 4469 1799 4542 φοδῇ,

1939 4479 2194 4538 ugerunt.
2225 4467 2367 4522 Dicit
2390 4467 2440 4523 ei
2488 4466 2691 4522 frater:
2721 4466 2801 4520 Tu
2832 4481 3050 4538 quoque
3078 4467 3259 4530 times,
3283 4465 3488 4520 Pater?

212 4561 443 4630 Πάτερ;
497 4558 608 4610 Καὶ
645 4557 794 4626 λέγει
850 4557 999 4628 αὐτῷ
1033 4559 1061 4611 6
1119 4558 1336 4629 γέρων·
1375 4559 1451 4612 Οὐ
1507 4559 1801 4630 φοϐοῦμαι,

1915 4559 2140 4630 Excepit
2169 4576 2334 4616 senex
2363 4580 2374 4615 :
2415 4559 2532 4615 Non
2565 4561 2750 4623 timeo,
2787 4558 2860 4615 fili
2895 4577 2911 4626 ;
2943 4558 3040 4615 sed
3069 4557 3276 4629 profuit
3307 4557 3440 4612 mihi
3465 4597 3482 4620 ,

212 4653 410 4705 τέκνον
437 4667 450 4680 ·
483 4649 622 4703 ἀλλὰ
669 4649 938 4722 συμφέρει
981 4651 1064 4703 ὅτι
1097 4649 1295 4718 ἔφυγον
1315 4691 1330 4715 ,
1379 4649 1504 4703 ἐπεὶ
1535 4651 1634 4704 οὐκ
1664 4646 1799 4722 εῐχον

1939 4653 2056 4723 ιυοι]
2092 4652 2359 4724 fugerim;
2394 4653 2530 4708 alias
2553 4667 2663 4708 non
2694 4650 3006 4721 effugissem
3042 4649 3299 4720 spiritum
3331 4663 3485 4704 vana:

213 4743 484 4808 ἐκφυγεῖν
516 4739 578 4792 τὸ
606 4738 827 4809 πνεῦμα
857 4739 955 4810 τῆς
985 4738 1311 4804 κενοδοξίας.

288 4833 355 4904 β’.
399 4831 655 4902 Ἀδελφδς
674 4831 923 4902 ἠρώτησε
947 4832 1198 4903 γέροντα,
1222 4831 1394 4901 λέγων
1415 4848 1428 4862 ’
1457 4833 1615 4886 Ποῖον
1648 4834 1811 4888 καλὸν

212 4925 458 4997 πρᾶγμά
490 4925 640 4978 ἐστιν
663 4963 678 4989 ,
715 4923 803 4976 ἵνα
831 4924 1041 4994 ποιήσω
1064 4964 1078 4986 ,
1121 4925 1216 4977 καὶ
1249 4925 1498 4996 ζήσωμαι
1533 4927 1591 4978 ὲν
1621 4925 1809 4996 αὐτῷ;

213 5018 329 5070 Καὶ
379 5011 536 5068 εἶπεν
584 5017 613 5068 6
659 5014 836 5084 γέρων
863 5031 876 5045 ³
913 5016 972 5068 '0
1003 5015 1136 5078 Θεὸς
1177 5011 1286 5069 οἶδε
1338 5015 1399 5068 τὸ
1447 5015 1629 5072 καλόν.
1671 5017 1811 5071 Ἀλλ’

208 5173 453 5295 ⁴7¹⁹ιρέᾓ
511 5170 840 5241 ἀμελοῦντα.
918 5171 963 5202 ὀ
992 5170 1080 5224 Al.
1132 5179 1187 5225 et
1229 5169 1316 5227 ed.
1364 5171 1678 5227 σκάνδαλον.

287 5400 405 5466 (53)
446 5398 614 5470 Nilus
641 5397 713 5450 De
744 5400 1004 5464 oratione,
1031 5413 1150 5470 cap.
1187 5399 1273 5454 15.

290 5470 405 5537 (Eii)
441 5469 516 5520 Ilo.
554 5485 676 5538 cap.
711 5470 796 5521 H.

289 5541 405 5606 (55)
439 5541 518 5592 ll).
555 5554 677 5607 cap.
709 5539 793 5592 16.

289 5611 408 5678 (56)
440 5609 518 5664 Ib.
559 5624 683 5678 cap.
725 5609 810 5662 l7.

286 5683 405 5750 (57)
435 5680 513 5734 Ib.
545 5696 667 5749 cap.
701 5683 784 5735 19.

297 5754 417 5822 (58)
454 5751 534 5807 Ib.
569 5768 690 5820 cap.
716 5752 803 5805 “20.

1784 5173 1852 5204 ’θ’
1882 5173 1967 5226 Al.
2037 5171 2341 5244 Νιστερῶν.

1947 4745 2119 4800 lorim.

1947 4762 2049 4799 tori
2105 4787 2119 4800 .

1909 4762 1940 4816 Β
1983 4762 2188 4904 ἓῗϐὅ)
2226 4835 2418 4891 Frater
2472 4834 2831 4905 interrogavit
2877 4848 3086 4899 senem,
3140 4834 3243 4889 hoc
3279 4843 3482 4905 pacto:

1917 4927 2051 4993 Quae
2077 4941 2168 4981 res
2199 4925 2345 4980 bona
2376 4934 2488 4988 est,
2519 4932 2580 4980 ut
2606 4925 2828 4989 faciam,
2854 4933 2910 4979 et
2949 4924 3126 4979 vivam
3164 4925 3220 4980 in
3255 4927 3367 4982 ea?
3396 4928 3488 4980 Ait

1917 5033 2080 5073 senex
2113 5035 2126 5071 :
2163 5015 2309 5071 Deus
2341 5018 2492 5071 novit
2522 5014 2653 5086 quid
2678 5015 2881 5071 bonum
2915 5015 2987 5070 sit
3011 5019 3244 5072 .Verum
3291 5016 3483 5072 auditu

2420 5173 2462 5203 “
2495 5173 2512 5226 Ι
2543 5171 2671 5226 Cor.
2719 5189 2770 5237 ν,
2834 5173 2922 5242 12,
2983 5173 3067 5228 15.
3147 5174 3352 5230 "Luc.
3387 5192 3488 5241 xu,

1983 5398 2096 5469 (59)
2130 5397 2204 5453 Ib.
2237 5413 2358 5468 cap.
2399 5398 2488 5453 89.

1982 5469 2096 5539 (60)
2122 5469 2201 5522 lb.
2230 5484 2352 5592 cag.
2383 5470 2503 5522 121.

1985 5540 2100 5592 (61)
2139 5538 2248 5592 Vit.
2342 5549 2444 5592 alr.
2478 5557 2534 5592 ιι.
2563 5541 2620 5592 ‘ll
2649 5559 2662 5592 :
2691 5539 2850 5592 Suar.
2888 5540 2956 5592 ad
2994 5539 3066 5592 .Vi

1985 5538 2100 5602 (61)
2139 5538 2248 5592 Vit.
2270 5538 2444 5610 iPalr.
2478 5557 2534 5600 ιι,
2563 5541 2620 5592 ‘ll
2649 5559 2662 5606 ;
2691 5539 2850 5594 Suar.
2888 5540 2957 5610 ad
2994 5539 3109 5596 Nil.
3142 5557 3192 5610 p.
3221 5541 3344 5598 656.

1988 5610 2100 5697 (6g)
2125 5609 2408 5697 Patr.
2429 5627 2546 5673 vm,
2575 5611 2675 5677 12;
2707 5612 2887 5676 “1,5;
2923 5609 3244 5665 Viridarium
3264 5612 3492 5678 Radcri,

1919 5698 2000 5744 ιιι,
2041 5684 2093 5741 6,
2125 5681 2215 5735 29.

1993 5751 2102 5823 (65)
2143 5751 2246 5805 Vit.
2277 5750 2430 5806 Patr.
2465 5750 2577 5817 1,2.
